3868 5452
463 413 591 471 609»

1086 409 1345 465 REMlGll
1384 401 2038 464 ANTlSSlODORENSlS
2078 401 2227 459 OPP.
2270 404 2449 462 PARS
2486 407 2526 462 Ι.
2564 439 2633 449 —-
2670 398 3076 468 EXEGETICA.

3610 406 3699 461 700

464 505 617 576 xvii).
658 503 765 560 Per
804 508 955 557 mare
983 501 1299 576 intelligitur
1326 501 1574 556 mundus.
1617 500 1672 555 In
1704 514 1864 571 quem
1895 514 2041 552 mun-
2068 497 2117 558 Λ
2145 498 2380 552 muniter
2404 500 2455 554 in
2484 499 2745 566 Ecclesia,
2773 492 3002 571 qualiter
3037 476 3283 559 videlicet
3309 502 3605 560 humilibus
3623 505 3702 562 dat

464 596 592 651 dum
623 597 854 667 quisque
899 594 1179 649 descendit
1219 594 1562 663 prtedicator,
1597 593 1812 662 quando
1835 606 2045 662 compa-

467 686 652 741 tiendo
679 685 932 750 subditis,
963 685 1317 755 periclitatur.
1347 684 1626 751 Quomodo
1674 692 1854 738 autem
1902 699 2047 738 mare

466 777 783 833 descendunt
814 776 858 832 si
882 777 1099 845 qureris,
1132 779 1186 831 in
1221 778 1434 831 navibus
1461 777 1718 832 subaudis
1744 777 2047 847 gubernano

467 866 572 930 dis,
600 866 655 920 id
683 875 786 931 est,
814 867 867 921 in
904 867 1158 923 Ecclesiis
1200 869 1551 931 tedilicandis,
1582 867 1831 936 facientes
1863 883 2047 936 opera-

468 956 662 1011 tionem
683 959 737 1011 in
762 960 909 1030 aquis
931 959 1127 1013 multis.
1152 959 1254 1028 lpsi
1279 960 1529 1014 viderunt
1550 974 1711 1029 opera
1737 958 1965 1024 Domini,
1994 965 2046 1011 et

468 1046 732 1101 mirabilia
749 1046 863 1116 ejus
879 1051 1177 1104 necessaria
1196 1065 1315 1106 esse
1340 1050 1392 1105 in
1419 1049 1685 1121 profundo
1698 1049 1880 1114 corde,
1907 1049 2048 1104 scili-

466 1146 555 1192 cet
578 1137 770 1192 danda.
797 1138 933 1206 Quid
965 1141 1279 1210 profundius
1325 1143 1579 1197 cordibus
1617 1141 2047 1198 humaniande

464 1223 606 1277 enim
623 1229 766 1282 venti
787 1230 1101 1301 plerumque
1114 1242 1466 1302 prorumpunt
1478 1243 1531 1288 et
1546 1242 1892 1303 tempestates
1907 1235 2046 1289 sedi-

464 1313 690 1382 tionum,
715 1329 767 1374 et
790 1321 1215 1379 dissensionibus
1238 1327 1413 1380 navim
1429 1328 1748 1396 perturbant
1769 1346 1782 1382 :
1803 1335 1858 1381 et
1883 1326 1963 1381 sic
1986 1326 2046 1381 ﬁt

462 1411 524 1458 ut
555 1405 709 1465 simul
738 1412 1109 1479 periclitentur
1136 1424 1189 1469 et
1216 1416 1270 1470 hi
1305 1417 1395 1486 qui
1424 1419 1746 1486 gubernant,
1786 1426 1840 1472 et
1867 1418 1918 1472 bi
1951 1418 2040 1487 qui

462 1504 770 1565 portantur,
818 1501 869 1555 id
905 1512 1009 1569 est,
1050 1505 1255 1573 prmlati
1297 1514 1351 1561 et
1381 1507 1602 1562 subditi.
1637 1507 1776 1563 Dixit
1817 1517 1864 1563 et
1903 1508 2040 1562 stetit

462 1584 677 1652 spiritus
722 1589 984 1658 procellae,
1035 1602 1082 1646 et
1111 1594 1328 1648 exn/tati
1366 1605 1486 1650 sunt
1528 1598 1718 1665 ﬂuctus
1752 1597 1885 1667 eius.
1917 1597 2042 1652 Ideo

462 1679 714 1736 viderunt
743 1699 904 1754 opera
934 1686 1140 1741 Domini
1164 1696 1218 1743 et
1251 1689 1516 1744 mirabilia
1546 1690 1664 1759 ejus
1690 1705 1810 1746 esse
1847 1706 2040 1747 neces—

464 1772 627 1835 saria,
656 1774 778 1842 quia
810 1776 1065 1832 Dominus
1089 1777 1242 1842 dixit,
1273 1778 1323 1833 id
1347 1788 1449 1846 est,
1494 1780 1741 1848 permisit
1773 1798 1788 1834 :
1814 1789 1862 1837 et
1901 1782 2039 1835 stetit

2146 590 2393 657 gratiam,
2420 597 2475 645 et
2503 593 2750 661 superbis
2781 593 3005 661 resistit,
3040 604 3101 650 ut
3127 596 3380 651 ostendat
3416 596 3684 651 misericor

2146 683 2288 737 diam
2343 684 2554 739 Domini
2599 685 2653 740 in
2694 686 2946 742 omnibus
2973 702 3111 742 esse.
3159 686 3314 754 Quod
3345 687 3501 750 dicit,
3538 686 3703 742 Possit

2144 774 2364 842 ﬂumina
2386 776 2442 830 in
2469 776 2751 842 desertum,
2776 777 2827 832 id
2867 787 2970 843 est,
2996 778 3246 848 p0pulum
3295 777 3602 833 Judaorum
3630 779 3701 833 cui

2146 859 2412 919 ﬂuxerunt
2455 866 2689 936 cognitio
2730 866 2862 938 legis
2902 876 2957 924 et
2985 869 3299 940 prophetica
3342 869 3515 933 dicta,
3543 870 3703 924 deser-

2147 963 2257 1009 tum
2305 954 2455 1022 fecit,
2496 966 2545 1011 et
2587 959 2756 1013 exitus
2806 976 3058 1030 aquarum
3109 960 3165 1014 in
3185 961 3350 1015 sitim.
3381 958 3487 1015 Ubi
3529 959 3701 1014 iterum

2143 1046 2398 1104 Iudaicus
2452 1050 2683 1120 populus
2723 1058 2965 1118 notatur,
3011 1067 3040 1105 a
3085 1067 3194 1121 quo
3245 1051 3504 1106 exierunt
3543 1050 3702 1105 divina

2145 1149 2410 1210 prmcepla
2441 1142 2592 1210 quasi
2616 1155 2753 1212 aqua
2780 1160 2792 1196 :
2819 1157 2977 1212 quam
3002 1156 3145 1201 nunc
3165 1142 3347 1212 posuit
3368 1142 3424 1195 in
3446 1142 3587 1196 sitim
3609 1157 3702 1196 non

2144 1233 2285 1300 quod
2329 1233 2532 1296 sitiret.
2590 1233 2683 1288 sed
2739 1233 2862 1302 quia
2908 1234 3225 1291 naturaliter
3271 1234 3432 1289 sitire
3482 1233 3701 1288 deberet.

2148 1323 2362 1380 Terram
2390 1326 2717 1396 fructiferam
2757 1328 2934 1397 posuit
2969 1328 3023 1381 in
3069 1325 3419 1395 salsuginem,
3459 1325 3512 1379 id
3536 1333 3629 1385 est,
3660 1326 3701 1377 in

2143 1414 2580 1480 amaritudinem,
2612 1423 2671 1470 ut
2714 1430 2824 1485 pra:
2864 1416 3221 1470 amaritudine
3252 1430 3361 1469 non
3400 1414 3705 1483 produceret

2142 1503 2379 1558 fructus:
2409 1512 2464 1558 et
2488 1505 2591 1559 hoc
2612 1519 2716 1561 non
2747 1519 2815 1559 ex
2846 1503 3051 1572 iustitia
3076 1505 3312 1568 Domini,
3339 1503 3436 1558 sed
3463 1519 3497 1556 a
3522 1502 3702 1556 malitis

2140 1593 2486 1647 habitantium
2536 1594 2588 1647 in
2636 1610 2721 1657 ea,
2751 1594 2957 1649 scilicet
2981 1602 3145 1649 terra.
3194 1593 3306 1649 Hoc
3337 1594 3488 1647 enim
3516 1608 3704 1663 prome-

2141 1680 2522 1737 ruitJudaicus
2550 1682 2797 1752 populus,
2837 1683 2926 1751 qui
2950 1681 3015 1737 de
3052 1682 3229 1737 littera
3258 1681 3396 1752 legis
3432 1695 3700 1750 pausante-

2140 1770 2252 1836 bat,
2288 1778 2349 1824 ut
2394 1771 2668 1827 desertum
2722 1771 2891 1826 ﬁeret.
2938 1771 3076 1826 Ecce
3113 1771 3427 1826 audivimus
3461 1772 3702 1841 quomodo

461 1860 672 1926 spiritus
694 1864 956 1933 ρνοεειιαν,
991 1866 1042 1920 id
1086 1874 1192 1932 εει,
1238 1869 1597 1925 contradictio
1629 1872 2037 1945 repugnantium
2072 1851 2115 1911 Β
2143 1860 2387 1930 superbis
2409 1863 2551 1917 Deus
2577 1861 2801 1927 resistit,
2827 1861 3107 1917 audiamus
3125 1862 3400 1932 quomodo
3435 1861 3700 1916 humilibus

463 1950 798 2006 subditorum
825 1954 1094 2009 inhorruit
1119 1955 1204 2011 vel
1227 1957 1556 2027 perduravit.
1579 1959 1716 2025 Quid
1748 1961 1859 2030 ipse
1885 1961 2043 2017 intel-

463 2038 598 2109 ligat
640 2057 735 2111 per
764 2044 869 2101 hoc
895 2047 1038 2115 quod
1071 2047 1224 2114 dicit,
1265 2050 1480 2118 spiritus
1508 2051 1770 2120 procellm.
1808 2053 2044 2109 ostendit

460 2143 559 2199 per
584 2132 685 2187 hoc
711 2136 853 2204 quod
877 2137 1141 2206 sequitur,
1171 2147 1217 2192 et
1257 2140 1475 2194 exaltati
1517 2150 1635 2194 sunt
1663 2144 1854 2211 ﬂuetus
1884 2144 1998 2213 ejus
2021 2156 2040 2195 :

461 2221 587 2289 quia
622 2230 747 2277 tunc
771 2224 994 2293 spiritus
1020 2226 1271 2294 procella:
1290 2228 1487 2282 dicitur
1517 2237 1663 2284 stare
1692 2230 1744 2285 in
1776 2231 2038 2299 Ecclesia,

463 2314 679 2381 quando
705 2317 1058 2373 contradictio
1085 2319 1137 2373 in
1165 2319 1418 2376 cordibus
1446 2322 1780 2377 subditorum
1814 2324 2043 2380 restrin-

462 2403 629 2471 gitur.
659 2405 729 2460 Et
750 2407 947 2462 iterum
982 2425 995 2460 :
1023 2410 1324 2464 Ascenduut
1350 2428 1512 2483 usque
1539 2412 1608 2466 ad
1637 2413 1810 2479 aulas,
1846 2430 2042 2485 magna

461 2497 730 2565 sperando
777 2499 849 2554 de
886 2500 1113 2557 subditis
1149 2518 1162 2555 :
1194 2501 1279 2556 vel
1326 2504 1622 2560 ascendunt
1663 2505 1950 2572 audiendo,
1993 2515 2041 2562 et

459 2584 779 2642 descendunt
804 2590 873 2644 ad
893 2591 1105 2661 abyssos
1127 2594 1394 2659 timendo;
1418 2603 1473 2649 et
1493 2611 1658 2665 quare
1679 2588 2051 2655 descendunt't

460 2674 594 2739 Quia
629 2676 806 2730 anima
831 2694 1011 2732 eorum
1051 2681 1361 2748 tabescebat,
1391 2683 1444 2737 id
1473 2693 1573 2750 est,
1609 2687 2039 2743 erubescentiam

458 2764 650 2820 habuit
676 2768 731 2821 in
774 2769 950 2835 malis,
983 2786 1016 2825 a
1057 2773 1287 2829 subditis
1328 2777 1676 2844 perpetratis.
1727 2777 1793 2832 Et
1823 2779 1902 2834 sic
1927 2787 2043 2833 tur-

459 2855 570 2911 bati
595 2869 715 2912 sunt
751 2859 1024 2919 interius:
1056 2874 1103 2917 et
1142 2866 1270 2918 moti
1308 2875 1429 2920 sunt
1475 2868 1607 2922 sicut
1650 2870 1843 2935 ebrius,
1877 2872 2038 2925 amit-

462 2955 638 3004 tentes
664 2951 946 3007 consilium
967 2954 1198 3022 qualiter
1226 2956 1435 3024 possint
1457 2958 1632 3014 sedari
1659 2961 2040 3017 contradictio-

458 3052 558 3094 nes
584 3043 934 3112 repugnantis
960 3045 1158 3114 populi.
1200 3043 1267 3099 Et
1295 3047 1374 3103 sic
1394 3050 1560 3103 onmis
1582 3051 1836 3120 sapientia
1859 3067 2039 3105 eorum

459 3130 710 3187 devorata
756 3142 830 3187 est
866 3149 884 3188 :
915 3135 1041 3204 quia
1092 3136 1189 3206 ipsi
1242 3147 1499 3204 rectores,
1546 3154 1654 3208 qua
1703 3140 2037 3195 evadendum

2143 1952 2289 2006 dedit
2314 1957 2561 2022 gratiam.
2595 1952 2728 2007 Nam
2754 1954 2923 2023 posuit
2954 1954 3214 2007 desertum
3244 1953 3298 2006 in
3324 1964 3519 2022 stagna
3554 1969 3699 2021 aqu-

2145 2057 2279 2095 rum.
2329 2040 2432 2096 Per
2473 2042 2745 2097 desertum
2787 2051 3003 2097 notatur
3037 2043 3249 2108 gentilis
3294 2042 3556 2113 populus,
3581 2041 3700 2095 omni

2141 2144 2334 2186 carens
2358 2132 2667 2202 irrigatione
2709 2133 2913 2189 caelesti
2949 2152 2963 2188 :
2995 2134 3134 2205 quod
3169 2134 3453 2189 desertum
3499 2147 3699 2187 conver-

2142 2238 2259 2278 sum
2297 2232 2381 2279 est
2424 2224 2477 2278 in
2533 2233 2722 2295 stagna
2744 2224 3211 2295 .aquarum,_quia
3252 2223 3346 2294 qui
3385 2225 3541 2294 prius
3587 2223 3699 2276 aridi

2142 2312 2378 2379 fuerunt,
2412 2330 2554 2369 nunc
2585 2310 2901 2384 recipientes
2926 2329 3141 2385 aquam,
3174 2314 3225 2369 id
3253 2323 3361 2379 est,
3392 2314 3537 2368 dona
3559 2311 3700 2383 Spiri-

2141 2414 2227 2461 tus
2283 2406 2477 2471 sancti,
2524 2406 2757 2462 fructum
2812 2408 2938 2463 boui
2988 2407 3169 2477 operis
3208 2407 3605 2475 produxerunt.
3648 2404 3701 2457 Et

2141 2493 2409 2549 collocavit
2440 2496 2549 2549 illic
2570 2498 2873 2563 esurientes,
2903 2496 3029 2566 quia
3073 2495 3269 2565 quibus
3296 2495 3455 2565 prius
3484 2495 3700 2563 ignotum

2140 2595 2257 2639 erat
2285 2586 2506 2640 verbum
2554 2586 2671 2651 Dei,
2720 2586 2844 2641 fecit
2870 2601 2966 2643 eos
3015 2586 3222 2641 esurire
3251 2600 3454 2656 panem
3483 2582 3700 2638 tllumde

2142 2694 2250 2748 quo
2290 2678 2514 2732 dictum
2539 2689 2623 2734 est
2664 2696 2678 2733 :
2724 2678 2925 2733 Panem
2956 2690 3189 2733 nostrum
3233 2677 3602 2749 quotidianum
3645 2676 3701 2727 ds

2140 2771 2285 2826 nobis
2311 2770 2462 2825 ltodie
2504 2769 2655 2840 (Luc.
2686 2769 2784 2841 XI).
2817 2770 2887 2824 Et
2934 2771 3310 2824 constituerunt
3337 2769 3597 2822 civitatem
3622 2769 3702 2819 lis-

2140 2862 2424 2928 bitationis,
2464 2862 2590 2930 quia
2632 2862 2779 2917 cives
2816 2860 3112 2917 Jerusalem
3163 2875 3273 2914 non
3326 2858 3701 2930 Babyloniae:

2140 2951 2402 3007 fecerunt.
2444 2953 2734 3024 Babylonia
2793 2954 2940 3008 enim
2984 2953 3174 3007 civitas
3211 2950 3566 3016 confusionis,
3610 2965 3699 3004 non

2139 3045 2488 3101 habitationis
2522 3057 2623 3101 est.
2667 3044 2937 3115 Eccejam
2961 3045 3251 3100 constituta
3297 3043 3539 3107 civitate,
3566 3042 3699 3097 senio

2142 3147 2392 3191 noverunt
2414 3154 2584 3206 agros,
2610 3147 2659 3191 et
2683 3136 3043 3207 plantaverunt
3065 3136 3277 3199 vineas;
3298 3133 3422 3203 quia
3445 3133 3534 3204 qui
3561 3131 3699 3201 primi

462 3230 601 3288 erat,
634 3222 972 3291 ignorabant.
1010 3224 1081 3279 Et
1127 3227 1206 3282 sic
1245 3207 1594 3283 clamauerunt
1637 3230 1707 3282 ad
1752 3228 2036 3284 Dominum
2065 3207 2108 3269 Ο
2139 3225 2385 3281 conversi
2426 3224 2643 3280 fuerunt
2672 3241 2737 3280 ex
2774 3224 3041 3297 gentibus,
3090 3223 3212 3278 aliis
3263 3222 3696 3294 praedicaverunt,

459 3327 579 3367 cum
610 3313 1006 3382 tribularentur,
1041 3326 1089 3372 et
1128 3318 1191 3372 de
1217 3320 1606 3375 necessitatibus
1634 3338 1811 3375 eorum
1840 3322 2036 3392 eripuit

457 3419 566 3456 eos.
599 3402 667 3457 Et
699 3406 800 3460 hoe
825 3405 1025 3472 taliter,
1056 3409 1182 3477 quia
1208 3408 1507 3478 procellam,
1547 3410 1600 3465 id
1626 3418 1728 3472 est,
1759 3413 2037 3481 perturba-

458 3494 660 3552 tionem
679 3500 1163 3556 conlradicentium
1181 3502 1536 3566 subditorum,
1552 3505 1734 3557 statuit
1756 3505 1808 3557 in
1823 3520 2030 3569 auram,

386 3630 393 3635 .
458 3587 513 3643 id
544 3597 649 3655 est,
687 3592 740 3645 in
776 3594 1165 3662 tranquillitate
1201 3595 1542 3649 obedientiaz.
1581 3592 1643 3648 Et
1675 3594 1753 3649 sic
1776 3595 2032 3649 siluerunt

457 3679 647 3745 ﬂuctus
677 3681 813 3750 ejus,
856 3684 905 3737 id
937 3695 1039 3749 est,
1071 3686 1429 3741 contradictio
1457 3687 1799 3756 repugnantis
1832 3686 2030 3756 populi.

457 3768 757 3827 Audiamus
801 3774 852 3827 iu
880 3774 980 3831 hac
1024 3791 1082 3830 re
1107 3792 1293 3831 vocem
1341 3776 1617 3844 cujusdam
1657 3778 2034 3845 gubernatoris

455 3863 767 3931 periclitati,
811 3867 1097 3933 bumiliati,
1142 3878 1305 3937 atque
1336 3869 1547 3923 liberati
1579 3887 1592 3923 :
1626 3867 1787 3934 Nolo,
1837 3870 2029 3940 inquit,

458 3952 668 4021 fratres,
711 3973 796 4011 vos
836 3956 1076 4027 ignorare
1108 3959 1173 4012 de
1218 3975 1461 4030 pressura
1505 3976 1622 4029 qua:
1668 3964 1810 4029 facta
1857 3969 1930 4013 est
1978 3960 2033 4014 in

456 4042 607 4109 Asia,
629 4044 752 4114 quia
768 4062 926 4116 supra
950 4047 1083 4100 vires
1108 4057 1156 4101 et
1192 4064 1349 4117 supra
1377 4050 1588 4102 modum
1617 4050 1819 4120 gravati
1851 4066 2031 4104 sumus

455 4132 545 4205 (11
593 4135 715 4189 Cor.
762 4136 825 4208 ι).
883 4138 1219 4208 Responsum
1284 4139 1428 4194 enim
1500 4142 1690 4197 mortis
1754 4142 1808 4196 in
1878 4141 2032 4197 nobis

453 4222 760 4291 habuimus,
796 4233 854 4280 ut
883 4243 988 4282 non
1010 4227 1343 4283 conﬁdentes
1373 4229 1424 4283 in
1457 4230 1611 4286 nobis
1639 4229 1830 4295 simus,
1858 4230 1951 4284 sed
1976 4232 2028 4283 in

457 4312 687 4370 Domino
720 4317 809 4386 qui
839 4318 1066 4373 suscitat
1092 4327 1351 4374 mortuos.
1381 4317 1648 4374 Siluerunt
1670 4322 1862 4391 ﬂuctus
1891 4321 2024 4391 ejus.

452 4403 522 4458 Et
547 4405 711 4461 la'tati
737 4419 856 4462 sunt
884 4409 1110 4478 prmlati,
1134 4411 1258 4482 quia
1283 4410 1565 4477 siluerunt,
1591 4421 1639 4466 et
1663 4412 1843 4466 eduxit
1865 4428 1952 4467 eos
1974 4414 2029 4466 in

449 4508 658 4565 portum
683 4500 961 4556 voluntatis
981 4518 1179 4568 eorum,
1209 4510 1269 4558 ut
1295 4518 1400 4558 non
1423 4503 1675 4573 deinceps
1706 4504 1759 4557 in
1782 4504 1915 4557 mari
1937 4518 2030 4572 pe-

449 4586 819 4655 riclitarentur
840 4605 856 4645 :
877 4592 1151 4661 etplacato
1164 4594 1320 4657 mari,
1341 4595 1392 4647 in
1407 4594 1831 4649 contradictione
1847 4594 2026 4664 populi

450 4677 606 4743 quasi
630 4677 855 4747 inportu
877 4681 1234 4746 salvarentur.
1258 4684 1312 4737 lu
1337 4683 1470 4737 mari
1493 4684 1866 4754 periclitantur
1891 4700 2027 4754 pra:-

449 4766 566 4834 lati,
583 4772 798 4838 quando
816 4771 1108 4843 fatigantur
1120 4776 1547 4829 contradictione
1566 4774 1788 4844 subjecti
1810 4777 1989 4847 populi
2010 4794 2023 4831 :

449 4860 543 4919 sed
558 4861 777 4931 inportu
791 4864 1084 4931 salvantur,
1099 4867 1311 4935 quando
1323 4868 1482 4921 corda
1495 4867 1827 4923 subditorum
1841 4868 1892 4921 in
1908 4869 2029 4924 obc-

448 4952 702 5008 dientiam
735 4963 1013 5024 parantur.
1039 4955 1269 5011 Deduxit
1291 4972 1384 5012 cos
1409 4957 1459 5011 in
1491 4965 1703 5026 portum
1736 4957 2025 5013 voluntatis

447 5056 653 5099 eorum.
672 5044 845 5106 Unde,
873 5045 1236 5103 Con/ileantur
1251 5048 1477 5098 Domino
1504 5048 1872 5094 miserinnrdim
1886 5049 2018 5102 εἰπε,

2137 3328 2191 3372 et
2210 3331 2304 3372 eos
2330 3316 2523 3387 quibus
2566 3318 2993 3387 prmdicavcrunt
3042 3317 3292 3371 fecerunt
3335 3328 3518 3385 agros,
3550 3321 3611 3366 ut
3632 3310 3701 3362 di.

2136 3412 2226 3482 gni
2268 3422 2448 3467 essent
2492 3412 2665 3467 excoli
2690 3426 2905 3466 vomere
2935 3409 3333 3481 prmdicationis
3366 3406 3491 3463 Dei:
3518 3412 3571 3460 et
3606 3418 3695 3458 non

2138 3512 2344 3558 tantum
2374 3502 2501 3559 lacti
2527 3513 2649 3559 sunt
2670 3504 2807 3575 agri,
2833 3503 2925 3558 sed
2978 3502 3141 3557 etiam
3189 3501 3450 3570 plantatze
3488 3505 3611 3554 sunt
3632 3494 3698 3548 ri-

2134 3612 2270 3661 ηοω,
2300 3604 2357 3649 ut
2385 3597 2452 3650 ab
2480 3596 2560 3650 eis
2576 3604 2984 3666 exspectaretur
3017 3594 3202 3648 vinum
3227 3611 3241 3646 :
3280 3592 3334 3647 id
3361 3600 3465 3655 est,
3493 3589 3694 3645 verbum

2135 3688 2373 3743 divinum
2424 3700 2531 3755 quo
2586 3685 2927 3742 inebriantur
2992 3683 3155 3739 corda
3216 3683 3518 3737 hominum.
3561 3678 3697 3745 Quod

2135 3780 2267 3833 dicit
2290 3797 2302 3833 :
2333 3777 2401 3833 Et
2428 3779 2810 3833 seminaverunt
2850 3792 3023 3846 agros,
3070 3784 3119 3829 et
3143 3774 3516 3845 plantaverunt
3541 3772 3694 3827 vineas

2132 3879 2179 3923 et
2211 3870 2445 3940 fecerunt
2481 3869 2709 3938 fructum
2758 3867 3065 3930 nativitatis,
3112 3865 3164 3919 id
3206 3874 3310 3929 est,
3354 3862 3591 3918 nativum
3624 3858 3693 3912 vel

2133 3958 2434 4013 naturalem
2477 3957 2730 4022 fructum,
2781 3956 2907 4026 quia
2942 3953 3133 4009 imitati
3184 3960 3313 4006 sunt
3335 3951 3477 4016 illos,
3508 3949 3692 4020 quieos

2132 4048 2186 4103 iu
2214 4049 2319 4103 [ide
2344 4047 2491 4103 nasci
2518 4047 2783 4102 fecerunt.
2814 4045 2967 4100 Unde
3011 4043 3168 4109 illud,
3198 4040 3310 4097 Pro
3348 4042 3583 4101 patribus
3605 4037 3689 4091 tsi:

2133 4143 2244 4196 nati
2294 4150 2414 4194 sunt
2456 4141 2547 4194 tibi
2594 4140 2694 4210 ﬁlii
2739 4139 2853 4211 (Ps.
2886 4138 3055 4209 Iuv).
3097 4137 3165 4192 Et
3211 4136 3365 4201 alibi,
3416 4134 3689 4189 Imitatum

2132 4234 2232 4288 mei
2263 4242 2440 4297 estote,
2494 4234 2628 4286 sicut
2659 4241 2705 4285 et
2731 4248 2823 4303 ego
2865 4230 3059 4285 Christi
3091 4228 3140 4300 (I
3173 4227 3300 4283 Cor.
3330 4243 3387 4283 tv
3409 4238 3455 4282 et
3481 4229 3578 4297 Il).
3607 4223 3686 4277 Fe-

2132 4330 2322 4379 cerunt
2357 4321 2590 4377 fructum
2616 4321 2932 4384 nativitatis,
2966 4331 3012 4375 et
3044 4317 3306 4373 benedixit
3344 4319 3444 4383 eis,
3467 4328 3513 4372 et
3535 4314 3683 4371 multi-

2130 4412 2307 4484 plicati
2354 4422 2473 4466 sunt
2513 4412 2732 4481 quidam
2775 4426 2959 4466 eorum
3012 4410 3189 4474 nimis,
3237 4410 3292 4463 id
3341 4418 3451 4473 est,
3499 4408 3679 4463 modum

2130 4505 2468 4571 excellentes,
2492 4511 2550 4557 ut
2573 4502 2683 4572 jam
2705 4518 2812 4557 non
2855 4510 3155 4571 qumt'erenl
3183 4515 3247 4555 ea
3294 4515 3419 4570 qua:
3440 4499 3533 4553 Dei
3562 4505 3677 4557 sunt

2132 4596 2224 4651 sed
2253 4610 2373 4665 quae
2411 4609 2507 4649 sua
2533 4602 2679 4660 sunt,
2733 4592 2949 4648 sinistra
2984 4592 3436 4660 interpretatione
3472 4589 3681 4658 Scripta-

2133 4704 2246 4742 ram
2287 4701 2495 4742 sacram
2538 4686 2972 4753 interpretantes.
3010 4681 3160 4737 Unde
3181 4680 3333 4743 illud,
3366 4679 3677 4735 Inundarunt

2132 4795 2312 4833 arcum
2356 4792 2527 4839 suum,
2576 4782 2886 4845 paraverunt
2924 4772 3143 4843 sagittas
3187 4788 3316 4825 suas
3346 4771 3403 4825 in
3440 4773 3675 4840 pharetra,

2132 4879 2186 4923 ut
2208 4868 2447 4936 sagittent
2474 4866 2528 4920 in
2550 4866 2767 4919 obscuro
2792 4872 2955 4918 rectos
2988 4861 3142 4915 corde
3167 4860 3288 4933 (Ps.
3328 4861 3409 4931 ι).
3439 4860 3583 4928 Quod
3614 4856 3676 4911 di-

2132 4958 2224 5023 cit,
2264 4953 2598 5025 Multiplicati
2648 4960 2766 5006 sunt
2798 4952 2987 5005 nimis:
3022 4950 3147 5020 quia
3194 4966 3262 5005 ex
3291 4966 3482 5004 eorum
3522 4946 3670 5002 multi-

2121 5045 2411 5112 plicatione
2452 5043 2753 5097 minoratus
2791 5049 2873 5095 est
2911 5054 3166 5094 numerus
3218 5037 3482 5092 ﬁdelium.
3525 5034 3669 5102 £th-

2535 5148 2633 5156 ··-·-
2668 5131 2965 5193 ηιὶηοναυὶι,
3012 5128 3062 5183 id
3087 5137 3189 5193 est,
3217 5129 3494 5197 simplices
3522 5127 3569 5181 in
3589 5124 3669 5178 Me

3206 5219 3328 5252 ’Μετ’
3389 5218 3537 5274 Νοώ
3554 5216 3667 5272 enim
