3868 5540
175 480 292 537 701

1321 475 1850 537 ENARRATIONICS
1887 476 1954 531 IN
1990 476 2324 534 PSALMOS.

3355 484 3458 539 ’102

175 591 406 662 plicati,
441 590 579 647 facti
608 600 733 648 sunt
773 592 949 663 pauci,
976 592 1099 662 quia
1141 607 1329 648 omnes
1368 594 1456 662 qui
1484 593 1549 646 ab
1577 592 1782 645 unitate
1811 593 1856 650 A
1886 602 1985 656 cst,
2016 591 2088 645 illi
2115 593 2203 662 qui
2230 607 2324 646 cor
2345 591 2544 646 habent
2575 592 2882 647 rcctitudini
2915 595 3005 650 Dei
3035 597 3450 667 complanatum;

171 693 455 753 separant
503 700 581 751 se,
635 685 792 755 pauci
847 685 999 738 liunt.
1045 685 1193 739 Mulli
1235 687 1376 739 enim
1408 695 1550 751 sunt,
1599 683 1689 739 sed
1722 684 1775 735 in

173 776 426 842 unitate,
458 777 583 830 dum
610 792 714 831 non
745 787 1070 848 separantur
1110 780 1177 833 ab
1204 778 1429 833 unitate.
1464 778 1597 834 Cum
1631 777 1774 832 cnim

170 868 426 936 C(chrit
451 869 724 938 pertinere
754 871 819 923 ad
857 884 950 926 eos
990 871 1276 925 multitudo
1302 872 1540 934 unitatis,
1577 872 1629 924 in
1660 871 1773 925 hae-

171 959 297 1012 resi
331 967 389 1013 et
434 960 486 1014 in
523 961 816 1017 schismate
855 963 1010 1032 pauci
1057 963 1185 1018 facti
1210 973 1351 1020 sunt.
1387 965 1460 1019 De
1489 964 1592 1018 illis
1617 964 1770 1019 audi-

169 1051 371 1106 vimus
407 1052 717 1122 Apostolnm
764 1055 1076 1111 dicentem:
1116 1054 1182 1110 In
1233 1057 1524 1110 novissimis
1570 1064 1773 1126 tempo-

168 1139 344 1196 ribus
375 1143 640 1196 instabunt
668 1153 900 1214 tempora
921 1161 1082 1210 saeva,
1106 1157 1254 1200 erunt
1291 1148 1433 1201 enim
1461 1147 1694 1200 homines
1719 1163 1772 1198 se

169 1231 330 1297 ipsas
361 1243 617 1297 nutantes,
645 1235 849 1304 totique
871 1236 973 1290 sibi
1001 1236 1418 1306 placentes;sed
1442 1238 1645 1291 utinam
1669 1238 1768 1291 sibi

168 1320 626 1390 displicerent,et
647 1324 814 1379 Deum
833 1328 1176 1400 amarent(ll
1201 1329 1332 1382 Tim.
1352 1329 1453 1398 tu).
1474 1328 1690 1384 Utinam
1715 1328 1766 1382 in

164 1410 590 1468 difﬁcultatibus
662 1413 1006 1483 clamarent,
1076 1426 1129 1473 et
1213 1419 1277 1472 de
1353 1419 1768 1474 necessitatibus

165 1502 586 1570 liberarentur,
629 1506 718 1576 qui
767 1508 834 1562 de
892 1523 950 1563 se
1005 1510 1378 1578 praesumendo
1432 1511 1589 1580 pauci
1642 1509 1764 1563 facti

165 1605 333 1661 sunt,
356 1605 404 1648 et
445 1597 612 1650 vexati
642 1607 760 1650 sunt
790 1615 820 1654 (ι
864 1598 1199 1652 tribulatione
1242 1600 1501 1652 malorum
1545 1599 1761 1669 angelo-

166 1698 327 1747 rum,
360 1684 613 1740 subaudis
659 1696 1058 1755 apostatarum;
1104 1699 1152 1742 et
1187 1688 1366 1742 dolore
1391 1688 1572 1742 futuro
1603 1704 1760 1758 quem

165 1773 460 1828 habebunt
482 1775 696 1844 quando
727 1791 792 1830 ex
824 1777 1070 1846 opposito
1105 1777 1458 1832 transduccnt
1503 1777 1624 1831 illos
1665 1793 1759 1831 co-

163 1881 300 1919 rum
338 1866 667 1936 iniquitates,
699 1884 820 1923 cum
861 1870 1053 1924 dicturi
1098 1880 1223 1924 sunt
1270 1889 1282 1923 :
1333 1868 1444 1924 Nos
1485 1871 1758 1935 insensati,

1879 690 1926 734 et
1958 681 2277 735 laetabuntur
2306 683 2497 737 horum
2530 685 2768 749 visione;
2808 695 2855 738 et
2883 688 3050 740 omnis
3083 689 3332 758 iniquitas
3360 707 3454 760 op-

1875 771 2056 839 pilabit
2101 789 2157 824 os
2210 789 2382 837 suum,
2434 774 2484 827 id
2536 783 2639 838 est,
2679 775 2920 831 destruet
2966 792 3027 832 es
3073 778 3450 836 haereticorum

1876 866 2090 932 quando
2125 863 2510 933 iudicabuntur
2542 868 2738 923 abillis
2779 871 2942 947 recte,
2992 887 3128 940 quos
3176 873 3265 929 hic
3307 891 3448 931 nunc

1869 953 2111 1023 judicant
2140 971 2243 1009 non
2286 965 2467 1020 recte;
2501 958 2582 1010 vel
2630 959 2990 1026 iutransitive,
3037 962 3090 1016 id
3123 971 3224 1027 est,
3273 965 3453 1019 omnis

1875 1043 2108 1114 iniquus,
2138 1045 2346 1101 scilicet
2385 1048 2690 1102 haereticus.
2728 1047 2793 1102 Et
2829 1052 2946 1120 quis
2992 1059 3076 1107 est
3119 1055 3350 1123 sapiens,
3395 1054 3448 1108 id

1872 1141 1974 1196 est,
2007 1135 2129 1203 quis
2158 1137 2262 1191 scit
2293 1137 2395 1192 sibi
2433 1151 2624 1193 cavere
2656 1140 2706 1192 in
2751 1144 3061 1210 posterum?
3104 1154 3150 1196 et
3194 1145 3450 1198 custodiet

1871 1222 2002 1285 hac,
2052 1223 2102 1276 id
2144 1234 2245 1288 est,
2283 1227 2423 1295 apud
2472 1244 2530 1283 se
2577 1240 2798 1299 reponet
2843 1247 2962 1301 qua}
3006 1234 3260 1303 superius
3304 1234 3450 1289 dicta

1871 1323 2016 1378 sunt,
2041 1323 2102 1368 ut
2122 1316 2165 1369 si
2191 1318 2512 1388 quandoque
2535 1323 2829 1377 tentalione
2857 1323 3132 1393 fatigetur,
3162 1325 3355 1379 clamet
3379 1326 3448 1379 ad

1871 1404 2200 1473 Dominum;
2245 1417 2297 1463 et
2339 1409 2676 1476 liberabitur,
2722 1423 2768 1468 et
2801 1416 3048 1486 intelliget
3079 1419 3444 1472 msericordias

1871 1493 2104 1548 Domini.
2137 1497 2199 1550 Et
2223 1499 2426 1553 nullum
2452 1503 2700 1556 meritum
2733 1520 2910 1569 suum,
2936 1507 3112 1561 nullas
3134 1509 3293 1571 vires,
3325 1508 3448 1562 nul-

1867 1588 1970 1641 lam
1995 1593 2290 1659 potentiam
2335 1610 2483 1648 suam
2511 1597 2771 1662 attendat,
2805 1599 2897 1653 sed
2929 1600 3302 1655 miserationes
3331 1602 3440 1654 Do-

1867 1680 2021 1745 mini,
2056 1682 2145 1750 qui
2172 1693 2442 1740 errantem
2483 1694 2538 1740 et
2575 1687 2749 1754 inopia
2782 1689 2928 1742 verbi
2966 1689 3056 1747 Dei
3092 1691 3441 1759 indigentem,

1865 1771 1930 1825 ad
1955 1771 2098 1825 viam
2120 1775 2332 1828 reduxit
2359 1785 2409 1830 ct
2441 1777 2605 1845 pavit,
2642 1779 2730 1846 qui
2761 1789 3086 1848 pugnantem
3121 1791 3312 1836 contra
3343 1783 3446 1836 dif-

1865 1863 2151 1918 licultatem
2187 1875 2552 1935 peccatorum,
2584 1878 2638 1923 et
2674 1871 2981 1940 colligatum
3021 1873 3250 1927 vinculis
3287 1882 3440 1928 vetc-

163 1956 607 2011 existimabamus
633 1960 789 2013 vitam
819 1959 1027 2013 illorum
1053 1961 1312 2014 insaniam
1354 1961 1506 2032 (Sap.
1539 1963 1616 2029 v),
1644 1971 1746 2016 etc.

1860 1953 1930 2006 ris
1993 1957 2399 2010 consuetudinis
2453 1958 2648 2020 solvit,
2711 1969 2767 2013 ct
2832 1961 3026 2015 liberat
3079 1961 3438 2019 fastidientem

164 2047 272 2102 γει
303 2047 501 2102 aliter:
533 2049 869 2122 Multiplicati
898 2062 1016 2106 sunt
1049 2054 1220 2106 nimis.
1258 2053 1461 2119 Quibus
1496 2052 1758 2122 multipli-

161 2139 312 2192 catis
343 2140 500 2208 pauci
541 2138 668 2196 facti
697 2150 841 2196 sunt.
876 2141 1203 2198 Nutneratus
1235 2152 1317 2198 est
1345 2159 1602 2200 numerus
1629 2144 1759 2198 lide-

163 2231 331 2297 lium,
369 2246 625 2302 quantum
654 2237 719 2291 ad
749 2237 1056 2304 htercticos,
1086 2239 1176 2309 qui
1223 2239 1443 2293 nomine
1499 2247 1656 2293 tenus
1701 2239 1755 2292 in

162 2324 416 2379 Ecclesia
450 2325 684 2382 fuerunt.
720 2327 786 2382 Et
821 2330 990 2384 vexati
1030 2341 1148 2384 sunt
1178 2331 1254 2384 illi
1283 2330 1437 2399 pauci
1478 2348 1509 2383 a
1536 2328 1758 2383 tribula-

163 2420 311 2473 tione
351 2420 630 2486 malorum,
673 2423 726 2476 id
753 2431 852 2488 est,
885 2424 1280 2489 bazrcticorum,
1306 2433 1359 2480 et
1397 2419 1580 2480 dolore
1624 2440 1755 2494 quo-

160 2509 318 2564 niam
345 2510 600 2566 dolebunt
633 2512 751 2568 illos
785 2515 852 2568 ab
879 2514 1119 2570 Ecclesia
1175 2515 1508 2571 discessisse.
1554 2515 1748 2585 Effusa

165 2612 244 2656 est
274 2608 587 2675 contemptio
612 2623 768 2675 super
789 2607 1068 2678 principes,
1107 2609 1158 2663 id
1182 2617 1284 2674 est,
1315 2607 1751 2677 contemptibiles

165 2693 341 2751 habiti
363 2705 488 2752 sant
529 2697 785 2762 hmretici,
823 2700 948 2768 quia
989 2700 1256 2770 principes
1284 2716 1402 2755 esse
1443 2700 1748 2754 voluerunt.

164 2789 302 2856 Quae
343 2789 515 2858 major
562 2793 891 2862 contemptio
935 2808 1094 2863 quam
1127 2794 1646 2849 anathematizatio?
1675 2795 1750 2848 De

164 2881 370 2936 talibus
405 2883 548 2936 enim
598 2882 732 2938 dixit
780 2883 1016 2940 Paulus:
1067 2885 1128 2940 S.’
1170 2887 1285 2956 quis
1321 2888 1749 2958 evangelizacerit

160 2985 358 3043 prwter
394 2975 447 3028 id
483 2977 622 3048 quod
648 2978 938 3048 accepistis,
974 2981 1250 3033 anathema
1280 2980 1381 3046 sit;
1427 2991 1476 3036 et
1525 2984 1626 3039 hoc
1669 2994 1749 3041 cst

163 3066 313 3135 quod
349 3067 484 3122 dixit
515 3085 528 3121 :
562 3068 754 3138 Effusa
795 3080 871 3124 est
920 3074 1226 3142 contemptio
1275 3091 1430 3145 super
1467 3078 1745 3148 principes,

159 3157 288 3228 quia
318 3158 446 3228 facti
469 3170 586 3213 sunt
615 3160 695 3223 sa!
722 3161 1037 3231 infamatus,
1062 3163 1323 3233 projectus
1350 3165 1514 3233 foras.
1553 3167 1616 3222 lt't
1660 3186 1744 3222 er-

161 3266 286 3303 rare
324 3249 444 3318 fecit
478 3268 563 3305 eos
584 3253 636 3305 in
669 3253 827 3317 invio,
850 3263 896 3306 et
932 3271 1032 3307 non
1061 3255 1112 3308 in
1142 3256 1248 3321 via,
1277 3258 1533 3312 subaudis
1561 3260 1737 3330 dirigi.

161 3339 300 3408 Quia
324 3343 571 3415 superius
603 3342 654 3396 in
690 3344 774 3398 via
802 3345 993 3399 directi
1027 3355 1170 3409 sunt,
1217 3347 1282 3400 ad
1326 3349 1560 3404 civitatis
1591 3351 1742 3406 babi-

159 3434 428 3488 tationem
457 3444 840 3504 pervenerunt.
882 3436 974 3490 Isti
1006 3436 1183 3490 traditi
1218 3437 1269 3491 in
1307 3438 1594 3508 reprobum
1620 3456 1742 3495 sen-

158 3540 281 3580 sum
312 3535 368 3580 et
413 3526 465 3580 in
508 3527 974 3597 concupiscentias
1013 3543 1224 3594 eorum,
1263 3545 1475 3600 semper
1512 3532 1561 3586 in
1595 3533 1741 3587 invio

157 3627 363 3671 errant.
397 3616 547 3684 Quod
579 3619 728 3684 dicit,
760 3635 937 3672 errare
967 3618 1086 3687 fecit
1129 3635 1214 3673 eos
1259 3620 1312 3673 in
1362 3622 1522 3687 invio,
1561 3633 1607 3676 et
1637 3639 1739 3677 non

153 3707 212 3761 in
243 3708 347 3771 via,
393 3719 446 3761 et
487 3707 590 3762 hoc
635 3723 743 3762 non
786 3707 1049 3762 inutiliter
1088 3709 1220 3776 suis,
1261 3711 1386 3778 quia
1415 3726 1512 3780 per
1551 3727 1738 3766 eorum

151 3818 396 3859 errorem
420 3803 624 3873 adjuvit
655 3805 1234 3878 Dominuspauperem,
1272 3809 1322 3863 id
1348 3819 1449 3875 est,
1481 3810 1736 3864 humilem

151 3910 337 3960 suum,
376 3895 438 3949 de
481 3896 683 3965 inopia,
726 3897 791 3951 de
831 3897 1240 3968 impcrlectionc
1264 3900 1501 3966 illorum,
1542 3901 1632 3970 qui
1667 3903 1736 3957 ab

149 3984 399 4039 Ecclesia
428 3985 833 4053 discesserunt,
869 3988 992 4057 quia
1032 4004 1130 4058 per
1174 4003 1268 4044 eos
1303 3991 1598 4046 incitantur
1629 3993 1730 4046 hu-

149 4075 310 4131 miles
342 4075 552 4132 Domini
592 4078 659 4132 ad
688 4078 922 4133 stttdium
955 4081 1318 4149 inquisitionis
1349 4091 1402 4136 et
1429 4084 1733 4153 exemplum

149 4168 378 4223 erroris.
417 4169 516 4238 Ipsi
555 4170 696 4224 enim
730 4172 969 4226 hmretici
1007 4182 1133 4227 sunt
1166 4189 1324 4229 causa
1349 4192 1517 4245 quare
1550 4177 1735 4234 ﬁdeles

148 4259 440 4331 diligenter
478 4262 803 4332 investigent
862 4263 1173 4332 Scripturas
1214 4283 1398 4322 sacras
1446 4278 1501 4323 et
1559 4269 1611 4324 in
1654 4271 1732 4326 eis

149 4351 431 4420 inquirant
464 4353 847 4406 convenientes
879 4355 1199 4420 sententias,
1225 4358 1421 4425 quibus
1456 4374 1515 4413 se
1547 4359 1732 4414 delen-

149 4444 305 4508 dant,
359 4457 425 4496 ne
473 4443 836 4514 disputatione
881 4445 1138 4501 haeretica
1185 4458 1526 4517 superentur.
1580 4451 1731 4507 Unde

147 4533 298 4599 illud,
325 4534 535 4605 Oportet
563 4537 784 4591 Iuvreses
818 4554 950 4603 esse,
979 4549 1032 4592 ut
1057 4549 1104 4592 et
1120 4540 1209 4610 qui
1235 4543 1442 4610 probati
1470 4553 1611 4608 sunt,
1641 4560 1730 4614 ap-

145 4636 374 4698 pareant
405 4626 456 4698 (Ι
494 4626 618 4681 Cor.
659 4627 759 4699 x1).
797 4629 936 4683 Sunt
962 4629 1120 4683 etiam
1157 4630 1391 4686 hmretici
1422 4634 1724 4702 exemplum
1755 4651 1805 4708 Ι)

147 4719 359 4776 timoris
411 4719 515 4784 his,
571 4719 663 4789 qui
724 4719 776 4773 in
822 4719 1060 4774 Ecclesia
1092 4732 1536 4789 permanserunt,
1573 4724 1718 4792 quia,

146 4812 270 4865 dum
311 4810 492 4864 vident
538 4810 825 4866 htereticos
867 4820 1086 4881 propter
1127 4813 1598 4882 prmsumptioncm
1630 4830 1723 4868 va-

147 4919 291 4968 nam,
327 4917 433 4972 qua
457 4903 521 4958 de
557 4919 616 4958 se
652 4904 1072 4973 praesumebant,
1119 4904 1186 4958 ab
1213 4905 1457 4960 Ecclesia
1498 4922 1722 4977 separa-

146 5006 249 5053 tos.
299 4996 490 5049 timent
529 5010 876 5066 praesumere,
937 5012 1005 5050 ne
1051 4997 1094 5051 si
1142 4999 1601 5068 prmsumpserint,
1649 5001 1716 5054 ab

144 5088 352 5142 unitate
378 5086 624 5144 Ecclesiae
648 5097 990 5156 separentur,
1029 5090 1152 5158 quia
1185 5105 1405 5147 necesse
1434 5103 1516 5147 est
1546 5103 1602 5147 ut
1627 5094 1716 5163 qui

1861 2042 2085 2098 verbum
2116 2045 2232 2108 Dei,
2261 2055 2314 2098 ct
2347 2047 2501 2100 taedio
2529 2047 2758 2116 quodam
2785 2065 2921 2118 pcnc
2944 2053 3282 2118 morientem,
3314 2054 3444 2108 mis-

1860 2148 1916 2186 sa
1962 2133 2224 2188 medicina
2252 2135 2397 2189 verbi
2445 2138 2547 2202 sui,
2593 2141 2856 2194 recreavit
2883 2159 2895 2195 ι
2924 2143 3014 2211 qui
3044 2144 3438 2211 periclitantem

1859 2225 2000 2278 inter
2029 2226 2310 2295 naufragia
2346 2237 2400 2281 et
2432 2231 2728 2298 procellosa
2769 2233 3078 2288 discrimina
3099 2275 3113 2300 ,
3154 2237 3286 2289 mari
3317 2237 3433 2305 pla-

1857 2323 1997 2380 cato,
2033 2316 2083 2369 in
2117 2326 2328 2384 portum
2353 2318 2541 2374 salutis
2564 2323 2850 2390 perduxit;
2886 2326 2976 2394 qui
3002 2340 3126 2379 eum
3156 2329 3441 2382 constituit

1855 2404 1908 2458 in
1934 2405 2131 2474 populo
2158 2421 2274 2471 suo,
2302 2423 2405 2462 non
2432 2409 2521 2462 ubi
2543 2411 2774 2481 superbis
2801 2414 3013 2478 resistit,
3038 2415 3131 2469 sed
3153 2416 3438 2470 humilibus

1854 2498 1944 2550 dat
1993 2499 2242 2566 gratiam,
2282 2507 2340 2551 ut
2376 2499 2524 2556 inttts
2553 2517 2778 2558 manens
2816 2505 3289 2575 multiplicaretur,
3329 2523 3438 2562 non

1853 2590 1999 2644 foras
2028 2591 2216 2645 exiens
2243 2591 2599 2648 minueretur.
2627 2595 2752 2651 [lare
2774 2599 2954 2652 omnia
2985 2599 3200 2653 videant
3222 2600 3355 2654 recti
3383 2609 3441 2655 et

1844 2681 2231 2749 jucumlentnr,
2261 2697 2322 2736 os
2356 2693 2536 2738 autem
2577 2687 2952 2745 lnereticorum
2981 2701 3203 2762 propter
3232 2693 3432 2762 iniqui-

1852 2781 2012 2827 tatem
2045 2772 2383 2827 obstruatur.

2384 2871 2509 2926 PSA
2520 2870 2706 2926 LMUS
2744 2873 2897 2928 CVII.

2050 2977 2327 3017 ALLELUIA.
2369 2979 2638 3018 CANTICUM
2676 2980 2863 3019 PSALMI
2903 2981 3002 3020 IPSI
3041 2981 3221 3023 DAVID.

1924 3066 1942 3098 ‹
1986 3048 2240 3107 Paratum
2271 3069 2365 3108 cor
2388 3069 2586 3117 meum,
2619 3056 2777 3120 Deus,
2803 3065 3052 3125 paratum
3080 3073 3178 3111 cor
3205 3073 3383 3113 meum
3413 3077 3428 3112 :

1851 3157 1868 3190 ‹
1915 3144 2144 3199 cantabo
2174 3154 2228 3199 et
2260 3147 2485 3216 psallam
2523 3148 2574 3202 in
2600 3148 2767 3216 gloria
2800 3163 2938 3203 mea.
2964 3150 3204 3219 Exsurge
3232 3152 3424 3220 psalte-

1854 3251 1872 3283 ι
1919 3235 2078 3300 rium,
2105 3245 2159 3290 et
2202 3238 2408 3292 cithara
2445 3257 2457 3292 :
2488 3254 2773 3309 exsurgam
2820 3240 3074 3296 diluculo.
3119 3239 3430 3296 Conlitebor

1787 3336 1813 3357 λ
1851 3342 1869 3374 ‹
1920 3324 2013 3378 tibi
2047 3326 2096 3378 in
2125 3327 2353 3396 populis,
2393 3329 2640 3393 Domine,
2690 3338 2740 3383 et
2776 3330 3000 3399 psallatu
3033 3331 3128 3384 tibi
3164 3331 3215 3384 in
3255 3333 3428 3387 natio-

1849 3432 1867 3463 ε
1914 3413 2091 3468 nibus.
2121 3414 2256 3482 Quia
2285 3432 2478 3487 magna
2505 3433 2666 3487 super
2699 3419 2866 3473 caelos
2904 3419 3275 3474 misericordia
3309 3430 3424 3486 tua,

1847 3521 1864 3552 ε
1915 3511 1970 3556 ct
1999 3519 2170 3573 usque
2219 3507 2286 3560 ad
2329 3508 2501 3562 nubes
2545 3509 2749 3564 veritas
2793 3520 2904 3563 tua.
2953 3511 3207 3566 Exaltare
3255 3528 3425 3583 super

1845 3612 1863 3644 ι
1907 3595 2092 3660 caelos,
2133 3597 2292 3663 Deus,
2323 3609 2377 3652 et
2409 3614 2570 3669 super
2603 3615 2817 3655 omnem
2851 3610 3048 3656 terram
3097 3603 3265 3673 gloria
3305 3611 3417 3667 tua,

1846 3702 1864 3735 ι
1908 3693 1966 3739 ut
1997 3686 2292 3742 liberentur
2327 3689 2509 3744 dilecti
2546 3690 2644 3745 tui.
2678 3690 2898 3745 Salvum
2938 3692 3022 3747 fac
3054 3695 3273 3747 dextera
3305 3701 3420 3758 tua,

1845 3794 1864 3826 ι
1913 3785 1967 3830 et
2006 3779 2199 3832 exaudi
2235 3794 2320 3834 me
2355 3797 2366 3832 :
2415 3780 2557 3835 Deus
2591 3781 2802 3836 locutus
2840 3790 2923 3836 est
2968 3783 3020 3835 in
3063 3791 3253 3837 sancto
3290 3799 3410 3838 suo.

1842 3884 1860 3916 ι
1909 3865 2198 3920 Exsultabo
2223 3877 2276 3922 et
2303 3869 2538 3924 dividam
2573 3871 2889 3935 Sichimam,
2932 3882 2986 3926 et
3011 3873 3308 3927 convallem
3341 3883 3421 3928 ta-

1841 3974 1860 4006 (
1905 3957 2319 4012 bernacnlorum
2348 3959 2620 4016 dimetiar.
2662 3961 2812 4017 Meus
2837 3972 2919 4018 est
2943 3962 3147 4018 Galaad
3178 3972 3235 4017 et
3261 3979 3417 4019 meus

1842 4062 1860 4096 ι
1907 4054 1988 4100 est
2013 4047 2287 4102 Manasses
2322 4067 2335 4102 :
2370 4045 2429 4105 et
2463 4050 2719 4119 Ephraim
2753 4053 3024 4122 susceptio
3059 4053 3254 4121 capitis
3287 4054 3412 4107 mei.

1839 4155 1857 4188 ί
1901 4136 2037 4192 Juda
2060 4155 2152 4193 rex
2178 4155 2353 4206 meus,
2385 4141 2540 4197 Moab
2564 4143 2708 4198 lcbes
2735 4145 2846 4213 spci
2873 4160 3022 4198 mete.
3047 4145 3102 4198 ln
3132 4146 3418 4198 ldumteam

1839 4248 1856 4281 ι
1901 4231 2186 4286 extendam
2227 4233 2654 4289 calceamentum
2683 4247 2884 4301 meum,
2933 4236 3064 4290 mihi
3099 4236 3418 4306 alienigena:

1839 4339 1856 4371 ι
1903 4322 2060 4376 amici
2097 4322 2221 4377 facti
2263 4333 2404 4378 sunt.
2454 4325 2586 4392 Quis
2634 4325 2863 4380 deducet
2908 4340 2995 4380 me
3042 4327 3093 4379 in
3135 4326 3411 4380 civitatem

1903 4413 2203 4467 munitam?
2229 4414 2361 4481 Quis
2392 4415 2617 4470 deducet
2653 4430 2740 4469 me
2781 4431 2951 4483 usque
2988 4417 3040 4469 in
3077 4415 3365 4468 ldumaeam
3387 4417 3416 4468 Ἰ

1905 4503 2106 4569 Nonne,
2135 4513 2212 4569 tu,
2245 4504 2407 4570 Deus,
2437 4506 2526 4574 qui
2547 4505 2784 4574 repulisti
2819 4506 2948 4560 nos?
2978 4514 3159 4560 etnon
3193 4506 3404 4560 exibis:

1905 4595 2042 4648 Deus
2070 4595 2122 4648 in
2162 4596 2455 4650 virtutibus
2483 4597 2702 4650 nostris.
2734 4595 2809 4648 Da
2843 4597 2998 4651 nobis
3042 4596 3301 4650 auxilium
3339 4597 3414 4651 de

1836 4703 1854 4734 ε
1905 4684 2274 4749 tribulatione,
2300 4687 2425 4754 quia
2454 4702 2591 4740 vana
2623 4685 2769 4740 salus
2796 4685 3050 4741 hominis.
3085 4688 3140 4740 In
3183 4687 3292 4742 Deo
3321 4686 3403 4740 fa-

1837 4431 1854 4463 ‹

1835 4519 1853 4553 1

1837 4610 1855 4643 ί

1829 4793 1848 4827 ‹
1895 4778 2102 4832 ciemus
2121 4778 2400 4844 virtutem,
2442 4788 2498 4834 et
2545 4779 2657 4849 ipse
2706 4780 2773 4834 a‘d
2822 4779 3048 4834 nihilum
3079 4788 3134 4835 et
3173 4779 3406 4834 deducet

1827 4887 1845 4920 ‹
1894 4869 2137 4923 inimicos
2166 4877 2399 4924 nostros.
2452 4889 2470 4921 ι

2386 4961 2835 5017 ENARRATIO.

1890 5051 2169 5109 Canticum
2216 5051 2416 5107 Psalmi
2453 5054 2638 5107 David.
2688 5053 2802 5108 Vox
2832 5054 3031 5109 Christi
3073 5058 3160 5108 est.
3206 5051 3258 5103 in
3303 5050 3408 5103 hoc

1819 5147 2068 5214 psalmo,
2116 5147 2544 5201 commendantis
2601 5147 2755 5201 nobis
2799 5147 3161 5204 obedientiam
3227 5155 3403 5199 suam,

1819 5248 2092 5303 quatenus
2121 5238 2205 5292 hic
2231 5251 2351 5291 eam
2380 5238 2678 5298 imitemur,
2711 5244 2772 5288 ut
2813 5238 2869 5293 in
2917 5240 3092 5292 futuro
3133 5243 3255 5283 Cum
3288 5228 3419 5293 i950

1816 5329 2211 5396 gloriﬁcemur.
2241 5328 2383 5383 Dicit
2409 5339 2587 5384 autem
2617 5328 2696 5380 sic
2725 5343 2738 5379 :

139 5185 267 5242 stat,
300 5178 468 5231 videat
494 5195 554 5233 ne
575 5181 734 5233 cadat
760 5176 810 5246 (1
835 5178 956 5231 Cor.
984 5178 1059 5248 χ).
1085 5179 1236 5248 Quod
1265 5180 1396 5236 dicit
1427 5202 1439 5238 :
1466 5185 1534 5238 Et
1555 5183 1716 5252 adju-

140 5270 210 5324 vit
251 5284 523 5337 pauperem
559 5272 621 5325 de
661 5268 881 5336 inopia:
921 5271 1045 5338 quia
1077 5272 1218 5341 quod
1257 5273 1496 5330 haeretici
1528 5276 1716 5343 inopes

1133 5370 1203 5384 ⁸⁵⁸
1231 5377 1466 5394 ’“’““““⁴“⁵·⁸
1503 5376 1550 5406 Αἳ
1587 5364 1708 5406 ΠΙΙίΩ

2852 5431 3027 5448 ›-...Ιιιιμ
3075 5431 3164 5448 an”
3209 5427 3405 5452 ﬂld‘ln‘I-_
