4034 6484
515 433 618 489 783
1128 424 1388 483 REMIGII
1426 416 2080 480 ANTISSIODORENSIS
2117 413 2268 473 OPP.
2320 415 2500 472 PARS
2546 415 2588 469 Ι.
2626 446 2691 454 -
2731 411 3141 469 EXEGETICA.
3709 409 3802 466 τοι

515 546 606 600 sed
641 557 740 614 ego
763 555 904 613 pono
924 554 1071 604 eam;
1110 547 1165 594 et
1209 540 1314 593 hoc.
1338 546 1424 592 est
1457 535 1602 607 quod
1641 534 1792 598 dicit,
1828 531 2083 585 Paratum
2111 526 2569 598 Aprtedicatores
2614 525 2885 590 videlicet,
2947 529 3000 580 in
3053 523 3472 594 praeparatione
3519 523 3798 596 Evangelii

515 651 606 688 cor
627 649 818 697 meum,
846 639 902 685 et
926 630 1090 685 etiam
1129 643 1392 684 meorum.
1426 626 1581 682 Unde
1613 639 1710 695 pro
1742 631 1892 678 tanto
1922 623 2084 676 bene-
2185 616 2354 685 pacis.
2383 615 2450 669 Et
2486 616 2565 671 sic
2591 616 2718 668 mihi
2741 616 3048 686 alienigena:
3077 617 3232 670 amici
3255 617 3398 686 {acti
3424 626 3587 682 sunt,
3615 617 3668 670 id
3702 627 3796 682 est,

516 724 642 778 licio
669 723 800 776 mihi
827 731 883 776 et
911 721 1046 775 meis
1069 735 1099 773 a
1129 729 1180 774 te
1209 719 1355 782 dato,
1388 717 1610 771 cantabo
1647 715 1699 770 in
1745 729 1832 769 me
1865 714 2004 782 ipso,
2030 720 2087 767 et
2184 705 2334 772 ﬁent,
2359 706 2442 762 vel
2471 708 2981 778 praedicationcjam
3023 707 3150 762 I'acti
3182 717 3328 763 sunt.
3369 726 3391 759 ι
3444 708 3521 762 Ει
3563 709 3690 777 quis
3712 711 3795 764 de-

514 815 741 886 psallam
787 816 840 868 in
873 813 1014 868 meis
1035 811 1106 866 'in
1153 827 1266 864 mea
1301 808 1491 879 gloria,
1521 808 1574 861 id
1603 815 1709 871 εει,
1751 807 1804 860 in
1847 819 2087 859 resurre-
2185 796 2346 852 ducet
2374 812 2460 852 me
2502 797 2556 851 in
2607 797 2881 852 civitatem
2933 798 3238 853 munitam?
3267 799 3406 868 quis
3440 798 3688 852 deducet
3721 815 3798 853 me

517 906 696 960 ctione
720 920 859 969 mea,
889 903 980 974 qui
1003 902 1307 958 contristati
1333 907 1459 954 sunt
1486 899 1539 952 in
1569 906 1742 952 morte
1770 910 1909 950 mea.
1935 895 2000 947 Et
2029 900 2088 946 ut
2186 901 2357 958 usque
2403 888 2455 941 in
2483 887 2770 942 lduma‘am
2793 887 2815 940 ?
2841 886 3025 943 Nonne
3056 896 3132 953 ῑυ.
3184 888 3341 949 Deus:
3410 886 3516 958 (ιυὶ
3561 888 3794 957 ῖθρυιὶδιί

518 1006 731 1051 cantem
755 1005 809 1050 et
838 993 1083 1064 psallam,
1125 1001 1204 1058 tu,
1246 1006 1442 1060 corpus
1471 1003 1676 1054 meum,
1707 986 1850 1057 quod
1892 985 2089 1040 dicitur
2187 975 2330 1031 nos?
2365 994 2383 1026 ι
2427 975 2483 1030 id
2523 985 2626 1042 est,
2663 977 2754 1046 qui
2791 977 3050 1047 repellere
3074 992 3173 1032 nos
3203 977 3443 1041 videris,
3482 992 3599 1030 non
3634 977 3799 1030 dando

514 1086 817 1154 psalterium
835 1063 883 1138 et
904 1085 1130 1149 cithara,
1154 1097 1362 1137 morere
1384 1089 1702 1151 etexsurge,
1734 1076 1876 1148 quod
1898 1089 2088 1130 revera
2187 1063 2343 1118 nobis
2371 1072 2429 1118 ut
2478 1065 2833 1134 corporaliter
2879 1066 3179 1119 vincamus.
3224 1082 3243 1115 ι
3274 1064 3345 1118 Et
3384 1078 3505 1118 non
3555 1066 3792 1134 egredie-

517 1175 628 1240 ﬁet,
655 1175 779 1243 quia
807 1191 1082 1244 exsurgam
1110 1172 1362 1228 diluculo.
1404 1170 1725 1226 Psalterium
1747 1168 1942 1223 dicitur
1962 1179 2089 1221 caro

2200 1156 2285 1221 ris,
2312 1157 2472 1221 Deus,
2514 1157 2568 1211 in
2598 1157 2886 1212 virtutibus
2921 1157 3119 1212 nostris
3158 1175 3202 1210 ι.
3235 1156 3302 1210 Et
3324 1155 3470 1226 quia
3503 1155 3626 1210 lucc
3654 1155 3793 1218 iacis,

513 1265 740 1333 Christi,
766 1278 988 1337 prOpter
1009 1266 1268 1321 miracula
1306 1278 1426 1333 qua:
1461 1262 1718 1318 divinitus
1741 1258 2086 1329 operabatur,
2195 1267 2213 1300 ι
2248 1247 2322 1301 Da
2348 1249 2503 1304 nobis
2531 1249 2792 1303 auxilium
2823 1249 2888 1304 de
2914 1247 3276 1311 tribulatione,
3315 1265 3336 1298 ι
3389 1255 3459 1300 ιιι
3485 1245 3606 1315 ipsa
3639 1245 3794 1299 tribu-

516 1360 747 1424 cithara,
772 1367 993 1429 propter
1014 1358 1404 1428 experientiam
1437 1355 1649 1410 mortis.
1680 1353 1979 1422 Exsurgam
2010 1349 2089 1403 di-
2189 1341 2318 1396 latio
2345 1341 2657 1396 corroboret
2685 1357 2802 1405 nos,
2834 1357 2901 1395 ne
2925 1341 3150 1395 interius
3173 1340 3500 1394 vincamur.
3539 1339 3610 1391 Et
3638 1354 3792 1408 quare

518 1449 714 1504 luculo.
739 1449 808 1503 Et
833 1465 938 1518 quo
964 1448 1142 1503 iructu
1167 1447 1303 1502 hoc?
1327 1446 1397 1500 Ut
1421 1443 1683 1500 confitear
1710 1441 1822 1505 tibi,
1846 1439 2087 1501 Domine,
2191 1447 2321 1502 rogo
2343 1431 2599 1485 auxilium
2631 1432 2698 1485 de
2740 1431 3102 1495 tribulatione,
3135 1438 3411 1500 quantum
3461 1430 3536 1482 ad
3583 1429 3792 1484 interio-

515 1539 572 1592 in
593 1538 799 1609 pepuli:
828 1537 1156 1602 Judtcorum,
1192 1547 1240 1590 et
1287 1534 1508 1606 psallam
1544 1533 1632 1587 tibi
1672 1532 1726 1585 in
1767 1529 2086 1590 nationibus,
2189 1536 2304 1576 rem
2337 1521 2605 1576 hominem
2628 1521 2651 1574 ?
2674 1521 2812 1588 Quia
2852 1538 2984 1575 vana
3008 1529 3093 1575 est
3114 1520 3258 1574 salus
3286 1520 3609 1574 exterioris
3637 1519 3787 1571 homi-

523 1629 578 1683 in
616 1629 824 1700 pepulis
867 1629 1126 1699 gentium.
1162 1629 1230 1681 Et
1261 1627 1457 1681 merito
1486 1625 1785 1679 conﬁtebor
1819 1621 1934 1684 tibi,
1967 1618 2091 1687 quia
2192 1613 2293 1666 m's.
2317 1612 2526 1682 thuia
2549 1629 2684 1667 vana
2707 1622 2789 1668 est
2819 1613 2965 1670 salus
2983 1613 3240 1679 exterior,
3273 1613 3409 1668 ideo
3436 1628 3569 1678 nos,
3597 1611 3788 1682 abjecta

518 1736 710 1790 magna
751 1737 906 1790 super
946 1720 1098 1774 ctelos
1141 1717 1495 1772 misericordia
1535 1725 1647 1780 tua,
1709 1714 1761 1767 id
1802 1723 1903 1777 est,
1956 1710 2091 1764 adeo
2193 1703 2368 1757 salute
2407 1703 2518 1769 illa,
2572 1721 2590 1754 ι
2629 1704 2814 1760 inDco
2856 1704 3116 1758 faciemus
3154 1704 3449 1768 virtutem,
3501 1711 3560 1757 et
3603 1704 3711 1772 ipse
3731 1704 3788 1756 ad

518 1789 822 1865 abundavit,
854 1811 1103 1865 omnibus
1133 1811 1184 1863 in
1225 1807 1592 1862 misericordia
1633 1813 1740 1867 tua,
1785 1811 1841 1856 ιιι
1885 1801 2091 1856 faceret
2194 1793 2422 1848 nihilum
2455 1793 2683 1849 deducet
2717 1813 2736 1846 ι
2767 1794 3223 1858 tribulantesnos,
3267 1792 3319 1847 id
3364 1801 3486 1856 est,
3514 1806 3617 1860 pro
3641 1789 3788 1845 nihilo

519 1918 612 1958 eos
650 1917 746 1972 per
773 1903 941 1972 ipsam
971 1901 1396 1957 misericordiam
1441 1898 1704 1967 attingere
1759 1892 2090 1965 supercoele-
2123 1906 2167 1964 Β
2197 1895 2448 1952 reputare
2500 1899 2599 1940 nos
2644 1884 2809 1940 faciet
2853 1884 3256 1954 persecutiones
3302 1882 3669 1938 inimicorum
3699 1897 3783 1935 no-

517 2001 678 2058 stem,
709 1993 761 2046 id
789 2002 887 2057 est,
921 1991 1217 2062 angelicam
1241 1999 1565 2055 creaturam;
1584 1997 1630 2043 et
1660 2003 1819 2058 usque
1839 1985 1907 2038 ad
1930 1985 2090 2038 nubes
2193 1985 2457 2031 strorutn.
3763 1963 3770 1968 ’

517 2086 706 2139 ueritas
743 2095 855 2147 tua,
898 2084 952 2138 id
983 2093 1084 2149 est,
1128 2081 1516 2153 promissiones
1546 2089 1648 2134 tuae
1693 2092 1834 2132 verae
1872 2076 1952 2130 sic
1991 2076 2091 2130 im-
2718 2065 3036 2122 PSALMUS
3071 2065 3248 2123 CVIII.

515 2172 755 2244 plentur,
806 2182 866 2228 ut
896 2173 996 2242 ipsi
1037 2172 1418 2242 praedicatores
1458 2171 1629 2225 nubes
1667 2168 2090 2230 constituantur,
2623 2171 2677 2211 IN
2709 2171 2869 2211 FINEI
2907 2170 3140 2211 PSALHL‘S
3179 2170 3366 2209 oxvrn.

516 2266 752 2336 pluendo
805 2266 986 2321 verbis
1012 2306 1027 2332 ,
1093 2264 1428 2320 coruscando
1479 2263 1753 2318 miraculis
1781 2302 1794 2327 ,
1861 2258 2093 2316 tonando
2270 2289 2288 2323 ι
2334 2270 2498 2337 θεας,
2523 2269 2732 2326 tandem
2763 2286 2936 2325 meam
2963 2285 3030 2326 ne
3059 2271 3316 2335 iacueris,
3341 2271 3481 2341 quia
3511 2284 3574 2325 os
3609 2285 3776 2339 pucea-

519 2357 702 2412 minis;
733 2355 804 2412 Ut
851 2358 966 2412 haec
1003 2357 1183 2411 omnia
1225 2356 1380 2421 ﬁant,
1428 2353 1680 2408 Exaltare
1720 2369 1878 2423 super
1917 2352 2090 2417 caelos,

2199 2379 2218 2413 ι
2270 2361 2402 2416 toris
2448 2369 2504 2416 et
2540 2375 2604 2416 os
2632 2360 2798 2416 dolosi
2829 2376 2990 2433 super
3036 2375 3124 2416 me
3150 2369 3406 2430 apertqu
3461 2368 3569 2414 est.
3606 2358 3772 2412 Locuti

519 2447 682 2512 Deus.
707 2462 795 2501 me
822 2447 1038 2503 homine
1065 2446 1320 2503 subaudis
1347 2445 1614 2510 exattato;
1643 2453 1866 2514 σίδαρον
1891 2459 2092 2497 omnem
2198 2473 2218 2506 ‹
2265 2463 2391 2508 sunt
2439 2455 2719 2509 adversum
2754 2469 2838 2510 me
2882 2454 3062 2525 lingua
3112 2454 3318 2521 dolosa,
3371 2465 3429 2509 ει
3455 2453 3773 2510 sermonibus

523 2547 719 2592 terram
756 2538 923 2608 gloria
961 2549 1073 2602 tua,
1122 2538 1176 2593 id
1213 2545 1316 2603 est,
1357 2537 1588 2608 gloriosa
1637 2536 1959 2591 resurrectio
2002 2543 2091 2590 tua
2198 2560 2218 2594 ι
2259 2542 2368 2597 odii
2420 2543 2890 2598 circumdederunt
2937 2558 3043 2609 me,
3089 2552 3144 2598 et
3205 2550 3665 2614 expugnaverunt
3705 2556 3774 2593 mc

535 2629 933 2693 manifestetur,
960 2639 1019 2683 ut
1054 2629 1132 2684 sic
1159 2629 1443 2682 liberentur
1475 2627 1651 2681 dilecti
1688 2627 1790 2691 tui,
1830 2625 1958 2680 licet
1986 2640 2091 2679 non
2200 2649 2219 2683 ι
2262 2632 2451 2703 gratis.
2480 2632 2587 2687 Pro
2611 2647 2676 2688 eo
2698 2640 2756 2686 ut
2800 2647 2887 2688 me
2909 2632 3216 2704 diligerent,
3236 2629 3766 2686 dctrahebantmihi:

522 2720 708 2792 paleae.
741 2721 804 2775 Et
834 2729 891 2775 ut
928 2721 1245 2786 liberentur,
1286 2720 1483 2775 salvum
1517 2720 1602 2790 fac
1636 2719 1848 2773 dextera
1890 2728 2004 2782 tua,
2046 2727 2094 2772 et
2200 2743 2220 2776 ι
2260 2739 2358 2794 ego
2408 2731 2586 2777 autem
2631 2722 2874 2778 orabam.
2919 2721 2984 2776 Et
3033 2732 3329 2792 posuerunt
3370 2721 3663 2775 adversum
3699 2735 3769 2772 me

520 2813 712 2866 exaudi
741 2829 840 2866 me.
865 2811 930 2866 Et
953 2828 1140 2868 revera
1164 2812 1418 2867 exaudics
1441 2828 1524 2867 me
1551 2812 1602 2866 in
1630 2813 1782 2874 meis,
1807 2811 1930 2880 quia
1956 2809 2094 2862 Deus
2200 2833 2217 2866 ι
2265 2813 2401 2867 mala
2446 2829 2544 2882 pro
2593 2811 2770 2878 bonis,
2817 2820 2872 2867 et
2924 2812 3107 2867 odium
3158 2827 3257 2882 pro
3308 2811 3606 2866 dilectione
3645 2823 3761 2862 mea.

520 2907 725 2960 locutus
750 2917 824 2961 est
858 2907 910 2960 in
945 2915 1125 2960 sancto
1153 2923 1273 2973 suo,
1301 2906 1353 2960 id
1403 2913 1505 2970 est,
1551 2905 1602 2958 in
1641 2921 1726 2958 me
1772 2911 1960 2959 sancto
1996 2917 2094 2957 suo
2201 2924 2218 2956 ι
2261 2903 2538 2961 Constitue
2564 2918 2726 2974 super
2763 2919 2885 2959 eum
2919 2889 3280 2974 peccatorem,
3315 2913 3373 2959 et
3411 2901 3654 2958 diabolus
3679 2908 3766 2956 stet

521 2996 783 3065 disposuit
826 3011 884 3051 se
926 2997 1305 3050 exauditurum
1350 3009 1518 3066 genus
1566 2996 1900 3060 humanum;
1940 2994 2092 3064 juxta
2200 3014 2220 3049 ι
2264 3011 2294 3050 a
2319 2996 2523 3052 dextris
2549 2994 2684 3064 ejus.
2716 2993 3160 3066 Cumjudicatur,
3180 3003 3342 3050 exeat
3371 2994 3757 3055 condemnatus,

521 3085 690 3141 illud:
727 3105 745 3137 t
778 3085 1117 3139 Multifariam
1149 3085 1435 3154 multisque
1472 3085 1644 3140 modis
1678 3084 1804 3139 olim
1846 3085 1990 3140 Deus
2013 3083 2092 3137 lo-
2201 3108 2219 3142 ι
2265 3098 2320 3144 ει
2345 3090 2519 3144 oratio
2561 3089 2677 3159 ejus
2724 3087 2817 3142 liat
2854 3088 2908 3142 in
2952 3095 3252 3158 peccatum.
3297 3086 3469 3140 Fiant
3507 3085 3620 3140 dies
3667 3083 3763 3152 ejus

520 3191 694 3246 quens
728 3177 974 3246 patribus
1013 3177 1065 3231 in
1100 3176 1397 3247 prophetis,
1433 3176 1723 3231 novissime
1761 3175 1949 3230 diebus
1976 3174 2094 3229 istis
2202 3199 2221 3232 ι
2266 3180 2444 3250 pauci,
2490 3189 2546 3235 et
2592 3180 2962 3250 episcopatum
3008 3179 3125 3250 ejus
3155 3178 3394 3248 accipiat
3440 3176 3596 3232 alter.
3625 3175 3762 3229 Fiant

521 3265 734 3321 iocutus
771 3275 856 3322 est
897 3267 1053 3322 nobis
1083 3267 1134 3321 in
1166 3265 1301 3322 Filio
1350 3265 1536 3335 (Hebr.
1579 3265 1642 3336 ι).
1676 3284 1694 3318 ι
1737 3264 1890 3332 Quod
1926 3265 2091 3320 dicit:
2122 3252 2166 3314 C
2203 3289 2220 3320 ι
2271 3268 2361 3324 lilii
2400 3269 2517 3339 ejus
2559 3267 2812 3337 orphani,
2841 3276 2896 3323 et
2942 3282 3080 3322 uxor
3126 3265 3243 3336 ejus
3283 3267 3473 3320 vidua.
3526 3263 3760 3317 Nutantes

523 3355 729 3411 locutus
767 3367 842 3412 est
882 3359 1028 3412 nobis
1058 3359 1112 3413 in
1152 3368 1333 3412 sancto
1363 3374 1479 3412 suo.
1526 3357 1676 3414 Unde
1720 3358 2001 3413 exsultabo
2039 3365 2096 3412 et
2201 3378 2218 3411 ι
2268 3359 2662 3414 transferantur
2691 3358 2785 3413 lilii
2833 3359 2968 3429 ejus,
3011 3361 3066 3413 et
3108 3357 3446 3423 mendicent,
3502 3355 3760 3427 ejiciantur

522 3449 756 3504 dividam
781 3452 1100 3506 assumendo
1130 3451 1436 3517 Sic/rimam,
1467 3451 1591 3521 quia
1617 3468 1750 3505 unus
1778 3461 2091 3518 assumetur,
2201 3471 2220 3505 ι
2265 3454 2330 3507 de
2351 3450 2772 3506 habitationibus
2785 3451 2918 3506 suis.
2942 3451 3226 3506 Scrutetur
3248 3448 3531 3505 fenerator
3570 3457 3754 3499 omnem

521 3544 571 3590 et
594 3535 729 3591 alter
765 3538 1084 3610 relinquetur
1106 3538 1318 3610 (Matth.
1346 3540 1517 3611 xxrv).
1558 3540 1795 3594 Sicbima
1832 3541 2097 3610 interprc-
2201 3562 2220 3596 t
2267 3545 2624 3600 substantiam
2650 3544 2786 3614 ejus,
2816 3553 2872 3599 et
2899 3543 3156 3615 diripiant
3203 3543 3369 3598 alieni
3403 3543 3618 3598 labores
3642 3536 3752 3604 ejus.

524 3636 710 3684 tantur
746 3631 1018 3684 humerus.
1068 3631 1167 3686 Ubi
1215 3632 1586 3702 intelliguntur
1637 3633 1711 3686 illi
1747 3633 1942 3701 quibus
1979 3632 2096 3686 leve
2201 3653 2220 3686 ι
2263 3633 2377 3689 Non
2400 3634 2470 3689 sit
2497 3635 2569 3689 illi
2599 3635 2833 3706 adjutor,
2873 3649 2974 3689 nec
2998 3634 3068 3689 sit
3091 3634 3183 3704 qui
3213 3635 3542 3689 misereatur
3568 3626 3752 3702 pupillis

525 3728 607 3775 est
633 3720 820 3790 jugum
853 3720 1063 3775 Domini
1107 3721 1160 3774 in
1192 3722 1432 3777 humeris
1456 3723 1567 3778 suis
1601 3733 1836 3792 portare.
1874 3722 1940 3776 Et
1973 3739 2100 3776 con-
2201 3745 2219 3778 ι
2260 3725 2396 3794 ejus.
2437 3725 2596 3780 Fiant
2632 3726 2742 3780 nati
2769 3725 2884 3794 cjus
2912 3725 2966 3780 in
2993 3725 3293 3791 interitum,
3341 3726 3396 3780 in
3437 3721 3755 3794 generatione

523 3809 708 3864 uallem
727 3810 1180 3866 tabernaculorum
1201 3813 1464 3879 dimetiar,
1487 3815 1538 3868 id
1559 3822 1662 3880 cst,
1687 3814 1806 3869 illos
1826 3829 2094 3870 assumam
2202 3835 2220 3867 ι
2268 3832 2372 3870 una
2418 3817 2664 3871 deleatur
2715 3831 2912 3871 nomen
2966 3815 3104 3884 ejus.
3159 3817 3217 3871 ln
3249 3815 3568 3870 memoriam
3597 3811 3752 3864 redeat

524 3900 618 3968 qui
653 3901 706 3955 in
737 3901 1080 3957 tabernaculo
1109 3903 1342 3959 militare
1375 3903 1578 3960 volunt.
1615 3904 1683 3958 Et
1721 3922 1864 3959 meus
1888 3915 1961 3959 est
1985 3903 2122 3960 Ga-‘
2202 3924 2220 3958 t
2267 3905 2522 3976 iniquitas
2567 3915 2780 3976 patrum
2831 3903 2947 3973 ejus
2997 3905 3053 3959 in
3097 3915 3393 3975 conspectu
3443 3900 3659 3961 Domini,
3707 3902 3751 3949 et

527 3990 674 4056 laad,
713 3991 767 4046 id
805 3999 907 4055 est,
955 3993 1126 4047 sancti
1168 4003 1456 4064 martyres,
1487 3995 1576 4063 qui
1606 3995 1759 4064 plura
1803 3995 1856 4049 in
1901 4009 1959 4050 se
2003 4010 2098 4049 εκ·
2202 4015 2220 4048 t
2268 4005 2544 4067 peccatum
2571 3996 2760 4050 matris
2790 3993 2906 4062 ejus
2942 4011 3047 4050 non
3095 3994 3362 4049 deleatur.
3396 3993 3554 4048 Fiant
3587 3995 3744 4044 contra

525 4091 784 4138 acervant
811 4083 1254 4149 testimonia,non
1272 4085 1578 4139 dubitantes
1604 4092 1767 4140 testes
1792 4083 1907 4139 ﬁeri
1929 4100 2099 4154 usque
2202 4104 2222 4138 ι
2272 4085 2552 4140 Dominum
2584 4099 2798 4155 semper
2845 4091 2900 4138 et
2948 4085 3217 4154 dispcreat
3248 4085 3315 4138 de
3357 4092 3498 4138 terra
3523 4073 3746 4134 memoria

527 4172 594 4226 ad
617 4170 932 4228 effusionem
963 4173 1261 4242 sanguinis.
1295 4174 1442 4227 Meus
1471 4183 1544 4228 est
1579 4173 1878 4236 Manasses,
1910 4173 1962 4227 id
1990 4186 2094 4239 est,
2203 4193 2220 4227 t
2267 4191 2476 4242 eorum,
2518 4190 2618 4245 pro
2659 4190 2725 4231 eo
2765 4175 2907 4244 quod
2960 4189 3066 4229 non
3117 4182 3200 4230 est
3245 4175 3557 4229 recordatus
3598 4167 3743 4220 facere

525 4262 726 4333 quique
759 4263 1140 4319 obliviscentes
1177 4279 1239 4319 ea
1277 4282 1398 4335 qua:
1429 4274 1571 4322 retro
1597 4274 1741 4332 sunt,
1780 4275 1834 4320 et
1865 4266 1917 4320 in
1947 4274 2097 4321 ante-
2203 4285 2221 4319 ι
2268 4266 2713 4321 misericordiam.
2743 4266 2808 4320 Et
2829 4275 3142 4336 persecutus
3171 4273 3251 4320 est
3273 4266 3542 4321 hominem
3564 4260 3742 4326 inopem

524 4354 668 4410 riora
708 4371 768 4413 se
807 4358 1186 4424 extendentes;
1235 4368 1284 4413 et
1328 4357 1582 4430 Ephraim
1626 4360 1882 4430 susceptio
1911 4361 2097 4430 capitis
2203 4377 2222 4410 ι
2264 4366 2318 4414 ει
2346 4356 2673 4422 mendicum,
2712 4365 2766 4411 et
2804 4364 3185 4426 compunctum
3231 4357 3396 4411 corde
3431 4347 3736 4408 mortiﬁcata.

524 4447 649 4512 mei,
688 4448 743 4503 id
776 4459 882 4517 est,
930 4450 1130 4520 quique
1161 4448 1554 4507 fructificantes
1590 4452 1723 4516 Deo,
1761 4460 1815 4506 et
1858 4465 1963 4506 non
1995 4449 2096 4505 sibi
2204 4467 2223 4501 ι
2271 4449 2336 4504 Et
2363 4449 2548 4504 dilexit
2588 4447 3044 4514 maledictionem,
3093 4456 3148 4503 et
3186 4448 3369 4503 veniet
3409 4445 3494 4501 ei:
3528 4450 3579 4498 et
3603 4433 3741 4493 noluit

523 4537 888 4606 suscipientur
917 4555 947 4594 a
980 4541 1156 4611 capite
1199 4557 1341 4608 meo,
1380 4541 1492 4596 Deo
1525 4541 1730 4597 scilicet
1759 4539 1886 4594 mihi
1913 4550 2098 4610 perso-
2129 4593 2173 4612 ἢ
2207 4561 2226 4594 ι
2271 4541 2701 4596 benedictionem
2729 4549 2784 4596 et
2805 4540 3142 4612 elongabitur
3172 4541 3239 4596 ab
3268 4555 3356 4595 eo.

524 4626 721 4682 naliter
749 4629 920 4684 unito.
967 4593 1063 4686 Vel
1091 4633 1346 4702 Ephraim
1368 4633 1625 4702 susceptio
1657 4631 1841 4701 capitis
1882 4593 2002 4696 uici,
2044 4629 2098 4683 id
2129 4593 2176 4653 Β
2273 4653 2292 4686 ι
2341 4634 2409 4689 Ει
2443 4633 2615 4689 induit
2656 4593 3093 4687 maledictibnem
3120 4632 3262 4687 sicut
3303 4630 3675 4687 vestimentum,
3694 4621 3736 4668 et

524 4723 626 4780 εει,
678 4715 1084 4784 τεοιὶηαιονίαηι,
1114 4720 1204 4774 Ubi
1253 4721 1406 4790 Quasi
1447 4719 1690 4789 deposito
1730 4718 1904 4788 capite
1947 4717 2100 4788 quie—
2205 4743 2224 4776 ι
2272 4725 2494 4780 intravit
2515 4724 2654 4779 sicut
2678 4738 2813 4793 aqua
2837 4723 2891 4778 in
2919 4723 3173 4778 interiora
3194 4721 3328 4790 ejus,
3363 4732 3418 4777 et
3444 4719 3573 4775 sicut
3593 4712 3733 4768 oleum

526 4821 705 4873 scam;
730 4806 883 4874 juxta
905 4807 1034 4863 illud
1068 4827 1081 4862 :
1120 4829 1137 4861 ‹
1173 4809 1369 4879 Vulpes
1400 4809 1583 4865 foveas
1613 4809 1834 4874 habent,
1868 4815 1923 4863 et
1947 4807 2098 4862 volu-

2205 4837 2223 4869 ι
2271 4818 2324 4871 in
2369 4817 2581 4872 ossibus
2621 4813 2755 4884 ejus.
2809 4815 2929 4869 Fiat
2974 4815 3024 4870 ei
3072 4815 3209 4870 sicut
3251 4816 3611 4871 vestimentum
3649 4813 3731 4870 quo

525 4911 648 4952 cres
691 4897 814 4952 εωιί
868 4898 1045 4966 nidos,
1077 4899 1249 4955 Filius
1296 4910 1479 4956 autem
1525 4901 1757 4958 hominis
1785 4917 1891 4957 non
1938 4900 2100 4955 habet
2209 4926 2227 4960 ι
2271 4909 2532 4978 operitur,
2578 4917 2632 4963 et
2665 4907 2805 4962 sicut
2849 4923 2984 4963 zona
3009 4922 3116 4976 qua
3165 4923 3379 4976 semper
3411 4894 3730 4976 praecingitur-

525 4987 615 5042 ubi
665 4996 828 5056 caput
880 5004 1034 5045 suum
1092 4990 1316 5046 reclinet
1368 4990 1596 5062 (Matth.
1645 4991 1801 5062 vni).
1853 5010 1874 5044 ι
1928 4990 2096 5056 Juda,
2205 5022 2222 5055 ε
2269 5002 2382 5058 Hoc
2408 5017 2542 5072 opus
2588 4999 2894 5068 εοτωηφιί
2927 4997 3219 5052 detrahunt
3258 4997 3386 5050 mihi
3423 4989 3551 5062 apud
3578 4978 3727 5038 Domi-

525 5099 618 5137 τείν
670 5101 836 5150 meus,
885 5086 939 5140 id
983 5094 1096 5153 est,
1153 5085 1415 5154 conlessi,
1470 5096 1628 5143 erunt
1676 5101 1832 5158 reges
1893 5087 1998 5142 mei
2048 5093 2103 5141 et
2209 5112 2228 5146 t
2275 5109 2423 5159 num,
2473 5101 2527 5147 et
2567 5092 2656 5161 qui
2720 5091 3017 5160 loquuntur
3058 5087 3196 5144 mala
3240 5088 3489 5142 adversus
3535 5074 3728 5132 animam

525 5178 853 5233 sacerdotes.
887 5177 1065 5244 Moab,
1113 5179 1166 5234 id
1212 5189 1314 5245 est,
1358 5180 1584 5250 quisque
1614 5179 1733 5234 sine
1770 5179 1887 5250 lege
1914 5179 2102 5234 vivens
2209 5182 2227 5232 ι
2271 5197 2465 5236 meam.
2488 5181 2550 5235 Et
2579 5189 2655 5246 tu,
2681 5179 2924 5243 Domine,
2959 5178 3203 5243 Domine,
3229 5175 3313 5231 fac
3335 5184 3530 5230 mecum
3549 5166 3724 5236 pI'Ol‘ler

524 5269 631 5324 erit
653 5268 886 5334 lebespid
904 5278 1006 5336 est,
1032 5269 1256 5326 refectio
1275 5271 1908 5342 spcimew,quiaquanto
1929 5269 2100 5339 majo-
2209 5289 2227 5323 ι
2274 5286 2470 5326 nomen
2514 5279 2680 5334 tuum,
2735 5271 2861 5338 quia
2909 5268 3091 5324 suavis
3119 5275 3202 5322 est
3247 5258 3592 5322 misericordia
3635 5259 3721 5342 tua.

525 5373 639 5414 rem
666 5361 797 5416 mihi
820 5361 1049 5418 inferent
1070 5363 1488 5430 tribulationem,
1534 5337 1683 5419 tanto
1719 5337 1978 5435 majorem
2006 5337 2103 5419 ha-
2211 5379 2230 5413 t
2277 5361 2469 5416 Libera
2514 5375 2620 5425 me,
2669 5337 2792 5429 quia
2818 5374 3018 5432 egenus
3047 5369 3102 5414 et
3162 5374 3364 5435 pauper
3412 5366 3518 5410 sum
3557 5337 3719 5435 θεοτεί

523 5449 625 5504 beo
652 5451 766 5519 spei
790 5453 1285 5508 corroborationem
1315 5453 1398 5508 vel
1443 5432 1842 5510 certitudinern.
1878 5455 1947 5510 Et
1969 5469 2102 5525 quo-
2210 5471 2227 5506 ι
2274 5468 2369 5509 cor
2394 5467 2572 5507 meum
2599 5453 2977 5506 conturbatum
3007 5460 3091 5507 est
3110 5450 3254 5505 intra
3283 5433 3386 5505 me.
3418 5447 3552 5502 Sicut
3571 5432 3719 5525 mum

523 5540 686 5596 modo
720 5543 833 5599 haec
853 5545 1033 5600 omnia
1081 5545 1260 5600 ﬁent?
1299 5545 1436 5612 Quia
1490 5546 1543 5599 in
1571 5545 1886 5611 Idumazam,
1913 5544 1966 5599 id
1986 5521 2100 5609 est,
2209 5565 2227 5600 t
2271 5562 2394 5602 cum
2420 5545 2680 5610 declinat,
2715 5544 2924 5599 ablatus
2958 5558 3097 5606 sum,
3129 5553 3185 5597 et
3217 5552 3464 5596 excussus
3485 5541 3586 5587 sum
3606 5521 3714 5612 sicui

527 5629 583 5685 in
624 5640 876 5691 externos
900 5637 1175 5691 extendam
1219 5637 1625 5692 calceamentum
1665 5653 1857 5701 meum,
1910 5635 1963 5690 id
1996 5642 2100 5700 est,
2209 5656 2226 5687 ι
2272 5635 2509 5690 locustae.
2549 5634 2735 5690 Genua
2781 5648 2902 5689 mea
2949 5633 3221 5688 inﬁrmata
3274 5640 3446 5687 sunta
3467 5615 3650 5695 jejunio,
3673 5611 3714 5659 ει

526 5720 794 5777 notilicari
845 5723 1038 5782 faciam
1074 5727 1506 5783 incarnationem
1549 5741 1744 5783 meam.
1774 5726 1868 5783 Vel
1916 5735 2106 5782 extcn-
2210 5743 2228 5776 ι
2273 5739 2402 5779 caro
2443 5736 2562 5779 mea
2614 5723 2896 5778 immutata
2945 5730 3030 5777 est
3071 5730 3292 5790 propter
3329 5720 3508 5775 oleum.
3548 5705 3603 5761 Εί
3635 5707 3709 5764 εϐθ

525 5807 650 5866 dam
669 5810 1090 5873 calceamentum
1121 5831 1320 5880 meum.
1364 5818 1418 5874 id
1459 5827 1562 5886 cst,
1605 5818 1768 5889 pedes
1811 5817 2098 5886 calceatos,
2209 5835 2226 5869 ι
2273 5815 2445 5874 factus
2475 5831 2592 5874 sum
2613 5815 2956 5886 opprobrium
2977 5807 3550 5872 illiszvidcruntnic,et
3571 5797 3706 5852 "mw
