3868 5416
137 454 228 510 705
1234 444 1764 503 ENARRATIONES
1805 446 1869 502 ΙΝ
1908 443 2241 503 PSALMOS.

3291 453 3390 509 706

140 566 155 598 ι
199 551 321 600 runt
348 542 517 613 capita
561 555 685 594 sua.
708 537 911 608 Adjuva
959 552 1063 601 mc,
1110 537 1334 593 Domine
1362 540 1504 594 Deus
1536 556 1707 605 meus,
1737 546 1786 604 Α
1815 541 1954 595 mala
1982 558 2079 611 pro
2106 542 2277 596 bonis.
2309 540 2436 594 Duae
2464 539 2649 609 primae
2688 548 3074 600 retrmuuones
3111 545 3179 600 ad
3221 546 3393 604 bonos

140 657 156 688 ι
200 636 398 691 salvum
430 648 513 687 me
540 632 625 685 fac
650 630 944 685 secundum
987 629 1412 683 misericordiam
1448 640 1613 685 tuam.
1646 632 1713 715 lt}l

139 746 155 776 ‹
195 724 363 779 sciant
390 723 513 792 quia
546 735 736 775 manus
776 728 864 772 tua
892 719 1031 784 htec,
1053 727 1109 772 et
1154 726 1231 782 tu,
1260 718 1507 785 Domine,
1534 720 1710 785 fecisti

138 836 156 867 ‹
195 830 330 869 eam.
362 810 681 866 Maledicent
729 809 829 874 illi,
856 817 910 863 et
942 817 996 862 tu
1038 809 1361 864 benedices:
1408 809 1497 879 qui
1531 811 1710 865 insur-

139 927 159 957 σ
199 914 327 976 gunt
369 904 421 958 in
468 917 576 967 me,
627 900 1069 956 confundantur:
1120 914 1309 954 servus
1349 910 1529 955 atttem
1588 910 1711 957 tuus

136 1016 153 1048 ι
195 994 475 1050 L'etabitur.
520 992 818 1047 lnduantur
843 990 934 1059 qui
966 990 1256 1043 detrahunt
1284 990 1436 1053 mihi,
1470 992 1708 1059 pudore:

137 1106 154 1138 ‹
197 1094 247 1139 et
276 1084 588 1153 operiuntur
627 1081 767 1134 sicut
810 1078 1039 1148 diploide
1068 1078 1388 1133 confusione
1419 1094 1536 1131 sua.
1570 1077 1712 1133 Con—

138 1198 153 1229 ι
201 1178 390 1231 litebor
432 1174 658 1229 Domino
702 1172 861 1227 nimis
904 1171 956 1224 in
1012 1185 1106 1225 ore
1145 1185 1285 1236 meo,
1336 1178 1390 1223 et
1432 1170 1485 1223 in
1533 1171 1711 1224 medio

140 1287 156 1319 ι
200 1267 485 1321 multorum
511 1263 736 1319 laudabo
760 1279 903 1317 eum.
927 1262 1062 1329 Quia
1091 1263 1262 1317 astitit
1287 1278 1317 1315 a
1347 1263 1553 1317 dextris
1575 1279 1710 1333 pau-

139 1378 155 1410 ι
198 1358 359 1428 peris,
393 1365 451 1411 ut
477 1356 678 1411 salvam
703 1355 904 1409 faceret
939 1370 969 1407 a
994 1354 1445 1424 persequentibus
1473 1355 1708 1409 animam

139 1470 156 1502 ι
201 1465 395 1504 meam.
442 1467 462 1500 )

691 1533 1134 1589 ENARRATIO.

199 1628 260 1682 In
286 1628 447 1697 finem
488 1626 721 1697 psalmus
755 1626 941 1681 David.
980 1625 1095 1681 Vox
1133 1636 1212 1682 est
1254 1627 1309 1681 in
1366 1629 1469 1683 hoc
1500 1628 1707 1698 psalmo

134 1719 317 1789 capitis
343 1717 711 1787 principaliter
755 1716 962 1787 agentis
1003 1719 1067 1771 de
1111 1716 1246 1771 Juda
1298 1718 1555 1773 traditore
1586 1734 1702 1782 suo,

135 1819 181 1866 et
220 1826 316 1880 per
364 1824 484 1863 eum
531 1810 596 1863 de
626 1809 875 1863 onmihus
921 1808 1043 1864 aliis
1087 1810 1546 1879 persecutoribus.
1580 1810 1704 1879 quia

1814 639 2019 685 tantum
2059 632 2349 700 pertinent,
2382 631 2506 701 quia
2539 630 2778 700 perfecte
2816 634 2939 686 boni
2982 635 3211 690 reddunt
3250 638 3391 693 bona

1810 735 1909 789 pro
1938 719 2114 784 malis,
2142 731 2197 775 et
2220 736 2324 775 non
2355 721 2585 775 reddunt
2614 720 2749 775 mala
2780 736 2877 790 pro
2907 722 3078 778 bonis.
3110 724 3236 781 Dum
3263 742 3391 784 vero

1811 809 2033 876 ultimas,
2082 827 2187 865 non
2240 812 2467 866 reddere
2517 811 2656 865 bona
2707 827 2807 881 pro
2858 812 3036 880 bonis,
3069 826 3122 873 et
3168 818 3394 875 reddere

1811 899 1952 952 mala
1983 915 2080 969 pro
2111 901 2266 956 malis
2291 904 2357 956 ad
2386 902 2600 972 iniquos
2625 911 2833 958 tantum
2862 904 3157 974 pertinent.
3188 906 3261 959 De
3290 908 3391 961 hac

1811 996 1993 1041 autem
2038 988 2393 1044 retributione
2437 1006 2541 1059 qua
2586 992 2829 1047 redditur
2862 992 3058 1048 malum
3094 1008 3192 1063 pro
3227 995 3389 1059 bono,

1811 1077 1899 1133 hic
1928 1078 2145 1144 dicitur,
2173 1088 2219 1133 et
2244 1091 2525 1150 posuerunt
2554 1082 2826 1137 adversum
2866 1100 2948 1137 me
2988 1083 3129 1138 mala
3162 1101 3257 1153 pro
3293 1085 3385 1138 bo-

1812 1171 1913 1224 nis.
1948 1171 2075 1224 Dua:
2099 1180 2277 1226 autem
2306 1172 2707 1237 retributiones,
2735 1175 2957 1229 reddere
2982 1173 3118 1230 bona
3160 1191 3259 1245 pro
3290 1175 3392 1229 bo-

1810 1259 1917 1325 nis,
1940 1269 1995 1315 et
2032 1261 2257 1315 reddere
2283 1260 2421 1315 mala
2450 1277 2548 1331 pro
2574 1262 2749 1325 malis,
2778 1279 3089 1319 communes
3117 1274 3240 1319 sunt
3269 1279 3389 1318 me-

1810 1351 2067 1405 diocriter
2110 1351 2288 1415 bonis,
2316 1363 2368 1405 et
2409 1351 2755 1407 mediocriter
2789 1352 2964 1407 malis.
2995 1353 3128 1407 Nam
3173 1362 3228 1408 et
3275 1368 3390 1408 me-

1811 1439 2067 1495 diocriter
2088 1441 2212 1495 boui
2240 1441 2468 1495 reddunt
2494 1440 2630 1494 mala
2657 1456 2755 1510 pro
2777 1442 2951 1506 malis,
2973 1450 3027 1496 et
3051 1442 3391 1497 mediocriter

1810 1531 1937 1584 mali
1976 1532 2114 1586 bona
2145 1548 2243 1600 pro
2277 1532 2449 1586 bonis.
2482 1550 2500 1583 ι
2531 1532 2811 1587 Constitue
2849 1548 3015 1602 super
3039 1548 3161 1588 eum
3189 1548 3386 1603 pecca-

1813 1629 2004 1685 torem,
2036 1628 2092 1673 et
2125 1620 2374 1676 diabolus
2405 1629 2513 1675 stet
2543 1637 2573 1675 a
2601 1622 2804 1678 dextris
2841 1622 2974 1692 ejus.
3013 1640 3031 1673 ι
3076 1622 3213 1675 Ecce
3258 1637 3395 1691 pra:-

1809 1708 1939 1762 dicit
1964 1709 2091 1779 quid
2122 1709 2363 1763 futurum
2402 1711 2473 1765 sit
2516 1711 2710 1779 populo
2754 1713 2818 1767 de
2858 1712 3229 1780 percecutione
3270 1726 3389 1773 sua,

1808 1815 1915 1853 non
1946 1814 2010 1854 ex
2043 1800 2443 1866 malevolentia,
2478 1802 2570 1857 sed
2610 1802 2992 1872 aggratulando
3030 1802 3222 1855 divina:
3265 1816 3390 1855 sen-

137 1902 262 1956 sicut
290 1901 380 1955 illa
415 1916 531 1970 quae
554 1899 716 1954 Petro
743 1899 1082 1965 dicebantur,
1122 1900 1234 1955 ham
1259 1901 1527 1967 videlicet,
1558 1918 1705 1971 quw-
1738 1894 1782 1952 B
1816 1889 2015 1953 lenliﬂe,
2050 1891 2205 1959 quasi
2243 1891 2321 1945 sic
2352 1892 2534 1944 dicat:
2565 1892 2700 1959 Quia
2731 1892 2957 1963 populus
2987 1892 3074 1946 ille
3116 1908 3199 1947 me
3228 1900 3393 1960 caput

135 2008 320 2062 cunque
367 1990 621 2061 ligaveris
655 1988 870 2060 (Matth.
896 1988 1031 2059 xvi),
1063 1999 1192 2057 etc.,
1223 1991 1289 2045 ad
1311 2006 1500 2046 omnes
1534 2002 1708 2046 recto-

134 2097 211 2137 res
258 2081 551 2152 pertinent,
608 2080 687 2136 sic
733 2089 787 2135 et
834 2080 946 2135 haec
991 2097 1109 2150 quae
1166 2082 1232 2136 de
1284 2080 1417 2135 Juda
1457 2084 1709 2137 dicuntur

134 2171 332 2225 caneris
386 2169 823 2240 persecutoribus
875 2170 1219 2239 adaptantur.
1254 2170 1467 2224 lnitium
1514 2170 1707 2241 psalmi

135 2260 231 2315 tale
255 2268 339 2315 est
362 2278 376 2315 :

201 2371 218 2403 ι
254 2354 420 2417 Deus,
449 2351 660 2407 laudem
684 2360 859 2408 meam
891 2366 959 2408 ne
986 2353 1238 2416 tacueris,
1266 2353 1390 2424 quia
1424 2368 1486 2410 os
1512 2368 1706 2423 pecca-

136 2440 258 2496 toris
292 2449 352 2496 et
397 2441 565 2496 dolosi
603 2456 765 2512 super
792 2456 879 2497 me
903 2451 1148 2512 apertum
1180 2451 1282 2497 est.
1318 2462 1336 2493 ›
1368 2441 1530 2509 Quasi
1564 2444 1708 2498 dicat

135 2541 283 2603 caput
327 2541 575 2588 nostrum
620 2550 633 2586 :
678 2532 1061 2588 Persecutores
1110 2533 1214 2587 mei
1262 2550 1368 2589 non
1421 2542 1708 2589 tacuerunt

132 2636 295 2675 meam
346 2622 817 2691 vituperationem,
850 2623 1090 2678 dicentes
1124 2640 1138 2677 :
1180 2622 1504 2678 Dtemom'um
1548 2624 1706 2679 habes

134 2712 300 2781 (Joan.
323 2723 463 2766 vnet
487 2712 626 2784 vin),
643 2722 697 2768 et
718 2714 883 2767 multa
913 2714 963 2768 id
986 2729 1175 2785 genus.
1205 2733 1225 2766 ‹
1245 2714 1323 2768 Τιι
1348 2702 1728 2781 ιιιιιειιι,ῐ)(ξιιε⁴

132 2803 304 2869 Pater,
338 2818 407 2858 ne
435 2812 617 2860 taceas
653 2804 865 2859 laudem
907 2820 1104 2861 meam.
1136 2824 1154 2856 ι
1202 2806 1331 2873 Qua}
1370 2806 1542 2875 major
1590 2807 1706 2863 laus

130 2908 279 2962 quam
311 2894 585 2950 notilicari
618 2895 891 2950 hominem
934 2910 1054 2950 esse
1084 2912 1270 2950 verum
1300 2897 1467 2950 Deum
1499 2898 1565 2951 de
1598 2899 1707 2953 Deo

130 2985 280 3039 vero?
308 2987 457 3055 quod
484 2987 537 3040 in
570 2985 887 3041 infirmitate
914 3001 1057 3041 nunc
1092 2986 1223 3041 latet
1251 2988 1578 3043 revelabitur
1606 3004 1704 3042 au-

129 3082 227 3128 tem
265 3084 409 3146 post.
444 3076 600 3144 Quod
630 3078 758 3131 dicit
793 3094 805 3130 :
841 3075 923 3130 Ne
964 3087 1135 3131 taceas
1170 3076 1381 3131 laudem
1412 3093 1621 3132 meam:
1653 3086 1707 3132 et

129 3179 253 3234 opus
280 3175 368 3222 est
392 3175 451 3220 ut
485 3182 590 3221 non
621 3175 823 3231 taceas,
849 3168 973 3237 quia
1005 3184 1062 3222 os
1100 3169 1409 3238 peccatoris,
1441 3168 1492 3222 id
1520 3176 1604 3223 est
1631 3168 1709 3222 le-

1815 1979 2013 2033 habere
2040 1980 2229 2045 noluit,
2259 1996 2387 2051 ergo
2429 1983 2682 2036 constitue
2718 1999 2873 2052 super
2897 1999 3013 2037 eum
3046 1992 3386 2052 peccatorem,

1814 2070 1867 2124 id
1894 2080 1979 2125 est
2005 2071 2401 2127 Antichristum
2429 2083 2589 2143 caput
2615 2073 2871 2137 habeant,
2897 2085 2944 2129 et
2972 2075 3209 2128 diabolus
3236 2083 3332 2128 stet
3360 2091 3393 2125 (ι

1811 2165 2008 2219 dextris
2038 2166 2176 2236 ejus,
2208 2166 2260 2220 id
2305 2174 2387 2220 cst
2433 2182 2595 2237 opera
2640 2167 2834 2222 diaboli
2885 2167 3112 2221 habeant
3157 2166 3388 2235 potiora.

1810 2252 1910 2320 Qui
1952 2268 2038 2310 me
2085 2254 2369 2309 noluerunt
2413 2254 2612 2309 imitari
2643 2264 2698 2309 et
2725 2266 2885 2324 caput
2929 2255 3129 2309 habere
3166 2255 3388 2310 venien-

1812 2352 1917 2399 tem
1964 2346 2018 2399 in
2067 2345 2283 2399 nomine
2332 2353 2421 2399 tuo
2467 2344 2756 2414 suscipient
2785 2345 2946 2398 alium
2983 2344 3287 2399 venientem
3328 2343 3382 2396 in

1807 2436 2026 2491 nomine
2068 2451 2183 2491 suo.
2218 2453 2237 2487 ι
2266 2434 2397 2491 Cum
2423 2435 2696 2505 judicatur
2724 2455 2742 2487 ι
2777 2436 2864 2490 hic
2895 2435 3121 2505 populus
3162 2435 3391 2490 interius

1809 2528 1910 2593 sic,
1939 2538 1997 2583 ut
2041 2547 2058 2580 ‹
2091 2529 2180 2598 qui
2215 2528 2267 2582 in
2296 2529 2544 2583 sordibus
2587 2537 2669 2583 est
2696 2528 2972 2582 sordescat
2998 2527 3173 2581 adhuc
3203 2526 3388 2598 (Apoc.

1809 2621 1945 2692 χχιι)
1974 2640 1987 2676 :
2017 2641 2035 2675 ι
2072 2641 2089 2673 ‹
2116 2629 2274 2677 exeat
2294 2624 2697 2686 condemnatus,
2724 2640 2741 2673 ι
2774 2622 2825 2676 id
2849 2628 2953 2686 est,
2979 2620 3131 2674 finiat
3153 2620 3313 2673 vitam
3340 2619 3391 2672 in

1808 2714 2257 2769 condemnatione
2283 2723 2337 2767 ut
2369 2714 2692 2783 quandoque
2718 2712 2914 2782 duplici
2946 2711 3395 2766 condemnatione

1808 2806 2214 2861 condemnetur.
2247 2804 2315 2858 Et
2356 2805 2524 2857 oratio
2567 2804 2680 2868 ejus
2721 2803 2815 2871 ﬁat
2856 2806 2911 2857 in
2945 2812 3236 2872 peccatum,
3264 2802 3390 2870 quia

1807 2897 1984 2951 omnis
2012 2896 2210 2961 oratio,
2235 2912 2353 2967 qua:
2397 2912 2501 2951 non
2534 2895 2593 2950 lit
2629 2909 2726 2965 per
2755 2894 3107 2951 mediatorem
3139 2903 3384 2949 nostrum

1806 2986 2013 3052 Jesum,
2048 3002 2159 3041 non
2201 2987 2345 3041 delet
2389 2996 2687 3056 peccatum,
2718 2987 2811 3041 sed
2841 2986 3021 3055 potius
3048 2992 3226 3055 auget,
3260 2984 3388 3055 quia

1809 3079 1870 3133 fit
1899 3079 1951 3134 in
1979 3078 2437 3149 prmvaricatione.
2457 3076 2615 3130 Fiant
2635 3078 2746 3133 dies
2769 3077 2881 3147 ejus
2906 3076 3082 3147 pauci,
3104 3076 3277 3138 idest,
3299 3089 3392 3142 pa-

1811 3186 1927 3223 rum
1955 3170 2210 3238 temporis
2229 3170 2373 3224 vivat
2393 3168 2576 3225 Judas.
2599 3168 2664 3223 Et
2686 3170 3039 3239 episcopatum
3063 3168 3196 3239 ejus,
3216 3168 3266 3222 id
3288 3177 3393 3231 est,

130 3254 202 3324 gis
239 3257 677 3328 transgressoris,
708 3266 756 3311 et
800 3257 971 3311 dolosi
1011 3274 1169 3327 super
1208 3274 1288 3311 me
1329 3268 1591 3327 apertum,
1618 3274 1705 3313 me
1733 3243 1777 3302 (ἶ
1809 3259 2164 3328 apostolatum
2197 3257 2348 3313 Judie
2375 3259 2602 3328 apostoli
2632 3259 2768 3314 alius
2798 3259 2878 3331 (ut
2904 3259 3266 3314 duodenarius
3297 3274 3398 3311 nu-

129 3346 498 3416 vituperando.
530 3346 636 3401 Sed
692 3362 818 3402 ecce
872 3355 1022 3416 patet
1058 3348 1182 3417 quia
1219 3348 1353 3403 falsa
1386 3357 1469 3403 est
1498 3349 1706 3420 vitupe-

131 3436 281 3501 ratio,
309 3452 474 3507 quam
519 3453 626 3492 non
677 3446 820 3493 tacet
870 3447 1122 3507 peccator
1166 3446 1221 3493 et
1267 3439 1503 3494 dolosus.
1547 3440 1705 3494 Patet

129 3526 285 3581 etiam
328 3529 459 3598 quia
499 3543 629 3583 vera
678 3537 760 3582 est
804 3528 940 3591 laus,
979 3544 1143 3597 quam
1192 3544 1297 3583 non
1348 3538 1491 3585 tacet
1539 3532 1699 3586 Deus.

127 3616 260 3673 Deus
291 3620 438 3673 enim
485 3637 666 3685 verax,
710 3620 878 3674 omnis
927 3621 1081 3674 homo
1119 3622 1348 3674 mendax
1384 3620 1558 3690 (Rom.
1596 3622 1703 3692 ιιι),

125 3709 246 3777 quia
272 3726 378 3765 non
407 3718 488 3765 est
517 3712 680 3765 homo
704 3726 890 3776 verax,
922 3711 1024 3765 nisi
1057 3712 1109 3765 in
1140 3727 1248 3781 quo
1278 3712 1514 3781 loquitur
1538 3714 1703 3768 Deus.

128 3803 261 3860 Laus
290 3814 473 3860 autem
494 3806 726 3860 maxima
756 3814 848 3860 est
875 3805 1137 3875 unigenili
1166 3806 1287 3861 Filii
1314 3806 1429 3872 Dei,
1455 3808 1577 3875 quia
1604 3808 1707 3862 hoc

127 3897 295 3967 ipsum
324 3898 445 3952 laus
470 3907 554 3953 est
578 3897 719 3967 quod
744 3906 826 3953 est
855 3897 1162 3968 unigenitus
1206 3898 1373 3952 Filius
1398 3899 1488 3953 Dei
1514 3899 1709 3967 prtedi-

126 3998 292 4043 catus.
323 3988 508 4044 Locuti
561 3996 685 4043 sunt
718 3989 1003 4042 adversum
1049 4003 1134 4042 me
1189 3988 1370 4059 lingua
1411 3990 1619 4055 dolosa,
1652 3998 1708 4045 et

126 4081 465 4136 sermonibus
494 4081 601 4135 odii
635 4080 1111 4135 circumdederunt
1153 4097 1238 4137 me
1278 4091 1333 4136 et
1367 4097 1711 4153 expugnave-

127 4182 248 4227 runt
310 4188 398 4228 me
441 4173 629 4244 gratis.
681 4172 831 4228 Tunc
893 4172 1054 4227 locuti
1096 4184 1215 4228 sunt
1262 4176 1538 4230 adversum
1584 4192 1705 4231 eum

126 4261 302 4333 lingua
333 4264 539 4329 dolosa,
567 4264 783 4334 quando
825 4279 946 4319 eum
978 4274 1236 4334 tanquam
1266 4267 1584 4336 magistrum
1612 4266 1710 4321 bo-

126 4370 250 4409 num
304 4357 541 4426 captiosa
596 4357 908 4412 adulatione
959 4356 1249 4412 laudabant
1285 4359 1499 4431 (Matth.
1545 4362 1704 4431 χχιι).

131 4442 281 4498 Unde
322 4447 445 4499 alibi
496 4464 508 4500 :
546 4465 564 4497 ι
600 4447 665 4500 Et
708 4446 795 4515 qui
846 4461 931 4501 me
956 4446 1244 4502 laudabant
1290 4451 1573 4505 adversum
1622 4467 1708 4506 me

122 4532 375 4601 iurabant
410 4533 582 4606 (Psal.
616 4535 710 4607 Cl).
757 4554 775 4587 ι
809 4536 1293 4591 Circumdederunt
1331 4554 1418 4594 me
1446 4541 1707 4595 sermoni-

1807 3363 1988 3403 merus
2009 3348 2388 3420 adimpleatur)
2407 3349 2649 3418 accipiat.
2669 3348 2785 3411 Vel,
2803 3348 2933 3417 ﬁant
2955 3349 3065 3402 dies
3083 3349 3195 3418 ejus
3215 3348 3392 3417 pauci,

1808 3439 1859 3493 id
1888 3448 1973 3494 est
1994 3440 2128 3503 dies,
2156 3455 2290 3509 quos
2318 3447 2506 3509 putant
2530 3438 2697 3494 Judzni
2719 3439 3036 3509 prolongare
3062 3440 3114 3493 in
3143 3439 3391 3493 habendo

1807 3529 1980 3585 locum
2030 3538 2084 3585 et
2119 3538 2331 3600 gentem
2360 3528 2540 3598 (Joan.
2570 3530 2667 3599 χι),
2700 3530 3027 3591 minuantur,
3050 3538 3097 3581 et
3123 3528 3393 3595 episcopa-

1806 3629 1914 3673 tum
1944 3620 2058 3689 ejus
2089 3621 2310 3689 accipiat
2354 3620 2508 3685 alter,
2540 3635 2625 3675 me
2664 3619 2913 3674 videlicet
2946 3618 3143 3674 factum
3177 3619 3390 3687 episco-

1808 3728 1934 3782 pum
1987 3713 2128 3767 illius
2173 3712 2349 3783 populi
2398 3713 2627 3782 accipiat
2665 3712 2902 3784 gentium
2945 3711 3191 3781 populus.
3228 3710 3391 3764 Fiant

1807 3803 1906 3871 filii
1935 3803 2047 3872 ejus
2085 3804 2305 3871 orphani
2331 3842 2346 3867 ,
2390 3803 2588 3857 amisso
2623 3816 2784 3874 rege,
2826 3802 2909 3856 vel
2954 3802 3112 3856 Patre
3148 3802 3280 3867 Deo,
3309 3800 3394 3855 vel

1807 3894 2072 3964 patribus.
2126 3894 2386 3948 Nutantes
2418 3893 2806 3962 transferantur
2843 3893 2942 3962 ﬁlii
2988 3893 3100 3964 ejus
3125 3933 3141 3958 ,
3180 3893 3232 3947 id
3270 3901 3392 3956 est,

1807 3986 1997 4041 incerti
2050 3993 2105 4040 et
2160 3986 2441 4040 instabiles
2487 3986 2832 4055 ubicunque,
2887 4003 2907 4036 ς
2944 3992 2999 4039 et
3047 3984 3394 4047 mendicent,

1808 4075 2099 4145 ejiciantur
2128 4076 2194 4129 de
2240 4073 2662 4129 habitationibus
2693 4074 2822 4128 suis.
2866 4073 3150 4128 Scrutetur
3180 4072 3393 4126 fenera—

1812 4174 1917 4231 tor,
1950 4185 1967 4217 ›
2006 4166 2058 4220 id
2104 4175 2209 4230 est,
2243 4164 2522 4230 diabolus,
2561 4180 2761 4219 omnem
2795 4165 3137 4217 substantiam
3167 4163 3299 4229 eius.
3342 4161 3394 4215 id

1809 4267 1912 4325 est,
1948 4273 2109 4313 omne
2144 4267 2422 4327 peccatum
2466 4257 2609 4313 illius
2653 4257 2853 4328 populi,
2895 4266 2951 4311 ut
2985 4257 3128 4311 nulla
3179 4256 3228 4309 ci
3259 4271 3391 4309 con-

1811 4351 2077 4405 donentur
2103 4358 2346 4419 peccata,
2381 4349 2504 4417 quia
2536 4364 2641 4402 non
2670 4357 2753 4403 est
2782 4348 3149 4403 reconciliatio
3176 4346 3275 4400 nisi
3299 4359 3395 4414 per

1810 4441 2107 4496 Christum.
2158 4437 2472 4501 Fenerator,
2523 4437 2576 4491 id
2605 4444 2708 4501 est,
2749 4436 3024 4499 diabolus,
3057 4436 3178 4503 quia
3205 4474 3219 4497 ,
3268 4448 3391 4487 cum

1812 4530 2004 4600 aliquis
2047 4530 2277 4597 aliquem
2322 4529 2558 4583 exterius
2601 4526 2830 4590 occidit,
2878 4526 3123 4581 diabolus
3164 4523 3392 4578 interius

126 4623 223 4677 bus
247 4622 378 4689 odii,
405 4625 620 4694 quando
652 4634 836 4694 aperte
873 4626 1178 4680 clamabant
1213 4645 1225 4679 :
1260 4625 1522 4699 Cruciﬁge
1542 4671 1555 4693 ,
1589 4647 1709 4684 cru-
1736 4591 1787 4650 D
1813 4634 1934 4673 eum
1966 4619 2160 4672 occidit
2186 4658 2201 4682 ,
2233 4632 2350 4686 quae
2378 4618 2577 4672 occisio
2603 4618 2819 4687 gravior
2848 4627 2930 4672 est
2959 4617 3237 4682 exteriori,
3267 4617 3391 4685 quia

128 4713 275 4783 cifige
315 4730 430 4767 eum
472 4715 651 4787 (Joan.
687 4715 822 4785 χιχ).
854 4716 919 4769 Ει
946 4728 1371 4786 expugnaverunt
1410 4737 1489 4773 me
1521 4725 1703 4791 gratis,

128 4807 178 4859 id
222 4816 317 4874 est!
353 4810 467 4864 sine
510 4825 696 4875 causa,
726 4810 851 4879 quia
898 4809 1055 4865 siculi
1089 4811 1258 4880 gratis
1284 4812 1371 4880 pie
1398 4823 1602 4879 amant,
1635 4815 1706 4868 ita

130 4899 275 4968 impii
322 4900 491 4969 gratis
539 4902 664 4956 odio
708 4901 935 4956 habent.
985 4899 1093 4955 Pro
1127 4919 1186 4957 eo
1216 4913 1272 4956 ut
1304 4920 1384 4958 me
1414 4906 1705 4977 diligerent,

128 4987 465 5043 detrahebant
518 4991 665 5044 milii.
710 4990 1062 5060 Prosequitur
1111 4993 1344 5062 qualiter
1393 4998 1709 5069 pugnabant

130 5087 319 5130 contra
370 5094 509 5132 eum.
541 5080 675 5133 Nam
719 5078 773 5133 in
815 5080 917 5135 hoc
952 5082 1094 5149 quod
1133 5085 1435 5152 promeruit
1482 5096 1537 5141 ut
1591 5102 1707 5139 eum

130 5167 421 5236 diligerent,
469 5169 808 5224 detrahebant
872 5171 998 5224 mihi
1026 5184 1044 5222 :
1074 5189 1166 5244 ego
1216 5185 1390 5228 autem
1445 5176 1707 5232 orabam:

134 5254 313 5320 Pater,
342 5257 551 5325 ignosce
576 5259 713 5323 illis,
741 5260 868 5326 quia
896 5263 1142 5317 nesciunt
1171 5265 1296 5332 quid
1321 5265 1517 5333 faciunt
1552 5265 1702 5335 (Luc.

128 5346 308 5394 ‘Ylll\_
341 5344 401 5392 Et
422 5356 702 5390 ﬂamma-nn!
744 5348 1012 5384 ηιΙιοηνυηη
1045 5370 1124 5386 “In
1162 5354 1300 5386 “‘"I"
1330 5373 1422 5400 “vn
1462 5357 1627 5402 Imm}.
1661 5363 1707 5398 0’

1814 4710 1905 4777 qui
1948 4709 2091 4763 intus
2137 4709 2421 4772 occiditur,
2471 4707 2571 4762 nisi
2616 4707 2935 4778 resipiscat,
2981 4706 3223 4763 :eternali
3270 4706 3393 4775 igne

1816 4803 2027 4857 tandem
2056 4802 2334 4873 punietur.
2370 4799 2538 4870 llujus
2576 4800 2897 4856 feneratoris
2926 4800 3223 4856 substantia
3268 4813 3393 4867 pec-

1814 4903 1933 4946 cata
1976 4900 2135 4955 sunt,
2170 4892 2292 4960 quia
2327 4892 2378 4944 in
2417 4892 2653 4962 peccatis
2691 4891 3012 4956 delectatur,
3054 4898 3109 4943 et
3148 4903 3243 4958 per
3268 4902 3391 4955 pec-

1814 4997 1935 5045 cata
1957 4989 2109 5059 quasi
2138 5003 2257 5043 esse
2278 4987 2461 5042 habet.
2489 4985 2558 5039 Et
2580 4986 2828 5054 diripiant
2858 4985 3013 5039 alieni
3034 4982 3234 5036 labores
3257 4979 3392 5047 ejus.

1812 5080 1927 5138 Hoc
1956 5081 2308 5137 historialiter
2332 5079 2536 5134 factum
2568 5085 2669 5140 est,
2701 5078 2916 5147 quando
2943 5086 3159 5143 regnum
3186 5067 3397 5121 Judzec-

1810 5189 1930 5228 rum
1974 5172 2212 5245 possedit
2237 5171 2453 5241 gentilis
2499 5166 2747 5236 populus.
2786 5167 2907 5231 Vel,
2943 5163 3139 5216 labores
3177 5155 3287 5223 ejus
3313 5171 3400 5208 ra-

1808 5264 1961 5334 piant
1991 5264 2148 5319 aliem'
2172 5304 2185 5327 ,
2234 5261 2285 5315 id
2322 5273 2424 5325 est,
2463 5268 2652 5332 gentes
2686 5257 2949 5325 recipiant
2990 5246 3401 5323 promissionem

1811 5354 2005 5402 {notam
2036 5355 2254 5410 ίιηίιίῃίς⁵
2278 5353 2427 5392 επεν,
2458 5351 2584 5392 gum]
2642 5368 2655 5378 .
2694 5348 2785 5380 Αιςς
2814 5345 3188 5384 Ιηιιηνανρνιιηι
3230 5343 3278 5366 Α·
3306 5349 3402 5370 "ne
