4034 6470
476 471 577 529 707

1084 463 1344 524 REMlGll
1380 444 2040 519 ANTISSIODORENSIS
2074 454 2224 515 OPP.
2265 455 2464 513 PARS.
2508 457 2547 511 l.
2587 487 2657 497 —
2692 454 3106 514 EXEGETICA.

3661 454 3784 520 708

472 595 577 653 est,
608 599 714 640 non
748 589 1097 656 regeneretur
1140 579 1368 651 populus
1397 576 1507 641 ille,
1541 583 1599 630 ut
1638 574 1686 629 ei
1715 573 2056 627 dimittantur
2083 578 2132 636 Α
2158 569 2519 624 misericordia
2547 580 2662 635 tua,
2690 569 2743 623 id
2765 576 2870 636 est,
2898 568 3265 625 reconciliatio
3285 568 3511 627 humani
3534 574 3789 644 generis

472 688 729 750 peccata,
757 676 850 732 sed
885 695 902 727 ι
935 677 986 730 in
1034 673 1384 746 generatione
1428 686 1534 724 una
1581 668 1824 723 deleatur
1866 681 2064 721 nomen

473 770 610 840 ejus.
649 790 667 823 ι
700 789 717 820 ι
749 769 805 823 ln
828 767 1173 837 generatione
1191 779 1292 818 una
1328 782 1345 815 ι
1366 768 1647 832 permanet
1667 757 1758 827 qui
1782 771 1889 811 non
1914 767 2066 823 rege—

474 870 718 927 neratur,
746 860 862 915 sine
887 873 991 928 qua
1016 853 1421 927 regeneratione
1444 851 1617 906 nullus
1647 847 1838 903 salvari
1868 853 2061 915 potest,

477 951 703 1007 Domino
741 957 970 1004 testante
1006 964 1018 999 :
1057 965 1078 994 ι
1106 944 1218 998 Nisi
1247 944 1369 1013 quis
1396 938 1615 996 renatus
1658 938 1822 993 fuerit
1866 938 2061 997 denuo,

477 1055 583 1096 non
608 1046 784 1110 potest
813 1036 1039 1092 introire
1062 1034 1115 1089 in
1141 1036 1364 1104 regnum
1404 1031 1499 1085 Dei
1525 1029 1708 1103 (Joan.
1734 1026 1857 1099 ut);
1894 1045 1912 1076 ι
1947 1043 1964 1075 ι
2011 1024 2064 1077 in

477 1131 738 1186 memoria
771 1127 956 1182 redeat
1002 1124 1259 1195 iniquitas
1286 1130 1497 1192 patrum
1528 1120 1658 1191 ejus.
1690 1120 1743 1171 in
1772 1122 2065 1184 conspectu

476 1217 709 1282 Domini,
746 1236 764 1269 ι
816 1224 874 1270 ιιι
904 1230 1009 1269 non
1061 1222 1266 1268 tantum
1313 1211 1567 1280 puniatur
1606 1208 1832 1280 papulus
1876 1204 1964 1259 ille
2001 1205 2066 1258 de

475 1319 700 1382 peccato
742 1310 983 1381 proprio,
1028 1308 1122 1363 sed
1162 1306 1327 1363 etiam
1370 1306 1434 1359 de
1475 1303 1713 1374 peccatis
1753 1308 1966 1372 patrum
2010 1297 2065 1351 in

477 1402 712 1474 Egypto
734 1401 1071 1472 peccantium
1104 1416 1116 1451 :
1151 1398 1304 1468 juxta
1328 1395 1481 1460 illud,
1510 1414 1529 1447 ‹
1568 1391 1863 1448 Vindicabo
1884 1392 1936 1445 in
1967 1398 2069 1444 ter-

478 1497 947 1565 tiametqnartatn
969 1492 1370 1565 generationem
1395 1489 1590 1561 (Exod.
1623 1488 1735 1560 xx),
1768 1508 1785 1540 ι
1824 1494 1915 1541 «ει
1938 1500 2064 1555 pec-

476 1593 657 1640 catum
679 1585 869 1638 matris
892 1584 1007 1654 ejus
1022 1599 1125 1636 non
1139 1581 1409 1635 deleatur:
1434 1600 1451 1631 ι
1470 1581 1564 1633 sed
1584 1597 1601 1628 ι
1624 1580 1753 1631 fiant
1773 1598 1790 1626 ι
1810 1575 2066 1645 iniquitas

478 1673 1052 1745 patrumjetpeecatun‘i
1070 1671 1259 1725 matris
1280 1690 1296 1721 1
1323 1679 1513 1724 contra
1532 1667 1812 1722 Dominum
1832 1666 2062 1735 Settiper,

477 1775 534 1821 et
564 1765 832 1837 dispereat
862 1766 928 1820 de
963 1774 1105 1819 terra
1138 1763 1397 1818 memoria
1428 1776 1638 1828 eorum,
1674 1779 1693 1812 ι
1739 1759 1792 1814 id
1826 1765 1929 1823 est,
1958 1772 2066 1811 non

479 1857 794 1913 recordetur
832 1857 1092 1912 Dominus
1123 1872 1306 1911 eorum
1335 1855 1582 1926 amplius,
1614 1861 1674 1908 ut
1719 1860 1938 1929 revocet
1972 1865 2066 1904 eos

2164 675 2284 730 qua:
2312 674 2410 729 per
2448 669 2677 714 mortem
2710 673 2887 713 meam
2925 669 3153 714 ventura
3181 668 3283 716 est.
3329 679 3349 712 ‹
3384 659 3584 717 Libera
3641 677 3787 729 me.

2163 752 2289 821 quia
2319 766 2518 822 egenus
2546 759 2600 804 et
2635 765 2838 820 pauper
2863 766 2981 806 sum
3018 765 3147 821 ego,
3182 759 3236 805 et
3264 765 3360 806 cor
3389 766 3565 805 meum
3624 766 3787 808 oon-

2169 845 2440 899 turhatum
2474 853 2558 899 est
2586 844 2728 898 intra
2765 858 2850 897 me
2878 864 2897 896 ι
2944 844 3068 914 quia
3095 884 3111 909 ,
3141 844 3245 899 etsi
3277 844 3446 899 tristis
3482 858 3785 915 appareo,

2166 953 2273 991 non
2301 946 2383 992 est
2414 938 2542 991 mihi
2576 938 2794 993 tristitia
2821 954 2889 993 ex
2924 949 3193 1009 potestate
3234 940 3583 997 inferentium
3610 981 3633 1006 ,
3670 942 3787 1005 sed

2165 1045 2229 1083 ex
2256 1030 2474 1100 propria
2503 1030 2777 1086 voluntate
2812 1032 2982 1088 tristis
3011 1049 3263 1104 appareo.
3300 1053 3319 1087 ι
3356 1033 3510 1091 Sicut
3538 1035 3780 1102 umbra,

2166 1137 2287 1176 cum
2325 1121 2584 1187 declinat,
2616 1121 2830 1178 ablatus
2863 1138 3006 1190 sum,
3037 1142 3057 1175 ι
3090 1125 3215 1194 quia
3259 1124 3421 1193 sicut,
3447 1124 3783 1182 declinante

2168 1209 2377 1275 umbra,
2405 1210 2465 1264 fit
2491 1226 2618 1277 nox,
2647 1211 2722 1265 ita
2747 1227 2813 1266 ex
2835 1226 2997 1268 carne
3024 1201 3170 1268 mors
3190 1214 3455 1282 sequitur,
3485 1223 3539 1267 et
3561 1229 3781 1269 mu-

2164 1317 2253 1354 sus
2283 1318 2399 1355 sum
2424 1302 2556 1355 sicut
2587 1294 2820 1368 locustre,
2850 1302 2995 1373 quia,
3032 1318 3119 1358 me
3148 1303 3361 1369 relicto,
3386 1318 3579 1360 omnes
3611 1303 3781 1375 fuge-

2166 1400 2290 1446 runt
2317 1390 2531 1461 (Matth.
2567 1394 2752 1466 xxvr);
2802 1393 2885 1448 vel
2924 1409 3169 1448 excussus
3211 1411 3358 1460 sum,
3407 1395 3463 1449 id
3506 1404 3633 1461 est,
3676 1410 3780 1449 ex-

2164 1482 2310 1537 eussi
2339 1491 2465 1536 sunt
2492 1483 2597 1537 mei
2620 1483 2753 1537 sicut
2784 1483 3019 1550 locustaz,
3047 1485 3174 1554 quia
3202 1484 3370 1556 fugati
3401 1493 3531 1541 sunt
3560 1485 3777 1555 ubique

2166 1587 2196 1625 a
2223 1572 2681 1643 persecutoribus.
2708 1566 2890 1627 Genua
2912 1589 3025 1627 mea
3048 1574 3318 1643 inﬁrmata
3340 1586 3460 1629 sunt
3476 1590 3511 1628 a
3525 1574 3775 1645 jejunio,

2166 1661 2221 1715 id
2249 1670 2352 1726 est,
2384 1661 2458 1716 illi
2501 1662 2591 1732 qui
2621 1663 2871 1719 fortiores
2911 1663 3129 1719 fuerunt
3155 1664 3298 1720 inter
3326 1666 3571 1721 membra
3603 1680 3773 1731 mea,

2166 1750 2390 1821 apostoli
2428 1752 2679 1807 videlicet
2720 1750 2975 1808 infirmati
3010 1764 3138 1810 sunt
3180 1772 3214 1810 a
3253 1754 3479 1824 jejunio,
3510 1756 3567 1810 id
3593 1764 3714 1823 est,
3739 1772 3775 1812 a

2165 1842 2449 1912 praesentia
2482 1857 2601 1896 mea
2632 1846 2963 1910 recedentes,
2995 1862 3024 1898 a
3053 1860 3160 1914 qua
3193 1858 3411 1914 semper
3437 1844 3773 1901 reﬁcieban-

479 1949 547 2003 ad
576 1948 951 2018 paenitentiam
985 1965 997 2001 :
1026 1956 1080 2004 et
1110 1949 1213 2003 hoc
1240 1964 1318 2014 eo,
1356 1948 1409 2001 id
1438 1954 1542 2012 est,
1571 1946 1715 2011 ideo,
1740 1945 1865 2014 quia
1892 1956 2061 2012 popu-

2172 1944 2270 1987 tur.
2306 1934 2371 1988 Et
2404 1944 2578 1991 tamen
2627 1936 2755 1991 licet
2787 1937 3055 2005 inﬁrmata
3089 1946 3209 1991 sunt
3237 1977 3253 2002 ,
3299 1937 3589 1992 immutata
3640 1947 3776 2013 sunt

477 2038 562 2093 ltts
591 2039 680 2094 ille
723 2036 1031 2093 Judzeorum
1062 2056 1166 2094 non
1202 2048 1273 2092 est
1317 2036 1618 2123 recordatus
1648 2035 1820 2104 facere
1858 2033 2062 2087 miseri-

479 2136 736 2202 cordiam,
753 2144 833 2201 ut,
850 2135 1032 2190 occiso
1059 2135 1255 2204 capite,
1288 2141 1529 2189 cessaret
1554 2131 1921 2186 membrorum
1943 2144 2067 2198 per-

477 2228 704 2283 secutio.
767 2247 784 2279 ι
820 2228 886 2281 Ει
936 2237 1250 2298 persecutus
1297 2236 1380 2281 est
1427 2226 1699 2280 hominem
1746 2224 1960 2293 inopem
2012 2230 2067 2275 et

477 2319 785 2374 mendicum
809 2358 824 2384 ,
856 2327 912 2373 et
952 2324 1330 2386 compunctum
1361 2317 1522 2372 corde
1555 2314 1882 2370 mortifieare
1906 2354 1920 2380 ,
1957 2333 1977 2365 ι
2013 2312 2066 2367 id

478 2417 585 2475 est,
612 2407 889 2464 Christum
919 2419 1286 2479 compunctum
1325 2405 1478 2461 corde
1514 2406 1567 2460 in
1613 2406 1727 2461 suis
1768 2414 2065 2476 persecutus

478 2508 554 2555 est
599 2499 829 2571 populus
878 2500 984 2555 ille.
1025 2499 1344 2570 Compuncti
1393 2498 1554 2553 corde
1594 2497 1814 2552 fuerunt
1858 2496 1933 2551 illi
1975 2496 2065 2567 qui

479 2592 733 2648 dixerunt
764 2610 776 2646 :
806 2591 945 2658 Quid
994 2591 1268 2660 faciemus,
1301 2589 1398 2642 viri
1444 2589 1634 2659 fratres
1667 2589 1802 2661 (Act.
1851 2587 1959 2658 tt)?
1999 2587 2067 2641 Et

478 2682 575 2739 ille
596 2684 690 2753 qui
720 2683 855 2738 dixit
887 2701 900 2737 :
935 2681 1074 2748 Quid
1109 2698 1189 2735 me
1234 2682 1306 2736 vis
1334 2681 1505 2750 facere
1537 2678 1672 2751 (Act.
1704 2678 1820 2749 ix)?
1846 2677 1904 2732 In
1944 2676 2067 2747 qui-

479 2774 583 2828 bus
611 2772 806 2827 talibus
832 2782 1133 2845 persecutus
1159 2781 1231 2825 est
1260 2771 1568 2824 Dominum.
1601 2767 1667 2821 Et
1696 2768 1878 2822 dilexit
1908 2767 2070 2820 ntale—

476 2864 759 2919 dictionem
809 2862 995 2929 Judas,
1040 2862 1121 2917 vel
1151 2861 1380 2932 populus
1408 2860 1495 2917 ille
1524 2861 1710 2916 dicens
1740 2879 1753 2912 :
1791 2878 1808 2911 ‹
1840 2858 2071 2929 Sanguis

480 2951 597 3023 ejus
612 2969 774 3024 super
797 2970 919 3020 nos,
943 2964 998 3007 et
1020 2968 1181 3023 super
1199 2952 1335 3008 filios
1360 2959 1575 3007 nostros
1597 2950 1812 3023 (Matth.
1828 2950 2017 3020 xxvii).
2046 2969 2063 3001 ι

486 3066 506 3099 ι
529 3046 598 3102 Ει
619 3047 960 3113 venietei,et
989 3043 1625 3111 noluitbenedictionem,
1654 3052 1709 3099 et
1733 3042 2073 3112 elongabitur

483 3139 550 3194 ab
571 3153 655 3194 eo.
684 3139 752 3194 Et
775 3140 950 3196 induit
977 3138 1409 3194 maledictionem
1432 3138 1569 3192 sicut
1591 3136 1990 3199 vestimentum,
2020 3141 2075 3188 et

482 3231 708 3286 intravit
740 3230 881 3287 sicut
920 3246 1059 3301 aqua
1105 3231 1159 3285 in
1200 3228 1456 3284 interiora
1489 3229 1605 3298 ejus
1647 3242 1663 3281 :

1713 3247 1732 3279 ι
1766 3225 1993 3281 interius
2021 3235 2074 3279 et
2115 3252 2119 3256 -

2168 2024 2382 2079 tandem
2410 2034 2621 2095 propter
2650 2024 2844 2092 oleum,
2875 2026 2929 2080 id
2963 2035 3067 2093 est,
3096 2034 3319 2097 propter
3345 2026 3551 2082 donum
3582 2025 3772 2097 Spiri-

2169 2127 2254 2172 tus
2286 2117 2456 2172 sancti
2486 2118 2627 2188 quod
2658 2127 3001 2188 receperunt,
3045 2127 3100 2173 et
3123 2133 3231 2174 non
3265 2128 3477 2174 tantum
3503 2117 3770 2174 fortiores

2165 2208 2420 2263 infirmati
2446 2217 2602 2274 sunt,
2633 2210 2729 2264 sed
2758 2210 2920 2265 etiam
2949 2227 3071 2264 caro
3113 2227 3259 2278 mea,
3290 2211 3345 2266 id
3371 2219 3489 2277 est,
3523 2210 3599 2265 illi
3620 2251 3637 2277 ,
3673 2211 3768 2281 qui

2168 2300 2493 2356 infirmiores
2520 2300 2738 2356 fuerunt
2768 2302 2821 2357 in
2849 2304 3109 2360 membris
3132 2305 3291 2372 meis,
3317 2304 3615 2361 confortati
3638 2313 3772 2362 sunt

2164 2403 2373 2463 propter
2401 2392 2601 2460 oleum,
2639 2392 2693 2448 id
2732 2403 2843 2461 est,
2891 2395 3118 2466 gratiam
3157 2395 3391 2466 Spiritus
3436 2397 3637 2452 sancti.
3670 2393 3769 2451 Vel

2167 2483 2277 2550 sic,
2324 2500 2447 2539 caro
2478 2501 2592 2540 mea
2633 2485 2909 2541 immutata
2940 2496 3013 2541 est
3053 2497 3265 2557 propter
3295 2486 3502 2554 oleant,
3543 2486 3597 2541 id
3645 2494 3763 2551 est,

2168 2578 2399 2635 carnalis
2428 2579 2734 2636 intellectus
2760 2596 3004 2635 meorum
3046 2580 3372 2646 infirmatus,
3400 2595 3500 2650 per
3520 2579 3764 2650 gratiam

2134 2698 2139 2702 ~
2170 2667 2405 2740 Spiritus
2440 2670 2613 2724 sancti
2646 2670 2980 2724 immutatus.
3015 2669 3144 2735 Vel,
3174 2686 3300 2724 caro
3335 2686 3449 2723 mea
3482 2670 3763 2723 immutata

2168 2771 2241 2816 est
2284 2772 2490 2832 propter
2528 2762 2723 2828 oleum,
2752 2762 2807 2816 id
2839 2769 2943 2827 est,
2977 2770 3195 2831 propter
3221 2762 3547 2817 suavitatem
3579 2775 3764 2816 resur-

2171 2855 2442 2911 rectionis.
2487 2854 2555 2908 Et
2599 2871 2691 2925 ego
2727 2855 2900 2923 factus
2934 2872 3049 2909 sum
3093 2856 3425 2926 opprobrium
3459 2854 3597 2919 illis,
3635 2855 3762 2926 quia

2171 2946 2330 3000 sicuti
2355 2960 2442 3000 me
2462 2945 2943 3015 persequebantur,
2964 2945 3037 2999 ita
3051 2955 3107 3001 et
3126 2939 3275 3002 meos
3301 2963 3313 2999 :
3344 2964 3362 2997 ι
3401 2945 3656 3001 viderunt
3678 2960 3763 3002 me

2172 3044 2226 3090 et
2257 3044 2542 3090 moverunt
2585 3036 2761 3105 capita
2788 3051 2923 3101 sua;
2962 3055 2980 3088 ι
3020 3036 3145 3102 sed,
3194 3046 3270 3102 tu,
3313 3055 3331 3086 ε
3368 3036 3760 3091 DomineDeus

2174 3145 2345 3195 meus,
2377 3127 2567 3197 adjuva
2596 3144 2703 3196 me,
2737 3129 2945 3184 salvum
2981 3146 3068 3186 me
3105 3129 3191 3186 fac
3222 3131 3519 3187 secundum
3550 3130 3759 3185 miseri-

2175 3220 2416 3275 cordiam
2453 3228 2621 3274 tuam.
2646 3238 2665 3271 ι
2700 3218 2770 3274 Ει
2809 3221 2996 3288 sciant,
3042 3222 3094 3276 id
3134 3230 3257 3288 est,
3307 3220 3612 3293 intelligant
3637 3223 3755 3291 quia

482 3322 724 3378 exterius
767 3298 1085 3378 maledictus
1123 3328 1205 3376 est
1244 3319 1433 3388 Judas,
1473 3319 1558 3374 vel
1587 3317 1816 3389 populus
1861 3317 1948 3373 ille
1982 3315 2072 3386 qui
2103 3298 2146 3358 C
2179 3329 2363 3367 manus
2388 3324 2480 3367 tua
2508 3313 2640 3380 lucc,
2667 3313 2718 3368 id
2745 3321 2850 3380 est,
2874 3314 3114 3385 potentia
3143 3325 3234 3370 tua
3257 3315 3376 3370 hinc
3397 3314 3583 3371 omnia
3610 3314 3754 3381 fecit,

484 3412 862 3468 abominabilis
887 3412 1138 3467 omnibus
1165 3409 1340 3465 factus
1367 3417 1450 3465 est
1476 3408 1733 3473 exterius,
1762 3415 1816 3462 et
1846 3407 2075 3461 interius

484 3512 836 3560 excaecatus:
867 3513 914 3557 et
952 3503 1082 3556 sicut
1116 3499 1284 3556 oleant
1326 3500 1381 3554 in
1425 3500 1625 3555 ossibus
1663 3498 1807 3568 ejus,
1856 3497 1909 3551 id
1956 3504 2070 3559 est,

484 3596 628 3651 sicut
654 3594 831 3650 oleum
857 3608 979 3649 ossa
1010 3601 1287 3663 penetrat,
1316 3591 1390 3646 ita
1419 3605 1510 3645 eos
1552 3586 1875 3643 maledictio.
1906 3607 1923 3638 ι
1957 3586 2078 3640 Fiat

484 3683 538 3741 ei
566 3683 704 3740 sicut
729 3683 1110 3739 vestimentum
1135 3696 1239 3751 quo
1265 3680 1528 3751 operitur,
1551 3688 1604 3732 et
1631 3677 1771 3732 sicut
1810 3692 1946 3730 zona
1971 3692 2075 3745 qua

484 3788 703 3845 semper
728 3772 1097 3843 praecingitur.
1132 3790 1151 3822 ›
1181 3769 1369 3825 Solent
1394 3769 1484 3837 qui
1511 3778 1732 3822 utuntur
1755 3766 1891 3822 laxis
1916 3767 2077 3821 vesti-

485 3860 590 3922 bus
622 3876 681 3917 se
710 3862 1040 3933 prazcingere
1065 3902 1079 3927 ,
1111 3870 1170 3915 ut
1209 3860 1443 3930 expediti
1490 3860 1598 3914 sint
1641 3860 1706 3913 ad
1744 3858 2075 3930 operantium

487 3957 633 4029 quod
670 3956 881 4012 volunt.
912 3956 1005 4012 Sic
1051 3956 1276 4027 populus
1315 3954 1402 4009 ille
1438 3962 1692 4023 operatur
1738 3951 2075 4007 maledictio-

488 4064 635 4104 nem.
667 4047 734 4101 Et
764 4047 1146 4119 przecingatur,
1184 4046 1239 4102 id
1263 4053 1369 4111 est,
1411 4044 1691 4114 expeditus
1729 4044 1799 4098 sit
1824 4044 1891 4098 ad
1918 4058 2078 4100 omne

490 4138 692 4195 malum
733 4138 1186 4209 perpetrandum,
1230 4146 1289 4192 ut
1319 4136 1514 4191 malum
1548 4151 1653 4191 non
1700 4137 2076 4209 repentinum,

487 4230 589 4285 sed
616 4231 933 4301 dispositum
965 4228 1147 4285 faciat.
1186 4249 1204 4281 ι
1244 4228 1358 4284 lloe
1387 4244 1522 4298 opus
1562 4244 1749 4283 eorum
1779 4228 1871 4297 qui
1899 4228 2079 4282 detra-

491 4319 629 4373 hunt
672 4321 805 4375 mihi
837 4320 977 4390 apud
1011 4319 1294 4374 Dominum
1319 4358 1335 4384 ,
1381 4327 1437 4373 et
1463 4317 1554 4387 qui
1598 4317 1893 4387 loquuntur
1934 4316 2077 4371 mala

488 4410 752 4466 adversus
774 4412 1010 4467 animam
1041 4427 1236 4467 meam.
1273 4430 1291 4463 ι
1324 4409 1487 4477 Quasi
1512 4410 1655 4465 dicat
1684 4427 1697 4463 :
1726 4407 1878 4475 Quod
1905 4407 2075 4463 induti

489 4514 621 4562 Sunt
653 4506 1058 4574 maledictione,
1095 4508 1198 4562 hoc
1228 4522 1333 4562 non
1379 4504 1574 4575 injuste
1600 4504 1779 4560 evenit
1822 4503 1921 4569 eis,
1949 4503 2077 4574 quia

492 4594 598 4651 hoc
642 4605 726 4652 est
763 4612 899 4667 opus
946 4612 1132 4652 eurum
1159 4637 1176 4663 ,
1210 4597 1261 4650 id
1285 4604 1404 4663 est,
1458 4597 1596 4650 hanc
1643 4590 2075 4651 maledictionem

496 4691 865 4761 operabantur
888 4690 990 4745 sibi
1013 4691 1153 4760 apud
1185 4690 1467 4745 Dominum
1492 4688 1621 4744 mihi
1650 4686 1999 4753 detrahendo,
2023 4696 2077 4743 et

494 4779 637 4835 mala
677 4779 939 4835 adversus
980 4780 1214 4834 animam
1255 4794 1430 4834 meam
1476 4777 1762 4848 loquendo.
1810 4775 1901 4831 Vel
1926 4816 1943 4843 ,
1983 4776 2079 4830 hoc

493 4884 626 4943 Opus
656 4885 835 4924 eorum
864 4870 1004 4940 apud
1035 4870 1353 4935 Dominum,
1395 4870 1449 4924 id
1476 4879 1587 4935 cst,
1622 4864 1894 4940 praesci'vit
1919 4875 1976 4921 ut
2004 4867 2078 4921 ita

495 4971 871 5032 operarentur,
908 4961 1047 5032 apud
1083 4960 1384 5027 Dominum,
1419 4960 1559 5027 dico,
1594 4960 1734 5032 apud
1765 4978 1924 5035 quem
1953 4976 2081 5016 con-

497 5061 627 5118 stat,
671 5061 733 5106 ut
758 5054 848 5124 qui
886 5054 940 5106 in
978 5053 1218 5108 sordibus
1255 5062 1350 5119 est,
1388 5053 1651 5108 sordescat
1690 5053 1860 5127 adhuc
1895 5053 2077 5129 (Apoc.

496 5143 656 5214 xxii).
694 5163 712 5195 ι
747 5143 833 5210 Ει,
868 5152 947 5209 tu,
993 5144 1240 5209 Domine,
1273 5143 1359 5199 fac
1380 5160 1588 5200 mecum
1618 5153 1837 5215 propter
1881 5158 2074 5199 nomen

497 5246 679 5302 tuum,
706 5255 725 5288 ι
766 5235 930 5303 Quasi
972 5237 1115 5293 dicat
1145 5254 1158 5289 :
1193 5237 1307 5292 Hoc
1352 5239 1457 5293 illis
1493 5238 1724 5294 eveniat.
1773 5236 1851 5291 Tu
1896 5247 2075 5292 autem

493 5326 734 5391 Domine,
767 5327 853 5398 [ac
883 5344 1105 5393 mecura,
1151 5327 1203 5382 id
1232 5337 1336 5403 est,
1370 5344 1578 5384 mecum
1604 5345 1831 5401 operare
1860 5337 2078 5399 propter

493 5435 691 5475 nomen
731 5429 878 5475 tuum
910 5420 1353 5491 glorificandum,
1390 5429 1447 5473 ut
1493 5420 1790 5489 intelligant
1832 5421 2079 5477 homines

491 5512 683 5565 eadem
714 5525 877 5581 opera
906 5526 1026 5566 esse
1052 5526 1171 5566 mea
1205 5520 1259 5566 et
1289 5520 1378 5566 tua
1412 5530 1424 5565 :
1457 5526 1561 5578 vei,
1592 5527 1816 5581 operare
1844 5528 2075 5579 mecum,

493 5601 649 5671 quasi
681 5601 823 5656 dicat
850 5619 863 5655 :
894 5616 995 5673 ego
1022 5616 1220 5672 operor
1249 5602 1644 5673 perseverando
1670 5603 1725 5657 in
1749 5603 2075 5672 obedientia,

493 5699 549 5746 et
581 5699 636 5745 tu
664 5706 892 5762 operare
937 5708 1171 5757 mecum,
1215 5693 1475 5767 vertendo
1504 5693 1571 5748 ad
1597 5708 1938 5749 communem
1965 5710 2079 5749 om-

495 5782 646 5838 nium
688 5784 976 5841 utilitatem
1005 5785 1148 5855 quod
1200 5785 1301 5856 ipsi
1344 5785 1547 5840 faciunt
1578 5788 1646 5840 ad
1674 5786 1833 5840 unius
1857 5787 2081 5859 damna-7

499 5871 719 5931 tionem.
750 5874 828 5933 Te
857 5890 987 5945 rogo
1019 5885 1075 5931 ut
1105 5891 1313 5933 mecum
1343 5878 1605 5947 opereris,
1652 5877 1777 5947 quia
1802 5880 1976 5935 suavis
2006 5891 2080 5934 est

2105 4646 2154 4707 D

2176 3413 2236 3458 ut
2263 3405 2341 3460 sic
2363 3404 2664 3477 intelligant
2687 3407 2830 3476 quod
2853 3422 2959 3462 non
2988 3407 3254 3463 haberent
3276 3415 3623 3477 potestatem,
3654 3408 3753 3464 nisi

2176 3497 2283 3553 illis
2302 3514 2332 3552 a
2356 3506 2407 3554 te
2423 3499 2547 3554 data
2568 3500 2756 3555 fuisset
2772 3501 2952 3572 (Joau.
2972 3501 3282 3574 ωλρυοά
3305 3501 3457 3569 dicit,
3478 3521 3498 3555 ‹
3522 3503 3755 3559 etseiant

2176 3592 2301 3660 quia
2349 3608 2540 3648 manus
2570 3602 2660 3649 tua
2700 3593 2850 3661 haec,
2893 3604 2950 3651 et
2980 3603 3066 3659 tu,
3116 3595 3373 3663 Domine,
3404 3597 3583 3653 fecisti
3614 3613 3748 3654 eam.

2176 3683 2490 3739 Maledicent
2526 3685 2627 3751 illi,
2653 3695 2707 3742 et
2734 3697 2790 3741 tu
2818 3687 3124 3745 benedices.
3154 3688 3259 3756 Qui
3285 3689 3575 3760 insurgunt
3596 3690 3650 3745 in
3675 3706 3752 3746 me

2178 3775 2594 3842 confundantur,
2631 3794 2820 3834 servus
2854 3789 3037 3835 autem
3085 3790 3230 3845 tuus,
3258 3799 3277 3832 ι
3317 3795 3425 3837 non
3462 3781 3584 3838 dico
3611 3782 3747 3838 late-

2180 3875 2285 3931 tur,
2332 3868 2428 3923 sed
2471 3868 2754 3924 (relabitur.
2800 3870 3105 3926 Induantur
3140 3873 3230 3941 qui
3267 3872 3551 3928 detrahunt
3590 3873 3746 3939 mihi,

2175 3958 2374 4030 pudore
2397 3998 2411 4024 ,
2461 3959 2513 4013 id
2551 3967 2654 4025 est,
2686 3959 2841 4030 plene
2878 3960 3275 4017 confundantur
3314 3963 3463 4019 intus
3490 3972 3547 4021 et
3591 3963 3743 4028 foris,

2180 4050 2261 4105 vel
2299 4059 2423 4105 ante
2451 4052 2618 4106 Deum
2658 4059 2713 4105 et
2746 4060 2873 4107 ante
2903 4053 3149 4108 homines
3171 4092 3186 4119 ,
3216 4063 3263 4109 et
3295 4056 3602 4124 operiuntur
3626 4057 3745 4111 sicut

2177 4143 2406 4213 diploide
2445 4144 2748 4213 confusione
2786 4160 2904 4199 sua.
2951 4143 3155 4215 Diplois
3202 4154 3288 4207 est
3327 4147 3497 4202 vestis
3533 4146 3740 4217 duplex,

2176 4220 2378 4289 nullam
2409 4233 2611 4289 habens
2645 4241 2856 4304 partem
2884 4234 3151 4290 inversam
3170 4276 3185 4302 ,
3213 4236 3305 4292 ubi
3334 4244 3551 4292 notatur
3576 4238 3741 4307 plenae

2178 4327 2257 4381 ria
2289 4324 2555 4381 confusio.
2584 4322 2880 4395 Conﬁtebor
2907 4324 3135 4379 Domino
3164 4325 3319 4381 nimis
3346 4326 3403 4380 in
3429 4341 3521 4380 ore
3546 4342 3672 4392 meo,
3696 4325 3740 4382 id

2177 4426 2280 4480 est,
2310 4415 2462 4471 valde
2492 4416 2545 4470 in
2589 4431 2675 4469 ore
2702 4431 2835 4469 meo.
2867 4413 3032 4482 Quasi
3062 4415 3206 4469 dicat
3239 4432 3251 4468 :
3279 4414 3359 4469 Illi
3399 4415 3505 4470 hoc
3532 4415 3741 4472 habeant

2178 4506 2320 4578 quod
2342 4506 2542 4561 dictum
2565 4513 2669 4560 est.
2694 4503 2807 4575 Ego
2832 4515 3008 4559 autem
3034 4505 3318 4573 conﬁtebor
3337 4504 3565 4561 Domitio
3584 4508 3738 4576 nimis,

2180 4598 2232 4653 id
2258 4605 2373 4662 est,
2405 4595 2556 4652 valde
2586 4594 2638 4650 in
2670 4611 2758 4649 ore
2801 4612 2944 4660 meo,
2977 4595 3029 4650 id
3058 4605 3162 4661 est,
3201 4610 3441 4652 consono
3468 4597 3642 4653 corde.
3680 4594 3739 4653 Et

2179 4686 2233 4740 in
2259 4686 2428 4741 medio
2450 4685 2757 4759 multorum,
2783 4685 2835 4740 id
2857 4694 2961 4750 est,
2991 4685 3044 4741 in
3067 4685 3227 4742 corde
3251 4685 3512 4752 fidelium,
3538 4685 3736 4741 laudabo

2181 4796 2318 4834 eum.
2351 4778 2489 4845 Quia
2518 4779 2679 4834 astitit
2707 4797 2740 4833 a
2764 4779 2962 4834 dextris
2988 4780 3255 4851 pauperis,
3286 4780 3341 4836 id
3366 4789 3475 4845 est,
3503 4782 3593 4852 qui
3626 4781 3732 4837 mihi

2182 4870 2404 4940 pauperi
2442 4878 2496 4925 et
2537 4869 2672 4925 meis
2702 4871 3028 4939 pauperibus
3060 4870 3114 4925 in
3150 4871 3368 4926 dextera
3394 4911 3411 4938 ,
3456 4872 3511 4927 id
3542 4881 3651 4939 est,
3691 4872 3735 4926 in

2181 4962 2379 5035 potiori
2412 4970 2561 5032 parte
2604 4977 2817 5031 semper
2845 4962 2970 5029 fuit,
3016 4963 3217 5023 faciens
3251 4978 3346 5020 eos
3387 4964 3606 5035 diligere
3631 4965 3737 5020 dex-

2186 5062 2319 5118 tera,
2354 5054 2535 5123 idest,
2568 5054 2777 5122 potiora
2806 5071 2818 5107 :
2852 5054 2919 5108 ad
2949 5055 3051 5110 hoc
3085 5072 3103 5105 ι
3140 5055 3313 5113 astitit
3341 5071 3371 5109 a
3401 5056 3607 5112 dextris
3629 5071 3736 5126 pan.

2181 5146 2356 5218 peris,
2404 5153 2463 5199 ut
2500 5144 2704 5200 salvam
2733 5144 2937 5203 faceret
2968 5159 3003 5203 a
3046 5147 3493 5216 persequentibus
3530 5147 3731 5201 animant

2184 5252 2380 5304 meam,
2414 5255 2432 5287 ›
2468 5234 2522 5291 id
2550 5244 2655 5302 est,
2684 5235 2788 5290 mei
2820 5244 2874 5290 et
2901 5250 3142 5290 meorum
3161 5276 3176 5301 ,
3208 5252 3314 5293 non
3339 5236 3415 5291 ita
3445 5244 3505 5290 ut
3532 5251 3631 5292 non
3656 5235 3731 5289 tri-

2182 5328 2520 5393 bularentur,
2566 5328 2661 5384 sed
2696 5311 2779 5382 ine
2823 5326 2903 5382 eis
2947 5325 3438 5399 conformarentur,
3484 5334 3545 5382 ut
3583 5324 3726 5381 illud:

2190 5438 2209 5472 (
2240 5419 2420 5485 Pater,
2458 5435 2566 5474 non
2610 5433 2741 5488 rogo
2768 5426 2827 5473 ut
2873 5418 3031 5479 tollas
3056 5432 3151 5474 eos
3187 5419 3253 5474 de
3296 5417 3495 5474 mundo
3519 5458 3535 5485 ,
3579 5417 3659 5474 sed
3684 5425 3728 5471 ut

2183 5524 2369 5567 serves
2392 5525 2485 5566 eos
2512 5525 2543 5565 a
2568 5509 2709 5565 malo
2737 5509 2918 5580 (Joan.
2949 5509 3106 5579 xvii).
3137 5528 3158 5562 ι
3699 5501 3701 5503 ’

2720 5601 3042 5659 PSALMUS
3078 5603 3215 5658 CIX.

2749 5709 2984 5750 PSALIUS
3021 5709 3205 5750 DAVID.

2260 5806 2278 5839 ι
2298 5786 2443 5841 Dixit
2466 5784 2721 5847 Dominus
2744 5784 2970 5863 Domino
2991 5799 3141 5841 meo:
3169 5784 3309 5842 Sede
3330 5801 3361 5840 a
3388 5784 3719 5847 dextrismeis.

2191 5899 2210 5931 ι
2246 5878 2416 5936 donec
2446 5894 2644 5951 ponam
2671 5878 2920 5938 inimicos
2950 5887 3069 5937 tuos
3092 5879 3384 5938 scabellum
3412 5880 3602 5950 pedum
3636 5889 3719 5934 tuo-
