4034 6442
214 420 321 478 709

1324 419 1850 479 ENARRATIONES
1885 421 1950 474 IN
1992 419 2324 475 PSALMOS.

3377 425 3478 485 710

215 559 236 588 ι
283 551 422 591 rum.
445 535 660 607 Virgam
685 535 898 590 virtutis
922 543 1023 588 tnte
1037 534 1245 589 emittet
1263 535 1517 590 Dominus
1539 553 1599 590 ex
1630 533 1758 589 Sion
1783 552 1796 600 ;
1832 548 1874 602 Α
1909 534 2163 587 Dominus
2191 533 2377 596 David,
2413 529 2539 602 quia
2577 549 2594 582 ι
2622 520 2675 585 in
2709 530 2969 603 principio
2996 542 3112 588 erat
3137 533 3395 604 Verbuin,
3425 547 3482 593 et

217 649 238 680 ι
277 629 558 682 dominare
603 628 654 682 in
701 627 876 682 medio
926 627 1263 680 inimicorum
1316 635 1548 680 tuorum.
1597 626 1794 680 Tecum

219 737 238 769 ι
277 718 602 788 principium
627 718 680 771 in
709 718 794 772 die
823 717 1038 772 virtutis
1069 726 1171 772 tuae
1201 717 1254 770 in
1283 717 1654 786 splendoribus
1679 732 1801 772 san-

220 828 240 860 ι
278 819 514 874 ciorum,
544 825 609 864 ex
641 818 794 863 utero
818 818 942 864 ante
970 809 1276 873 luciferum,
1304 809 1464 878 genui
1490 817 1560 863 te.
1593 807 1802 861 Juravit

218 921 237 952 ι
276 900 560 965 Dominus,
591 909 643 954 et
677 916 780 954 non
823 899 1103 968 ptenitcbit
1134 914 1255 953 eum
1286 913 1300 951 :
1334 898 1412 952 Tu
1441 914 1500 953 es
1540 897 1803 952 Sacerdos

219 1011 237 1042 ‹
277 991 336 1044 in
371 999 632 1044 aeternum
660 990 954 1044 secundum
984 989 1230 1044 ordinem
1262 987 1672 1042 Melchisedech.
1706 986 1804 1039 Do-

218 1098 238 1130 ι
281 1080 464 1133 minus
486 1094 515 1131 a
540 1079 744 1132 dextris
768 1077 890 1142 luis,
913 1075 1174 1146 confregit
1196 1077 1248 1128 in
1268 1076 1352 1128 die
1377 1076 1471 1129 ira:
1494 1090 1602 1129 sua:
1628 1089 1800 1144 reges.

218 1186 237 1218 ‹
278 1167 558 1221 Judicabit
589 1167 638 1219 in
677 1166 1008 1230 nationibus,
1039 1165 1279 1234 implebit
1307 1165 1512 1228 ruinas,
1543 1179 1804 1231 conquas-

220 1278 239 1309 ε
280 1259 430 1314 sabit
457 1258 629 1328 capita
662 1258 712 1310 in
743 1266 882 1309 terra
925 1255 1233 1309 multorum.
1267 1253 1341 1308 De
1370 1262 1611 1308 torrente
1639 1253 1688 1306 in
1721 1252 1803 1305 via

219 1370 238 1401 ‹
276 1351 453 1414 bibet,
482 1358 764 1418 propterea
794 1347 1052 1401 exaltabit
1083 1355 1259 1416 caput.
1291 1365 1309 1397 ι

298 1442 540 1512 Tempus
590 1441 867 1496 constituit
917 1441 1058 1494 Deus
1107 1439 1268 1494 Pater
1319 1437 1600 1508 promissis
1651 1437 1803 1500 suis,

213 1534 505 1588 constituit
567 1533 726 1585 etiam
791 1541 1000 1599 tempus
1062 1531 1142 1585 eis
1207 1547 1326 1599 quze
1394 1529 1644 1600 promisit
1701 1529 1804 1583 im-

213 1623 453 1692 plendis.
494 1619 725 1692 Tempus
752 1620 1166 1692 promissionum
1209 1620 1308 1673 fuit
1341 1636 1370 1674 a
1400 1628 1641 1688 tempore
1683 1633 1808 1688 pro—

215 1718 508 1787 phetarum
566 1729 734 1783 usque
784 1713 850 1767 ad
899 1721 1107 1782 tempus
1158 1711 1379 1767 Joannis
1431 1711 1724 1782 Baptistae,
1777 1727 1807 1764 a

218 1819 468 1878 tempore
518 1805 740 1862 Joannis
790 1804 1045 1874 Baptista:
1097 1812 1154 1858 et
1207 1803 1460 1873 deinceps
1518 1817 1688 1872 usque
1741 1803 1806 1855 ad

1903 622 2138 677 Verbum
2177 632 2292 678 erat
2340 624 2478 691 apud
2527 623 2728 687 Deum,
2783 632 2838 676 et
2892 624 3034 678 Deus
3085 634 3204 680 erat
3246 625 3484 684 Verbum

1905 713 2083 783 (Joan.
2127 717 2188 784 ι).
2232 735 2249 765 ι
2282 714 2387 769 Sed
2423 714 2549 782 quia
2599 691 3215 783 propterinﬁrmitatem
3243 726 3483 773 nostram

1903 821 2066 860 carne
2096 806 2345 875 despecta
2385 805 2719 874 jaccbamus,
2776 823 2794 855 ι
2830 806 3064 861 Verbum
3111 822 3238 861 caro
3280 807 3482 863 factum

1903 906 2006 961 est,
2038 908 2091 952 et
2126 898 2385 952 habitavit
2414 897 2468 951 in
2492 898 2667 952 nobis.
2699 917 2716 948 ι
2753 898 2889 951 Ecce
2913 899 3054 952 [ilius
3085 899 3276 962 David,
3303 908 3356 955 et
3381 899 3488 954 Do-

1905 989 2083 1044 minus
2127 990 2314 1042 David.
2364 991 2505 1043 Ecce
2555 1001 2698 1044 recle
2743 989 3146 1058 respondissent
3192 990 3399 1056 Judaei,
3442 992 3487 1047 si

1903 1093 2026 1132 eum
2059 1079 2416 1134 credidissent
2443 1081 2724 1134 Dominum
2758 1080 2947 1144 David,
2986 1081 3051 1135 de
3084 1096 3191 1150 quo
3230 1082 3344 1150 ipse
3379 1083 3487 1137 Da-

1905 1169 1993 1220 vid
2033 1167 2166 1222 dicit
2208 1169 2284 1222 sic
2317 1186 2328 1222 :
2365 1169 2511 1222 Dixit
2556 1169 2814 1224 Dominus
2865 1167 3026 1223 Pater
3067 1170 3292 1224 Domino
3338 1187 3482 1235 meo,

1907 1261 2203 1314 secundum
2240 1260 2632 1313 humanitatem
2679 1259 2789 1314 ﬁlio
2836 1276 2979 1325 meo,
3008 1270 3061 1314 et
3099 1261 3329 1317 Domino
3367 1278 3489 1318 meo

1907 1349 2200 1403 secundmn
2248 1350 2607 1404 divinitatem.
2647 1351 2712 1403 Et
2753 1351 2896 1419 quod
2948 1351 3079 1404 dicit
3125 1368 3224 1422 pro
3265 1361 3486 1421 experta

1908 1436 2134 1503 malitia,
2162 1455 2259 1507 pro
2302 1439 2567 1507 completa
2602 1439 2904 1494 obedientia
2933 1453 2950 1493 :
2985 1457 3003 1490 ι
3038 1439 3176 1494 Sede
3215 1457 3245 1494 a
3286 1442 3489 1499 dextris

1909 1529 2062 1594 meis,
2105 1523 2203 1583 {id
2230 1539 2328 1594 est,
2357 1530 2535 1601 recipe
2565 1532 2744 1586 me—ad
2768 1532 3043 1588 dexteram
3071 1549 3264 1598 meam,
3301 1535 3354 1590 id
3382 1546 3487 1600 est,

1910 1617 1964 1671 in
1993 1617 2159 1687 priori
2194 1629 2346 1689 parte
2375 1634 2512 1686 mea,
2545 1637 2819 1690 nunquam
2858 1623 2979 1678 inde
3019 1625 3335 1690 movendus,
3359 1625 3489 1679 nulli

1909 1709 2203 1762 secundum
2251 1725 2468 1763 carnem
2515 1709 2970 1777 manifestaudus,
3025 1733 3043 1765 ι
3081 1713 3252 1768 donec
3295 1729 3491 1784 ponam

1912 1799 2159 1856 inimicos
2178 1809 2295 1856 tuos
2316 1803 2607 1856 scabellum
2628 1806 2821 1872 pedum
2844 1813 3077 1868 tuorum,
3103 1825 3120 1857 ›
3153 1807 3204 1858 id
3225 1815 3328 1872 est,
3356 1822 3490 1876 (μιοο

219 1898 387 1952 linem
441 1895 627 1951 mundi
681 1904 892 1964 tempus
941 1902 1024 1948 est
1072 1891 1323 1962 implendi
1375 1907 1493 1959 quae
1539 1890 1806 1960 promisit.
1843 1893 1885 1952 Β
1915 1889 2156 1959 adusque
2207 1907 2394 1947 omnes
2446 1892 2694 1947 inimicos
2739 1909 2865 1948 suos
2915 1894 3140 1948 subdam
3195 1897 3487 1963 potestati:

215 1989 482 2044 Promisit
546 1986 690 2042 enim
756 1984 1064 2039 hominibus
1127 1983 1502 2046 divinitatem,
1569 1981 1809 2035 mortali-

217 2078 325 2132 bus
370 2075 834 2132 immortalitatem
861 2114 876 2139 ,
914 2073 1288 2144 peccatoribus
1325 2071 1766 2142 justiﬁcationem
1793 2111 1808 2138 ,

219 2170 452 2241 ahjectis
512 2166 990 2238 glorificalionem,
1063 2173 1117 2220 et
1193 2163 1450 2234 quidquid
1515 2164 1806 2234 promisit,

219 2264 461 2336 indignis
532 2262 817 2333 promisit,
881 2270 1091 2314 utnon
1155 2260 1308 2328 quasi
1351 2259 1604 2329 operibus
1664 2273 1807 2312 mer-

219 2369 314 2408 ces
384 2353 734 2415 redderetur,
801 2351 895 2406 sed
960 2349 1161 2404 nomini
1213 2365 1309 2404 suo
1355 2351 1528 2420 gratia
1569 2348 1808 2403 daretur.

221 2442 322 2496 His
367 2441 648 2512 promissis
697 2439 1069 2510 adimplendis,
1116 2455 1222 2494 non
1270 2439 1562 2509 quemlibet
1610 2438 1814 2509 princi-

222 2547 371 2602 pem,
405 2540 499 2585 aut
547 2530 827 2602 angelum,
869 2540 962 2584 aut
1007 2531 1422 2601 archangelum,
1460 2531 1811 2586 mediatorcm

222 2623 501 2692 promisit,
533 2622 623 2675 sed
671 2622 886 2676 unicum
932 2620 1147 2684 Filium,
1181 2631 1260 2686 ut,
1292 2637 1396 2690 qua
1429 2621 1512 2673 via
1556 2636 1653 2675 nos
1691 2636 1814 2690 per-

223 2716 493 2770 ducturus
530 2725 673 2770 esset
714 2714 780 2767 ad
825 2714 880 2767 id
918 2714 1061 2783 quod
1106 2712 1374 2783 promisit,
1399 2726 1492 2782 per
1523 2712 1698 2780 ipsum
1725 2711 1812 2764 Fi-

223 2803 361 2858 lium
401 2819 558 2858 suum
601 2802 909 2858 ostenderet
951 2811 1005 2856 et
1049 2803 1321 2872 probaret.
1356 2800 1674 2872 Unigenitus
1712 2800 1812 2854 ita-

225 2916 335 2970 que
366 2900 533 2954 Filius
559 2901 675 2966 Dei,
708 2909 966 2955 venturus
997 2900 1063 2952 ad
1093 2899 1363 2965 homines,
1396 2900 1668 2953 hominem
1698 2907 1815 2954 erat

226 2999 632 3061 assumpturus,
663 3001 716 3045 et
757 3006 854 3060 per
895 2991 959 3044 id.
991 2991 1133 3059 quod
1177 2991 1444 3059 promisit,
1479 2991 1637 3044 homo
1670 2990 1812 3043 futu-

228 3097 349 3144 rus,
389 3083 704 3145 moriturus,
748 3089 1182 3145 resurrecturus,
1233 3081 1285 3133 in
1329 3080 1524 3134 coelum
1558 3097 1812 3135 ascensu-

230 3186 350 3234 rus,
377 3186 623 3224 sessurus
661 3170 727 3224 ad
757 3170 1035 3224 dexteram
1079 3169 1274 3233 Patris,
1305 3178 1359 3222 et
1401 3170 1716 3239 impleturus
1762 3171 1813 3224 in

1911 1980 2052 2049 quod
2075 1981 2179 2034 erit
2211 1980 2261 2034 in
2294 1983 2583 2036 novissima
2633 1983 2741 2048 die,
2767 1983 2981 2051 quando
3008 1985 3378 2053 unusquisque
3405 2001 3490 2040 re-

1911 2080 2198 2140 cognoseet
2227 2086 2285 2126 se
2315 2076 2566 2142 potentiae
2601 2073 2807 2128 Domini
2841 2074 3154 2144 obligatum,
3187 2077 3314 2144 quia
3343 2076 3492 2144 quis-

1911 2175 2016 2228 que
2042 2161 2146 2214 erit
2171 2161 2271 2214 sub
2299 2163 2524 2230 pedibus
2556 2163 2694 2232 ejus,
2726 2163 2808 2218 vel
2839 2165 3030 2229 victus,
3058 2165 3140 2219 vel
3173 2166 3481 2235 adoptatus,

1912 2261 1966 2307 et
2005 2253 2226 2308 habebit
2264 2253 2358 2318 ibi,
2391 2253 2471 2308 vel
2505 2254 2676 2309 locmn
2722 2271 2913 2324 putum,
2942 2257 3025 2310 vel
3067 2257 3242 2311 locum
3285 2261 3492 2326 grati-.e.

1913 2342 2052 2399 Nota
2082 2345 2225 2413 quod
2253 2345 2380 2400 dicit
2410 2362 2422 2397 :
2453 2344 2603 2399 Sede.
2637 2347 2692 2399 In
2721 2348 2824 2402 hoc
2847 2349 2988 2402 enim
3021 2359 3238 2403 notatur
3264 2350 3496 2404 humana

1915 2444 2107 2488 natura
2138 2450 2257 2503 quae
2283 2450 2314 2488 a
2347 2435 2523 2490 Verbo
2550 2435 2762 2490 Domini
2799 2449 3074 2506 assumpta
3103 2449 3206 2494 est.
3235 2439 3498 2495 Divinitas

1913 2528 2055 2581 enim
2086 2541 2186 2580 nec
2212 2527 2419 2593 sedere,
2451 2543 2549 2582 ncc
2577 2537 2722 2583 stare
2751 2529 2967 2583 dicitur.
2996 2530 3240 2585 Mirabile
3268 2541 3351 2586 est
3384 2548 3502 2604 my.-

1914 2621 2136 2675 sterium
2159 2619 2358 2675 Christi
2386 2623 2620 2677 sedentis
2643 2624 2709 2677 ad
2733 2624 3006 2678 dexteram
3031 2624 3226 2679 Patris.
3244 2625 3499 2680 Occulta.

1916 2719 2020 2777 tur,
2065 2721 2124 2766 ut
2153 2713 2440 2779 credatur;
2489 2713 2845 2780 subtrahitur,
2877 2723 2934 2768 ut
2968 2725 3236 2785 speretur.
3269 2715 3394 2771 llaec
3421 2725 3504 2770 est

1909 2798 2123 2869 justitia
2152 2809 2210 2855 ut
2245 2816 2341 2871 per
2365 2802 2523 2857 tidem
2555 2801 2834 2873 spe‘rcmus
2862 2805 2913 2857 in
2941 2819 3063 2859 emn
3096 2821 3254 2875 quem
3286 2822 3393 2861 non
3423 2807 3503 2859 vi—

1917 2893 2126 2958 demus,
2160 2902 2236 2958 ut,
2267 2893 2372 2948 ﬁde
2411 2894 2675 2961 mandati,
2707 2904 2894 2966 postea
2937 2897 3215 2952 videamus
3259 2897 3407 2952 illum
3450 2898 3504 2952 in

1917 2997 2076 3051 quem
2126 2999 2270 3037 nunc
2317 3000 2421 3038 non
2469 2984 2642 3040 visum
2688 2987 2978 3041 credimus.
3017 2989 3092 3044 De
3136 2988 3235 3042 hac
3269 2987 3502 3057 justitia,

1917 3076 2174 3130 Dominus
2201 3076 2254 3130 in
2283 3077 2478 3132 cmlum
2524 3094 2868 3142 ascensurus,
2902 3080 3039 3133 dixit
3074 3097 3086 3133 :
3121 3099 3140 3130 ι
3175 3080 3308 3135 Cum
3341 3096 3502 3135 vene-

1921 3169 1992 3222 rit
2023 3168 2333 3224 Paracletus
2370 3185 2529 3240 quem
2561 3185 2660 3242 ego
2699 3173 2910 3226 mittam
2955 3172 3140 3236 vobis,
3185 3172 3274 3226 ille
3317 3179 3510 3242 arguet

229 3261 484 3331 gentibus
529 3261 670 3329 quod
717 3261 982 3330 promisit,
1013 3267 1065 3314 et
1113 3269 1233 3330 post
1279 3260 1642 3330 impletionem
1691 3277 1816 3330 pro-
1843 3247 1886 3308 C
1924 3261 2180 3314 mundum
2205 3262 2269 3314 de
2291 3274 2510 3330 peccato
2537 3274 2590 3317 et
2617 3264 2682 3318 de
2700 3263 2910 3332 justitia
2935 3276 2988 3319 et
3011 3264 3504 3334 dejudicio(Joan.

231 3353 577 3418 missionum,
608 3353 927 3422 impleturus
958 3361 1016 3407 ut
1045 3354 1246 3418 veniat,
1284 3363 1337 3407 et
1366 3353 1507 3422 quod
1550 3369 1818 3423 prmroga-

232 3447 334 3512 vit,
363 3445 567 3516 exigat,
600 3446 872 3500 discernat
901 3461 1029 3500 vasa
1076 3446 1168 3500 ine
1199 3462 1227 3499 a
1260 3446 1404 3500 vasis
1437 3447 1820 3502 misericordia:

235 3533 413 3606 (Rom.
449 3535 588 3605 xxi),
616 3535 806 3588 reddat
838 3535 1016 3604 impiis
1048 3536 1189 3604 quod
1228 3537 1463 3590 minatus
1497 3544 1601 3601 est,
1633 3537 1820 3590 reddat

228 3626 393 3696 justis
421 3625 561 3694 quod
583 3626 854 3696 pollicitus
879 3635 979 3682 est.
1005 3626 1120 3681 Hoc
1149 3642 1277 3698 ergo
1309 3621 1477 3681 letum
1500 3628 1825 3697 prophetau-

236 3716 365 3768 dmn
403 3715 523 3780 fuit,
558 3716 1047 3786 praenuntiandum,
1086 3718 1595 3783 conuuendamlum,
1628 3733 1695 3772 ne
1736 3734 1825 3771 su-

238 3806 350 3859 bito
401 3806 623 3860 veniens
672 3807 1004 3872 horreretur,
1047 3807 1142 3861 sed
1179 3807 1445 3862 creditum
1476 3815 1827 3876 exspectare-

238 3906 350 3960 tur,
382 3911 502 3966 quae
533 3897 711 3950 omnia
742 3897 1008 3966 Propheta
1046 3898 1100 3952 in
1140 3898 1243 3952 hoc
1277 3898 1482 3967 psalmo
1519 3899 1670 3953 nobis
1699 3915 1824 3968 pro-

235 3990 455 4042 nuntiat
482 3997 537 4042 et
573 3989 932 4052 commendat,
967 3989 1048 4044 sic
1085 3989 1312 4044 dicendo
1343 4007 1356 4044 :

317 4103 334 4134 ι
371 4083 517 4137 Dixit
563 4084 822 4140 Dominus
863 4085 1090 4140 Domino
1139 4103 1259 4142 meo
1304 4106 1316 4141 :
1361 4087 1499 4142 Sede
1545 4104 1576 4142 a
1623 4089 1826 4144 dextris

239 4174 399 4229 meis.
443 4194 460 4226 ι
500 4175 653 4241 Quod
687 4191 876 4230 versus
908 4177 1008 4230 iste
1037 4177 1102 4231 de
1135 4177 1362 4231 Domino
1390 4178 1524 4232 Filio
1552 4181 1824 4249 accipien-

239 4266 343 4320 dus
393 4266 487 4330 sit,
524 4265 752 4336 ipsemet
793 4264 1053 4320 Dominus
1103 4275 1156 4321 et
1206 4265 1455 4321 Salvator
1503 4277 1686 4322 noster
1732 4267 1824 4322 Dei

238 4359 413 4414 Filius
444 4359 498 4412 in
526 4359 815 4430 Evangelio
847 4361 1102 4426 ostendit,
1135 4360 1286 4430 quia,
1316 4376 1439 4414 cum
1478 4369 1748 4430 qurererct
1795 4376 1826 4414 a

240 4453 446 4508 Judaais
469 4470 482 4506 :
509 4453 672 4523 Cujus
696 4453 891 4507 Filium
922 4455 1194 4508 Christum
1220 4455 1487 4518 dicerent,
1520 4462 1575 4508 et
1606 4469 1828 4524 respon-

243 4543 487 4607 dissent;
512 4541 678 4597 David
703 4561 717 4597 :
744 4543 831 4598 ille
854 4544 1109 4598 continuo
1135 4544 1480 4613 rcSpondcns,
1505 4545 1612 4598 ait:
1642 4564 1658 4595 ι
1692 4546 1828 4612 Quo-

244 4634 408 4688 modo
430 4648 559 4704 ergo
583 4643 737 4688 vocat
761 4651 884 4689 eum
910 4634 1190 4688 Dominum
1221 4633 1410 4700 David,
1435 4635 1619 4689 dicens
1646 4653 1657 4688 :
1686 4635 1830 4690 Dixit

250 4726 512 4780 Dominus
537 4727 763 4781 Domino
790 4742 908 4781 meo
937 4745 948 4779 :
975 4727 1113 4781 Sede
1138 4742 1166 4779 a
1189 4726 1392 4780 dextris
1417 4726 1588 4780 meis?
1616 4725 1830 4798 (Matth.

248 4817 386 4887 xxn)
412 4837 429 4868 ι
453 4817 566 4871 Non
593 4820 706 4873 haec
753 4819 997 4888 quazsivit
1025 4816 1280 4871 Dominus
1303 4817 1732 4887 iuterrogans,ut
1753 4818 1834 4871 di-

250 4925 405 4964 scere
435 4910 595 4964 vellet
624 4925 654 4963 a
687 4909 905 4974 Iudaeis,
949 4910 1044 4964 sed
1073 4918 1129 4963 ut
1159 4923 1251 4963 eos
1292 4909 1530 4974 doceret,
1566 4909 1613 4962 si
1655 4908 1831 4962 nesci-

254 5010 397 5066 rent,
432 5010 490 5054 ut
521 5001 763 5057 dicerent
793 5019 807 5054 :
837 5000 938 5065 Tu,
972 5001 1055 5056 die
1089 5001 1260 5056 nobis.
1309 4999 1436 5065 Sed,
1480 4999 1606 5070 quia
1651 5001 1835 5055 miseri

253 5090 477 5147 fuerunt
522 5102 574 5147 et
616 5094 810 5162 perditi
838 5133 851 5157 ,
893 5092 1199 5145 maluerunt
1241 5092 1423 5145 inﬂata
1473 5092 1836 5147 taciturnitate

255 5185 517 5253 disrumpi
559 5200 721 5254 quam
772 5183 958 5238 humili
1009 5183 1347 5239 confessione
1396 5183 1629 5246 edoceri.
1684 5184 1838 5239 Dicat

257 5291 388 5346 ergo
415 5275 670 5345 magister
693 5285 896 5341 noster,
926 5284 981 5330 et
1001 5277 1189 5330 doceat
1216 5292 1314 5330 nos
1333 5277 1460 5345 quid
1486 5277 1586 5331 sibi
1618 5292 1838 5346 respon-

259 5369 505 5422 deamus.
551 5366 992 5435 Respondeamus
1041 5367 1190 5421 illum
1236 5366 1431 5420 Filium
1472 5382 1590 5422 esse
1636 5368 1834 5433 David,

261 5458 405 5513 sicut
444 5455 634 5521 Judzei,
679 5459 803 5526 quia
850 5459 951 5512 nisi
1006 5457 1172 5512 Filius
1217 5467 1360 5512 esset
1405 5457 1595 5524 David,
1641 5475 1840 5527 nequa-

261 5565 425 5618 quam
477 5549 680 5603 diceret
729 5548 1076 5619 Evangelium
1127 5566 1140 5601 :
1192 5566 1211 5599 ι
1265 5547 1426 5603 Liber
1478 5550 1842 5617 generationis

259 5638 389 5694 Jesu
419 5637 618 5694 Christi
643 5637 761 5693 Filii
792 5639 958 5693 David
988 5639 1202 5709 (Matth.
1238 5638 1298 5708 ι).
1331 5659 1347 5689 ι
1375 5658 1392 5688 ι
1415 5637 1691 5704 Quomodo
1714 5654 1842 5709 ergo

267 5740 308 5796 [ι
329 5737 431 5789 ινῐιι
461 5734 513 5787 in
542 5732 733 5803 spiritu
764 5742 918 5786 vocat
947 5746 1070 5787 cum
1101 5730 1408 5795 Domimnn,
1439 5729 1626 5784 dicens
1655 5747 1667 5782 :
1703 5729 1848 5784 Dixit

262 5825 530 5884 Dominus
548 5823 774 5880 Domino
801 5837 923 5880 meo
952 5840 964 5877 :
995 5819 1133 5877 Sede
1164 5837 1193 5876 a
1217 5821 1421 5876 dextris
1453 5820 1623 5875 meis?
1660 5838 1676 5872 ι
1711 5819 1846 5874 Vere

1859 4595 1906 4654 Ι)

1919 3350 2052 3418 xvi).
2068 3371 2084 3401 ι
2106 3351 2169 3404 Et
2184 3352 2312 3420 quid
2329 3352 2649 3422 intelligeret
2664 3352 2931 3422 justitiam
2949 3356 3215 3424 exposuit.
3243 3354 3510 3423 «Dejusti-

1921 3441 2014 3506 tia,
2042 3441 2234 3510 inquit,
2261 3443 2387 3511 quia
2434 3443 2500 3497 ad
2530 3444 2745 3500 Patrem
2773 3448 2929 3501 vado.
2963 3466 2981 3498 ι
3019 3448 3084 3500 Et
3112 3448 3224 3502 haec
3251 3440 3514 3519 estjustii-

1925 3533 1996 3586 tia
2025 3548 2151 3587 vera
2192 3543 2250 3587 ut
2279 3535 2563 3590 credamus
2591 3552 2714 3590 eum
2757 3539 2824 3591 ad
2858 3538 3076 3593 Patrem
3107 3540 3290 3606 ivisse,
3335 3549 3390 3595 et
3433 3542 3507 3597 ibi

1923 3624 1990 3678 ad
2039 3625 2316 3678 dexteram
2361 3627 2476 3695 ejus
2513 3628 2699 3682 sedere
2738 3631 3088 3699 quoadusque
3127 3641 3383 3687 venturus
3426 3642 3511 3687 est

1916 3712 2164 3782 judicare
2203 3723 2310 3769 tam
2359 3717 2475 3785 pios
2518 3733 2679 3786 quam
2723 3717 2939 3788 impios.
2987 3739 3005 3770 ε
3044 3719 3257 3791 Virgam
3294 3721 3510 3776 virtutis

1925 3813 2028 3859 tua:
2078 3805 2286 3859 emittet
2343 3806 2599 3862 Dominus
2648 3823 2714 3862 ex
2766 3808 2919 3876 Sion,
2963 3811 3243 3867 dominare
3285 3813 3341 3866 in
3391 3827 3507 3867 me-

1926 3897 2013 3951 dio
2061 3897 2402 3952 inimicorum
2458 3908 2702 3964 tuorum,
2758 3920 2776 3952 ι
2833 3902 2988 3971 quasi
3045 3905 3188 3958 dicat
3234 3920 3249 3958 :
3300 3923 3317 3954 ‹
3362 3904 3511 3958 Dixit

1926 3990 2186 4044 Dominus
2237 3991 2464 4044 Domino
2516 4007 2636 4046 meo
2680 4009 2692 4044 :
2736 3991 2873 4046 Sede
2922 4010 2952 4047 a
3005 3994 3210 4049 dextris
3263 3995 3444 4049 meis:
3486 4015 3505 4046 ι

1928 4081 2068 4150 quod
2121 4082 2221 4136 hoc
2267 4083 2455 4136 ordine
2505 4083 2626 4146 tiet,
2674 4083 2799 4152 quia
2849 4084 2961 4152 ipse
3012 4084 3266 4138 Dominus
3315 4084 3509 4147 Pater,

1926 4181 2009 4226 est
2041 4173 2187 4242 virga
2213 4173 2415 4226 virtutis
2450 4183 2572 4238 (utr,
2605 4173 2657 4226 id
2685 4183 2786 4238 est,
2819 4184 3090 4244 sceptrum
3121 4175 3507 4230 dominationis

1931 4270 2052 4323 ture,
2076 4277 2296 4330 regnum
2319 4261 2568 4316 videlicet
2593 4264 2910 4328 virtuosum,
2944 4273 2995 4318 et
3018 4267 3116 4320 hoc
3144 4265 3506 4335 incipiemlum

1931 4350 1983 4402 in
2015 4349 2166 4414 Sion,
2185 4351 2307 4420 quia
2331 4351 2474 4404 salus
2495 4368 2559 4405 cr.
2579 4351 2781 4406 Judwis
2806 4363 2879 4405 est
2908 4352 3086 4422 (Joan.
3117 4353 3248 4422 xvi).
3279 4353 3345 4406 Et
3373 4353 3507 4406 dixit

1931 4443 2091 4496 etiam
2116 4442 2370 4496 Dominus
2397 4444 2554 4497 Pater
2574 4444 2687 4508 tibi,
2712 4461 2743 4498 ο
2771 4444 2992 4500 Domine
3014 4444 3139 4508 Fili,
3177 4463 3195 4494 ι
3231 4445 3512 4500 dominare

1934 4535 1986 4588 in
2037 4536 2212 4589 medio
2243 4535 2580 4589 inimicormu
2626 4546 2859 4602 tuorum,
2898 4557 2916 4588 ι
2975 4538 3026 4590 id
3073 4547 3176 4604 est,
3215 4540 3512 4607 potentiam

1938 4637 2083 4681 tuam
2114 4641 2303 4680 exerce
2341 4627 2394 4681 in
2440 4629 2614 4682 medio
2659 4644 2988 4699 paganorum
3037 4638 3091 4684 et
3133 4631 3510 4688 luereticorum

1935 4718 2028 4787 qui
2077 4726 2196 4771 tuos
2242 4717 2478 4788 undique
2531 4719 2885 4773 circumdant.
2921 4720 3039 4786 Vel,
3090 4739 3108 4771 ς
3142 4722 3422 4778 dominare
3457 4724 3512 4779 in

1937 4809 2113 4863 medio
2172 4808 2512 4863 inimicorum
2556 4819 2793 4873 tuorum,
2825 4830 2842 4862 ι
2895 4812 2946 4865 id
3007 4821 3125 4878 est,
3165 4814 3217 4868 in
3261 4815 3516 4872 cordibus

1938 4898 2151 4952 illormn
2185 4897 2274 4967 qui
2302 4914 2366 4952 ex
2396 4899 2632 4953 inimicis
2660 4900 2786 4954 tient
2810 4901 2968 4956 amici
2995 4904 3090 4956 tui.
3117 4903 3182 4958 Et
3207 4905 3400 4959 merito
3420 4904 3516 4958 (10-

1940 4991 2255 5056 minaberis,
2287 4991 2378 5060 qui
2426 5008 2524 5062 ego
2578 5002 2745 5046 tecum
2787 4994 3124 5064 principium,
3169 5005 3222 5052 et
3254 5005 3308 5050 tu
3337 5011 3513 5052 memn

1937 5084 2271 5154 principium,
2304 5100 2409 5138 non
2457 5087 2600 5156 quod
2648 5087 2752 5140 duo
2781 5089 3044 5158 principia
3091 5091 3219 5155 sint,
3252 5090 3344 5146 sed
3387 5092 3513 5160 quia

1940 5193 2031 5247 ego
2054 5178 2107 5231 in
2136 5187 2205 5242 te,
2229 5185 2274 5231 et
2305 5187 2359 5229 tu
2384 5177 2436 5230 in
2462 5194 2540 5230 me
2558 5176 2738 5248 (Joan.
2758 5179 2913 5248 xvu),
2938 5180 3080 5248 quod
3102 5181 3384 5250 apparebit
3407 5198 3514 5236 non

1941 5270 1992 5324 in
2023 5270 2107 5325 die
2137 5270 2467 5326 inﬁrmitatis
2499 5281 2618 5338 tuae,
2650 5274 2738 5326 sed
2767 5274 2819 5325 in
2847 5275 2930 5328 die
2952 5277 3152 5328 virtutis
3179 5285 3303 5341 tute,
3331 5275 3384 5329 id
3409 5285 3516 5342 est,

1943 5360 1994 5414 in
2032 5361 2280 5416 claritate
2315 5362 2668 5427 a:ternitatis,
2702 5378 2820 5431 qua}
2851 5362 3066 5417 claritas
3106 5373 3188 5417 cst
3211 5364 3514 5428 ineii‘abilis,

1942 5449 2032 5504 lux
2062 5450 2367 5516 inetfabilis,
2401 5451 2517 5506 fons
2547 5452 3001 5516 inexhaustibilis,
3034 5455 3232 5508 veritas
3262 5455 3380 5509 sine
3419 5455 3516 5509 de-

1944 5541 2107 5606 fectu,
2139 5553 2192 5596 et
2215 5558 2309 5596 ero
2326 5553 2498 5597 tecum
2519 5544 2833 5611 principium
2848 5544 2898 5595 in
2923 5543 3301 5612 splendoribus,
3329 5545 3381 5599 id
3409 5555 3518 5613 est,

1945 5636 2160 5704 quando
2201 5635 2372 5689 sancti
2403 5644 2563 5690 erunt
2608 5636 2660 5687 in
2697 5634 3011 5702 splendore,
3039 5634 3091 5688 id
3121 5645 3235 5702 est,
3263 5637 3316 5690 in
3352 5637 3520 5691 nimia

1949 5726 2197 5780 claritate
2217 5767 2230 5790 ,
2264 5741 2370 5778 non
2392 5724 2504 5792 jam
2531 5735 2799 5777 terrenam
2836 5739 3054 5778 carnem
3092 5735 3396 5796 gestantes,
3423 5742 3522 5783 nec

1950 5819 2004 5873 in
2037 5819 2248 5874 mortali
2294 5832 2522 5887 corpore
2551 5825 2856 5887 gementes,
2884 5816 2976 5872 sed
3006 5817 3058 5872 in
3087 5818 3254 5889 glt'n'ia
3280 5821 3524 5876 incorru-
