3868 5342
491 441 580 513 in

1091 447 1356 507 R—EMlGll
1392 438 2051 506 ANTISSIODORENSIS
2081 434 2230 495 OPP.
2272 435 2453 493 PARS
2491 434 2534 491 1.
2574 462 2645 478 -
2680 431 3091 492 EXEGETICA.

3660 431 3750 489 7i!

489 612 495 630 .
524 567 685 626 tionis
743 572 798 622 et
849 562 1273 619 immortalitatis
1334 560 1633 631 fulgentes,
1675 556 1831 626 juxta
1892 554 2022 610 illud
2052 565 2066 604 :
2099 553 2150 611 A
2175 548 2480 612 chisedech,
2512 567 2530 600 ι
2557 557 2611 603 ει
2633 548 2849 613 merito,
2864 548 2991 620 quia
3013 548 3126 617 ipse
3151 544 3317 602 Filius
3346 563 3380 601 ιι
3423 546 3630 602 dextris
3663 549 3749 603 tuis

488 676 515 710 vi
554 657 854 727 Fulgebnnt
899 654 1032 726 justi
1052 654 1230 735 χείρεσι
1271 651 1351 707 sol
1390 652 1442 705 in
1486 664 1654 720 regno
1683 647 1858 701 Patris
1885 660 2071 700 eorum
2173 653 2294 706 ens,
2326 639 2579 709 confregit
2600 639 2655 691 in
2679 637 2763 691 die
2786 637 2881 691 ira!
2901 653 3013 692 sua:
3039 652 3202 706 reges,
3233 636 3287 691 id
3309 647 3414 701 est,
3433 636 3488 691 in
3520 637 3753 692 conside-

486 747 707 818 (Matth.
752 745 898 813 xui).
930 764 949 797 ι
976 744 1074 799 Vel
1123 743 1319 798 aliter:
1352 740 1552 795 Tecum
1572 754 1669 794 ero
1700 756 1718 790 ‹
1751 736 2073 807 principium

490 852 545 891 tn
574 836 670 890 die
688 835 905 890 virtutis
958 842 1080 899 tuae,
1113 852 1131 885 ι
1181 841 1240 887 ει
1268 845 1362 886 ero
1386 828 1713 900 principium
1744 845 1763 877 ι
1805 826 1858 880 in
1892 824 2075 895 splen-

488 927 713 982 doribus
773 933 1103 988 sanctorum,
1159 942 1179 974 ›
1214 923 1265 976 id
1316 929 1430 986 est,
1472 919 1528 974 in
1587 916 1794 988 Spiritu
1853 926 2073 981 sancto,

488 1032 588 1088 per
617 1032 776 1089 quem
799 1016 1000 1071 habent
1031 1022 1205 1070 sancti
1237 1011 1499 1084 quidquid
1523 1008 1828 1080 Splendoris
1850 1007 2074 1062 habent.

485 1108 784 1165 Dluraliter
804 1105 959 1167 dicit,
982 1113 1201 1175 prapter
1218 1104 1432 1157 diversa
1454 1100 1594 1155 dona
1617 1098 1851 1170 Spiritus
1872 1097 2075 1152 sancti:

490 1217 557 1255 ea:
586 1208 732 1253 utero
767 1208 887 1250 ante
925 1195 1204 1265 luciferum
1241 1194 1395 1265 genui
1424 1203 1494 1258 te,
1523 1191 1676 1262 quasi
1708 1190 1852 1245 dicat
1883 1206 1896 1242 :
1942 1187 2079 1243 Vere

493 1303 671 1347 tecum
725 1305 845 1345 sum
895 1304 996 1360 ego
1038 1288 1386 1352 nriucioium,
1430 1286 1559 1356 quia
1596 1299 1696 1355 ego
1733 1281 1890 1353 genui
1933 1290 1981 1334 te
2016 1295 2082 1335 ea:

492 1391 642 1436 utero
663 1421 679 1446 ,
704 1380 759 1435 id
788 1388 906 1446 est,
930 1394 1000 1435 ex
1042 1378 1232 1434 intima
1275 1375 1579 1432 substantia
1624 1389 1743 1429 mea
1775 1383 1830 1428 et
1870 1379 2080 1427 secreto

489 1485 616 1528 esse
643 1484 784 1533 tneo,
816 1477 936 1523 ante
962 1467 1266 1536 luciferum,
1293 1466 1347 1521 id
1375 1473 1483 1533 est,
1514 1473 1639 1520 ante
1663 1464 1847 1521 omnia
1870 1478 2034 1535 opera
2061 1480 2077 1517 :

493 1559 690 1616 lucifer
713 1558 926 1629 dignior
951 1557 1105 1613 stella
1131 1565 1213 1613 est
1236 1557 1378 1612 inter
1399 1564 1627 1611 caeteras
1651 1554 1853 1619 stellas,
1882 1563 1939 1610 et
1960 1553 2081 1609 ideo

495 1650 638 1704 sic'ut
662 1657 874 1703 constat
902 1648 1183 1704 Dominum
1212 1647 1408 1701 Filium
1439 1646 1606 1702 fuisse
1626 1657 1750 1701 ante
1772 1644 2079 1709 luciferum,

496 1741 582 1796 sic
610 1748 823 1796 constat
847 1755 970 1795 eum
1006 1738 1173 1794 fuisse
1199 1746 1325 1793 ante
1361 1752 1551 1793 omnes
1583 1737 1738 1801 alias,
1768 1744 1825 1791 et
1849 1736 1930 1792 sic
1955 1744 2081 1791 ante

497 1833 679 1887 omnia
720 1839 994 1900 tempora,
1043 1829 1167 1899 quia
1198 1844 1295 1900 per
1331 1844 1455 1884 eum
1492 1828 1673 1884 omnia
1725 1827 1865 1882 facta
1905 1835 2030 1883 sunt
2063 1845 2076 1881 :

2176 731 2386 787 ratione
2401 732 2497 787 ira:
2512 746 2622 785 sua:
2637 728 2831 785 futura:
2847 746 3010 800 reges,
3031 730 3082 785 id
3096 738 3197 792 est,
3216 731 3269 783 in
3286 728 3491 784 szeculo
3502 729 3754 784 excellen-

2178 824 2357 878 tiores.
2384 822 2451 877 Et
2474 821 2746 892 quomodo
2774 821 2917 876 hoc?
2932 820 3220 890 judicabit,
3255 820 3307 874 id
3329 827 3440 883 est,
3460 817 3753 889 justajudi-

2176 915 2260 971 cia
2288 914 2561 969 exercebit
2585 914 2639 968 in
2674 912 2992 977 nationibus,
3023 910 3199 975 idest,
3230 910 3284 987 in
3318 908 3753 979 gentibus,etju-

2178 1007 2405 1063 dicundo
2449 1004 2678 1075 implebit
2726 1004 2928 1068 ruinas,
2968 1001 3020 1057 id
3049 1011 3133 1057 est
3154 1042 3171 1066 ,
3202 1001 3471 1072 quosdam
3502 999 3755 1055 humiliari

2180 1100 2371 1165 faciet,
2401 1105 2461 1152 ut
2503 1099 2555 1153 iu
2586 1112 2647 1152 se
2679 1096 2988 1152 exalteutur
3021 1111 3035 1148 :
3066 1103 3121 1148 et
3154 1092 3374 1148 tandem
3400 1090 3754 1162 conquassabit

2181 1191 2373 1262 capita,
2400 1190 2452 1245 id
2472 1198 2576 1253 est,
2608 1187 3045 1245 cervicositatem
3075 1194 3130 1241 et
3150 1184 3465 1255 superbiam
3494 1182 3755 1236 multum

2179 1281 2235 1337 in
2263 1291 2402 1336 terra
2432 1280 2731 1336 viventium
2754 1296 2775 1345 ',
2813 1280 2928 1334 sive
2956 1279 3122 1333 etiam
3158 1275 3518 1331 morientium
3545 1313 3564 1340 ,
3595 1282 3650 1328 et
3676 1272 3755 1328 hoc

2183 1386 2292 1441 quo
2316 1371 2506 1428 ordine
2533 1370 2661 1427 ﬁet?
2687 1370 2764 1424 De
2790 1378 3014 1425 torrente
3034 1368 3087 1423 in
3109 1368 3192 1421 cia
3215 1365 3374 1421 bibet.
3415 1365 3665 1420 Torreus
3686 1363 3756 1417 hic

2181 1463 2386 1518 fluxum
2424 1461 2771 1519 mortalitatis
2811 1459 3098 1531 signiﬁcat,
3145 1460 3213 1514 de
3241 1473 3352 1528 quo
3400 1465 3641 1510 torrente
3676 1453 3755 1509 Do-

2182 1554 2361 1612 minus
2393 1555 2531 1611 bibit
2572 1557 2626 1610 in
2658 1554 2762 1620 via,
2811 1554 2936 1624 quia
2959 1554 3121 1608 etiam
3165 1560 3399 1605 mortem
3456 1548 3519 1603 in
3550 1548 3757 1602 humano

2182 1662 2412 1717 corpore
2440 1644 2682 1718 gustavit
2710 1659 2727 1699 :
2754 1663 2772 1697 ι
2799 1653 3084 1715 propterea
3107 1641 3369 1698 exaltabit
3386 1648 3585 1710 caput,
3618 1658 3637 1691 ι
3657 1638 3756 1707 qui:

2182 1739 2233 1795 ei
2263 1739 2477 1796 dabitur
2496 1756 2515 1789 ι
2542 1752 2738 1794 nomen
2768 1738 2910 1809 quod
2930 1743 3014 1792 est
3029 1750 3192 1806 super
3214 1747 3379 1789 omne
3395 1747 3606 1789 nomen
3622 1730 3756 1802 (Phil.

2184 1829 2287 1900 11).
2323 1848 2342 1882 ι
2377 1827 2561 1884 Potest
2607 1826 2711 1899 legi
2741 1828 2978 1897 psalmus
3019 1825 3119 1881 iste
3157 1822 3350 1882 ordine
3392 1829 3759 1892 praeposteram

505 1941 525 1973 ε
554 1922 761 1993 juravtt
790 1921 1068 1986 Dominus,
1117 1927 1173 1973 et
1238 1935 1342 1974 non
1385 1919 1670 1990 pmuitebit
1699 1934 1865 1975 eum:
1905 1918 1983 1972 Tu
2031 1933 2091 1975 es
2120 1909 2165 1967 Β
2195 1923 2316 1978 sic:
2355 1939 2374 1973 ι
2420 1918 2566 1974 Dixit
2603 1919 2864 1976 Dominus
2919 1918 3082 1975 Pater
3136 1919 3367 1974 Domino
3403 1932 3538 1973 meo
3566 1936 3586 1970 ι
3628 1913 3758 1977 Filio.

496 2011 753 2068 sacerdos
805 2011 857 2067 in
918 2020 1179 2065 telernum
1220 2010 1514 2064 secundum
1577 2010 1822 2063 ordinem
1865 2005 2089 2062 Melchi-

498 2105 696 2162 sedech
734 2123 746 2158 :
787 2124 805 2157 ι
844 2104 1007 2172 Quasi
1052 2104 1197 2159 dicat
1229 2119 1243 2157 :
1277 2103 1390 2159 Hoc
1448 2103 1582 2157 dixit
1614 2102 1872 2159 Dominus
1926 2100 2088 2157 Pater

499 2196 568 2253 de
597 2211 765 2265 regno
804 2205 929 2259 tuo,
958 2211 992 2250 ο
1031 2194 1258 2251 Domine
1286 2193 1410 2259 Fili,
1441 2194 1509 2248 de
1551 2192 1853 2249 sacerdotio
1902 2201 2084 2247 autem

498 2297 627 2355 tuo,
673 2288 841 2358 quid?
863 2288 1065 2359 juravit
1108 2287 1386 2342 Dominus.
1432 2286 1574 2342 Ecce
1602 2284 1753 2354 jurat
1786 2284 2084 2352 Dominus,

499 2382 593 2453 qui
618 2380 891 2436 hominem
930 2380 1107 2451 iurare
1132 2379 1381 2449 prohibet
1407 2392 1475 2434 ne
1504 2377 1559 2432 in
1582 2377 1876 2449 periurium
1902 2376 2085 2447 prola-

507 2481 689 2535 Datur,
722 2478 778 2526 et
799 2471 918 2526 ideo
947 2470 1119 2542 magis
1147 2471 1305 2545 Deus,
1330 2469 1421 2540 qui
1455 2469 1509 2524 in
1538 2468 1834 2540 perjurium
1859 2482 1964 2524 non
1986 2482 2085 2539 po-

502 2571 615 2619 test
644 2562 753 2617 labi
786 2578 800 2614 :
833 2562 996 2616 homo
1023 2569 1226 2627 autem,
1257 2561 1346 2632 qui
1377 2576 1474 2631 per
1494 2560 1940 2617 consuetudinem
1962 2574 2088 2629 pec-

502 2655 661 2710 candi
709 2655 763 2709 in
819 2652 1119 2725 periurium
1166 2661 1348 2724 potest
1374 2654 1594 2720 cadere,
1622 2653 1942 2723 prohibetur
1980 2666 2086 2706 non

502 2750 712 2815 iurare.
753 2744 927 2800 Tanto
956 2746 1101 2800 enim
1146 2744 1359 2816 longius
1402 2754 1486 2801 est
1529 2760 1559 2800 a
1599 2744 1838 2816 periurio
1882 2751 2089 2813 quanto

502 2838 607 2892 erit
644 2836 858 2907 longius
887 2853 916 2891 a
940 2837 1196 2906 jurando.
1229 2837 1339 2892 Cur
1368 2852 1497 2907 ergo
1529 2852 1635 2893 non
1660 2836 1806 2905 juret
1830 2835 2088 2890 Dominus

499 2943 624 2982 cum
656 2927 868 2982 Domini
891 2925 1258 2996 juramentum
1287 2926 1658 2998 promissionis
1679 2925 1751 2980 sit
1773 2924 2086 2979 firmamen-

503 3030 619 3077 tum
643 3021 833 3093 (Hebr.
875 3020 986 3092 vr)?
1018 3020 1176 3075 Jurat
1214 3022 1406 3086 homo,
1435 3029 1491 3075 et
1515 3019 1894 3090 iujuramento
1918 3018 2086 3071 Deum

504 3120 662 3167 vocat
691 3119 905 3166 testem.
935 3109 1049 3165 lloc
1089 3120 1175 3165 est
1208 3110 1353 3165 enim
1379 3110 1590 3181 jurare,
1624 3108 1910 3163 Dominum
1942 3106 2089 3163 testi-

502 3202 682 3269 ficari,
714 3210 770 3257 et
808 3201 928 3258 ideo
962 3203 1263 3258 cavendum
1295 3211 1410 3269 est,
1454 3217 1521 3257 ne
1557 3202 1610 3256 in
1647 3199 1824 3271 aliqua
1853 3199 2087 3256 falsitate

508 3265 677 3349 homo
700 3293 870 3348 Deum
903 3294 1156 3349 adhibeat
1194 3265 1405 3348 testem.
1434 3291 1492 3348 Si
1519 3307 1649 3363 ergo
1667 3265 1896 3360 iurando
1917 3290 2086 3346 Deum
2116 3265 2161 3326 (ἶ

511 3398 766 3455 testatur,
791 3405 892 3445 cur
919 3404 1024 3446 non
1051 3398 1106 3444 et
1120 3389 1355 3460 iurando
1384 3388 1528 3444 Deus
1561 3396 1791 3443 testetur
1815 3383 2088 3456 seipsum?

504 3484 650 3554 quod
676 3484 829 3548 dicit,
858 3482 1070 3537 Iuravit
1102 3482 1380 3549 Dominus,
1422 3492 1469 3537 et
1514 3499 1617 3537 non
1659 3480 1920 3551 paenitebit
1947 3495 2086 3546 eum,

506 3589 604 3645 per
635 3574 1009 3645 paenitentiam
1039 3572 1270 3627 mutatio
1318 3588 1499 3627 rerum
1541 3570 1879 3643 significatur
1907 3587 1921 3625 :
1960 3585 2093 3639 quo-

506 3665 768 3731 modotu,
801 3665 987 3729 homo,
1016 3680 1139 3719 cum
1173 3663 1376 3735 aliquid
1425 3672 1477 3718 te
1508 3663 1791 3734 pmniteat,
1825 3663 1975 3718 doles
2010 3660 2092 3716 fa-

505 3766 658 3813 ctum
686 3758 830 3828 quod
869 3756 1070 3823 fecisti,
1109 3757 1188 3812 sic
1228 3757 1444 3827 quando
1492 3758 1636 3812 Deus
1667 3756 1870 3826 aliquid
1897 3766 2093 3827 prteter

508 3864 659 3919 Spem
697 3848 979 3904 hominum
1005 3890 1020 3915 ,
1056 3848 1108 3904 id
1139 3857 1257 3914 est,
1291 3857 1488 3919 praeter
1524 3863 1684 3918 quam
1736 3856 1960 3918 sperant
1997 3848 2095 3902 ho-

516 3942 713 4005 mines,
741 3949 917 3995 mutat
938 3940 991 3994 in
1020 3940 1187 4005 aliud,
1217 3940 1482 4010 ptenitcre
1521 3955 1579 3995 se
1611 3939 1743 3995 dicit
1766 3953 1938 4010 usque
1959 3938 2096 3994 adeo

511 4038 575 4085 ut
602 4045 724 4085 eum
754 4030 1013 4100 pmniteat
1037 4029 1104 4085 de
1130 4044 1288 4101 poena
1322 4040 1530 4096 nostra,
1561 4030 1605 4085 si
1648 4046 1747 4086 nos
1776 4029 2096 4101 paenituerit

517 4121 589 4176 de
623 4120 765 4175 mala
795 4121 904 4175 vita
934 4129 1140 4176 nostra.
1177 4120 1387 4176 Iuravit
1410 4136 1532 4191 ergo
1562 4119 1823 4175 Dominus
1846 4160 1863 4188 ,
1887 4120 1938 4175 id
1977 4129 2094 4185 est,

518 4211 784 4277 firmavit,
822 4221 869 4266 et
905 4229 1006 4267 non
1040 4210 1302 4281 pwnitebit
1342 4226 1481 4276 eum,
1509 4210 1634 4281 quia
1673 4225 1780 4266 non
1824 4210 2096 4278 mutabit,

511 4303 638 4373 quid
654 4302 893 4371 iuravit?
919 4321 938 4355 ι
971 4302 1049 4358 Tu
1076 4317 1137 4359 es
1158 4301 1425 4358 Sacerdos
1455 4302 1509 4357 in
1538 4310 1825 4368 aeternum,
1849 4319 1869 4355 ι
1899 4302 2019 4358 ideo
2042 4303 2097 4357 in

510 4402 770 4449 aeternum
824 4395 948 4464 quia
1002 4409 1108 4449 non
1153 4393 1433 4465 pmnitchit
1471 4408 1633 4450 eum:
1667 4393 1759 4448 sed
1811 4395 2099 4449 secundum

513 4488 644 4557 quid
674 4487 931 4543 Sacerdos
954 4489 980 4541 ?
1010 4486 1126 4543 Non
1172 4487 1459 4542 secundum
1499 4487 1734 4541 ordinem
1771 4485 1978 4553 Aaron,
2006 4486 2100 4558 qui

512 4578 771 4647 praecepit
801 4578 985 4634 offerri
1035 4579 1240 4635 hostias
1267 4588 1324 4634 et
1366 4579 1616 4635 victimas
1656 4577 1872 4635 Veteris
1907 4579 2101 4635 Testa-

513 4671 703 4725 menti.
739 4670 831 4726 Illa
876 4672 1021 4727 enim
1069 4672 1278 4729 sublata
1327 4682 1474 4738 sunt,
1515 4687 1709 4728 everso
1731 4671 1845 4742 jam
1871 4671 2091 4743 templo,
2126 4639 2178 4700 D

513 4773 725 4819 remoto
751 4763 842 4820 illo
868 4765 1194 4831 sacerdotio,
1223 4773 1487 4836 pereunte
1513 4764 1734 4820 victima
1762 4773 1818 4821 et
1843 4766 2098 4821 sacerdo-

517 4856 609 4920 tio,
626 4857 719 4912 sed
736 4858 1020 4912 secundum
1040 4858 1277 4912 ordinem
1292 4856 1688 4913 Melchisedech.
1705 4857 2098 4915 Melchisedech

517 4946 907 5018 interpretatur
929 4965 1164 5004 summus
1190 4949 1445 5020 pontifex,
1469 4949 1550 5003 vel
1584 4966 1677 5004 rex
1700 4950 1951 5019 justitite.
1980 4950 2101 5020 Ipse

519 5044 662 5099 enim
696 5060 785 5099 rex
817 5043 939 5110 fuit,
967 5051 1023 5098 et
1066 5045 1322 5100 sacerdos
1358 5045 1568 5114 primus
1608 5042 1842 5101 offerens
1872 5045 1926 5099 in
1957 5045 2097 5117 figu-

514 5150 628 5160 —-..--
656 5152 677 5156 ,γ
704 5151 714 5154 -
736 5145 770 5153 γε

2189 2014 2333 2071 istud
2364 2013 2617 2069 videlicet
2645 2030 2659 2067 :
2693 2012 2806 2084 Ego
2841 2031 2860 2065 ι
2887 2019 3065 2067 tecum
3101 2012 3431 2082 principium
3462 2051 3482 2076 ,
3534 2028 3557 2062 ι
3593 2007 3644 2062 id
3664 2016 3759 2067 est,

2187 2108 2286 2165 tibi
2315 2107 2540 2178 aequalis
2563 2121 2680 2173 ens,
2705 2105 2848 2177 quod
2876 2104 3157 2177 apparebit
3183 2107 3239 2160 in
3281 2105 3370 2158 die
3406 2101 3628 2158 virtutis
3661 2111 3759 2162 tua.

2190 2199 2243 2255 id
2277 2208 2378 2263 est,
2431 2200 2484 2254 in
2529 2198 2777 2254 claritate
2818 2196 3139 2253 aeternitatis
3186 2205 3332 2261 tute,
3383 2193 3619 2266 quando
3658 2190 3761 2246 mihi

2189 2290 2476 2362 apparebis
2517 2288 2782 2361 aequalis,
2837 2288 2892 2344 id
2942 2295 3057 2353 est,
3111 2288 3166 2344 in
3217 2286 3391 2359 gloria
3441 2285 3540 2340 illa
3583 2284 3650 2340 de
3681 2298 3763 2353 qua

2191 2385 2394 2441 dictum
2425 2393 2510 2442 est
2542 2402 2556 2440 :
2588 2382 2835 2439 Tollatur
2864 2382 3065 2454 impius
3096 2394 3166 2436 ne
3207 2379 3393 2436 videat
3422 2377 3663 2450 gloriam
3691 2374 3763 2430 Dei

2189 2476 2327 2551 (Isa.
2374 2476 2561 2550 nrt),
2601 2475 2730 2546 quia
2788 2474 3019 2531 fortnam
3068 2470 3305 2528 hominis
3358 2469 3636 2526 videbunt
3680 2477 3762 2521 tam

2188 2568 2338 2639 impii
2367 2584 2529 2639 quam
2572 2567 2666 2637 pii.
2715 2564 2914 2621 Forma
2970 2573 3152 2619 autem
3194 2562 3381 2633 gloria:
3427 2559 3554 2629 ejus
3586 2568 3762 2615 tantum

2188 2662 2382 2718 visioni
2424 2661 2637 2732 piorum
2682 2672 2940 2714 concessa
2969 2665 3072 2712 est.
3103 2655 3258 2723 Quod
3297 2653 3481 2709 dicit:
3529 2672 3550 2704 ι
3593 2651 3763 2707 Tecum

2190 2750 2517 2824 principium
2535 2749 2587 2804 in
2614 2748 2701 2805 die
2728 2748 2945 2803 virtutis
2971 2753 3095 2811 tuae,
3134 2763 3151 2795 ι
3174 2755 3229 2799 ει
3248 2759 3357 2798 non
3385 2741 3567 2799 solum
3596 2750 3762 2799 tecum.

2189 2861 2222 2901 o
2265 2842 2386 2909 Fili,
2433 2840 2785 2913 principium,
2831 2838 2924 2894 sed
2956 2837 3117 2893 etiam
3145 2833 3477 2906 principium
3524 2833 3585 2887 in
3613 2830 3765 2902 splen-

2189 2937 2412 2992 doribus
2440 2941 2773 2996 sanctorum,
2810 2930 2863 2987 id
2891 2937 2996 2994 est,
3028 2943 3150 2984 cum
3175 2924 3383 2996 Spiritu
3414 2931 3641 2989 sancto,
3665 2921 3763 2991 quia

2190 3043 2288 3099 ego
2309 3026 2473 3082 Pater
2495 3025 2547 3080 in
2572 3033 2646 3089 te,
2672 3022 2798 3087 Fili,
2823 3019 3136 3091 principium
3163 3026 3217 3073 et
3246 3018 3300 3072 in
3333 3014 3547 3086 Spiritu
3573 3023 3764 3073 sancto.

2190 3122 2320 3192 quia
2356 3128 2411 3175 et
2440 3129 2517 3185 tu,
2547 3117 2739 3181 Filius,
2772 3123 2827 3169 et
2869 3112 3102 3182 Spiritus
3129 3118 3349 3165 sanctus
3372 3148 3388 3171 ,
3418 3123 3491 3164 ex
3517 3122 3608 3162 me
3632 3146 3651 3171 ,
3684 3120 3765 3159 nos

2191 3227 2292 3282 ego
2319 3227 2386 3268 ex
2407 3210 2562 3267 vobis
2578 3248 2592 3273 ,
2618 3222 2740 3263 cum
2762 3205 2899 3261 Filio
2923 3214 3099 3259 tamen
3130 3216 3230 3271 ego
3257 3198 3765 3270 Patet-principia,

2192 3318 2249 3364 et
2274 3324 2398 3364 cum
2425 3306 2633 3377 Spiritu
2660 3310 2849 3360 sancto
2878 3315 2892 3356 :
2924 3299 3048 3369 quia
3089 3296 3404 3368 principium
3427 3293 3617 3359 Pater,
3646 3292 3767 3363 pris-

2193 3399 2383 3469 cipium
2413 3396 2615 3462 Filius,
2643 3392 2956 3466 principium
3015 3387 3248 3459 Spiritus
3282 3394 3528 3442 sanctus.
3578 3383 3653 3437 Et
3689 3396 3768 3450 ego

2193 3489 2377 3554 Pater,
2401 3504 2435 3544 ο
2462 3486 2588 3553 Fili,
2619 3501 2685 3539 ea:
2734 3492 2881 3538 utero
2910 3491 3032 3535 ante
3059 3478 3336 3547 luciferum
3384 3475 3546 3548 genui
3588 3485 3662 3529 te.
3700 3472 3766 3531 Et.

2192 3595 2322 3653 ergo
2374 3592 2473 3648 pro
2519 3582 2740 3647 experta
2797 3570 3003 3626 malitia
3047 3577 3103 3625 et
3147 3567 3413 3638 completa
3435 3565 3765 3622 obedientia.

2200 3689 2219 3723 ι
2259 3670 2387 3726 sede
2430 3685 2460 3723 a
2496 3667 2703 3724 dextris
2744 3664 2900 3729 meis,
2950 3661 3121 3718 donec
3156 3676 3355 3732 ponam
3386 3660 3643 3716 inimicos
3672 3669 3769 3714 tuos

2195 3760 2490 3816 scabellum
2539 3758 2735 3830 pedum
2784 3764 3021 3812 tuorum.
3065 3773 3083 3804 ι
3126 3753 3195 3808 Ει
3254 3752 3412 3823 quasi
3478 3766 3766 3823 quarens.

2197 3846 2491 3924 quomOdo,
2537 3850 2625 3906 vel
2669 3864 2776 3918 quo
2819 3847 2924 3904 hoc
2972 3847 3160 3904 ordine
3199 3845 3328 3901 fiet?
3371 3843 3455 3900 sic
3502 3844 3765 3916 sequitur:

2204 3963 2224 3997 ι
2257 3944 2478 4015 Virgam
2529 3941 2752 3997 virtutis
2812 3950 2916 3995 tua:
2960 3941 3174 3996 emittet
3221 3940 3486 3996 Dominus
3530 3955 3598 3995 ex
3638 3938 3765 4000 Sion,

2199 4037 2479 4093 dominare
2528 4035 2582 4089 in
2636 4034 2815 4090 medio
2874 4033 3218 4089 inimicorum
3296 4040 3536 4087 tuorum.
3592 4030 3766 4085 Tecum

2198 4125 2522 4199 principium
2566 4125 2621 4180 in
2655 4125 2742 4180 die
2771 4125 2988 4180 virtutis
3021 4132 3122 4179 tuae
3159 4126 3213 4179 in
3260 4123 3765 4194 splendoribussan—

2201 4227 2408 4274 elerum
2429 4258 2444 4284 ,
2473 4232 2541 4273 ex
2571 4227 2724 4273 utero
2770 4226 2897 4271 ante
2938 4216 3219 4272 luciferum
3250 4217 3412 4288 genui
3448 4224 3523 4273 te.
3558 4235 3578 4268 ι
3602 4216 3663 4271 Et
3686 4215 3765 4269 bac

2200 4318 2464 4381 quantum
2496 4309 2563 4365 ad
2592 4309 2868 4366 deitatem.
2893 4308 3165 4376 Quantum
3194 4318 3377 4364 autem
3404 4311 3476 4365 ad
3501 4308 3766 4379 susceptio-

2202 4415 2328 4455 nem
2366 4399 2563 4463 carnis,
2594 4399 2760 4469 quid?
2791 4418 2810 4451 ‹
2845 4397 3056 4454 Juravit
3082 4399 3363 4465 Dominus,
3404 4409 3465 4454 et
3493 4416 3603 4456 non
3625 4398 3765 4470 pum}

2206 4490 2340 4546 tebit
2366 4506 2533 4547 eum:
2580 4500 2635 4544 tu
2667 4506 2726 4547 es
2769 4490 3035 4546 Sacerdos
3081 4490 3136 4545 in
3185 4502 3460 4547 mternum
3502 4492 3763 4548 secundum

2205 4581 2449 4637 ordinem
2496 4580 2888 4637 Melchisedech
2923 4599 2936 4635 :
2969 4582 3227 4638 Dominus
3264 4598 3296 4638 a
3330 4583 3547 4638 dextris
3593 4583 3688 4638 tuis
3714 4598 3759 4633 ει

2205 4675 2373 4744 Quasi
2397 4674 2541 4730 dicat
2570 4692 2583 4729 :
2615 4671 2732 4729 Hoc
2760 4674 2964 4744 juravit
3008 4675 3264 4731 Dominus
3294 4675 3463 4732 Pater
3497 4676 3567 4732 de
3591 4684 3655 4739 te,
3678 4673 3760 4726 Do-

2207 4768 2353 4823 mine
2376 4765 2500 4833 Fili,
2542 4774 2609 4825 et~
2637 4764 2751 4834 ipse
2776 4763 3032 4820 Dominus
3058 4780 3155 4821 ens
3182 4783 3215 4820 a
3254 4766 3459 4821 dextris
3485 4768 3610 4832 tuis,
3638 4766 3759 4837 juxta

2206 4861 2337 4917 illud
2363 4879 2376 4915 ε
2410 4878 2429 4912 ι
2461 4859 2562 4927 Qui
2590 4860 2765 4914 astitit
2789 4873 2817 4912 a
2848 4858 3054 4913 dextris
3079 4859 3333 4929 pauperis
3361 4858 3542 4931 (Psal.
3571 4858 3721 4928 cna).
3740 4874 3755 4905 ι

2213 4974 2231 5008 ι
2252 4953 2569 5023 Confriuget
2598 4953 2652 5006 in
2679 4951 2766 5008 die
2789 4952 2882 5007 ira:
2904 4966 3015 5008 sua:
3040 4966 3216 5023 reges,
3247 4970 3267 5003 ι
3299 4952 3355 5007 id
3378 4960 3491 5019 est,
3521 4954 3576 5008 in
3602 4949 3760 5007 saeclo

2206 5046 2537 5119 potentiores
2583 5045 2889 5100 humiliabit
2935 5044 2990 5099 in
3033 5044 3118 5099 die
3160 5045 3255 5101 ira
3301 5062 3437 5110 sure,
3489 5046 3543 5101 id
3589 5054 3682 5109 est,
3712 5057 3760 5097 es
