3868 5534
614 568 928 623 PSAIMUS
966 568 1078 622 CX.

716 674 995 713 ALLELUIA.

138 768 158 802 ι
210 750 517 805 Conlitebor
547 748 641 802 tibi
668 789 683 813 ,
716 749 964 813 Domine,
992 748 1044 801 in
1081 756 1190 803 toto
1218 748 1379 803 corde
1410 761 1528 799 meo
1548 785 1561 809 ,
1590 745 1641 796 in

128 843 360 897 consilio
396 841 663 910 justorum
706 850 759 895 et
799 841 1233 912 congregatione.
1269 839 1457 908 Magna
1479 850 1642 905 opera

134 930 371 996 Domini,
408 932 672 999 exquisita
714 930 765 984 in
791 946 981 985 omnes
1006 930 1309 984 voluntates
1337 928 1474 997 ejus.
1505 926 1647 979 Con-

1194 448 1729 507 ENARRATIONES
1768 449 1833 504 IN
1872 447 2204 505 PSALMOS.

1668 565 1711 621 Λ
1745 571 1854 618 toto
1904 564 2066 617 corde
2110 578 2270 627 meo,
2332 583 2349 613 ι
2397 564 2623 632 positus,
2679 566 2963 627 subaudis,
3017 567 3068 618 in
3104 567 3319 620 consilio

1734 652 2025 719 justorum,
2047 652 2224 706 ethoc
2246 652 2422 725 nonin
2450 652 2679 717 occulto,
2708 655 2799 709 sed
2826 655 2877 707 in
2906 657 3320 724 congregatione,

1744 744 1795 797 id
1826 752 1907 797 est
1937 783 1951 806 ,
1998 757 2179 798 coram
2234 744 2541 799 hominibus
2592 745 2876 799 attendens
2910 754 2960 799 te
3007 746 3271 799 dicentem
3305 764 3318 798 :

3211 452 3312 504 ’ῖιῶ

1752 852 1769 883 ι
1816 833 1916 899 Qui
1962 848 2047 888 me
2076 833 2355 888 confessus
2383 834 2545 889 fuerit
2585 850 2767 890 coram
2797 835 3123 899 hominibus,
3153 836 3323 891 conﬁ-

1746 924 1900 978 tebor
1932 932 1988 978 et
2029 938 2129 995 ego
2175 940 2296 979 eum
2346 941 2531 980 coram
2559 925 2719 981 Patre
2762 942 2881 981 meo
2928 928 3138 999 (Matth.
3173 927 3248 999 χ).
3300 947 3318 979 ι

129 1020 303 1080 fessio
346 1028 400 1074 et
442 1019 834 1089 magniﬁcentia
864 1035 998 1089 opus
1025 1019 1159 1088 ejus,
1192 1028 1247 1073 et
1276 1018 1487 1089 justitia
1533 1014 1647 1084 ejus
1744 1012 1930 1067 Potest
1957 1027 2076 1067 esse
2123 1028 2222 1067 vox
2270 1014 2461 1083 capitis
2506 1015 2558 1068 in
2606 1016 2710 1069 hoc
2760 1015 2995 1085 psalmo,
3042 1017 3197 1085 quasi
3248 1017 3327 1071 sic

63 1125 78 1156 ι
132 1116 326 1162 manet
346 1107 396 1161 in
422 1107 675 1162 sarculum
715 1106 915 1161 smculi.
943 1107 1251 1162 Memoriam
1274 1106 1400 1160 fecit
1429 1105 1648 1159 mirabi-

64 1214 81 1245 ι
131 1195 270 1249 lium
325 1211 542 1250 suorum
595 1195 905 1251 misericors
954 1204 1010 1250 et
1053 1196 1339 1251 miserator
1368 1194 1645 1255 Dominus,

63 1307 81 1339 ι
130 1303 321 1343 escam
349 1288 496 1343 dedit
520 1287 830 1341 timentibus
854 1302 930 1342 se.
958 1286 1164 1342 Memor
1182 1287 1288 1342 erit
1316 1288 1367 1340 in
1393 1285 1647 1341 sarculum

64 1396 82 1428 α
133 1377 448 1433 testamenti
494 1377 602 1441 sui,
631 1377 890 1432 virtutem
916 1392 1140 1447 operum
1176 1392 1395 1431 suorum
1441 1390 1649 1429 annun-

63 1486 81 1516 ι
133 1466 300 1521 tiabit
326 1465 521 1536 populo
564 1480 684 1520 suo.
727 1465 797 1520 Ut
838 1467 927 1520 det
971 1466 1074 1521 illis
1113 1467 1483 1521 hmreditatem
1525 1478 1651 1534 gen-

63 1575 83 1607 i
135 1558 302 1620 tium,
347 1570 510 1626 opera
564 1570 819 1610 manuum
865 1555 982 1625 ejus
1031 1557 1232 1613 veritas
1276 1564 1329 1610 et
1366 1554 1646 1623 judicium.

63 1666 84 1698 ‹
132 1646 341 1701 Fidelia
371 1647 547 1701 omnia
583 1646 833 1702 mandata
862 1647 978 1716 ejus
1000 1689 1015 1713 ,
1046 1648 1360 1703 conﬁrmata
1389 1648 1441 1701 iu
1485 1662 1652 1702 sascu-

64 1757 83 1789 ι
130 1738 247 1791 luzu
274 1737 474 1803 saeculi,
505 1738 644 1794 facta
673 1740 726 1792 in
753 1739 979 1795 veritate
1012 1748 1067 1795 ct
1108 1740 1382 1809 :equitate.
1421 1739 1651 1793 Redem-

65 1850 83 1879 ι
133 1830 380 1898 ptionem
442 1829 589 1884 misit
638 1829 897 1884 Dominus
946 1828 1144 1899 populo
1190 1844 1328 1892 suo,
1377 1828 1653 1882 mandavit

1748 1104 1975 1158 dicentis
2018 1103 2221 1158 :Pater
2272 1119 2358 1159 me
2407 1105 2483 1159 ita
2532 1105 2833 1171 exaltavit,
2883 1107 3022 1160 sicut
3073 1108 3328 1175 praedixit

1750 1194 2013 1262 Propheta
2048 1212 2059 1247 :
2102 1200 2157 1247 et
2189 1208 2289 1265 ego
2326 1194 2616 1261 exaltatus,
2655 1196 2955 1264 conﬁtebor,
2986 1197 3036 1251 id
3060 1206 3164 1261 est,
3194 1213 3325 1252 con-

1751 1283 2042 1337 ﬁtebuntur
2092 1283 2219 1348 mei,
2281 1302 2300 1333 ι
2339 1283 2393 1337 in
2445 1294 2555 1341 toto
2605 1286 2762 1341 corde
2813 1301 2951 1351 meo,
2998 1286 3049 1339 in
3102 1287 3328 1341 consilio

1744 1378 2013 1448 justorum
2064 1385 2117 1431 et
2155 1377 2587 1448 congregatione.
2636 1396 2655 1429 ι
2699 1377 2767 1433 Ει
2804 1378 2999 1434 merito
3049 1380 3331 1447 conﬁtebor

1755 1465 2001 1531 Domino,
2042 1466 2170 1536 quia
2211 1483 2366 1537 opera
2395 1466 2610 1521 Domini
2640 1483 2828 1537 magna
2858 1479 2984 1522 sunt
3016 1470 3332 1538 inquirenti-

1750 1556 1874 1620 bus,
1904 1563 1957 1609 et
1984 1564 2110 1609 sunt
2133 1557 2413 1627 exquisita,
2454 1556 2631 1611 eundo
2656 1557 2933 1623 subaudis,
2966 1559 3018 1611 in
3044 1576 3219 1613 omnes
3246 1576 3333 1612 ro-

1752 1645 1976 1700 luntates
2007 1647 2120 1716 ejus
2144 1663 2162 1699 :
2193 1662 2312 1716 quae
2348 1654 2473 1701 sunt
2517 1662 2677 1717 opera
2724 1647 2956 1714 Domini,
3004 1650 3105 1703 nisi
3143 1664 3332 1719 pecca-

1755 1737 1888 1791 toris
1906 1734 2245 1805 justiﬁcatio,
2269 1737 2349 1793 vel
2377 1740 2673 1807 peccatoris
2702 1739 2997 1805 damnatio,
3025 1741 3068 1795 si
3096 1741 3335 1794 converti

1754 1825 2021 1881 noluerit?
2065 1835 2121 1881 et
2163 1827 2295 1881 nihil
2351 1828 2409 1881 fit
2458 1836 2653 1897 praeter
2712 1828 3040 1885 voluntatem
3101 1833 3332 1886 Domini.

138 1921 196 1973 in
223 1926 482 1973 internum
529 1928 907 1974 testamentum
939 1934 1115 1974 suum.
1166 1918 1424 1973 Sanctum
1466 1926 1522 1972 et
1547 1926 1655 1971 ter-
1681 1912 1731 1972 Β
1758 1913 1907 1971 Sicut
1935 1917 2077 1971 enim
2107 1918 2160 1972 in
2188 1932 2249 1972 se
2281 1918 2639 1973 conﬁdentem
2670 1936 2776 1974 non
2807 1921 3008 1976 deserit
3031 1921 3147 1989 ejus
3176 1923 3335 1977 mise-

66 2028 85 2059 ς
138 2008 299 2062 ribile
341 2022 536 2062 nomen
589 2008 703 2077 ejus
728 2048 743 2074 ,
789 2009 999 2063 initium
1032 2008 1308 2078 sapientia:
1348 2009 1509 2061 timor
1552 2008 1654 2063 Do-

67 2120 88 2149 ‹
134 2101 295 2154 mini.
326 2100 629 2156 Intellectus
668 2103 839 2156 bonus
863 2101 1114 2157 omnibus
1156 2099 1479 2155 facientibus
1507 2114 1650 2165 eum,

67 2210 89 2239 ‹
136 2191 226 2245 lau
249 2192 379 2247 latio
406 2192 522 2261 ejus
552 2202 736 2247 manet
772 2195 823 2247 in
856 2192 1112 2247 smeulum
1144 2193 1348 2247 smculi.
1398 2212 1416 2243 ι

639 2280 1085 2345 ENARRATIO.

142 2371 393 2438 Alleluia,
461 2371 705 2436 Alleluia,
760 2370 1011 2438 Alleluia,
1064 2380 1125 2426 ut
1166 2372 1414 2443 superius
1453 2372 1655 2427 dictum

63 2469 178 2525 est,
220 2460 435 2515 laudate
474 2460 750 2514 Dominum
796 2460 1201 2531 interpretatur.
1249 2462 1399 2527 Quod
1445 2460 1655 2516 alleluia

67 2551 406 2617 geminatum
430 2560 711 2605 cantamus
734 2552 1027 2606 constituto
1057 2563 1319 2622 tempore,
1351 2568 1380 2606 a
1414 2552 1654 2608 Sabhato

70 2642 328 2696 videlicet
374 2643 685 2711 septimanae
735 2642 1012 2698 Paschalis
1056 2658 1225 2712 usque
1266 2644 1331 2697 ad
1360 2643 1656 2698 Sabbatum

70 2733 219 2800 quod
261 2726 573 2786 continetur
615 2731 756 2787 intra
803 2734 917 2789 dies
948 2733 1292 2788 Peutccostes
1317 2744 1377 2788 ut
1402 2726 1657 2803 implean-

72 2833 167 2874 tur
202 2823 591 2893 quinquaginta
637 2822 773 2886 dies,
820 2832 876 2877 et
927 2823 1027 2878 hoc
1082 2833 1252 2879 totum
1307 2825 1373 2878 ad
1420 2834 1656 2879 nostram

72 2913 382 2967 doctrinam
413 2921 467 2966 et
510 2914 578 2966 ad
608 2913 856 2981 ﬁguram.
898 2911 1053 2969 Sicut
1091 2915 1234 2969 enim
1276 2915 1391 2968 dies
1424 2915 1495 2967 illi
1528 2931 1659 2984 qua-

74 3003 328 3071 dragiuta
369 3001 451 3055 vel
500 3003 835 3073 septuaginta
868 3018 987 3072 qua:
1033 3003 1342 3073 praecedunt
1387 3003 1529 3057 diem
1579 3018 1661 3057 re-

74 3092 438 3147 surrectionis
486 3092 746 3147 Dominici
793 3095 1036 3163 corporis
1065 3109 1349 3149 maerorem
1381 3095 1535 3149 istius
1581 3095 1657 3148 si-

76 3183 342 3252 gniﬁcant
371 3223 387 3247 ,
435 3184 513 3238 sic
558 3184 943 3255 quinquaginta
1003 3186 1118 3239 dies
1146 3225 1161 3251 ,
1208 3188 1298 3254 qui
1349 3187 1659 3241 solemniter

76 3231 341 3252 (γη-ν--η
371 3231 387 3247 ’1
436 3231 512 3284 --ἷ
563 3231 943 3255 “ι“·’“““ι“””υ“”⁷“
1005 3231 1161 3251 ἠν-’ν
1210 3231 1298 3254 ·ι“·’
1349 3231 1647 3241 “’“’““”’“”’“’“’
1764 3232 1963 3284 minem
2009 3231 2202 3287 fecisse
2274 3232 2376 3285 υοιΙ
2405 3231 2572 3285 νοιυίι

74 3274 314 3341 gratuita
354 3272 624 3329 hilaritate
663 3276 977 3338 succedunt,
1013 3275 1317 3345 signiﬁcant
1357 3292 1551 3330 annum
1574 3276 1661 3345 ju-
1686 3261 1732 3325 C
1764 3322 1927 3345 μω,
2014 3322 2161 3345 ατη...
2225 3247 2361 3345 ΕΑ...
2577 3270 2594 3345 Ϊ

76 3363 295 3417 bilzeum
332 3364 385 3417 in
432 3379 540 3432 quo
577 3365 805 3433 quisque
836 3379 864 3418 a
896 3364 1076 3420 debito
1105 3364 1349 3431 solvitur,
1394 3374 1447 3419 et
1473 3382 1661 3421 servus

77 3456 222 3509 liber
264 3454 497 3510 ellicitur
543 3454 729 3525 (Leuit.
758 3455 907 3525 xxv).
953 3456 1123 3523 Quem
1149 3472 1351 3511 annum
1384 3455 1660 3524 jubilaeum

76 3547 462 3601 custodiebant
484 3546 649 3603 Judaai
674 3562 887 3617 semper
909 3556 1031 3617 post
1055 3549 1439 3619 quinquaginta
1469 3564 1660 3614 annos,

72 3652 131 3693 et
164 3641 271 3693 hoc
314 3640 368 3693 in
404 3638 572 3707 ﬁgura
618 3639 825 3693 dierum
874 3638 1085 3693 illorum
1126 3639 1179 3693 in
1210 3640 1403 3709 quibus
1446 3640 1536 3709 qui
1575 3640 1665 3696 hic

73 3737 382 3795 operantur
414 3736 474 3780 ut
516 3727 656 3782 servi
688 3727 1014 3797 recipientur
1040 3736 1099 3781 ut
1129 3728 1242 3792 ﬁlii,
1272 3738 1345 3792 et,
1375 3728 1480 3783 illis
1510 3729 1663 3784 labo-

78 3812 337 3865 rantibus
366 3811 421 3865 in
453 3811 553 3866 hac
581 3812 713 3877 vita,
744 3826 952 3866 merces
983 3811 1069 3865 illa
1098 3812 1335 3867 solvetur
1360 3828 1519 3882 quam
1550 3814 1663 3882 pri-

78 3904 188 3957 mis
257 3912 315 3957 et
383 3904 690 3958 novissimis
753 3904 1139 3974 paterfamilias
1212 3904 1470 3974 aequalem
1519 3907 1667 3962 dedit

77 3993 306 4062 (Matth.
330 3994 449 4063 xx).
469 3993 761 4063 Propterea
788 4005 965 4048 autem
993 3994 1273 4064 :equalem,
1292 3996 1416 4064 quia
1447 3996 1662 4067 singuli,

76 4085 245 4154 primi
283 4084 527 4141 videlicet
561 4093 617 4140 et
661 4084 955 4150 novissimi,
987 4085 1225 4156 singulos
1267 4086 1515 4142 denarios
1541 4098 1667 4143 sunt

76 4175 381 4243 recepturi.
419 4174 475 4229 ln
518 4174 947 4231 consideratione
991 4175 1148 4245 hujus
1202 4179 1519 4234 aeternitatis
1553 4179 1665 4247 jam

73 4265 331 4318 existens
355 4262 644 4334 Propheta,
676 4276 731 4320 et
756 4268 1088 4322 exhortando
1117 4267 1251 4322 alios
1274 4283 1340 4322 ne
1373 4269 1531 4323 otiosi
1560 4270 1668 4324 sint

77 4356 134 4407 in
168 4355 352 4420 vinea,
385 4363 445 4409 ut
473 4356 686 4411 tandem
718 4356 993 4413 denarium
1018 4357 1387 4427 reciperentin
1416 4374 1664 4428 vespera,

76 4443 161 4497 sic
200 4444 335 4498 dicit
366 4462 379 4497 :

159 4553 178 4584 ι
230 4533 541 4590 Conﬁtebor
583 4536 698 4600 tibi,
755 4537 994 4602 Domine,
1045 4537 1098 4591 in
1156 4546 1268 4592 toto
1308 4540 1471 4595 corde
1518 4554 1661 4603 meo,

1754 2006 1987 2062 ricordia
2015 2048 2028 2072 ,
2070 2007 2142 2060 ita
2186 2005 2302 2077 ejus
2345 2007 2554 2077 justitia
2594 2007 2791 2063 nullius
2837 2009 3173 2079 iniquitatem
3214 2028 3334 2081 pcr-

1754 2099 1916 2152 mittit
1944 2099 2286 2167 impunitam,
2338 2114 2459 2152 cum
2502 2098 2733 2169 ﬂagellat
2779 2100 2942 2155 etiam
2986 2101 3153 2168 ﬁlium
3184 2119 3334 2171 quem

1755 2188 1936 2257 recipit
1988 2187 2174 2259 (Hebr.
2216 2188 2312 2258 xu)
2340 2228 2355 2253 ,
2407 2197 2462 2242 et
2515 2188 2594 2243 sic
2637 2190 2897 2258 quidquid
2936 2191 3185 2260 elegeris,
3231 2208 3335 2244 non

1754 2280 1924 2335 deerit
1950 2280 2301 2349 omnipotenti
2348 2280 2489 2335 unde
2527 2295 2679 2334 suam
2728 2281 2793 2334 de
2845 2288 2896 2334 te
2939 2270 3206 2349 compleat
3246 2298 3336 2333 vo-

1755 2373 2014 2427 luntatem
2044 2391 2056 2425 :
2090 2385 2261 2442 quare
2299 2371 2458 2441 eligat
2488 2371 2590 2425 sibi
2636 2372 2798 2426 homo
2822 2371 3119 2441 quodlibet,
3162 2374 3243 2426 vel
3279 2382 3336 2424 ut

1755 2482 1851 2536 per
1895 2466 2317 2520 miscricordiam
2372 2463 2610 2519 salvetur
2682 2464 2764 2518 vel
2814 2473 2872 2518 ut
2927 2480 3025 2518 oer
3071 2463 3333 2532 justitiam

1757 2557 2062 2612 damnetur.

1826 2686 1952 2740 llzec
2003 2693 2130 2741 sunt
2181 2704 2199 2735 ‹
2252 2699 2417 2755 opera
2470 2686 2680 2741 Domini
2734 2687 3003 2755 exquisita
3048 2702 3102 2741 in
3152 2701 3341 2743 omnes

1757 2781 2059 2837 voluntates
2105 2780 2239 2849 ejus.
2289 2798 2308 2832 ι
2362 2777 2479 2833 Non
2534 2780 2678 2834 enim
2726 2779 2804 2835 sic
2849 2780 3141 2833 constituta
3209 2790 3340 2834 sunt

1758 2887 1914 2939 opera
1936 2869 2163 2934 Domini,
2189 2876 2249 2922 ut
2276 2877 2524 2922 creatura
2556 2868 2607 2921 in
2656 2868 2825 2922 libero
2865 2869 3090 2923 arbitrio
3135 2871 3337 2924 consti-

1760 2970 1895 3025 tuta,
1935 2959 2205 3015 Creatoris
2242 2967 2457 3028 superet
2491 2958 2844 3017 voluntatem.
2874 2959 3036 3013 etiam
3073 2960 3117 3013 si
3146 2969 3335 3013 contra

1759 3052 1875 3122 ejus
1905 3052 2069 3106 faciat
2105 3051 2449 3105 voluntatem.
2496 3049 2611 3104 Non
2653 3049 2763 3105 vult
2803 3050 2970 3105 Deum
3018 3059 3078 3104 ut
3128 3066 3340 3120 pecces,

1760 3157 1882 3196 nam
1932 3142 2203 3212 prohibet.
2254 3141 2457 3197 Tamen
2485 3141 2529 3195 si
2572 3142 2916 3209 peccaveris,
2957 3156 3025 3197 ne
3061 3151 3218 3211 putes
3248 3144 3343 3196 ho-

2641 3240 2696 3285 et
2745 3231 2856 3287 Deo
2906 3233 3169 3287 accidisse
3198 3234 3341 3302 quod

1762 3322 1953 3377 noluit.
2014 3322 2167 3375 Sicut
2222 3322 2366 3375 enim
2417 3321 2529 3374 vult
2577 3330 2635 3374 ut
2696 3322 2857 3376 homo
2932 3336 3039 3375 non
3107 3332 3339 3390 peccet,

1763 3412 1835 3465 ita
1884 3410 1998 3465 vult
2033 3409 2279 3478 peccanti
2322 3422 2544 3478 parcere
2570 3449 2585 3473 ,
2632 3417 2691 3462 ut
2739 3417 3041 3464 revertatur
3071 3420 3126 3465 et
3175 3414 3339 3474 vivat,

1763 3503 1835 3556 ita
1875 3502 1987 3555 vult
2013 3510 2287 3571 postremo
2318 3500 2371 3554 in
2410 3508 2627 3569 peccato
2663 3509 3097 3569 perseverantem
3122 3502 3332 3569 punire,

1762 3603 1820 3649 ut
1842 3594 2063 3662 justitia:
2086 3590 2382 3662 potentiam
2415 3598 2704 3645 contumax
2736 3605 2840 3644 non
2867 3591 3082 3655 evadat,
3115 3603 3171 3645 ut
3193 3592 3342 3659 quid-

1762 3684 1889 3755 quid
1921 3684 2082 3738 homo
2116 3682 2297 3751 eligat,
2329 3696 2436 3735 non
2471 3680 2608 3735 desit
2635 3681 2988 3749 omnipotenti
3018 3683 3157 3737 unde
3184 3698 3336 3737 suam

1764 3774 2027 3846 compleat
2054 3773 2408 3829 voluntatem.

1838 3926 1858 3959 ι
1900 3902 2178 3960 Confessio
2205 3910 2260 3958 et
2283 3902 2677 3973 magniﬁcentia
2718 3918 2853 3972 opus
2896 3903 3029 3979 ejus,
3059 3903 3345 3973 etjustitia

1763 3998 1883 4067 ejus
1909 4004 2088 4051 manet
2116 3997 2169 4049 in
2199 3994 2456 4049 szeeulum
2484 3994 2690 4049 saeculi.
2724 4013 2741 4044 ι
2779 3992 2917 4059 Quia
2949 4011 3106 4063 opera
3136 3994 3345 4047 Domini

1763 4104 1954 4158 magna
1993 4086 2151 4151 dixit,
2199 4085 2514 4153 exsequitur
2559 4100 2678 4154 quae
2707 4085 2834 4138 sint.
2867 4084 3013 4153 Opus
3039 4085 3181 4139 enim
3230 4084 3347 4154 ejus

1764 4192 1848 4237 est
1889 4180 2165 4250 confessio,
2212 4194 2373 4248 quam
2414 4186 2668 4247 operatur
2712 4179 2763 4232 in
2812 4178 2945 4241 suis,
2977 4179 3218 4232 faciendo
3250 4195 3343 4233 eos

1762 4285 1860 4339 per
1892 4269 2283 4325 confessionem
2314 4266 2659 4337 magniﬁcos,
2705 4276 2754 4319 et
2774 4266 2984 4334 justitia
3030 4267 3141 4335 ejus
3171 4278 3346 4319 manet

1764 4362 1817 4412 in
1836 4358 2085 4413 accentum
2109 4358 2310 4421 sa'cnli,
2333 4357 2456 4425 quia
2471 4356 2583 4411 suis
2602 4356 2693 4409 dat
2710 4357 3186 4424 perseverantiam,
3214 4366 3273 4410 ut
3292 4358 3343 4409 iu

1756 4450 1961 4519 justitia
1978 4455 2346 4517 permaneant,
2370 4456 2425 4501 et
2440 4462 2505 4500 ne
2527 4446 2593 4500 ad
2614 4445 2748 4498 ollas
2770 4445 3013 4499 carnium
3038 4446 3089 4499 in
3113 4445 3347 4517 {Egypto

1774 4540 2061 4610 respiciant
2091 4536 2286 4609 (Exod.
2313 4535 2438 4605 xvr)
2468 4553 2483 4587 :
2514 4536 2636 4604 quia
2670 4553 2689 4583 ι
2719 4535 2835 4589 sine
2876 4536 3194 4604 poenitentia
3223 4547 3349 4590 sunt

80 4627 135 4678 in
189 4624 423 4679 consulio
472 4625 739 4694 justorum
769 4635 824 4679 et
850 4628 1283 4696 congregatione.
1325 4647 1344 4679 ι
1375 4626 1659 4682 Confessio
1700 4606 1748 4665 D
1773 4606 1908 4689 dona
1934 4632 2028 4687 Dei
2063 4606 2118 4685 et
2144 4630 2353 4684 vocatio
2380 4628 2473 4682 Dei
2496 4626 2666 4695 (Rom.
2694 4628 2778 4697 ιι).
2814 4646 2832 4679 ι
2862 4626 2957 4681 Vel
2979 4627 3055 4682 sic
3084 4646 3096 4681 :
3127 4626 3350 4681 Iustitia

81 4732 195 4769 non
230 4728 448 4785 semper
475 4725 814 4784 peccatorum
846 4724 965 4779 est,
997 4716 1088 4770 sed
1114 4716 1397 4785 aliquando
1427 4717 1542 4772 laus
1570 4718 1663 4773 Dei

78 4820 210 4873 qua:
260 4805 546 4860 devotione
592 4805 942 4861 confessionis
985 4808 1342 4877 exprimitur:
1379 4808 1463 4862 illa
1501 4809 1662 4880 luget,

82 4897 205 4949 haec
243 4897 477 4965 gaudet;
526 4896 613 4950 illa
647 4897 851 4951 medico
904 4897 1093 4952 vulnus
1134 4898 1412 4964 ostendit,
1458 4900 1571 4954 hzec
1602 4900 1668 4953 de

81 4986 330 5039 sanitate
375 4984 582 5039 medico
627 4985 828 5055 gratias
861 4985 987 5054 agit.
1025 4986 1147 5041 llzec
1176 4986 1446 5041 confessio
1476 5002 1665 5056 quem-

82 5075 214 5128 dam
246 5091 356 5130 non
388 5073 559 5129 solum
606 5075 673 5130 ab
708 5077 854 5129 omni
902 5076 1041 5131 malo
1080 5078 1348 5143 liberavit,
1380 5082 1470 5135 sed
1497 5096 1527 5135 a
1557 5096 1670 5135 ma-

80 5162 250 5233 lignis
298 5162 607 5218 hominibus
649 5164 945 5233 separavit,
989 5175 1043 5219 et
1085 5169 1205 5223 ideo
1250 5169 1533 5225 audiamus
1585 5171 1674 5226 ubi

81 5254 415 5309 conﬁteatur
462 5252 703 5310 Domino.
756 5253 886 5306 Nam
939 5254 1109 5324 inquit
1158 5277 1170 5311 :
1220 5254 1518 5326 Conﬁtebor
1559 5263 1674 5325 tibi,

80 5342 341 5403 Domine,
390 5342 447 5394 in
478 5350 578 5395 toto
604 5343 758 5397 corde
800 5344 925 5395 meo.
957 5342 1021 5398 Et
1047 5359 1105 5402 ut
1132 5348 1397 5402 conﬁtear
1418 5391 1430 5413 ,
1466 5368 1559 5406 ero
1589 5352 1677 5405 hic

75 5434 131 5487 in
161 5432 397 5487 consilio
419 5428 699 5499 justorum,
727 5439 786 5483 ut
814 5432 1021 5486 tandem
1048 5439 1149 5492 sim
1181 5436 1233 5487 in
1274 5440 1669 5509 congregatione

361 5519 399 5534 Π

1774 4726 1885 4790 ejus
1921 4737 2026 4791 qua
2069 4720 2255 4775 reddet
2294 4719 2395 4788 piis
2416 4719 2557 4787 quod
2598 4716 2867 4787 pollicitus
2918 4728 3027 4783 est,
3066 4728 3122 4773 et
3171 4719 3351 4786 impiis

1774 4813 1915 4883 quod
1953 4813 2186 4866 minatus
2216 4817 2320 4874 est,
2359 4828 2379 4861 ‹
2414 4817 2594 4863 manet
2630 4810 2683 4862 in
2712 4808 2966 4863 sarculum
2995 4808 3198 4863 saeculi.
3234 4808 3345 4862 Μο-

1776 4901 2001 4956 moriam
2043 4900 2169 4955 fecit
2201 4898 2526 4953 mirabilium
2580 4911 2798 4951 suorum
2829 4898 3138 4953 misericors
3160 4906 3214 4951 et
3243 4899 3347 4950 mi-

1773 5000 1981 5046 serator
2007 4990 2285 5054 Dominus,
2326 5003 2508 5042 escam
2538 4987 2683 5041 dedit
2713 4986 3022 5043 timentibus
3048 5004 3124 5044 sc.
3159 5005 3177 5035 ›
3208 4986 3341 5051 Quia

1773 5079 1908 5133 dixit
1935 5078 2330 5136 confessionem
2366 5091 2505 5146 Opus
2533 5076 2652 5147 ejus
2681 5088 2830 5137 esse,
2858 5083 2917 5126 ut
2946 5076 3181 5129 sciamus
3206 5075 3347 5127 unde

1772 5170 2040 5231 confessio
2066 5171 2320 5244 procedat
2341 5168 2619 5239 subiungit
2641 5180 2655 5218 :
2679 5166 2801 5233 quia
2827 5166 3118 5219 misericors
3138 5172 3221 5218 est
3244 5162 3353 5217 Do-

1771 5263 1946 5319 minus
1973 5266 2027 5321 in
2055 5262 2356 5335 promissis,
2386 5269 2436 5312 et
2486 5261 2760 5313 miserator
2801 5255 2852 5306 in
2880 5254 3199 5308 exhibendis
3227 5267 3347 5321 qum

1773 5356 2044 5420 promisit,
2093 5351 2403 5408 Memoriam
2462 5351 2625 5405 faciet
2662 5343 2986 5396 mirabilium
3033 5360 3269 5406 suorum.
3302 5344 3355 5398 id

1774 5450 1877 5504 est.
1911 5442 2205 5500 memorari
2236 5439 2362 5495 facit
2388 5452 2522 5496 suos
2558 5448 2678 5506 quas
2705 5431 2831 5485 olim
2861 5431 2913 5483 in
2946 5433 3113 5502 ﬁgura
3138 5432 3354 5485 conti"-
