4034 6428
568 441 672 498 715

1190 446 1442 502 ιιιεΜιο-ιι
1483 445 2131 518 ANTISSIODOllENSlS
2168 444 2315 502 OPP.
2357 445 2535 502 PARS
2572 447 2613 504 l.
2653 478 2720 492 —--
2759 446 3166 509 EXEGETICA.
3683 453 3768 512 7lli

573 557 824 623 ﬁciuntur-
851 559 1088 627 quotidie
1116 558 1300 614 ﬁdeles
1355 567 1408 614 et
1429 558 1615 614 refecti
1643 557 1947 626 intelligunt
1973 557 2134 612 mira-
2164 561 2211 620 Α
2243 558 2469 614 terribile
2492 560 2688 630 impiis.
2727 581 2744 613 ι
2778 563 2993 618 Initium
3023 565 3300 634 sapientia;
3331 565 3486 620 timor
3509 568 3717 622 Domini.
3749 589 3767 624 ι

571 646 696 701 hilia
728 648 960 703 Domini.

647 734 846 790 Memor
863 738 959 790 erit
985 738 1039 791 in
1059 738 1306 792 saeculum
1329 738 1622 792 testamenti
1647 738 1750 791 sui.
1773 735 1935 804 Quasi
1960 736 2102 792 dicat
2122 753 2136 789 :

577 824 699 880 ideo
727 826 868 880 dedit
909 844 1079 882 escam
1109 828 1405 882 timentibus
1428 845 1513 894 se,
1543 828 1669 896 quia
1699 843 1896 882 memor
1924 826 2026 882 fuit
2066 835 2140 881 te-

581 915 824 968 stamenti
850 915 932 969 sui
954 916 1006 968 in
1032 915 1303 982 swculum,
1319 917 1522 972 scilicet
1545 917 1889 988 extendendi,
1906 916 2046 971 illius
2067 924 2143 971 te-

578 995 822 1058 stamenti
854 1004 1120 1070 videlicet,
1157 1007 1299 1074 quod
1336 1007 1389 1062 in
1412 1006 1615 1062 semine
1665 1006 1896 1062 Abrahae
1928 1005 2146 1062 benedi-

578 1092 762 1146 cendze
805 1102 988 1148 essent
1025 1108 1216 1150 omnes
1245 1104 1434 1166 gentes
1455 1093 1607 1167 (Gen.
1633 1095 1766 1167 xm)
1793 1109 1809 1148 :
1839 1114 1858 1146 ι
1888 1096 2142 1150 virtutem

576 1194 797 1250 operum
849 1199 1070 1240 suorum
1113 1187 1458 1245 annuntiabit
1505 1187 1700 1259 populo
1751 1201 1868 1242 suo.
1907 1206 1927 1240 ι
1971 1187 2148 1256 Popu-

577 1269 660 1325 lus
709 1272 921 1328 Domini
968 1283 1094 1330 sunt
1155 1276 1210 1332 hi
1262 1276 1350 1346 qui
1404 1277 1457 1331 in
1506 1276 1718 1332 occulto
1769 1285 1896 1332 sunt
1937 1274 2142 1340 Judaai;

578 1362 696 1416 istis
736 1366 1054 1420 aununtiata
1100 1375 1186 1422 est
1219 1367 1394 1423 virtus
1427 1367 1659 1434 Domini,
1684 1369 1808 1445 quia
1837 1365 2148 1438 spiritaliter

579 1452 908 1510 intellectum
954 1457 1006 1511 in
1053 1457 1161 1523 his,
1187 1473 1307 1530 qua:
1336 1457 1465 1514 olim
1512 1459 1568 1514 in
1611 1455 1780 1528 ﬁgura
1832 1458 1976 1513 facta
2019 1465 2146 1512 sunt

573 1542 628 1614 (l
651 1541 776 1599 Cor.
807 1547 884 1616 ις),
914 1557 1252 1618 receperunt,
1285 1548 1431 1618 quia,
1454 1563 1552 1624 per
1575 1563 1724 1603 mare
1746 1547 1986 1602 Rubrum
2004 1544 2148 1616 quod

568 1640 932 1708 transierunt,
975 1642 1300 1715 baptismum
1334 1643 1729 1699 intellexerunt.
1767 1642 1872 1715 ipsi
1902 1642 2150 1697 exierunt

578 1728 645 1784 de
678 1728 913 1802 {Egypto
940 1749 1038 1804 per
1067 1748 1214 1788 mare
1245 1733 1516 1810 Rubrum,
1541 1748 1639 1788 nos
1665 1733 1932 1788 exivimus
1957 1733 2023 1788 de
2048 1747 2149 1786 sa:-

578 1817 700 1872 culo
745 1835 843 1889 per
887 1823 1232 1892 baptismum.
1259 1823 1364 1900 ipsi
1405 1823 1930 1879 cincnmcidebantur
1959 1836 2146 1889 carne,

2242 647 2376 714 Quia
2407 649 2542 704 dixit
2571 669 2583 702 :
2628 670 2646 704 ι
2683 653 3054 710 misericordia
3080 655 3286 721 Domini
3319 658 3620 712 timentibus
3643 674 3693 713 se
3717 680 3732 711 ι
3756 681 3768 715 :

2254 737 2341 792 ubi
2373 738 2731 798 intelleximus
2756 741 2964 798 Novum
3014 742 3416 806 Testamentum
3438 785 3454 811 ,
3505 761 3604 802 non
3628 749 3771 804 Vetus

2255 829 2395 898 quod
2441 828 2508 885 a'd
2555 831 2745 889 horam
2787 835 3032 904 patribus
3077 838 3281 895 nostris
3326 836 3426 893 fuit
3453 839 3770 907 positum,ne

2251 920 2373 988 quis
2403 921 2524 976 ideo
2567 931 2783 991 putaret
2824 925 2996 995 legem
3044 927 3310 997 superﬂue
3343 929 3544 994 datam,
3571 932 3787 986 ostendit.

2242 1009 2383 1079 quod
2409 1009 2490 1066 lex
2507 1011 2704 1068 valeat.
2730 1012 2894 1080 Quasi
2915 1014 3058 1070 dicat
3085 1033 3100 1069 ι
3130 1016 3255 1072 licet
3275 1017 3661 1074 Testamentum
3683 1017 3771 1076 No-

2244 1113 2373 1154 vum
2402 1098 2458 1154 in
2487 1109 2747 1156 aeternum
2773 1102 2842 1158 sit
2871 1103 3271 1171 conﬁrmatum,
3315 1115 3492 1162 tamen
3520 1106 3684 1163 nullus
3702 1107 3770 1176 ju-

2244 1189 2386 1245 dicet
2412 1189 2584 1261 legem
2609 1207 3023 1264 supervacuam,
3045 1196 3171 1265 quia
3193 1198 3351 1252 timor
3371 1196 3578 1253 Domini
3606 1212 3690 1267 per
3712 1198 3772 1252 le-

2244 1292 2364 1349 gem
2409 1279 2719 1336 notiﬁcatus
2741 1293 2844 1340 est.
2871 1285 3089 1339 Initium
3117 1288 3408 1356 sapientiaz,
3439 1287 3490 1342 id
3525 1296 3622 1352 est,
3647 1289 3773 1344 bona

2243 1367 2387 1434 vitae,
2418 1379 2492 1423 est
2511 1370 2668 1424 timor
2690 1371 2921 1437 Domini,
2949 1374 3074 1442 quia
3107 1375 3300 1430 timore
3328 1390 3504 1445 preme
3527 1375 3672 1431 debet
3703 1377 3768 1433 iu-

2245 1457 2423 1528 cipere
2455 1460 2684 1530 quisque
2711 1461 2849 1518 bene
2887 1466 3128 1534 operari.
3156 1474 3215 1523 ut
3265 1466 3478 1523 tandem
3521 1466 3784 1537 perfectius.

2245 1558 2497 1619 eperetur
2541 1568 2727 1609 amore
2750 1593 2766 1619 ,
2821 1570 2928 1616 non
2959 1572 3027 1612 ex
3076 1558 3266 1614 timore
3292 1597 3307 1621 ,
3357 1559 3483 1628 quia
3519 1559 3772 1628 perfectas

2246 1640 2483 1698 Charitas
2526 1640 2672 1698 foras
2711 1645 2876 1701 mittit
2921 1647 3169 1702 timorem
3213 1647 3266 1718 (1
3306 1647 3469 1703 Joan.
3517 1649 3588 1718 tv)
3629 1667 3642 1703 :
3683 1669 3700 1702 ι
3733 1659 3776 1705 ει

2245 1729 2335 1785 hic
2367 1748 2386 1782 ι
2429 1731 2734 1800 intellectus
2759 1753 2778 1787 ι
2807 1744 2891 1790 est
2925 1756 2943 1787 ι
2996 1737 3170 1794 bonus
3219 1739 3472 1794 omnibus
3499 1737 3774 1794 iaciemilnu

2247 1832 2405 1884 cum,
2440 1837 2458 1869 ι
2497 1818 2549 1873 id
2581 1828 2694 1886 est,
2729 1825 3076 1890 operantibus
3101 1826 3396 1886 secundum
3432 1825 3575 1882 hunc
3600 1825 3774 1880 intelle-

567 1923 678 1963 mos
724 1910 1162 1968 circumcidimur
1203 1893 1616 1969 circumcisione
1657 1927 1762 1967 non
1811 1913 2142 1968 manulacta.

2253 1915 2418 1972 ctum,
2447 1916 2502 1961 et
2537 1927 2555 1958 ι
2603 1908 2841 1966 laudatio
2885 1913 3038 1982 ejus,
3087 1933 3104 1966 ι
3151 1914 3202 1969 id
3241 1924 3346 1980 est,
3397 1916 3477 1970 sic
3522 1917 3774 1985 onerantis,

578 1997 682 2067 lpsi
730 2015 972 2070 gressum
1020 2000 1316 2059 Sabbatum
1348 2003 1790 2068 celebraverunt,
1822 2018 1920 2062 nos
1943 2001 2150 2062 Subba-

580 2099 694 2144 tum
721 2090 1011 2149 delicatum
1039 2110 1052 2147 :
1077 2106 1198 2164 quae
1218 2095 1401 2149 omnia
1441 2104 1567 2148 sunt
1609 2094 1772 2148 decus
1794 2107 2016 2166 cperum
2048 2093 2152 2149 Do-

2257 2014 2275 2048 ι
2313 2007 2496 2054 manet
2523 1997 2576 2052 in
2604 1999 2855 2054 szeculum
2885 2002 3088 2067 saeculi,
3117 2022 3138 2056 ι
3169 2019 3274 2058 non
3306 2003 3377 2059 ad
3421 2005 3600 2060 horam
3627 2003 3778 2058 viden»

2251 2093 2356 2149 cet,
2387 2086 2512 2156 quia
2546 2101 2705 2142 nemo
2736 2103 2793 2144 se
2818 2088 3039 2148 laudare
3065 2100 3216 2162 putet
3251 2093 3343 2163 qui
3380 2093 3450 2150 ad
3492 2093 3664 2152 horam
3687 2101 3781 2147 tau-

571 2181 754 2246 mini,
815 2182 901 2236 vel
939 2183 1377 2253 virtusoperum
1422 2199 1674 2246 suorum,
1736 2197 1856 2254 qua:
1897 2191 2150 2252 operatur

2254 2181 2364 2228 tum
2388 2174 2591 2230 laudat.

578 2273 631 2327 in
681 2275 794 2330 suis
840 2273 1000 2340 velle,
1042 2283 1096 2331 et
1146 2289 1248 2347 pro
1296 2276 1432 2331 bona
1483 2275 1760 2349 voluntate
1803 2287 2154 2345 perseverare

565 2361 801 2433 (Philip.
825 2363 908 2434 ιι).
937 2364 1090 2432 Quod
1122 2364 1401 2420 annuntiat
1432 2380 1553 2420 cum
1593 2364 1762 2420 dicit:
1799 2384 1816 2416 ι
1846 2363 1945 2431 Qui
1968 2377 2153 2434 perse—

587 2452 853 2508 voraverit
876 2441 1046 2525 usque
1082 2454 1136 2510 in
1180 2454 1364 2522 tinem,
1411 2455 1498 2512 hic
1528 2455 1707 2511 salvus
1741 2453 1845 2512 erit
1872 2455 2088 2529 (Matth.
2115 2469 2152 2510 ιι

573 2556 628 2600 et
661 2548 834 2619 xxiv).
873 2568 892 2600 s
931 2566 950 2599 ι
991 2549 1254 2604 Virtutem
1293 2564 1515 2618 operum
1552 2564 1771 2604 suorum
1814 2548 2156 2614 annuntiabit

587 2637 784 2708 populo
833 2653 951 2694 suo.
989 2658 1009 2692 ι
1042 2639 1125 2694 Ad
1160 2641 1263 2695 hoc
1303 2639 1572 2704 videlicet,
1605 2649 1660 2693 ut
1709 2639 1794 2694 det
1840 2639 1946 2694 illis
1985 2640 2152 2694 licere-

567 2727 819 2794 κωπίω,
852 2727 905 2783 id
928 2736 1030 2794 est,
1058 2729 1204 2800 ipsas
1233 2737 1420 2800 gentes
1449 2729 1652 2784 imitari
1694 2729 1857 2784 faciet
1893 2730 2148 2800 populum

577 2833 758 2884 suum,
784 2828 836 2874 et
861 2818 939 2876 sic
965 2819 1196 2877 adducat
1220 2820 1354 2877 alias
1383 2836 1513 2877 oves
1537 2834 1656 2890 quae
1682 2837 1790 2878 non
1815 2830 1942 2877 sunt
1962 2837 2026 2878 ex
2047 2823 2151 2878 hoc

576 2908 701 2962 ovili
738 2908 922 2980 (Ioan.
951 2912 1028 2984 x).
1201 2914 1205 2917 ’

649 2997 714 3053 Ut
735 3001 819 3055 det
838 3001 944 3056 illis
965 3002 1320 3058 hereditatem
1343 3006 1594 3075 gentium,
1620 3006 1758 3071 illos,
1783 3006 1926 3071 dico,
1959 3005 2011 3060 in
2029 3004 2148 3075 qni-

580 3090 681 3146 bus
723 3098 847 3146 sunt
890 3107 1046 3162 opera
1076 3110 1326 3148 manuum
1355 3095 1491 3166 ejus,
1516 3097 1632 3154 hmc
1662 3097 1931 3163 videlicet,
1959 3097 2149 3151 veritas

577 3191 625 3234 et
641 3182 923 3250 judmum.
955 3180 1088 3237 Nam
1121 3185 1397 3254 operando
1432 3185 1484 3240 in
1517 3187 1596 3243 eis
1623 3188 1906 3243 veritatem
1931 3193 1985 3240 et
2003 3182 2148 3255 judi-

564 3271 744 3339 *cium,
781 3271 914 3328 facit
955 3287 1047 3329 eos
1076 3274 1297 3332 idoneos
1325 3275 1527 3332 habere
1556 3287 1742 3348 gentes
1770 3277 1822 3331 in
1855 3275 2148 3331 haeredita-

580 3374 688 3421 tem
707 3407 722 3431 ,
745 3367 870 3437 quia
902 3385 922 3419 ι
950 3369 1126 3425 omnis
1155 3370 1246 3441 qui
1283 3367 1411 3426 facit
1450 3373 1761 3435 veritatem,
1795 3371 1942 3427 venit
1971 3371 2038 3425 ad
2069 3369 2152 3423 lua

579 3471 695 3511 cem
723 3457 908 3526 (Joan.
955 3456 1062 3530 ιιι),
1100 3478 1120 3512 ι
1155 3469 1207 3516 ει
1245 3459 1438 3532 dignus
1484 3471 1568 3518 cst
1611 3461 1948 3517 imitatione:
2003 3460 2150 3515 simi-

567 3547 703 3605 liter
728 3557 783 3605 et
819 3549 909 3620 qui
947 3547 1078 3605 facit
1117 3549 1395 3620 judicium.
1456 3551 1608 3608 Unde
1654 3551 1851 3608 Paulus
1884 3569 1898 3606 :
1943 3568 1961 3602 ι
1997 3550 2150 3618 Quod

581 3641 628 3696 si
683 3643 1040 3713 nosmetipsos
1076 3642 1464 3712 iudicaremus,
1514 3660 1620 3699 non
1675 3644 1859 3714 utique
1881 3643 2151 3713 judicare-

581 3749 701 3788 mur
723 3732 773 3806 (1
797 3732 918 3789 Cor.
945 3734 1030 3805 ιι),
1066 3752 1084 3787 ι
1115 3751 1137 3788 ι
1161 3751 1323 3806 opera
1345 3752 1594 3791 manuum
1617 3735 1753 3804 ejus,
1779 3736 1978 3792 veritas
2002 3733 2153 3804 etju-

583 3821 804 3876 dicium.
838 3843 857 3875 ι
893 3823 1023 3889 Quae
1049 3823 1175 3891 duo,
1201 3827 1387 3880 veritas
1416 3835 1466 3880 et
1494 3826 1786 3896 judicium,
1834 3840 1938 3880 non
1989 3835 2150 3880 erunt

582 3912 993 3981 irremunerata,
1021 3915 1146 3985 quia
1166 3916 1344 3986 ﬁdelia
1367 3926 1494 3974 sunt
1520 3919 1696 3973 omnia
1722 3917 1974 3975 mandata
2013 3917 2148 3988 ejus,

575 4003 834 4060 videlicet
870 4007 1138 4061 neminem
1176 4006 1448 4074 fallentia,
1482 4017 1845 4075 remunerata,
1872 4019 2000 4066 sunt
2023 4027 2150 4065 eon-

582 4093 794 4161 firmata
819 4109 940 4152 esse
975 4096 1225 4152 videlicet
1261 4099 1652 4154 remuneranda
1681 4101 1736 4158 in
1765 4100 2018 4155 steculum
2052 4116 2153 4155 sa:-

585 4185 692 4240 ruli
721 4186 880 4258 hujus
905 4187 1329 4254 subsecutivum,
1357 4209 1375 4242 ι
1410 4190 1550 4268 facta
1574 4191 1627 4245 in
1652 4191 1877 4250 veritate
1898 4200 1952 4246 et
1981 4193 2152 4262 requi-

585 4285 714 4333 tatc.
751 4295 772 4330 ι
806 4277 918 4334 Ηοε
958 4293 1142 4333 verum
1183 4287 1264 4335 est
1302 4288 1356 4336 et
1396 4295 1606 4350 arquum
1640 4291 1698 4335 ut
1735 4282 1824 4338 hic
1853 4281 2152 4350 laboretur,

585 4375 639 4422 et
668 4365 738 4420 ibi
766 4366 1093 4435 quiescatur.
1126 4366 1221 4424 Vel
1263 4367 1403 4437 facta
1431 4377 1554 4424 sunt
1582 4369 1636 4423 in
1685 4371 1897 4424 veritate
1923 4379 1971 4425 et
1999 4371 2157 4441 (equi-

585 4467 709 4512 tate.
746 4459 878 4513 Vera
913 4459 1144 4529 aequitas
1183 4467 1287 4527 est,
1332 4475 1436 4516 non
1477 4461 1564 4519 illa
1587 4477 1749 4531 quam
1793 4461 1877 4517 lex
1925 4461 2158 4517 admini-

2787 2288 3107 2346 PSALMUS
3143 2287 3280 2346 CXI.

2374 2382 2655 2427 ALLELUIA.
2697 2383 3042 2441 BEVEISIORIS
3077 2384 3247 2430 A0611!
3284 2385 3356 2429 Ετ
3395 2383 3673 2432 ιιοιηιιιι.

2331 2475 2348 2507 ι
2397 2455 2593 2514 Beatus
2615 2459 2698 2515 vir
2717 2460 2807 2529 qui
2832 2461 2984 2520 timet
3005 2461 3312 2526 Dominum,
3339 2462 3396 2517 in
3417 2462 3670 2518 mandatis
3687 2459 3777 2529 ejus

2256 2565 2274 2597 ι
2319 2545 2462 2602 volet
2488 2547 2668 2603 nimis.
2693 2548 2892 2606 Potens
2917 2550 2970 2604 in
2993 2558 3136 2606 terra
3159 2550 3265 2607 erit
3285 2565 3472 2609 semen
3496 2549 3623 2618 ejus,
3647 2565 3775 2620 gene-

2256 2653 2276 2688 ι
2320 2637 2457 2692 ratio
2498 2647 2766 2699 rectorum
2809 2639 3174 2696 benedicetur.
3222 2638 3408 2695 Gloria
3445 2648 3500 2695 et
3527 2639 3701 2694 divitia:
3732 2637 3775 2692 is

2256 2745 2274 2778 ι
2319 2727 2480 2782 domo
2507 2726 2646 2797 ejus,
2675 2737 2730 2784 et
2749 2728 2958 2798 justitia
2990 2729 3108 2800 ejus
3152 2737 3336 2790 manet
3359 2730 3414 2786 in
3437 2729 3670 2785 sarculum
3699 2742 3776 2782 sa:-

2256 2833 2275 2868 ο
2321 2817 2446 2872 culi.
2474 2817 2732 2873 Exortum
2763 2819 2915 2874 estin
2945 2820 3182 2875 tenebris
3201 2819 3381 2890 lumen
3408 2821 3588 2884 rectis,
3609 2817 3776 2874 miseri-

2261 2926 2275 2960 ι
2319 2923 2445 2966 cors
2479 2919 2535 2964 et
2579 2911 2863 2966 miseratur
2899 2920 2954 2965 et
2976 2911 3179 2982 justus.
3207 2911 3488 2968 iucundus
3533 2912 3675 2966 homo
3701 2906 3774 2976 qui

2255 3018 2274 3052 ι
2320 3001 2608 3056 miseretur
2633 3012 2688 3057 et
2707 3004 3034 3070 commodat,
3050 3003 3294 3074 disponet
3309 3019 3582 3059 sermones
3604 3017 3712 3058 suos
3732 3000 3772 3053 in

2257 3109 2276 3142 ι
2318 3091 2545 3160 judicio,
2579 3093 2704 3164 quia
2737 3094 2790 3157 in
2827 3103 3088 3149 aeternum
3119 3109 3223 3150 nou
3275 3093 3700 3150 commovebitur.
3726 3088 3769 3142 lu

2256 3203 2275 3236 ι
2323 3187 2580 3242 memoria
2600 3195 2800 3243 aeterna
2826 3188 2928 3243 erit
2943 3186 3142 3259 justus,
3166 3188 3232 3242 ab
3257 3187 3531 3243 auditione
3550 3183 3670 3239 mala
3690 3194 3773 3234 non

2255 3295 2273 3328 ι
2321 3277 2549 3332 timebit.
2574 3277 2827 3334 Paratum
2851 3293 2944 3334 cor
2962 3278 3078 3348 ejus
3097 3293 3313 3350 sperare
3343 3279 3396 3333 in
3428 3277 3655 3337 Domino,
3675 3288 3777 3326 con-

2255 3386 2274 3418 c
2317 3367 2590 3430 ﬁrmatum
2623 3376 2708 3424 est
2749 3383 2845 3423 cor
2875 3367 3012 3437 ejus,
3044 3385 3150 3424 non
3183 3365 3606 3423 commovebitur
3638 3363 3774 3416 donec

2255 3473 2274 3507 ι
2317 3456 2578 3526 despiciat
2595 3456 2840 3513 inimicos
2855 3472 2999 3514 suos.
3017 3457 3296 3527 Dispersit,
3312 3455 3459 3510 dedit
3470 3449 3774 3524 pauperibus.

2255 3567 2272 3600 ι
2312 3546 2518 3616 justitia
2545 3548 2660 3618 ejus
2686 3558 2866 3603 manet
2900 3549 2953 3604 in
2987 3547 3238 3604 saeculum
3264 3545 3472 3610 saeculi,
3499 3555 3648 3598 cornu
3685 3537 3776 3607 ei"!

2255 3658 2272 3690 ι
2318 3638 2644 3694 exaltabitur
2659 3639 2710 3692 in
2735 3638 3201 3710 gloria.Peccator
3215 3636 3423 3692 videbit
3459 3635 3773 3689 etirascetur.

2255 3748 2274 3780 ι
2321 3729 2568 3784 dentibus
2590 3730 2701 3784 suis
2726 3728 2919 3786 fremet
2931 3737 2986 3784 et
3011 3728 3267 3793 tabescet,
3284 3726 3605 3788 desiderium
3623 3732 3775 3793 pecca-

2255 3838 2274 3872 ι
2324 3829 2500 3876 torum
2523 3820 2740 3891 peribit.
2788 3839 2809 3874 ι

2808 3925 3261 3984 ENARRATIO.

2321 4010 2548 4066 Alleluia
2577 4025 2591 4064 :
2621 4011 2925 4065 reversionis
2964 4010 3142 4080 Aggtei
3174 4019 3220 4063 et
3244 4006 3536 4062 Zachariae.
3580 3999 3636 4056 lli
3675 3997 3775 4060 duo,

2251 4105 2479 4177 Aggseus
2518 4102 2766 4158 videlicet
2805 4111 2861 4157 et
2899 4100 3211 4165 Zacharias,
3257 4097 3476 4154 luerunt
3519 4094 3612 4150 sub
3648 4087 3778 4144 Dario

2254 4211 2380 4265 rege
2409 4192 2714 4264 Babylonis,
2742 4201 2797 4246 et
2823 4191 3026 4261 impleti
3057 4199 3182 4245 sunt
3211 4188 3419 4258 Spiritui
3445 4193 3622 4242 sancto
3641 4190 3690 4234 ut
3711 4178 3776 4232 in-

2253 4287 2495 4356 ciperent
2517 4285 2843 4355 pr0phetare
2871 4299 2933 4337 ea
2965 4297 3084 4353 quae
3111 4283 3179 4337 ad
3203 4280 3599 4336 renovationem
3628 4267 3776 4339 templi

2253 4377 2606 4446 pertinerent.
2643 4372 2750 4430 Sed
2782 4373 3036 4444 quoniam
3077 4387 3198 4442 quae
3234 4371 3306 4425 ibi
3345 4367 3627 4426 carnaliter
3656 4367 3775 4432 gesta

2255 4472 2380 4520 sunt
2409 4471 2593 4533 postea
2633 4461 2920 4532 adimpleta
2943 4468 3069 4515 sunt
3098 4460 3151 4514 iu
3192 4459 3460 4522 ﬁdelibus,
3498 4471 3597 4510 non
3630 4453 3778 4506 incon-

591 4556 754 4614 strat,
789 4550 919 4606 dare
950 4568 969 4602 ι
1003 4551 1214 4606 oculum
1242 4567 1340 4622 pro
1361 4552 1534 4619 oculo,
1559 4562 1614 4608 et
1639 4553 1852 4610 dentem
1877 4568 1974 4624 pro
1997 4554 2157 4609 dente
2182 4570 2234 4630 ι)
2259 4568 2390 4624 grue
2444 4552 2699 4623 templum
2753 4552 2963 4608 Domini
3023 4551 3209 4606 ﬁdeles
3255 4550 3604 4620 accipiuntur.
3657 4537 3776 4595 Unde

588 4637 785 4709 (Exod.
815 4639 929 4710 χχι)
967 4659 986 4692 ι
1018 4657 1034 4694 :
1065 4641 1160 4698 sed
1197 4641 1288 4698 illa
1318 4651 1402 4700 est
1423 4657 1553 4699 vera
1595 4644 1825 4714 aequitas
1857 4658 2018 4714 quam
2049 4643 2155 4699 Do-

585 4729 766 4784 minus
818 4728 948 4786 fecit
987 4740 1044 4785 et
1086 4731 1269 4786 docuit
1311 4733 1449 4803 (Act.
1496 4733 1564 4804 ι),
1621 4734 1850 4791 reddere
1903 4734 2155 4791 videlicet

586 4821 786 4876 bonum
815 4836 914 4891 pro
939 4823 1100 4878 malo.
1135 4822 1289 4878 Unde
1313 4824 1427 4893 ipse
1457 4824 1717 4880 Dominus
1743 4826 1797 4881 in
1820 4825 2149 4898 Evangelio:

585 4930 613 4962 υ(
644 4911 904 4979 Audistis,
927 4913 1119 4983 inquit,
1147 4914 1273 4982 quia
1295 4915 1553 4983 scriptum
1579 4923 1681 4981 est,
1703 4915 1889 4986 diliges
1918 4917 2150 4972 amicum

589 5011 737 5056 tuum
759 5043 773 5067 ,
824 5009 880 5071 et
925 5001 1050 5058 odio
1085 5001 1308 5058 habebis
1333 5003 1606 5059 inimicum
1636 5013 1804 5062 tuum.
1833 5004 1947 5075 Ego
1972 5013 2151 5060 autem

587 5093 709 5148 dico
731 5093 1216 5160 vobis,benel'acite
1231 5095 1315 5150 his
1335 5095 1425 5165 qui
1439 5095 2004 5168 oderuntvos(Matth.
2021 5098 2106 5165 v):
2129 5116 2150 5149 ι

581 5202 613 5235 -ι
649 5183 793 5238 facta
823 5183 877 5238 in
904 5184 1134 5239 veritate
1179 5192 1235 5238 et
1271 5184 1523 5254 aequitate
1558 5204 1577 5236 ι
1611 5202 1625 5238 :
1659 5193 1716 5240 et
1751 5201 1871 5255 qua:
1916 5201 2013 5257 per
2042 5187 2158 5240 haec

587 5269 772 5336 omnia
802 5269 967 5337 ﬁent?
997 5289 1016 5323 ι
1048 5269 1493 5341 Redemptionem
1516 5273 1662 5329 misit
1682 5272 1939 5330 Dominus
1961 5273 2156 5344 populo

571 5373 710 5426 'suo,
749 5379 770 5414 ι
819 5360 1016 5416 Filium
1077 5376 1235 5416 suum
1282 5360 1533 5417 videlicet
1574 5361 1843 5418 incaruari
1885 5365 2153 5433 permisit,

572 5461 688 5519 aper
715 5465 874 5520 quem
921 5452 1220 5521 redemptio
1250 5451 1472 5508 humani
1499 5452 1716 5523 generis
1759 5452 1898 5508 facta
1925 5463 2028 5520 est,
2063 5469 2156 5525 per

590 5554 752 5609 quem
787 5559 805 5592 ι
848 5533 1122 5596 mandavit
1150 5541 1204 5596 in
1240 5550 1501 5596 aeternum
1551 5550 1931 5598 testamentum
1975 5558 2154 5599 suum.

591 5628 853 5686 Sanctum
904 5639 960 5686 et
1010 5631 1247 5692 terribile
1292 5646 1486 5688 nomen
1542 5633 1675 5704 ejus.
1713 5653 1732 5686 ι
1771 5634 2024 5689 Sanctum
2076 5645 2158 5690 est

590 5733 779 5774 nomen
823 5719 1056 5786 Domini,
1104 5721 1424 5791 inquantum
1467 5724 1608 5779 Deus
1648 5733 1752 5788 est,
1789 5726 2034 5791 terribile,
2081 5728 2160 5782 in-

593 5817 858 5872 quantum
897 5811 1062 5882 judex
1094 5810 1307 5869 futurus
1335 5821 1458 5888 est.
1484 5813 1579 5871 Vel
1625 5825 1860 5872 sanctum
1907 5825 1988 5873 est
2034 5819 2156 5886 piis.

2258 4645 2386 4699 illud
2434 4661 2449 4698 :
2509 4641 2779 4714 Templum
2829 4643 2923 4699 Dei
2972 4653 3210 4697 sanetum
3258 4651 3334 4696 est
3380 4641 3516 4711 quod
3561 4635 3669 4690 estis
3709 4641 3775 4681 eos

2259 4734 2310 4805 (I
2336 4733 2441 4788 Cor
2461 4733 2604 4804 xm).
2637 4733 2701 4788 Et
2721 4732 2972 4802 quoniam
3001 4731 3053 4786 in
3089 4730 3247 4800 hujus
3271 4729 3452 4798 templi
3475 4718 3779 4781 adiﬁcationc

2257 4822 2438 4877 nullus
2482 4821 2776 4876 assumitur
2825 4820 2928 4874 nisi
2969 4821 3184 4884 beatus,
3231 4817 3471 4874 ostendit
3505 4812 3645 4868 nobis
3670 4806 3775 4860 Ρνοο

2259 4912 2418 4982 pheta
2463 4912 2695 4980 qualiter
2737 4910 3013 4966 beatitudo
3059 4909 3132 4964 sit
3178 4906 3569 4978 consequentia,
3617 4900 3776 4956 exhor-

2261 5004 2426 5059 tando
2457 5018 2558 5057 nos
2582 5012 2639 5056 ut
2664 5001 3053 5058 beatitudinem
3079 5003 3493 5071 consequamur,
3514 5006 3566 5052 et
3587 4996 3634 5049 in
3667 5001 3774 5044 tem-

2257 5094 2346 5164 plo
2375 5092 2584 5149 Domini
2612 5092 2720 5148 vivi
2751 5093 2954 5160 lapides
2987 5092 3444 5163 conmaginemur.
3476 5087 3608 5143 Dicit
3631 5087 3777 5136 autem

2259 5185 2380 5241 sic:
2496 5229 2500 5231 »
2697 5243 2706 5255 ,

2335 5294 2353 5326 ι
2394 5271 2589 5329 Beatus
2617 5272 2701 5328 vir
2720 5272 2810 5342 qui
2840 5271 2992 5328 timet
3015 5271 3321 5336 Dominum,
3346 5269 3398 5324 in
3418 5263 3669 5324 mandatis
3685 5258 3779 5327 ejus

2259 5367 2402 5421 volet
2450 5365 2631 5420 nimis.
2677 5383 2696 5418 ι
2732 5364 2893 5431 Quasi
2927 5363 3070 5418 dicat
3105 5376 3122 5417 :
3176 5362 3324 5417 Beati
3356 5360 3474 5415 ﬁeri
3517 5367 3682 5411 omnes
3704 5361 3777 5402 αι·

2257 5460 2429 5528 piunt.
2489 5457 2626 5512 Ecce
2682 5463 2877 5524 praesto
2937 5454 3137 5508 habent
3186 5453 3328 5523 quod
3376 5450 3575 5510 volunt,
3629 5441 3776 5494 timeat

2258 5548 2486 5617 quisque
2511 5544 2792 5600 Dominum
2819 5553 2873 5598 et
2899 5542 2969 5598 sit
2991 5543 3197 5597 beatus.
3229 5539 3294 5595 In
3317 5536 3572 5594 mandatis
3593 5532 3686 5602 ejus
3710 5539 3776 5578 τσο

2261 5637 2326 5690 let
2355 5637 2527 5690 nimis.
2565 5634 2738 5688 Nimis
2769 5632 2904 5687 velle
2939 5647 3060 5686 esse
3080 5632 3135 5684 in
3167 5631 3430 5684 ntandatis
3447 5627 3554 5696 ejus
3579 5627 3650 5677 est

2262 5743 2471 5784 summo
2497 5726 2767 5782 desiderio
2792 5723 3068 5788 festinare,
3099 5730 3157 5776 ut
3184 5721 3276 5775 ﬁat
3297 5720 3518 5775 idoneus
3538 5715 3589 5769 in
3614 5703 3772 5803 coctil-

2264 5819 2513 5872 ﬁcatione
2546 5815 2726 5885 templi
2753 5815 2854 5870 sui.
2894 5811 3085 5868 Potens
3123 5811 3176 5864 in
3203 5820 3338 5864 terra
3369 5807 3465 5861 erit
3489 5816 3642 5858 semen
3663 5805 3768 5859 (1⁸³-
