4034 6472
281 536 384 589 7Ιῖ

1413 512 1946 571 EN-ARRATIO‘NES
1980 496 2046 565 lN
2082 494 2415 563 rsautos.

3418 503 3524 558 ἠε
3564 468 3567 469 ί

281 646 448 716 Quasi
469 644 610 699 dicat
634 661 647 699 :
673 640 810 697 Vere
824 636 1197 708 beatuscslqui
1212 636 1351 690 timet
1371 624 1736 690 Dominum,id
1750 634 1851 691 est,
1884 631 1933 688 Α
1963 642 1981 674 ‹
2025 639 2119 678 cor
2153 618 2267 690 ejus
2296 634 2513 691 sperare
2543 619 2595 672 in
2628 615 2872 681 Domino,
2908 610 3287 671 'co..lirnm'tum
3323 625 3402 670 est
3431 633 3525 671 cor

285 737 519 807 quisque
552 732 792 786 imitator
825 728 1055 793 Domini,
1081 727 1176 783 erit
1201 732 1381 795 potens
1401 723 1454 776 in
1489 732 1626 776 terra
1646 716 1852 775 scilicet

283 824 601 878 viventium.
617 819 757 886 Quid
779 817 1049 889 potentius
1073 829 1235 886 quam
1251 822 1310 867 ut
1328 825 1549 883 regnum
1571 808 1852 872 caelorum,

281 915 428 987 quod
449 928 554 967 non
583 912 752 966 solum
777 909 1033 965 Zachtcus
1054 904 1276 961 dimidio
1300 918 1484 959 rerum
1509 914 1747 963 suarum,
1763 898 1856 953 sed

278 986 512 1061 'etvidua
529 1003 733 1058 duobus
746 999 962 1054 minutis
976 997 1125 1069 (Luc.
1146 1004 1293 1050 xtx‘et
1311 989 1447 1062 xx‘t),
1460 1001 1515 1047 et
1528 986 1856 1059 tantumdem

287 1095 361 1150 ibi
385 1102 612 1164 uterque
641 1091 1011 1162 possideatur?
1037 1087 1172 1155 Quid
1205 1084 1503 1157 potentius,
1530 1096 1693 1155 quam
1716 1079 1856 1135 idem

286 1192 514 1254 regnum
561 1183 848 1236 thesaurus
896 1178 1096 1242 divitis,
1151 1184 1206 1230 et
1255 1174 1395 1230 calix
1448 1186 1601 1243 aqua:
1655 1170 1860 1241 frigida:

286 1274 512 1344 pauperi
560 1272 737 1327 valeat
797 1268 1010 1340 (Matth.
1074 1266 1166 1337 x)?
1218 1264 1370 1331 Quod
1431 1262 1563 1317 dicit
1610 1279 1623 1315 :
1671 1258 1861 1313 Potens

286 1363 387 1417 erit
414 1363 466 1413 in
500 1369 639 1415 terra
664 1375 835 1412 semen
870 1356 1003 1427 ejus,
1037 1355 1159 1426 quia
1188 1348 1449 1424 generatio
1496 1358 1772 1412 rectorum,
1810 1346 1862 1401 id

282 1464 400 1519 est,
431 1460 638 1508 rectum
659 1464 752 1505 cor
778 1448 1115 1511 habentium,
1148 1444 1493 1508 benedicemr,
1518 1442 1571 1494 id
1586 1447 1687 1503 est,
1728 1437 1863 1492 mul-

292 1542 644 1613 tiplicabitur.
668 1538 888 1592 "Rectum
918 1546 1090 1590 autem
1112 1545 1186 1588 est
1219 1550 1309 1587 cor
1333 1532 1545 1595 habere,
1579 1543 1683 1592 non
1726 1526 1862 1582 resi-

284 1647 439 1693 stere
466 1634 609 1688 Patri
618 1631 954 1695 eluendanti,
969 1637 1024 1683 et
1042 1628 1264 1683 credere
1284 1622 1576 1695 pollicenti.
1590 1618 1867 1678 Geueratio~

291 1736 477 1781 autem
507 1740 627 1792 qua:
654 1723 768 1777 tale
786 1736 894 1777 ἐοι-
932 1720 1110 1781 habet,
1148 1716 1505 1779 'benedicetur,
1540 1713 1665 1784 quia
1699 1711 1866 1782 gloria

280 1826 342 1869 κει
366 1814 585 1879 divitiis,
614 1813 666 1868 id
690 1820 792 1877 est,
814 1810 1060 1882 gloriosae
1084 1806 1304 1870 divitiae,
1329 1812 1454 1859 sunt
1473 1804 1528 1857 in
1553 1804 1705 1856 domo
1730 1802 1865 1871 ejus,

295 1907 349 1959 id
378 1913 480 1967 est,
512 1904 564 1960 in
586 1903 749 1958 corde
779 1910 945 1956 recto.
964 1897 1224 1953 Gloriosa:
1253 1895 1453 1949 divitia:
1474 1902 1598 1948 sunt
1630 1893 1869 1948 testimo-
1893 1958 1917 1964 ,ι

1954 717 2090 786 ejus,
2123 724 2177 767 et
2232 707 2334 767 non
2393 712 2822 767 commovebitur
2884 730 2901 760 ι
2936 709 3003 762 ab
3042 711 3142 763 hac
3200 724 3316 777 spe,
3360 710 3522 763 donec

1955 806 2203 875 despiciat
2251 804 2486 857 inimicos
2514 819 2657 867 suos,
2686 802 2737 855 id
2782 810 2884 867 est,
2911 801 3080 855 donec
3109 800 3210 855 sibi
3244 799 3371 853 [iant
3396 800 3527 855 infe-

1956 898 2126 952 riores
2156 895 2374 949 interra
2426 893 2738 958 viventium,
2775 891 2867 961 qui
2906 891 2957 945 in
2991 901 3132 945 terra
3186 890 3527 944 morientium

1957 972 2295 1043 conabantur
2323 1000 2442 1040 esse
2464 982 2786 1053 superiores.
2826 982 2895 1037 Et
2923 989 2979 1035 ut
3002 982 3280 1051 despiciat,
3332 980 3530 1050 disper-

1958 1085 2046 1147 sit,
2071 1076 2211 1135 dedit
2250 1078 2585 1151 pauperibus,
2620 1077 2671 1131 id
2703 1086 2805 1143 est,
2844 1077 3118 1146 disperdat
3145 1075 3284 1129 bona
3308 1073 3533 1129 smculae

1954 1173 2060 1239 ria,
2102 1171 2276 1227 dando
2301 1184 2363 1224 ea
2394 1163 2737 1239 pauperibus,
2785 1175 2839 1233 et
2862 1166 2963 1220 hoc
2991 1179 3097 1219 non
3134 1164 3201 1218 ad
3230 1163 3422 1219 horam
3454 1162 3533 1217 fa-

1962 1265 2087 1328 ciet,
2124 1262 2219 1317 sed
2240 1261 2453 1330 justitia
2495 1258 2607 1328 ejus
2657 1267 2829 1312 manet
2871 1258 2924 1310 in
2951 1254 3203 1311 steculum
3243 1252 3447 1318 strculi,
3480 1254 3533 1310 id

1962 1364 2066 1420 est,
2110 1356 2470 1424 perseverans
2518 1346 2625 1405 erit
2682 1349 2735 1403 in
2794 1348 2907 1418 ipsa
2954 1347 3327 1417 dispositione.
3383 1338 3536 1401 Unde

1964 1460 2126 1499 cornu
2162 1443 2297 1514 ejus,
2330 1442 2381 1497 id
2408 1449 2515 1505 est,
2547 1439 2849 1495 sublimitas
2894 1436 3008 1505 ejus
3063 1437 3154 1507 qui
3201 1436 3289 1491 hic
3333 1435 3401 1490 ab
3433 1435 3534 1488 im-

1964 1536 2067 1606 piis
2141 1532 2605 1595 contemnebatur,
2678 1527 2997 1583 exaltabitur
3045 1526 3099 1580 in
3140 1525 3330 1595 gloria,
3393 1525 3536 1592 quod

1967 1639 2127 1678 cornu
2148 1622 2443 1676 exaltatum
2462 1627 2703 1691 peccator
2722 1616 2931 1682 uidebit,
2953 1626 3001 1671 et
3029 1614 3300 1679 irascetur,
3323 1612 3538 1683 quando

1968 1729 2036 1771 ex
2068 1715 2316 1785 opposito
2368 1713 2651 1768 traducem
2689 1718 2818 1766 ‘eum
2856 1710 3169 1779 iniquitates
3202 1723 3331 1763 sum.
3360 1706 3542 1760 Denti-

1971 1806 2063 1859 b‘us
2098 1804 2207 1859 suis
2246 1805 2448 1873 fremet,
2485 1802 2611 1871 quia
2645 1798 2737 1856 hic
2786 1800 2897 1854 erit
2950 1799 3191 1871 ploratus
3241 1805 3297 1853 et
3343 1795 3542 1851 stridor

1972 1897 2209 1951 dentium
2233 1880 2443 1967 (Matth.
2472 1893 2619 1963 xxiv)
2648 1911 2660 1945 :
2689 1903 2736 1946 et
2758 1890 2999 1956 tabescet,
3029 1890 3079 1944 id
3102 1896 3204 1951 est,
3236 1886 3539 1958 pCBnilebit,

295 1995 445 2049 nium
476 1992 816 2048 conscientia:
847 1992 1020 2045 bonar.
1047 1986 1199 2044 Unde
1221 1986 1419 2041 Paulus
1442 1985 1657 2040 :Gloria
1686 1994 1863 2039 nostra
1892 1968 1939 2028 Β
1967 1984 2061 2040 sed
2111 1999 2230 2039 sera
2287 1980 2609 2053 paenitentia
2662 1980 2767 2035 erit
2797 1996 2811 2044 ;
2861 1980 2988 2049 quia
3050 1977 3365 2032 desiderium
3424 1992 3544 2045 pec-

282 2092 370 2147 "es't
400 2078 751 2146 testimonium
781 2086 1109 2142 conscientiw
1131 2094 1321 2138 nostra:
1340 2081 1433 2153 (II
1474 2078 1599 2135 Cor.
1622 2080 1673 2148 1)
1705 2097 1717 2133 :
1750 2094 1867 2149 quae

288 2186 468 2256 gloria
490 2192 572 2238 est
598 2184 653 2236 in
682 2182 835 2235 domo
855 2179 998 2249 ejus,
1032 2177 1215 2240 id‘est,
1235 2165 1302 2229 in
1338 2172 1498 2229 corde
1523 2180 1682 2226 rectae
1708 2178 1869 2241 geneo

288 2274 546 2329 ratiOnis.
568 2270 688 2337 Vel,
714 2271 772 2324 in
798 2270 952 2323 domo
979 2268 1109 2337 ejus,
1147 2263 1395 2319 videlicet
1425 2262 1655 2325 Domini,
1682 2260 1734 2315 id
1762 2269 1869 2325 est,

290 2365 352 2418 in
384 2354 487 2416 illis
515 2361 609 2432 qui
649 2375 707 2415 se
732 2360 949 2413 domum
985 2356 1081 2411 Dei
1131 2353 1356 2409 faciunt.
1406 2350 1474 2404 Et
1506 2351 1716 2423 justitia
1757 2350 1870 2420 ejus

297 2463 473 2508 manet
499 2454 553 2506 in
578 2450 829 2506 swculum
856 2446 1055 2512 saeculi,
1088 2446 1142 2501 id
1170 2454 1275 2510 est,
1293 2444 1438 2513 justa
1459 2458 1623 2513 opera
1650 2456 1875 2513 genera-

299 2545 465 2599 tionis
502 2550 662 2598 recttc
699 2546 1019 2611 permanent
1054 2538 1107 2591 in
1150 2545 1433 2591 aeternum.
1478 2534 1545 2588 Et
1588 2534 1733 2589 unde
1772 2533 1874 2590 hoc

300 2636 440 2690 illis?
462 2634 596 2701 Quia
618 2641 853 2687 exortum
880 2638 954 2683 est
976 2630 1030 2682 in
1056 2627 1275 2681 tenebris
1298 2625 1469 2679 lumen
1494 2625 1664 2688 rectis,
1694 2624 1745 2678 id
1771 2631 1872 2688 est,

299 2726 409 2781 illis
434 2725 524 2794 qui
556 2724 609 2777 in
632 2721 850 2776 tenebris
890 2718 1126 2781 fuerunt,
1160 2716 1367 2770 orietur
1395 2714 1567 2767 lumen
1600 2712 1876 2767 rectitudi-

302 2819 407 2871 nis.
442 2815 592 2869 Umle
624 2812 751 2867 illud
790 2830 801 2865 :
842 2828 861 2862 ι
908 2808 1088 2863 Eratis
1121 2804 1408 2875 aliquando
1433 2803 1700 2867 teneh'rm,
1733 2817 1877 2855 nunc

300 2912 486 2961 autem
512 2904 603 2957 lux
626 2902 678 2956 in
703 2900 929 2955 Domino
952 2897 1112 2969 (Eph.
1137 2898 1211 2965 v).
1246 2910 1266 2947 ι
1295 2893 1492 2946 Laurea
1523 2900 1699 2944 autem
1724 2890 1876 2953 illud,

298 2998 449 3068 quod
475 3004 709 3050 exortum
746 3001 819 3047 est
847 2992 903 3046 in
926 2988 1170 3054 tenebris,
1198 2992 1281 3042 cst
1309 2983 1567 3041 Dominus
1588 2980 1879 3038 misericors

304 3090 361 3143 in
376 3085 675 3156 promisSis,
692 3084 967 3137 miserator
980 3081 1035 3135 in
1050 3076 1673 3145 exhibitionibus,justus
1691 3084 1798 3129 tam
1826 3074 1879 3127 in

304 3174 581 3231 salvandis
602 3174 706 3243 piis
733 3186 891 3241 quam
920 3170 974 3226 in
1013 3168 1335 3225 damnandis
1361 3167 1558 3235 impiis.
1592 3164 1660 3219 Et
1682 3178 1748 3218 ne
1776 3172 1883 3217 ter-

1960 2073 2202 2125 ‘ca‘tor‘um
2228 2063 2431 2141 peribit.
2467 2069 2561 2125 Vel
2590 2069 2747 2124 aliter
2778 2086 2793 2125 :
2823 2066 3007 2124 Justus
3034 2086 3051 2119 ι
3080 2068 3329 2137 dispersit
3353 2108 3367 2130 ,
3399 2066 3543 2120 detht

1969 2163 2311 2233 pauperibus,
2335 2172 2585 2234 peccator
2605 2183 2622 2214 ι
2643 2176 2770 2216 vero
2796 2179 2815 2212 α
2838 2159 3036 2215 videbit
3064 2179 3082 2212 ι
3103 2159 3205 2214 hoc
3232 2177 3249 2209 ί
3278 2158 3541 2213 ctirascc-

1973 2264 2075 2319 tur,
2108 2274 2124 2307 ο
2159 2256 2212 2310 id
2248 2265 2349 2319 est,
2385 2254 2641 2309 invidebit
2699 2253 2861 2309 bonis
2886 2252 3094 2307 a‘ctibus
3123 2250 3255 2305 suis.
3291 2249 3540 2303 Dentibus

1970 2346 2081 2401 suis
2105 2345 2285 2414 fremet
2310 2353 2356 2397 et
2395 2342 2637 2407 tabescet,
2670 2342 2721 2397 id
2750 2350 2856 2407 est,
2892 2350 3097 2412 quaeret
3132 2356 3256 2394 cum
3280 2350 3544 2402 avertere,

1972 2436 2067 2492 sed
2113 2435 2213 2490 hoc
2240 2434 2463 2499 frustra,
2504 2434 2626 2502 quia
2655 2433 2969 2487 desiderium
2992 2442 3316 2503 peccatorum
3343 2429 3546 2501 peribit.

2498 2520 2819 2578 PSALMUS
2855 2520 3011 2578 CXII.

2614 2628 2898 2669 ALLELUIA.

2051 2728 2068 2759 ι
2096 2695 2361 2770 Laud-ate,
2409 2705 2584 2776 pueri,
2636 2704 2945 2769 Dominum,
2973 2704 3186 2758 laudate
3229 2717 3423 2759 nomen
3452 2703 3552 2754 Do-

1984 2816 2002 2849 ι
2052 2797 2202 2851 mini.
2263 2795 2345 2850 Sit
2400 2810 2595 2850 nomen
2644 2794 2858 2849 Domini
2916 2793 3281 2858 benedictum,
3340 2807 3406 2846 ex
3450 2792 3553 2844 hor.

1983 2907 2001 2939 ι
2039 2904 2179 2943 nunc
2204 2901 2258 2942 et
2283 2903 2450 2957 usque
2485 2888 2537 2941 in
2564 2887 2835 2942 szeculum.
2877 2886 2922 2940 A
2972 2886 3100 2941 solis
3139 2895 3258 2939 ortu
3290 2899 3457 2955 usque
3489 2886 3552 2937 ad

1983 2997 2002 3033 ί
2032 2992 2284 3036 occasura
2317 2977 2577 3034 Latidrtbile
2615 2990 2808 3036 nomen
2836 2977 3063 3035 Domini.
3104 2976 3357 3035 [accisus
3394 2988 3556 3049 super

1987 3090 2005 3123 ι
2044 3087 2230 3127 omnes
2283 3082 2469 3142 gentes
2510 3072 2789 3135 Dominus,
2842 3080 2896 3125 et
2944 3087 3109 3142 super
3165 3072 3331 3127 cmlos
3384 3073 3551 3143 gloria

1988 3185 2006 3218 ι
2040 3164 2172 3234 ejus.
2226 3164 2371 3231 Quis.
2390 3165 2527 3218 sicut
2556 3165 2815 3219 Dominus
2844 3165 2984 3219 Deus
3027 3174 3208 3219 noster
3230 3166 3320 3235 qui
3353 3166 3404 3219 in
3435 3166 3557 3218 altis

310 3275 457 3322 reret
488 3266 719 3335 aliquem
746 3247 914 3335 quod.
942 3263 1223 3318 Dominum
1272 3259 1405 3315 dixit
1447 3256 1673 3326 justum,
1722 3270 1881 3325 quem
1912 3320 1955 3335 Ἀ
1992 3272 2010 3305 ι
2046 3256 2275 3319 habitat,
2308 3266 2362 3308 et
2397 3255 2617 3308 humilia
2666 3255 2883 3323 reSpicit
2920 3257 2972 3308 in
3021 3256 3159 3310 cmlo
3188 3265 3241 3310 et
3282 3256 3335 3309 in
3366 3264 3505 3310 terra
3535 3258 3558 3308 ?

308 3360 483 3431 prius.
508 3357 723 3414 vacavit
784 3355 1207 3420 misericordem,
1262 3351 1535 3421 subiungit
1564 3368 1577 3403 :
1606 3349 1884 3404 Iucundus
1906 3322 1956 3384 (ἶ
1993 3364 2011 3396 ι
2059 3345 2336 3400 Suscitaus
2376 3360 2405 3397 a
2437 3354 2578 3398 terra
2627 3342 2859 3415 inopem,
2899 3353 2954 3400 et
2978 3346 3044 3400 de
3080 3354 3319 3400 stercore
3344 3347 3558 3416 erigens
3588 3364 3595 3372 ·

310 3453 463 3502 homo
496 3448 584 3517 qui
627 3448 901 3500 miseretur
937 3453 985 3499 et
1014 3442 1327 3497 commodat.
1360 3439 1524 3508 Quasi
1554 3440 1698 3494 dicat
1727 3456 1740 3491 :
1770 3436 1887 3493 Noli

313 3541 531 3597 timete.
574 3537 655 3590 vir
700 3537 875 3599 beate,
907 3534 1170 3605 justitiam
1226 3532 1460 3596 Domini,
1489 3531 1562 3585 sis
1598 3528 1888 3600 jucundus,

315 3626 579 3680 miserere
605 3633 660 3679 et
679 3624 984 3687 commoda,
1020 3630 1078 3677 ut
1110 3636 1216 3675 non
1249 3621 1441 3674 timeas
1485 3619 1751 3688 justitiam
1780 3617 1890 3671 Do-

309 3718 467 3772 mini.
531 3715 775 3769 Miserere
835 3714 1027 3767 animae
1090 3722 1214 3783 tum,
1238 3720 1292 3765 et
1344 3711 1453 3765 eris
1512 3710 1719 3779 placens
1781 3706 1890 3760 Deo

314 3806 512 3877 (Eccli.
536 3804 689 3875 xxx),
715 3812 768 3858 et
798 3804 1077 3858 commoda
1106 3812 1165 3854 te
1192 3800 1313 3854 aliis
1334 3798 1634 3868 exemplum
1668 3798 1889 3852 bonum.

314 3894 451 3947 Nam
478 3896 635 3948 homo
653 3891 922 3961 jucundus
971 3899 1077 3955 est,
1126 3889 1217 3958 qui
1242 3888 1343 3943 sibi
1368 3889 1638 3942 miseretur
1666 3894 1723 3942 et
1748 3885 1889 3952 aliis,

307 3984 466 4053 juxta
496 3979 623 4034 illud
658 3978 955 4033 :Dimittite
982 3990 1030 4032 et
1060 3977 1357 4032 dimittetur
1395 3976 1546 4031 vobis
1583 3974 1735 4045 (Luc.
1768 3973 1888 4043 vr):

315 4082 366 4127 et
402 4071 494 4141 qui
538 4070 834 4125 commodat
880 4084 937 4124 se
984 4068 1106 4122 aliis
1157 4067 1461 4137 exemplum
1516 4068 1733 4122 bonum.
1776 4067 1890 4135 Vel,

318 4158 637 4224 commodat,
664 4158 717 4213 id
747 4166 850 4223 est,
875 4157 1137 4226 proximis
1164 4157 1469 4212 necessaria
1498 4157 1891 4224 subministrat,

319 4251 606 4305 attendens
670 4248 1007 4318 Scripturam
1060 4247 1327 4302 dicentem
1355 4262 1374 4301 :
1422 4247 1578 4313 Date,
1610 4258 1658 4301 et
1684 4248 1896 4302 dabitur

319 4340 465 4395 vobis
510 4338 721 4409 (Ibid).
757 4337 857 4393 Hic
894 4338 1055 4392 homo
1098 4336 1224 4391 talis
1271 4337 1505 4406 disponet
1550 4353 1811 4391 sermones
1841 4339 1896 4392 in

312 4430 545 4500 judicio,
576 4428 629 4483 id
658 4436 764 4494 est,
811 4441 979 4497 opera
1026 4441 1122 4481 sua
1160 4427 1302 4481 bona
1352 4425 1747 4481 rationabiliter
1774 4438 1898 4497 aget

323 4522 375 4575 in
402 4520 834 4576 consideratione
860 4518 1022 4576 futuri
1037 4518 1251 4587 judieii,
1282 4526 1359 4584 ut,
1387 4533 1509 4573 cum
1536 4519 1604 4574 ad
1631 4518 1897 4586 judicium

321 4616 541 4666 ‘ventum
588 4609 768 4674 fuerit,
810 4624 915 4665 non
974 4609 1162 4664 timeat
1198 4609 1462 4679 justitiam
1512 4608 1660 4677 juste
1709 4610 1888 4663 omnia

322 4702 685 4757 examinantis
718 4700 947 4755 Domini.
980 4699 1189 4754 Dictum
1229 4707 1334 4764 est,
1385 4698 1452 4753 ad
1482 4698 1890 4755 similitudine-

323 4792 468 4861 quod
502 4791 674 4846 dicit:
712 4790 958 4860 Disponet
985 4806 1249 4845 sermones
1269 4805 1392 4844 suos
1432 4790 1487 4843 in
1508 4789 1732 4859 judicio,
1766 4791 1892 4859 quia

321 4882 481 4937 sicuti
506 4890 690 4936 orator
727 4881 898 4935 bonus
945 4896 1205 4935 sermones
1239 4896 1361 4936 suos
1390 4882 1646 4950 disponit,
1676 4894 1896 4950 praeme-

321 4972 543 5026 ditando
570 4971 800 5040 qualiter
824 4970 1109 5040 unicuique
1131 4985 1373 5039 personae
1398 4971 1470 5025 sit
1494 4970 1892 5040 alloquendum,

321 5070 383 5115 ut
408 5062 462 5114 in
488 5060 693 5129 judicio
731 5076 791 5115 se
821 5058 1074 5115 defendat
1104 5078 1117 5114 .
1147 5062 1227 5115 sic
1256 5060 1401 5115 facta
1446 5061 1586 5115 bona
1638 5076 1757 5131 qua:
1804 5064 1895 5117 hic

323 5150 684 5218 disponuntur
733 5163 763 5202 a
813 5146 1081 5213 ﬁdelibus,
1130 5146 1418 5203 defendent
1468 5162 1563 5203 eos
1619 5151 1673 5203 in
1685 5150 1893 5219 judicio

326 5241 508 5293 futuro
542 5254 556 5292 :
595 5239 741 5307 quod
789 5237 962 5292 dicit:
995 5237 1243 5306 Disponet
1276 5254 1537 5292 sermones
1583 5255 1705 5293 suos
1737 5242 1791 5293 in
1803 5240 1894 5309 ju-

323 5334 483 5385 dicio.
527 5329 679 5397 Quod
725 5345 791 5386 ex
839 5328 1031 5383 effectu
1074 5329 1349 5399 probatur,
1395 5330 1524 5398 quia
1562 5331 1892 5386 inteternum

325 5440 431 5476 non
457 5422 873 5476 commovebitur.
913 5420 981 5474 Et
1011 5420 1223 5475 tandem
1276 5437 1293 5470 ι
1328 5421 1381 5475 iu
1410 5421 1669 5476 memoria
1692 5430 1891 5477 aeterna

324 5515 432 5569 erit
460 5514 658 5582 justus,
708 5514 775 5565 ab
804 5511 1075 5566 auditione
1116 5510 1252 5565 mala
1280 5525 1386 5565 non
1416 5512 1647 5576 timebit,
1677 5533 1696 5565 ι
1727 5528 1891 5582 quam

325 5606 548 5661 audient
571 5605 641 5659 illi
671 5605 813 5674 quia
841 5604 1074 5659 sinistris
1091 5612 1377 5673 ponentur,
1403 5619 1524 5657 cum
1555 5604 1634 5659 eis
1654 5605 1885 5659 dicetur:

327 5696 354 5749 Ι
360 5708 429 5761 te,
447 5696 723 5760 maledicti,
739 5679 792 5749 5;.
806 5697 972 5764 ignem
990 5704 1237 5748 aeternum
1256 5691 1466 5764 (Matth.
1490 5694 1638 5762 xxv).
1658 5692 1771 5758 Vel,
1790 5711 1891 5748 non

328 5789 521 5841 timebit
543 5789 607 5840 ab
628 5788 896 5842 auditione
915 5785 1080 5850 mala,
1109 5785 1158 5839 id
1182 5796 1283 5847 est,
1312 5801 1342 5839 a
1374 5785 1591 5841 vocibus
1614 5785 1751 5840 male
1775 5801 1890 5855 per-

331 5877 691 5933 suadentium.
726 5878 793 5932 Et
843 5878 942 5933 hoc
971 5876 1161 5931 merito
1193 5891 1205 5929 :
1245 5876 1381 5942 Quia
1419 5897 1434 5929 ι
1472 5884 1716 5945 paratum
1758 5896 1776 5929 ι
1807 5885 1889 5930 εει

1996 3455 2013 3486 ι
2048 3432 2354 3506 pauperem.
2386 3435 2454 3490 Ut
2480 3436 2706 3490 collocet
2734 3450 2854 3490 eum
2886 3451 3008 3490 cum
3054 3436 3405 3506 principibus,
3434 3448 3555 3490 cum

1994 3548 2011 3579 ε
2041 3527 2368 3599 principibus
2395 3527 2572 3597 populi
2602 3527 2703 3581 sui.
2744 3526 2845 3593 Qui
2890 3527 3135 3582 habitare
3170 3527 3296 3582 facit
3320 3528 3558 3583 sterilem

1994 3630 2012 3668 ι
2052 3618 2107 3671 in
2138 3618 2295 3673 domo
2320 3627 2545 3671 matrem
2583 3617 2814 3671 filiorum
2844 3619 3128 3673 laztantem.
3172 3638 3190 3669 ι

2555 3705 2996 3763 ENARRATIO.

2062 3799 2308 3854 Alleluia.
2342 3798 2597 3863 Laudare,
2627 3799 2797 3869 pueri,
2831 3798 3144 3853 Dominum:
3176 3816 3271 3870 per
3300 3801 3559 3869 puerilem

1993 3906 2134 3960 sche
2188 3894 2400 3944 tctatcm
2450 3890 2501 3943 in
2557 3888 2833 3959 Scriptura
2886 3901 3041 3945 sacra
3104 3891 3377 3946 humilitas
3408 3893 3561 3946 nobis

1994 3981 2420 4035 commendatur.
2470 3980 2619 4034 Unde
2660 3980 2772 4049 ipse
2806 3979 3066 4036 Dominus
3120 3981 3172 4035 in
3225 3982 3557 4053 Evangelio:

2000 4090 2018 4123 ε
2052 4070 2224 4126 Sinite
2258 4069 2510 4141 parvulos
2559 4071 2743 4124 venire
2794 4071 2860 4125 ad
2904 4086 3006 4136 me,
3058 4071 3243 4127 talium
3294 4082 3376 4127 est
3418 4074 3561 4128 enim

1996 4177 2216 4233 regnum
2285 4160 2540 4217 caelorum
2608 4156 2843 4232 (Matth.
2903 4162 3102 4233 tvm).
3172 4160 3326 4233 Smpe
3399 4166 3561 4218 etiam

1993 4260 2090 4323 per
2139 4251 2394 4322 puerilem
2452 4259 2666 4306 aetatem
2723 4252 2970 4320 superbia
3042 4254 3327 4307 ’vetustatis
3385 4256 3563 4321 expri-

1996 4345 2180 4408 mitur,
2239 4343 2384 4398 velut
2449 4343 2565 4396 ibi:
2615 4359 2633 4390 ι
2670 4339 2843 4396 Nolite
2889 4342 3041 4409 pueri
3089 4340 3224 4395 eliici
3288 4344 3560 4407 sensibus,

1997 4432 2197 4487 malitia
2251 4434 2429 4485 autem
2482 4424 2688 4498 parvuli
2748 4434 2922 4483 estate
2974 4429 3049 4498 (Ι
3099 4429 3222 4483 εον.
3290 4432 3482 4493 xxiv).
3539 4453 3557 4483 ι

1998 4522 2084 4585 Et,
2112 4521 2235 4589 quia
2264 4518 2502 4588 psahuus
2533 4518 2633 4571 iste
2659 4531 2854 4587 pueros
2876 4517 2941 4570 ad
2970 4517 3181 4573 laudem
3211 4519 3302 4574 Dei
3336 4520 3563 4575 incitare

1998 4612 2226 4674 videtur,
2262 4618 2419 4665 nemo
2466 4609 2679 4664 adultus
2734 4608 2898 4672 dicat,
2940 4609 3039 4663 sibi
3066 4624 3170 4663 non
3204 4609 3317 4664 ﬁeri
3350 4612 3436 4666 hic
3462 4626 3562 4665 ex-

1994 4700 2372 4763 hortationem,
2424 4714 2545 4754 cum
2586 4699 2699 4768 ipse
2749 4696 2985 4763 adultus,
3012 4697 3251 4767 deposita
3299 4702 3565 4769 superbia:

1995 4789 2221 4853 malitia,
2258 4798 2311 4843 et
2335 4796 2606 4857 assumpta
2636 4786 2957 4851 humilitate,
2996 4787 3145 4855 pueri
3173 4789 3390 4844 nomine
3417 4790 3563 4845 desi-

1994 4888 2204 4950 gnetur.
2238 4878 2374 4933 Dicit
2397 4887 2574 4933 autem
2613 4878 2692 4932 sic
2721 4895 2734 4931 :

2065 4971 2321 5035 Laudate,
2349 4971 2521 5039 pueri,
2569 4970 2873 5036 Dominum,
2914 4971 3147 5036 laudate,
3204 4973 3345 5038 dico,
3376 4991 3560 5028 nomen

1997 5064 2228 5118 Domini.
2279 5061 2484 5116 Nomen
2532 5062 2744 5116 Domini
2782 5063 2981 5129 laudet,
3030 5065 3122 5132 qui
3167 5080 3227 5119 se
3261 5066 3562 5119 voluntarie

1994 5160 2204 5209 servum
2230 5154 2372 5217 facit,
2401 5151 2631 5219 laudate,
2654 5153 2893 5209 dicentes
2924 5172 2936 5209 :
2966 5174 2985 5206 ι
3019 5154 3102 5210 Sit
3131 5164 3321 5210 nomen
3352 5156 3563 5211 Domini

1996 5242 2333 5299 benedictum
2386 5257 2452 5295 ex
2501 5242 2601 5297 hoc
2649 5259 2812 5310 nunc,
2844 5262 2862 5296 ι
2907 5244 2958 5299 id
3005 5254 3105 5310 est,
3146 5244 3372 5313 jnbilate
3403 5256 3449 5300 et
3478 5263 3564 5299 us-

1994 5350 2092 5401 que
2144 5334 2197 5387 in
2238 5331 2486 5387 saxulum
2528 5333 2939 5401 perseverando.
2987 5330 3054 5388 Et
3102 5334 3215 5388 hmo
3262 5335 3564 5390 benedictio

1998 5440 2101 5479 non
2149 5429 2353 5479 tantum
2406 5424 2478 5479 sit
2516 5424 2567 5477 in
2599 5411 2801 5488 Iudaea.
2829 5425 2923 5480 sed
2952 5440 2971 5476 ι
3009 5439 3038 5478 a
3061 5425 3189 5481 solis
3218 5435 3343 5480 ortu
3392 5434 3563 5495 usque

1998 5499 2064 5571 ad
2095 5528 2372 5577 occasum,
2409 5504 2427 5565 ἡ
2456 5515 2526 5568 sit
2552 5534 2570 5565 ι
2598 5513 2861 5569 laudabile
2901 5526 3093 5569 uulnen
3138 5514 3367 5571 Domini.
3412 5537 3428 5568 ι
3461 5517 3563 5571 Ρει·

1998 5614 2172 5660 ortum
2206 5604 2334 5659 solis
2374 5601 2540 5658 Judmi
2595 5604 2941 5672 designantur
2966 5605 3159 5673 quibus
3197 5618 3291 5675 per
3318 5608 3560 5663 notitlam

1998 5694 2128 5765 legis
2177 5694 2352 5746 lmnen
2405 5693 2513 5745 veri
2561 5692 2689 5746 solis
2733 5691 2924 5757 illuxit,
2981 5708 3078 5763 per
3126 5708 3377 5751 occasum
3436 5700 3562 5753 vero

1998 5795 2182 5854 gentes
2212 5784 2578 5863 designantur,
2612 5784 2735 5850 quia
2764 5783 2844 5838 eis
2887 5784 2965 5839 sol
2991 5800 3147 5840 verus
3181 5796 3304 5841 ante
3350 5797 3561 5860 tempus

1998 5874 2194 5929 Christi
2228 5872 2615 5928 occultabatur.
2655 5894 2671 5924 ‹
2709 5874 2748 5927 Α
2781 5874 2909 5930 solis
2933 5884 3051 5931 ortu
3103 5892 3272 5950 usque
3313 5878 3378 5932 ad
3402 5887 3557 5933 ocra:
3586 5938 3589 5941 γ
