4034 6420
333 373 430 427 ’ῖὲι

1470 367 2014 427 ΕΝΑΠΠΑΤΙΟΝΕΞ
2039 369 2102 424 IN
2143 371 2472 430 PSALMOS.

3485 371 3596 428 72$!

331 503 495 553 quam
527 485 936 540 renuntiaverit.
972 485 1035 540 Et
1055 486 1193 539 sicut
1218 485 1442 556 populus
1471 487 1560 542 ille
1583 488 1699 542 sine
1725 485 1904 538 divino
1935 485 1980 542 Λ
2011 496 2312 552 retrorsum,
2352 489 2528 552 idest,
2571 487 2644 541 illi
2671 490 2759 556 qui
2795 491 3018 560 gratiam
3047 488 3294 559 baptismi
3336 505 3590 560 percepe-

333 575 538 629 auxilio
587 577 740 630 exire
794 591 898 630 non
953 577 1145 644 potuit,
1189 577 1266 632 sic
1299 594 1456 632 nemo
1486 580 1646 632 corde
1696 577 1763 630 ab
1810 575 1911 629 hoc

333 665 532 718 sa-culo
577 681 811 734 nequam
879 666 1163 728 avertitur,
1215 668 1316 721 nisi
1358 669 1552 722 divinm
1605 666 1911 722 misericor-

332 756 437 809 dia:
489 771 712 810 munere
742 755 977 824 adjutus.
1014 757 1166 824 Quod
1209 759 1351 813 enim
1396 759 1564 814 semel
1599 757 1706 813 illic
1733 757 1910 828 prtuli-

329 857 583 922 guratum
633 858 738 912 est,
789 851 891 903 hoc
941 849 994 902 in
1050 850 1153 903 isto
1191 850 1296 907 line
1347 851 1526 906 saeculi
1584 853 1912 922 quotidianis

332 921 588 991 Ecclesia:
615 938 828 994 ﬂetibus
858 939 910 993 in
935 955 1259 1010 unoquoque
1291 943 1548 998 credente
1587 921 1906 1012 completur.

329 1023 582 1090 Quotidie
620 1027 762 1082 enim
809 1028 922 1082 exit
958 1028 1120 1084 Israel
1160 1030 1225 1084 de
1268 1029 1532 1102 Egypto,
1580 1047 1701 1086 cum
1741 1031 1910 1087 ﬁdelis

330 1116 683 1184 spiritualiter
733 1119 846 1173 exit
899 1119 964 1173 de
1025 1120 1127 1174 hoc
1178 1122 1397 1175 mundo.
1462 1121 1614 1177 Unde
1661 1122 1904 1177 Paulus:

335 1226 353 1256 ι
405 1205 539 1260 Nolo
571 1221 666 1261 vos
689 1207 963 1278 ignorare,
994 1207 1212 1276 fratres,
1236 1213 1490 1281 quoniam
1513 1228 1702 1268 omnes
1731 1223 1907 1283 patres

331 1299 504 1353 nostri
532 1299 631 1353 sub
657 1299 799 1354 nube
825 1299 1066 1363 fuerunt,
1097 1312 1153 1356 et
1171 1319 1360 1358 omnes
1396 1320 1546 1359 mare
1577 1307 1907 1361 transierunt

327 1391 379 1461 (l
406 1392 526 1446 Cor.
552 1392 628 1462 ι),
651 1412 670 1444 ι
696 1401 748 1447 et
769 1402 983 1448 etetcra.
1016 1415 1033 1446 ι
1065 1395 1266 1452 Domus
1287 1396 1454 1452 Jacob
1475 1400 1542 1453 de
1565 1401 1759 1469 populo
1784 1401 1908 1455 bar-

326 1483 481 1537 baro.
525 1502 543 1532 ι
585 1482 818 1551 Populus
865 1482 1126 1539 barbarus
1156 1496 1260 1549 est,
1300 1489 1391 1556 qui
1432 1505 1537 1543 non
1569 1490 1902 1545 novitDcum

325 1572 569 1634 laudare,
593 1573 687 1627 sed
729 1573 1040 1629 carnalibus
1082 1578 1338 1645 operibus
1367 1579 1652 1635 inhterere.
1691 1601 1709 1632 ι
1742 1582 1904 1636 Facta

323 1671 408 1717 est
454 1661 636 1716 Judtea
689 1664 1047 1719 sanctificatio
1093 1667 1229 1734 ejus.
1262 1687 1280 1720 ι
1327 1668 1468 1722 Ecce
1517 1671 1754 1726 ostendit
1795 1687 1904 1742 quo

320 1752 745 1821 perveniendum
769 1754 839 1808 sit
861 1754 932 1808 illi
961 1757 1050 1824 qui
1072 1757 1185 1811 exit
1204 1757 1272 1814 de
1295 1758 1552 1830 rEgypto,
1582 1763 1634 1816 in
1662 1761 1900 1818 Judzeam

2014 584 2156 637 runt,
2188 576 2279 629 sed
2322 576 2374 629 in
2420 578 2520 630 hoc
2549 576 2743 631 saeculo
2783 594 3013 647 nequam
3043 578 3383 642 oberrabant,
3413 579 3590 632 humi-

2013 665 2122 719 liati
2160 667 2226 720 ad
2264 666 2431 722 Deum
2458 669 2706 724 conversi
2752 679 2897 724 sunt.
2943 669 3095 724 Unde
3127 680 3344 734 utentes,
3377 670 3429 725 id
3472 677 3585 734 est,

2011 757 2215 824 pradati
2247 759 2296 812 in
2327 758 2588 822 Ecclesia,
2615 759 2998 814 exsultauerunt
3042 760 3150 815 Deo
3187 759 3438 828 adjutori.
3478 776 3584 813 non

2009 846 2206 901 smculo
2232 847 2522 916 deccptori.
2554 848 2978 915 Exsultaeerunt,
3009 852 3130 904 dico
3149 891 3163 913 ,
3193 860 3262 904 ut.
3283 852 3500 914 arietes,
3535 851 3584 904 id

2009 947 2112 1001 est,
2139 954 2360 1010 gregum
2392 940 2576 1005 duces,
2607 950 2652 994 et
2685 941 2858 1003 colles,
2891 942 2939 995 id
2969 951 3072 1004 cst,
3101 942 3400 997 imitatores
3432 957 3586 996 mon—

1995 1030 2165 1094 tium,
2194 1031 2576 1086 exsultaueruut
2599 1035 2730 1087 sicut
2757 1036 2878 1104 agni
2907 1035 3098 1088 ovium.
3137 1052 3154 1085 ι
3189 1034 3326 1101 Quid
3354 1045 3437 1089 est
3470 1035 3585 1096 tibi,

2010 1135 2178 1183 mare,
2209 1123 2352 1190 quod
2394 1121 2600 1192 fugiSIi,
2636 1133 2690 1178 et
2727 1135 2805 1190 tu,
2844 1126 3113 1192 Jordanis,
3148 1129 3269 1196 quia
3294 1142 3590 1182 conversus

2007 1225 2068 1264 es
2092 1213 2420 1266 retrorsum?
2441 1234 2457 1263 ι
2476 1213 2741 1284 Propheta
2767 1216 2952 1271 videns
2980 1218 3141 1272 Deum
3165 1218 3243 1272 sic
3270 1218 3589 1274 mirabiliter

2008 1303 2219 1371 Operari
2253 1303 2303 1356 in
2348 1304 2482 1368 suis,
2516 1321 2619 1360 non
2660 1307 2987 1376 ignorando,
3026 1309 3118 1364 sed
3161 1308 3587 1379 congratulando

2009 1392 2132 1454 sibi,
2178 1391 2290 1446 hare
2333 1392 2433 1446 sub
2479 1395 2903 1469 interrogatione
2933 1399 3085 1454 dicit.
3124 1419 3142 1452 ι
3171 1401 3306 1468 Quid
3337 1411 3419 1456 est
3452 1402 3585 1465 tibi,

2007 1499 2177 1548 mare,
2209 1486 2351 1553 quod
2382 1485 2584 1557 fugisti,
2625 1497 2679 1544 et
2718 1499 2794 1554 tu,
2825 1489 3105 1555 Jordanis,
3143 1494 3265 1562 quia
3296 1509 3588 1548 conversus

2007 1588 2067 1627 cs
2099 1578 2431 1630 retrorsum?
2461 1597 2478 1628 ι
2513 1579 2580 1632 Et
2605 1580 2732 1648 quid
2764 1597 2882 1645 vos,
2905 1597 2938 1635 o
2970 1601 2986 1633 ι
3028 1592 3250 1646 montes,
3279 1585 3587 1640 evsnltastis

2005 1664 2146 1720 sicut
2182 1667 2408 1733 arietes,
2455 1679 2510 1724 et
2556 1671 2719 1726 colles
2761 1673 2902 1728 sicut
2944 1676 3066 1743 agni
3112 1676 3292 1730 ovium
3317 1677 3392 1729 ἓν»
3450 1678 3588 1732 Ecce

2005 1768 2193 1823 quare.
2222 1754 2355 1823 Quia
2385 1776 2418 1811 α
2447 1759 2584 1827 facie
2610 1760 2820 1816 Domini
2849 1775 2988 1818 mota
3017 1776 3090 1819 est
3131 1775 3302 1832 terra,
3350 1768 3399 1821 id
3425 1777 3527 1832 est,
3556 1785 3586 1824 a

318 1844 528 1898 scilicet
558 1844 645 1898 ubi
677 1842 783 1913 jam
817 1837 1202 1903 sanctificatur.
1237 1850 1377 1918 Quid
1426 1851 1609 1908 Judzea
1639 1855 1740 1910 nisi
1771 1871 1902 1910 con-
1929 1842 1977 1902 Β
2005 1843 2312 1911 cognitione
2361 1848 2566 1902 Domini
2616 1853 2974 1907 movebuntur
3019 1857 3179 1910 corda
3227 1866 3584 1914 terrenarum.

320 1935 609 1991 fessionem
640 1937 931 2009 designat?
957 1939 1060 1994 Per
1090 1957 1251 2010 quant
1305 1945 1697 2003 confessionem
1751 1950 1898 2019 quis-

319 2039 428 2092 que
455 2023 644 2080 exiens
676 2026 743 2081 de
783 2027 1019 2099 ngypto
1071 2034 1462 2100 sanctilicatur,
1511 2035 1665 2104 juxta
1718 2038 1846 2095 illud
1879 2056 1896 2094 :

329 2134 350 2164 ι
395 2115 560 2169 corde
609 2115 848 2171 creditur
907 2119 972 2172 ad
1015 2120 1316 2190 justitiam,
1373 2140 1467 2179 ore
1519 2137 1698 2182 autem
1765 2145 1898 2184 con-

323 2225 346 2256 c
389 2207 552 2262 fessio
594 2207 654 2262 ﬁt
695 2210 761 2265 ad
802 2208 1030 2265 salutem
1062 2213 1240 2283 (llam.
1283 2216 1360 2286 χ).
1395 2237 1410 2267 ι
1449 2218 1610 2274 Israel
1658 2229 1897 2290 potestas

320 2300 460 2367 ejus.
498 2323 515 2354 ι
578 2302 729 2358 Unde
777 2304 905 2359 illud
945 2320 959 2359 :
997 2326 1015 2358 ‹
1053 2309 1208 2363 Dedit
1258 2311 1338 2365 eis
1380 2321 1703 2381 potestatem
1761 2315 1898 2371 filios

318 2393 411 2447 Dei
472 2392 612 2459 fieri,
664 2396 748 2449 his
793 2397 883 2464 qui
928 2398 1152 2454 credunt
1195 2402 1247 2455 in
1278 2405 1495 2457 nomine
1533 2406 1649 2475 ejus
1698 2407 1892 2478 (Joau.

317 2482 456 2553 xu).
523 2503 540 2533 ι
595 2483 893 2554 [interroget
947 2503 1076 2558 ergo
1146 2494 1514 2562 unusquisque
1563 2512 1658 2550 cor
1713 2513 1894 2562 suum,

316 2574 364 2626 si
437 2574 570 2630 fides
636 2574 765 2630 illud
807 2577 1183 2646 circumcidit,
1242 2582 1286 2635 si
1359 2583 1629 2638 confessio
1700 2602 1896 2657 purga-

314 2663 440 2717 vit:
497 2673 551 2718 et
605 2665 746 2734 facta
803 2677 878 2722 est
944 2668 1016 2722 illi
1077 2669 1270 2724 Iudaea
1338 2674 1685 2740 sanctiﬁcatio
1756 2676 1890 2744 ejus,

315 2762 371 2808 et
399 2753 568 2809 Israel
591 2767 816 2825 potestas
841 2757 971 2829 ejus.
1005 2759 1153 2815 Mare
1183 2761 1340 2826 vidit,
1371 2773 1418 2816 et
1451 2763 1602 2834 fugit.
1635 2765 1770 2832 Quid
1797 2782 1896 2835 per

317 2860 501 2909 mare,
531 2846 630 2902 nisi
661 2849 912 2902 smcul’um
945 2865 1176 2920 nequam
1219 2853 1570 2922 designatur?
1603 2857 1743 2924 quod
1782 2857 1895 2912 cui-

315 2953 422 3004 que
453 2936 687 2992 lidelium
717 2950 801 2994 est
837 2940 1294 3010 impedimentum.
1331 2953 1385 2998 ut
1419 2961 1523 3000 non
1569 2947 1762 3002 habeat
1800 2964 1895 3004 cor

314 3041 413 3094 per
441 3028 830 3084 confessionem
880 3035 1207 3102 purgatum?
1246 3034 1379 3088 Nam
1426 3040 1790 3108 utmsquisque
1838 3041 1891 3095 in

314 3117 494 3186 seipse
541 3127 716 3188 potest
761 3121 975 3186 videre,
1010 3137 1132 3178 cum
1175 3139 1272 3179 cor
1306 3141 1460 3181 suum
1510 3127 1733 3183 Domino
1781 3131 1894 3186 vult

315 3206 619 3275 applicare,
665 3207 886 3278 ejusque
913 3212 1062 3266 suavi
1099 3212 1257 3284 jugo,
1309 3217 1565 3274 recedens
1592 3234 1620 3272 a
1653 3221 1894 3288 pristinae

317 3297 633 3367 ignorantia:
687 3300 999 3366 desideriis,
1045 3303 1296 3360 devotum
1347 3309 1584 3362 animum
1631 3312 1891 3378 subdere,

315 3387 734 3458 carnalibusque
765 3389 920 3459 hujus
949 3393 1133 3448 mundi
1169 3394 1324 3451 fact's
1365 3397 1566 3453 relictis
1605 3400 1657 3453 in
1697 3399 1894 3471 quibus

316 3478 436 3534 sine
486 3479 663 3536 fructu
710 3483 1011 3549 laborabat,
1045 3494 1298 3556 tanquam
1347 3489 1400 3543 in
1442 3489 1672 3563 A-Igypto
1717 3493 1892 3551 latens

315 3568 416 3621 sub
441 3568 574 3623 dura
603 3571 966 3628 dominatione
994 3575 1188 3630 diaboli
1226 3575 1438 3646 facere,
1473 3581 1704 3650 qualiter
1725 3600 1892 3639 saecu-

317 3656 449 3711 laria
491 3657 872 3728 impedimenta
903 3665 1193 3719 succedunt
1235 3683 1396 3723 voces
1430 3670 1889 3739 dissuadentium,

313 3746 408 3800 sed
439 3747 564 3801 dum
593 3751 820 3820 quisque
861 3755 1038 3810 studet
1069 3770 1137 3810 ne
1166 3757 1548 3826 impedimento
1589 3765 1831 3821 szeculari
1859 3783 1888 3821 a

316 3838 457 3892 bono
480 3841 754 3908 proposito
782 3846 1108 3912 retrahatur,
1142 3848 1255 3918 jam
1303 3854 1640 3910 cessantibus
1668 3857 1890 3925 impedi—

315 3926 532 3992 mentis,
571 3945 712 3983 mare
735 3932 886 4002 fugit,
931 3944 990 3989 ut
1029 3937 1145 3992 sine
1175 3943 1595 3999 co:.tradictionc
1633 3949 1700 4003 ad
1730 3948 1890 4005 liber-

315 4023 481 4070 tatcm
518 4018 812 4086 spiritalem
852 4025 1119 4092 pandatur
1158 4028 1262 4082 via.
1312 4031 1462 4098 Quod
1509 4035 1680 4092 dicit:
1739 4039 1888 4095 Mare

311 4105 466 4170 vidit,
498 4117 546 4160 et
576 4107 732 4178 fugit.
769 4111 881 4168 lloc
910 4114 1147 4173 Mieheas
1175 4123 1431 4190 propheta
1457 4125 1576 4180 aliis
1606 4129 1782 4184 verbis
1808 4131 1887 4184 di-

311 4195 388 4247 cit
415 4197 520 4249 sic:
543 4214 561 4246 ι
587 4198 912 4268 Secundum,
937 4204 1129 4274 inquit,
1159 4210 1297 4263 diem
1330 4213 1674 4281 profectionis
1699 4235 1885 4276 eorum

310 4303 379 4338 cx
406 4286 641 4360 Egypto
661 4331 676 4356 ,
719 4297 996 4350 ostendam
1028 4301 1288 4357 mirabilia
1320 4306 1442 4360 illis.
1489 4307 1752 4365 Videbunt
1788 4329 1885 4368 na-

312 4377 506 4445 tiones,
537 4389 588 4436 et
615 4384 1010 4441 eonfun.'entur
1041 4391 1108 4444 ab
1135 4393 1278 4446 omni
1310 4397 1500 4451 robore
1527 4416 1734 4464 eorum,
1775 4420 1888 4458 ma-

310 4466 470 4523 nibus
516 4485 608 4524 ora
665 4487 760 4528 sua
805 4475 1122 4542 obstruent,
1171 4495 1331 4538 aures
1379 4485 1480 4539 illis
1527 4489 1889 4546 obsurdentur

311 4554 498 4622 (Ehrlt.
518 4562 636 4630 vn),
662 4582 680 4612 ι
707 4573 760 4618 et
787 4576 1000 4620 cmlera.
1031 4567 1280 4625 Iordanis
1305 4591 1577 4631 conversus
1601 4590 1674 4632 est
1701 4591 1889 4635 retror-

304 4663 446 4701 sum.
498 4648 594 4706 llic
646 4653 886 4724 increpat
937 4655 1168 4728 Spiritus
1209 4664 1470 4732 quosdam
1522 4669 1613 4737 qui
1666 4668 1884 4728 dorsum

305 4753 464 4791 suum
497 4741 561 4794 ad
590 4741 873 4800 Dominum
906 4761 1218 4818 posuerunt,
1249 4763 1303 4808 et
1334 4771 1437 4810 non
1469 4757 1680 4814 faeien‘L
1728 4765 1887 4833 Quis-

305 4828 433 4896 quis
460 4831 600 4884 enim
628 4834 946 4905 principium
971 4855 1128 4894 suum
1157 4844 1357 4900 deserit
1377 4855 1430 4901 et
1455 4862 1485 4900 a
1513 4828 1771 4907 Creatore
1785 4869 1884 4912 suo

305 4919 592 4984 avertitur,
623 4932 872 4994 tanquam
904 4926 1095 4985 ﬂuvius
1125 4931 1177 4986 in
1210 4948 1380 5001 mare,
1408 4937 1609 4994 labitur
1642 4943 1700 4998 in.
1725 4944 1893 5014 hujus.

293 5007 488 5062 'steculi
518 5013 900 5072 amarit-antem
933 5019 1211 5078 malitiam.
1259 5025 1364 5082 Sed
1408 5029 1533 5085 dum
1577 5048 1637 5088 se
1672 5007 1886 5095 errasse

305 5101 645 5168 cognoverit,
673 5113 727 5157 et
765 5121 860 5159 cor
889 5124 1043 5162 suum
1070 5126 1162 5180 per
1187 5115 1580 5175 confessionem
1617 5138 1881 5196 purgave-

308 5185 402 5252 rit,
440 5185 553 5256 jam
588 5188 839 5247 Iordanis
868 5214 1143 5256 conversus
1167 5213 1241 5257 est
1273 5215 1576 5277 retrorsum,
1606 5185 1750 5281 quiav
1770 5216 1883 5287 ipse

307 5276 639 5336 humiliatus.
672 5282 838 5341 Deum
885 5289 985 5344 sibi
1031 5293 1275 5349 redeunti
1322 5301 1471 5368 ponit
1505 5276 1638 5358 ante
1656 5276 1879 5372 faciem,

306 5384 466 5440 quem
493 5375 751 5431 recedens
785 5378 890 5433 sibi
929 5396 959 5435 a
1009 5391 1160 5452 tergo
1203 5399 1484 5456 posuerat,
1522 5402 1576 5448 et
1612 5395 1688 5451 sic
1718 5396 1779 5453 lit
1806 5399 1881 5453 illi

308 5477 456 5519 mare
490 5468 668 5521 smculi
699 5468 858 5538 hujus
888 5482 1054 5539 retro,
1085 5478 1227 5546 quod
1253 5493 1397 5545 ante,
1424 5499 1544 5536 cum
1586 5485 1696 5542 illic
1735 5488 1880 5545 labe-

307 5559 474 5616 retur,
504 5553 730 5622 fecerat,
761 5567 817 5612 ιιι
845 5561 922 5617 sic
951 5563 1298 5620 obliviscatur
1322 5584 1383 5623 ea
1422 5587 1539 5639 qua:
1567 5584 1710 5631 retro
1735 5587 1876 5642 sunt,

307 5652 360 5695 et
389 5644 440 5697 in
471 5662 531 5700 ca
563 5663 680 5717 quae
711 5654 981 5709 anteriora
1017 5670 1142 5710 sunt
1187 5663 1506 5718 extendatur
1541 5665 1717 5735 (Phil.
1753 5673 1876 5742 ιιι),

309 5739 447 5808 quod
477 5756 735 5798 converso
758 5745 870 5814 jam
905 5750 1030 5804 utile
1062 5759 1162 5805 est.
1211 5751 1456 5809 Iordanis
1495 5768 1764 5815 conversus
1805 5775 1878 5817 est

2001 1936 2042 1988 Α
2076 1935 2213 2003 facie
2239 1936 2336 1991 Dei
2377 1949 2518 1993 mota
2558 1955 2632 1994 cst
2665 1953 2824 2007 terra,
2852 1944 2969 2009 Dei,
3007 1946 3147 2010 dico,
3183 1964 3286 2002 non
3322 1951 3585 2012 recentis.

2000 2029 2094 2082 sed
2143 2027 2238 2083 Dei
2275 2030 2460 2084 Jacob.
2509 2034 2575 2088 Et
2615 2039 2883 2104 quomodo
2915 2039 3056 2094 hoc?
3094 2036 3225 2111 Quia
3264 2061 3283 2092 ι
3321 2045 3587 2098 convertit

1997 2127 2208 2190 petram
2245 2121 2295 2174 in
2327 2131 2512 2194 stagna
2542 2141 2828 2194 aquarum,
2856 2139 2910 2183 et
2930 2147 3121 2200 rupem
3148 2133 3198 2187 in
3228 2135 3402 2190 fontes
3425 2151 3587 2206 aqua-

1999 2227 2142 2266 rum.
2178 2233 2196 2265 ι
2233 2213 2482 2272 Christus
2516 2228 2662 2286 petra
2705 2219 2835 2286 fuit,
2880 2224 2970 2291 qui
3017 2224 3184 2279 durus
3227 2226 3585 2283 videtur-non

1998 2302 2438 2374 intelligentibus,
2463 2310 2556 2362 sed
2587 2325 2879 2366 conversus
2901 2324 2982 2368 est
3009 2316 3061 2369 in
3088 2325 3274 2385 stagna
3302 2335 3586 2388 aquarum,

1997 2395 2123 2464 quia
2162 2395 2376 2451 tandem
2415 2399 2668 2453 duritiam
2708 2401 3012 2470 liquefecit,
3043 2421 3163 2460 cum
3195 2406 3586 2477 intelligibilem

1997 2500 2054 2539 se
2081 2486 2228 2539 dedit
2259 2487 2325 2540 ad
2358 2487 2660 2558 irrigandos
2702 2491 2884 2546 fideles
2923 2510 3081 2558 suos,
3114 2505 3172 2549 ιιι
3215 2496 3368 2552 licrct
3405 2498 3456 2551 in
3503 2500 3584 2553 eis

1948 2589 1950 2594 '
1998 2575 2112 2644 fons
2140 2594 2290 2644 aqua:
2317 2578 2552 2632 salientis
2582 2581 2634 2634 in
2663 2582 2818 2634 vitam
2846 2593 3092 2638 trternam
3121 2586 3302 2655 (.loan.
3331 2588 3427 2656 Iv).
3471 2589 3584 2642 Du-

1997 2684 2090 2722 rus
2113 2667 2212 2722 fuit
2231 2667 2478 2724 Christus
2503 2671 2623 2730 illis.
2642 2673 2730 2740 qui
2758 2675 2954 2728 turbati
2978 2676 3221 2731 nolentes
3241 2689 3576 2747 exspectare,

1997 2762 2164 2814 donec
2191 2775 2286 2829 per
2315 2760 2622 2832 Scripturas
2645 2781 2830 2821 sacras
2855 2769 2937 2821 eis
2964 2770 3208 2828 inﬂueret
3237 2782 3396 2843 atque
3422 2775 3580 2828 inun-

1995 2848 2167 2913 daret,
2199 2851 2488 2906 dixerunt:
2525 2875 2544 2906 ‹
2586 2855 2761 2910 Durus
2786 2866 2865 2911 est
2907 2860 2994 2914 hic
3022 2877 3220 2928 sermo,
3253 2866 3374 2934 quis
3401 2873 3581 2935 potest

1994 2957 2114 2996 cum
2145 2943 2332 2996 audire
2358 2943 2538 3013 (.laan.
2564 2946 2684 3015 vt)?
2716 2967 2733 2999 ι
2765 2948 2858 3002 sed
2889 2950 3086 3005 duritia
3116 2953 3169 3006 in
3193 2965 3376 3024 stagna
3412 2971 3577 3024 aqua-

1997 3051 2110 3087 rum
2141 3051 2400 3090 conversa
2430 3046 2543 3101 est,
2581 3055 2702 3093 cum
2736 3041 2870 3110 ipse,
2916 3059 3200 3114 resurgens
3241 3061 3269 3098 a
3316 3047 3574 3108 mortuis,

1997 3123 2242 3180 ﬁdelibus
2285 3128 2397 3181 suis
2438 3130 2746 3198 Scripturas
2772 3134 3000 3202 aperuit,
3041 3135 3300 3205 incipiens
3337 3154 3366 3192 a
3396 3138 3578 3209 Moyse

1920 3204 1964 3265 C
1996 3232 2092 3286 per
2120 3233 2308 3274 clunes
2354 3221 2674 3290 prephetas,
2718 3224 2841 3293 quia
2884 3225 2958 3279 sic
3004 3204 3268 3295 oportebat
3311 3204 3575 3284 Christum

1993 3309 2103 3376 pati
2137 3308 2285 3379 (Luc.
2323 3310 2504 3379 μιν).
2555 3321 2609 3366 et
2655 3328 2777 3367 cum
2827 3315 2971 3369 misit
3025 3317 3281 3386 Spiritum
3330 3331 3572 3376 sanctum

1994 3397 2173 3467 (Jouu.
2198 3397 2294 3468 vn)
2323 3401 2387 3455 de
2409 3416 2516 3470 quo
2544 3401 2783 3457 dicebat:
2808 3404 2870 3459 Si
2893 3407 3009 3475 quis
3028 3407 3157 3471 sitit,
3180 3410 3347 3462 veniat
3373 3411 3441 3462 ad
3468 3428 3572 3472 me,

1991 3498 2038 3542 et
2064 3487 2201 3541 bibat
2229 3489 2366 3560 (Act.
2399 3497 2486 3558 ιι).
2520 3491 2624 3546 Per
2653 3509 2812 3563 rupes
2842 3495 3209 3566 intelliguntur
3233 3501 3404 3554 sancti
3437 3517 3570 3568 pra,»

1993 3577 2280 3643 dicatores,
2307 3579 2504 3636 Paulus
2525 3590 2580 3635 et
2607 3585 2810 3650 cmleri,
2836 3586 2924 3654 qui
2956 3589 3197 3644 conversi
3229 3598 3354 3644 sunt
3377 3591 3430 3644 in
3454 3592 3580 3660 fou-

1992 3678 2065 3724 tes
2098 3688 2373 3741 aquarum.
2404 3673 2596 3729 Unde:
2640 3694 2657 3726 ι
2696 3675 2810 3730 Non
2857 3677 3029 3742 nobis,
3059 3678 3301 3746 Domine,
3332 3699 3436 3737 non
3477 3697 3582 3735 ιιοοι

1991 3761 2095 3825 bis,
2144 3762 2237 3816 sed
2273 3764 2474 3818 nomini
2517 3773 2608 3820 tuo
2649 3768 2714 3821 da
2759 3769 3002 3837 gloriam.
3041 3791 3057 3820 ι
3094 3772 3169 3827 De
3212 3774 3593 3827 misericordim

1991 3859 2103 3914 tua,
2152 3851 2203 3906 id
2231 3861 2336 3917 est,
2368 3854 2433 3908 de
2477 3859 2870 3913 restauratione
2906 3859 3125 3917 humani
3161 3864 3374 3933 generis
3413 3866 3591 3919 desum

1987 3957 2086 4010 per
2114 3944 2268 4008 data,
2308 3955 2354 3998 et
2401 3948 2614 4002 veritate
2654 3959 2766 4004 tua.
2819 3950 3028 4007 Veritas
3073 3954 3302 4009 Domini.
3333 3965 3418 4011 est
3463 3973 3568 4027 qua

1991 4032 2328 4102 complentur
2379 4038 2688 4106 promissa.-
2729 4061 2747 4091 ι
2811 4041 2886 4096 Nc
2938 4043 3164 4112 quando.
3208 4047 3388 4102 dieant
3442 4065 3572 4118 gen-

1992 4131 2107 4177 tes:
2167 4123 2264 4178 Ubi
2304 4135 2388 4179 cst
2417 4128 2557 4183 Deus
2583 4145 2768 4184 eorum
2795 4135 2819 4186 ?—
2851 4154 2868 4184 ι
2905 4134 3067 4200 Quasi
3107 4137 3250 4191 dicat
3285 4158 3297 4192 :
3345 4140 3420 4193 Da
3457 4140 3570 4210 glo-

1990 4214 2126 4268 riam
2166 4217 2364 4272 nomini
2419 4229 2511 4277 tuo
2561 4222 2628 4274 de
2676 4224 3068 4292 misericordia,
3097 4240 3143 4282 et
3191 4231 3446 4283 veritate:
3497 4231 3566 4284 da

1988 4309 2154 4362 etiam
2207 4310 2378 4377 istud,
2430 4329 2492 4368 ne
2543 4325 2718 4385 gentes
2773 4334 2891 4385 qua:
2949 4321 3078 4375 deos
3135 4337 3260 4375 suos
3307 4337 3567 4388 corpora-

1991 4397 2130 4453 libus
2179 4401 2653 4458 oculisvidendos
2696 4408 3002 4472 ostendunt,
3052 4409 3296 4476 quando,
3353 4411 3404 4464 id
3449 4419 3564 4475 est,

1991 4491 2277 4560 aliquando
2323 4495 2497 4548 dicant
2546 4496 2958 4565 improperando
2997 4497 3102 4552 tuis
3128 4503 3159 4552 ε’
3193 4499 3278 4552 ubi
3313 4510 3386 4554 est
3428 4500 3567 4555 Deus

1991 4597 2170 4635 eorum
2187 4583 2212 4634 ?
2238 4583 2360 4637 licet
2390 4599 2531 4639 utine
2560 4586 2763 4651 dicant,
2785 4603 2908 4642 cum
2933 4596 2984 4642 te
3006 4590 3171 4644 Deum
3196 4591 3564 4661 corporalibus

1989 4669 2169 4725 oculis.
2215 4672 2396 4727 videre
2439 4689 2546 4728 non
2597 4685 2838 4744 possunt.
2891 4678 3081 4734 Veniet
3129 4689 3309 4736 autem
3356 4690 3566 4751 tempus

1988 4764 2203 4832 quando
2233 4773 2422 4832 gentes
2462 4766 2577 4822 hare
2616 4783 2718 4822 non
2751 4769 2953 4836 dicent,
2996 4771 3048 4826 in
3091 4773 3384 4828 novissimo
3419 4774 3566 4828 vide-

1987 4852 2132 4918 licet,
2162 4857 2376 4924 quando
2401 4857 2480 4912 eis
2509 4873 2613 4914 non
2639 4861 2814 4916 adhuc
2836 4865 3135 4920 credendus
3157 4867 3561 4934 prtedicabitur,

1985 4944 2078 5001 sed
2110 4945 2222 5011 jam
2267 4949 2578 5004 tremendus
2616 4952 2949 5009 ostendetur.
2987 4956 3079 5010 Vel
3105 4972 3210 5011 non
3240 4958 3422 5012 dicunt
3461 4959 3563 5012 ati-

1987 5036 2224 5103 quando,
2257 5035 2343 5091 ubi
2385 5047 2461 5092 est
2503 5039 2644 5094 Deus
2666 5045 2886 5098 eorum?
2913 5045 3004 5099 sed
3033 5046 3258 5100 credant
3285 5047 3462 5116 potius
3509 5046 3561 5099 in

1985 5142 2114 5182 eum
2137 5143 2294 5196 quem
2333 5145 2435 5184 non
2477 5131 2845 5198 vident,_.cum
2878 5137 3104 5192 viderint
3145 5153 3318 5193 cxceos
3361 5139 3558 5192 illumi-

1984 5219 2126 5279 nari.
2173 5219 2414 5289 leprosos
2461 5225 2710 5279 mtmdari
2766 5225 2916 5296 (Luc.
2966 5228 3084 5296 vn).
3143 5246 3161 5279 ι
3193 5228 3332 5282 Deus
3378 5239 3558 5282 autem

1987 5318 2172 5365 noster
2221 5311 2273 5364 in
2317 5312 2454 5368 ccclo
2500 5316 2679 5369 oninia
2754 5331 3086 5387 quarcunquc
3139 5318 3304 5372 voluit
3353 5317 3501 5374 fecit.
3535 5339 3554 5370 ι

1983 5400 2148 5467 Quasi
2177 5401 2321 5456 dicat
2355 5420 2368 5456 :
2400 5403 2502 5474 Ipsi
2534 5405 2757 5460 dicunt:
2792 5405 2891 5462 Ubi
2924 5418 2999 5463 est
3028 5409 3164 5462 Deus
3196 5426 3398 5475 eorum,
3429 5411 3555 5479 quia

1982 5505 2104 5545 eum
2135 5492 2564 5549 substantialiter
2593 5511 2698 5549 non
2747 5497 2948 5552 vident.
2987 5499 3124 5552 Deus
3167 5511 3340 5554 autem
3387 5509 3560 5554 noster

1984 5591 2178 5650 prteter
2203 5600 2362 5653 quem
2402 5601 2507 5640 non
2536 5596 2618 5641 est
2661 5588 2818 5651 alius,
2851 5589 2974 5644 licet
3026 5590 3076 5643 in
3124 5591 3424 5646 substantia
3460 5608 3557 5646 sua

1982 5674 2150 5728 videri
2184 5691 2288 5729 non
2337 5683 2534 5744 potest,
2565 5678 2738 5729 ountia
2783 5695 3100 5749 qutrcnuque
3143 5679 3300 5736 voluit
3339 5682 3457 5752 fecit
3506 5682 3540 5733 ii

1983 5767 2126 5834 ario,
2159 5768 2210 5822 id
2242 5778 2342 5833 cst,
2378 5768 2428 5822 in
2460 5766 2563 5822 illis
2591 5783 2724 5837 quos
2749 5769 2914 5825 cmlos
2943 5771 3088 5838 fecit,
3119 5773 3167 5826 id
3194 5782 3296 5839 est,
3322 5781 3582 5827 sanctos...
