4034 6420
1132 282 1385 340 BEMIGII
1423 285 2074 346 ANTISSIODORENSIS
2114 289 2261 344 OPP.
2304 291 2494 359 PARS
2527 291 2565 345 l.
2602 323 2668 330 —
2691 291 3097 361 EXEGETICA,

3621 301 3722 358 γει

477 390 614 460 ﬂeta
651 390 774 462 quia
800 406 904 446 non
939 393 1057 448 ideo
1089 395 1217 450 dicit
1254 406 1460 452 tantum
1495 400 1548 453 in
1578 400 1702 454 caelo
1724 401 1890 456 Deum
1921 417 2050 480 ope-
2082 409 2126 464 Λ
2157 403 2276 458 aliis
2300 406 2480 458 caelum
2509 405 2700 460 ﬁerent
2729 424 2742 458 :
2775 407 2916 486 quod
2938 406 3066 471 dicit
3091 424 3104 459 :
3135 406 3331 468 Galam
3351 409 3463 463 costi
3479 409 3725 481 Domino,

480 482 588 546 rari
635 484 780 552 quod
827 484 957 550 vult,
1011 487 1150 556 quod
1200 505 1435 560 usquam,
1477 493 1567 560 ﬁat
1613 492 1813 563 aliquid
1862 503 2061 564 praeter.

476 572 809 630 voluntatem
840 576 976 646 ejus,
1009 579 1060 632 in
1115 580 1198 634 his
1240 582 1487 637 videlicet
1527 584 1616 653 qui
1656 585 1790 638 bene
1831 585 2052 651 faciunt,

477 663 571 718 sed
599 665 724 734 quia
753 665 808 718 in
846 671 971 720 creto
1005 669 1238 737 maxime
1268 671 1511 735 voluntas
1537 688 1633 728 sua
1668 683 1909 744 apparet.
1937 675 2051 742 Vel,

473 752 532 813 in
555 751 684 806 caelo
710 756 855 823 quod
885 755 999 810 vult
1025 767 1302 828 operatur,
1330 760 1381 814 id
1411 771 1512 826 est,
1540 763 1591 817 in
1622 763 1840 819 homine
1875 763 2054 819 Domi-

474 841 622 907 nico,
653 857 685 896 a
715 843 894 899 Verbo
920 856 1221 917 assumpto,
1246 848 1365 916 fecit
1405 867 1724 921 qgtrccunque
1760 852 1938 906 voluit.
1968 853 2052 908 Dii

473 946 604 990 vero
627 934 866 1003 gentium
893 935 1027 990 nihil
1053 949 1364 1007 operantur,
1393 943 1519 1011 quia
1547 957 1652 1004 non
1679 953 1806 999 sunt
1833 945 1927 1010 dii,
1951 959 2053 1008 nec

473 1021 639 1093 etiam
668 1023 930 1092 homines,
961 1028 1088 1096 quia
1126 1030 1409 1086 simulacra
1438 1034 1664 1103 gentium
1711 1045 1835 1090 sunt
1865 1052 2055 1107 argen-

471 1122 581 1168 tum
615 1125 663 1170 et
691 1132 902 1178 aurum.
933 1134 1090 1188 opera
1138 1137 1388 1182 manuum
1429 1125 1716 1180 hominum.
1743 1125 1895 1182 Unde
1940 1127 2051 1181 Au-

472 1208 716 1286 gustinus
754 1228 767 1264 :
798 1229 816 1262 ι
850 1209 966 1266 Noli
997 1213 1195 1269 addere
1224 1229 1414 1272 manus
1448 1216 1751 1286 hominum,
1787 1228 1846 1273 ut
1882 1235 1949 1274 ex
1984 1234 2051 1275 eo

470 1283 684 1364 titetallo
695 1303 836 1370 quod
855 1301 982 1357 fecit
999 1318 1159 1358 verus
1175 1303 1337 1372 Deus,
1355 1303 1520 1361 l‘aeias
1536 1306 1723 1363 falsum
1737 1283 1921 1372 deum,
1941 1311 2048 1368 imo

465 1385 660 1454 falsum
688 1389 978 1452 hominem.
1005 1408 1164 1463 quem
1188 1409 1293 1450 non
1319 1410 1418 1465 pro
1445 1396 1544 1452 deo
1570 1400 1861 1466 venereris,
1889 1416 2044 1470 quem

467 1480 714 1550 quisquis
758 1497 859 1552 pro
905 1499 1034 1540 vero
1080 1486 1297 1556 homine
1347 1488 1399 1542 in
1432 1489 1726 1544 amicitiam
1760 1492 2040 1561 reciperet,

467 1585 692 1644 prorsus
717 1573 999 1630 insaniret.
1033 1595 1052 1627 ι
1085 1575 1151 1630 Εῑ
1179 1578 1304 1646 quia
1337 1597 1356 1631 ι
1384 1593 1446 1634 os
1478 1579 1701 1646 habent,
1729 1590 1784 1637 et
1821 1599 1925 1637 non
1963 1582 2044 1639 lo-

463 1672 700 1730 quentur
726 1681 738 1718 :
771 1664 955 1722 oculos
985 1666 1205 1732 habent,
1230 1677 1284 1735 et
1313 1685 1416 1730 non
1445 1671 1720 1740 videbunt,
1750 1672 1928 1732 Aures.
1949 1674 2044 1741 ha-

464 1752 615 1820 bent,
643 1761 698 1809 et
729 1769 834 1810 non
865 1757 1085 1828 audient
1128 1776 1140 1811 :
1177 1760 1676 1834 nareshabent,et
1710 1778 1815 1827 non
1852 1765 2032 1822 odora-

462 1843 616 1910 bunt.
669 1843 856 1914 Manus
908 1848 1126 1920 habent,
1183 1860 1238 1905 et
1293 1867 1398 1906 non
1458 1853 1752 1925 palpabunt
1807 1873 1820 1910 :

462 1934 686 2002 habent,
731 1944 786 1992 et
834 1953 938 1994 non
986 1940 1337 2013 ambulabunt
1387 1962 1401 1999 :

1878 1857 2052 1932 pedes

1454 1961 1558 1999 non
1618 1945 1925 2016 clamabunt
1986 1949 2039 2003 in

462 2035 676 2105 gutture
703 2043 822 2084 suo.
857 2027 874 2082 ὁ
923 2031 1026 2102 Per
1056 2033 1158 2088 hoc
1205 2035 1346 2103 quod
1380 2035 1509 2091 dicit
1537 2051 1631 2091 eos
1670 2052 1776 2104 non
1805 2037 2041 2093 clamare

459 2119 514 2180 in
539 2129 744 2188 gutture
787 2139 903 2186 suo,
947 2122 1126 2178 aufert
1165 2111 1252 2180 eis"
1286 2127 1414 2195 quia
1456 2141 1556 2182 nec
1586 2129 1769 2184 bestia:
1818 2139 2042 2200 possunt

459 2225 600 2268 esse.
630 2210 784 2268 Unde
809 2214 1004 2281 similes
1045 2214 1314 2285 illisﬁant
1351 2218 1441 2289 qui
1477 2219 1675 2288 faciunt
1718 2234 1802 2284 ea,
1835 2230 1882 2273 et
1932 2236 2037 2276 non

462 2307 668 2364 tantum
692 2303 782 2374 qui
805 2303 1031 2372 faciunt,
1057 2306 1150 2364 sed
1195 2289 1356 2362 etiam
1385 2324 1561 2375 omnes
1579 2310 1669 2380 qui
1696 2311 1962 2379 conﬁdunt
1985 2313 2038 2367 in

457 2389 534 2456 eis
577 2389 707 2459 ﬁant
747 2393 941 2464 similes
983 2395 1113 2462 illis,
1152 2396 1409 2454 habentes
1438 2399 1622 2463 oculos
1650 2401 1953 2467 interiores,
1982 2410 2038 2457 et

461 2495 565 2538 non
617 2483 833 2539 videant
879 2502 892 2539 :
943 2485 1135 2542 Manus
1169 2489 1376 2555 habent,
1417 2499 1465 2544 et
1500 2507 1604 2547 non
1637 2492 1941 2562 palpabunt,
1984 2494 2035 2550 id

458 2583 563 2642 est,
593 2575 724 2630 nihil
754 2577 879 2632 boni
907 2588 1216 2650 operentur.
1249 2580 1448 2638 Domus
1477 2598 1603 2638 vero
1632 2583 1823 2650 Israel,
1852 2585 1904 2638 id
1927 2594 2030 2650 est,

457 2667 694 2724 minores
720 2669 772 2739 in
804 2662 1066 2741 EccleSia,
1097 2682 1449 2742 speraverunt
1475 2675 1531 2743 in
1561 2674 1804 2740 Domino,
1832 2685 1885 2731 et
1915 2677 2034 2732 ideo

457 2759 672 2827 adjutor
715 2771 1023 2826 earumest
1067 2764 1120 2818 in
1170 2764 1347 2837 bonis,
1375 2776 1427 2832 et
1465 2775 1724 2836 protector
1750 2768 1804 2822 in
1853 2769 2030 2836 malis.

456 2849 654 2906 Domus
684 2853 846 2920 etiam
885 2855 1083 2927 Aaron,
1117 2857 1169 2911 id
1214 2867 1319 2925 est,
1353 2859 1586 2928 majores
1613 2877 1678 2915 ex
1725 2863 2028 2935 Synagoga,

455 2941 546 3012 qui
583 2941 702 2996 ideo
739 2958 836 3012 per
871 2943 1051 3016 Aaron
1089 2947 1481 3020 intelliguntur,
1519 2951 1646 3020 quia
1685 2951 1864 3020 Aaron
1896 2969 2032 3024 prte-

455 3028 710 3098 lationem
737 3035 1022 3089 sacerdotii
1051 3035 1105 3089 in
1135 3035 1415 3111 Synagoga
1451 3038 1702 3105 tenebat;
1739 3055 1926 3096 omnes
1954 3041 2031 3096 illi

454 3134 800 3186 speraverant.
833 3126 896 3192 in_
926 3125 1171 3198 Domino,
1226 3137 1282 3184 et
1311 3129 1568 3194 Dominus
1597 3132 1812 3202 adjutor
1850 3149 2028 3188 eorum
2053 3111 2113 3189 θ.

455 3222 502 3281 et
530 3222 792 3280 protector
810 3231 988 3284 eorum
1009 3227 1104 3272 est.
1129 3218 1194 3272 Et
1214 3234 1320 3276 non
1349 3229 1553 3284 tantum
1579 3223 1766 3292 domus
1788 3222 1959 3279 Israel
1984 3235 2030 3280 et

454 3299 633 3355 Aaron
677 3312 898 3372 sperent
933 3305 986 3360 in
1014 3305 1257 3374 Domino,
1289 3309 1384 3364 sed
1414 3310 1577 3364 etiam
1609 3327 1798 3368 omnes
1835 3315 1926 3383 qui
1966 3317 2033 3368 ti-

454 3403 590 3459 ment
621 3391 902 3450 Dominum
942 3408 1160 3468 sperent
1201 3399 1257 3453 in
1305 3399 1529 3472 Domino
1573 3412 1628 3457 et
1671 3403 1783 3473 ipse
1819 3405 2033 3475 adjulor

462 3500 662 3554 eorum,
693 3497 740 3542 et
775 3499 1034 3558 protector
1062 3508 1242 3563 eorum
1279 3504 1372 3560 est,
1403 3503 1459 3549 et
1495 3495 1598 3551 hoc
1625 3513 1730 3551 non
1757 3511 1832 3566 ex,
1851 3499 2031 3569 operi-

452 3580 555 3634 bus
590 3582 807 3649 nostris,
840 3585 933 3640 sed
962 3599 1040 3658 ex~
1060 3596 1292 3644 vocante
1339 3590 1513 3659 gratia
1566 3589 1738 3662 (Rom,
1772 3594 1871 3663 Ix),
1903 3594 2030 3663 quia

459 3688 492 3734 ι,
509 3669 767 3739 Dominus
811 3689 1017 3743 memor
1051 3675 1149 3731 fuit
1190 3679 1386 3743 nostri,
1429 3687 1488 3744 et
1527 3679 1805 3750 benedixit
1852 3683 2026 3738 nobis.

451 3759 737 3832 Denedixit
783 3766 1192 3841 domuilsrael,‘
1231 3770 1507 3837 benedixit
1551 3773 1733 3827 domui
1774 3775 2024 3844 Aaron”

451 3861 508 3906 et
535 3855 602 3908 de
627 3856 934 3930 pariete,et
959 3859 1388 3918 circumcisione.
1421 3861 1696 3934 Benedirit
1726 3865 1889 3920 etiam
1915 3885 2026 3937 om-

453 3943 603 4010 nibus
632 3946 719 4015 qui
743 3947 1248 4022 timentbominum,
1283 3952 1334 4008 id
1365 3961 1467 4022 est,
1493 3954 1687 4024 parieti
1719 3955 1785 4010 de
1813 3971 2026 4028 prmpu-

453 4032 548 4098 tio,
571 4033 776 4102 pusillis
797 4051 923 4100 cum.
940 4038 1245 4107 majoribus.
1269 4040 1334 4094 Et
1357 4050 1416 4112 ut
1435 4031 1593 4112 plena
1615 4043 1686 4114 sit
1703 4045 2025 4112 benedictio,

450 4121 670 4190 adjiciet
696 4121 953 4193 Dominus
977 4143 1134 4197 super
1158 4146 1257 4189 vos
1275 4145 1558 4186 numerum
1586 4131 1843 4206 ﬁdelium,
1874 4152 2031 4206 super

449 4226 562 4277 vos,
587 4222 634 4267 et
663 4229 819 4284 super
862 4214 1000 4283 ﬁlios
1037 4227 1250 4284 vestros,
1277 4227 1339 4276 ut
1363 4219 1516 4282 vobis
1544 4223 1739 4278 vestris
1763 4223 2029 4292 deceden-

451 4305 596 4366 tibus
623 4293 912 4379 substituat
939 4310 1094 4378 alios,
1132 4312 1367 4383 ipsisque
1397 4314 1591 4370 iterum
1619 4317 2024 4386 decedentibus,

451 4396 546 4454 alii
575 4400 974 4457 snbstituantur
1000 4420 1012 4456 :
1039 4403 1181 4487 quod
1205 4413 1260 4458 et
1288 4402 1485 4474 factum
1508 4414 1627 4461 est:
1651 4407 1776 4491 quia
1798 4408 2026 4465 accessit
2049 4443 2103 4504 Β

450 4488 586 4545 ﬁdes
621 4491 872 4556 omnium,
894 4483 1150 4563 gentium,
1189 4503 1245 4549 et
1278 4496 1448 4553 crevit
1489 4489 1762 4562 numerus,
1797 4513 1902 4554 non
1939 4513 2027 4558 so-

450 4579 562 4634 lum
597 4581 924 4651 sapientium
961 4583 1284 4651 antistitum,
1325 4585 1420 4641 sed
1456 4587 1619 4641 etiam
1660 4587 2024 4644 obedientium

453 4671 962 4744 pepulerum,qquod
973 4673 1137 4730 dicit:
1167 4694 1187 4728 ι
1204 4676 1706 4748 AdjiciatDominus
1724 4693 1886 4748 super
1908 4695 2022 4747 vos,

451 4768 682 4832 etsuper
702 4762 839 4834 ﬁlios
853 4752 1078 4834 vestros,
1105 4783 1126 4817 ι
1143 4775 1199 4822 et
1217 4783 1242 4826 ι,
1257 4781 1354 4823 vos
1367 4767 1632 4824 benedicti
1659 4789 1677 4820 ι
1699 4769 1816 4837 sitis
1834 4788 1852 4819 ι
1874 4785 1902 4824 a
1923 4771 2038 4828 Do-,

454 4852 622 4921 mino,
652 4854 745 4925 qui
777 4853 906 4924 fecit
929 4855 1148 4924 caelum,
1173 4865 1230 4913 et
1251 4865 1481 4926 terram;
1512 4878 1531 4912 ι
1566 4860 1618 4916 id
1643 4869 1748 4926 est,
1774 4860 2022 4930 majores,

451 4954 509 5001 et
534 4946 772 5004 minores
802 4967 828 5019 ςΔ
849 4956 906 5016 et
932 4949 1116 5004 calum
1149 4950 1532 5022 cteliDomino,
1563 4953 1819 5009 subaudis
1847 4953 2026 5009 colen-

453 5037 602 5104 dum,
626 5036 925 5114 fecit,_iquia
959 5041 1319 5121 quorumdam
1365 5052 1678 5109 sanctorum
1723 5053 1932 5100 mentes
1970 5047 2022 5117 in

452 5138 660 5199 tantum
694 5131 869 5202 erexit
893 5139 951 5187 et
984 5133 1295 5189 sublimavit
1330 5142 1390 5188 ut
1430 5134 1557 5189 nulli
1604 5135 1901 5202 hominum,
1930 5137 2024 5192 sed

451 5223 555 5294 ipsi
593 5223 706 5295 Deo
749 5237 850 5286 suo
887 5224 1146 5282 docibiles
1186 5225 1397 5292 ﬁerent,
1443 5225 1597 5295 juxta
1645 5226 1958 5297 Apostolum
2005 5244 2020 5281 :

457 5336 475 5362 ι
511 5316 728 5385 Notum,
758 5317 952 5390 inquit,
977 5317 1131 5374 vobis
1160 5318 1320 5383 facio,
1349 5319 1473 5388 quia
1505 5317 1849 5388 Evangelium
1881 5320 2022 5388 quod

450 5407 882 5480 evangeliaatum
917 5418 1003 5463 est
1050 5422 1081 5462 a
1130 5423 1247 5474 me,
1295 5423 1400 5463 non
1447 5407 1516 5463 ab
1560 5407 1776 5464 homine
1818 5410 2034 5480 accepi,

451 5514 625 5568 neque
672 5499 857 5567 didici,
911 5500 1005 5557 sed
1050 5515 1148 5570 per
1196 5499 1578 5555 revelationem
1638 5497 1763 5554 Jesn
1824 5498 2023 5554 Christi

451 5589 594 5662 (gat.
644 5593 706 5662 ι).
751 5612 770 5644 ι
824 5592 923 5647 ll-ic
985 5593 1124 5648 idem
1172 5592 1458 5662 Apostolus
1513 5591 1696 5647 uelum
1741 5591 1852 5646 (α’ιὶ
1901 5592 2022 5656 fuit,

451 5659 576 5764 quia
606 5684 864 5774 q‘uosdam
897 5685 974 5757 sic
1006 5685 1298 5757 introduxit
1319 5727 1351 5762 ,_
1389 5685 1533 5742 velut
1571 5685 1947 5765 Timotheum,
1968 5694 2024 5738 ut

2157 502 2349 556 terram
2399 503 2591 557 autem,
2644 495 2696 554 id
2743 503 2848 559 est,
2899 495 3018 551 illos
3062 497 3151 566 qui
3199 497 3374 553 adhuc
3426 499 3727 569 imperfecti

2153 590 2331 647 erant,
2359 583 2499 643 dedit
2528 584 2654 653 ﬁliis
2693 586 2982 653 hominum,
3009 586 3265 650 subaudis
3291 588 3564 655 colendos,
3600 593 3728 660 quia

2154 673 2305 727 multi
2356 688 2453 744 per
2500 675 2841 741 Timotheum
2893 676 2960 730 ad
3011 676 3168 735 ﬁdem
3220 679 3396 733 vocati
3441 689 3586 734 sunt.
3629 680 3727 737 Vel

2152 765 2333 820 celum
2358 767 2471 820 coeli
2493 783 2774 836 possumus
2793 769 3065 824 hominem
3081 762 3324 838 accipere
3346 770 3682 826 Dominicum
3709 789 3726 827 :

2151 857 2272 925 quia
2326 871 2356 910 a
2391 858 2538 912 nullo
2593 860 2868 932 magistro,
2918 860 3011 922 sed
3063 875 3094 914 a
3138 874 3197 924 se
3243 868 3451 924 tantum
3499 861 3728 918 Domino

2148 945 2444 1010 colebatur.
2475 946 2649 1013 Unde,
2679 964 2772 1002 nos
2799 949 2887 1020 qui
2918 948 3128 1003 vivimus
3150 949 3260 1004 vita
3288 951 3553 1013 interiori,
3579 951 3730 1006 bene-

2143 1036 2370 1091 ‘dicimus
2418 1036 2663 1102 Domino,
2695 1047 2751 1093 et
2796 1043 2892 1092 hoc
2943 1055 3102 1104 nunc,
3145 1041 3197 1094 id
3248 1049 3350 1105 est,
3401 1040 3625 1095 indilate
3675 1050 3732 1097 et

2148 1140 2310 1195 usque
2332 1125 2385 1178 in
2410 1125 2676 1180 ramulum.
2702 1125 2770 1180 Et
2789 1141 2913 1182 vere
2937 1141 2965 1180 a
2990 1127 3297 1183 viventibus
3323 1127 3728 1183 benedicendus

2145 1231 2225 1281 es,
2259 1217 2482 1272 Domine
2513 1232 2528 1271 :
2559 1217 2682 1287 quia
2711 1234 2813 1272 non
2835 1219 3050 1283 mortui,
3079 1219 3132 1272 id
3159 1227 3262 1286 est,
3291 1219 3366 1273 illi
3395 1220 3486 1287 qui
3518 1218 3726 1274 similes

2145 1314 2270 1360 sunt
2312 1305 2617 1362 simulacris
2657 1308 2789 1371 suis,
2832 1307 3121 1362 laudabunt
3170 1317 3241 1374 te,
3279 1308 3524 1374 Domine,
3565 1324 3728 1378 neque

2144 1410 2320 1450 omnes
2355 1397 2445 1466 qni
2491 1396 2804 1450 descendunt
2848 1396 2902 1449 in
2944 1396 3222 1466 infernum,
3251 1397 3306 1452 id
3353 1406 3455 1461 est,
3504 1399 3558 1451 in
3602 1412 3727 1468 pro—

2143 1485 2459 1540 funditatem
2488 1498 2873 1557 peccatorum,
2931 1506 2951 1539 ί
2998 1489 3091 1543 sed
3145 1503 3243 1543 nos
3305 1489 3398 1558 qui
3457 1488 3722 1552 vivimus,

2141 1574 2510 1631 benedicimns
2565 1576 2791 1630 Domino
2844 1591 2920 1645 ex,
2973 1577 3073 1633 hoc
3124 1592 3266 1647 nunc
3315 1587 3372 1632 et
3424 1590 3594 1646 usque
3665 1576 3722 1630 in

2142 1663 2416 1720 saeculum.
2451 1683 2480 1728 ι,
3536 1661 3538 1663 ’

2669 1753 2990 1818 PSALMUS
3020 1755 3201 1811 CXIV.

2792 1859 3068 1911 ALLELUIA.

2218 1952 2237 1984 ‹
2284 1932 2474 1999 Dilext,
2505 1934 2758 2004 quoniam
2784 1935 3037 1990 exaudiet
3073 1934 3334 1989 Dominus
3367 1949 3556 1990 vocem
3589 1950 3716 1996 ora.-

2147 2043 2165 2076 ε
2212 2023 2372 2078 tionis
2391 2039 2541 2078 meae.
2568 2022 2701 2090 Quia
2723 2023 3000 2079 inclinavit
3021 2038 3205 2078 aurem
3227 2039 3380 2078 suam
3407 2024 3558 2086 mihi,
3581 2033 3634 2078 et
3662 2026 3718 2093 in

2146 2133 2164 2165 ι
2208 2113 2397 2168 diebus
2418 2113 2552 2168 meis
2580 2114 2860 2169 invocabo.
2885 2113 3368 2180 Circumdederunt
3395 2131 3482 2170 me
3507 2116 3734 2178 dolores~

2144 2224 2164 2258 ι
2208 2206 2417 2272 mortis.
2441 2215 2496 2261 et
2527 2205 2764 2276 pericula
2791 2205 2984 2262 inferni
3025 2206 3346 2271 invenerunt
3381 2223 3486 2262 me.
3525 2207 3717 2263 Tribu-

2143 2316 2162 2350 ς
2211 2297 2486 2361 lationem.
2526 2306 2583 2352 et
2625 2297 2863 2352 dolorem
2909 2297 3112 2362 inveni,
3159 2309 3212 2354 et
3259 2313 3454 2353 nomen
3503 2299 3715 2354 Domini

2142 2408 2162 2442 ι
2207 2390 2472 2446 invocavi.
2499 2389 2542 2445 Ο
2568 2390 2810 2456 Domine,
2851 2388 3021 2456 libera
3044 2389 3278 2443 animam
3305 2405 3478 2444 meam
3510 2407 3523 2443 :
3554 2391 3714 2444 mise-

2142 2501 2160 2540 ι
2208 2482 2378 2537 ricors
2410 2481 2668 2535 Dominus
2694 2490 2748 2534 et
2772 2479 2969 2546 justus,
2995 2490 3050 2534 et
3095 2481 3233 2534 Deus
3270 2489 3454 2534 noster
3493 2481 3714 2534 misere-

2142 2591 2159 2624 ι
2209 2581 2312 2628 tur.
2363 2571 2683 2627 Custodiens
2725 2570 2974 2640 parvulos
3024 2569 3282 2623 Dominus
3337 2584 3351 2622 :
3399 2570 3714 2624 humiliatus

2139 2683 2160 2716 ι
2204 2679 2343 2729 sum,
2374 2672 2429 2718 et
2473 2661 2719 2733 liberavit
2747 2675 2852 2715 me.
2887 2661 3246 2731 Convertere,
3269 2661 3444 2729 anima
3483 2676 3622 2722 mea,
3658 2660 3710 2713 in

2140 2776 2156 2804 ι
2205 2733 2443 2824 requiem
2475 2761 2643 2816 tuam,
2669 2752 2794 2820 quia
2823 2751 3084 2806 Dominus
3118 2749 3384 2805 bencl‘ecit
3422 2750 3537 2805 tibi.
3579 2749 3712 2815 Quia

2140 2870 2158 2900 ι
2198 2831 2396 2919 eripuit
2439 2849 2672 2902 animam
2705 2861 2879 2901 meam
2925 2845 2991 2899 de
3035 2853 3231 2914 morte,
3261 2844 3444 2898 oculos
3480 2858 3630 2898 meos
3681 2858 3711 2895 a

2137 2963 2154 2994 ι
2203 2941 2474 3012 lacrymis,
2496 2940 2657 3008 pedes
2685 2952 2834 3002 meos
2868 2953 2898 2990 a
2935 2937 3104 3019 lapsu.
3133 2936 3365 3002 Placebo
3398 2935 3625 2991 Domino
3658 2935 3710 2989 in

2141 3052 2160 3084 ι
2206 3032 2424 3104 regione
2451 3032 2712 3085 vivorum.
2748 3048 2766 3081 ι

2286 3113 2290 3181 ζ
2699 3119 2986 3174 ENARRA
2998 3119 3141 3174 no.

2202 3215 2449 3283 Alleluia.
2481 3213 2675 3277 Cantat
2721 3214 2772 3266 in
2821 3213 2922 3268 hoc
2951 3211 3156 3282 psalmo
3184 3211 3411 3265 Alleluia
3443 3211 3551 3274 illa,
3592 3227 3712 3281 qua:

2133 3307 2504 3379 peregrinatur
2538 3321 2568 3359 a
2594 3305 2702 3359 Deo
2730 3303 2814 3374 (ΙΙ
2845 3303 2966 3356 Cor.
2993 3304 3072 3372 ιτ),
3107 3302 3224 3356 ovis
3255 3301 3340 3355 illa
3371 3317 3492 3385 qua:
3535 3303 3711 3372 perie-

2133 3413 2218 3457 rat
2241 3401 2390 3473 (Luc.
2420 3400 2536 3470 xv),
2558 3399 2698 3453 ﬁlius
2720 3396 2807 3452 ille
2826 3395 3181 3466 quimortuus
3203 3392 3398 3458 fuerat,
3413 3402 3470 3460 et
3493 3395 3729 3468 revixitk

2131 3495 2469 3567 perierat,et
2517 3493 2765 3560 inventus
2813 3497 2897 3544 est
2943 3486 3153 3557 (Ibid.).
3203 3486 3267 3539 Et
3316 3499 3707 3556 recognoscens

2130 3576 2273 3656 ﬁlius
2327 3587 2429 3652 iste
2478 3585 2532 3648 in
2581 3582 2807 3651 Domino
2844 3591 3047 3637 tantum
3093 3593 3216 3635 esse
3262 3579 3609 3653 sperandum,
3655 3589 3710 3631 et

2131 3674 2723 3748 credendum,instruit
2751 3688 2852 3728 nos
2879 3673 2986 3738 hic,
3017 3681 3077 3726 ut
3106 3671 3273 3733 Deum
3317 3671 3406 3726 hic
3441 3686 3704 3732 amemus,

2131 3777 2183 3830 in
2211 3788 2334 3828 eum
2379 3786 2524 3840 nunc
2566 3783 2844 3845 speremus
2872 3775 2926 3822 et
2971 3765 3272 3836 credamus,
3305 3771 3365 3818 ut
3409 3763 3623 3818 tandem
3654 3763 3714 3828 in

2131 3867 2336 3936 regione
2364 3864 2594 3932 vivorum
2619 3859 2720 3915 sibi
2749 3858 3072 3934 placeamus.
3105 3853 3398 3910 Cantemus
3422 3868 3572 3924 ergo,
3601 3851 3706 3906 fra-

2133 3966 2260 4020 tres,
2285 3962 2340 4010 et
2367 3951 2701 4016 erudiamur,
2729 3956 2786 4002 et
2807 3956 2866 4002 ut
2892 3957 3305 4018 permaneamus
3326 3951 3704 4012 Acumsanctis,

2131 4048 2230 4102 ista
2262 4052 2563 4106 cantemus.

2207 4153 2226 4186 ι
2272 4131 2463 4201 υιιωιπ
2485 4128 2737 4201 quoniam
2773 4123 3024 4193 exaudiet
3059 4120 3317 4191 Dominus
3364 4133 3553 4175 vocem
3587 4134 3705 4193 ora-

2129 4226 2292 4283 tionis
2334 4238 2467 4279 meae
2515 4236 2529 4274 :
2569 4221 2694 4290 quia
2743 4215 3017 4284 inclinavit
3052 4227 3236 4277 aurem
3287 4225 3439 4266 suam
3477 4211 3630 4264 mihi.
3678 4230 3710 4268 ι,

2129 4319 2256 4380 Tria
2306 4315 2462 4370 nobis
2492 4313 2582 4368 hic
2630 4315 3020 4380 preponnntur,
3066 4304 3217 4366 ﬁdes,
3260 4317 3402 4372 spes,
3445 4301 3702 4356 charitas.

2129 4378 2235 4465 Sed
2282 4406 2536 4477 quoniam
2584 4378 2755 4471 major
2792 4407 2876 4453 est
2923 4395 3160 4452 charitas
3207 4392 3258 4462 (1
3312 4391 3434 4447 Cor.
3485 4393 3628 4463 xm),
3676 4408 3702 4445 τι

2129 4499 2391 4554 cbaritate
2429 4494 2508 4549 sic
2549 4490 2736 4559 incipit
2781 4507 2794 4543 ε
2842 4487 3035 4550 Dilexi,
3063 4494 3117 4539 et
3157 4484 3259 4538 hoc
3287 4483 3426 4547 ideo,
3458 4484 3710 4552 quoniam

2126 4589 2350 4661 sperari,
2376 4585 2518 4655 quod
2539 4583 2785 4638 eﬁ‘ectum
2809 4579 3065 4642 ostendit,
3099 4596 3116 4628 ί
3150 4576 3416 4661 Quoniam
3453 4576 3708 4641 exaudiet

2129 4681 2388 4739 Dominus
2412 4690 2597 4735 vocem
2626 4672 2885 4729 orationis
2912 4685 3062 4724 meai.
3099 4687 3116 4720 ι
3151 4667 3254 4721 Pro
3284 4668 3384 4732 hoc
3413 4665 3557 4735 quod
3587 4679 3701 4734 spe-

2128 4772 2286 4838 ravit,
2314 4767 2611 4840 promeruit
2643 4777 2701 4822 ut
2723 4763 2979 4828 Dominus
3004 4759 3284 4822 exaudiret
3308 4777 3327 4809 ί
3356 4771 3546 4812 vocem
3581 4771 3700 4810 ora-

2128 4862 2288 4918 tionis
2325 4880 2342 4912 ι
2372 4874 2501 4914 suze.
2532 4876 2549 4908 ι
2584 4855 2717 4922 Quia
2769 4851 3045 4907 inclinavit
3077 4863 3262 4916 aurem
3299 4863 3450 4902 suam
3483 4847 3635 4900 mihi.
3679 4865 3696 4894 ι

2129 4953 2282 5010 Unde
2322 4951 2556 5006 sciamus
2593 4961 2771 5000 aurem
2811 4942 3020 5011 Domini
3056 4939 3209 4995 nobis
3241 4939 3552 4994 inclinatam
3600 4937 3698 4990 nisi

2127 5021 2179 5101 in
2217 5047 2317 5100 hoc
2344 5042 2486 5113 quod
2511 5041 2563 5095 in
2586 5053 2707 5094 cum
2735 5050 2834 5108 per
2863 5034 3019 5101 ﬁdem
3043 5031 3346 5088 credimus?
3367 5028 3460 5084 Sic
3487 5029 3576 5083 hic
3600 5029 3696 5081 tria

2127 5146 2400 5200 notantur,
2429 5135 2580 5201 ﬁdes,
2609 5146 2752 5202 spes,
2780 5128 3017 5185 eharitas
3050 5143 3061 5179 :
3092 5137 3316 5195 quarum
3346 5123 3506 5177 trium
3531 5121 3712 5188 altera,

2126 5245 2190 5284 ex
2229 5228 2397 5283 altera
2447 5223 2704 5294 procedit.
2737 5221 2895 5274 Fides
2925 5227 3102 5273 autem
3149 5214 3394 5271 accendit
3441 5227 3616 5295 spem,
3648 5220 3710 5274 et

2128 5338 2249 5393 spes
2274 5319 2635 5375 dilectionem.
2669 5312 2843 5381 (Quia
2867 5311 3140 5367 inclinavit
3166 5322 3349 5378 aurem
3371 5319 3522 5360 suam
3547 5302 3696 5365 mihi,

2130 5420 2179 5466 et
2213 5411 2330 5465 ideo
2361 5409 2413 5461 in
2457 5405 2646 5459 diebus
2691 5403 2847 5467 meis,
2887 5401 2940 5455 in
2979 5399 3168 5454 diebus
3203 5417 3220 5450 ι
3259 5395 3604 5450 mortalitatis
3647 5399 3702 5443 et

2126 5498 2520 5572 passibilitatis,
2551 5510 2686 5566 quos
2713 5493 2827 5548 dies
2854 5506 3002 5546 meos
3034 5488 3159 5543 fecit
3189 5488 3243 5540 in
3267 5483 3442 5556 primo
3462 5482 3707 5551 homine,

2126 5595 2333 5666 privata
2382 5589 2602 5643 audacia
2652 5603 2680 5640 a
2733 5585 2841 5639 Deo
2889 5581 3236 5637 recedendo:
3280 5578 3331 5631 in
3376 5576 3478 5630 illis
3517 5573 3708 5666 diebus

2125 5661 2369 5737 int-orabo
2401 5679 2782 5746 Dominnm,_et
2815 5687 2945 5744 opus
2973 5679 3074 5737 est,
3106 5668 3229 5753 quia
3271 5685 3288 5720 ς
3327 5661 3698 5726 circutndcde-.
