3868 5526
180 305 295 359 725

1272 307 1797 366 ENARRATIONES
1835 306 1903 363 IN
1941 305 2274 362 I’SALMOS.

3331 302 3440 361 ’τῖ’-6

184 425 314 469 runt
345 431 430 471 me
456 417 670 474 dolores
707 421 914 486 mortis,
948 442 965 475 ι
1000 422 1049 476 id
1079 431 1178 490 est,
1215 425 1496 493 compedes
1525 424 1763 480 mortali-
1795 429 1835 484 Α
1866 429 1942 476 est
1969 430 2276 476 sanctorum
2305 428 2595 492 martyrum
2631 421 2680 476 in
2710 421 2808 475 hoc
2833 419 3035 492 psalmo
3063 417 3440 474 instruentium

184 504 341 568 tatis,
370 515 421 560 et
437 508 682 575 pericula
726 511 935 578 inferni,
980 514 1030 566 id
1059 525 1160 575 est,
1195 515 1428 569 tenebrae
1457 514 1768 586 ignorantiae

180 595 493 650 invenerunt
522 613 624 664 nte,
653 599 781 653 dum
827 617 856 654 a
907 602 1121 671 regione
1159 603 1293 659 lucis
1321 604 1375 658 in
1419 621 1523 674 qua
1567 606 1770 675 positus

183 683 286 748 fui,
318 685 539 741 discessi
571 705 584 740 :
617 689 742 759 quia
771 691 818 745 si
847 691 917 744 ibi
951 679 1348 760 reinansissem,
1379 710 1482 748 non
1518 710 1600 749 me
1624 695 1770 750 inve-

182 773 400 829 nissent
428 776 632 832 dolores
661 782 843 834 mortis
870 782 951 834 Vel
983 782 1296 852 ignorantia:
1321 786 1573 840 tenebrae.
1601 786 1665 839 Et
1691 786 1769 842 sic

179 873 289 930 eoo
321 865 538 918 tandem
567 867 953 924 tribulationem
981 871 1110 925 mihi
1142 872 1324 927 utilem
1351 874 1769 937 inveni,etdolo-

178 968 298 1004 rem
324 955 488 1010 etiam
519 958 702 1014 utilem
733 962 864 1017 mihi
909 964 1111 1029 iuveni;
1141 981 1243 1019 non
1272 965 1438 1020 inveni
1476 965 1770 1019 tribulatio-

180 1058 304 1096 nem
335 1061 496 1115 quam
527 1065 640 1104 non
679 1051 964 1117 habebam,
1010 1055 1102 1110 sed
1135 1070 1276 1120 eam,
1317 1072 1477 1126 quam
1525 1058 1770 1112 nesciens

179 1131 472 1198 habebam,
522 1140 910 1197 tribulationem
959 1144 1104 1198 illam
1148 1146 1214 1200 de
1257 1160 1359 1214 qua
1394 1147 1595 1201 dictum
1637 1156 1767 1202 est:

184 1239 204 1307 ι
246 1220 326 1274 Da
367 1224 520 1280 nobis
567 1228 828 1284 auxilium
865 1231 933 1286 de
981 1233 1326 1290 tribulatione
1355 1233 1527 1304 (Psal.
1575 1237 1708 1307 th).
1746 1257 1764 1288 ι

180 1305 374 1364 Inveni
421 1314 584 1370 etiam
629 1317 861 1374 dolorem
909 1321 1118 1388 utilem,
1163 1325 1294 1392 quia
1337 1340 1462 1380 cum
1514 1305 1769 1395 putabam

176 1400 488 1460 beatiﬁcari
522 1410 770 1475 terrenis,
799 1420 854 1466 et
889 1415 1131 1470 audirem
1171 1415 1454 1472 Dominum
1479 1418 1768 1485 dicentem,

187 1508 209 1539 ι
252 1492 405 1548 Beati
465 1498 557 1566 qui
608 1499 829 1572 lugent,
879 1507 1132 1575 quoniam
1193 1509 1293 1579 ipsi
1349 1509 1770 1566 consolabuntur

173 1580 406 1673 (Matth.
437 1587 488 1656 v)
518 1605 539 1668 ί
568 1609 586 1641 ι
619 1593 804 1649 utilius
853 1596 983 1651 mihi
1014 1613 1137 1655 esse
1167 1601 1371 1655 attendi
1403 1601 1586 1671 lugere
1607 1617 1767 1673 quam

175 1672 442 1739 gaudere.
491 1676 600 1734 Nec
646 1688 824 1736 tamen
863 1699 1142 1741 movemur
1170 1697 1230 1743 ut
1273 1705 1576 1759 quteramns
1605 1672 1768 1747 mise-

177 1761 347 1827 riam,
375 1779 496 1820 cum
527 1768 631 1824 hoc
661 1785 766 1825 non
794 1772 1074 1842 habemus,
1101 1777 1194 1832 sed
1220 1786 1278 1832 ut
1307 1793 1404 1834 nos
1435 1779 1768 1834 inveniamus

176 1867 306 1908 eam
335 1871 498 1926 quam
539 1862 842 1920 nescientes
879 1867 1162 1923 habemus.
1190 1868 1300 1925 Nec
1332 1870 1495 1925 etiam
1544 1886 1574 1925 a
1613 1871 1770 1926 nobis

177 1947 472 2013 quaeritur,
497 1959 556 2004 ut
591 1954 812 2011 omnino
844 1959 1074 2014 terrenis
1100 1974 1401 2024 careamus,
1429 1962 1522 2017 sed
1553 1971 1612 2017 ut
1645 1962 1770 2018 inde

175 2032 485 2103 lugeamus,
521 2041 662 2108 quod
685 2045 899 2100 amissis
919 2046 1250 2114 ctelestibus,
1279 2052 1508 2107 terrenis
1533 2061 1592 2106 ut
1617 2050 1770 2107 nobis

177 2138 412 2181 necesse
465 2137 569 2184 est.
629 2132 939 2202 Agnoscant
1000 2151 1130 2209 ergo
1190 2139 1433 2196 homines
1495 2140 1768 2196 miseriam

181 2213 370 2279 istam,
397 2225 452 2270 ct
476 2218 714 2289 lugeant,
744 2234 800 2279 et
831 2225 1031 2282 faciant
1052 2242 1146 2284 eos
1174 2228 1420 2300 lugentes
1445 2230 1652 2296 beatos,
1675 2229 1769 2301 qui

175 2322 246 2360 se
281 2308 374 2364 hic
404 2325 620 2382 semper
643 2316 828 2372 volunt
851 2333 970 2375 esse
999 2320 1242 2375 miseros.
1273 2341 1291 2373 ‹
1325 2320 1766 2386 Tribulationem,

177 2409 236 2451 et
282 2398 524 2455 dolorem
578 2403 794 2471 inveni,
846 2414 900 2460 et
953 2422 1146 2464 nomen
1192 2408 1408 2464 Domini
1441 2410 1710 2476 invocavi,
1745 2429 1763 2460 ι

179 2488 404 2545 dicens:
429 2511 446 2543 ι
476 2491 522 2549 0
542 2492 968 2562 Domiue,libera
982 2499 1219 2554 animam
1243 2514 1437 2565 meam,
1462 2501 1770 2556 misericors

184 2580 451 2638 Dominus
480 2604 498 2635 ι
538 2585 592 2640 in
635 2587 1009 2645 alieetionibus
1054 2607 1069 2645 :
1112 2591 1307 2660 justus,
1360 2592 1486 2661 quia
1537 2591 1772 2662 ﬂagellat

179 2674 352 2728 etiam
385 2675 550 2731 lilium
578 2693 738 2748 quem
782 2681 973 2752 recipit
999 2681 1188 2753 (Hebr.
1215 2683 1337 2754 xu).
1361 2683 1632 2749 luvoeavi,
1669 2704 1687 2736 ι
1717 2693 1771 2738 ει

185 2762 333 2818 Deus
358 2773 544 2824 noster
570 2768 859 2824 miseretur
906 2789 917 2823 :
953 2790 972 2823 ο
1003 2771 1128 2840 quia
1164 2772 1277 2841 ipse
1307 2790 1324 2822 ι
1355 2772 1612 2827 Dominus
1638 2791 1656 2824 ι
1687 2783 1771 2827 est

189 2871 211 2903 ε
251 2855 562 2911 custodiens
589 2858 856 2927 parvulos,
891 2879 909 2912 ι
943 2860 994 2914 id
1021 2870 1125 2926 est,
1157 2861 1404 2916 humiles.
1439 2859 1592 2916 Unde
1636 2862 1767 2917 mihi

182 2952 416 3011 εςιιειιο
465 2946 792 3001 credendum
847 2957 949 3014 est,
1006 2967 1024 3000 ι
1067 2949 1193 3018 quia
1253 2949 1566 3004 humiliatus
1625 2964 1769 3016 sum,

183 3043 245 3086 et
295 3034 544 3090 liberavit
583 3051 688 3094 me.
727 3058 744 3092 ι
781 3038 845 3094 Ει
891 3041 1014 3110 quia
1053 3041 1330 3106 liberatus,
1378 3061 1395 3093 ι
1427 3050 1764 3109 convertere,

185 3127 372 3184 annua
449 3143 610 3194 mea,
669 3130 721 3184 in
784 3133 1021 3202 requiem
1085 3142 1268 3196 tuam,
1328 3153 1347 3184 ι
1408 3133 1460 3188 id
1523 3141 1646 3198 est,
1705 3100 1842 3188 adC

178 3218 482 3275 Dominum
562 3229 710 3279 tuum
743 3267 758 3290 ,
802 3223 907 3296 qui
967 3231 1170 3282 tantum
1236 3224 1449 3293 requies
1499 3233 1582 3279 est
1647 3239 1662 3276 :
1722 3233 1776 3276 et

189 3309 298 3362 hoc
338 3312 482 3379 quod
532 3322 585 3368 ιιι
634 3318 987 3384 converteris,
1018 3335 1123 3374 non
1155 3335 1220 3374 ex
1267 3329 1318 3376 te
1348 3316 1536 3385 habe-3,
1567 3315 1657 3375 sed
1683 3329 1776 3390 per

185 3401 424 3467 gratiam
463 3402 576 3458 Dei.
605 3405 742 3470 Quia
771 3405 1025 3462 Dominus
1054 3409 1297 3479 benefecit
1325 3411 1446 3474 tibi,
1481 3411 1532 3464 in
1572 3411 1670 3464 hoc
1699 3411 1776 3463 vi—

181 3490 408 3558 delicet,
457 3495 581 3564 quia
623 3497 809 3567 eripuit
849 3499 1079 3552 animam
1109 3507 1253 3553 tuam
1282 3500 1346 3553 de
1375 3509 1556 3565 morte,
1589 3498 1641 3554 id
1669 3507 1773 3565 est,

185 3581 260 3636 de
287 3584 534 3654 originali
560 3597 798 3656 peccato,
828 3587 910 3644 vel
933 3590 999 3644 de
1023 3589 1226 3645 carnali
1256 3589 1503 3656 crimine,
1532 3598 1578 3644 et
1601 3589 1776 3644 oculos

189 3688 339 3728 meos
366 3691 397 3728 a
420 3674 687 3747 lacrymis,
711 3688 771 3733 ut
795 3695 899 3736 non
920 3680 1034 3752 jam
1057 3681 1260 3752 plorem
1285 3681 1554 3736 miseriam
1577 3695 1773 3746 meam,

190 3764 262 3817 de
286 3779 392 3832 qua
421 3780 520 3834 per
540 3781 690 3837 spem
722 3768 981 3826 liberatus
1009 3785 1149 3827 sum.
1189 3770 1398 3840 Eripuit
1434 3771 1595 3826 etiam
1623 3771 1775 3841 pedes

187 3871 358 3922 meos,
391 3857 448 3913 id
475 3868 588 3926 est,
635 3859 952 3918 alﬂictiones
980 3880 1013 3916 a
1042 3862 1212 3933 lapsu,
1244 3863 1297 3918 id
1325 3870 1430 3929 est,
1459 3878 1489 3917 a
1514 3878 1774 3919 consensu

192 3963 388 4018 pravo,
419 3950 510 4019 qui
537 3965 698 4007 causa
724 3951 826 4007 luit
854 3953 1210 4024 laeryma-rum
1237 3971 1249 4008 :
1282 3963 1337 4009 et
1365 3967 1466 4025 ego
1494 3954 1579 4009 his
1603 3954 1779 4009 omnl-

196 4039 303 4092 bus
328 4049 566 4109 ereptus,
596 4040 806 4112 placebo
842 4042 1064 4099 Domino
1089 4044 1300 4101 tandem
1325 4044 1379 4100 in
1417 4045 1622 4116 regione
1638 4043 1777 4100 vivo-

195 4147 336 4196 rum,
371 4148 475 4188 non
501 4134 554 4188 in
584 4135 804 4206 regione
832 4138 1193 4193 morientium.

731 4228 1050 4288 PSALMUS
1086 4232 1246 4289 CXV.

852 4337 1131 4378 ALLELUIA.

1866 522 1921 567 et
1949 513 2254 571 docentium
2282 530 2400 582 nos,
2434 525 2490 570 ut
2520 517 2662 585 quod
2694 515 2857 570 corde
2887 514 3155 569 credimus
3204 527 3301 568 ore
3335 526 3442 567 non

1869 613 2140 658 taceamus
2175 602 2350 673 (Rom.
2383 604 2464 672 ις),
2491 620 2590 659 nec
2630 615 2916 674 antequam
2939 603 3220 658 credamus
3261 601 3445 669 loqua-

1869 709 2008 757 mur,
2047 695 2136 749 sed
2157 709 2278 749 cum
2312 695 2672 760 credidimus,
2701 694 2844 765 loqui
2888 693 3048 747 etiam
3091 708 3196 746 non
3236 690 3446 744 dubite-

1868 798 2016 836 mus:
2038 783 2160 853 quia
2183 800 2286 837 non
2310 781 2549 852 perfecte
2573 783 2817 846 credunt,
2839 781 2931 851 qui
2977 780 3028 834 id
3049 779 3193 848 quod
3216 777 3448 832 credunt

1868 874 2050 928 nolunt
2099 873 2264 943 loqui.
2297 875 2377 928 Ad
2419 874 2592 944 ipsam
2639 874 2782 928 enim
2821 871 2980 925 [idem
3027 869 3261 940 pertinet
3302 865 3446 935 quod

1868 963 2066 1018 dictum
2095 974 2176 1019 est
2206 983 2217 1018 :
2261 985 2278 1016 ι
2311 965 2409 1031 Qui
2441 980 2524 1019 me
2555 963 2832 1020 confessus
2868 961 3033 1017 fuerit
3063 974 3244 1014 coram
3271 956 3447 1012 homi-

1866 1054 2053 1117 nibus,
2104 1053 2402 1109 conlitcbor
2451 1063 2505 1108 ct
2543 1070 2642 1123 ego
2687 1069 2808 1108 eum
2861 1067 3042 1106 coram
3099 1047 3304 1119 angelis
3352 1045 3445 1100 Dei

1867 1139 2020 1212 (Luc.
2049 1141 2168 1212 xu).
2207 1163 2225 1194 ι
2261 1143 2337 1196 Ex
2384 1143 2483 1196 hoc
2511 1143 2652 1196 enim
2687 1141 2986 1211 appellatus
3015 1148 3097 1193 est
3139 1151 3330 1192 servus
3361 1135 3446 1186 ille

1871 1235 2062 1298 lidelis,
2093 1236 2178 1289 cui
2211 1235 2411 1289 dictum
2443 1243 2564 1288 est:
2604 1254 2622 1285 ι
2662 1235 2827 1303 Euge,
2859 1248 3014 1287 serve
3065 1232 3202 1284 bone
3231 1237 3286 1282 et
3321 1226 3448 1279 lide-

1870 1323 1954 1388 lis,
1985 1323 2125 1378 intra
2151 1324 2202 1378 in
2225 1324 2476 1395 gaudium
2502 1323 2713 1394 (Matth.
2744 1323 2892 1393 xxv),
2915 1344 2933 1375 ι
2955 1324 3076 1392 quia
3103 1337 3207 1376 non
3238 1328 3446 1374 tantum

1869 1414 2097 1485 accepit,
2129 1415 2220 1469 sed
2252 1413 2534 1485 impendit,
2561 1422 2613 1468 et
2640 1414 2879 1468 lucratus
2904 1423 3007 1468 est.
3041 1412 3239 1466 Servus
3263 1419 3445 1463 autem

1870 1510 1958 1565 ille
1994 1511 2082 1578 qui
2111 1509 2250 1579 quod
2283 1511 2488 1580 accepit
2518 1511 2776 1580 proximis
2820 1525 2924 1564 non
2953 1507 3212 1579 erogavit,
3245 1505 3444 1559 missus

1869 1613 1954 1658 est
1978 1604 2030 1657 in
2062 1605 2310 1658 tenebras
2337 1605 2635 1660 exteriores
2662 1603 2872 1673 (Ibid.).
2897 1602 3192 1657 Credamus
3221 1613 3348 1666 ergo
3393 1607 3450 1650 et

1870 1691 2191 1764 loquamur:
2231 1703 2286 1750 et
2315 1709 2590 1764 Speremus
2619 1694 2897 1766 praemium
2937 1691 3237 1764 loquendo,
3283 1698 3338 1745 et
3383 1689 3450 1743 ti-

1798 1755 1843 1816 Β
1873 1801 2114 1840 ineamus
2140 1800 2354 1856 pinnam
2385 1787 2627 1842 tacendo.
2659 1787 2799 1841 Dicit
2824 1796 3000 1842 autem
3029 1786 3106 1840 sic
3133 1803 3146 1838 :

1942 1874 2152 1929 Credidi
2184 1884 2392 1946 propter
2427 1877 2599 1948 quod,
2643 1878 2766 1947 quia
2813 1876 3032 1941 credidi,
3063 1875 3266 1929 locutus
3307 1890 3446 1935 sum,

1872 1965 1995 2035 quia
2021 1964 2111 2035 qui
2143 1981 2246 2020 non
2279 1965 2537 2036 loquitur,
2569 1967 2612 2022 si
2647 1983 2780 2037 opus
2823 1966 3020 2033 fuerit,
3057 1980 3155 2035 pro
3194 1965 3448 2018 credente

1873 2071 1976 2111 non
2002 2063 2081 2111 est
2107 2057 2452 2125 reputandus.
2492 2053 2603 2126 Ego
2641 2068 2810 2110 autem
2848 2056 3112 2125 loquendo
3142 2054 3448 2107 humiliatus

1871 2163 1986 2200 sum
2024 2147 2197 2200 nimis.
2231 2146 2336 2201 Pro
2371 2147 2834 2216 persecutionihus
2872 2146 3120 2200 videlicet
3161 2154 3215 2199 et
3254 2153 3445 2198 contu-

1873 2237 2046 2292 meliis
2079 2235 2299 2292 allectus
2330 2245 2537 2292 tantmn
2566 2245 2622 2291 ut
2646 2237 2697 2291 in
2726 2246 2996 2308 stuporem
3030 2237 3292 2291 traderer.
3336 2233 3448 2291 Νο-

1872 2329 2092 2381 tandum
2126 2336 2205 2382 cst
2237 2326 2377 2397 quod
2415 2326 2586 2381 dicit:
2623 2327 2736 2397 Ego
2768 2327 3070 2383 humiliatus
3096 2342 3228 2380 sum.
3259 2326 3313 2378 In
3347 2325 3451 2378 hoc

1870 2415 2014 2472 enim
2062 2416 2176 2470 vult
2221 2417 2505 2472 ostendere
2556 2431 2614 2471 se
2664 2426 2870 2472 tantum
2924 2417 3260 2472 lmmiliatmn
3289 2458 3302 2480 ,
3344 2431 3448 2468 neu

1871 2505 2028 2560 ﬁdem
2057 2521 2234 2573 suam,
2273 2523 2376 2561 non
2407 2507 2842 2576 przcdieationcm
2884 2523 3035 2562 suam
3072 2522 3230 2577 quam
3259 2505 3450 2575 pr:cdi-

1871 2598 2012 2651 cavit
2039 2612 2156 2652 esse
2184 2597 2538 2652 lmmiliatam.
2578 2598 2729 2654 Unde
2756 2597 2953 2652 Paulus
2994 2613 3114 2651 cum
3163 2597 3227 2650 de
3258 2603 3448 2650 catena

1869 2703 1966 2743 sua
1995 2687 2306 2757 loqueretur
2333 2708 2344 2742 :
2376 2709 2394 2740 ι
2433 2688 2622 2743 Sermo
2646 2689 2763 2754 Dei,
2789 2689 2984 2758 inquit,
3020 2703 3122 2742 non
3155 2696 3238 2741 est
3268 2687 3450 2757 alliga-

1870 2787 1956 2833 tus
1983 2776 2066 2851 (Il
2093 2776 2228 2830 Tim.
2262 2775 2341 2846 ιι).
2366 2797 2384 2828 ι
2410 2794 2427 2827 t
2450 2776 2558 2847 Ego
2587 2788 2766 2830 autem
2794 2775 3106 2830 humiliatus
3127 2791 3240 2829 sum
3266 2774 3448 2835 nimis,

1868 2874 1923 2921 et
1949 2867 2048 2938 ego
2082 2865 2193 2919 dixi
2226 2866 2278 2919 in
2309 2880 2532 2920 excessu
2558 2879 2698 2931 meo,
2733 2884 2752 2919 ι
2791 2864 2840 2918 id
2867 2872 2970 2929 est,
3000 2864 3051 2917 in
3079 2877 3278 2933 pavore
3303 2877 3451 2914 men-

1871 2961 1940 3014 tis
1970 2973 2104 3013 mea:
2134 2956 2353 3019 attendi,
2388 2955 2517 3010 nulli
2553 2955 2757 3011 homini
2785 2955 2848 3010 de
2879 2970 2935 3011 se
2964 2969 3084 3010 esse
3115 2968 3417 3024 ρῐςατδιιηισῃ,

1873 3051 2020 3114 dum,
2051 3048 2176 3118 quia
2223 3047 2390 3103 sumis
2433 3047 2586 3099 homo
2619 3059 2685 3100 oe
2727 3061 2786 3100 se
2815 3059 3182 3116 praesumam,
3227 3052 3453 3122 uicatim:

1872 3148 1971 3193 est.
2008 3129 2161 3205 Quod
2189 3152 2308 3208 ego,
2339 3136 2463 3195 dum
2493 3135 2758 3212 loquendo
2800 3142 3025 3198 Verbum
3071 3141 3163 3197 Dei
3203 3141 3451 3196 hmuilia-

1873 3243 1980 3291 rcr,
2009 3227 2218 3296 percepi
2247 3244 2259 3278 :
2295 3226 2417 3295 Quia
2445 3231 2707 3286 contritus
2732 3231 2940 3303 respexi
2978 3231 3366 3294 infirmitatem,
3399 3225 3453 3285 et

1873 3319 1978 3378 vitii
2014 3331 2120 3378 non
2148 3317 2278 3378 mihi
2309 3324 2372 3378 de
2403 3337 2488 3376 me
2517 3336 2638 3377 esse
2661 3320 3117 3392 praesumendum,
3160 3321 3282 3390 quia
3310 3337 3452 3373 men-

1872 3419 1979 3473 dax
2007 3425 2091 3473 est
2118 3419 2209 3488 qui
2247 3417 2312 3472 de
2357 3431 2416 3471 se
2459 3415 2755 3486 prazsumit.
2793 3413 2907 3470 Hoc
2935 3414 3129 3469 Petrus
3156 3412 3450 3482 comperit,

1874 3513 1997 3566 dum
2030 3528 2127 3582 pro
2164 3511 2360 3565 timore
2403 3508 2571 3564 Deum
2612 3507 2860 3579 negavit,
2895 3506 3019 3576 qui,
3050 3506 3116 3561 de
3146 3520 3204 3560 se
3244 3519 3448 3574 pursu-

1874 3603 2090 3668 mendo,
2119 3601 2268 3672 prius
2292 3615 2566 3671 nunquam
2593 3609 2908 3672 negaturum
2937 3596 3238 3669 proposuit,
3258 3605 3313 3650 et
3332 3595 3453 3650 ideo

1873 3692 2147 3748 docendus
2177 3702 2295 3746 erat
2324 3692 2378 3763 in
2408 3691 2619 3758 timore,
2648 3691 2701 3745 in
2731 3690 2948 3747 homine
2972 3706 3078 3745 non
3105 3704 3225 3746 esse
3249 3703 3452 3758 praesu-

1874 3784 2146 3851 mendum,
2177 3783 2272 3841 sed
2298 3784 2364 3840 de
2388 3799 2453 3840 eo
2486 3784 2576 3854 qui
2608 3799 2771 3838 verax
2797 3769 2891 3840 est
2912 3780 3091 3854 (Rom.
3125 3781 3244 3852 ιιι),
3279 3787 3334 3835 ει
3359 3778 3451 3848 qui

1873 3877 1992 3931 ait:
2040 3894 2058 3928 ι
2093 3875 2206 3947 Ego
2245 3875 2387 3941 dixi,
2433 3873 2506 3930 dii
2545 3873 2702 3938 estis,
2752 3883 2806 3928 et
2848 3863 2940 3928 ﬁlii
2978 3869 3236 3926 Altissimi
3267 3854 3455 3924 οῐηηρε

1875 3963 2048 4037 (Psal.
2079 3964 2285 4035 um).
2307 3983 2326 4018 ι
2349 3963 2406 4018 ln
2433 3963 2538 4019 hoc
2562 3963 2706 4019 enim
2731 3961 2873 4034 quod
2900 3976 3005 4016 non
3028 3973 3211 4016 sumus
3232 3955 3454 4014 menda-

1874 4071 1987 4122 ces,
2010 4069 2118 4110 non
2148 4053 2398 4109 homines
2422 4067 2630 4119 sumus,
2657 4049 2874 4106 sed'dii.
2917 4048 3013 4104 Vel
3039 4047 3225 4114 aliter,
3271 4041 3453 4102 O'mnis

1875 4147 2029 4202 homo
2050 4144 2296 4209 mendax,
2313 4143 2364 4200 id
2382 4150 2484 4204 est,
2501 4142 2676 4198 omnis
2697 4139 3016 4198 conditionis
3031 4140 3183 4194 homo
3206 4135 3454 4216 mendax,

1875 4236 2003 4310 quia
2024 4236 2079 4291 in
2104 4235 2250 4291 omni
2275 4233 2581 4291 conditione
2603 4231 2946 4303 reperiuntur
2970 4229 3136 4299 aliqui
3162 4227 3250 4298 qui
3278 4225 3455 4296 potius

1877 4329 2157 4385 mendacio
2190 4343 2353 4399 quam
2389 4325 2604 4382 veritati
2653 4324 2887 4379 student.
2923 4339 2942 4372 ι
2978 4320 3116 4387 Quid
3158 4318 3452 4373 retribuam

275 4431 292 4464 ι
331 4412 577 4479 Credidi,
620 4423 840 4486 propter
874 4418 1015 4486 quod
1060 4418 1268 4475 locutus
1295 4434 1433 4488 sum,
1461 4435 1560 4491 ego
1593 4429 1772 4477 autem
1800 4447 1852 4510 Β
1879 4419 2108 4476 Domino
2126 4433 2225 4488 pro
2248 4417 2498 4474 omnibus
2518 4429 2637 4484 qua:
2668 4411 2922 4467 retribuit
2944 4407 3111 4463 mihi?
3139 4425 3157 4459 ι
3190 4404 3353 4474 Quasi
3377 4403 3454 4459 di-

199 4523 220 4554 ‹
258 4504 570 4562 humiliatus
597 4522 716 4562 sum
747 4509 925 4564 nimis.
970 4510 1081 4581 Ego
1108 4512 1218 4566 dixi
1261 4512 1316 4567 in
1353 4527 1572 4568 excessu
1613 4529 1768 4569 meo:

199 4616 218 4644 ι
257 4593 444 4650 Omnis
474 4596 637 4652 homo
667 4599 916 4653 mendax.
943 4599 1082 4667 Quid
1113 4602 1405 4656 retribuam
1430 4602 1657 4671 Domino
1676 4618 1774 4674 pro

200 4704 224 4740 ι
258 4685 510 4741 omnibus
557 4701 678 4756 qua:
722 4689 975 4743 retribuit
1019 4689 1194 4744 mihi?
1243 4689 1476 4745 Calicem
1524 4691 1774 4746 salutaris

199 4796 222 4828 ι
259 4777 542 4846 accipiam,
574 4785 630 4832 et
668 4793 862 4835 nomen
906 4781 1114 4836 Domini
1161 4781 1442 4837 invocabo.
1476 4781 1611 4837 Vota
1653 4797 1774 4837 mea

198 4889 220 4918 ‹
262 4869 486 4924 Domino
513 4869 734 4925 reddam
761 4887 941 4927 coram
973 4873 1115 4928 omni
1147 4874 1339 4944 populo
1367 4874 1481 4946 ejus
1499 4915 1514 4940 ,
1539 4874 1774 4946 pretiosa

199 4978 221 5010 ι
265 4959 315 5012 in
345 4969 642 5030 conspectu
670 4961 878 5016 Domini
911 4979 1058 5018 mors
1084 4974 1390 5020 sanctorum
1424 4965 1560 5036 ejus.
1591 4964 1639 5022 θλ
1672 4965 1776 5020 Do-

197 5067 218 5099 i
259 5049 416 5114 mine,
449 5051 576 5123 quia
607 5066 708 5122 ego
733 5067 920 5108 servus
961 5063 1085 5108 tuus
1133 5072 1146 5108 :
1185 5069 1286 5125 ego
1328 5069 1515 5110 servus
1553 5063 1676 5110 tuus
1723 5059 1779 5109 et

199 5163 218 5195 ι
259 5143 405 5199 titius
430 5144 642 5198 ancilla:
673 5153 793 5198 tute.
827 5144 1090 5215 Dirupisti-
1111 5147 1320 5202 vincula
1356 5163 1507 5211 mea,
1549 5147 1643 5204 tibi
1692 5164 1779 5204 sa-

199 5253 218 5286 ι
255 5234 519 5291 criticabo
548 5234 781 5289 hostiam
823 5234 1027 5300 laudis,
1056 5245 1107 5290 et
1147 5252 1340 5292 nomen
1381 5236 1588 5293 Domini
1630 5237 1780 5292 invo-

196 5345 213 5376 ί
247 5328 403 5380 calm-
437 5325 572 5370 Vala
604 5338 720 5362 mm!
755 5323 978 5360 nrt-“inn
1006 5326 1224 5364 hominum
1253 5329 1305 5366 in
1334 5338 1622 5366 nnncnnnln
1659 5343 1754 5368 nm.

1877 4518 1982 4566 cat.
2007 4505 2450 4576 Quandoquidem
2473 4504 2637 4557 omnis
2654 4503 2807 4556 homo
2831 4500 2884 4555 in
2907 4506 3166 4570 quantum
3181 4496 3333 4550 homo
3349 4502 3453 4558 est,

1875 4607 1930 4654 et
1960 4599 2026 4654 de
2050 4611 2108 4654 se
2132 4608 2487 4670 praesumens,
2513 4590 2739 4645 mendax
2769 4597 2884 4646 est:
2919 4596 2972 4644 et
2998 4587 3050 4642 in
3077 4592 3334 4657 quantum
3364 4596 3456 4635 vc-

1876 4705 1991 4753 rax,
2009 4703 2116 4742 non
2133 4702 2164 4742 a
2186 4671 2265 4752 se,
2283 4684 2378 4741 sed
2401 4699 2430 4737 a
2445 4680 2670 4737 Domino
2685 4678 2868 4746 habet,
2891 4698 2910 4731 ι
2930 4676 3058 4748 quid
3078 4695 3096 4728 ι
3115 4687 3242 4746 ergo
3261 4691 3280 4724 ‹
3305 4671 3457 4726 retri-

1876 4781 2036 4836 buam
2059 4776 2289 4834 Domino
2309 4789 2408 4846 pro
2430 4770 2678 4830 omnibus
2700 4785 2821 4842 qua:
2841 4767 3089 4826 retribuit
3109 4763 3275 4820 mihi?
3305 4782 3324 4816 ι
3351 4762 3457 4816 lte-

1876 4871 2064 4928 tribuit
2100 4868 2242 4924 Deus
2267 4866 2408 4922 bona
2446 4878 2542 4934 pro
2579 4859 2735 4917 malis
2772 4861 2858 4917 cui
2885 4857 3130 4915 homines
3155 4854 3460 4908 tribuerunt

1882 4963 2022 5019 mala
2046 4976 2143 5032 pro
2161 4959 2338 5015 bonis.
2358 4957 2685 5013 Tribuerunt
2705 4952 2950 5008 homines
2972 4944 3328 5004 mendacium,
3345 4941 3460 5009 ipse

1886 5057 2073 5114 tribuit
2099 5053 2407 5109 veritatem.
2439 5048 2666 5105 Calicem
2708 5047 2958 5102 salutaris
3006 5041 3284 5109 accipiam.
3317 5036 3462 5101 Con-

1884 5150 2127 5207 siderans
2151 5145 2252 5199 iste
2273 5144 2406 5215 quid
2435 5138 2660 5196 Domino
2688 5147 2874 5208 posset
2899 5131 3226 5215 retribuere,
3259 5133 3316 5180 et
3356 5139 3463 5215 non

1887 5222 2166 5295 inveniens
2193 5213 2326 5302 quid
2363 5230 2573 5302 dignius
2627 5227 2952 5283 retribueret
2996 5231 3159 5288 quam
3218 5214 3275 5268 id
3325 5213 3469 5302 quod

2947 5307 3182 5340 tunam»
3215 5301 3471 5340 οηιιηηιηῖα

1878 5331 1992 5360 tm...
2022 5324 2170 5358 ηιξκιε·
2201 5323 2347 5362 Λοιιῖι
2399 5322 2715 5360 anheaonlne
2745 5318 2817 5350 σιῖ·
2848 5337 2856 5340 ·
2894 5334 2908 5340 ·
