4034 6464
498 256 599 312 727

1114 261 1368 318 [illiilli]
1405 264 2057 349 ANTlSSlODORENSlS
2095 268 2245 323 OPP.
2283 269 2462 345 PARS
2499 271 2538 326 Ι.
2580 302 2645 347 5—-
2683 272 3091 331 EXEGETICA.

3152 227 3201 236 ν..
3244 226 3289 232 νο⁷

3616 277 3719 335 728

490 386 627 424 0mm
655 372 845 442 populo
868 374 1000 444 ejus,
1034 386 1089 430 ut
1118 378 1416 448 exemplum
1443 379 1676 436 habeant
1714 381 1780 437 de
1829 397 1914 437 me
1939 382 2043 435 itni-

2159 384 2342 439 mtssio
2361 384 2500 454 ejus,
2532 404 2550 438 ι
2585 395 2640 442 ει
2670 388 2869 445 veritas
2897 387 3129 453 Domini,
3166 408 3184 441 ι
3225 389 3276 443 id
3303 398 3403 450 est,
3433 391 3723 460 complebo

490 462 633 529 tandi
668 464 971 533 passionem
1004 465 1235 521 Domini.
1280 469 1346 523 Et
1376 470 1496 525 ideo
1532 471 1648 526 hinc
1669 479 1785 525 vota
1815 466 2063 535 reddam,-

487 551 611 619 quia
639 554 864 621 pretiosa
892 554 944 608 in
976 564 1246 625 conspectu
1274 573 1412 614 mors
1438 569 1735 613 sanctorum
1776 561 1911 629 ejus,
1954 561 2055 616 etsi

489 642 541 695 in
569 654 859 714 conspectu
909 646 1185 702 hominum
1224 649 1296 703 sit
1335 650 1768 721 contemptibilis.
1789 651 1903 716 Vel,
1931 669 2053 722 pre-

488 731 621 785 tiosa
668 726 773 799 est,
823 735 948 804 quia
984 752 1179 809 magno
1224 739 1398 809 pretio
1437 750 1616 811 empta
1671 750 1776 806 est,
1836 743 2054 812 proprio

486 822 735 878 videlicet
761 826 1044 895 sanguine,
1069 843 1228 897 quem
1264 829 1413 898 prior
1449 828 1584 887 ludit
1626 845 1723 900 pro
1774 831 1927 887 nobis
1954 849 1967 885 :
1998 839 2054 887 et

487 909 587 966 hoc
617 911 736 966 ideo
758 929 825 968 ne
852 915 990 970 servi
1021 930 1175 971 suum
1204 931 1303 986 pro
1339 932 1404 973 eo
1449 918 1761 975 dubitarent
1802 914 2049 976 fundere.

491 1021 509 1052 ι
555 1002 599 1059 0
640 1003 879 1073 Domine,
908 1008 1033 1078 quia
1062 1024 1161 1080 ego
1189 1024 1380 1065 servus
1417 1019 1566 1077 tuus,
1589 1022 1643 1068 et
1673 1011 1813 1068 ﬁlius
1848 1013 2054 1070 ancilla:

486 1102 609 1148 tuae.
641 1114 660 1147 ι
697 1095 860 1162 Quasi
891 1097 1070 1154 dicat:
1099 1099 1225 1169 quia
1253 1101 1310 1155 in
1333 1111 1607 1171 conspectu
1650 1110 1741 1157 tuo
1768 1120 1907 1157 mors
1929 1120 2052 1177 san-

483 1194 684 1241 ctorum
734 1188 959 1258 pretiosa
997 1199 1104 1257 est,
1151 1191 1294 1256 ideo,
1336 1191 1584 1259 Domine,
1613 1194 1706 1248 tibi
1742 1195 2051 1263 sacriﬁcabo

481 1277 705 1331 hostium
748 1277 939 1342 laudis,
989 1283 1252 1352 meipsum
1296 1282 1540 1338 videlicet
1585 1299 1683 1354 pro
1714 1292 1767 1339 te
1818 1284 2052 1340 ﬁniendo

434 1352 453 1369 “
480 1368 666 1423 vitam.
702 1368 766 1424 Et
797 1371 994 1427 merito
1018 1371 1185 1427 Deum
1216 1387 1369 1438 voco,
1419 1374 1543 1443 quia
1588 1352 1684 1445 ego
1714 1390 1833 1431 sum
1875 1393 2051 1431 servus

477 1471 619 1527 tuus,
648 1474 863 1534 emptus
882 1465 1130 1523 videlicet
1168 1466 1405 1536 pretioso
1429 1467 1688 1537 sanguine
1720 1474 1828 1530 tuo,
1864 1476 1915 1521 et
1946 1483 2049 1522 non

479 1560 688 1608 tantum
720 1563 950 1623 emptus,
1001 1557 1094 1610 sed
1135 1556 1471 1621 naturaliter,
1499 1556 1624 1626 quia
1670 1554 1814 1624 ﬁlius
1843 1556 2050 1611 ancillae

476 1652 583 1696 tute
613 1658 631 1695 :
660 1643 887 1711 ancilla',
940 1653 1117 1701 tamen
1154 1646 1336 1701 liberte
1373 1662 1402 1701 a
1447 1655 1692 1717 peccato,
1718 1646 1810 1701 sed
1842 1645 2050 1701 ancilla:

2155 472 2272 542 ejus
2297 476 2672 545 promissionis
2718 498 2735 529 ι
2769 488 2951 534 manet
2976 479 3031 534 in
3071 487 3354 544 aeternum,
3392 499 3410 531 ι
3440 480 3569 548 quia
3598 480 3723 537 licet

2159 582 2180 613 ο
2225 567 2415 620 transit
2443 567 2672 623 mundus
2697 567 3195 638 etconcupiscentia
3229 567 3346 637 ejus
3378 567 3431 638 (1
3452 566 3616 621 loau.
3635 570 3720 639 ιι),

2154 652 2375 707 verbum
2402 661 2579 710 tamen
2596 655 2805 711 Domini
2828 665 3010 712 m‘anet
3039 657 3092 711 in
3119 666 3378 712 :eternum
3394 655 3531 727 (lsa.
3550 656 3659 727 ιι).

2689 762 3006 822 PSALMUS
3040 765 3243 822 CXVII.

2796 871 3075 912 ALLELUIA.

2229 961 2251 994 ι
2295 941 2636 998 Conﬁtemini
2678 944 2904 1003 Domino
2947 948 3206 1017 quoniam
3240 948 3435 1010 bonus,
3466 945 3721 1018 quoniam

2161 1054 2179 1086 ι
2225 1036 2279 1090 in
2323 1037 2576 1091 saeculum
2616 1037 3000 1093 misericordia:
3046 1038 3180 1109 ejus.
3239 1039 3394 1095 Dicat
3435 1053 3578 1093 nunc
3623 1037 3720 1090 do-

2159 1143 2177 1175 ι
2225 1125 2563 1201 ωυεμίειέιει,
2593 1127 2850 1198 quoniam
2879 1128 3075 1194 bonus,
3093 1129 3349 1199 quoniam
3385 1129 3437 1183 in
3467 1126 3720 1183 smculum

2159 1233 2176 1265 ι
2221 1215 2590 1272 misericordia
2620 1217 2759 1287 ejus.
2796 1217 2953 1273 Dicat
2974 1234 3118 1273 nunc
3137 1219 3328 1275 domus
3347 1216 3555 1282 Aaron,
3591 1232 3722 1285 quo-

2157 1322 2176 1353 ι
2219 1304 2362 1358 niam
2390 1302 2603 1369 bonus,
2650 1306 2902 1376 quoniam
2941 1307 2994 1362 in
3045 1307 3300 1363 saeculum
3350 1305 3719 1361 misericordia

2158 1413 2176 1446 ι
2222 1394 2359 1465 ejus.
2415 1395 2606 1452 Dicant
2644 1412 2788 1453 nunc
2830 1412 3018 1453 omnes
3060 1398 3151 1468 qui
3196 1400 3387 1455 timent
3416 1398 3718 1460 Dominum,

2155 1502 2173 1532 ι
2218 1481 2470 1551 quoniam
2498 1484 2688 1549 bonus,
2710 1485 2964 1555 quoniam
2996 1485 3048 1541 in
3071 1486 3380 1542 saeculumrn
3403 1485 3719 1542 isericordia

2156 1591 2175 1623 ι
2219 1572 2354 1641 ejus.
2399 1573 2474 1628 De
2505 1574 2849 1631 tribulatione
2870 1576 3111 1632 invocavr
3136 1577 3532 1653 Dominum,et
3559 1591 3721 1631 exau-

2156 1684 2175 1717 ι
2219 1666 2351 1722 divit
2373 1683 2459 1722 me
2488 1668 2541 1720 in
2568 1667 2848 1724 latitudine
2873 1669 3153 1725 Dominus.
3173 1670 3432 1725 Dominus
3466 1669 3601 1725 mibi
3630 1669 3722 1724 ad.

471 1733 733 1802 justitiaa,
779 1735 931 1805 cujus
975 1736 1117 1806 ﬁlius
1157 1736 1331 1792 adhuc
1372 1737 1773 1808 praegnantibus
1812 1736 2043 1791 dicitur:

2157 1774 2174 1807 ι
2210 1755 2384 1826 jutor,
2414 1772 2518 1812 non
2542 1757 2740 1815 timebo
2760 1759 2889 1829 quid
2915 1759 3082 1816 faciat
3103 1760 3231 1815 mihi
3255 1760 3435 1815 homo.
3465 1759 3721 1815 Dominus

480 1846 498 1877 ι
544 1824 652 1882 Vos
678 1827 731 1882 in
762 1826 1060 1883 libertatem
1090 1828 1263 1883 vocati
1306 1828 1437 1883 estis
1464 1825 1607 1898 (Gal.
1640 1826 1714 1897 ν).
1763 1847 1782 1880 ι
1823 1826 1892 1881 Ει
1921 1825 2047 1881 alibi

474 1917 675 1973 eisdem
719 1917 955 1973 dicitur:
1003 1937 1021 1969 ι
1053 1917 1187 1974 Cum
1243 1918 1563 1973 serviebatis
1615 1924 1862 1987 peccato,
1893 1916 2046 1972 liberi

470 2008 638 2061 eratis
662 2023 691 2062 a
716 2006 947 2077 justitia.
981 2006 1132 2064 Nunc
1161 2022 1290 2063 vero
1335 2006 1491 2062 liberi
1541 2023 1570 2062 a
1609 2016 1856 2077 peccato,
1904 2007 2045 2062 Servi

473 2108 647 2152 autem
672 2097 799 2154 facti
821 2101 954 2165 Deo,
992 2098 1203 2154 habetis
1231 2095 1463 2153 fructum
1498 2106 1735 2154 vestrum
1762 2099 1815 2153 in
1845 2096 2046 2153 sancti-

473 2189 799 2255 ﬁcationem,
830 2188 993 2246 ﬁnem
1018 2204 1148 2245 vero
1180 2189 1346 2244 vitam
1375 2201 1631 2245 mternam
1665 2186 1844 2259 (Rom.
1871 2187 1970 2257 vt).
2022 2205 2043 2238 ι

470 2282 622 2349 Quod
675 2281 853 2337 nullus
892 2281 1178 2337 erubescat
1222 2294 1282 2336 se
1320 2278 1567 2336 conﬁteri
1621 2276 1788 2333 ﬁlium
1837 2276 2048 2332 ancilla

473 2373 713 2439 Domini,
741 2373 865 2442 quia
897 2372 1126 2442 quisque
1156 2371 1298 2441 ﬁlius
1322 2369 1551 2434 ancillw,
1580 2369 1873 2425 secundum
1903 2368 2045 2439 quod

470 2461 651 2518 omnis
690 2470 937 2518 creatura
975 2460 1188 2517 subdita
1224 2468 1306 2515 est
1347 2458 1615 2523 Creatori,
1660 2467 1716 2514 ct
1762 2457 2047 2513 verissimo

472 2549 586 2606 Deo
614 2549 776 2607 debet
797 2549 1141 2607 verissimum
1172 2549 1519 2605 famulatum:
1552 2564 1712 2619 quem
1741 2563 1863 2604 cum
1891 2550 2046 2605 exhi-

468 2641 581 2705 bet,
610 2639 744 2696 liber
767 2647 886 2695 est:
916 2641 1055 2697 hanc
1082 2640 1353 2711 accipiens
1389 2654 1420 2694 a
1454 2639 1563 2694 Deo
1594 2638 1845 2709 gratiam,
1888 2646 1949 2692 ut
1994 2639 2043 2694 ei

474 2744 582 2785 non
611 2731 961 2797 necessitate,
986 2729 1079 2786 sed
1107 2730 1383 2786 voluntate
1407 2731 1626 2785 serviat.

536 2812 652 2892 Ego
672 2820 814 2892 filius
838 2821 1042 2877 ancilla:
1067 2832 1193 2877 tute.
1223 2821 1292 2877 Et
1311 2822 1527 2886 merito,
1548 2821 1671 2892 quia
1697 2830 1752 2876 tu
1774 2819 2047 2892 disrupisti

470 2912 676 2967 vincula
728 2928 842 2968 mea
876 2953 891 2979 ,
947 2928 1014 2968 ne
1066 2927 1153 2968 me
1209 2912 1602 2968 invincularent
1647 2911 1852 2967 inimici
1897 2929 1910 2964 :
1960 2910 2045 2965 vel

469 3002 747 3070 ᾱίεαρῐειῐ
767 3001 998 3068 vincula,
1026 3002 1078 3056 id
1099 3010 1204 3062 εει.
1228 3000 1591 3057 dillicultatem
1624 3000 1903 3056 resistendi
1930 3015 2045 3055 mo-

2157 1862 2176 1896 ι
2223 1846 2352 1901 mihi
2401 1844 2631 1915 adjutor,
2679 1855 2736 1902 et
2778 1861 2881 1918 ego
2922 1847 3213 1919 despiciam
3262 1847 3511 1901 inimicos
3550 1859 3716 1902 meos.

2156 1954 2174 1986 s
2223 1934 2428 1990 Bonum
2455 1943 2539 1991 est
2565 1935 2836 1992 conlidere
2888 1937 2943 1993 in
2986 1936 3214 1992 Domino
3250 1950 3414 2007 quam
3452 1935 3721 1992 conﬁdens

2154 2045 2170 2077 ι
2220 2027 2272 2081 in
2304 2025 2539 2083 homine.
2578 2026 2783 2087 Bonum
2824 2036 2909 2083 est
2952 2043 3173 2099 sperare
3207 2027 3263 2082 in
3299 2026 3527 2082 Domino
3553 2041 3713 2096 quam

2151 2135 2170 2167 ι
2215 2130 2435 2185 sperare
2452 2115 2505 2171 in
2531 2115 2881 2186 principibus.
2902 2116 3103 2173 Omnes
3123 2124 3310 2187 gentes
3329 2117 3715 2173 circumierunt

2156 2221 2174 2253 ι
2219 2218 2324 2268 me,
2353 2212 2408 2259 et
2444 2203 2499 2258 in
2531 2204 2749 2260 nomine
2774 2204 2990 2261 Domini
3025 2206 3151 2276 quia
3180 2204 3323 2261 ultus
3353 2219 3474 2260 sum
3511 2204 3567 2258 in
3606 2218 3713 2260 eos.

2155 2312 2173 2345 ι
2226 2292 2637 2350 Circumdantes
2665 2293 3137 2351 circumdederunt
3162 2310 3278 2360 me,
3324 2303 3380 2351 et
3419 2294 3475 2349 in
3506 2294 3720 2349 nomine

2159 2402 2177 2434 ι
2222 2383 2433 2438 Domini
2483 2385 2611 2455 quia
2650 2384 2794 2440 ultus
2837 2400 2955 2440 sum
2995 2384 3049 2441 in
3085 2399 3198 2442 eos.
3240 2384 3721 2441 Circumdederunt

2155 2493 2173 2526 ι
2220 2489 2307 2531 me
2335 2475 2472 2530 sicut
2500 2490 2659 2546 apes,
2707 2485 2764 2531 et
2796 2486 3114 2532 exarserunt
3149 2476 3290 2532 sicut
3313 2475 3454 2547 ignis
3475 2474 3527 2530 in
3556 2473 3720 2546 spinis

2152 2587 2171 2619 ι
2212 2577 2267 2624 ει
2293 2568 2346 2623 in
2374 2568 2590 2623 nomine
2627 2567 2858 2632 Domini,
2886 2567 3011 2638 quia
3053 2568 3197 2624 ultus
3217 2582 3335 2624 sum
3367 2568 3418 2622 in
3447 2581 3562 2623 eos.
3620 2565 3720 2620 imo

2150 2679 2168 2710 ι
2212 2659 2416 2729 pulsus,
2441 2674 2663 2715 eversus
2688 2674 2805 2714 sum
2835 2665 2896 2712 ut
2931 2658 3203 2723 caderem,
3231 2666 3288 2714 et
3314 2657 3573 2712 Dominus
3592 2670 3711 2710 sus-

2149 2770 2167 2801 ι
2217 2750 2355 2819 cepit
2400 2766 2508 2805 me.
2563 2748 2845 2804 Fortitudo
2888 2761 3032 2813 mea,
3058 2756 3113 2802 et
3136 2747 3254 2804 laus
3289 2762 3408 2803 mea
3442 2745 3719 2808 Dominus,

2153 2861 2171 2894 ι
2219 2850 2274 2898 et
2298 2840 2472 2896 iactus
2498 2849 2584 2896 est
2629 2839 2763 2896 mihi
2811 2840 2865 2895 in
2908 2838 3319 2895 salutem..Vox
3344 2835 3721 2892 exsultationis

2152 2949 2170 2982 ι
2215 2938 2271 2986 ει
2298 2930 2487 2985 salutis
2522 2930 2575 2984 in
2621 2926 3294 2997 tabernaculisjustorum.
3354 2926 3587 2981 Dextera
3621 2925 3721 2979 Do-

2153 3037 2172 3072 ι
2214 3020 2343 3075 mini
2370 3020 2497 3079 fecit
2522 3020 2772 3074 virtutem
2795 3059 2810 3084 ,
2841 3019 3063 3075 dextera
3090 3017 3301 3075 Domini
3328 3016 3586 3072 exaltavit
3610 3029 3718 3078 me,

468 3092 618 3148 ribus
645 3092 844 3148 veteris
888 3092 1141 3151 hominis.
1193 3091 1301 3149 Pro
1350 3108 1455 3162 qua
1498 3091 1809 3148 dillicultate
1863 3098 2040 3161 rupta,
2070 3081 2114 3142 C
2150 3132 2170 3165 ι
2215 3113 2432 3169 dextera
2474 3111 2681 3168 Domi";
2729 3081 2858 3167 fet,“
2902 3111 3179 3166 νίηυιθηι,
3229 3108 3345 3165 Non
3372 3107 3595 3170 moriar,
3624 3104 3718 3160 εαι

473 3206 494 3236 s
543 3184 638 3240 tibi
697 3183 1013 3243 sacriﬁcabo
1057 3184 1292 3241 hostiam
1338 3182 1534 3252 laudis,
1590 3191 1647 3238 et
1694 3182 2043 3252 sacrificando

468 3289 662 3330 nomen
699 3274 909 3331 Domini
941 3275 1221 3333 invocabo.
1256 3276 1389 3333 Vota
1420 3291 1539 3331 mea
1568 3275 1797 3332 Domino
1823 3277 2042 3333 reddam

466 3365 522 3420 in
546 3375 834 3437 conspectu
861 3365 1038 3423 omnis
1073 3366 1254 3439 populi
1290 3367 1424 3439 ejus.
1460 3386 1480 3421 ι
1526 3366 1594 3422 Et
1631 3366 1761 3438 quid
1808 3367 1880 3423 sit
1915 3377 2042 3424 vota

470 3456 693 3513 reddere
728 3457 783 3512 iu
818 3467 1092 3529 conspectu
1123 3457 1325 3529 populi,
1360 3457 1634 3530 subjungit
1664 3474 1678 3513 :
1733 3477 1752 3510 ι
1809 3456 1866 3513 In
1890 3458 2043 3514 atriis

465 3546 655 3603 domus
686 3547 916 3614 Domini,
940 3567 958 3600 ι
990 3548 1043 3605 id
1074 3557 1176 3615 est,
1208 3548 1263 3603 in
1287 3546 1533 3606 ecclesiis
1552 3563 1672 3619 qua:
1697 3549 1836 3603 atria
1856 3549 2043 3605 dicun-

469 3648 557 3693 tur
583 3638 775 3695 domus
794 3639 1029 3706 Domini,
1046 3640 1264 3695 reddam
1280 3648 1395 3695 vota
1416 3655 1554 3706 mea,
1574 3639 1783 3710 positus
1802 3640 1857 3694 in
1871 3639 2039 3694 medio

466 3729 544 3782 tui
571 3727 745 3784 Israel
766 3743 785 3782 :
816 3729 950 3784 nihil
974 3730 1254 3785 attendens
1277 3730 1335 3786 in
1362 3728 1648 3786 reddendis
1678 3729 1820 3785 votis
1848 3728 1950 3784 nisi
1983 3736 2043 3783 ut

394 3822 399 3827 ’
467 3818 535 3872 ad
566 3818 827 3874 visionem
868 3819 1017 3889 pacis
1052 3819 1384 3888 perveniam,
1408 3818 1536 3890 quia
1564 3826 1692 3874 tunc
1716 3825 1927 3892 gratum
1957 3826 2040 3874 est

466 3911 610 3981 quod
633 3910 956 3977 redditur,si
979 3912 1045 3967 de
1068 3926 1203 3979 pace
1220 3920 1382 3981 atque
1418 3910 1470 3964 in
1499 3924 1633 3981 pace
1671 3909 1930 3965 redditur.
1961 3907 2039 3965 Ne

468 4000 590 4070 quis
624 4007 807 4057 autem
826 4002 1100 4058 existimet
1134 4003 1269 4057 atria
1319 4003 1511 4057 domus
1560 4002 1793 4065 Domini,
1824 4009 1880 4057 et
1917 4016 2039 4056 om-

468 4105 593 4145 nem
608 4088 872 4161 populum
897 4090 1237 4163 ejusJudreos
1263 4091 1593 4163 signiﬁcare,
1622 4092 1750 4163 quia
1781 4092 1859 4147 sic
1887 4091 2038 4147 clau-

466 4180 540 4235 sit
563 4181 801 4252 psalmus
829 4181 933 4238 iste
962 4190 1020 4236 ut
1063 4183 1283 4246 diceret,
1319 4202 1338 4235 ι
1382 4183 1439 4237 in
1482 4182 1658 4238 medio
1697 4182 1774 4237 tui
1824 4180 2040 4237 Jerusa-

466 4270 600 4338 lem,
630 4290 650 4325 ›
696 4272 848 4343 cujus
884 4273 1102 4328 nomine
1143 4272 1391 4329 carnales
1438 4272 1689 4328 Israelita?
1718 4273 2035 4344 gloriantur,

468 4362 748 4419 audiamus
770 4371 1080 4435 sequentem
1119 4363 1386 4432 psalmum
1415 4363 1495 4420 sic
1515 4363 1781 4419 dicentem
1810 4380 1824 4416 :

980 4471 1300 4530 PSALMUS
1336 4470 1514 4530 CXVI.

1110 4580 1388 4622 ALLELUIA.

534 4673 554 4705 ι
601 4653 835 4710 Laudate
864 4654 1173 4723 Dominum,
1193 4671 1382 4712 omnes
1416 4666 1621 4730 gentes,
1652 4657 1866 4715 laudate
1891 4674 2035 4727 eum,

473 4763 492 4796 ι
539 4758 727 4800 omnes
758 4746 958 4816 pepuli.
981 4747 1245 4821 Quoniam
1281 4747 1599 4804 conﬁrmata
1637 4758 1721 4807 est
1750 4765 2036 4821 supernos

468 4854 489 4886 ι
535 4835 905 4891 misericordia
952 4838 1091 4907 ejus,
1138 4847 1193 4892 et
1238 4840 1435 4896 veritas
1483 4840 1692 4897 Domini
1751 4852 1931 4898 manet
1978 4843 2034 4899 in

462 4944 482 4978 ί
532 4934 812 4984 aeternum.
858 4947 876 4979 ι

1031 5018 1476 5078 ENARRATIO.

529 5109 767 5165 Laudate
802 5109 1106 5177 Dominum,
1159 5128 1335 5168 omnes
1376 5122 1573 5183 gentes,
1621 5114 1835 5170 laudate
1886 5131 2026 5183 eum,

457 5214 632 5255 omnes
658 5199 857 5271 populi.
902 5199 1038 5267 Quia
1085 5210 1193 5255 tam
1229 5210 1418 5272 gentes
1441 5218 1601 5272 quam
1641 5202 1809 5259 Judaei
1837 5205 1909 5259 ad
1933 5205 2027 5260 do-

455 5304 604 5344 mum
649 5290 743 5345 Dei
771 5300 974 5347 vocata:
1016 5300 1164 5356 sunt,
1204 5291 1427 5347 audiant
1471 5292 1585 5348 haec
1619 5293 1781 5348 verba
1810 5294 1901 5364 qui
1932 5294 2027 5349 ﬁlii

456 5378 754 5438 Jerusalem
783 5396 903 5438 esse
923 5383 1232 5451 noluerunt,
1260 5400 1382 5441 cum
1418 5399 1476 5440 se
1505 5386 1575 5441 ab
1602 5386 1747 5441 omni
1784 5380 2027 5457 gentium

460 5472 835 5528 communione
878 5473 1240 5544 praaciderint.
1299 5493 1318 5526 ι
1350 5473 1588 5530 Laudate
1640 5490 1785 5543 eum,
1839 5492 2029 5533 omnes

458 5563 660 5632 populi,
697 5565 950 5633 quoniam
986 5586 1006 5619 ι
1055 5566 1108 5620 in
1149 5574 1333 5623 nostra
1382 5566 1720 5637 reparatione
1775 5587 1792 5617 ι
1833 5567 2030 5623 conﬁr-

461 5666 604 5711 mata
630 5665 710 5711 est
736 5672 897 5728 super
943 5674 1041 5715 nos
1073 5659 1438 5717 misericordia
1469 5658 1603 5729 ejus,
1639 5679 1656 5712 ι
1690 5658 1740 5714 id
1775 5666 1877 5727 est,
1907 5676 2029 5731 pro-

2062 4431 2119 4491 D

2151 3219 2174 3254 s
2216 3201 2418 3266 vivam,
2449 3209 2505 3256 et
2533 3199 2767 3255 narrabo
2793 3214 2957 3271 opera
2986 3199 3217 3255 Domini.
3247 3197 3530 3268 Castigans
3555 3194 3720 3251 casti-

2148 3309 2168 3343 ι
2212 3292 2358 3364 gavit
2401 3307 2485 3347 me
2537 3290 2834 3355 Dominus,
2881 3298 2939 3344 et
2982 3288 3140 3344 morti
3192 3304 3295 3343 non
3338 3285 3563 3341 tradidit
3606 3300 3713 3339 me.

2147 3400 2167 3434 ι
2213 3381 2433 3452 Aperite
2459 3381 2588 3435 mihi
2611 3389 2797 3450 portas
2817 3379 3062 3450 justitiae,
3087 3380 3361 3450 ingressus
3389 3374 3443 3431 in
3469 3391 3564 3432 eas
3591 3391 3719 3431 con-

2147 3489 2168 3525 ι
2212 3471 2407 3528 litebor
2439 3471 2703 3527 Domino:
2738 3472 2852 3527 haec
2898 3480 3051 3541 porta
3100 3470 3333 3536 Domini,
3372 3467 3500 3537 justi
3550 3467 3718 3522 intra-

2147 3580 2169 3614 ι
2213 3562 2347 3617 bunt
2392 3561 2447 3616 in
2498 3576 2639 3617 cam.
2700 3560 3008 3617 Conﬁtebor
3036 3560 3128 3614 tibi
3170 3559 3422 3629 quoniam
3448 3556 3720 3614 exaudisti

2147 3672 2169 3706 ι
2209 3669 2317 3721 me,
2350 3664 2405 3712 et
2434 3653 2609 3711 lactus
2632 3670 2693 3710 es
2719 3653 2850 3708 mihi
2877 3655 2929 3709 in
2959 3653 3207 3709 salutem.
3263 3651 3519 3722 Lapidem
3553 3665 3715 3720 quem

2148 3764 2168 3797 ι
2214 3746 2643 3816 reprobaverunt
2668 3744 3020 3810 aediﬁcantes,
3051 3743 3141 3799 hic
3165 3742 3336 3798 lactus
3362 3742 3522 3798 estin
3553 3749 3719 3810 caput

2146 3856 2165 3889 ι
2210 3835 2413 3908 anguli.
2472 3836 2517 3890 A
2550 3835 2778 3891 Domino
2816 3833 3017 3890 factum
3043 3843 3127 3890 est
3154 3834 3318 3900 istud,
3358 3840 3413 3888 et
3442 3842 3526 3888 est
3552 3831 3720 3886 mira-

2146 3948 2165 3982 ι
2209 3928 2314 3984 bile
2341 3928 2397 3983 in
2431 3928 2603 3984 oculis
2650 3927 2871 3984 nostris.
2926 3927 3052 3983 Haec
3094 3935 3178 3983 est
3201 3926 3344 3990 dies,
3398 3940 3562 3996 quam
3587 3923 3721 3979 fecit

2146 4038 2164 4073 ι
2211 4010 2490 4087 Dominus,
2531 4020 2886 4087 exsultemus,
2912 4029 2969 4076 et
2987 4019 3228 4074 laetemur
3249 4018 3303 4073 in
3331 4032 3415 4073 ea.
3457 4015 3502 4073 Ο
3526 4015 3715 4071 Domi-

2144 4127 2164 4160 ι
2209 4126 2277 4165 ηε
2299 4150 2313 4177 ,
2363 4110 2571 4165 salvum
2602 4125 2687 4166 me
2716 4108 2833 4176 fac,
2863 4124 2897 4164 o
2920 4109 3145 4165 Domine
3163 4149 3180 4174 ,
3207 4108 3345 4163 bene
3371 4119 3714 4177 prosperare,

2146 4218 2163 4251 ι
2209 4199 2526 4256 benedictus
2552 4200 2645 4270 qui
2682 4200 2830 4255 venit
2866 4199 2922 4253 in
2961 4200 3177 4255 nomine
3202 4197 3436 4253 Domini.
3482 4196 3716 4252 Benedi-

2146 4307 2166 4340 ι
2209 4290 2388 4345 ximus
2409 4290 2561 4345 vobis
2603 4292 2670 4345 de
2713 4290 2872 4345 domo
2912 4288 3156 4356 Domini,
3183 4289 3324 4344 Deus
3346 4287 3628 4354 Dominus,
3659 4295 3716 4342 et

2148 4400 2167 4434 ι
2217 4381 2393 4436 illuxit
2421 4381 2594 4437 nobis.
2635 4379 2955 4436 Constituite
3002 4379 3142 4435 diem
3174 4378 3470 4436 solemnem
3498 4378 3553 4432 iu
3582 4392 3714 4433 con-

2148 4492 2165 4524 σ
2211 4473 2392 4532 densis
2417 4488 2586 4543 usque
2612 4474 2678 4529 ad
2706 4488 2874 4529 cornu
2915 4471 3121 4528 altaris.
3174 4472 3314 4528 Deus
3353 4485 3506 4526 meus
3532 4484 3595 4526 es
3629 4479 3712 4536 tu,

2145 4586 2164 4619 ί
2212 4575 2268 4624 ει
2292 4564 2589 4622 conﬁtebor
2620 4565 2752 4620 tibi:
2785 4566 2927 4635 Deus
2955 4579 3108 4622 meus
3149 4579 3213 4620 es
3253 4572 3337 4629 tu,
3377 4572 3433 4619 et
3456 4562 3711 4618 exaltabo

2144 4675 2162 4708 ι
2213 4664 2285 4712 ιε.
2326 4654 2633 4711 Conﬁtebor
2662 4654 2757 4710 tibi
2803 4654 3058 4725 quoniam
3103 4652 3371 4709 exaudisti
3410 4667 3518 4716 me,
3548 4659 3607 4706 et
3632 4651 3712 4705 l'a—

2144 4765 2162 4800 ι
2205 4756 2325 4803 ctus
2354 4763 2414 4803 es
2437 4744 2568 4801 mihi
2597 4747 2650 4800 in
2673 4745 2921 4802 salutem.
2959 4743 3299 4801 Conﬁtemini
3326 4741 3555 4798 Domino
3576 4757 3712 4813 queo

2144 4855 2162 4889 ι
2208 4837 2353 4910 niam
2381 4836 2590 4902 bonus,
2643 4836 2907 4907 quoniam
2946 4835 3001 4890 in
3042 4834 3293 4892 smculum
3337 4832 3709 4890 misericordia

2147 4946 2161 4980 ι
2202 4926 2336 4998 ejus.
2363 4948 2382 4980 ι

2140 5092 2141 5095 γ
2689 5016 3134 5074 εΝΑιιιιΑτιο.

2208 5109 2467 5180 Superior
2509 5109 2751 5180 psalmus
2795 5109 2887 5179 qui
2918 5108 2972 5163 in
3019 5122 3078 5163 se
3102 5106 3324 5170 habuit,
3351 5106 3570 5176 adjiciat
3602 5105 3705 5160 Do-

2136 5203 2308 5257 minus
2337 5217 2493 5272 super
2511 5217 2601 5256 vos
2623 5198 2796 5269 (Psal.
2824 5198 2999 5268 exui),
3019 5196 3311 5253 insinuavit
3329 5196 3484 5252 nobis
3509 5195 3705 5267 quibus

2135 5279 2390 5349 associati
2418 5306 2602 5348 sumus
2643 5290 2696 5345 in
2737 5290 2907 5361 gratia
2937 5288 3078 5344 illius
3104 5288 3300 5359 quibus
3322 5295 3406 5343 est
3425 5327 3441 5352 ,
3470 5295 3527 5341 et
3552 5286 3703 5355 cujus

2131 5386 2184 5442 in
2215 5383 2467 5453 smculum
2492 5382 2859 5439 misericordia
2884 5389 2986 5436 est.
3022 5380 3279 5436 lsraelitis
3302 5380 3449 5434 enim
3472 5378 3526 5433 in
3548 5377 3700 5433 Chri-

2130 5488 2214 5535 sto
2237 5477 2581 5534 crcdcntibus
2612 5477 2697 5546 (ex
2722 5489 2909 5530 eorum
2937 5488 3160 5529 numero
3188 5479 3316 5527 sunt
3339 5469 3565 5541 apostoli
3603 5468 3697 5522 Pa-

2130 5577 2240 5625 tres
2270 5567 2485 5636 nostri),
2513 5566 2761 5622 associali
2793 5580 2978 5619 sumus
3005 5563 3057 5618 in
3086 5579 3193 5617 uno
3236 5561 3479 5632 augulari
3507 5559 3693 5628 lapide,

2132 5671 2187 5715 ut
2217 5660 2382 5716 simus
2417 5674 2554 5713 unus
2589 5673 2719 5728 grex
2768 5656 2868 5712 sub
2895 5670 3000 5709 uno
3033 5665 3246 5724 pastore
3283 5669 3403 5707 cum
3435 5651 3538 5706 illis
3566 5648 3693 5719 prio-
