3868 5530
43 389 136 444 729

1143 386 1669 443 ΕΝΛΒΒᾹῊΟΝΕὸ
1709 389 1773 443 IN
1810 389 1932 442 PSA
1945 389 2147 446 LMOS.

3178 388 3287 445 730

40 482 202 536 ribus.
239 477 477 544 Quorum
523 495 621 532 vos
673 479 848 534 estin
894 481 999 533 hoc
1043 480 1250 547 psalmo
1288 479 1356 533 ad
1386 478 1598 534 laudem
1627 488 1671 541 Α
1707 489 1861 544 runt;
1909 481 2052 548 quod
2097 487 2318 532 notatur
2363 478 2449 531 ubi
2503 457 2631 532 dicit
2679 499 2694 528 ι
2726 479 2850 548 quia
2898 477 3037 535 uitus
3075 497 3196 535 sum
3227 481 3280 535 iu

39 572 122 626 Dei
153 585 250 624 nos
278 569 657 624 instruentium
685 580 739 626 et
768 571 844 625 sic
873 570 1163 624 dicentium
1188 588 1199 622 :

103 678 121 711 ι
152 660 495 719 Conﬁtemini
543 661 770 716 Domino
798 647 1068 730 quoniam
1113 661 1309 726 bonus,
1342 662 1596 730 quoniam

33 753 80 807 in
121 752 377 807 naculum
427 752 796 808 misericordia
847 752 963 821 ejus
993 773 1011 805 ι
1046 762 1162 818 est,
1191 755 1448 808 subaudis
1478 771 1599 824 per-

31 841 304 894 duratura.
366 839 482 895 Non
534 843 706 911 potuit
746 842 863 896 laus
905 843 996 895 Dei
1057 843 1272 897 brevius
1316 844 1593 913 ρηιιὶεειιί,

29 947 185 1001 quam
226 941 283 986 ut
332 933 507 987 bonus
551 947 667 987 esse
709 934 1059 987 conﬁteretur
1092 950 1105 986 :
1138 933 1236 986 sibi
1286 934 1427 987 enim
1472 951 1596 1004 pro-

26 1025 196 1091 prium
246 1030 329 1076 est
374 1021 474 1075 soli
527 1023 669 1092 quod
720 1023 890 1077 bonus
938 1031 1039 1077 est.
1100 1022 1216 1092 lpse
1265 1023 1441 1088 enim,
1471 1038 1594 1077 eum

25 1112 250 1174 audiret,
281 1111 530 1182 Magister
552 1112 680 1166 bone
699 1151 715 1177 ,
743 1113 810 1167 ab
843 1128 909 1168 eo
935 1113 1140 1168 scilicet
1168 1115 1258 1182 qui
1287 1113 1593 1169 carnalibus

22 1199 186 1253 oculis
215 1199 430 1254 intuens
455 1241 468 1264 ,
521 1210 573 1254 el
605 1200 902 1254 divinitatis
933 1201 1318 1270 plenitudinem
1365 1219 1471 1256 non
1511 1203 1592 1256 in-

25 1288 284 1357 telligens,
318 1289 487 1342 solum
537 1289 808 1343 [nominent
857 1290 1256 1352 arbitrabatur,
1315 1291 1591 1360 respondit

20 1379 237 1433 dicens:
276 1397 292 1430 ι
323 1380 459 1446 Quid
508 1395 595 1434 me
645 1381 949 1450 interrogas
1003 1382 1066 1436 de
1096 1383 1279 1436 bono?
1312 1399 1470 1438 nemo
1497 1384 1590 1438 bo-

22 1488 108 1523 nus
136 1471 242 1523 nisi
270 1470 412 1525 solus
430 1471 795 1541 Deus(lllatth.
817 1488 928 1538 xxx,
947 1473 1113 1526 Marc.
1143 1491 1196 1537 χ,
1221 1474 1347 1528 Luc.
1376 1477 1582 1545 X\'||l).!

19 1560 174 1625 Quasi
204 1559 382 1614 dicat:
419 1559 476 1615 Si
520 1561 718 1615 bonum
767 1577 853 1615 me
895 1564 975 1617 vis
1024 1565 1311 1633 appellare,
1354 1567 1587 1636 iutellige

20 1663 93 1701 me
153 1647 323 1701 etiam
374 1649 562 1702 Deum.
614 1669 630 1699 ι
671 1647 1011 1704 Coulitcmiui
1065 1653 1292 1707 Domino
1332 1657 1584 1724 quoniam

18 1738 182 1790 bonus
205 1777 220 1800 ,
255 1739 509 1806 quoniam
544 1739 596 1792 in
629 1738 883 1792 saeculum
917 1740 1283 1794 misericordia
1313 1742 1447 1811 ejus.
1498 1744 1584 1798 Di-

1701 588 1832 626 eos:
1863 571 2271 625 Cireumdaules
2319 571 2791 626 circuuulederuut
2841 587 2959 636 me,
2992 592 3010 624 ι
3068 571 3120 626 id
3171 580 3278 635 est,

1702 662 1864 716 nimia
1898 663 2325 717 circumdalione
2361 661 2812 714 circumdederunt
2857 678 2958 727 me,
3001 672 3049 716 et
3093 664 3147 716 in
3179 661 3276 716 no-

1698 757 1834 808 mine
1862 755 2073 809 Domini
2116 754 2490 824 glorilicaudo,
2541 771 2560 804 ι
2591 754 2718 822 quia
2759 753 3045 808 ultus'sum
3075 755 3126 808 in
3159 770 3272 808 eos.

1696 846 2178 902 Circumdederuut
2227 861 2312 900 me
2374 845 2513 899 sicut
2559 859 2708 914 apes.
2751 864 2770 896 ι
2838 843 3141 898 Notandum
3190 855 3275 898 est

1696 936 1844 1006 quia,
1893 952 2015 990 cum
2062 952 2192 1006 apes
2235 936 2573 990 circumdant
2602 934 2815 1000 favum,
2862 934 3122 987 mellitqu
3149 948 3272 986 eum

1696 1027 1924 1082 reddunt
1949 1046 1962 1080 :
2005 1028 2084 1082 sic
2113 1037 2492 1097 persecutores
2521 1043 2616 1081 sua
2650 1027 3022 1096 persecutione
3053 1035 3273 1080 sanctos

1693 1117 2086 1170 circumdantes
2128 1117 2282 1184 quasi
2325 1115 2557 1170 mellitos
2601 1131 2695 1171 eos
2723 1115 2974 1180 reddunt,
3023 1114 3148 1182 quia
3177 1127 3271 1166 eos

1691 1208 1959 1262 dulciores
1995 1217 2052 1263 et
2102 1208 2535 1263 delectabiliores
2571 1210 2638 1262 ad
2670 1207 2987 1264 imitandum
3021 1206 3264 1261 faciunt:

1691 1295 1813 1362 quia
1846 1303 2047 1364 quanto
2072 1293 2191 1364 plus
2213 1295 2538 1348 tribulantur
2555 1295 2748 1358 sancti,
2767 1303 2914 1348 tanto
2937 1293 3054 1363 plus
3077 1309 3265 1348 eorum

1689 1385 2049 1438 constantiam
2082 1383 2171 1438 alii
2198 1385 2414 1438 student
2443 1384 2662 1437 imitari.
2696 1381 2764 1437 Et
2799 1393 3102 1437 exarserunt
3132 1384 3265 1436 sicut

1688 1474 1820 1540 ignis
1849 1476 1900 1527 in
1928 1475 2109 1543 spinis.
2151 1473 2291 1542 ignis
2332 1489 2452 1527 cum
2491 1489 2519 1527 a
2547 1473 2853 1544 pastoribus
2882 1474 2933 1526 in
2973 1472 3142 1543 spinis
3171 1487 3266 1542 po-

1688 1563 1856 1625 nitur,
1888 1579 1992 1616 non
2024 1573 2276 1617 truncum
2305 1563 2449 1617 liedit
2469 1604 2483 1628 ,
2531 1565 2622 1618 sed
2663 1563 2803 1632 quod
2830 1563 3033 1617 siccum
3065 1561 3265 1631 reperit

1684 1654 1962 1707 adluct‘eus
1995 1663 2182 1707 trunco
2227 1655 2534 1717 comburit;
2587 1655 2666 1708 sic
2694 1662 3093 1724 persecutores,
3139 1667 3264 1706 cum

1688 1740 1983 1794 adhibeant
2012 1750 2305 1804 tormenta,
2352 1758 2456 1794 uou
2493 1741 2689 1796 lmdunt
2726 1741 2994 1805 animam,
3025 1742 3116 1796 sed
3143 1756 3264 1794 cor-

13 1834 93 1878 cat
136 1841 304 1892 nunc,
335 1846 352 1877 ι
401 1827 452 1880 id
499 1837 601 1891 cst,
651 1828 871 1882 iudilate
915 1829 1099 1882 domus
1141 1829 1329 1896 Israel,
1383 1832 1434 1885 id
1477 1842 1580 1899 est,
1617 1825 1658 1882 Β
1689 1845 1786 1898 pus
1807 1829 1948 1897 quod
1975 1839 2056 1883 est
2087 1829 2241 1897 quasi
2267 1829 2636 1884 itulumcuttun
2668 1830 2880 1884 anima).
2906 1828 3059 1883 Unde.
3089 1827 3216 1883 illud
3243 1846 3258 1882 :

15 1917 249 1970 minores
300 1919 348 1971 in
399 1915 636 1972 Ecclesia
681 1919 1035 1973 exhortentur
1083 1919 1253 1986 alios,
1296 1920 1581 1976 dicentes:

16 2031 32 2057 ι
59 2007 405 2062 Coitlitemiui
436 2009 666 2063 Domino
705 2008 958 2077 quoniam
1007 2009 1202 2074 bonus,
1247 2011 1498 2079 quoniam
1528 2011 1582 2066 in

12 2097 265 2150 streulum
295 2097 664 2152 misericordia
708 2097 861 2167 ejus:
893 2096 1040 2151 dicat
1067 2113 1208 2152 nunc
1248 2099 1437 2153 domus
1476 2100 1582 2154 Aa-

13 2204 122 2252 ron,
159 2207 181 2239 ›
237 2187 290 2242 id
318 2197 423 2254 est,
472 2188 704 2260 majores
750 2187 912 2243 etiam
942 2189 1157 2242 dicant:
1194 2208 1211 2240 ι
1243 2188 1582 2244 Conlitemini

12 2278 238 2332 Domino
279 2278 530 2349 quoniam
579 2279 749 2334 bonus
770 2319 786 2344 ,
820 2280 1074 2349 quoniam
1114 2279 1167 2333 in
1195 2279 1446 2335 saculum
1477 2281 1580 2335 mi-

9 2370 299 2425 sericordia
326 2369 459 2437 ejus.
493 2389 511 2422 ι
549 2369 736 2424 Dicant
765 2372 927 2425 etiam
960 2372 1203 2426 conversi
1239 2388 1342 2426 non
1371 2381 1580 2428 tantum

9 2477 69 2516 ex
96 2461 318 2526 Judaeis,
344 2461 436 2517 sed
461 2462 622 2516 etiam
653 2482 671 2512 ‹
700 2478 889 2518 omnes
911 2462 1000 2533 qui
1035 2463 1226 2518 timent
1245 2462 1528 2519 Dominum
1563 2479 1577 2519 :

10 2552 349 2606 Conﬁtemini
396 2551 624 2607 Domino
648 2597 663 2621 ,
713 2554 968 2623 quoniam
1017 2553 1210 2618 bonus,
1241 2555 1493 2623 quoniam
1525 2555 1579 2610 in

11 2641 263 2694 saxulum
291 2641 658 2696 misericordia
683 2642 818 2712 ejus.
846 2661 864 2693 ι
911 2641 974 2695 Ει
1009 2643 1201 2696 merito
1235 2642 1284 2696 ei
1315 2642 1578 2697 conﬁten-

6 2733 125 2784 dum
157 2739 280 2798 est,
324 2732 448 2800 quia
493 2746 592 2802 ego
635 2733 697 2786 de
727 2733 1082 2798 tribulatione,
1126 2733 1178 2787 id
1215 2742 1321 2798 est,
1361 2744 1581 2804 propter

9 2821 408 2876 tribulationem
443 2821 788 2876 mortalitatis
807 2830 860 2876 et
882 2821 1250 2891 passibilitatis
1275 2822 1576 2887 delendam,

8 2934 24 2963 ι
53 2913 301 2968 invocavi
325 2913 610 2968 Domimuu
642 2954 656 2977 ,
703 2922 758 2968 et
787 2914 1063 2968 exaudivit
1093 2927 1178 2968 me
1209 2914 1262 2968 in
1297 2913 1578 2970 latitudine

2 3003 284 3066 Dominus,
314 3021 331 3053 ι
387 3003 438 3056 in
468 3003 750 3057 latitudine
793 3003 1044 3058 videlicet
1073 3003 1406 3070 dilectionis,
1435 3016 1494 3059 ut
1524 3006 1578 3058 iu

4 3097 275 3168 charitate
296 3095 360 3148 ad
386 3111 576 3150 omnes
606 3111 699 3149 cor
725 3105 967 3150 nostrum
994 3097 1391 3151 extenderetur.
1418 3097 1575 3150 Arcta

1691 1937 1708 1968 ι
1739 1917 1914 1972 Nolite
1960 1918 2151 1972 timere
2198 1933 2290 1972 eos
2339 1919 2427 1988 qui
2477 1920 2728 1974 occidunt
2764 1935 2977 1989 corpus,
3019 1920 3256 1974 animam

1682 2021 1858 2065 autem
1885 2026 1986 2064 non
2023 2021 2244 2081 possunt
2267 2012 2513 2066 occidere
2545 2011 2757 2082 (.lIattlt.
2785 2011 2861 2079 ιι).
2897 2031 2913 2060 ι
2949 2030 2966 2058 ι
2998 2010 3061 2063 Et
3085 2010 3138 2062 in
3166 2024 3260 2062 no-

1684 2101 1825 2156 mine
1876 2101 2124 2164 Domini,
2175 2101 2300 2169 quia
2333 2102 2476 2156 ultus
2527 2118 2647 2155 sum
2697 2100 2749 2154 in
2807 2115 2920 2155 eos.
2955 2119 2972 2151 ι
3021 2098 3254 2155 Velsic:

1685 2192 2150 2247 Circumdederunt
2200 2209 2280 2246 me
2332 2193 2465 2246 sicut
2508 2210 2650 2262 apes.
2709 2193 2873 2262 Apes,
2897 2208 3018 2246 cum
3063 2192 3260 2246 lteduut

1686 2285 1842 2348 alios,
1883 2284 2050 2337 vitam
2096 2285 2147 2337 in
2193 2284 2413 2338 vulnere
2463 2293 2713 2354 ponunt:
2763 2284 2841 2338 sic
2885 2290 3258 2353 persecutores

1683 2391 1803 2428 cum
1837 2383 2032 2445 putant
2078 2373 2214 2428 alios
2261 2374 2452 2428 laedere
2484 2374 2690 2443 seipsos
2730 2372 3060 2428 interﬁciunt
3086 2380 3260 2425 morte

1682 2462 1968 2526 interiori,
2012 2463 2137 2531 quia
2181 2477 2339 2518 nemo
2387 2461 2538 2531 prius
2585 2461 2638 2515 in
2667 2477 2726 2517 se
2751 2477 2910 2530 quam
2949 2461 3002 2514 in
3031 2461 3258 2515 alterum

1680 2560 1907 2623 peccat;
1955 2570 1972 2602 ι
2007 2551 2311 2620 impulsus,
2360 2564 2584 2608 eversus
2627 2565 2745 2606 sum
2778 2559 2835 2605 ut
2878 2551 3158 2615 caderem,
3205 2557 3261 2603 et

1681 2644 1940 2698 Dominus
1966 2643 2203 2712 suscepit
2229 2657 2336 2705 me,
2366 2662 2385 2694 ι
2441 2643 2492 2696 id
2534 2650 2640 2708 est,
2683 2642 2939 2697 susdnuit
2964 2656 3049 2694 me
3078 2655 3148 2693 ne
3173 2654 3260 2694 ca-

1680 2737 1888 2800 derem;
1915 2736 2067 2805 juxta
2111 2734 2273 2788 illud:
2307 2754 2325 2786 ι
2353 2733 2537 2789 Justus
2563 2735 2761 2802 septies
2803 2735 2854 2787 in
2883 2733 2968 2786 die
2995 2731 3174 2795 cadit,
3203 2739 3260 2784 et

1680 2830 1912 2899 resurgit
1957 2825 2142 2898 (Prov.
2175 2827 2344 2897 xxxv).
2386 2845 2402 2877 ι
2448 2826 2513 2880 Ει
2558 2825 2685 2894 quia
2732 2841 2762 2878 a
2809 2823 3055 2888 Domino,
3091 2836 3194 2875 non
3225 2831 3257 2873 a

1681 2921 1884 2991 Ineipso
1922 2919 2293 2973 substentatus
2341 2931 2479 2980 sum,
2523 2915 2595 2970 sit
2633 2914 2886 2984 fortitudo
2932 2930 3044 2966 mea
3080 2911 3258 2964 Domi-

1681 3028 1796 3064 nus.
1865 3009 2014 3065 Unde
2054 3007 2252 3062 Paulus
2278 3025 2289 3060 :
2331 3025 2349 3058 ι
2379 3005 2569 3060 Omnia
2589 3045 2602 3069 ,
2634 3005 2826 3074 inquit,
2856 3019 3071 3073 possunt
3098 3002 3150 3055 in
3182 3015 3248 3054 eo

1686 3101 1774 3170 qui
1809 3116 1892 3154 me
1916 3097 2204 3160 confortat,
2240 3106 2289 3152 et
2321 3097 2440 3151 laus
2470 3111 2587 3175 mea
2617 3095 2874 3150 Dominus
2899 3092 3065 3165 (Phil.
3104 3091 3199 3162 tv),
3233 3109 3250 3141 ι

0 3187 145 3239 enim
170 3187 258 3238 via
284 3195 356 3239 est
394 3202 509 3256 qua:
540 3186 682 3238 ducit
714 3187 782 3238 ad
817 3188 972 3240 vitam
994 3185 1208 3256 (Matth.
1237 3186 1356 3256 vn),
1384 3193 1438 3239 et
1469 3200 1573 3239 nou
1604 3179 1647 3240 C
1681 3192 1732 3245 id
1771 3201 1876 3255 est,
1909 3192 2020 3260 ipse
2045 3190 2302 3244 Dominus
2326 3189 2395 3242 sit
2427 3187 2738 3249 laudandus,
2779 3200 2884 3239 non
2913 3199 3031 3254 ego.
3061 3193 3107 3236 et
3143 3182 3255 3236 hoc

0 3278 241 3330 curritur
276 3286 452 3331 tamen
498 3277 562 3331 ad
608 3275 749 3330 illam
791 3277 891 3330 nisi
921 3275 1141 3330 dilatato
1165 3275 1346 3330 corde.
1385 3274 1575 3333 Merito

0 3369 289 3424 Dmn'uutm
320 3367 563 3424 invocavi
590 3408 604 3435 ,
633 3367 756 3441 quia
782 3365 1037 3424 Dominus
1065 3365 1193 3422 mihi
1237 3367 1450 3437 udjutor
1475 3377 1575 3434 est,

0 3473 52 3514 et
77 3463 202 3515 ideo
233 3479 338 3515 non
384 3462 572 3515 timebo
621 3459 745 3531 quid
777 3460 936 3528 facim
978 3459 1104 3513 mihi
1137 3458 1310 3512 homo.
1363 3457 1430 3511 Et
1449 3458 1574 3526 quia

0 3550 244 3606 Ecclesia
300 3566 404 3604 non
454 3549 627 3603 solum
664 3549 907 3604 homines
948 3547 1111 3602 babet
1153 3545 1431 3608 inimicos,
1483 3546 1578 3599 sed

0 3643 165 3696 etiam
197 3641 421 3711 angelos
453 3639 623 3695 malos
655 3655 686 3693 a
717 3639 910 3708 quibus
935 3651 1152 3695 necesse
1182 3646 1265 3691 est
1295 3645 1352 3690 ut
1386 3636 1580 3703 libere-

0 3745 108 3796 tur,
149 3730 428 3800 suhjungit
465 3731 684 3784 adhuc:
721 3748 738 3779 ι
769 3729 1025 3784 Dominus
1066 3727 1196 3781 mihi
1239 3727 1479 3799 adjutor,
1526 3734 1580 3778 et

0 3842 96 3896 :go
148 3825 445 3894 despiciam
493 3823 738 3878 inimicos
768 3837 936 3887 meos,
970 3842 988 3874 ι
1043 3821 1190 3892 quia,
1240 3835 1305 3875 ex
1341 3818 1581 3889 quolibet

0 3931 204 3987 genere
252 3914 452 3970 inimici
481 3923 736 3986 surgant,
786 3913 899 3969 sive
948 3927 1014 3968 ex
1057 3927 1282 3967 numero
1318 3909 1578 3964 malorum

0 4010 339 4079 angelorum,
369 4007 482 4062 sive
513 4023 579 4062 ex
610 4020 836 4078 numero
865 4005 1129 4059 malorum
1175 4003 1450 4058 hominum
1472 4041 1487 4065 ,
1522 4001 1576 4054 iu

0 4099 90 4154 Dei
120 4097 394 4168 adjutorio
423 4096 806 4166 despicientur.
866 4095 1143 4164 Despectis
1167 4109 1295 4164 ergo
1322 4092 1578 4158 inimicis,

5 4206 105 4244 ton
141 4189 286 4243 ultra
314 4203 373 4244 se
397 4187 592 4242 oﬂ'erat
619 4185 750 4239 mihi
785 4185 943 4239 homo
972 4194 1029 4238 ut
1055 4171 1108 4238 in
1143 4198 1201 4239 se
1221 4182 1408 4252 jubeat
1429 4195 1580 4252 spem

0 4278 283 4342 :ollocari,
307 4277 430 4347 quia
463 4276 654 4330 bonum
675 4284 748 4329 est
771 4273 1026 4342 conﬁdere
1044 4274 1098 4327 in
1119 4272 1360 4326 Domino.
1379 4271 1445 4325 Et
1474 4286 1580 4326 non

0 4366 325 4437 .implieiter
350 4367 566 4431 bonum,
617 4365 711 4419 sed
754 4361 948 4420 melius
993 4380 1011 4413 ι
1041 4377 1203 4431 quam
1230 4360 1499 4414 confidere
1525 4359 1579 4413 in

0 4459 246 4513 nurnine.
288 4455 492 4510 Bonum
519 4462 602 4510 est
631 4468 849 4523 sperare
877 4452 930 4506 in
959 4449 1210 4514 Domino,
1235 4467 1253 4501 ι
1306 4457 1362 4503 et
1390 4447 1581 4503 melius

1683 3285 1820 3352 ideo,
1855 3283 1978 3356 quia
2011 3281 2180 3354 fumus
2209 3291 2282 3338 est
2301 3281 2434 3337 mihi
2454 3279 2506 3336 in
2528 3279 2769 3338 salutem,
2793 3293 2899 3332 non
2923 3279 3092 3349 factus
3113 3275 3256 3344 quod

1682 3377 1829 3447 prius
1857 3391 1960 3430 non
1991 3389 2160 3428 eram.
2222 3372 2287 3426 Et
2316 3372 2436 3426 ideo
2467 3372 2537 3425 sit
2560 3369 2812 3439 fortitudo
2835 3385 2948 3422 mea
2973 3365 3254 3429 Dominus,

1680 3475 1734 3520 et
1770 3480 1872 3518 non
1901 3478 1999 3533 ego
2027 3461 2140 3531 ipse
2163 3502 2178 3525 ,
2229 3461 2354 3530 quia
2384 3459 2475 3528 qui
2511 3459 2563 3513 in
2606 3473 2702 3512 sua
2746 3456 3058 3511 fortitudine
3087 3453 3257 3508 conti-

1680 3559 1809 3613 dunt
1832 3557 2032 3613 cadunt
2066 3572 2186 3611 cum
2213 3553 2578 3624 impelluntur.
2637 3551 2822 3606 Nullus
2849 3559 3026 3604 autem
3059 3549 3111 3603 in
3138 3563 3252 3612 cer-

1683 3647 1882 3702 tamine
1909 3646 2053 3701 cadit
2080 3687 2094 3712 ,
2125 3645 2227 3700 nisi
2277 3644 2432 3716 cujus
2460 3644 2716 3698 fortitudo
2741 3651 2794 3696 et
2824 3640 3059 3695 laudatio
3088 3639 3252 3694 cadit.

1681 3739 1764 3792 Sit
1811 3753 1938 3807 ergo
1987 3735 2240 3790 Dominus
2275 3735 2529 3804 fortitudo
2577 3743 2633 3788 et
2676 3732 2910 3786 laudatio
2957 3738 3165 3795 nostra,
3195 3737 3254 3782 ut

1681 3841 1803 3881 eum
1853 3840 1917 3878 eo
1943 3833 2146 3878 stemus
2191 3823 2282 3892 qui
2314 3836 2587 3890 nunquam
2637 3819 2781 3873 cadit
2827 3836 2838 3872 :
2883 3826 2931 3871 et
2975 3817 3145 3886 factus
3176 3825 3250 3868 est

1681 3915 1807 3968 mihi
1840 3915 1893 3967 in
1921 3912 2163 3966 salutem.
2229 3911 2380 3966 Unde
2407 3911 2478 3964 sit
2515 3927 2533 3961 ‹
2557 3925 2661 3963 vox
2691 3905 3064 3963 cxsultatiouis
3091 3914 3142 3960 et
3171 3919 3256 3959 sa-

1681 4005 1806 4058 lutis
1836 4004 1888 4056 in
1921 4001 2283 4057 tabernaculis
2327 4000 2619 4071 justorum,
2651 4019 2669 4050 ι
2707 3998 2759 4052 id
2798 4005 2899 4061 est,
2933 3996 2986 4050 in
3016 3994 3254 4049 ﬁdelium

1681 4093 1934 4148 cordibus
1962 4134 1976 4158 ,
2008 4092 2098 4146 ubi
2129 4097 2318 4160 putant
2357 4099 2731 4159 persecutores
2756 4101 2873 4142 esse
2912 4101 3096 4141 vocem
3121 4099 3254 4139 mte—

1682 4188 1822 4239 roris
1868 4194 1924 4238 et
1973 4183 2228 4246 tristitiar,
2277 4182 2348 4235 sit
2394 4197 2490 4235 νοτ
2530 4178 2894 4234 exsultationis
2951 4187 3004 4231 et
3032 4175 3250 4230 ltetitiai.

1687 4273 1834 4329 Unde
1859 4272 2092 4326 Paulus:
2127 4291 2144 4322 ι
2176 4270 2290 4325 Non
2339 4269 2530 4333 solum,
2582 4269 2678 4332 ait,
2730 4267 3023 4337 gloriamur
3057 4265 3108 4319 in
3137 4279 3251 4333 spe,

1683 4361 1774 4417 sed
1811 4362 1972 4418 etiam
2014 4361 2314 4433 gloriamur
2353 4359 2404 4412 in
2453 4357 2891 4412 tribulationibus
2920 4353 3088 4424 (Rom.
3121 4355 3194 4422 ν),
3229 4371 3246 4402 ι

1684 4459 1738 4505 et
1758 4453 1879 4506 haec
1902 4451 2082 4506 omnia
2111 4465 2175 4504 ex
2203 4449 2312 4503 Deo
2343 4455 2502 4510 sunt,
2535 4445 2660 4514 quia
2697 4446 2908 4497 dextera
2944 4441 3154 4494 Domini
3176 4439 3253 4507 fe-

0 4563 69 4606 rst
100 4567 273 4621 quam
293 4565 500 4618 sperare
541 4549 594 4601 in
637 4521 979 4617 principibus,
1032 4544 1084 4598 id
1111 4551 1221 4608 est,
1263 4541 1320 4595 in
1347 4539 1572 4610 angelis,
1609 4521 1658 4578 θ
1683 4542 1748 4594 rit
1775 4541 2035 4602 virtutem,
2070 4540 2208 4593 hanc
2262 4556 2280 4588 ι
2310 4537 2564 4591 virtutem
2587 4573 2601 4598 ,
2635 4535 2853 4587 dextera
2880 4529 3090 4586 Domini
3113 4527 3253 4594 exal-

0 4645 124 4713 piia
177 4641 281 4695 etsi
323 4639 514 4708 juvant
560 4639 720 4693 homo
749 4645 804 4692 et
845 4634 1097 4706 angelus,
1145 4633 1232 4690 ille
1274 4626 1450 4687 tamen
1482 4646 1578 4699 per

0 4747 84 4786 ros
123 4731 248 4783 [nec
274 4737 526 4798 operatur
546 4726 636 4796 qui
667 4741 762 4797 pro
781 4724 938 4779 modo
967 4739 1153 4778 eorum
1181 4732 1234 4778 et
1265 4738 1362 4792 pro
1392 4728 1576 4776 nostra

0 4819 331 4875 necessitate
380 4833 475 4872 eos
525 4816 653 4871 facit
694 4816 883 4871 bonos.
923 4813 1126 4867 Bonum
1157 4823 1230 4866 est
1281 4829 1490 4882 sperare
1527 4813 1580 4864 in

0 4909 237 4965 )ominu
257 4923 411 4977 quam
433 4922 640 4976 sperare
666 4906 720 4958 in
750 4903 1087 4975 principibus,
1126 4910 1183 4956 et
1225 4901 1346 4954 inde
1392 4917 1583 4970 exper—

0 5024 35 5059 o
70 5001 226 5058 mihi
270 4999 592 5056 credendum
619 5003 723 5060 est,
756 4994 878 5064 quia
909 5009 1084 5047 omnes
1114 5001 1285 5062 gentes
1314 4991 1584 5045 circumie-

2 5104 122 5150 ωτι
155 5108 263 5156 me,
301 5100 347 5144 et
389 5091 491 5146 hoc
518 5087 718 5142 laetum
747 5093 831 5139 est
867 5085 921 5137 in
954 5084 1160 5138 nomine
1187 5082 1417 5148 Domini,
1450 5084 1581 5140 sub-

7 5187 168 5242 udis
211 5182 576 5254 gloriﬁcantia,
620 5177 744 5248 quia
785 5176 923 5229 ultus
951 5191 1067 5229 sum
1097 5175 1150 5227 in
1173 5190 1258 5229 eos
1279 5215 1293 5241 ,
1321 5177 1580 5244 quosdam

3 5293 46 5331 ι
95 5273 218 5328 illis
261 5271 390 5328 mihi
431 5265 896 5338 concorporando.
958 5265 1056 5319 Hie
1089 5273 1343 5320 notantur
1369 5265 1585 5323 labores

0 5379 151 5436 mos
176 5364 313 5433 passi
344 5373 470 5419 sunt
511 5365 698 5432 patres
727 5353 895 5408 nostri
924 5353 976 5406 in
1015 5352 1285 5422 primitiva
1318 5354 1581 5420 Ecclesia,

3 5472 133 5507 ..π’
163 5457 282 5500 dio“
309 5475 320 5511 ε
348 5456 538 5500 ηηιηος
561 5455 739 5496 nonin:
763 5445 1124 5484 rirrunn’orunl
1151 5460 1229 5478 mn
1279 5447 1399 5490 ηηῖςδ
1419 5487 1427 5489 Δ
1459 5464 1583 5492 ρηηι

1683 4628 1816 4683 tavit
1842 4643 1947 4682 me.
1978 4647 1998 4680 ι
2042 4627 2108 4680 Ει
2157 4643 2223 4681 ne
2259 4624 2480 4680 exaltati
2509 4624 2573 4679 de
2601 4623 2754 4678 nobis
2787 4632 3252 4692 przesunierentus,

1681 4716 1955 4788 subjungit
1980 4734 1993 4770 :
2023 4717 2232 4769 dextera
2259 4714 2467 4769 Dontini
2491 4714 2608 4782 fecit
2634 4713 2890 4766 uirtutem.

1755 4811 1884 4878 Qua:
1909 4810 2079 4880 major
2102 4808 2272 4861 virtus
2287 4822 2446 4876 quam
2459 4804 2699 4861 exaltare
2719 4802 2996 4866 humilem,
3019 4797 3257 4853 vivifica-

1687 4916 1745 4956 re
1769 4899 2068 4963 mortalem,
2086 4897 2323 4967 prtebere
2339 4897 2402 4952 de
2421 4893 2734 4951 inﬁrmitate
2764 4891 3170 4964 perfectionem,
3188 4886 3255 4939 de

1684 4991 2017 5060 subjectione
2040 4987 2283 5060 gloriam,
2305 4987 2372 5042 de
2389 4983 2634 5056 passione
2646 4985 2952 5047 victoriam,
2967 4982 3093 5037 dare
3107 4975 3258 5030 ausi—

1685 5083 1814 5136 lium
1833 5082 1900 5136 de
1924 5077 2268 5136 tribulatione
2286 5085 2345 5128 ut
2360 5072 2573 5130 alliictis
2599 5087 2727 5127 vera
2743 5073 2889 5127 salus
2907 5071 3000 5125 Dei
3016 5074 3260 5138 patesce-

1687 5179 1834 5227 retet
1847 5168 2202 5241 aﬂligeutibus
2216 5181 2356 5220 vana
2373 5166 2519 5222 salus
2533 5163 2764 5218 hominis
2784 5164 3103 5218 remaneret.
3123 5151 3260 5241 Dea:-

1684 5275 1793 5317 tera
1813 5240 2022 5318 Domini
2045 5257 2286 5314 exultavit
2309 5275 2411 5324 me,
2436 5263 2492 5310 et
2514 5253 2633 5307 ideo
2657 5269 2759 5307 non
2777 5250 3156 5309 mariarmorte
3176 5240 3261 5293 iu-

1689 5353 1822 5408 lerio
1830 5355 1906 5409 ris
1920 5350 2151 5409 hominis
2162 5345 2553 5405 consentieudo
2569 5343 2820 5398 videlicet
2833 5330 3264 5413 persecutoribus

1690 5442 1819 5482 ιιιιιῖε
1877 5445 1963 5482 (at!
1993 5444 2154 5482 etiamm
2201 5440 2252 5474 in
2283 5438 2516 5476 “nminn
2584 5448 2616 5454 ’λ
