4034 6424
622 303 721 359 731

1231 302 1489 358 ΙιΕΜισιι
1526 297 2178 354 ANTIS‘SIODORENSIS

2313 295 2366 349 Ρ.
2409 291 2588 348 PARS
2626 292 2665 346 I.
2707 323 2773 332 -—
2811 291 3218 347 EXECETECA.

3766 291 3872 344 732

625 426 820 470 tescam
844 413 964 472 aliis
991 428 1085 470 sua
1121 427 1307 484 Opera,
1347 422 1404 468 et
1438 411 1651 473 merito,
1690 409 1815 480 quia
1867 427 1885 459 ι
1921 407 2191 476 castigans
2222 410 2266 466 Α
2298 419 2396 457 vox
2455 402 2666 455 illorum
2716 401 2782 455 de
2830 399 3095 469 primitiva
3143 399 3380 455 Ecclesia
3434 399 3870 456 benedicentium

575 504 580 510 ’
622 503 901 575 castigavit
930 517 1014 558 me
1043 503 1301 558 Dominus
1332 522 1349 553 ι
1386 502 1693 556 renovando
1713 512 1798 554 me
1825 498 2016 569 spiritu
2052 497 2190 551 inte-

625 595 758 658 rius,
811 593 935 649 licet
980 593 1214 649 exterior
1263 593 1424 647 homo
1467 598 1863 658 corrumpatur.
1909 586 2023 640 Non
2065 601 2194 656 ergo

625 684 917 753 quidquam
961 681 1165 737 viribus
1206 682 1319 736 suis
1348 682 1562 736 licuisse
1611 678 1903 733 arbitretur
1945 675 2194 730 fremitus

579 798 584 802 -
627 772 911 840 impiorum
949 772 1000 825 in
1021 772 1394 841 persecutione
1420 769 1675 833 ﬁdelium,
1709 767 1833 837 quia
1868 757 2195 838 paterfami-

627 861 728 914 lias
747 874 886 930 saepe
918 874 1012 930 per
1049 859 1406 928 nequissimos
1431 871 1616 912 servos
1643 854 1864 924 corrigit
1895 853 2050 918 ﬁlios,
2075 866 2196 908 cum

626 951 797 1005 servis
825 960 1000 1005 tamen
1031 949 1316 1020 compedes
1360 955 1534 1018 paret,
1567 955 1623 1002 et
1657 945 1780 1000 ﬁliis
1828 942 2198 999 hmreditatem

628 1047 823 1093 servet.
858 1056 876 1090 ι
911 1038 1194 1109 Castigans
1219 1037 1500 1107 castigavit
1529 1051 1616 1092 me
1643 1035 1919 1098 Dominus,
1955 1042 2009 1086 et
2040 1031 2197 1085 morti

628 1143 733 1181 non
766 1126 983 1181 tradidit
1011 1141 1114 1181 me.
1153 1145 1173 1179 ι
1219 1125 1283 1182 Et
1303 1127 1429 1196 quia
1452 1125 1505 1179 in
1537 1125 1638 1178 hac
1665 1122 2016 1194 castigatione
2043 1119 2200 1173 morti

598 1205 603 1210 ’
629 1234 733 1274 non
762 1217 967 1283 tradar,
997 1231 1095 1272 vos
1134 1225 1510 1289 persecutores
1538 1215 1666 1278 mei,
1691 1213 1883 1284 aperite
1913 1210 2037 1268 mihi
2083 1224 2202 1280 pcr-

629 1307 903 1365 secutione
931 1313 1112 1360 vestra
1145 1316 1322 1376 portas
1355 1304 1602 1374 justitiw,
1641 1311 1694 1356 et
1726 1301 1987 1371 ingressus
2023 1300 2076 1352 in
2114 1315 2203 1353 eos

629 1400 912 1468 conﬁtebor
938 1399 1186 1464 Domino,
1233 1398 1284 1452 id
1314 1405 1415 1462 est,
1440 1397 1708 1465 gloriabor
1739 1394 1791 1448 in
1822 1393 2068 1456 Domino,
2099 1406 2202 1445 non

632 1491 684 1545 in
715 1489 937 1559 meipso.
973 1488 1131 1542 Porta
1161 1487 1404 1558 justitire,
1455 1494 1514 1541 ut
1565 1485 1744 1556 justus
1808 1499 1871 1538 ex
1931 1482 2035 1536 ﬁde
2064 1483 2207 1536 vivat

604 1579 810 1650 '(Rom.
849 1581 888 1650 ι)
925 1588 980 1635 et
1004 1580 1270 1650 patienter
1299 1579 1350 1632 in
1381 1594 1476 1649 spe
1522 1585 1796 1647 exspectet
1824 1575 2205 1644 promissiones

633 1686 752 1740 qua:
783 1679 1069 1724 reservata:
1100 1679 1226 1724 sunt
1255 1670 1302 1723 ei
1331 1669 1382 1722 in
1410 1668 1670 1722 futurum.
1714 1665 1841 1723 HERC
1869 1681 1994 1735 spes
2035 1665 2206 1735 magis

2294 495 2618 565 posteriores
2637 502 2690 548 et
2711 492 2788 547 sic
2814 491 3100 546 dicentium
3133 510 3146 545 :
3173 491 3477 546 Benedictus
3498 493 3588 562 qui
3610 500 3877 546 venturus

2296 600 2356 641 cs
2384 587 2438 638 in
2467 583 2670 638 nomine
2695 577 2922 635 Domini.
2950 580 3018 635 Et
3047 596 3145 636 nos
3170 582 3234 634 de
3269 583 3423 636 do‘mo
3449 581 3664 636 Domini
3696 592 3872 640 entes,

2298 677 2348 730 id
2392 683 2494 740 est,
2523 675 2690 729 Deum
2721 682 2899 726 mente
2933 671 3274 746 attingentcs,
3315 672 3660 726 benedicimus
3708 672 3878 734 vobis,

2298 766 2350 820 id
2410 771 2510 826 est,
2568 761 2970 827 annuntiamus,
3016 761 3140 830 quia
3188 761 3447 815 Dominus
3490 761 3749 816 Christus
3794 769 3882 814 est

2299 855 2437 909 Deus
2461 855 2570 909 Deo
2597 852 2744 907 Patri
2791 851 3012 921 aequalis
3041 870 3054 906 :
3098 862 3145 905 et
3169 851 3283 921 ipse
3306 851 3481 905 illuxit
3514 852 3687 914 nobis,
3716 860 3776 904 ut
3802 851 3883 904 in-

2301 946 2658 1016 telligeremus
2689 944 2830 1015 quod
2857 944 3128 998 credimus
3157 951 3210 997 et
3249 942 3402 998 vobis
3441 943 3684 997 nondum
3723 941 3883 997 intel-

2301 1036 2608 1106 ligentibus,
2631 1034 2725 1090 sed
2762 1033 3128 1095 credentibus,
3173 1032 3565 1087 nuntiaremus.
3602 1030 3678 1086 Ut
3703 1040 3884 1085 autem

2300 1135 2355 1182 et
2384 1141 2478 1182 vos
2529 1123 2861 1195 intelligatis,
2920 1141 2938 1174 ι
2968 1122 3281 1177 constituite
3317 1123 3458 1177 diem
3503 1122 3828 1182 solemnem,
3861 1140 3878 1171 ι

2301 1223 2616 1287 separantes
2657 1227 2752 1268 vos
2797 1227 2828 1266 a
2865 1211 3172 1268 carnalibus
3207 1211 3508 1278 desideriis,
3549 1220 3610 1267 et
3654 1226 3689 1264 a
3746 1225 3888 1264 mor.

2304 1309 2410 1362 tuis
2446 1305 2739 1376 operibus,
2789 1311 2848 1358 ut
2902 1302 3099 1358 divina:
3146 1301 3589 1372 contemplationi
3625 1300 3888 1365 satagatis

2305 1397 2354 1467 (1
2377 1395 2519 1451 Petr.
2545 1395 2627 1466 ιι).
2656 1393 2723 1452 Ει
2752 1393 2855 1448 hoc
2881 1407 2986 1447 non
3004 1392 3256 1468 segniter
3281 1392 3438 1462 agite,
3457 1390 3552 1445 sed
3577 1390 3635 1443 in
3656 1390 3888 1443 conden-

2305 1488 2392 1552 sis,
2429 1486 2479 1540 id
2502 1493 2584 1540 est
2621 1485 2675 1538 in
2704 1483 3241 1553 frequentationibus,
3273 1481 3632 1551 procedentes
3670 1498 3689 1530 ι
3723 1494 3890 1548 usque

2305 1579 2370 1634 ad
2400 1592 2566 1633 cornu
2597 1575 2805 1640 altaris,
2837 1593 2855 1626 ι
2887 1574 2941 1629 id
2975 1584 3081 1638 est,
3113 1588 3284 1643 usque
3303 1573 3369 1627 ad
3395 1572 3586 1627 altiora
3606 1571 3892 1626 velamlnis

2307 1667 2493 1740 (Hebr.
2523 1665 2639 1738 vt),
2687 1675 2748 1720 ut
2804 1664 3121 1734 intelligatis
3171 1662 3289 1732 ejus
3330 1663 3651 1718 interiorem
3702 1662 3893 1716 divini-

617 1763 945 1833 ,acccnditur
990 1763 1042 1820 in
1088 1777 1409 1832 unoquoque
1439 1761 1578 1817 ﬁdeli
1619 1776 1739 1816 cum
1768 1761 1994 1818 sustinet
2021 1772 2205 1828 perse-
2237 1743 2282 1803 Β
2315 1767 2478 1813 tatem
2511 1796 2526 1822 ,
2582 1755 2674 1826 qui
2731 1755 2888 1810 nobis
2931 1754 3256 1810 exteriorem
3311 1753 3712 1810 humanitatem
3761 1752 3894 1806 lacte

616 1854 880 1913 'cutioues
907 1854 975 1908 ab
1006 1854 1204 1910 inﬁdeli
1239 1872 1250 1910 :
1292 1874 1308 1905 ι
1346 1854 1461 1909 lucc
1490 1860 1644 1922 porta
1686 1850 1916 1916 Domini,
1946 1847 2076 1917 justi
2123 1849 2207 1902 in-

636 1947 856 2000 trabunt
895 1945 947 2000 in
979 1959 1117 2004 eam.
1157 1967 1174 1997 ι
1227 1943 1389 2010 Quasi
1436 1945 1579 1998 dicat
1617 1957 1631 1996 ε
1678 1942 1802 1997 Ideo
1833 1957 1961 2012 rogo
1991 1949 2048 1995 ut
2084 1955 2211 2011 ape-

613 2022 845 2092 riantur
877 2036 1006 2090 mihi
1043 2027 1211 2106 porue
1241 2035 1482 2104 justitire,
1515 2042 1575 2089 ιιι
1615 2033 1921 2104 ingrediens
1949 2033 2212 2109 conﬁtear

621 2124 882 2193 Domino,
911 2128 1035 2197 quia
1073 2127 1187 2184 hmc
1209 2126 1328 2184 talis
1355 2136 1506 2197 porta
1535 2133 1619 2180 est
1637 2113 1850 2206 Domini
1881 2141 1895 2180 :
1926 2124 2039 2194 ipse
2066 2123 2208 2179 enim

614 2213 784 2287 prius
823 2218 1042 2272 intravit
1083 2233 1178 2287 per
1207 2217 1346 2272 hanc
1386 2225 1621 2286 portam,
1656 2215 1782 2286 quia
1829 2215 1977 2284 prior
2022 2229 2212 2284 passus

638 2308 796 2369 nobis
821 2306 1124 2376 exemplum
1171 2305 1407 2377 patiendi
1438 2307 1672 2376 reliquit.
1706 2305 1808 2362 Per
1835 2307 1973 2362 hanc
2000 2316 2210 2377 portam

640 2398 888 2451 intraturi
925 2405 1052 2452 sunt
1093 2397 1189 2452 soli
1215 2395 1364 2466 justi.
1400 2417 1418 2450 ι
1452 2396 1761 2454 Conﬁtebor
1802 2397 1916 2460 tibi,
1957 2397 2210 2468 quoniam

639 2488 904 2544 evaudisti
932 2505 1036 2555 me,
1066 2497 1120 2545 et
1149 2489 1322 2547 factus
1349 2505 1408 2547 es
1447 2491 1578 2570 mihi
1612 2491 1667 2545 in
1696 2490 1923 2546 salutem
1950 2508 1964 2543 :
2001 2510 2020 2542 ›
2059 2491 2211 2562 quasi

624 2583 784 2656 dicat
809 2602 822 2635 :
849 2582 967 2636 Dixi
996 2591 1053 2636 ut
1078 2583 1418 2652 aperirentur
1447 2583 1576 2638 mihi
1606 2591 1776 2653 porta:
1794 2582 2046 2654 justitize:
2069 2583 2210 2653 quod

629 2673 751 2737 ,tict,
794 2671 919 2740 quia
967 2686 1066 2740 ego
1083 2672 1193 2743 jam
1224 2672 1550 2744 ingrediens,
1584 2691 1602 2724 ι
1637 2672 1934 2728 conﬁtebor
1973 2673 2088 2738 tibi,
2126 2691 2144 2724 ι
2179 2689 2213 2729 o

632 2763 899 2834 Domine,
945 2780 964 2813 ο
987 2761 1244 2832 (quoniam
1295 2762 1561 2820 exaudisti
1598 2778 1724 2818 me:
1767 2781 1786 2816 ι
1820 2763 1982 2818 etiam
2013 2762 2066 2817 in
2098 2763 2212 2831 ipsa

638 2851 984 2905 exauditione
1040 2869 1058 2902 ‹
1101 2850 1276 2906 factus
1324 2866 1384 2906 es
1428 2852 1562 2906 mihi
1613 2852 1668 2906 in
1723 2852 1969 2908 salutem.
2015 2871 2034 2905 ι
2088 2851 2215 2910 Haec

639 2940 912 3020 confessio
936 2956 1040 2996 non
1069 2941 1267 2998 vulnus
1295 2943 1506 2999 medico
1531 2943 1750 3014 detegit,
1776 2943 1870 2998 sed
1894 2944 1958 2998 de
1983 2942 2214 2998 sanitate

639 3031 844 3104 gratias
867 3031 995 3100 agit.
1032 3048 1051 3083 s
1082 3031 1278 3088 Factus
1310 3047 1370 3088 es
1404 3033 1534 3088 mihi
1583 3033 1636 3086 in
1668 3032 1913 3097 salutem,
1952 3050 1970 3084 ι
2025 3041 2081 3086 et
2111 3033 2214 3086 hoc

2293 1846 2609 1929 nutriendis
2663 1843 2850 1916 (Hebr.
2900 1844 2955 1916 v)
3007 1845 3249 1914 praebere
3287 1844 3544 1915 dignatus
3594 1851 3705 1899 est.
3761 1841 3894 1896 Nota

2309 1939 2452 2008 quod
2483 1937 2634 2003 dicit,
2689 1954 2708 1987 ι
2745 1949 2918 2006 usque
2962 1935 3030 1990 ad
3069 1949 3235 1991 cornu
3264 1935 3472 1990 altaris.
3519 1954 3540 1987 ι
3585 1933 3710 1988 Mos
3754 1934 3894 1987 enim

2309 2026 2410 2083 fuit
2471 2025 2778 2086 Iudaeorum
2844 2035 2905 2080 ut
2965 2025 3019 2080 in
3078 2025 3324 2081 Paschali
3388 2025 3527 2080 festo
3583 2023 3896 2092 Hierosoly-

2309 2136 2452 2175 mam
2501 2117 2880 2181 convenirent,
2935 2117 3071 2171 diem
3107 2116 3387 2171 solemnem
3435 2115 3796 2171 celebraturi.
3835 2114 3897 2168 Et

2311 2209 2436 2280 quia
2484 2221 2676 2278 magna
2733 2204 2836 2262 fuit
2895 2205 3180 2260 multitudo
3232 2221 3353 2261 cum
3407 2205 3459 2258 in
3519 2204 3728 2273 templo
3774 2219 3900 2257 con-

2311 2298 2700 2370 gregabantur,
2760 2295 3105 2366 impellebant
3152 2312 3313 2365 usque
3362 2295 3430 2350 ad
3477 2311 3640 2349 cornu
3687 2295 3894 2354 altaris,

2310 2398 2371 2444 ut
2414 2387 2484 2443 ibi
2530 2394 2756 2443 starent.
2805 2387 2905 2456 Qui
2936 2401 3065 2456 ergo
3111 2386 3249 2439 diem
3295 2384 3572 2438 solemnem
3620 2384 3899 2439 constituit

2311 2479 2564 2549 procedat
2607 2477 2673 2532 ad
2723 2491 2924 2531 cornua
2973 2475 3191 2541 altaris,
3245 2475 3549 2544 intelligens
3605 2476 3660 2528 in
3719 2476 3899 2529 huma-

2311 2570 2481 2628 nitate
2526 2568 2891 2631 divinitatem,
2938 2567 3029 2621 ubi
3070 2566 3238 2625 altare
3265 2575 3350 2621 est
3387 2565 3706 2628 excelsum,
3745 2582 3900 2634 super

2313 2665 2453 2733 quod
2498 2661 2668 2718 altare
2719 2659 3056 2716 sacriﬁcatur
3092 2656 3414 2718 sacriﬁcium
3458 2656 3655 2710 laudis.
3696 2677 3712 2706 ι
3760 2657 3896 2710 Cou-

2313 2756 2518 2812 stituite
2561 2754 2701 2809 diem
2763 2751 3056 2807 solemnem
3107 2751 3159 2806 in
3223 2750 3548 2813 condensis,
3602 2765 3784 2818 usque
3841 2749 3898 2803 ad

2313 2829 2483 2904 eornu
2529 2846 2749 2910 altaris,
2799 2863 2816 2895 ι
2877 2844 3119 2899 dicentes
3164 2861 3177 2897 :
3225 2842 3365 2897 Deus
3412 2859 3556 2896 meus
3603 2859 3662 2896 es
3715 2853 3809 2904 tu,
3858 2853 3897 2896 et

2313 2956 2412 3012 ego
2471 2946 2724 2992 creatura
2765 2956 2784 2989 ι
2832 2935 3130 2992 conﬁtebor
3177 2935 3304 3000 tibi,
3354 2934 3492 2988 Deus
3533 2948 3691 2988 meus
3721 2949 3786 2989 es
3818 2945 3897 2994 tu,

2315 3041 2371 3086 et
2417 3030 2668 3086 exaltaho
2714 3037 2786 3085 te.
2833 3028 3146 3084 Conﬁtebor
3193 3027 3286 3082 tibi
3336 3027 3590 3096 quoniam
3641 3028 3900 3082 cxaudisti

640 3123 800 3176 modo
834 3138 849 3175 :
899 3121 1023 3190 quia
1075 3141 1094 3173 ‹
1128 3111 1360 3192 lapidem
1391 3139 1551 3194 quem
1584 3123 2009 3194 reprobaverunt
2047 3125 2216 3179 tediﬁ-
2241 3089 2285 3150 C
2321 3138 2439 3186 me,
2475 3132 2529 3176 et
2569 3122 2740 3176 lactus
2785 3135 2846 3176 es
2883 3121 3012 3176 mihi
3063 3119 3117 3174 in
3163 3119 3426 3181 salutem,
3477 3137 3495 3168 ι
3530 3118 3720 3177 dicens
3745 3119 3900 3174 etiam

641 3220 850 3276 cantes,
881 3211 969 3267 hic
1002 3210 1177 3269 factus
1206 3223 1290 3269 cst
1333 3214 1387 3269 in
1416 3223 1578 3284 caput
1602 3214 1801 3284 angulr.
1845 3235 1863 3267 ι
1906 3215 2068 3285 Lapis
2118 3216 2220 3271 iste

639 3300 889 3382 Christus
935 3299 1054 3366 fuit,
1112 3320 1130 3352 σ
1167 3318 1323 3372 quem
1356 3304 1774 3375 reprobaverunl
1807 3304 2156 3369 :edilicantes,
2196 3324 2212 3356 ι

639 3392 808 3456 Judaei
839 3394 1104 3460 videlicet,
1133 3395 1223 3464 qui
1263 3394 1330 3449 de
1379 3394 1557 3450 littera
1608 3404 2013 3464 praesumentes,
2067 3410 2217 3450 suam

635 3481 899 3550 justitiam
941 3491 1182 3538 statuere
1226 3483 1535 3547 voluerunt,
1586 3490 1646 3537 ut
1687 3476 1911 3552 justitite
1966 3482 2059 3538 Dei
2111 3497 2218 3537 non

640 3581 823 3627 essent
873 3571 1098 3640 subjecti
1132 3571 1304 3642 (Rom.
1336 3573 1412 3641 χ).
1447 3572 1551 3627 Sed
1603 3572 1670 3626 ab
1719 3571 1824 3627 illis
1874 3571 2216 3642 reprobatus,

651 3681 668 3712 ι
718 3662 888 3716 factus
914 3671 997 3718 est
1020 3663 1073 3716 in
1102 3671 1262 3733 caput
1290 3663 1491 3735 anguli,
1523 3683 1541 3715 ι
1578 3673 1638 3720 ut
1663 3664 1716 3719 in
1743 3679 1801 3719 se
1819 3664 1998 3720 uniret
2025 3679 2218 3719 novum

640 3751 910 3808 hominem
943 3753 1076 3809 duos
1112 3754 1354 3824 populos,
1399 3756 1650 3828 populum
1681 3755 1933 3812 videlicet
1973 3757 2221 3827 prmputii

637 3853 694 3924 et
717 3845 1160 3901 circumcisionis.
1192 3846 1257 3900 Et
1289 3848 1392 3902 hoc
1420 3848 1562 3917 quod
1590 3847 1724 3917 lapis
1750 3847 1839 3903 ille
1880 3867 1899 3900 ι
1934 3846 2111 3903 factus
2137 3855 2221 3904 est

642 3933 696 3985 iu
725 3943 887 4002 caput
910 3934 1115 4004 anguli,
1153 3949 1182 3987 a
1219 3933 1446 3990 Domino
1485 3934 1686 3995 factum
1717 3945 1820 4004 est,
1856 3956 1874 3988 ι
1924 3937 2049 4007 quia
2097 3935 2224 3992 licet

643 4021 746 4076 hoc
777 4039 880 4080 non
909 4033 1052 4078 esset
1082 4024 1282 4079 factum
1331 4026 1431 4080 nisi
1461 4043 1652 4097 passus
1678 4036 1840 4092 esset,
1890 4043 1998 4082 non
2039 4036 2219 4086 tamen

643 4115 712 4167 ab
740 4115 820 4169 eis
850 4131 880 4172 a
901 4117 1098 4184 quibus
1126 4116 1295 4184 factus
1332 4126 1426 4183 est,
1466 4117 1602 4188 lapis
1631 4119 1904 4191 angularis
1930 4121 2216 4190 processit,

643 4201 735 4260 Sed
766 4222 797 4266 a
831 4207 1054 4262 Domino
1082 4226 1094 4260 :
1146 4226 1164 4262 ι
1202 4218 1258 4266 et
1278 4219 1363 4264 est
1387 4210 1632 4266 mirabile
1652 4212 1705 4266 in
1737 4213 1908 4268 oculis
1937 4214 2157 4279 nostris,
2193 4234 2213 4267 ι

643 4295 991 4355 interioribus
1035 4297 1318 4363 videlicet,
1368 4298 1494 4354 licet
1523 4298 1722 4355 Judzeis
1767 4300 1839 4356 sit
1883 4301 2215 4368 scandalum,

643 4385 891 4483 genti-bus
919 4385 1146 4440 stultitia
1166 4385 1355 4483 (l-Cor.
1383 4386 1495 4483 llis
1671 4396 1755 4483 est
1777 4389 1890 4444 dies
1908 4404 2067 4483 quam
2089 4389 2218 4446 fecit
2243 4425 2295 4483 D

641 4474 903 4546 Dominus
932 4493 944 4527 :
970 4494 986 4523 ›
1022 4491 1180 4544 quem
1207 4477 1348 4531 diem
1375 4476 1557 4536 videre
1582 4477 1859 4546 Abraham
1883 4479 2174 4534 exsultavit
2201 4499 2214 4534 :

650 4579 669 4616 ί
706 4561 834 4615 vidit
853 4571 908 4614 et
928 4564 1146 4632 gavisus
1172 4574 1255 4619 est
1286 4563 1468 4634 (lacn.
1492 4565 1744 4636 γιιι).›Ει
1767 4582 1864 4621 nos
1889 4582 2020 4638 ergo
2048 4568 2220 4621 exsul-

644 4649 832 4714 t’emus,
863 4660 908 4706 et
955 4650 1190 4706 lwtemur
1218 4654 1272 4707 in
1307 4671 1389 4720 ea,
1433 4655 1557 4730 quia
1598 4655 1711 4710 haec
1738 4663 1822 4710 est
1850 4655 1966 4710 dies
2010 4657 2219 4712 redem-

645 4741 843 4821 ptionis
869 4750 1086 4806 nostrze,
1117 4759 1222 4801 non
1265 4745 1380 4800 dies
1430 4745 1661 4800 miseria:
1698 4760 1858 4816 quam
1901 4745 2000 4816 ipsi
2062 4746 2218 4804 nobis

645 4833 889 4900 iecimus.
925 4832 1074 4888 Unde
1116 4837 1366 4904 superius
1392 4837 1591 4892 dictum
1619 4847 1722 4893 est.
1767 4857 1785 4890 ι
1827 4838 1894 4893 Ει
1934 4840 1987 4893 in
2029 4839 2217 4895 diebus

645 4921 780 4997 meis
811 4922 1070 4978 invocabo
1091 4933 1141 4978 te
1172 4923 1344 4995 (Psal.
1386 4928 1552 4994 cstv).
1599 4947 1617 4980 ι
1662 4928 1791 4984 Haec
1833 4939 1917 4984 est
1959 4931 2068 4986 dies
2115 4931 2221 4985 Do-

589 5089 601 5101 .
648 5009 774 5073 mini
806 5009 871 5064 de
891 5025 996 5078 qua
1023 5012 1221 5067 dictum
1237 5024 1318 5071 est
1344 5033 1355 5068 :
1379 5036 1397 5065 ε
1426 5018 1564 5072 Ecce
1583 5034 1723 5075 nunc
1744 5029 1952 5090 tempus
1975 5031 2220 5092 accepta-

645 5099 770 5165 bile,
809 5113 935 5154 ecce
964 5117 1106 5157 nunc
1134 5103 1252 5158 dies
1271 5105 1459 5163 salutis
1485 5107 1566 5177 (II
1592 5107 1712 5162 Cor.
1747 5109 1843 5180 γι).
1876 5130 1895 5163 ι
1918 5128 1936 5161 ι
1966 5111 2215 5166 Exsulte-

646 5205 766 5255 mus
787 5201 841 5244 et
862 5189 1107 5251 laetemur
1126 5192 1178 5256 in
1203 5205 1287 5259 ea,
1320 5213 1338 5253 ι
1359 5193 1628 5256 dicentes:
1649 5216 1668 5250 ι
1691 5198 1992 5266 ODomine,
2008 5205 2216 5258 salvum

645 5295 730 5363 (ne
757 5279 858 5343 (ac,
883 5297 917 5336 ο
942 5281 1167 5342 Domine
1181 5285 1318 5341 bene
1345 5303 1663 5360 prosperare
1688 5305 1703 5344 :
1740 5310 1759 5343 ι
1792 5291 1970 5358 idest,
2002 5308 2221 5371 prospe-

647 5387 763 5452 rum
795 5372 900 5432 iter
941 5375 1096 5431 nobis
1139 5393 1312 5448 para:
1362 5386 1417 5437 et
1443 5394 1578 5453 opus
1619 5390 1704 5438 est
1731 5392 1790 5438 ut
1839 5395 2223 5456 prosperentur

644 5463 749 5554 tui,
772 5465 898 5533 quia
927 5474 983 5522 tu
1018 5483 1076 5524 es
1098 5469 1392 5527 benedictus
1407 5459 1507 5544 "qui
1541 5484 1799 5531 venturus
1842 5491 1900 5531 es
1936 5477 1993 5532 in
2018 5480 2224 5533 nomine

646 5555 876 5624 Domini,
908 5574 1156 5630 quaerens
1195 5573 1256 5620 ut
1291 5566 1479 5622 idonea
1531 5570 1769 5624 membra
1826 5569 1922 5625 tibi
1957 5571 2223 5627 addantur

647 5649 829 5730 Capiti.
869 5668 885 5703 ι
920 5651 1296 5715 Be‘ncdisimus
1327 5659 1476 5720 vobis
1500 5661 1564 5718 de
1587 5662 1743 5722 domo
1769 5663 2001 5725 Domini.
2028 5683 2046 5718 ι
2083 5664 2224 5727 Ecce

2320 3214 2582 3285 proximis
2618 3228 2632 3266 :
2667 3233 2684 3265 ι
2731 3211 3074 3267 Conﬁtemini
3103 3210 3358 3275 Domino,
3412 3209 3674 3278 quoniam
3705 3212 3900 3273 bonus,

2318 3306 2570 3376 quoniam
2614 3305 2667 3359 in
2715 3303 2967 3360 saeculum
3017 3301 3382 3358 misericordia
3435 3300 3572 3370 ejus.
3610 3320 3631 3353 ι

2817 3411 3138 3468 PSALMUS
3176 3411 3398 3468 CXVIII.

2971 3538 3253 3578 ALLELUIA.

2397 3634 2416 3668 ε
2460 3616 2659 3670 Αιειιη.
2701 3646 2765 3655 -
2805 3612 2955 3668 Deati
2990 3613 3318 3668 immaculati
3360 3612 3413 3666 in
3449 3613 3564 3673 via,
3590 3611 3686 3681 qui
3718 3613 3900 3666 amhu~

2326 3729 2343 3759 ι
2388 3707 2503 3763 lant
2532 3707 2586 3761 in
2615 3707 2729 3777 lege
2759 3705 2989 3760 Domini.
3021 3703 3170 3760 Beati
3202 3705 3291 3773 qui
3323 3712 3639 3758 scrutantur
3668 3705 3902 3757 testimo-

2327 3818 2345 3854 ί
2387 3799 2476 3853 nia
2506 3798 2622 3869 ejus
2668 3798 2722 3853 in
2763 3807 2876 3853 toto
2917 3797 3078 3852 corde
3113 3797 3402 3868 exquirunt
3429 3811 3574 3851 eum.
3617 3795 3736 3850 Non
3768 3797 3902 3852 enin

2326 3910 2345 3943 ι
2385 3891 2476 3963 qui
2529 3900 2822 3962 operantur
2870 3889 3239 3959 iniquitatem,
3292 3889 3346 3943 in
3397 3889 3500 3944 viis
3557 3887 3677 3958 ejus
3724 3889 3903 3942 antim-

2325 3979 2658 4036 «laverunt.
2717 3978 2799 4032 Tu
2853 3977 3121 4033 mandasti
3184 3977 3432 4032 mandata
3492 3989 3586 4033 tua
3649 3977 3904 4033 custodiri

2325 4087 2345 4120 ε
2389 4069 2567 4124 nimis.
2617 4067 2833 4122 Utinam
2873 4067 3174 4138 dirigantur
3214 4067 3314 4123 via:
3342 4083 3472 4122 mea:
3507 4066 3576 4122 ad
3604 4068 3902 4123 custodien-

2327 4177 2346 4210 ε
2391 4159 2487 4213 das
2542 4157 2954 4228 iustiﬁcationes
3003 4167 3141 4212 tuas.
3201 4155 3349 4212 Tunc
3400 4171 3504 4210 non
3551 4156 3900 4218 confundar,

2327 4269 2345 4301 ι
2391 4265 2512 4304 cum
2558 4263 2882 4319 perspexero
2928 4247 2980 4301 in
3013 4248 3263 4303 omnibus
3305 4248 3572 4302 mandatis
3603 4248 3733 4302 tuis.
3767 4246 3898 4302 Con-

2328 4357 2346 4390 r
2394 4339 2586 4394 ﬁtehor
2641 4339 2732 4392 tibi
2792 4338 2845 4392 in
2906 4338 3200 4393 directione
3260 4339 3466 4403 cordis,
3528 4339 3581 4392 iu
3650 4354 3716 4393 eo
3773 4337 3904 4408 quod

2393 4427 2552 4482 didici
2608 4425 2812 4495 judicia
2867 4426 3092 4496 justitim
3146 4435 3268 4481 tuae.
3315 4426 3741 4482 Justilicatioues
3795 4436 3901 4481 luas

2328 4534 2346 4568 ι
2393 4515 2723 4581 custodiam,
2771 4529 2877 4570 non
2929 4531 3014 4570 me
3053 4514 3394 4585 derelinquas
3423 4530 3834 4586 usquequaque.
3876 4533 3894 4564 ι

2890 4629 3337 4686 ENARRATIO.

2391 4744 2633 4799 Psalmus
2685 4750 2788 4798 iste
2842 4742 2912 4799 ab
2970 4744 3194 4800 exordio
3245 4760 3344 4801 suo
3398 4746 3467 4800 ad
3521 4746 3897 4800 beatitudinem

2321 4849 2419 4888 nos
2463 4833 2742 4898 hortatur,
2793 4849 2955 4903 quam
3013 4849 3175 4891 nemo
3225 4845 3309 4892 est
3367 4836 3458 4905 qui
3509 4851 3620 4892 non
3670 4845 3896 4907 appetat.

2324 4922 2507 4978 Nullus
2547 4923 2690 4978 enim
2737 4931 2823 4979 est
2877 4924 2968 4994 qui
3015 4940 3122 4981 non
3177 4927 3292 4982 vult
3336 4940 3457 4983 esse
3507 4929 3722 4984 beatus.
3767 4928 3894 4996 Quid

2323 5015 2484 5084 igitur
2533 5017 2916 5074 exhortatione
2963 5032 3099 5088 opus
3150 5028 3235 5073 est
3285 5019 3355 5073 ad
3404 5034 3524 5074 eam
3583 5035 3700 5075 rem
3745 5036 3897 5093 quam

2320 5121 2416 5160 sua
2470 5115 2660 5176 sponte
2709 5106 2922 5163 animus
2971 5109 3174 5178 appetit
3224 5110 3534 5164 humanus?
3583 5109 3720 5166 Nam
3775 5126 3893 5180 pro-

2321 5195 2462 5254 fecto
2506 5196 2597 5266 qui
2647 5197 2998 5262 exhortatur,
3051 5197 3102 5252 id
3152 5198 3267 5268 agit
3310 5206 3368 5253 ut
3415 5199 3683 5254 excitetur
3720 5197 3894 5252 volun-

2323 5293 2407 5339 tas
2445 5285 2564 5356 ejus
2608 5300 2728 5340 cum
2771 5300 2879 5355 quo
2911 5289 3048 5356 agit,
3094 5287 3162 5342 ad
3205 5287 3332 5342 illud
3369 5297 3593 5358 propter
3629 5287 3772 5358 quod
3797 5275 3894 5340 ἐι-

2325 5375 2649 5430 hortationis
2700 5375 2985 5432 adhibetur
3033 5377 3348 5447 alloquium.
3398 5377 3593 5448 thuid
3636 5394 3760 5448 ergo
3801 5391 3890 5430 no-

2324 5465 2532 5520 biscum
2597 5466 2802 5536 agitur,
2869 5475 2930 5522 ut
2981 5467 3032 5522 id
3084 5467 3346 5533 velimus,
3407 5468 3549 5542 quod
3603 5468 3741 5523 nolle
3792 5481 3890 5520 non

2326 5556 2650 5623 possumus?
2693 5571 2834 5610 nunc
2861 5557 2984 5627 quia
3024 5574 3215 5612 omnes
3255 5559 3643 5615 beatitudinem
3687 5558 3894 5628 quidem

2327 5646 2744 5724 concupiscunt,
2793 5647 2884 5703 sed
2937 5665 3041 5725 quo
3101 5649 3291 5707 ordine
3340 5651 3405 5707 ad
3453 5667 3572 5708 eam
3624 5649 3884 5712 nervenial'
