4034 6420
143 316 243 333 -ρ-

151 333 247 370 100

1262 318 1801 377 ENADRA'I’IONES
1835 317 1901 372 IN
1929 320 2261 378 PSAHIOS.

3279 337 3385 393 754

137 440 260 495 uir,
316 430 533 500 plurimi
579 422 867 497 nesciunt,
928 432 1152 502 ideoque
1204 432 1307 489 hoc
1360 432 1517 487 docet
1566 433 1786 503 psal-A
1818 433 1919 501 (Il
1973 434 2105 489 Tim.
2148 437 2263 508 IV.)
2343 437 2593 508 Nunquid
2659 454 2716 498 et
2774 447 2878 501 isto
2948 450 3063 502 sine
3120 450 3381 518 peccato?

136 536 263 574 mus
317 521 447 586 iste,
493 522 588 591 qui
633 522 713 578 sic
760 523 894 577 dicit
944 542 957 577 :

213 630 232 661 ι
282 610 432 666 Beati
496 610 825 667 immaculati
878 613 931 668 in
992 613 1112 678 via,
1170 614 1260 683 qui
1324 612 1600 685 ambulant
1660 615 1715 668 in

131 699 255 769 lege
317 699 548 754 Domini.
588 720 613 754 ι
663 704 938 772 Tanquam
993 704 1038 757 si
1090 704 1292 759 diceret
1339 723 1352 757 :
1406 704 1537 759 Scio
1588 703 1717 773 quid

120 782 249 856 Avis,
302 792 689 848 beatitudinem
734 795 932 863 quaeris
960 814 974 850 :
1008 812 1137 868 ergo
1170 798 1214 852 si
1242 798 1325 852 vis
1349 813 1466 853 esse
1496 799 1715 864 beatus,

131 891 254 935 esto
304 882 694 939 immaculatus.
745 884 878 940 Illud
928 887 1071 941 enim
1117 902 1335 953 omnes,
1382 890 1484 943 hoc
1534 896 1714 942 autem

130 975 292 1041 pauci
338 974 556 1042 volunt,
603 978 722 1033 sine
766 993 877 1048 quo
923 988 1100 1036 tamen
1141 996 1246 1037 non
1296 981 1607 1051 pervenitur
1649 980 1715 1034 ad

132 1066 183 1118 ιι]
225 1066 372 1136 quod
418 1070 606 1131 omnes
642 1067 845 1124 volunt.
901 1068 970 1126 Et
1007 1070 1095 1125 ubi
1148 1070 1310 1125 debes
1358 1054 1711 1124 essc‘imma-

130 1158 388 1213 culatus?
427 1158 493 1212 In
533 1162 639 1223 nia.
690 1160 827 1229 Quid
876 1172 1054 1219 autem
1102 1164 1172 1219 sit
1220 1178 1340 1219 esse
1396 1162 1710 1217 immacula—

132 1261 249 1304 tum
296 1251 349 1311 in
397 1252 483 1305 via
532 1252 849 1325 subiungit:
900 1254 1004 1319 Qui
1046 1255 1312 1309 ambulant
1363 1255 1418 1308 in
1453 1254 1561 1324 lege
1606 1254 1713 1307 Do.

128 1342 287 1394 mini.
345 1340 425 1396 Illi
480 1343 624 1409 enim
679 1344 1004 1399 immaculati
1055 1353 1179 1401 sunt
1233 1346 1285 1398 in
1340 1346 1455 1409 uia,
1510 1344 1599 1414 qui
1659 1346 1713 1398 in

129 1434 240 1504 lege
292 1434 499 1490 Domini
551 1437 916 1504 delectantur,
962 1453 1058 1508 per
1103 1452 1261 1508 quam
1306 1436 1440 1509 legis
1488 1436 1713 1491 delecta-

130 1524 333 1579 tionem
392 1527 702 1595 pervenitur
765 1528 832 1581 ad
887 1527 1291 1583 beatitudinem.
1346 1525 1459 1579 Non
1526 1540 1713 1593 super-

130 1614 235 1683 flue
281 1616 434 1671 nobis
474 1617 668 1672 dicitur
693 1618 833 1688 quod
878 1620 956 1675 sic
1000 1620 1350 1689 exprimitur,
1382 1621 1474 1675 sed
1519 1620 1713 1676 exhor-

129 1705 275 1760 tatio.
307 1708 613 1763 necessaria
664 1709 861 1766 nostris
906 1711 1173 1765 mentibus
1219 1711 1522 1767 adhibetur.
1570 1711 1706 1779 Quid

128 1797 276 1851 enim
317 1797 445 1853 boni
492 1798 587 1863 sit,
638 1800 703 1854 ad
750 1801 889 1870 quod
930 1801 1079 1855 multi
1123 1801 1259 1872 pigri
1305 1811 1463 1867 sunt,
1510 1804 1702 1869 idest,

128 1889 500 1946 immaculatos
559 1891 832 1947 ambulare
888 1893 941 1955 in
1002 1894 1118 1958 via,
1180 1910 1298 1963 qua:
1354 1893 1439 1949 lex
1497 1896 1703 1949 Domini

127 1985 241 2042 est,
308 1978 387 2037 sic
457 1980 789 2046 ostenditur,
850 1997 971 2036 cum
1034 1976 1221 2037 beatos
1277 1998 1397 2038 esse
1454 1984 1545 2055 qui
1605 1985 1707 2039 hoc

128 2066 365 2132 faciunt,
422 2067 623 2123 indicat
673 2087 687 2123 :
745 2078 805 2124 ut
860 2078 1081 2141 propter
1139 2071 1267 2125 illud
1323 2074 1463 2141 quod
1518 2088 1707 2131 omnes

126 2160 313 2211 volunt
368 2167 421 2213 et
466 2159 567 2214 hoc
618 2161 709 2215 ﬁat
764 2164 905 2230 quod
958 2161 1170 2231 plurimi
1220 2161 1427 2217 nolunt.
1484 2164 1703 2217 Beatum

126 2247 323 2316 quippe
376 2261 527 2313 esse,
590 2258 695 2303 tam
750 2266 999 2320 magnum
1058 2250 1255 2305 bomnn
1318 2261 1428 2313 est,
1494 2262 1551 2304 ut
1604 2253 1705 2306 hoc

126 2338 291 2393 velint
349 2339 474 2393 boui
520 2347 575 2393 ct
630 2340 775 2394 mali.
828 2340 937 2396 Nec
988 2341 1184 2394 mirum
1236 2349 1351 2405 est,
1402 2342 1545 2411 quod
1579 2342 1703 2396 boni

127 2438 408 2499 propterea
456 2438 581 2489 sunt
630 2429 789 2495 boni,
835 2439 895 2486 ut
949 2432 1055 2486 sint
1101 2430 1243 2487 beati
1280 2449 1291 2484 :
1325 2433 1418 2487 sed
1456 2432 1581 2485 illud
1622 2442 1706 2487 est

127 2522 353 2585 mirum,
400 2523 538 2594 quod
586 2524 710 2578 mali
761 2524 878 2579 ideo
926 2532 1049 2579 sunt
1091 2523 1248 2591 mali,
1299 2534 1361 2579 ut
1400 2524 1507 2581 sint
1540 2522 1697 2579 beati.

125 2614 260 2668 Nam
314 2614 559 2684 quisquis
614 2615 851 2670 avaritia)
906 2615 1112 2671 facibus
1165 2615 1489 2681 inardescit,
1527 2614 1705 2670 libidi-

126 2707 285 2759 nibus
342 2702 506 2759 cﬁluit
556 2722 571 2758 :
628 2703 696 2760 ad
747 2705 850 2759 hoc
910 2706 1110 2771 tendit,
1162 2715 1221 2760 ut
1278 2721 1493 2775 quoquo
1545 2707 1705 2761 modo

124 2796 190 2851 ad
243 2795 631 2851 beatitudinem
683 2795 990 2865 perveniat,
1052 2811 1172 2850 cum
1225 2797 1405 2866 potius
1461 2796 1527 2849 ad
1558 2811 1704 2849 sum-

124 2901 268 2939 mam
327 2884 596 2939 miseriam
646 2884 909 2938 deveniat.
967 2883 1170 2950 Quibus
1218 2884 1304 2938 via
1355 2883 1586 2953 qualiter
1634 2882 1702 2937 ad

126 2975 512 3030 beatitudinem
563 2974 983 3045 perveniendum
1030 2975 1140 3041 sit,
1196 2974 1545 3029 ostenditur:
1587 2982 1705 3029 tan-

123 3056 284 3134 quam
348 3064 427 3120 eis
485 3064 564 3119 sic
624 3063 915 3120 diceretur.
965 3062 1084 3130 Quo
1136 3063 1399 3134 pergitis?
1448 3078 1556 3133 quo
1615 3063 1703 3118 b’s

1820 525 2060 592 nunquid
2090 542 2149 580 se
2186 528 2445 584 seducit?
2478 530 2776 590 Audiamus
2810 536 2983 606 ipsum
3015 538 3296 609 dicentem,
3326 550 3383 594 et

1816 628 1879 668 se
1901 616 2017 668 sine
2042 629 2266 686 peccato
2302 638 2409 677 non
2454 639 2574 680 esse
2607 628 2974 685 confitentem.
3014 632 3170 695 ,Dixit
3193 632 3378 686 enim:

1822 708 1861 755 ι’
1882 703 1997 759 Non
2026 710 2169 776 quod
2194 710 2318 765 volo
2360 712 2462 768 hoc
2498 716 2656 781 facio,
2685 719 2778 771 sed
2808 720 2946 788 quod
2984 720 3189 773 habitat
3218 721 3268 774 in
3296 736 3382 775 me

1814 805 2093 863 peccatum
2128 796 2315 853 (Rom.
2346 801 2458 870 IV).
2501 822 2519 855 ι
2554 803 2672 874 Ipse
2703 806 2845 860 enim
2877 808 2985 876 egit
3010 809 3151 877 quod
3188 808 3379 873 noluit,

1817 887 1940 955 quia
1978 896 2212 943 tentatus
2255 890 2324 943 ab
2353 892 2553 948 illicitis
2583 896 2883 960 desideriis,
2923 913 3242 953 consensum
3275 914 3379 953 non

1815 977 2066 1045 prmbnit,
2093 995 2191 1034 nec
2214 982 2279 1035 ad
2303 985 2669 1052 operationem
2692 988 2957 1055 perduxit.
2986 987 3171 1041 lllicita
3200 996 3381 1041 autem

1816 1066 2080 1121 desideria
2126 1085 2155 1123 a
2202 1072 2400 1139 quibus
2452 1075 2759 1131 tentabatur
2804 1087 3054 1146 operatus
3101 1087 3178 1132 eSI
3218 1078 3271 1131 in
3316 1092 3382 1131 eo

1815 1158 2040 1229 languor
2070 1162 2271 1228 carnis,
2321 1165 2411 1233 qui
2450 1178 2723 1234 peccatum
2776 1168 3116 1232 nominatur,
3146 1168 3269 1237 quia
3312 1181 3377 1221 ex

1816 1266 1971 1319 paena
2000 1253 2205 1321 peccati
2236 1256 2574 1309 contrahitur
2603 1275 2615 1309 :
2662 1266 2718 1311 et
2753 1258 2897 1310 omni
2949 1266 3100 1311 reatu
3136 1257 3378 1311 criminis

1816 1340 1867 1394 in
1921 1354 2259 1399 sacramento
2311 1344 2650 1415 baptismatis
2705 1346 2898 1411 deleto,
2927 1348 3073 1403 solus
3124 1347 3382 1402 remansit

1814 1432 2063 1503 languor,
2117 1450 2184 1490 ex
2244 1452 2353 1506 quo
2405 1447 2631 1509 surgunt
2684 1438 2854 1493 illiciti
2914 1449 3133 1493 motus:
3186 1438 3379 1505 quibus

1813 1526 2177 1594 surgentibus,
2198 1527 2242 1581 si
2274 1528 2452 1583 nullus
2478 1530 2558 1584 cis
2578 1531 2847 1599 prtebetur
2881 1546 3129 1587 assensus
3181 1529 3380 1585 nullus-

1812 1631 1915 1686 que
1963 1617 2175 1671 laxetur
2222 1618 2473 1685 effectus,
2531 1622 2672 1675 nulla
2706 1630 3048 1692 perpetratur
3082 1620 3376 1691 iniquitas;

1813 1715 1866 1760 et
1914 1707 1993 1762 sic
2044 1712 2146 1762 non
2178 1710 2330 1763 obest
2378 1709 2603 1781 languor
2644 1712 2843 1775 carnis,
2893 1712 2936 1765 si
2984 1724 3078 1779 per
3115 1725 3236 1763 eum
3273 1724 3379 1763 non

1809 1808 2145 1872 perpetretur
2209 1816 2342 1872 opus
2416 1802 2740 1871 iniquitatis,
2833 1802 3131 1874 iniquitatis
3214 1800 3378 1863 dico,

1808 1891 1891 1943 vel
1967 1891 2193 1945 actionis
2258 1892 2342 1946 vel
2415 1908 2750 1957 consensus,
2820 1894 2884 1948 de
2940 1908 3042 1962 qua
3095 1891 3379 1960 iniquitate

1809 1980 1896 2035 hic
1928 1980 2124 2034 dicitur
2153 2000 2167 2034 :i
2200 1996 2304 2035 non
2347 1982 2489 2036 enim
2527 1983 2615 2052 qui
2644 1969 2932 2052 operantur
2959 1982 3295 2052 iniquitatem
3324 1982 3376 2035 in

1812 2084 2074 2123 consensu
2106 2070 2187 2125 vel
2219 2071 2269 2124 in
2298 2080 2441 2135 actu,
2472 2071 2524 2126 in
2552 2072 2655 2126 viis
2691 2072 2804 2138 ejus
2832 2069 3259 2124 ambulaverunt.
3297 2066 3376 2122 Tn

1808 2158 2068 2212 mandasti
2113 2161 2363 2213 mandata
2402 2171 2493 2215 tua
2542 2161 2793 2216 custodiri
2855 2162 3026 2214 nimis.
3088 2160 3225 2213 Vere
3284 2160 3375 2228 qui

1808 2248 2120 2303 Scrutantur
2167 2252 2474 2306 testimonia
2532 2261 2641 2317 tua,
2701 2252 2959 2316 Domine,
3006 2251 3148 2308 beati
3202 2262 3372 2307 sunt:

1807 2339 1931 2408 quia
1979 2347 2033 2392 tu
2080 2356 2349 2409 nunquam
2397 2342 2661 2396 mandasti
2691 2341 2790 2396 nisi
2817 2340 2955 2411 quod
2988 2342 3053 2395 ad
3094 2341 3380 2396 beatitudi-

1805 2444 1927 2483 nem
1951 2431 2187 2498 pertinet
2209 2448 2223 2496 ;
2251 2432 2513 2486 mandasti
2535 2434 2780 2486 mandata
2811 2444 2901 2485 tua
2924 2434 3176 2486 custodiri
3200 2433 3376 2498 nimis,

1806 2520 1857 2573 id
1884 2529 1987 2585 est,
2021 2521 2173 2575 valde
2200 2538 2305 2575 non
2344 2523 2397 2576 in
2438 2523 2656 2577 scientia
2700 2532 2910 2578 tantum
2957 2523 3225 2588 videlicet,
3283 2525 3378 2579 sed

1804 2624 1985 2680 opere.
2010 2611 2234 2666 Frustra
2261 2613 2403 2666 enim
2427 2621 2638 2666 tenetur
2660 2613 2711 2665 in
2729 2613 2974 2678 scientia,
2996 2615 3137 2684 quod
3164 2632 3268 2669 non
3301 2627 3377 2669 te-

1804 2710 1962 2755 netur
1974 2702 2103 2755 vita.
2139 2721 2155 2752 ι
2188 2701 2403 2757 Utinam
2418 2701 2713 2772 dirigantur
2734 2703 2833 2757 viae
2850 2718 2981 2759 mea:
3002 2705 3064 2757 ad
3080 2705 3355 2759 custodien

1805 2791 2332 2862 dasjustilicationes
2363 2801 2497 2849 tuas.
2531 2813 2549 2846 ι
2608 2794 2801 2848 Audita
2836 2810 2969 2850 voce
2997 2798 3254 2866 optantis,
3284 2799 3376 2851 de-

1803 2888 1941 2952 pone
1968 2884 2270 2955 superbiam
2291 2884 2681 2955 prmsumentis.
2697 2883 2883 2939 Nullus
2910 2886 3051 2940 enim
3071 2891 3374 2957 optatquod

1805 2979 1858 3033 in
1888 2994 1984 3033 sua
2019 2988 2283 3048 potestate
2309 2980 2388 3036 sic
2416 2982 2595 3045 habet,
2627 2991 2685 3036 ut
2709 2997 2805 3051 per
2826 2983 3052 3038 liberum
3090 2986 3374 3040 arbitrium

1805 3070 1971 3137 possit
1995 3068 2204 3125 eﬁicere
2259 3071 2397 3139 quod
2448 3072 2579 3125 vult.
2644 3071 2749 3127 Ista
2800 3088 2930 3143 ergo
2981 3074 3151 3131 fidelis
3192 3078 3373 3130 anima

125 3158 190 3211 de
240 3156 346 3211 viis
385 3155 667 3226 pervenire
718 3154 1078 3211 desideratis?
1123 3154 1432 3225 Relinquite
1461 3154 1702 3227 maligni-
1730 3130 1774 3190 δ
1805 3161 1991 3216 videns
2019 3163 2141 3231 quia
2170 3176 2266 3231 per
2288 3177 2349 3217 se
2374 3178 2477 3217 non
2510 3162 2699 3220 sulIIcit
2726 3174 2785 3218 ut
2816 3130 3086 3221 ctistodiat
3117 3169 3373 3222 mandata

126 3252 291 3297 tatem
313 3260 335 3306 ς
400 3242 490 3315 qui
565 3258 672 3298 non
742 3242 968 3313 potestis
1046 3243 1295 3298 amittere
1356 3243 1705 3299 beatitudinis

125 3334 456 3390 voluntatem
510 3351 525 3387 :
582 3333 782 3389 frustra
860 3333 1128 3389 tendendo
1205 3332 1539 3406 fatigamini,
1598 3349 1704 3405 quo

124 3427 485 3499 perveniendo
550 3426 926 3497 inquinamini.
974 3425 1106 3482 Sitis
1148 3442 1278 3499 ergo
1338 3425 1701 3493 immaculati,

121 3519 227 3588 qui
278 3517 440 3573 vultis
496 3532 614 3573 esse
660 3517 826 3573 beati.
879 3516 1035 3573 Beati
1078 3532 1208 3572 vero
1252 3526 1376 3572 sunt
1425 3516 1517 3588 qui
1560 3534 1706 3573 soru-

123 3618 311 3665 tantur
379 3608 671 3666 testimonia
744 3608 889 3678 ejus,
950 3609 1001 3663 id
1072 3617 1187 3672 est,
1249 3608 1555 3679 Scripturas
1616 3624 1705 3665 sa—

124 3716 251 3758 cras
296 3714 417 3770 qua:
467 3699 838 3754 testimonium
884 3698 1002 3769 ejus
1057 3700 1343 3765 dicuntur,
1408 3701 1533 3770 quia
1580 3714 1702 3756 eum

128 3780 428 3849 itastantur.
484 3791 551 3847 Et
620 3790 875 3860 quoniam
946 3790 1096 3845 multi
1172 3790 1481 3861 Scripturas
1549 3790 1701 3845 inve-

125 3885 331 3956 stigarit
373 3881 440 3937 ad
487 3882 591 3938 hoc
621 3890 827 3936 tantum
873 3890 933 3936 ut
976 3882 1177 3948 sciant,
1222 3898 1329 3937 non
1381 3890 1440 3937 ut
1469 3882 1705 3938 habeant

123 3975 272 4045 quod
329 3973 531 4029 faciant
583 3990 597 4028 :
666 3973 902 4028 ostendit
962 3974 1085 4043 quia
1154 3975 1296 4029 beati
1369 3975 1509 4039 sint,
1579 3990 1701 4030 cum

123 4070 437 4119 scrutantur
470 4060 775 4119 testimonia
804 4060 1040 4127 Domini,
1069 4062 1142 4117 illi
1179 4062 1449 4127 videlicet,
1480 4063 1571 4133 qui
1596 4071 1702 4118 toto

122 4156 283 4209 rorde
308 4154 585 4224 exquirunt
623 4168 742 4207 eum
770 4153 822 4207 in
868 4152 999 4223 ipsis
1029 4152 1327 4223 Scripturis
1360 4169 1464 4208 non
1496 4162 1701 4209 tantum

122 4244 477 4316 intelligendo
526 4244 857 4315 Scripturas,
910 4245 1003 4300 sed
1050 4260 1113 4301 ex
1163 4254 1431 4316 praecepto
1461 4246 1702 4317 Scriptu-

122 4352 308 4393 carum
357 4335 497 4392 bene
540 4336 832 4407 operando.
873 4355 897 4391 ιν
936 4336 1051 4392 Νοη
1099 4337 1241 4392 enim
1274 4338 1364 4406 qui
1410 4348 1702 4406 operantur

118 4426 573 4498 iniquitatem,in
602 4426 707 4482 viis
739 4426 853 4497 ejus
884 4428 1315 4482 ambulaverunt.
1350 4427 1425 4482 illi
1459 4429 1547 4499 qui
1576 4437 1702 4483 sunt

120 4518 479 4585 immaculati,
512 4519 789 4574 ambulant
819 4520 870 4575 in
901 4519 1018 4592 lege
1061 4521 1294 4575 Domini.
1334 4520 1465 4575 Nam
1502 4521 1581 4575 illi
1606 4522 1696 4591 qui

118 4620 420 4680 operantur
471 4610 832 4680 iniquitatem,
884 4620 937 4667 et
987 4612 1105 4666 ideo
1137 4612 1411 4676 maculati,
1452 4628 1555 4667 non
1582 4629 1697 4667 am-

118 4703 337 4766 bulant,
394 4702 447 4757 id
499 4710 602 4768 est,
662 4718 766 4757 non
817 4703 1154 4757 delectantur
1203 4704 1254 4757 in
1301 4703 1404 4757 viis
1434 4702 1569 4772 ejus.
1598 4702 1696 4759 llic

119 4793 389 4864 quaeritur
417 4807 539 4847 cum
574 4807 735 4847 omne
774 4801 1054 4862 peccatum
1103 4793 1172 4847 sit
1209 4793 1487 4861 iniquitas,
1521 4794 1697 4848 nullus

120 4894 307 4939 autem
341 4883 456 4937 sine
480 4891 726 4952 peccato,
756 4883 995 4953 qualiter~
1013 4884 1204 4952 aliquis
1234 4884 1473 4938 ambulet
1501 4884 1554 4938 in
1582 4883 1697 4954 lege

118 4972 368 5037 Domini,
415 4986 539 5028 cum
590 4971 663 5027 illi
720 4973 809 5041 qui
843 4980 1133 5042 operantur
1182 4972 1544 5043 iniquitatem,
1594 4989 1697 5027 non

120 5062 434 5117 ambulant.
492 5062 681 5117 Nullus
741 5063 883 5117 enim
939 5063 1055 5117 sine
1120 5072 1341 5133 peccato
1396 5074 1497 5119 est.
1549 5063 1701 5121 Unde

119 5154 404 5211 Joannes:
443 5172 461 5204 ε
508 5152 564 5209 Si
592 5154 889 5208 dixerimus
930 5154 1052 5223 quia
1083 5165 1363 5223 peccatum
1394 5172 1500 5210 non
1539 5155 1699 5210 babc‘

119 5262 269 5311 mus,
300 5247 659 5315 nosmetipsos
686 5246 1011 5307 seducimus,
1040 5255 1097 5301 et
1119 5249 1319 5301 veritas
1346 5247 1437 5304 Dei
1469 5249 1521 5303 in
1550 5248 1719 5308 nobis.

124 5355 235 5393 non
284 5348 371 5392 est
416 5337 485 5407 (Ι
530 5338 690 5393 Joan.
721 5339 798 5408 ι).
847 5358 865 5391 ›
902 5337 1038 5405 Quid
1084 5354 1212 5409 ergo
1241 5340 1478 5395 dicemus
1503 5341 1700 5394 ?«Nun-

124 5430 259 5499 quid
287 5428 467 5483 nullus
513 5428 751 5483 ambulat
797 5430 848 5483 in
896 5429 1014 5499 lege
1042 5429 1300 5483 Domini?
1329 5428 1463 5483 Num
1505 5430 1703 5486 Paulus

126 5535 237 5573 non
262 5518 557 5573 ambulavit
576 5518 666 5588 qui
692 5517 847 5584 dixit,
883 5537 901 5569 ι
945 5518 1152 5573 Bonum
1175 5528 1448 5574 certamen
1474 5520 1709 5587 certavi,

128 5617 357 5667 cursum
409 5610 805 5673 consummavi,
862 5610 1019 5663 fidem
1070 5610 1307 5674 servavi,
1367 5611 1432 5665 de
1496 5612 1703 5681 reliquo

130 5700 374 5783 seposita
428 5711 507 5755 cst
563 5702 692 5755 mihi
750 5717 944 5756 corona
997 5700 1218 5770 jnslilite
1269 5703 1320 5755 in
1373 5702 1462 5757 illo
1511 5704 1640 5758 die?
1678 5723 1695 5756 ι

1807 3250 2036 3317 Domini,
2094 3253 2178 3309 sic
2224 3260 2376 3323 optat
2427 3254 2684 3323 optando,
2722 3265 2777 3308 et
2812 3271 2839 3309 a
2898 3257 3007 3311 Deo
3052 3255 3371 3323 adjutorium

1802 3340 2013 3409 poscit;
2063 3341 2215 3409 quasi
2267 3340 2449 3394 dicat:
2484 3340 2617 3407 Quia
2657 3361 2674 3391 ‹
2714 3344 2972 3398 mandasti
3009 3345 3254 3399 mandata
3286 3354 3374 3398 tua

1803 3414 2085 3493 Custodiri,
2143 3429 2348 3482 utinam
2409 3429 2708 3500 dirigantur
2759 3430 2861 3484 vim
2922 3447 3072 3495 mem,
3134 3454 3151 3484 ›
3207 3433 3257 3486 id
3292 3441 3375 3486 cst

1801 3506 1964 3589 Opera
2015 3533 2157 3583 mea,
2222 3519 2290 3573 ad
2350 3516 2717 3573 custodiendus
2763 3519 3169 3589 jnsti/icationcs
3217 3532 3371 3585 tuas,

1801 3624 1935 3679 quas
1982 3616 2038 3663 tu
2087 3607 2259 3665 fecisti
2289 3619 2345 3664 et
2374 3611 2453 3665 sic
2481 3611 2750 3676 docuisti;
2798 3620 2851 3665 et
2910 3612 3027 3667 ideo
3081 3628 3209 3683 rogo
3259 3613 3373 3667 vias

1801 3716 1950 3757 meas
1993 3700 2171 3773 dirigi,
2222 3702 2346 3771 quia
2380 3711 2522 3768 tunc,
2576 3703 2629 3757 id
2659 3711 2765 3767 est,
2808 3703 3025 3758 directis
3068 3704 3167 3757 viis
3215 3704 3370 3767 meis,

1801 3807 1903 3845 non
1931 3791 2231 3861 confundor
2250 3792 2396 3850 velut
2422 3792 2508 3848 ille
2527 3792 2610 3847 cui
2639 3793 2742 3847 dici
2773 3803 2949 3864 potest
2978 3813 2990 3847 ε
3037 3812 3055 3846 ι
3098 3794 3193 3849 llic
3214 3796 3374 3849 homo

1801 3878 1965 3949 coepit
1997 3879 2285 3941 mdilicare.
2337 3891 2392 3935 et
2438 3897 2543 3937 non
2590 3882 2765 3950 potuit
2796 3898 3168 3938 consummare
3201 3884 3369 3954 (Luc.

1800 3968 1934 4037 xw).
1968 3989 1985 4020 ι
2020 3968 2140 4025 Non.
2162 3969 2460 4026 confundar
2501 3989 2519 4022 ‹
2551 3971 2699 4035 dico,
2732 3992 2750 4024 ι
2783 3992 2805 4023 ι
2831 3988 2949 4027 cum
2978 3975 3372 4044 perspexeroiu

1799 4059 2049 4114 omnibus
2085 4060 2350 4114 mandatis
2379 4060 2513 4123 tuis,
2550 4079 2568 4111 ι
2598 4060 2649 4115 id
2682 4070 2782 4125 est,
2811 4077 2937 4116 cum
2966 4062 3077 4132 ipsa
3122 4064 3371 4117 mandata

1802 4157 1889 4203 tua
1923 4164 2009 4204 me
2054 4150 2184 4204 mihi
2225 4149 2427 4205 faciunt
2470 4150 2765 4221 speculum.
2815 4151 2870 4206 In
2919 4153 3186 4208 mandatis
3228 4154 3369 4207 enim

1800 4236 2012 4292 Domini
2050 4252 2108 4292 se
2138 4238 2389 4308 quisque,
2422 4239 2597 4309 qualis
2634 4240 2719 4303 sit,
2755 4240 2949 4296 intueri
2978 4251 3192 4312 potest;
3217 4242 3370 4310 juxta

1800 4330 2101 4399 apostolum
2158 4331 2418 4386 Jacobum
2472 4333 2781 4387 dicentem:
2824 4352 2843 4384 ‹
2890 4333 2946 4388 Si
2996 4335 3116 4402 quis
3160 4336 3373 4389 auditor

1802 4428 1885 4473 est
1917 4421 2062 4473 verbi
2102 4429 2158 4475 ct
2200 4436 2304 4474 non
2343 4422 2533 4488 factor,
2562 4422 2648 4477 hic
2682 4433 3025 4493 comparatur
3052 4425 3166 4479 viro
3191 4426 3369 4479 consi—

1806 4510 2013 4563 deranti
2044 4509 2250 4564 vultum
2296 4512 2597 4568 nativitatis
2632 4529 2742 4571 sua:
2768 4513 2820 4567 in
2855 4515 3089 4583 speculo.
3115 4513 3374 4569 Conside-

1803 4601 1944 4656 ravit
1970 4600 2113 4654 enim
2164 4615 2244 4661 se.
2276 4610 2332 4655 et
2365 4601 2498 4656 abiit
2526 4621 2537 4657 :
2565 4612 2618 4658 et
2652 4604 2833 4659 statim
2860 4604 3057 4659 oblitus
3091 4614 3173 4659 est
3196 4605 3369 4675 qualis

1802 4689 1965 4744 fuerit
2011 4688 2150 4760 (Jac.
2181 4690 2252 4760 ι).
2286 4710 2307 4743 ι
2349 4690 2449 4759 Qui
2493 4702 2669 4747 autem
2712 4696 3047 4763 perspexerit
3095 4696 3146 4750 in
3197 4696 3377 4765 legem

1802 4778 2054 4850 perfecta:
2109 4778 2374 4834 libertatis
2430 4789 2484 4834 et
2535 4783 2932 4850 permanserit,
2997 4798 3103 4843 non
3159 4785 3379 4838 auditore

1803 4867 2116 4928 obliviosus,
2172 4867 2263 4921 sed
2319 4867 2491 4921 factor
2546 4869 2742 4936 operis,
2791 4870 2880 4927 hic
2927 4870 3195 4926 beatusin
3228 4871 3383 4927 facto.

1803 4972 1902 5014 suo
1927 4957 2049 5013 erit.
2079 4956 2224 5012 Talis
2247 4967 2300 5012 et
2328 4958 2428 5013 iste
2456 4959 2564 5013 vult
2591 4975 2728 5025 esse,
2767 4970 2824 5015 ut
2848 4962 3095 5032 inspiciat
3117 4973 3383 5033 tanquam,

1804 5052 1858 5106 in
1887 5049 2105 5121 Speculo
2145 5051 2398 5112 mandata
2432 5052 2550 5115 Dei,
2576 5061 2643 5107 ut-
2667 5067 2771 5107 non
2808 5053 3204 5119 confundatur:
3244 5055 3383 5123 quia.

1810 5158 1917 5203 non
1944 5141 2162 5197 auditor.
2198 5156 2386 5199 eorum
2418 5144 2529 5197 vult
2568 5159 2703 5202 esse.
2740 5154 2967 5211 tantum,
3022 5145 3114 5202 sed
3150 5144 3323 5200 factor
3352 5160 3381 5209 :;

1806 5235 1947 5305 quod
1964 5233 2122 5288 dicit:
2152 5252 2169 5285 ι
2190 5232 2339 5288 Tunc
2369 5249 2472 5289 non
2491 5250 2587 5289 con
2597 5235 2813 5301 fundar,
2832 5251 2951 5290 cum
2974 5249 3296 5304 perspexero
3317 5234 3387 5299 in.

1806 5323 2057 5378 omnibus
2074 5322 2342 5379 mandatis
2361 5325 2485 5379 tuis.
2520 5344 2537 5376 ι
2570 5325 2722 5385 Unde
2745 5326 3026 5395 conﬁtebor:
3055 5325 3168 5390 tibi,
3200 5324 3252 5378 id
3267 5332 3391 5393 estk

1803 5411 2032 5468 laudabo
2083 5420 2157 5479 te,
2212 5414 2267 5467 in
2304 5413 2586 5469 directione
2634 5415 2824 5479 cordis,
2884 5414 2945 5469 id
2993 5422 3095 5477 est,
3128 5412 3179 5466 in
3212 5412 3392 5466 corde.

1806 5509 1973 5566 recto,
2011 5510 2067 5559 et
2093 5518 2368 5573 nunquam
2399 5521 2427 5559 a
2466 5514 2552 5558 tua
2587 5505 2861 5558 voluntate
2896 5504 3144 5557 distorto.
3171 5503 3235 5556 Et
3266 5516 3391 5565 non,

1807 5600 2017 5648 tantum
2047 5602 2099 5647 te
2125 5592 2353 5649 laudabo
2385 5594 2437 5647 in
2480 5595 2592 5663 ipsa
2622 5594 2955 5662 operatione,
2984 5593 3077 5647 sed
3115 5592 3276 5647 etiam
3319 5592 3392 5656 in,

1807 5686 1923 5770 ipsa
1948 5684 2331 5757 inchoatione,
2361 5686 2412 5738 in
2440 5701 2496 5739 eo
2547 5684 2787 5741 videlicet
2818 5684 2955 5766 quod
2984 5684 3145 5737 didici
3166 5682 3395 5763 judicia.
