  <div class='ocr_page' id='page_1' title='image "/cluster/home/n/w/nwhite01/storage/ocr_20150623/131/hvd.32044015471725/373.png"; bbox 0 0 4034 6416; ppageno 0'>
   <div class='ocr_carea' id='block_1_1' title="bbox 649 366 751 436">
    <p class='ocr_par' dir='ltr' id='par_1_1' title="bbox 649 366 751 436">
     <span class='ocr_line' id='line_1_1' title="bbox 649 366 751 436; baseline 0 0"><span class='ocrx_word' id='word_1_1' title='bbox 649 366 751 436; x_wconf 78' lang='lat'><strong>755.</strong></span> 
     </span>
    </p>
   </div>
   <div class='ocr_carea' id='block_1_2' title="bbox 650 474 2522 550">
    <p class='ocr_par' dir='ltr' id='par_1_2' title="bbox 650 474 2522 550">
     <span class='ocr_line' id='line_1_2' title="bbox 650 474 2522 550; baseline -0.007 -15"><span class='ocrx_word' id='word_1_2' title='bbox 650 480 865 547; x_wconf 77' lang='lat' dir='ltr'><strong>iustitia:</strong></span> <span class='ocrx_word' id='word_1_3' title='bbox 886 490 1013 547; x_wconf 78' lang='lat' dir='ltr'><strong>tute,</strong></span> <span class='ocrx_word' id='word_1_4' title='bbox 1036 480 1088 535; x_wconf 92' lang='lat' dir='ltr'><strong>id</strong></span> <span class='ocrx_word' id='word_1_5' title='bbox 1109 489 1211 545; x_wconf 89' lang='lat' dir='ltr'><strong>est,</strong></span> <span class='ocrx_word' id='word_1_6' title='bbox 1237 480 1288 533; x_wconf 93' lang='lat' dir='ltr'><strong>in</strong></span> <span class='ocrx_word' id='word_1_7' title='bbox 1311 481 1414 533; x_wconf 90' lang='lat' dir='ltr'><strong>hoc</strong></span> <span class='ocrx_word' id='word_1_8' title='bbox 1434 479 1574 548; x_wconf 87' lang='lat' dir='ltr'><strong>quod</strong></span> <span class='ocrx_word' id='word_1_9' title='bbox 1593 477 1826 531; x_wconf 77' lang='lat' dir='ltr'><strong>intellexi</strong></span> <span class='ocrx_word' id='word_1_10' title='bbox 1851 474 2227 531; x_wconf 77' lang='lat' dir='ltr'><strong>discretionem</strong></span> <span class='ocrx_word' id='word_1_11' title='bbox 2261 491 2305 550; x_wconf 72' lang='grc' dir='ltr'>Α</span> <span class='ocrx_word' id='word_1_12' title='bbox 2337 485 2454 523; x_wconf 86' lang='lat' dir='ltr'><strong>rum</strong></span> <span class='ocrx_word' id='word_1_13' title='bbox 2508 487 2522 522; x_wconf 87' lang='lat'><strong>:</strong></span> 
     </span>
    </p>
   </div>
   <div class='ocr_carea' id='block_1_3' title="bbox 652 564 2225 638">
    <p class='ocr_par' dir='ltr' id='par_1_3' title="bbox 652 564 2225 638">
     <span class='ocr_line' id='line_1_3' title="bbox 652 564 2225 638; baseline -0.006 -14"><span class='ocrx_word' id='word_1_14' title='bbox 652 569 820 634; x_wconf 84' lang='lat' dir='ltr'><strong>illam,</strong></span> <span class='ocrx_word' id='word_1_15' title='bbox 876 583 998 638; x_wconf 69' lang='lat' dir='ltr'><strong>qua:</strong></span> <span class='ocrx_word' id='word_1_16' title='bbox 1047 583 1115 622; x_wconf 78' lang='lat' dir='ltr'><strong>ex</strong></span> <span class='ocrx_word' id='word_1_17' title='bbox 1171 576 1261 622; x_wconf 90' lang='lat' dir='ltr'><strong>tua</strong></span> <span class='ocrx_word' id='word_1_18' title='bbox 1316 566 1527 635; x_wconf 88' lang='lat' dir='ltr'><strong>jnstitia</strong></span> <span class='ocrx_word' id='word_1_19' title='bbox 1578 565 1858 634; x_wconf 80' lang='lat' dir='ltr'><strong>processit,</strong></span> <span class='ocrx_word' id='word_1_20' title='bbox 1913 564 2225 617; x_wconf 91' lang='lat' dir='ltr'><strong>discernere</strong></span> 
     </span>
    </p>
   </div>
   <div class='ocr_carea' id='block_1_4' title="bbox 652 655 2223 727">
    <p class='ocr_par' dir='ltr' id='par_1_4' title="bbox 652 655 2223 727">
     <span class='ocr_line' id='line_1_4' title="bbox 652 655 2223 727; baseline -0.002 -18"><span class='ocrx_word' id='word_1_21' title='bbox 652 658 905 713; x_wconf 90' lang='lat' dir='ltr'><strong>videlicet</strong></span> <span class='ocrx_word' id='word_1_22' title='bbox 929 658 1059 727; x_wconf 89' lang='lat' dir='ltr'><strong>quid</strong></span> <span class='ocrx_word' id='word_1_23' title='bbox 1091 671 1280 711; x_wconf 90' lang='lat' dir='ltr'><strong>servus</strong></span> <span class='ocrx_word' id='word_1_24' title='bbox 1305 656 1497 711; x_wconf 88' lang='lat' dir='ltr'><strong>debeat</strong></span> <span class='ocrx_word' id='word_1_25' title='bbox 1540 656 1788 719; x_wconf 82' lang='lat' dir='ltr'><strong>Domino,</strong></span> <span class='ocrx_word' id='word_1_26' title='bbox 1817 655 1946 723; x_wconf 90' lang='lat' dir='ltr'><strong>quid</strong></span> <span class='ocrx_word' id='word_1_27' title='bbox 1975 661 2223 707; x_wconf 89' lang='lat' dir='ltr'><strong>creatura</strong></span> 
     </span>
    </p>
   </div>
   <div class='ocr_carea' id='block_1_5' title="bbox 652 743 2225 812">
    <p class='ocr_par' dir='ltr' id='par_1_5' title="bbox 652 743 2225 812">
     <span class='ocr_line' id='line_1_5' title="bbox 652 743 2225 812; baseline -0.003 -12"><span class='ocrx_word' id='word_1_28' title='bbox 652 745 922 812; x_wconf 85' lang='lat' dir='ltr'><strong>Creatori.</strong></span> <span class='ocrx_word' id='word_1_29' title='bbox 958 763 976 794; x_wconf 84' lang='grc' dir='ltr'><strong>ι</strong></span> <span class='ocrx_word' id='word_1_30' title='bbox 1017 743 1440 799; x_wconf 72' lang='lat' dir='ltr'><strong>iustiﬁcationes</strong></span> <span class='ocrx_word' id='word_1_31' title='bbox 1483 752 1603 797; x_wconf 89' lang='lat' dir='ltr'><strong>tuas</strong></span> <span class='ocrx_word' id='word_1_32' title='bbox 1631 744 1954 806; x_wconf 75' lang='lat' dir='ltr'><strong>custodiam,</strong></span> <span class='ocrx_word' id='word_1_33' title='bbox 1999 757 2104 796; x_wconf 92' lang='lat' dir='ltr'><strong>non</strong></span> <span class='ocrx_word' id='word_1_34' title='bbox 2139 755 2225 796; x_wconf 87' lang='lat' dir='ltr'><strong>me</strong></span> 
     </span>
    </p>
   </div>
   <div class='ocr_carea' id='block_1_6' title="bbox 652 832 2224 905">
    <p class='ocr_par' dir='ltr' id='par_1_6' title="bbox 652 832 2224 905">
     <span class='ocr_line' id='line_1_6' title="bbox 652 832 2224 905; baseline -0.001 -16"><span class='ocrx_word' id='word_1_35' title='bbox 652 837 995 905; x_wconf 89' lang='lat' dir='ltr'><strong>derelinquas</strong></span> <span class='ocrx_word' id='word_1_36' title='bbox 1037 849 1460 905; x_wconf 88' lang='lat' dir='ltr'><strong>usquequaque:</strong></span> <span class='ocrx_word' id='word_1_37' title='bbox 1500 854 1518 886; x_wconf 82' lang='grc' dir='ltr'><strong>ι</strong></span> <span class='ocrx_word' id='word_1_38' title='bbox 1567 834 1702 901; x_wconf 85' lang='lat' dir='ltr'><strong>Quia</strong></span> <span class='ocrx_word' id='word_1_39' title='bbox 1739 832 2224 903; x_wconf 78' lang='lat' dir='ltr'><strong>justiﬁeationibus</strong></span> 
     </span>
    </p>
   </div>
   <div class='ocr_carea' id='block_1_7' title="bbox 655 924 2223 996">
    <p class='ocr_par' dir='ltr' id='par_1_7' title="bbox 655 924 2223 996">
     <span class='ocr_line' id='line_1_7' title="bbox 655 924 2223 996; baseline 0 -18"><span class='ocrx_word' id='word_1_40' title='bbox 655 928 761 982; x_wconf 92' lang='lat' dir='ltr'><strong>tuis</strong></span> <span class='ocrx_word' id='word_1_41' title='bbox 817 926 1098 983; x_wconf 75' lang='lat' dir='ltr'><strong>custoditis</strong></span> <span class='ocrx_word' id='word_1_42' title='bbox 1151 943 1256 981; x_wconf 91' lang='lat' dir='ltr'><strong>non</strong></span> <span class='ocrx_word' id='word_1_43' title='bbox 1322 925 1665 990; x_wconf 88' lang='lat' dir='ltr'><strong>cont‘nndar,</strong></span> <span class='ocrx_word' id='word_1_44' title='bbox 1741 941 1868 996; x_wconf 83' lang='lat' dir='ltr'><strong>ergo</strong></span> <span class='ocrx_word' id='word_1_45' title='bbox 1922 924 2223 980; x_wconf 81' lang='lat' dir='ltr'><strong>custodiam</strong></span> 
     </span>
    </p>
   </div>
   <div class='ocr_carea' id='block_1_8' title="bbox 649 1014 2223 1085">
    <p class='ocr_par' dir='ltr' id='par_1_8' title="bbox 649 1014 2223 1085">
     <span class='ocr_line' id='line_1_8' title="bbox 649 1014 2223 1085; baseline -0.001 -14"><span class='ocrx_word' id='word_1_46' title='bbox 649 1016 1059 1085; x_wconf 78' lang='lat' dir='ltr'><strong>iustiﬁcationes</strong></span> <span class='ocrx_word' id='word_1_47' title='bbox 1081 1028 1220 1073; x_wconf 89' lang='lat' dir='ltr'><strong>tuas.</strong></span> <span class='ocrx_word' id='word_1_48' title='bbox 1251 1018 1386 1071; x_wconf 87' lang='lat' dir='ltr'><strong>Etut</strong></span> <span class='ocrx_word' id='word_1_49' title='bbox 1414 1017 1738 1081; x_wconf 87' lang='lat' dir='ltr'><strong>custodiam,</strong></span> <span class='ocrx_word' id='word_1_50' title='bbox 1768 1034 1870 1070; x_wconf 88' lang='lat' dir='ltr'><strong>non</strong></span> <span class='ocrx_word' id='word_1_51' title='bbox 1894 1032 1973 1070; x_wconf 82' lang='lat' dir='ltr'><strong>nte</strong></span> <span class='ocrx_word' id='word_1_52' title='bbox 1992 1014 2223 1069; x_wconf 84' lang='lat' dir='ltr'><strong>derelin-</strong></span> 
     </span>
    </p>
   </div>
   <div class='ocr_carea' id='block_1_9' title="bbox 652 1106 2224 1179">
    <p class='ocr_par' dir='ltr' id='par_1_9' title="bbox 652 1106 2224 1179">
     <span class='ocr_line' id='line_1_9' title="bbox 652 1106 2224 1179; baseline -0.003 -19"><span class='ocrx_word' id='word_1_53' title='bbox 652 1125 783 1177; x_wconf 95' lang='lat' dir='ltr'><strong>quas</strong></span> <span class='ocrx_word' id='word_1_54' title='bbox 815 1125 1199 1179; x_wconf 78' lang='lat' dir='ltr'><strong>usquequaque.</strong></span> <span class='ocrx_word' id='word_1_55' title='bbox 1234 1106 1291 1161; x_wconf 87' lang='lat' dir='ltr'><strong>Si</strong></span> <span class='ocrx_word' id='word_1_56' title='bbox 1317 1106 1648 1176; x_wconf 89' lang='lat' dir='ltr'><strong>dercliqnisti</strong></span> <span class='ocrx_word' id='word_1_57' title='bbox 1683 1122 1767 1161; x_wconf 89' lang='lat' dir='ltr'><strong>me</strong></span> <span class='ocrx_word' id='word_1_58' title='bbox 1807 1115 1864 1160; x_wconf 87' lang='lat' dir='ltr'><strong>ut</strong></span> <span class='ocrx_word' id='word_1_59' title='bbox 1884 1121 2094 1176; x_wconf 84' lang='lat' dir='ltr'><strong>egeam,</strong></span> <span class='ocrx_word' id='word_1_60' title='bbox 2120 1120 2224 1157; x_wconf 88' lang='lat' dir='ltr'><strong>non</strong></span> 
     </span>
    </p>
   </div>
   <div class='ocr_carea' id='block_1_10' title="bbox 654 1194 2223 1267">
    <p class='ocr_par' dir='ltr' id='par_1_10' title="bbox 654 1194 2223 1267">
     <span class='ocr_line' id='line_1_10' title="bbox 654 1194 2223 1267; baseline -0.001 -19"><span class='ocrx_word' id='word_1_61' title='bbox 654 1196 982 1267; x_wconf 76' lang='lat' dir='ltr'><strong>derelinquas</strong></span> <span class='ocrx_word' id='word_1_62' title='bbox 1019 1213 1099 1250; x_wconf 86' lang='lat' dir='ltr'><strong>me</strong></span> <span class='ocrx_word' id='word_1_63' title='bbox 1141 1206 1201 1253; x_wconf 84' lang='lat' dir='ltr'><strong>ut</strong></span> <span class='ocrx_word' id='word_1_64' title='bbox 1227 1211 1465 1265; x_wconf 89' lang='lat' dir='ltr'><strong>peream.</strong></span> <span class='ocrx_word' id='word_1_65' title='bbox 1504 1195 1599 1251; x_wconf 85' lang='lat' dir='ltr'><strong>Vel</strong></span> <span class='ocrx_word' id='word_1_66' title='bbox 1632 1211 1735 1249; x_wconf 84' lang='lat' dir='ltr'><strong>non</strong></span> <span class='ocrx_word' id='word_1_67' title='bbox 1781 1194 2109 1263; x_wconf 80' lang='lat' dir='ltr'><strong>derelinquas</strong></span> <span class='ocrx_word' id='word_1_68' title='bbox 2141 1208 2223 1246; x_wconf 83' lang='lat' dir='ltr'><strong>mc</strong></span> 
     </span>
    </p>
   </div>
   <div class='ocr_carea' id='block_1_11' title="bbox 655 1282 2220 1356">
    <p class='ocr_par' dir='ltr' id='par_1_11' title="bbox 655 1282 2220 1356">
     <span class='ocr_line' id='line_1_11' title="bbox 655 1282 2220 1356; baseline -0.002 -18"><span class='ocrx_word' id='word_1_69' title='bbox 655 1287 721 1338; x_wconf 89' lang='lat' dir='ltr'><strong>ad</strong></span> <span class='ocrx_word' id='word_1_70' title='bbox 767 1285 819 1340; x_wconf 89' lang='lat' dir='ltr'><strong>id</strong></span> <span class='ocrx_word' id='word_1_71' title='bbox 860 1288 1001 1356; x_wconf 90' lang='lat' dir='ltr'><strong>quod</strong></span> <span class='ocrx_word' id='word_1_72' title='bbox 1039 1287 1237 1355; x_wconf 89' lang='lat' dir='ltr'><strong>possim</strong></span> <span class='ocrx_word' id='word_1_73' title='bbox 1276 1286 1381 1340; x_wconf 90' lang='lat' dir='ltr'><strong>dici</strong></span> <span class='ocrx_word' id='word_1_74' title='bbox 1417 1301 1630 1355; x_wconf 89' lang='lat' dir='ltr'><strong>quaqua</strong></span> <span class='ocrx_word' id='word_1_75' title='bbox 1679 1286 1887 1339; x_wconf 87' lang='lat' dir='ltr'><strong>ratione</strong></span> <span class='ocrx_word' id='word_1_76' title='bbox 1915 1282 2220 1347; x_wconf 90' lang='lat' dir='ltr'><strong>derelictus,</strong></span> 
     </span>
    </p>
   </div>
   <div class='ocr_carea' id='block_1_12' title="bbox 655 1376 2227 1450">
    <p class='ocr_par' dir='ltr' id='par_1_12' title="bbox 655 1376 2227 1450">
     <span class='ocr_line' id='line_1_12' title="bbox 655 1376 2227 1450; baseline 0.001 -20"><span class='ocrx_word' id='word_1_77' title='bbox 655 1387 715 1431; x_wconf 92' lang='lat' dir='ltr'><strong>ut</strong></span> <span class='ocrx_word' id='word_1_78' title='bbox 770 1379 823 1432; x_wconf 91' lang='lat' dir='ltr'><strong>in</strong></span> <span class='ocrx_word' id='word_1_79' title='bbox 861 1394 946 1433; x_wconf 91' lang='lat' dir='ltr'><strong>me</strong></span> <span class='ocrx_word' id='word_1_80' title='bbox 972 1379 1087 1449; x_wconf 87' lang='lat' dir='ltr'><strong>ipso</strong></span> <span class='ocrx_word' id='word_1_81' title='bbox 1132 1379 1379 1434; x_wconf 87' lang='lat' dir='ltr'><strong>videlicet</strong></span> <span class='ocrx_word' id='word_1_82' title='bbox 1409 1379 1623 1450; x_wconf 78' lang='lat' dir='ltr'><strong>glorier.</strong></span> <span class='ocrx_word' id='word_1_83' title='bbox 1673 1388 1718 1433; x_wconf 82' lang='lat' dir='ltr'><strong>A</strong></span> <span class='ocrx_word' id='word_1_84' title='bbox 1762 1378 1872 1434; x_wconf 89' lang='lat' dir='ltr'><strong>Deo</strong></span> <span class='ocrx_word' id='word_1_85' title='bbox 1900 1377 2042 1433; x_wconf 90' lang='lat' dir='ltr'><strong>enim</strong></span> <span class='ocrx_word' id='word_1_86' title='bbox 2069 1376 2227 1431; x_wconf 80' lang='lat' dir='ltr'><strong>dere-</strong></span> 
     </span>
    </p>
   </div>
   <div class='ocr_carea' id='block_1_13' title="bbox 657 1469 2060 1541">
    <p class='ocr_par' dir='ltr' id='par_1_13' title="bbox 657 1469 2060 1541">
     <span class='ocr_line' id='line_1_13' title="bbox 657 1469 2060 1541; baseline 0.001 -20"><span class='ocrx_word' id='word_1_87' title='bbox 657 1469 938 1540; x_wconf 88' lang='lat' dir='ltr'><strong>linquitur,</strong></span> <span class='ocrx_word' id='word_1_88' title='bbox 971 1470 1060 1539; x_wconf 90' lang='lat' dir='ltr'><strong>qui</strong></span> <span class='ocrx_word' id='word_1_89' title='bbox 1093 1469 1145 1524; x_wconf 94' lang='lat' dir='ltr'><strong>in</strong></span> <span class='ocrx_word' id='word_1_90' title='bbox 1174 1471 1350 1540; x_wconf 91' lang='lat' dir='ltr'><strong>seipso</strong></span> <span class='ocrx_word' id='word_1_91' title='bbox 1378 1471 1430 1523; x_wconf 91' lang='lat' dir='ltr'><strong>in</strong></span> <span class='ocrx_word' id='word_1_92' title='bbox 1460 1471 1757 1526; x_wconf 78' lang='lat' dir='ltr'><strong>benefactis</strong></span> <span class='ocrx_word' id='word_1_93' title='bbox 1778 1470 2060 1541; x_wconf 73' lang='lat' dir='ltr'><strong>gloriatur.</strong></span> 
     </span>
    </p>
   </div>
   <div class='ocr_carea' id='block_1_14' title="bbox 729 1558 2224 1630">
    <p class='ocr_par' dir='ltr' id='par_1_14' title="bbox 729 1558 2224 1630">
     <span class='ocr_line' id='line_1_14' title="bbox 729 1558 2224 1630; baseline 0.002 -20"><span class='ocrx_word' id='word_1_94' title='bbox 729 1578 749 1610; x_wconf 78' lang='grc' dir='ltr'><strong>ι</strong></span> <span class='ocrx_word' id='word_1_95' title='bbox 793 1559 965 1614; x_wconf 76' lang='lat' dir='ltr'><strong>Bern.</strong></span> <span class='ocrx_word' id='word_1_96' title='bbox 1004 1590 1074 1599; x_wconf 95' lang='lat'><strong><em>—</em></strong></span> <span class='ocrx_word' id='word_1_97' title='bbox 1109 1558 1165 1615; x_wconf 86' lang='lat' dir='ltr'><strong>In</strong></span> <span class='ocrx_word' id='word_1_98' title='bbox 1235 1575 1343 1630; x_wconf 90' lang='lat' dir='ltr'><strong>quo</strong></span> <span class='ocrx_word' id='word_1_99' title='bbox 1382 1561 1609 1630; x_wconf 84' lang='lat' dir='ltr'><strong>corrigit</strong></span> <span class='ocrx_word' id='word_1_100' title='bbox 1650 1561 2043 1617; x_wconf 86' lang='lat' dir='ltr'><strong>adolescentior</strong></span> <span class='ocrx_word' id='word_1_101' title='bbox 2083 1560 2224 1614; x_wconf 91' lang='lat' dir='ltr'><strong>viam</strong></span> 
     </span>
    </p>
   </div>
   <div class='ocr_carea' id='block_1_15' title="bbox 665 1636 2224 1727">
    <p class='ocr_par' dir='ltr' id='par_1_15' title="bbox 665 1636 2224 1727">
     <span class='ocr_line' id='line_1_15' title="bbox 665 1636 2224 1727; baseline 0.006 -26"><span class='ocrx_word' id='word_1_102' title='bbox 665 1668 685 1701; x_wconf 85' lang='grc'><strong>‹</strong></span> <span class='ocrx_word' id='word_1_103' title='bbox 729 1651 926 1704; x_wconf 76' lang='lat' dir='ltr'><strong>suam?</strong></span> <span class='ocrx_word' id='word_1_104' title='bbox 968 1651 1022 1705; x_wconf 92' lang='lat' dir='ltr'><strong>in</strong></span> <span class='ocrx_word' id='word_1_105' title='bbox 1089 1652 1440 1727; x_wconf 74' lang='lat' dir='ltr'><strong>custodiendo</strong></span> <span class='ocrx_word' id='word_1_106' title='bbox 1500 1636 1965 1710; x_wconf 27' lang='lat' dir='ltr'><strong>sermones‘tuos.</strong></span> <span class='ocrx_word' id='word_1_107' title='bbox 2019 1653 2073 1709; x_wconf 93' lang='lat' dir='ltr'><strong>ln</strong></span> <span class='ocrx_word' id='word_1_108' title='bbox 2110 1662 2224 1710; x_wconf 92' lang='lat' dir='ltr'><strong>toto</strong></span> 
     </span>
    </p>
   </div>
   <div class='ocr_carea' id='block_1_16' title="bbox 660 1732 2223 1814">
    <p class='ocr_par' dir='ltr' id='par_1_16' title="bbox 660 1732 2223 1814">
     <span class='ocr_line' id='line_1_16' title="bbox 660 1732 2223 1814; baseline 0.006 -25"><span class='ocrx_word' id='word_1_109' title='bbox 660 1758 678 1789; x_wconf 75' lang='grc' dir='ltr'><strong>ι</strong></span> <span class='ocrx_word' id='word_1_110' title='bbox 724 1740 888 1795; x_wconf 89' lang='lat' dir='ltr'><strong>corde</strong></span> <span class='ocrx_word' id='word_1_111' title='bbox 912 1756 1034 1797; x_wconf 89' lang='lat' dir='ltr'><strong>meo</strong></span> <span class='ocrx_word' id='word_1_112' title='bbox 1074 1732 1338 1812; x_wconf 66' lang='lat' dir='ltr'><strong>exquisivi</strong></span> <span class='ocrx_word' id='word_1_113' title='bbox 1378 1751 1446 1806; x_wconf 89' lang='lat' dir='ltr'><strong>te,</strong></span> <span class='ocrx_word' id='word_1_114' title='bbox 1489 1758 1557 1797; x_wconf 90' lang='lat' dir='ltr'><strong>ne</strong></span> <span class='ocrx_word' id='word_1_115' title='bbox 1595 1744 1822 1814; x_wconf 80' lang='lat' dir='ltr'><strong>repellas</strong></span> <span class='ocrx_word' id='word_1_116' title='bbox 1865 1762 1951 1799; x_wconf 90' lang='lat' dir='ltr'><strong>me</strong></span> <span class='ocrx_word' id='word_1_117' title='bbox 1995 1760 2025 1798; x_wconf 88' lang='lat' dir='ltr'><strong>a</strong></span> <span class='ocrx_word' id='word_1_118' title='bbox 2072 1760 2223 1801; x_wconf 82' lang='lat' dir='ltr'><strong>man-</strong></span> 
     </span>
    </p>
   </div>
   <div class='ocr_carea' id='block_1_17' title="bbox 1283 310 3269 418">
    <p class='ocr_par' dir='ltr' id='par_1_17' title="bbox 1283 310 3269 418">
     <span class='ocr_line' id='line_1_17' title="bbox 1283 310 3269 418; baseline -0.004 0"><span class='ocrx_word' id='word_1_119' title='bbox 1283 364 1539 418; x_wconf 70' lang='lat' dir='ltr'><strong>neuneu</strong></span> <span class='ocrx_word' id='word_1_120' title='bbox 1578 354 2234 418; x_wconf 70' lang='lat' dir='ltr'><strong>ANTISSIODOBENSiS</strong></span> <span class='ocrx_word' id='word_1_121' title='bbox 2271 357 2420 413; x_wconf 69' lang='lat' dir='ltr'><strong>ore.</strong></span> <span class='ocrx_word' id='word_1_122' title='bbox 2463 355 2640 410; x_wconf 62' lang='lat' dir='ltr'><strong>esas</strong></span> <span class='ocrx_word' id='word_1_123' title='bbox 2678 354 2718 410; x_wconf 86' lang='grc' dir='ltr'>ι.</span> <span class='ocrx_word' id='word_1_124' title='bbox 2754 310 2822 397; x_wconf 60' lang='grc' dir='ltr'><strong>ζ-</strong></span> <span class='ocrx_word' id='word_1_125' title='bbox 2862 355 3269 413; x_wconf 66' lang='lat' dir='ltr'><strong>exsomnes.</strong></span> 
     </span>
    </p>
   </div>
   <div class='ocr_carea' id='block_1_18' title="bbox 3814 356 3916 413">
    <p class='ocr_par' dir='ltr' id='par_1_18' title="bbox 3814 356 3916 413">
     <span class='ocr_line' id='line_1_18' title="bbox 3814 356 3916 413; baseline 0 0"><span class='ocrx_word' id='word_1_126' title='bbox 3814 356 3916 413; x_wconf 70' lang='grc' dir='ltr'><strong>πα</strong></span> 
     </span>
    </p>
   </div>
   <div class='ocr_carea' id='block_1_19' title="bbox 2579 468 3913 541">
    <p class='ocr_par' dir='ltr' id='par_1_19' title="bbox 2579 468 3913 541">
     <span class='ocr_line' id='line_1_19' title="bbox 2579 468 3913 541; baseline 0.004 -21"><span class='ocrx_word' id='word_1_127' title='bbox 2579 488 2598 520; x_wconf 82' lang='grc' dir='ltr'><strong>ι</strong></span> <span class='ocrx_word' id='word_1_128' title='bbox 2644 470 2696 524; x_wconf 92' lang='lat' dir='ltr'><strong>in</strong></span> <span class='ocrx_word' id='word_1_129' title='bbox 2749 469 2907 524; x_wconf 79' lang='lat' dir='ltr'><strong>labiis</strong></span> <span class='ocrx_word' id='word_1_130' title='bbox 2957 470 3093 525; x_wconf 89' lang='lat' dir='ltr'><strong>meis</strong></span> <span class='ocrx_word' id='word_1_131' title='bbox 3144 468 3483 540; x_wconf 81' lang='lat' dir='ltr'><strong>pronuntiavi</strong></span> <span class='ocrx_word' id='word_1_132' title='bbox 3537 468 3724 524; x_wconf 82' lang='lat' dir='ltr'><strong>omnia</strong></span> <span class='ocrx_word' id='word_1_133' title='bbox 3771 470 3913 541; x_wconf 67' lang='lat' dir='ltr'><strong>judi‘</strong></span> 
     </span>
    </p>
   </div>
   <div class='ocr_carea' id='block_1_20' title="bbox 2331 559 3921 630">
    <p class='ocr_par' dir='ltr' id='par_1_20' title="bbox 2331 559 3921 630">
     <span class='ocr_line' id='line_1_20' title="bbox 2331 559 3921 630; baseline 0.001 -15"><span class='ocrx_word' id='word_1_134' title='bbox 2331 560 2414 616; x_wconf 89' lang='lat' dir='ltr'><strong>cia</strong></span> <span class='ocrx_word' id='word_1_135' title='bbox 2456 559 2568 615; x_wconf 81' lang='lat' dir='ltr'><strong>oris</strong></span> <span class='ocrx_word' id='word_1_136' title='bbox 2610 559 2705 623; x_wconf 92' lang='lat' dir='ltr'><strong>tui,</strong></span> <span class='ocrx_word' id='word_1_137' title='bbox 2737 580 2756 612; x_wconf 76' lang='grc' dir='ltr'><strong>ι</strong></span> <span class='ocrx_word' id='word_1_138' title='bbox 2785 559 2839 613; x_wconf 91' lang='lat' dir='ltr'><strong>id</strong></span> <span class='ocrx_word' id='word_1_139' title='bbox 2867 568 2980 624; x_wconf 88' lang='lat' dir='ltr'><strong>est,</strong></span> <span class='ocrx_word' id='word_1_140' title='bbox 3031 567 3298 630; x_wconf 77' lang='lat' dir='ltr'><strong>pnecepta</strong></span> <span class='ocrx_word' id='word_1_141' title='bbox 3344 574 3464 629; x_wconf 74' lang='lat' dir='ltr'><strong>qua:</strong></span> <span class='ocrx_word' id='word_1_142' title='bbox 3504 575 3601 630; x_wconf 89' lang='lat' dir='ltr'><strong>per</strong></span> <span class='ocrx_word' id='word_1_143' title='bbox 3639 574 3706 616; x_wconf 85' lang='lat' dir='ltr'><strong>os</strong></span> <span class='ocrx_word' id='word_1_144' title='bbox 3735 569 3921 625; x_wconf 75' lang='lat' dir='ltr'><strong>mum,</strong></span> 
     </span>
    </p>
   </div>
   <div class='ocr_carea' id='block_1_21' title="bbox 2325 646 3914 717">
    <p class='ocr_par' dir='ltr' id='par_1_21' title="bbox 2325 646 3914 717">
     <span class='ocr_line' id='line_1_21' title="bbox 2325 646 3914 717; baseline -0.001 -13"><span class='ocrx_word' id='word_1_145' title='bbox 2325 649 2380 704; x_wconf 93' lang='lat' dir='ltr'><strong>id</strong></span> <span class='ocrx_word' id='word_1_146' title='bbox 2449 656 2564 714; x_wconf 88' lang='lat' dir='ltr'><strong>est,</strong></span> <span class='ocrx_word' id='word_1_147' title='bbox 2615 662 2713 717; x_wconf 88' lang='lat' dir='ltr'><strong>per</strong></span> <span class='ocrx_word' id='word_1_148' title='bbox 2775 661 3052 703; x_wconf 87' lang='lat' dir='ltr'><strong>sermones</strong></span> <span class='ocrx_word' id='word_1_149' title='bbox 3100 646 3283 702; x_wconf 88' lang='lat' dir='ltr'><strong>didici.</strong></span> <span class='ocrx_word' id='word_1_150' title='bbox 3356 646 3549 701; x_wconf 81' lang='lat' dir='ltr'><strong>Omnia</strong></span> <span class='ocrx_word' id='word_1_151' title='bbox 3602 646 3768 715; x_wconf 87' lang='lat' dir='ltr'><strong>dico,</strong></span> <span class='ocrx_word' id='word_1_152' title='bbox 3812 658 3914 703; x_wconf 75' lang='lat' dir='ltr'><strong>tam</strong></span> 
     </span>
    </p>
   </div>
   <div class='ocr_carea' id='block_1_22' title="bbox 2324 736 3919 808">
    <p class='ocr_par' dir='ltr' id='par_1_22' title="bbox 2324 736 3919 808">
     <span class='ocr_line' id='line_1_22' title="bbox 2324 736 3919 808; baseline -0.001 -15"><span class='ocrx_word' id='word_1_153' title='bbox 2324 737 2535 793; x_wconf 85' lang='lat' dir='ltr'><strong>occulta</strong></span> <span class='ocrx_word' id='word_1_154' title='bbox 2592 753 2753 808; x_wconf 88' lang='lat' dir='ltr'><strong>quam</strong></span> <span class='ocrx_word' id='word_1_155' title='bbox 2809 736 3130 802; x_wconf 82' lang='lat' dir='ltr'><strong>manifesta,</strong></span> <span class='ocrx_word' id='word_1_156' title='bbox 3185 752 3306 807; x_wconf 73' lang='lat' dir='ltr'><strong>qum</strong></span> <span class='ocrx_word' id='word_1_157' title='bbox 3359 736 3578 791; x_wconf 78' lang='lat' dir='ltr'><strong>fuerunt</strong></span> <span class='ocrx_word' id='word_1_158' title='bbox 3628 740 3919 807; x_wconf 84' lang='lat' dir='ltr'><strong>pronunti-</strong></span> 
     </span>
    </p>
   </div>
   <div class='ocr_carea' id='block_1_23' title="bbox 2323 827 3918 897">
    <p class='ocr_par' dir='ltr' id='par_1_23' title="bbox 2323 827 3918 897">
     <span class='ocr_line' id='line_1_23' title="bbox 2323 827 3918 897; baseline -0.001 -11"><span class='ocrx_word' id='word_1_159' title='bbox 2323 830 2461 886; x_wconf 82' lang='lat' dir='ltr'><strong>anda</strong></span> <span class='ocrx_word' id='word_1_160' title='bbox 2513 846 2529 886; x_wconf 88' lang='lat'><strong>:</strong></span> <span class='ocrx_word' id='word_1_161' title='bbox 2576 840 2630 887; x_wconf 89' lang='lat' dir='ltr'><strong>et</strong></span> <span class='ocrx_word' id='word_1_162' title='bbox 2675 847 2781 887; x_wconf 92' lang='lat' dir='ltr'><strong>non</strong></span> <span class='ocrx_word' id='word_1_163' title='bbox 2828 831 2931 886; x_wconf 89' lang='lat' dir='ltr'><strong>hoc</strong></span> <span class='ocrx_word' id='word_1_164' title='bbox 2975 846 3042 885; x_wconf 73' lang='lat' dir='ltr'><strong>ex</strong></span> <span class='ocrx_word' id='word_1_165' title='bbox 3082 830 3330 897; x_wconf 84' lang='lat' dir='ltr'><strong>tristitia,</strong></span> <span class='ocrx_word' id='word_1_166' title='bbox 3377 829 3462 885; x_wconf 89' lang='lat' dir='ltr'><strong>vel</strong></span> <span class='ocrx_word' id='word_1_167' title='bbox 3508 838 3739 884; x_wconf 87' lang='lat' dir='ltr'><strong>coactus</strong></span> <span class='ocrx_word' id='word_1_168' title='bbox 3784 827 3918 895; x_wconf 80' lang='lat' dir='ltr'><strong>feci,</strong></span> 
     </span>
    </p>
   </div>
   <div class='ocr_carea' id='block_1_24' title="bbox 2324 919 3921 979">
    <p class='ocr_par' dir='ltr' id='par_1_24' title="bbox 2324 919 3921 979">
     <span class='ocr_line' id='line_1_24' title="bbox 2324 919 3921 979; baseline -0.003 0"><span class='ocrx_word' id='word_1_169' title='bbox 2324 924 2417 979; x_wconf 84' lang='lat' dir='ltr'><strong>sed</strong></span> <span class='ocrx_word' id='word_1_170' title='bbox 2488 942 2507 976; x_wconf 85' lang='grc' dir='ltr'><strong>ι</strong></span> <span class='ocrx_word' id='word_1_171' title='bbox 2552 923 2607 978; x_wconf 89' lang='lat' dir='ltr'><strong>in</strong></span> <span class='ocrx_word' id='word_1_172' title='bbox 2676 924 2763 977; x_wconf 86' lang='lat' dir='ltr'><strong>via</strong></span> <span class='ocrx_word' id='word_1_173' title='bbox 2835 922 3263 977; x_wconf 88' lang='lat' dir='ltr'><strong>testimoniorum</strong></span> <span class='ocrx_word' id='word_1_174' title='bbox 3336 928 3547 975; x_wconf 88' lang='lat' dir='ltr'><strong>tuorum</strong></span> <span class='ocrx_word' id='word_1_175' title='bbox 3614 919 3921 975; x_wconf 74' lang='lat' dir='ltr'><strong>delectatus</strong></span> 
     </span>
    </p>
   </div>
   <div class='ocr_carea' id='block_1_25' title="bbox 2326 1009 3921 1080">
    <p class='ocr_par' dir='ltr' id='par_1_25' title="bbox 2326 1009 3921 1080">
     <span class='ocr_line' id='line_1_25' title="bbox 2326 1009 3921 1080; baseline -0.003 -11"><span class='ocrx_word' id='word_1_176' title='bbox 2326 1028 2480 1080; x_wconf 87' lang='lat' dir='ltr'><strong>sum,</strong></span> <span class='ocrx_word' id='word_1_177' title='bbox 2526 1032 2545 1065; x_wconf 79' lang='grc' dir='ltr'><strong>ι</strong></span> <span class='ocrx_word' id='word_1_178' title='bbox 2600 1012 2652 1067; x_wconf 90' lang='lat' dir='ltr'><strong>id</strong></span> <span class='ocrx_word' id='word_1_179' title='bbox 2717 1021 2801 1067; x_wconf 89' lang='lat' dir='ltr'><strong>est</strong></span> <span class='ocrx_word' id='word_1_180' title='bbox 2840 1013 3227 1066; x_wconf 85' lang='lat' dir='ltr'><strong>mandatorum</strong></span> <span class='ocrx_word' id='word_1_181' title='bbox 3294 1019 3546 1075; x_wconf 89' lang='lat' dir='ltr'><strong>tuorum,</strong></span> <span class='ocrx_word' id='word_1_182' title='bbox 3614 1009 3921 1065; x_wconf 78' lang='lat' dir='ltr'><strong>delectatus</strong></span> 
     </span>
    </p>
   </div>
   <div class='ocr_carea' id='block_1_26' title="bbox 2323 1100 3921 1164">
    <p class='ocr_par' dir='ltr' id='par_1_26' title="bbox 2323 1100 3921 1164">
     <span class='ocr_line' id='line_1_26' title="bbox 2323 1100 3921 1164; baseline -0.001 -6"><span class='ocrx_word' id='word_1_183' title='bbox 2323 1118 2441 1159; x_wconf 90' lang='lat' dir='ltr'><strong>sum</strong></span> <span class='ocrx_word' id='word_1_184' title='bbox 2476 1103 2612 1157; x_wconf 80' lang='lat' dir='ltr'><strong>sicut</strong></span> <span class='ocrx_word' id='word_1_185' title='bbox 2641 1103 2696 1156; x_wconf 88' lang='lat' dir='ltr'><strong>in</strong></span> <span class='ocrx_word' id='word_1_186' title='bbox 2744 1102 2981 1156; x_wconf 85' lang='lat' dir='ltr'><strong>omnibus</strong></span> <span class='ocrx_word' id='word_1_187' title='bbox 3022 1101 3238 1156; x_wconf 83' lang='lat' dir='ltr'><strong>divitiis.</strong></span> <span class='ocrx_word' id='word_1_188' title='bbox 3289 1100 3355 1155; x_wconf 85' lang='lat' dir='ltr'><strong>Et</strong></span> <span class='ocrx_word' id='word_1_189' title='bbox 3395 1102 3450 1154; x_wconf 88' lang='lat' dir='ltr'><strong>in</strong></span> <span class='ocrx_word' id='word_1_190' title='bbox 3478 1100 3752 1154; x_wconf 73' lang='lat' dir='ltr'><strong>mandatis</strong></span> <span class='ocrx_word' id='word_1_191' title='bbox 3782 1102 3921 1164; x_wconf 71' lang='lat' dir='ltr'><strong>tuis,</strong></span> 
     </span>
    </p>
   </div>
   <div class='ocr_carea' id='block_1_27' title="bbox 2324 1189 3916 1262">
    <p class='ocr_par' dir='ltr' id='par_1_27' title="bbox 2324 1189 3916 1262">
     <span class='ocr_line' id='line_1_27' title="bbox 2324 1189 3916 1262; baseline -0.001 -15"><span class='ocrx_word' id='word_1_192' title='bbox 2324 1192 2527 1248; x_wconf 89' lang='lat' dir='ltr'><strong>scilicet</strong></span> <span class='ocrx_word' id='word_1_193' title='bbox 2578 1192 3018 1262; x_wconf 89' lang='lat' dir='ltr'><strong>pronuntiandis,</strong></span> <span class='ocrx_word' id='word_1_194' title='bbox 3071 1189 3378 1254; x_wconf 75' lang='lat' dir='ltr'><strong>exercebar,</strong></span> <span class='ocrx_word' id='word_1_195' title='bbox 3430 1191 3484 1246; x_wconf 87' lang='lat' dir='ltr'><strong>id</strong></span> <span class='ocrx_word' id='word_1_196' title='bbox 3528 1198 3612 1246; x_wconf 90' lang='lat' dir='ltr'><strong>est</strong></span> <span class='ocrx_word' id='word_1_197' title='bbox 3662 1206 3916 1260; x_wconf 83' lang='lat' dir='ltr'><strong>perseve-</strong></span> 
     </span>
    </p>
   </div>
   <div class='ocr_carea' id='block_1_28' title="bbox 2326 1280 3916 1350">
    <p class='ocr_par' dir='ltr' id='par_1_28' title="bbox 2326 1280 3916 1350">
     <span class='ocr_line' id='line_1_28' title="bbox 2326 1280 3916 1350; baseline -0.001 -15"><span class='ocrx_word' id='word_1_198' title='bbox 2326 1281 2459 1336; x_wconf 89' lang='lat' dir='ltr'><strong>rabo</strong></span> <span class='ocrx_word' id='word_1_199' title='bbox 2504 1299 2518 1334; x_wconf 88' lang='lat'><strong>:</strong></span> <span class='ocrx_word' id='word_1_200' title='bbox 2566 1292 2615 1335; x_wconf 89' lang='lat' dir='ltr'><strong>et</strong></span> <span class='ocrx_word' id='word_1_201' title='bbox 2672 1280 3011 1336; x_wconf 83' lang='lat' dir='ltr'><strong>considerabo</strong></span> <span class='ocrx_word' id='word_1_202' title='bbox 3073 1282 3191 1335; x_wconf 81' lang='lat' dir='ltr'><strong>vius</strong></span> <span class='ocrx_word' id='word_1_203' title='bbox 3240 1292 3398 1346; x_wconf 85' lang='lat' dir='ltr'><strong>tuas,</strong></span> <span class='ocrx_word' id='word_1_204' title='bbox 3454 1280 3514 1334; x_wconf 81' lang='lat' dir='ltr'><strong>ut</strong></span> <span class='ocrx_word' id='word_1_205' title='bbox 3565 1296 3697 1350; x_wconf 68' lang='lat' dir='ltr'><strong>qua:</strong></span> <span class='ocrx_word' id='word_1_206' title='bbox 3749 1281 3916 1335; x_wconf 78' lang='lat' dir='ltr'><strong>dicam</strong></span> 
     </span>
    </p>
   </div>
   <div class='ocr_carea' id='block_1_29' title="bbox 2324 1373 3916 1445">
    <p class='ocr_par' dir='ltr' id='par_1_29' title="bbox 2324 1373 3916 1445">
     <span class='ocr_line' id='line_1_29' title="bbox 2324 1373 3916 1445; baseline -0.001 -15"><span class='ocrx_word' id='word_1_207' title='bbox 2324 1390 2418 1430; x_wconf 89' lang='lat' dir='ltr'><strong>ore</strong></span> <span class='ocrx_word' id='word_1_208' title='bbox 2468 1375 2763 1445; x_wconf 89' lang='lat' dir='ltr'><strong>compleam</strong></span> <span class='ocrx_word' id='word_1_209' title='bbox 2829 1389 3011 1444; x_wconf 87' lang='lat' dir='ltr'><strong>opere.</strong></span> <span class='ocrx_word' id='word_1_210' title='bbox 3064 1373 3131 1429; x_wconf 83' lang='lat' dir='ltr'><strong>Et</strong></span> <span class='ocrx_word' id='word_1_211' title='bbox 3171 1374 3227 1429; x_wconf 92' lang='lat' dir='ltr'><strong>in</strong></span> <span class='ocrx_word' id='word_1_212' title='bbox 3271 1373 3373 1428; x_wconf 90' lang='lat' dir='ltr'><strong>hoc</strong></span> <span class='ocrx_word' id='word_1_213' title='bbox 3414 1389 3517 1428; x_wconf 90' lang='lat' dir='ltr'><strong>non</strong></span> <span class='ocrx_word' id='word_1_214' title='bbox 3560 1374 3629 1428; x_wconf 89' lang='lat' dir='ltr'><strong>de</strong></span> <span class='ocrx_word' id='word_1_215' title='bbox 3674 1387 3802 1438; x_wconf 86' lang='lat' dir='ltr'><strong>me,</strong></span> <span class='ocrx_word' id='word_1_216' title='bbox 3831 1374 3916 1429; x_wconf 84' lang='lat' dir='ltr'><strong>sed</strong></span> 
     </span>
    </p>
   </div>
   <div class='ocr_carea' id='block_1_30' title="bbox 2326 1463 3914 1534">
    <p class='ocr_par' dir='ltr' id='par_1_30' title="bbox 2326 1463 3914 1534">
     <span class='ocr_line' id='line_1_30' title="bbox 2326 1463 3914 1534; baseline -0.001 -14"><span class='ocrx_word' id='word_1_217' title='bbox 2326 1464 2392 1521; x_wconf 88' lang='lat' dir='ltr'><strong>de</strong></span> <span class='ocrx_word' id='word_1_218' title='bbox 2443 1474 2494 1519; x_wconf 89' lang='lat' dir='ltr'><strong>te</strong></span> <span class='ocrx_word' id='word_1_219' title='bbox 2544 1477 2853 1534; x_wconf 69' lang='lat' dir='ltr'><strong>praesumo:</strong></span> <span class='ocrx_word' id='word_1_220' title='bbox 2893 1465 3020 1533; x_wconf 84' lang='lat' dir='ltr'><strong>quia</strong></span> <span class='ocrx_word' id='word_1_221' title='bbox 3069 1464 3122 1517; x_wconf 89' lang='lat' dir='ltr'><strong>in</strong></span> <span class='ocrx_word' id='word_1_222' title='bbox 3154 1464 3626 1534; x_wconf 79' lang='lat' dir='ltr'><strong>justiﬁcationibus</strong></span> <span class='ocrx_word' id='word_1_223' title='bbox 3663 1464 3778 1518; x_wconf 74' lang='lat' dir='ltr'><strong>tuis</strong></span> <span class='ocrx_word' id='word_1_224' title='bbox 3804 1463 3914 1534; x_wconf 86' lang='lat' dir='ltr'><strong>qui-</strong></span> 
     </span>
    </p>
   </div>
   <div class='ocr_carea' id='block_1_31' title="bbox 2325 1551 3917 1629">
    <p class='ocr_par' dir='ltr' id='par_1_31' title="bbox 2325 1551 3917 1629">
     <span class='ocr_line' id='line_1_31' title="bbox 2325 1551 3917 1629; baseline -0.001 -22"><span class='ocrx_word' id='word_1_225' title='bbox 2325 1551 2427 1608; x_wconf 85' lang='lat' dir='ltr'><strong>bus</strong></span> <span class='ocrx_word' id='word_1_226' title='bbox 2470 1567 2566 1622; x_wconf 87' lang='lat' dir='ltr'><strong>per</strong></span> <span class='ocrx_word' id='word_1_227' title='bbox 2622 1560 2707 1618; x_wconf 90' lang='lat' dir='ltr'><strong>te,</strong></span> <span class='ocrx_word' id='word_1_228' title='bbox 2760 1567 2866 1607; x_wconf 92' lang='lat' dir='ltr'><strong>non</strong></span> <span class='ocrx_word' id='word_1_229' title='bbox 2920 1565 3016 1621; x_wconf 90' lang='lat' dir='ltr'><strong>per</strong></span> <span class='ocrx_word' id='word_1_230' title='bbox 3063 1567 3151 1607; x_wconf 87' lang='lat' dir='ltr'><strong>me</strong></span> <span class='ocrx_word' id='word_1_231' title='bbox 3187 1551 3513 1629; x_wconf 75' lang='lat' dir='ltr'><strong>iustiﬁcatus</strong></span> <span class='ocrx_word' id='word_1_232' title='bbox 3558 1568 3724 1618; x_wconf 86' lang='lat' dir='ltr'><strong>sum,</strong></span> <span class='ocrx_word' id='word_1_233' title='bbox 3768 1554 3917 1606; x_wconf 71' lang='lat' dir='ltr'><strong>medi-</strong></span> 
     </span>
    </p>
   </div>
   <div class='ocr_carea' id='block_1_32' title="bbox 2325 1645 3915 1712">
    <p class='ocr_par' dir='ltr' id='par_1_32' title="bbox 2325 1645 3915 1712">
     <span class='ocr_line' id='line_1_32' title="bbox 2325 1645 3915 1712; baseline -0.003 -11"><span class='ocrx_word' id='word_1_234' title='bbox 2325 1646 2507 1712; x_wconf 90' lang='lat' dir='ltr'><strong>tabor,</strong></span> <span class='ocrx_word' id='word_1_235' title='bbox 2550 1645 2602 1700; x_wconf 91' lang='lat' dir='ltr'><strong>id</strong></span> <span class='ocrx_word' id='word_1_236' title='bbox 2651 1654 2736 1702; x_wconf 88' lang='lat' dir='ltr'><strong>est</strong></span> <span class='ocrx_word' id='word_1_237' title='bbox 2780 1646 3031 1701; x_wconf 88' lang='lat' dir='ltr'><strong>assiduus</strong></span> <span class='ocrx_word' id='word_1_238' title='bbox 3076 1661 3205 1711; x_wconf 89' lang='lat' dir='ltr'><strong>ero,</strong></span> <span class='ocrx_word' id='word_1_239' title='bbox 3250 1655 3307 1701; x_wconf 85' lang='lat' dir='ltr'><strong>et</strong></span> <span class='ocrx_word' id='word_1_240' title='bbox 3347 1661 3452 1701; x_wconf 85' lang='lat' dir='ltr'><strong>non</strong></span> <span class='ocrx_word' id='word_1_241' title='bbox 3504 1646 3796 1700; x_wconf 63' lang='lat' dir='ltr'><strong>obliviscar</strong></span> <span class='ocrx_word' id='word_1_242' title='bbox 3828 1663 3915 1701; x_wconf 72' lang='lat' dir='ltr'><strong>ser-</strong></span> 
     </span>
    </p>
   </div>
   <div class='ocr_carea' id='block_1_33' title="bbox 2326 1736 3914 1807">
    <p class='ocr_par' dir='ltr' id='par_1_33' title="bbox 2326 1736 3914 1807">
     <span class='ocr_line' id='line_1_33' title="bbox 2326 1736 3914 1807; baseline -0.001 -16"><span class='ocrx_word' id='word_1_243' title='bbox 2326 1752 2503 1792; x_wconf 81' lang='lat' dir='ltr'><strong>mones</strong></span> <span class='ocrx_word' id='word_1_244' title='bbox 2539 1744 2694 1802; x_wconf 88' lang='lat' dir='ltr'><strong>tuos,</strong></span> <span class='ocrx_word' id='word_1_245' title='bbox 2748 1736 2893 1806; x_wconf 89' lang='lat' dir='ltr'><strong>quod</strong></span> <span class='ocrx_word' id='word_1_246' title='bbox 2950 1736 3080 1793; x_wconf 80' lang='lat' dir='ltr'><strong>fecit</strong></span> <span class='ocrx_word' id='word_1_247' title='bbox 3132 1737 3335 1807; x_wconf 90' lang='lat' dir='ltr'><strong>primus</strong></span> <span class='ocrx_word' id='word_1_248' title='bbox 3389 1738 3583 1801; x_wconf 80' lang='lat' dir='ltr'><strong>homo,</strong></span> <span class='ocrx_word' id='word_1_249' title='bbox 3634 1737 3737 1806; x_wconf 86' lang='lat' dir='ltr'><strong>qui</strong></span> <span class='ocrx_word' id='word_1_250' title='bbox 3786 1736 3914 1790; x_wconf 83' lang='lat' dir='ltr'><strong>obli-</strong></span> 
     </span>
    </p>
   </div>
   <div class='ocr_carea' id='block_1_34' title="bbox 661 1820 2223 1905">
    <p class='ocr_par' dir='ltr' id='par_1_34' title="bbox 661 1820 2223 1905">
     <span class='ocr_line' id='line_1_34' title="bbox 661 1820 2223 1905; baseline 0.008 -28"><span class='ocrx_word' id='word_1_251' title='bbox 661 1846 680 1877; x_wconf 79' lang='grc' dir='ltr'><strong>ι</strong></span> <span class='ocrx_word' id='word_1_252' title='bbox 727 1828 866 1883; x_wconf 85' lang='lat' dir='ltr'><strong>datis</strong></span> <span class='ocrx_word' id='word_1_253' title='bbox 906 1829 1029 1884; x_wconf 90' lang='lat' dir='ltr'><strong>tuis.</strong></span> <span class='ocrx_word' id='word_1_254' title='bbox 1062 1820 1119 1884; x_wconf 83' lang='lat' dir='ltr'><strong>In</strong></span> <span class='ocrx_word' id='word_1_255' title='bbox 1154 1826 1316 1885; x_wconf 83' lang='lat' dir='ltr'><strong>corde</strong></span> <span class='ocrx_word' id='word_1_256' title='bbox 1345 1847 1464 1887; x_wconf 87' lang='lat' dir='ltr'><strong>meo</strong></span> <span class='ocrx_word' id='word_1_257' title='bbox 1494 1832 1751 1888; x_wconf 86' lang='lat' dir='ltr'><strong>abscondi</strong></span> <span class='ocrx_word' id='word_1_258' title='bbox 1780 1833 1991 1903; x_wconf 90' lang='lat' dir='ltr'><strong>eloquia</strong></span> <span class='ocrx_word' id='word_1_259' title='bbox 2030 1842 2223 1905; x_wconf 87' lang='lat' dir='ltr'><strong>tua,ut</strong></span> 
     </span>
    </p>
   </div>
   <div class='ocr_carea' id='block_1_35' title="bbox 2329 1820 3912 1905">
    <p class='ocr_par' dir='ltr' id='par_1_35' title="bbox 2332 1824 3912 1899">
     <span class='ocr_line' id='line_1_35' title="bbox 2332 1824 3912 1899; baseline -0.001 -18"><span class='ocrx_word' id='word_1_260' title='bbox 2332 1834 2416 1881; x_wconf 90' lang='lat' dir='ltr'><strong>tus</strong></span> <span class='ocrx_word' id='word_1_261' title='bbox 2442 1834 2526 1882; x_wconf 88' lang='lat' dir='ltr'><strong>est</strong></span> <span class='ocrx_word' id='word_1_262' title='bbox 2552 1828 2701 1882; x_wconf 81' lang='lat' dir='ltr'><strong>verbi</strong></span> <span class='ocrx_word' id='word_1_263' title='bbox 2728 1826 2822 1883; x_wconf 90' lang='lat' dir='ltr'><strong>Dei</strong></span> <span class='ocrx_word' id='word_1_264' title='bbox 2850 1826 2951 1883; x_wconf 85' lang='lat' dir='ltr'><strong>sibi</strong></span> <span class='ocrx_word' id='word_1_265' title='bbox 2981 1827 3210 1884; x_wconf 89' lang='lat' dir='ltr'><strong>dicentis</strong></span> <span class='ocrx_word' id='word_1_266' title='bbox 3238 1846 3251 1881; x_wconf 93' lang='lat'><strong>:</strong></span> <span class='ocrx_word' id='word_1_267' title='bbox 3280 1826 3365 1882; x_wconf 81' lang='lat' dir='ltr'><strong>Nc</strong></span> <span class='ocrx_word' id='word_1_268' title='bbox 3384 1829 3627 1882; x_wconf 86' lang='lat' dir='ltr'><strong>comedas</strong></span> <span class='ocrx_word' id='word_1_269' title='bbox 3654 1824 3815 1899; x_wconf 77' lang='lat' dir='ltr'><strong>(Gen.</strong></span> <span class='ocrx_word' id='word_1_270' title='bbox 3838 1842 3872 1880; x_wconf 87' lang='grc' dir='ltr'><strong>ιι</strong></span> <span class='ocrx_word' id='word_1_271' title='bbox 3878 1835 3912 1896; x_wconf 79' lang='grc'><strong>).</strong></span> 
     </span>
    </p>
   </div>
   <div class='ocr_carea' id='block_1_36' title="bbox 659 1919 2225 1989">
    <p class='ocr_par' dir='ltr' id='par_1_36' title="bbox 659 1919 2225 1989">
     <span class='ocr_line' id='line_1_36' title="bbox 659 1919 2225 1989; baseline 0.01 -24"><span class='ocrx_word' id='word_1_272' title='bbox 659 1933 679 1964; x_wconf 76' lang='grc' dir='ltr'><strong>ι</strong></span> <span class='ocrx_word' id='word_1_273' title='bbox 724 1931 828 1970; x_wconf 92' lang='lat' dir='ltr'><strong>non</strong></span> <span class='ocrx_word' id='word_1_274' title='bbox 879 1932 1092 1987; x_wconf 89' lang='lat' dir='ltr'><strong>peccem</strong></span> <span class='ocrx_word' id='word_1_275' title='bbox 1139 1920 1252 1974; x_wconf 88' lang='lat' dir='ltr'><strong>tibi.</strong></span> <span class='ocrx_word' id='word_1_276' title='bbox 1302 1919 1622 1976; x_wconf 87' lang='lat' dir='ltr'><strong>Benedictus</strong></span> <span class='ocrx_word' id='word_1_277' title='bbox 1666 1938 1748 1989; x_wconf 89' lang='lat' dir='ltr'><strong>es,</strong></span> <span class='ocrx_word' id='word_1_278' title='bbox 1796 1923 2057 1977; x_wconf 89' lang='lat' dir='ltr'><strong>Domine:</strong></span> <span class='ocrx_word' id='word_1_279' title='bbox 2088 1925 2225 1980; x_wconf 86' lang='lat' dir='ltr'><strong>doce</strong></span> 
     </span>
    </p>
   </div>
   <div class='ocr_carea' id='block_1_37' title="bbox 659 2004 2222 2083">
    <p class='ocr_par' dir='ltr' id='par_1_37' title="bbox 659 2004 2222 2083">
     <span class='ocr_line' id='line_1_37' title="bbox 659 2004 2222 2083; baseline 0.009 -28"><span class='ocrx_word' id='word_1_280' title='bbox 659 2025 677 2055; x_wconf 75' lang='grc' dir='ltr'><strong>ι</strong></span> <span class='ocrx_word' id='word_1_281' title='bbox 724 2004 1240 2074; x_wconf 70' lang='lat' dir='ltr'><strong>mejtlstiﬁcationes</strong></span> <span class='ocrx_word' id='word_1_282' title='bbox 1275 2019 1413 2065; x_wconf 91' lang='lat' dir='ltr'><strong>tuas.</strong></span> <span class='ocrx_word' id='word_1_283' title='bbox 1443 2010 1500 2064; x_wconf 85' lang='lat' dir='ltr'><strong>In</strong></span> <span class='ocrx_word' id='word_1_284' title='bbox 1533 2010 1690 2067; x_wconf 89' lang='lat' dir='ltr'><strong>labiis</strong></span> <span class='ocrx_word' id='word_1_285' title='bbox 1720 2013 1854 2068; x_wconf 88' lang='lat' dir='ltr'><strong>meis</strong></span> <span class='ocrx_word' id='word_1_286' title='bbox 1883 2014 2222 2083; x_wconf 88' lang='lat' dir='ltr'><strong>pronuntiavi</strong></span> 
     </span>
    </p>
   </div>
   <div class='ocr_carea' id='block_1_38' title="bbox 659 2094 2222 2164">
    <p class='ocr_par' dir='ltr' id='par_1_38' title="bbox 659 2094 2222 2164">
     <span class='ocr_line' id='line_1_38' title="bbox 659 2094 2222 2164; baseline 0.008 -19"><span class='ocrx_word' id='word_1_287' title='bbox 659 2111 679 2144; x_wconf 73' lang='grc' dir='ltr'><strong>ι</strong></span> <span class='ocrx_word' id='word_1_288' title='bbox 724 2095 905 2149; x_wconf 85' lang='lat' dir='ltr'><strong>omnia</strong></span> <span class='ocrx_word' id='word_1_289' title='bbox 963 2094 1167 2164; x_wconf 87' lang='lat' dir='ltr'><strong>judicia</strong></span> <span class='ocrx_word' id='word_1_290' title='bbox 1215 2098 1328 2155; x_wconf 90' lang='lat' dir='ltr'><strong>oris</strong></span> <span class='ocrx_word' id='word_1_291' title='bbox 1390 2099 1488 2153; x_wconf 91' lang='lat' dir='ltr'><strong>tui.</strong></span> <span class='ocrx_word' id='word_1_292' title='bbox 1546 2100 1600 2154; x_wconf 93' lang='lat' dir='ltr'><strong>ln</strong></span> <span class='ocrx_word' id='word_1_293' title='bbox 1658 2100 1741 2155; x_wconf 88' lang='lat' dir='ltr'><strong>via</strong></span> <span class='ocrx_word' id='word_1_294' title='bbox 1792 2102 2222 2159; x_wconf 78' lang='lat' dir='ltr'><strong>testimoniorum</strong></span> 
     </span>
    </p>
   </div>
   <div class='ocr_carea' id='block_1_39' title="bbox 659 2182 2221 2265">
    <p class='ocr_par' dir='ltr' id='par_1_39' title="bbox 659 2182 2221 2265">
     <span class='ocr_line' id='line_1_39' title="bbox 659 2182 2221 2265; baseline 0.007 -29"><span class='ocrx_word' id='word_1_295' title='bbox 659 2202 678 2265; x_wconf 77' lang='grc' dir='ltr'><strong>ι</strong></span> <span class='ocrx_word' id='word_1_296' title='bbox 724 2194 936 2239; x_wconf 90' lang='lat' dir='ltr'><strong>tuorum</strong></span> <span class='ocrx_word' id='word_1_297' title='bbox 963 2182 1257 2242; x_wconf 87' lang='lat' dir='ltr'><strong>delectatus</strong></span> <span class='ocrx_word' id='word_1_298' title='bbox 1287 2203 1407 2243; x_wconf 93' lang='lat' dir='ltr'><strong>sum</strong></span> <span class='ocrx_word' id='word_1_299' title='bbox 1433 2230 1446 2255; x_wconf 91' lang='lat'><strong>,</strong></span> <span class='ocrx_word' id='word_1_300' title='bbox 1481 2190 1622 2244; x_wconf 86' lang='lat' dir='ltr'><strong>sicut</strong></span> <span class='ocrx_word' id='word_1_301' title='bbox 1649 2190 1701 2244; x_wconf 91' lang='lat' dir='ltr'><strong>in</strong></span> <span class='ocrx_word' id='word_1_302' title='bbox 1731 2192 1980 2248; x_wconf 89' lang='lat' dir='ltr'><strong>omnibus</strong></span> <span class='ocrx_word' id='word_1_303' title='bbox 2002 2192 2221 2248; x_wconf 78' lang='lat' dir='ltr'><strong>divitiis.</strong></span> 
     </span>
    </p>
   </div>
   <div class='ocr_carea' id='block_1_40' title="bbox 660 2273 2225 2351">
    <p class='ocr_par' dir='ltr' id='par_1_40' title="bbox 660 2273 2225 2351">
     <span class='ocr_line' id='line_1_40' title="bbox 660 2273 2225 2351; baseline 0.009 -27"><span class='ocrx_word' id='word_1_304' title='bbox 660 2294 678 2324; x_wconf 77' lang='grc' dir='ltr'><strong>ι</strong></span> <span class='ocrx_word' id='word_1_305' title='bbox 723 2273 781 2328; x_wconf 86' lang='lat' dir='ltr'><strong>In</strong></span> <span class='ocrx_word' id='word_1_306' title='bbox 818 2275 1090 2331; x_wconf 85' lang='lat' dir='ltr'><strong>mandatis</strong></span> <span class='ocrx_word' id='word_1_307' title='bbox 1126 2279 1232 2351; x_wconf 89' lang='lat' dir='ltr'><strong>tuis</strong></span> <span class='ocrx_word' id='word_1_308' title='bbox 1253 2280 1581 2345; x_wconf 84' lang='lat' dir='ltr'><strong>exercebor,</strong></span> <span class='ocrx_word' id='word_1_309' title='bbox 1623 2289 1677 2335; x_wconf 91' lang='lat' dir='ltr'><strong>ct</strong></span> <span class='ocrx_word' id='word_1_310' title='bbox 1717 2282 2072 2338; x_wconf 88' lang='lat' dir='ltr'><strong>considerabo</strong></span> <span class='ocrx_word' id='word_1_311' title='bbox 2108 2283 2225 2339; x_wconf 92' lang='lat' dir='ltr'><strong>vias</strong></span> 
     </span>
    </p>
   </div>
   <div class='ocr_carea' id='block_1_41' title="bbox 659 2365 2225 2439">
    <p class='ocr_par' dir='ltr' id='par_1_41' title="bbox 659 2365 2225 2439">
     <span class='ocr_line' id='line_1_41' title="bbox 659 2365 2225 2439; baseline 0.009 -25"><span class='ocrx_word' id='word_1_312' title='bbox 659 2382 678 2414; x_wconf 81' lang='grc' dir='ltr'><strong>ι</strong></span> <span class='ocrx_word' id='word_1_313' title='bbox 727 2373 864 2420; x_wconf 91' lang='lat' dir='ltr'><strong>tuas.</strong></span> <span class='ocrx_word' id='word_1_314' title='bbox 921 2365 976 2420; x_wconf 92' lang='lat' dir='ltr'><strong>ln</strong></span> <span class='ocrx_word' id='word_1_315' title='bbox 1033 2366 1512 2435; x_wconf 81' lang='lat' dir='ltr'><strong>justiticationibus</strong></span> <span class='ocrx_word' id='word_1_316' title='bbox 1569 2370 1677 2427; x_wconf 91' lang='lat' dir='ltr'><strong>tuis</strong></span> <span class='ocrx_word' id='word_1_317' title='bbox 1721 2370 2065 2439; x_wconf 85' lang='lat' dir='ltr'><strong>meditabor,</strong></span> <span class='ocrx_word' id='word_1_318' title='bbox 2118 2389 2225 2428; x_wconf 92' lang='lat' dir='ltr'><strong>non</strong></span> 
     </span>
    </p>
   </div>
   <div class='ocr_carea' id='block_1_42' title="bbox 661 2453 1559 2514">
    <p class='ocr_par' dir='ltr' id='par_1_42' title="bbox 661 2453 1559 2514">
     <span class='ocr_line' id='line_1_42' title="bbox 661 2453 1559 2514; baseline 0.01 -11"><span class='ocrx_word' id='word_1_319' title='bbox 661 2470 679 2503; x_wconf 84' lang='grc' dir='ltr'><strong>ι</strong></span> <span class='ocrx_word' id='word_1_320' title='bbox 727 2453 1014 2510; x_wconf 86' lang='lat' dir='ltr'><strong>obliviscar</strong></span> <span class='ocrx_word' id='word_1_321' title='bbox 1040 2472 1318 2513; x_wconf 90' lang='lat' dir='ltr'><strong>sermones</strong></span> <span class='ocrx_word' id='word_1_322' title='bbox 1354 2471 1494 2514; x_wconf 87' lang='lat' dir='ltr'><strong>tuos.</strong></span> <span class='ocrx_word' id='word_1_323' title='bbox 1538 2479 1559 2512; x_wconf 71' lang='grc' dir='ltr'><strong><em>ο</em></strong></span> 
     </span>
    </p>
   </div>
   <div class='ocr_carea' id='block_1_43' title="bbox 1218 2546 1668 2605">
    <p class='ocr_par' dir='ltr' id='par_1_43' title="bbox 1218 2546 1668 2605">
     <span class='ocr_line' id='line_1_43' title="bbox 1218 2546 1668 2605; baseline 0.011 -5"><span class='ocrx_word' id='word_1_324' title='bbox 1218 2546 1668 2605; x_wconf 81' lang='lat' dir='ltr'><strong>ENARRATIO.</strong></span> 
     </span>
    </p>
   </div>
   <div class='ocr_carea' id='block_1_44' title="bbox 727 2634 2224 2709">
    <p class='ocr_par' dir='ltr' id='par_1_44' title="bbox 727 2634 2224 2709">
     <span class='ocr_line' id='line_1_44' title="bbox 727 2634 2224 2709; baseline 0.007 -20"><span class='ocrx_word' id='word_1_325' title='bbox 727 2635 794 2689; x_wconf 88' lang='lat' dir='ltr'><strong>In</strong></span> <span class='ocrx_word' id='word_1_326' title='bbox 843 2653 944 2707; x_wconf 86' lang='lat' dir='ltr'><strong>qua</strong></span> <span class='ocrx_word' id='word_1_327' title='bbox 984 2638 1217 2709; x_wconf 76' lang='lat' dir='ltr'><strong>corrigit.</strong></span> <span class='ocrx_word' id='word_1_328' title='bbox 1264 2634 1577 2694; x_wconf 82' lang='lat' dir='ltr'><strong>Custodiam</strong></span> <span class='ocrx_word' id='word_1_329' title='bbox 1617 2640 2033 2709; x_wconf 69' lang='lat' dir='ltr'><strong>iustiﬁcationes</strong></span> <span class='ocrx_word' id='word_1_330' title='bbox 2084 2651 2224 2699; x_wconf 87' lang='lat' dir='ltr'><strong>tuas.</strong></span> 
     </span>
    </p>
   </div>
   <div class='ocr_carea' id='block_1_45' title="bbox 658 2723 2226 2805">
    <p class='ocr_par' dir='ltr' id='par_1_45' title="bbox 658 2723 2226 2805">
     <span class='ocr_line' id='line_1_45' title="bbox 658 2723 2226 2805; baseline 0.008 -27"><span class='ocrx_word' id='word_1_331' title='bbox 658 2723 791 2778; x_wconf 84' lang='lat' dir='ltr'><strong>Nam</strong></span> <span class='ocrx_word' id='word_1_332' title='bbox 822 2726 875 2779; x_wconf 84' lang='lat' dir='ltr'><strong>in</strong></span> <span class='ocrx_word' id='word_1_333' title='bbox 904 2726 1237 2782; x_wconf 85' lang='lat' dir='ltr'><strong>custodiendo</strong></span> <span class='ocrx_word' id='word_1_334' title='bbox 1271 2744 1533 2785; x_wconf 85' lang='lat' dir='ltr'><strong>sermones</strong></span> <span class='ocrx_word' id='word_1_335' title='bbox 1560 2741 1698 2797; x_wconf 88' lang='lat' dir='ltr'><strong>tuos,</strong></span> <span class='ocrx_word' id='word_1_336' title='bbox 1748 2732 1801 2789; x_wconf 89' lang='lat' dir='ltr'><strong>id</strong></span> <span class='ocrx_word' id='word_1_337' title='bbox 1849 2744 1933 2790; x_wconf 82' lang='lat' dir='ltr'><strong>est</strong></span> <span class='ocrx_word' id='word_1_338' title='bbox 1959 2742 2226 2805; x_wconf 54' lang='lat' dir='ltr'><strong>praecepta</strong></span> 
     </span>
    </p>
   </div>
   <div class='ocr_carea' id='block_1_46' title="bbox 659 2821 2225 2893">
    <p class='ocr_par' dir='ltr' id='par_1_46' title="bbox 659 2821 2225 2893">
     <span class='ocr_line' id='line_1_46' title="bbox 659 2821 2225 2893; baseline 0.007 -22"><span class='ocrx_word' id='word_1_339' title='bbox 659 2828 789 2884; x_wconf 90' lang='lat' dir='ltr'><strong>tua,</strong></span> <span class='ocrx_word' id='word_1_340' title='bbox 850 2821 1061 2891; x_wconf 85' lang='lat' dir='ltr'><strong>corrigit</strong></span> <span class='ocrx_word' id='word_1_341' title='bbox 1110 2822 1249 2876; x_wconf 85' lang='lat' dir='ltr'><strong>viam</strong></span> <span class='ocrx_word' id='word_1_342' title='bbox 1299 2840 1494 2889; x_wconf 86' lang='lat' dir='ltr'><strong>suam,</strong></span> <span class='ocrx_word' id='word_1_343' title='bbox 1541 2824 1594 2879; x_wconf 90' lang='lat' dir='ltr'><strong>id</strong></span> <span class='ocrx_word' id='word_1_344' title='bbox 1651 2833 1772 2892; x_wconf 87' lang='lat' dir='ltr'><strong>est,</strong></span> <span class='ocrx_word' id='word_1_345' title='bbox 1828 2826 1996 2881; x_wconf 87' lang='lat' dir='ltr'><strong>vitam</strong></span> <span class='ocrx_word' id='word_1_346' title='bbox 2049 2843 2225 2893; x_wconf 91' lang='lat' dir='ltr'><strong>suam,</strong></span> 
     </span>
    </p>
   </div>
   <div class='ocr_carea' id='block_1_47' title="bbox 653 2908 2231 2989">
    <p class='ocr_par' dir='ltr' id='par_1_47' title="bbox 653 2908 2231 2989">
     <span class='ocr_line' id='line_1_47' title="bbox 653 2908 2231 2989; baseline 0.01 -28"><span class='ocrx_word' id='word_1_347' title='bbox 653 2908 1048 2978; x_wconf 77' lang='lat' dir='ltr'><strong>adolescentior,</strong></span> <span class='ocrx_word' id='word_1_348' title='bbox 1073 2912 1125 2967; x_wconf 90' lang='lat' dir='ltr'><strong>id</strong></span> <span class='ocrx_word' id='word_1_349' title='bbox 1149 2922 1253 2979; x_wconf 88' lang='lat' dir='ltr'><strong>est,</strong></span> <span class='ocrx_word' id='word_1_350' title='bbox 1270 2915 1493 2984; x_wconf 89' lang='lat' dir='ltr'><strong>populus</strong></span> <span class='ocrx_word' id='word_1_351' title='bbox 1508 2914 1711 2986; x_wconf 86' lang='lat' dir='ltr'><strong>junior,</strong></span> <span class='ocrx_word' id='word_1_352' title='bbox 1727 2918 1952 2989; x_wconf 89' lang='lat' dir='ltr'><strong>populus</strong></span> <span class='ocrx_word' id='word_1_353' title='bbox 1979 2919 2231 2975; x_wconf 79' lang='lat' dir='ltr'><strong>videlicet</strong></span> 
     </span>
    </p>
   </div>
   <div class='ocr_carea' id='block_1_48' title="bbox 654 3000 2227 3076">
    <p class='ocr_par' dir='ltr' id='par_1_48' title="bbox 654 3000 2227 3076">
     <span class='ocr_line' id='line_1_48' title="bbox 654 3000 2227 3076; baseline 0.009 -25"><span class='ocrx_word' id='word_1_354' title='bbox 654 3000 863 3067; x_wconf 74' lang='lat' dir='ltr'><strong>gratim,</strong></span> <span class='ocrx_word' id='word_1_355' title='bbox 910 3010 1134 3071; x_wconf 86' lang='lat' dir='ltr'><strong>portans</strong></span> <span class='ocrx_word' id='word_1_356' title='bbox 1180 3004 1470 3076; x_wconf 83' lang='lat' dir='ltr'><strong>imaginem</strong></span> <span class='ocrx_word' id='word_1_357' title='bbox 1518 3008 1642 3062; x_wconf 84' lang='lat' dir='ltr'><strong>n0\&#39;i</strong></span> <span class='ocrx_word' id='word_1_358' title='bbox 1694 3008 1955 3073; x_wconf 82' lang='lat' dir='ltr'><strong>hominis,</strong></span> <span class='ocrx_word' id='word_1_359' title='bbox 2002 3009 2227 3065; x_wconf 83' lang='lat' dir='ltr'><strong>verbum</strong></span> 
     </span>
    </p>
   </div>
   <div class='ocr_carea' id='block_1_49' title="bbox 657 3090 2225 3170">
    <p class='ocr_par' dir='ltr' id='par_1_49' title="bbox 657 3090 2225 3170">
     <span class='ocr_line' id='line_1_49' title="bbox 657 3090 2225 3170; baseline 0.01 -28"><span class='ocrx_word' id='word_1_360' title='bbox 657 3090 908 3147; x_wconf 80' lang='lat' dir='ltr'><strong>videlicet</strong></span> <span class='ocrx_word' id='word_1_361' title='bbox 932 3092 1082 3159; x_wconf 85' lang='lat' dir='ltr'><strong>tldci,</strong></span> <span class='ocrx_word' id='word_1_362' title='bbox 1116 3098 1256 3164; x_wconf 87' lang='lat' dir='ltr'><strong>quod</strong></span> <span class='ocrx_word' id='word_1_363' title='bbox 1288 3097 1335 3152; x_wconf 92' lang='lat' dir='ltr'><strong>ei</strong></span> <span class='ocrx_word' id='word_1_364' title='bbox 1372 3099 1729 3168; x_wconf 74' lang='lat' dir='ltr'><strong>prmdicatur,</strong></span> <span class='ocrx_word' id='word_1_365' title='bbox 1758 3116 1855 3170; x_wconf 90' lang='lat' dir='ltr'><strong>per</strong></span> <span class='ocrx_word' id='word_1_366' title='bbox 1881 3101 2225 3158; x_wconf 84' lang='lat' dir='ltr'><strong>dilectionem</strong></span> 
     </span>
    </p>
   </div>
   <div class='ocr_carea' id='block_1_50' title="bbox 2399 1917 3917 1985">
    <p class='ocr_par' dir='ltr' id='par_1_50' title="bbox 2399 1917 3917 1985">
     <span class='ocr_line' id='line_1_50' title="bbox 2399 1917 3917 1985; baseline 0.001 -11"><span class='ocrx_word' id='word_1_367' title='bbox 2399 1918 2594 1975; x_wconf 75' lang='grc' dir='ltr'>ϐιιιει..</span> <span class='ocrx_word' id='word_1_368' title='bbox 2624 1950 2693 1960; x_wconf 90' lang='grc'><strong><em>-</em></strong></span> <span class='ocrx_word' id='word_1_369' title='bbox 2723 1937 2743 1971; x_wconf 83' lang='grc' dir='ltr'><strong>ι</strong></span> <span class='ocrx_word' id='word_1_370' title='bbox 2784 1919 3040 1976; x_wconf 78' lang='lat' dir='ltr'><strong>Retribue</strong></span> <span class='ocrx_word' id='word_1_371' title='bbox 3087 1933 3246 1975; x_wconf 86' lang='lat' dir='ltr'><strong>servo</strong></span> <span class='ocrx_word' id='word_1_372' title='bbox 3296 1929 3409 1985; x_wconf 90' lang='lat' dir='ltr'><strong>tuo,</strong></span> <span class='ocrx_word' id='word_1_373' title='bbox 3455 1917 3671 1973; x_wconf 86' lang='lat' dir='ltr'><strong>vivitiea</strong></span> <span class='ocrx_word' id='word_1_374' title='bbox 3728 1934 3833 1981; x_wconf 89' lang='lat' dir='ltr'><strong>me,</strong></span> <span class='ocrx_word' id='word_1_375' title='bbox 3867 1934 3917 1976; x_wconf 85' lang='lat' dir='ltr'><strong>et</strong></span> 
     </span>
    </p>
   </div>
   <div class='ocr_carea' id='block_1_51' title="bbox 2334 2009 3913 2072">
    <p class='ocr_par' dir='ltr' id='par_1_51' title="bbox 2334 2009 3913 2072">
     <span class='ocr_line' id='line_1_51' title="bbox 2334 2009 3913 2072; baseline 0.001 -11"><span class='ocrx_word' id='word_1_376' title='bbox 2334 2028 2353 2061; x_wconf 84' lang='grc' dir='ltr'><strong>ι</strong></span> <span class='ocrx_word' id='word_1_377' title='bbox 2401 2011 2699 2066; x_wconf 87' lang='lat' dir='ltr'><strong>custodiam</strong></span> <span class='ocrx_word' id='word_1_378' title='bbox 2733 2025 3014 2066; x_wconf 86' lang='lat' dir='ltr'><strong>sermones</strong></span> <span class='ocrx_word' id='word_1_379' title='bbox 3065 2019 3204 2065; x_wconf 92' lang='lat' dir='ltr'><strong>tuos.</strong></span> <span class='ocrx_word' id='word_1_380' title='bbox 3262 2009 3458 2065; x_wconf 78' lang='lat' dir='ltr'><strong>Revela</strong></span> <span class='ocrx_word' id='word_1_381' title='bbox 3502 2009 3699 2064; x_wconf 82' lang='lat' dir='ltr'><strong>oculos</strong></span> <span class='ocrx_word' id='word_1_382' title='bbox 3740 2023 3913 2072; x_wconf 85' lang='lat' dir='ltr'><strong>meos.</strong></span> 
     </span>
    </p>
   </div>
   <div class='ocr_carea' id='block_1_52' title="bbox 2335 2099 3911 2172">
    <p class='ocr_par' dir='ltr' id='par_1_52' title="bbox 2335 2099 3911 2172">
     <span class='ocr_line' id='line_1_52' title="bbox 2335 2099 3911 2172; baseline -0.001 -18"><span class='ocrx_word' id='word_1_383' title='bbox 2335 2120 2354 2154; x_wconf 80' lang='grc' dir='ltr'><strong>ι</strong></span> <span class='ocrx_word' id='word_1_384' title='bbox 2395 2111 2451 2158; x_wconf 87' lang='lat' dir='ltr'><strong>et</strong></span> <span class='ocrx_word' id='word_1_385' title='bbox 2513 2102 2863 2158; x_wconf 84' lang='lat' dir='ltr'><strong>considerabo</strong></span> <span class='ocrx_word' id='word_1_386' title='bbox 2914 2102 3183 2157; x_wconf 80' lang='lat' dir='ltr'><strong>mirabilia</strong></span> <span class='ocrx_word' id='word_1_387' title='bbox 3248 2101 3315 2156; x_wconf 89' lang='lat' dir='ltr'><strong>de</strong></span> <span class='ocrx_word' id='word_1_388' title='bbox 3374 2100 3492 2172; x_wconf 83' lang='lat' dir='ltr'><strong>lege</strong></span> <span class='ocrx_word' id='word_1_389' title='bbox 3554 2109 3672 2155; x_wconf 88' lang='lat' dir='ltr'><strong>tua.</strong></span> <span class='ocrx_word' id='word_1_390' title='bbox 3748 2099 3911 2155; x_wconf 66' lang='lat' dir='ltr'><strong>Incol:</strong></span> 
     </span>
    </p>
   </div>
   <div class='ocr_carea' id='block_1_53' title="bbox 2334 2194 3915 2268">
    <p class='ocr_par' dir='ltr' id='par_1_53' title="bbox 2334 2194 3915 2268">
     <span class='ocr_line' id='line_1_53' title="bbox 2334 2194 3915 2268; baseline -0.002 -19"><span class='ocrx_word' id='word_1_391' title='bbox 2334 2216 2352 2249; x_wconf 86' lang='grc' dir='ltr'><strong>ι</strong></span> <span class='ocrx_word' id='word_1_392' title='bbox 2398 2211 2498 2268; x_wconf 88' lang='lat' dir='ltr'><strong>ego</strong></span> <span class='ocrx_word' id='word_1_393' title='bbox 2545 2211 2663 2251; x_wconf 88' lang='lat' dir='ltr'><strong>sum</strong></span> <span class='ocrx_word' id='word_1_394' title='bbox 2710 2196 2764 2251; x_wconf 91' lang='lat' dir='ltr'><strong>in</strong></span> <span class='ocrx_word' id='word_1_395' title='bbox 2821 2205 2997 2261; x_wconf 86' lang='lat' dir='ltr'><strong>terra,</strong></span> <span class='ocrx_word' id='word_1_396' title='bbox 3053 2210 3160 2251; x_wconf 89' lang='lat' dir='ltr'><strong>non</strong></span> <span class='ocrx_word' id='word_1_397' title='bbox 3207 2194 3505 2250; x_wconf 84' lang='lat' dir='ltr'><strong>abscondas</strong></span> <span class='ocrx_word' id='word_1_398' title='bbox 3558 2210 3591 2248; x_wconf 88' lang='lat' dir='ltr'><strong>a</strong></span> <span class='ocrx_word' id='word_1_399' title='bbox 3638 2208 3735 2248; x_wconf 84' lang='lat' dir='ltr'><strong>me</strong></span> <span class='ocrx_word' id='word_1_400' title='bbox 3778 2209 3915 2246; x_wconf 80' lang='lat' dir='ltr'><strong>mau-</strong></span> 
     </span>
    </p>
   </div>
   <div class='ocr_carea' id='block_1_54' title="bbox 2333 2283 3913 2357">
    <p class='ocr_par' dir='ltr' id='par_1_54' title="bbox 2333 2283 3913 2357">
     <span class='ocr_line' id='line_1_54' title="bbox 2333 2283 3913 2357; baseline -0.001 -19"><span class='ocrx_word' id='word_1_401' title='bbox 2333 2306 2352 2338; x_wconf 83' lang='grc' dir='ltr'><strong>ι</strong></span> <span class='ocrx_word' id='word_1_402' title='bbox 2394 2287 2519 2342; x_wconf 88' lang='lat' dir='ltr'><strong>data</strong></span> <span class='ocrx_word' id='word_1_403' title='bbox 2571 2294 2682 2342; x_wconf 89' lang='lat' dir='ltr'><strong>tua.</strong></span> <span class='ocrx_word' id='word_1_404' title='bbox 2736 2285 3057 2357; x_wconf 83' lang='lat' dir='ltr'><strong>Concupivit</strong></span> <span class='ocrx_word' id='word_1_405' title='bbox 3109 2285 3288 2341; x_wconf 86' lang='lat' dir='ltr'><strong>anima</strong></span> <span class='ocrx_word' id='word_1_406' title='bbox 3317 2298 3435 2340; x_wconf 88' lang='lat' dir='ltr'><strong>mea</strong></span> <span class='ocrx_word' id='word_1_407' title='bbox 3483 2285 3803 2340; x_wconf 85' lang='lat' dir='ltr'><strong>desiderare</strong></span> <span class='ocrx_word' id='word_1_408' title='bbox 3841 2283 3913 2353; x_wconf 79' lang='lat' dir='ltr'><strong>ju-</strong></span> 
     </span>
    </p>
   </div>
   <div class='ocr_carea' id='block_1_55' title="bbox 2334 2375 3911 2445">
    <p class='ocr_par' dir='ltr' id='par_1_55' title="bbox 2334 2375 3911 2445">
     <span class='ocr_line' id='line_1_55' title="bbox 2334 2375 3911 2445; baseline -0.001 -16"><span class='ocrx_word' id='word_1_409' title='bbox 2334 2396 2353 2429; x_wconf 77' lang='grc' dir='ltr'><strong>ι</strong></span> <span class='ocrx_word' id='word_1_410' title='bbox 2395 2377 2748 2433; x_wconf 87' lang='lat' dir='ltr'><strong>stiticationes</strong></span> <span class='ocrx_word' id='word_1_411' title='bbox 2802 2387 2924 2433; x_wconf 90' lang='lat' dir='ltr'><strong>tuas</strong></span> <span class='ocrx_word' id='word_1_412' title='bbox 2983 2377 3037 2432; x_wconf 91' lang='lat' dir='ltr'><strong>in</strong></span> <span class='ocrx_word' id='word_1_413' title='bbox 3097 2377 3245 2432; x_wconf 91' lang='lat' dir='ltr'><strong>omni</strong></span> <span class='ocrx_word' id='word_1_414' title='bbox 3310 2375 3911 2445; x_wconf 68' lang='lat' dir='ltr'><strong>tempore..luert1usti</strong></span> 
     </span>
    </p>
   </div>
   <div class='ocr_carea' id='block_1_56' title="bbox 2336 2463 3911 2540">
    <p class='ocr_par' dir='ltr' id='par_1_56' title="bbox 2336 2463 3911 2540">
     <span class='ocr_line' id='line_1_56' title="bbox 2336 2463 3911 2540; baseline -0.002 -20"><span class='ocrx_word' id='word_1_415' title='bbox 2336 2486 2355 2520; x_wconf 79' lang='grc' dir='ltr'><strong>ι</strong></span> <span class='ocrx_word' id='word_1_416' title='bbox 2400 2468 2660 2540; x_wconf 88' lang='lat' dir='ltr'><strong>superbos</strong></span> <span class='ocrx_word' id='word_1_417' title='bbox 2704 2486 2718 2522; x_wconf 92' lang='lat'><strong>:</strong></span> <span class='ocrx_word' id='word_1_418' title='bbox 2781 2467 3050 2524; x_wconf 86' lang='lat' dir='ltr'><strong>maledicti</strong></span> <span class='ocrx_word' id='word_1_419' title='bbox 3101 2466 3194 2538; x_wconf 86' lang='lat' dir='ltr'><strong>qui</strong></span> <span class='ocrx_word' id='word_1_420' title='bbox 3245 2463 3518 2522; x_wconf 85' lang='lat' dir='ltr'><strong>declinant</strong></span> <span class='ocrx_word' id='word_1_421' title='bbox 3564 2480 3596 2519; x_wconf 86' lang='lat' dir='ltr'><strong>a</strong></span> <span class='ocrx_word' id='word_1_422' title='bbox 3651 2466 3911 2519; x_wconf 79' lang='lat' dir='ltr'><strong>mandatis</strong></span> 
     </span>
    </p>
   </div>
   <div class='ocr_carea' id='block_1_57' title="bbox 2339 2557 3907 2629">
    <p class='ocr_par' dir='ltr' id='par_1_57' title="bbox 2339 2557 3907 2629">
     <span class='ocr_line' id='line_1_57' title="bbox 2339 2557 3907 2629; baseline -0.001 -18"><span class='ocrx_word' id='word_1_423' title='bbox 2339 2577 2355 2611; x_wconf 85' lang='lat' dir='ltr'><strong>t</strong></span> <span class='ocrx_word' id='word_1_424' title='bbox 2400 2559 2523 2614; x_wconf 89' lang='lat' dir='ltr'><strong>tuis.</strong></span> <span class='ocrx_word' id='word_1_425' title='bbox 2573 2557 2742 2614; x_wconf 79' lang='lat' dir='ltr'><strong>Aufer</strong></span> <span class='ocrx_word' id='word_1_426' title='bbox 2789 2573 2820 2613; x_wconf 91' lang='lat' dir='ltr'><strong>a</strong></span> <span class='ocrx_word' id='word_1_427' title='bbox 2877 2573 2963 2614; x_wconf 89' lang='lat' dir='ltr'><strong>me</strong></span> <span class='ocrx_word' id='word_1_428' title='bbox 3007 2557 3355 2629; x_wconf 88' lang='lat' dir='ltr'><strong>opprobrium</strong></span> <span class='ocrx_word' id='word_1_429' title='bbox 3411 2564 3466 2611; x_wconf 89' lang='lat' dir='ltr'><strong>et</strong></span> <span class='ocrx_word' id='word_1_430' title='bbox 3511 2563 3907 2625; x_wconf 70' lang='lat' dir='ltr'><strong>contemptum.</strong></span> 
     </span>
    </p>
   </div>
   <div class='ocr_carea' id='block_1_58' title="bbox 2335 2646 3907 2719">
    <p class='ocr_par' dir='ltr' id='par_1_58' title="bbox 2335 2646 3907 2719">
     <span class='ocr_line' id='line_1_58' title="bbox 2335 2646 3907 2719; baseline -0.001 -18"><span class='ocrx_word' id='word_1_431' title='bbox 2335 2668 2351 2701; x_wconf 88' lang='grc' dir='ltr'><strong>ι</strong></span> <span class='ocrx_word' id='word_1_432' title='bbox 2397 2649 2522 2719; x_wconf 89' lang='lat' dir='ltr'><strong>quia</strong></span> <span class='ocrx_word' id='word_1_433' title='bbox 2575 2649 2880 2705; x_wconf 88' lang='lat' dir='ltr'><strong>testimonia</strong></span> <span class='ocrx_word' id='word_1_434' title='bbox 2933 2656 3022 2703; x_wconf 89' lang='lat' dir='ltr'><strong>tua</strong></span> <span class='ocrx_word' id='word_1_435' title='bbox 3069 2647 3355 2718; x_wconf 81' lang='lat' dir='ltr'><strong>exquisivi.</strong></span> <span class='ocrx_word' id='word_1_436' title='bbox 3398 2646 3611 2701; x_wconf 86' lang='lat' dir='ltr'><strong>Etenim</strong></span> <span class='ocrx_word' id='word_1_437' title='bbox 3667 2646 3907 2702; x_wconf 85' lang='lat' dir='ltr'><strong>sederunt</strong></span> 
     </span>
    </p>
   </div>
   <div class='ocr_carea' id='block_1_59' title="bbox 2336 2735 3906 2810">
    <p class='ocr_par' dir='ltr' id='par_1_59' title="bbox 2336 2735 3906 2810">
     <span class='ocr_line' id='line_1_59' title="bbox 2336 2735 3906 2810; baseline -0.002 -19"><span class='ocrx_word' id='word_1_438' title='bbox 2336 2759 2353 2791; x_wconf 83' lang='grc' dir='ltr'><strong>ι</strong></span> <span class='ocrx_word' id='word_1_439' title='bbox 2400 2738 2700 2810; x_wconf 86' lang='lat' dir='ltr'><strong>principes,</strong></span> <span class='ocrx_word' id='word_1_440' title='bbox 2751 2747 2809 2795; x_wconf 89' lang='lat' dir='ltr'><strong>et</strong></span> <span class='ocrx_word' id='word_1_441' title='bbox 2867 2739 3155 2794; x_wconf 86' lang='lat' dir='ltr'><strong>adversum</strong></span> <span class='ocrx_word' id='word_1_442' title='bbox 3209 2751 3296 2792; x_wconf 90' lang='lat' dir='ltr'><strong>me</strong></span> <span class='ocrx_word' id='word_1_443' title='bbox 3338 2735 3709 2806; x_wconf 77' lang='lat' dir='ltr'><strong>loquebantur</strong></span> <span class='ocrx_word' id='word_1_444' title='bbox 3760 2754 3774 2791; x_wconf 90' lang='lat'>:</span> <span class='ocrx_word' id='word_1_445' title='bbox 3816 2751 3906 2790; x_wconf 82' lang='lat' dir='ltr'><strong>ser-</strong></span> 
     </span>
    </p>
   </div>
   <div class='ocr_carea' id='block_1_60' title="bbox 2336 2826 3906 2896">
    <p class='ocr_par' dir='ltr' id='par_1_60' title="bbox 2336 2826 3906 2896">
     <span class='ocr_line' id='line_1_60' title="bbox 2336 2826 3906 2896; baseline -0.002 -13"><span class='ocrx_word' id='word_1_446' title='bbox 2336 2850 2352 2883; x_wconf 90' lang='grc' dir='ltr'><strong>ι</strong></span> <span class='ocrx_word' id='word_1_447' title='bbox 2402 2846 2500 2887; x_wconf 89' lang='lat' dir='ltr'><strong>vus</strong></span> <span class='ocrx_word' id='word_1_448' title='bbox 2563 2840 2740 2885; x_wconf 88' lang='lat' dir='ltr'><strong>autem</strong></span> <span class='ocrx_word' id='word_1_449' title='bbox 2809 2839 2931 2886; x_wconf 93' lang='lat' dir='ltr'><strong>tuus</strong></span> <span class='ocrx_word' id='word_1_450' title='bbox 2999 2827 3354 2886; x_wconf 84' lang='lat' dir='ltr'><strong>exercebatur</strong></span> <span class='ocrx_word' id='word_1_451' title='bbox 3400 2828 3456 2882; x_wconf 92' lang='lat' dir='ltr'><strong>in</strong></span> <span class='ocrx_word' id='word_1_452' title='bbox 3516 2826 3906 2896; x_wconf 56' lang='lat' dir='ltr'><strong>iustiﬁcation-</strong></span> 
     </span>
    </p>
   </div>
   <div class='ocr_carea' id='block_1_61' title="bbox 2336 2920 3904 3001">
    <p class='ocr_par' dir='ltr' id='par_1_61' title="bbox 2336 2920 3904 3001">
     <span class='ocr_line' id='line_1_61' title="bbox 2336 2920 3904 3001; baseline -0.003 -24"><span class='ocrx_word' id='word_1_453' title='bbox 2336 2942 2354 3001; x_wconf 78' lang='grc' dir='ltr'><strong>ι</strong></span> <span class='ocrx_word' id='word_1_454' title='bbox 2396 2923 2495 2977; x_wconf 91' lang='lat' dir='ltr'><strong>bus</strong></span> <span class='ocrx_word' id='word_1_455' title='bbox 2547 2922 2670 2978; x_wconf 91' lang='lat' dir='ltr'><strong>tuis.</strong></span> <span class='ocrx_word' id='word_1_456' title='bbox 2723 2921 2853 2977; x_wconf 76' lang='lat' dir='ltr'><strong>Nam</strong></span> <span class='ocrx_word' id='word_1_457' title='bbox 2891 2930 2947 2978; x_wconf 89' lang='lat' dir='ltr'><strong>et</strong></span> <span class='ocrx_word' id='word_1_458' title='bbox 2994 2921 3300 2977; x_wconf 87' lang='lat' dir='ltr'><strong>testimonia</strong></span> <span class='ocrx_word' id='word_1_459' title='bbox 3332 2927 3420 2974; x_wconf 89' lang='lat' dir='ltr'><strong>tua</strong></span> <span class='ocrx_word' id='word_1_460' title='bbox 3469 2920 3758 2974; x_wconf 78' lang='lat' dir='ltr'><strong>meditatio</strong></span> <span class='ocrx_word' id='word_1_461' title='bbox 3805 2936 3904 2972; x_wconf 75' lang='lat' dir='ltr'><strong>mea</strong></span> 
     </span>
    </p>
   </div>
   <div class='ocr_carea' id='block_1_62' title="bbox 2338 3010 3900 3082">
    <p class='ocr_par' dir='ltr' id='par_1_62' title="bbox 2338 3010 3900 3082">
     <span class='ocr_line' id='line_1_62' title="bbox 2338 3010 3900 3082; baseline -0.004 -16"><span class='ocrx_word' id='word_1_462' title='bbox 2338 3033 2355 3066; x_wconf 84' lang='grc' dir='ltr'><strong>ι</strong></span> <span class='ocrx_word' id='word_1_463' title='bbox 2400 3022 2517 3082; x_wconf 85' lang='lat' dir='ltr'><strong>est,</strong></span> <span class='ocrx_word' id='word_1_464' title='bbox 2569 3024 2623 3069; x_wconf 90' lang='lat' dir='ltr'><strong>et</strong></span> <span class='ocrx_word' id='word_1_465' title='bbox 2674 3013 2955 3070; x_wconf 89' lang='lat' dir='ltr'><strong>consilium</strong></span> <span class='ocrx_word' id='word_1_466' title='bbox 3013 3027 3193 3067; x_wconf 89' lang='lat' dir='ltr'><strong>meum</strong></span> <span class='ocrx_word' id='word_1_467' title='bbox 3243 3010 3667 3080; x_wconf 72' lang='lat' dir='ltr'><strong>iustiﬁcationes</strong></span> <span class='ocrx_word' id='word_1_468' title='bbox 3729 3020 3842 3065; x_wconf 66' lang='lat' dir='ltr'><strong>tum.</strong></span> <span class='ocrx_word' id='word_1_469' title='bbox 3883 3030 3900 3060; x_wconf 73' lang='grc' dir='ltr'><strong>ι</strong></span> 
     </span>
    </p>
   </div>
   <div class='ocr_carea' id='block_1_63' title="bbox 2895 3099 3347 3157">
    <p class='ocr_par' dir='ltr' id='par_1_63' title="bbox 2895 3099 3347 3157">
     <span class='ocr_line' id='line_1_63' title="bbox 2895 3099 3347 3157; baseline -0.002 -1"><span class='ocrx_word' id='word_1_470' title='bbox 2895 3099 3347 3157; x_wconf 78' lang='lat' dir='ltr'><strong>ENARRATIO.</strong></span> 
     </span>
    </p>
   </div>
   <div class='ocr_carea' id='block_1_64' title="bbox 656 3176 3907 3259">
    <p class='ocr_par' dir='ltr' id='par_1_64' title="bbox 656 3176 3907 3259">
     <span class='ocr_line' id='line_1_64' title="bbox 656 3176 3907 3259; baseline 0.002 -26"><span class='ocrx_word' id='word_1_471' title='bbox 656 3182 1162 3249; x_wconf 78' lang='lat' dir='ltr'><strong>operando.Junior</strong></span> <span class='ocrx_word' id='word_1_472' title='bbox 1192 3185 1292 3241; x_wconf 88' lang='lat' dir='ltr'><strong>iste</strong></span> <span class='ocrx_word' id='word_1_473' title='bbox 1321 3196 1405 3243; x_wconf 90' lang='lat' dir='ltr'><strong>est</strong></span> <span class='ocrx_word' id='word_1_474' title='bbox 1437 3204 1541 3243; x_wconf 92' lang='lat' dir='ltr'><strong>non</strong></span> <span class='ocrx_word' id='word_1_475' title='bbox 1577 3188 1735 3257; x_wconf 85' lang='lat' dir='ltr'><strong>Cain,</strong></span> <span class='ocrx_word' id='word_1_476' title='bbox 1773 3192 1867 3246; x_wconf 90' lang='lat' dir='ltr'><strong>sed</strong></span> <span class='ocrx_word' id='word_1_477' title='bbox 1901 3176 2076 3259; x_wconf 84' lang='lat' dir='ltr'><strong>Abel;</strong></span> <span class='ocrx_word' id='word_1_478' title='bbox 2121 3208 2228 3248; x_wconf 92' lang='lat' dir='ltr'><strong>non</strong></span> <span class='ocrx_word' id='word_1_479' title='bbox 2258 3179 2303 3241; x_wconf 84' lang='lat' dir='ltr'>C</span> <span class='ocrx_word' id='word_1_480' title='bbox 2413 3190 2660 3246; x_wconf 84' lang='lat' dir='ltr'><strong>Retribue</strong></span> <span class='ocrx_word' id='word_1_481' title='bbox 2709 3207 2855 3246; x_wconf 80' lang='lat' dir='ltr'><strong>servo</strong></span> <span class='ocrx_word' id='word_1_482' title='bbox 2914 3199 3024 3245; x_wconf 88' lang='lat' dir='ltr'><strong>tuo.</strong></span> <span class='ocrx_word' id='word_1_483' title='bbox 3080 3189 3244 3256; x_wconf 82' lang='lat' dir='ltr'><strong>Quasi</strong></span> <span class='ocrx_word' id='word_1_484' title='bbox 3271 3190 3406 3244; x_wconf 86' lang='lat' dir='ltr'><strong>dicat</strong></span> <span class='ocrx_word' id='word_1_485' title='bbox 3446 3207 3459 3242; x_wconf 89' lang='lat'><strong>:</strong></span> <span class='ocrx_word' id='word_1_486' title='bbox 3506 3188 3576 3244; x_wconf 83' lang='lat' dir='ltr'><strong>Ut</strong></span> <span class='ocrx_word' id='word_1_487' title='bbox 3626 3205 3743 3244; x_wconf 88' lang='lat' dir='ltr'><strong>non</strong></span> <span class='ocrx_word' id='word_1_488' title='bbox 3788 3189 3907 3244; x_wconf 58' lang='lat' dir='ltr'><strong>obii-</strong></span> 
     </span>
    </p>
   </div>
   <div class='ocr_carea' id='block_1_65' title="bbox 661 3268 2226 3352">
    <p class='ocr_par' dir='ltr' id='par_1_65' title="bbox 661 3268 2226 3352">
     <span class='ocr_line' id='line_1_65' title="bbox 661 3268 2226 3352; baseline 0.009 -29"><span class='ocrx_word' id='word_1_489' title='bbox 661 3268 878 3337; x_wconf 87' lang='lat' dir='ltr'><strong>lsmael,</strong></span> <span class='ocrx_word' id='word_1_490' title='bbox 920 3274 1013 3329; x_wconf 90' lang='lat' dir='ltr'><strong>sed</strong></span> <span class='ocrx_word' id='word_1_491' title='bbox 1064 3273 1252 3341; x_wconf 81' lang='lat' dir='ltr'><strong>Isaac;</strong></span> <span class='ocrx_word' id='word_1_492' title='bbox 1290 3278 1750 3347; x_wconf 38' lang='lat' dir='ltr'><strong>non‘Manasses,</strong></span> <span class='ocrx_word' id='word_1_493' title='bbox 1796 3281 1890 3336; x_wconf 89' lang='lat' dir='ltr'><strong>sed</strong></span> <span class='ocrx_word' id='word_1_494' title='bbox 1926 3281 2226 3352; x_wconf 87' lang='lat' dir='ltr'><strong>prraim;</strong></span> 
     </span>
    </p>
   </div>
   <div class='ocr_carea' id='block_1_66' title="bbox 657 3359 2228 3442">
    <p class='ocr_par' dir='ltr' id='par_1_66' title="bbox 657 3359 2228 3442">
     <span class='ocr_line' id='line_1_66' title="bbox 657 3359 2228 3442; baseline 0.01 -31"><span class='ocrx_word' id='word_1_495' title='bbox 657 3372 765 3412; x_wconf 91' lang='lat' dir='ltr'><strong>non</strong></span> <span class='ocrx_word' id='word_1_496' title='bbox 796 3359 955 3441; x_wconf 82' lang='lat' dir='ltr'><strong>Esau,</strong></span> <span class='ocrx_word' id='word_1_497' title='bbox 987 3363 1079 3418; x_wconf 90' lang='lat' dir='ltr'><strong>sed</strong></span> <span class='ocrx_word' id='word_1_498' title='bbox 1103 3363 1303 3432; x_wconf 87' lang='lat' dir='ltr'><strong>Israel;</strong></span> <span class='ocrx_word' id='word_1_499' title='bbox 1335 3381 1439 3422; x_wconf 92' lang='lat' dir='ltr'><strong>non</strong></span> <span class='ocrx_word' id='word_1_500' title='bbox 1473 3368 1621 3434; x_wconf 89' lang='lat' dir='ltr'><strong>Saul,</strong></span> <span class='ocrx_word' id='word_1_501' title='bbox 1649 3372 1743 3426; x_wconf 89' lang='lat' dir='ltr'><strong>sed</strong></span> <span class='ocrx_word' id='word_1_502' title='bbox 1767 3372 1933 3426; x_wconf 88' lang='lat' dir='ltr'><strong>David</strong></span> <span class='ocrx_word' id='word_1_503' title='bbox 1963 3391 1976 3426; x_wconf 88' lang='lat'><strong>:</strong></span> <span class='ocrx_word' id='word_1_504' title='bbox 2001 3387 2228 3442; x_wconf 89' lang='lat' dir='ltr'><strong>quorum</strong></span> 
     </span>
    </p>
   </div>
   <div class='ocr_carea' id='block_1_67' title="bbox 656 3451 2229 3521">
    <p class='ocr_par' dir='ltr' id='par_1_67' title="bbox 656 3451 2229 3521">
     <span class='ocr_line' id='line_1_67' title="bbox 656 3451 2229 3521; baseline 0.012 -21"><span class='ocrx_word' id='word_1_505' title='bbox 656 3451 1025 3521; x_wconf 84' lang='lat' dir='ltr'><strong>unusquisque</strong></span> <span class='ocrx_word' id='word_1_506' title='bbox 1064 3455 1205 3509; x_wconf 88' lang='lat' dir='ltr'><strong>viam</strong></span> <span class='ocrx_word' id='word_1_507' title='bbox 1264 3472 1416 3511; x_wconf 89' lang='lat' dir='ltr'><strong>suam</strong></span> <span class='ocrx_word' id='word_1_508' title='bbox 1475 3460 1711 3515; x_wconf 79' lang='lat' dir='ltr'><strong>correxit</strong></span> <span class='ocrx_word' id='word_1_509' title='bbox 1757 3461 1810 3516; x_wconf 93' lang='lat' dir='ltr'><strong>in</strong></span> <span class='ocrx_word' id='word_1_510' title='bbox 1877 3462 2229 3519; x_wconf 90' lang='lat' dir='ltr'><strong>custodiendo</strong></span> 
     </span>
    </p>
   </div>
   <div class='ocr_carea' id='block_1_68' title="bbox 656 3543 2228 3616">
    <p class='ocr_par' dir='ltr' id='par_1_68' title="bbox 656 3543 2228 3616">
     <span class='ocr_line' id='line_1_68' title="bbox 656 3543 2228 3616; baseline 0.011 -24"><span class='ocrx_word' id='word_1_511' title='bbox 656 3553 934 3597; x_wconf 88' lang='lat' dir='ltr'><strong>sermones</strong></span> <span class='ocrx_word' id='word_1_512' title='bbox 961 3543 1172 3599; x_wconf 89' lang='lat' dir='ltr'><strong>Domini</strong></span> <span class='ocrx_word' id='word_1_513' title='bbox 1206 3546 1257 3600; x_wconf 92' lang='lat' dir='ltr'><strong>in</strong></span> <span class='ocrx_word' id='word_1_514' title='bbox 1287 3562 1413 3616; x_wconf 88' lang='lat' dir='ltr'><strong>quo,</strong></span> <span class='ocrx_word' id='word_1_515' title='bbox 1456 3550 1662 3605; x_wconf 90' lang='lat' dir='ltr'><strong>scilicet</strong></span> <span class='ocrx_word' id='word_1_516' title='bbox 1706 3550 1811 3605; x_wconf 88' lang='lat' dir='ltr'><strong>alio</strong></span> <span class='ocrx_word' id='word_1_517' title='bbox 1833 3552 1857 3605; x_wconf 85' lang='lat'><strong>?</strong></span> <span class='ocrx_word' id='word_1_518' title='bbox 1881 3551 2072 3609; x_wconf 69' lang='lat' dir='ltr'><strong>Caeteri</strong></span> <span class='ocrx_word' id='word_1_519' title='bbox 2098 3569 2228 3610; x_wconf 90' lang='lat' dir='ltr'><strong>vero</strong></span> 
     </span>
    </p>
   </div>
   <div class='ocr_carea' id='block_1_69' title="bbox 657 3629 2228 3705">
    <p class='ocr_par' dir='ltr' id='par_1_69' title="bbox 657 3629 2228 3705">
     <span class='ocr_line' id='line_1_69' title="bbox 657 3629 2228 3705; baseline 0.012 -24"><span class='ocrx_word' id='word_1_520' title='bbox 657 3629 931 3688; x_wconf 90' lang='lat' dir='ltr'><strong>imitantes</strong></span> <span class='ocrx_word' id='word_1_521' title='bbox 959 3645 1190 3690; x_wconf 87' lang='lat' dir='ltr'><strong>veterem</strong></span> <span class='ocrx_word' id='word_1_522' title='bbox 1236 3638 1530 3705; x_wconf 86' lang='lat' dir='ltr'><strong>hominem,</strong></span> <span class='ocrx_word' id='word_1_523' title='bbox 1561 3657 1665 3697; x_wconf 91' lang='lat' dir='ltr'><strong>non</strong></span> <span class='ocrx_word' id='word_1_524' title='bbox 1720 3645 2070 3700; x_wconf 89' lang='lat' dir='ltr'><strong>custodiendo</strong></span> <span class='ocrx_word' id='word_1_525' title='bbox 2113 3660 2228 3702; x_wconf 87' lang='lat' dir='ltr'><strong>ser-</strong></span> 
     </span>
    </p>
   </div>
   <div class='ocr_carea' id='block_1_70' title="bbox 660 3719 2226 3801">
    <p class='ocr_par' dir='ltr' id='par_1_70' title="bbox 660 3719 2226 3801">
     <span class='ocr_line' id='line_1_70' title="bbox 660 3719 2226 3801; baseline 0.013 -33"><span class='ocrx_word' id='word_1_526' title='bbox 660 3732 847 3773; x_wconf 88' lang='lat' dir='ltr'><strong>moues</strong></span> <span class='ocrx_word' id='word_1_527' title='bbox 868 3719 1231 3778; x_wconf 88' lang='lat' dir='ltr'><strong>distorserunt</strong></span> <span class='ocrx_word' id='word_1_528' title='bbox 1251 3726 1367 3782; x_wconf 82' lang='lat' dir='ltr'><strong>vias</strong></span> <span class='ocrx_word' id='word_1_529' title='bbox 1390 3743 1536 3783; x_wconf 89' lang='lat' dir='ltr'><strong>suas.</strong></span> <span class='ocrx_word' id='word_1_530' title='bbox 1563 3728 1632 3783; x_wconf 90' lang='lat' dir='ltr'><strong>Et</strong></span> <span class='ocrx_word' id='word_1_531' title='bbox 1653 3731 1777 3799; x_wconf 90' lang='lat' dir='ltr'><strong>quia</strong></span> <span class='ocrx_word' id='word_1_532' title='bbox 1800 3732 1890 3801; x_wconf 92' lang='lat' dir='ltr'><strong>qui</strong></span> <span class='ocrx_word' id='word_1_533' title='bbox 1913 3732 2226 3789; x_wconf 90' lang='lat' dir='ltr'><strong>custodiunt</strong></span> 
     </span>
    </p>
   </div>
   <div class='ocr_carea' id='block_1_71' title="bbox 656 3814 2226 3894">
    <p class='ocr_par' dir='ltr' id='par_1_71' title="bbox 656 3814 2226 3894">
     <span class='ocr_line' id='line_1_71' title="bbox 656 3814 2226 3894; baseline 0.013 -36"><span class='ocrx_word' id='word_1_534' title='bbox 656 3820 936 3863; x_wconf 88' lang='lat' dir='ltr'><strong>sermones</strong></span> <span class='ocrx_word' id='word_1_535' title='bbox 981 3818 1120 3876; x_wconf 91' lang='lat' dir='ltr'><strong>tuos,</strong></span> <span class='ocrx_word' id='word_1_536' title='bbox 1167 3814 1281 3868; x_wconf 85' lang='lat' dir='ltr'><strong>vias</strong></span> <span class='ocrx_word' id='word_1_537' title='bbox 1320 3830 1446 3872; x_wconf 87' lang='lat' dir='ltr'><strong>snas</strong></span> <span class='ocrx_word' id='word_1_538' title='bbox 1499 3819 1829 3885; x_wconf 90' lang='lat' dir='ltr'><strong>custodiunt,</strong></span> <span class='ocrx_word' id='word_1_539' title='bbox 1883 3837 1982 3894; x_wconf 83' lang='lat' dir='ltr'><strong>ego</strong></span> <span class='ocrx_word' id='word_1_540' title='bbox 2015 3824 2070 3876; x_wconf 90' lang='lat' dir='ltr'><strong>in</strong></span> <span class='ocrx_word' id='word_1_541' title='bbox 2118 3833 2226 3879; x_wconf 91' lang='lat' dir='ltr'><strong>toto</strong></span> 
     </span>
    </p>
   </div>
   <div class='ocr_carea' id='block_1_72' title="bbox 655 3896 2226 3982">
    <p class='ocr_par' dir='ltr' id='par_1_72' title="bbox 655 3896 2226 3982">
     <span class='ocr_line' id='line_1_72' title="bbox 655 3896 2226 3982; baseline 0.015 -34"><span class='ocrx_word' id='word_1_542' title='bbox 655 3896 810 3950; x_wconf 81' lang='lat' dir='ltr'><strong>corde</strong></span> <span class='ocrx_word' id='word_1_543' title='bbox 834 3914 945 3954; x_wconf 86' lang='lat' dir='ltr'><strong>meo</strong></span> <span class='ocrx_word' id='word_1_544' title='bbox 972 3903 1224 3972; x_wconf 73' lang='lat' dir='ltr'><strong>exquisivi</strong></span> <span class='ocrx_word' id='word_1_545' title='bbox 1250 3914 1318 3971; x_wconf 88' lang='lat' dir='ltr'><strong>te,</strong></span> <span class='ocrx_word' id='word_1_546' title='bbox 1346 3916 1402 3961; x_wconf 91' lang='lat' dir='ltr'><strong>et</strong></span> <span class='ocrx_word' id='word_1_547' title='bbox 1426 3907 1545 3963; x_wconf 90' lang='lat' dir='ltr'><strong>ideo</strong></span> <span class='ocrx_word' id='word_1_548' title='bbox 1568 3926 1631 3964; x_wconf 85' lang='lat' dir='ltr'><strong>ne</strong></span> <span class='ocrx_word' id='word_1_549' title='bbox 1657 3912 1877 3982; x_wconf 83' lang='lat' dir='ltr'><strong>repellas</strong></span> <span class='ocrx_word' id='word_1_550' title='bbox 1911 3931 1991 3969; x_wconf 88' lang='lat' dir='ltr'><strong>me</strong></span> <span class='ocrx_word' id='word_1_551' title='bbox 2026 3932 2058 3969; x_wconf 90' lang='lat' dir='ltr'><strong>a</strong></span> <span class='ocrx_word' id='word_1_552' title='bbox 2081 3931 2226 3970; x_wconf 88' lang='lat' dir='ltr'><strong>man-</strong></span> 
     </span>
    </p>
   </div>
   <div class='ocr_carea' id='block_1_73' title="bbox 657 3985 2227 4080">
    <p class='ocr_par' dir='ltr' id='par_1_73' title="bbox 657 3985 2227 4080">
     <span class='ocr_line' id='line_1_73' title="bbox 657 3985 2227 4080; baseline 0.017 -42"><span class='ocrx_word' id='word_1_553' title='bbox 657 3985 796 4080; x_wconf 80' lang='lat' dir='ltr'><strong>datis</strong></span> <span class='ocrx_word' id='word_1_554' title='bbox 845 3992 968 4044; x_wconf 88' lang='lat' dir='ltr'><strong>tuis.</strong></span> <span class='ocrx_word' id='word_1_555' title='bbox 1015 3993 1061 4046; x_wconf 76' lang='grc' dir='ltr'><strong>Δ</strong></span> <span class='ocrx_word' id='word_1_556' title='bbox 1097 3995 1364 4052; x_wconf 86' lang='lat' dir='ltr'><strong>mandatis</strong></span> <span class='ocrx_word' id='word_1_557' title='bbox 1394 3999 1605 4057; x_wconf 90' lang='lat' dir='ltr'><strong>Domini</strong></span> <span class='ocrx_word' id='word_1_558' title='bbox 1651 4004 1946 4074; x_wconf 87' lang='lat' dir='ltr'><strong>repellitur,</strong></span> <span class='ocrx_word' id='word_1_559' title='bbox 1996 4009 2088 4078; x_wconf 91' lang='lat' dir='ltr'><strong>qui</strong></span> <span class='ocrx_word' id='word_1_560' title='bbox 2128 4024 2227 4080; x_wconf 89' lang='lat' dir='ltr'><strong>per</strong></span> 
     </span>
    </p>
   </div>
   <div class='ocr_carea' id='block_1_74' title="bbox 655 4076 2226 4167">
    <p class='ocr_par' dir='ltr' id='par_1_74' title="bbox 655 4076 2226 4167">
     <span class='ocr_line' id='line_1_74' title="bbox 655 4076 2226 4167; baseline 0.017 -39"><span class='ocrx_word' id='word_1_561' title='bbox 655 4076 884 4145; x_wconf 79' lang='lat' dir='ltr'><strong>gratiam</strong></span> <span class='ocrx_word' id='word_1_562' title='bbox 935 4096 1039 4138; x_wconf 90' lang='lat' dir='ltr'><strong>non</strong></span> <span class='ocrx_word' id='word_1_563' title='bbox 1086 4084 1410 4153; x_wconf 71' lang='lat' dir='ltr'><strong>adiuvatur:</strong></span> <span class='ocrx_word' id='word_1_564' title='bbox 1442 4100 1499 4145; x_wconf 89' lang='lat' dir='ltr'><strong>et</strong></span> <span class='ocrx_word' id='word_1_565' title='bbox 1536 4091 1657 4149; x_wconf 90' lang='lat' dir='ltr'><strong>ideo</strong></span> <span class='ocrx_word' id='word_1_566' title='bbox 1705 4112 1767 4150; x_wconf 89' lang='lat' dir='ltr'><strong>ne</strong></span> <span class='ocrx_word' id='word_1_567' title='bbox 1815 4076 2033 4167; x_wconf 77' lang='lat' dir='ltr'><strong>repellas</strong></span> <span class='ocrx_word' id='word_1_568' title='bbox 2071 4076 2152 4155; x_wconf 78' lang='lat' dir='ltr'><strong>me</strong></span> <span class='ocrx_word' id='word_1_569' title='bbox 2191 4119 2226 4156; x_wconf 88' lang='lat' dir='ltr'><strong>a</strong></span> 
     </span>
    </p>
   </div>
   <div class='ocr_carea' id='block_1_75' title="bbox 656 4167 2223 4262">
    <p class='ocr_par' dir='ltr' id='par_1_75' title="bbox 656 4167 2223 4262">
     <span class='ocr_line' id='line_1_75' title="bbox 656 4167 2223 4262; baseline 0.02 -45"><span class='ocrx_word' id='word_1_570' title='bbox 656 4167 918 4224; x_wconf 79' lang='lat' dir='ltr'><strong>mandatis</strong></span> <span class='ocrx_word' id='word_1_571' title='bbox 946 4174 1069 4262; x_wconf 83' lang='lat' dir='ltr'><strong>tuis,</strong></span> <span class='ocrx_word' id='word_1_572' title='bbox 1115 4177 1240 4246; x_wconf 90' lang='lat' dir='ltr'><strong>quia</strong></span> <span class='ocrx_word' id='word_1_573' title='bbox 1269 4177 1396 4234; x_wconf 88' lang='lat' dir='ltr'><strong>licet</strong></span> <span class='ocrx_word' id='word_1_574' title='bbox 1444 4181 1534 4237; x_wconf 85' lang='lat' dir='ltr'><strong>alii</strong></span> <span class='ocrx_word' id='word_1_575' title='bbox 1569 4184 1906 4255; x_wconf 82' lang='lat' dir='ltr'><strong>abscondunt</strong></span> <span class='ocrx_word' id='word_1_576' title='bbox 1941 4199 2223 4262; x_wconf 79' lang='lat' dir='ltr'><strong>argentum</strong></span> 
     </span>
    </p>
   </div>
   <div class='ocr_carea' id='block_1_76' title="bbox 654 4261 2220 4348">
    <p class='ocr_par' dir='ltr' id='par_1_76' title="bbox 654 4261 2220 4348">
     <span class='ocr_line' id='line_1_76' title="bbox 654 4261 2220 4348; baseline 0.019 -40"><span class='ocrx_word' id='word_1_577' title='bbox 735 4272 927 4314; x_wconf 88' lang='lat' dir='ltr'><strong>aurum</strong></span> <span class='ocrx_word' id='word_1_578' title='bbox 958 4261 1010 4316; x_wconf 91' lang='lat' dir='ltr'><strong>in</strong></span> <span class='ocrx_word' id='word_1_579' title='bbox 1043 4277 1189 4330; x_wconf 88' lang='lat' dir='ltr'><strong>arca,</strong></span> <span class='ocrx_word' id='word_1_580' title='bbox 1237 4283 1337 4338; x_wconf 87' lang='lat' dir='ltr'><strong>ego</strong></span> <span class='ocrx_word' id='word_1_581' title='bbox 1365 4270 1419 4324; x_wconf 90' lang='lat' dir='ltr'><strong>in</strong></span> <span class='ocrx_word' id='word_1_582' title='bbox 1452 4279 1563 4330; x_wconf 90' lang='lat' dir='ltr'><strong>toto</strong></span> <span class='ocrx_word' id='word_1_583' title='bbox 1603 4276 1759 4330; x_wconf 85' lang='lat' dir='ltr'><strong>corde</strong></span> <span class='ocrx_word' id='word_1_584' title='bbox 1802 4294 1915 4333; x_wconf 85' lang='lat' dir='ltr'><strong>meo</strong></span> <span class='ocrx_word' id='word_1_585' title='bbox 1952 4261 2220 4348; x_wconf 74' lang='lat' dir='ltr'><strong>abscondi,</strong></span> 
     </span>
    </p>
   </div>
   <div class='ocr_carea' id='block_1_77' title="bbox 653 4345 2224 4438">
    <p class='ocr_par' dir='ltr' id='par_1_77' title="bbox 653 4345 2224 4438">
     <span class='ocr_line' id='line_1_77' title="bbox 653 4345 2224 4438; baseline 0.018 -39"><span class='ocrx_word' id='word_1_586' title='bbox 653 4345 706 4400; x_wconf 92' lang='lat' dir='ltr'><strong>id</strong></span> <span class='ocrx_word' id='word_1_587' title='bbox 731 4357 815 4404; x_wconf 90' lang='lat' dir='ltr'><strong>est</strong></span> <span class='ocrx_word' id='word_1_588' title='bbox 842 4353 1077 4421; x_wconf 90' lang='lat' dir='ltr'><strong>reposui,</strong></span> <span class='ocrx_word' id='word_1_589' title='bbox 1113 4354 1316 4427; x_wconf 82' lang='lat' dir='ltr'><strong>eloquia</strong></span> <span class='ocrx_word' id='word_1_590' title='bbox 1344 4370 1456 4429; x_wconf 86' lang='lat' dir='ltr'><strong>tua,</strong></span> <span class='ocrx_word' id='word_1_591' title='bbox 1486 4362 1540 4418; x_wconf 89' lang='lat' dir='ltr'><strong>id</strong></span> <span class='ocrx_word' id='word_1_592' title='bbox 1582 4374 1667 4420; x_wconf 91' lang='lat' dir='ltr'><strong>est</strong></span> <span class='ocrx_word' id='word_1_593' title='bbox 1709 4377 1999 4438; x_wconf 83' lang='lat' dir='ltr'><strong>praecepta,</strong></span> <span class='ocrx_word' id='word_1_594' title='bbox 2024 4371 2091 4424; x_wconf 85' lang='lat' dir='ltr'><strong>ad</strong></span> <span class='ocrx_word' id='word_1_595' title='bbox 2119 4345 2224 4427; x_wconf 82' lang='lat' dir='ltr'><strong>hoc</strong></span> 
     </span>
    </p>
   </div>
   <div class='ocr_carea' id='block_1_78' title="bbox 654 4439 2223 4522">
    <p class='ocr_par' dir='ltr' id='par_1_78' title="bbox 654 4439 2223 4522">
     <span class='ocr_line' id='line_1_78' title="bbox 654 4439 2223 4522; baseline 0.018 -31"><span class='ocrx_word' id='word_1_596' title='bbox 654 4439 922 4509; x_wconf 85' lang='lat' dir='ltr'><strong>videlicet,</strong></span> <span class='ocrx_word' id='word_1_597' title='bbox 954 4454 1143 4501; x_wconf 86' lang='lat' dir='ltr'><strong>utnon</strong></span> <span class='ocrx_word' id='word_1_598' title='bbox 1192 4465 1395 4518; x_wconf 85' lang='lat' dir='ltr'><strong>peccent</strong></span> <span class='ocrx_word' id='word_1_599' title='bbox 1436 4455 1550 4522; x_wconf 89' lang='lat' dir='ltr'><strong>tibi,</strong></span> <span class='ocrx_word' id='word_1_600' title='bbox 1597 4457 1650 4512; x_wconf 91' lang='lat' dir='ltr'><strong>in</strong></span> <span class='ocrx_word' id='word_1_601' title='bbox 1697 4461 1956 4516; x_wconf 86' lang='lat' dir='ltr'><strong>memoria</strong></span> <span class='ocrx_word' id='word_1_602' title='bbox 1994 4464 2223 4520; x_wconf 90' lang='lat' dir='ltr'><strong>tenendo</strong></span> 
     </span>
    </p>
   </div>
   <div class='ocr_carea' id='block_1_79' title="bbox 654 4531 2222 4623">
    <p class='ocr_par' dir='ltr' id='par_1_79' title="bbox 654 4531 2222 4623">
     <span class='ocr_line' id='line_1_79' title="bbox 654 4531 2222 4623; baseline 0.02 -41"><span class='ocrx_word' id='word_1_603' title='bbox 654 4531 905 4588; x_wconf 90' lang='lat' dir='ltr'><strong>mandata</strong></span> <span class='ocrx_word' id='word_1_604' title='bbox 943 4542 1052 4590; x_wconf 90' lang='lat' dir='ltr'><strong>tua.</strong></span> <span class='ocrx_word' id='word_1_605' title='bbox 1088 4535 1349 4596; x_wconf 83' lang='lat' dir='ltr'><strong>Peccatur</strong></span> <span class='ocrx_word' id='word_1_606' title='bbox 1374 4544 1504 4612; x_wconf 91' lang='lat' dir='ltr'><strong>Deo,</strong></span> <span class='ocrx_word' id='word_1_607' title='bbox 1534 4557 1790 4617; x_wconf 87' lang='lat' dir='ltr'><strong>peccatur</strong></span> <span class='ocrx_word' id='word_1_608' title='bbox 1817 4554 2101 4623; x_wconf 77' lang='lat' dir='ltr'><strong>proximo;</strong></span> <span class='ocrx_word' id='word_1_609' title='bbox 2128 4556 2222 4613; x_wconf 88' lang='lat' dir='ltr'><strong>sed</strong></span> 
     </span>
    </p>
   </div>
   <div class='ocr_carea' id='block_1_80' title="bbox 651 4622 2228 4722">
    <p class='ocr_par' dir='ltr' id='par_1_80' title="bbox 651 4622 2228 4722">
     <span class='ocr_line' id='line_1_80' title="bbox 651 4622 2228 4722; baseline 0.02 -46"><span class='ocrx_word' id='word_1_610' title='bbox 651 4622 803 4692; x_wconf 90' lang='lat' dir='ltr'><strong>prius</strong></span> <span class='ocrx_word' id='word_1_611' title='bbox 844 4625 955 4683; x_wconf 90' lang='lat' dir='ltr'><strong>Deo</strong></span> <span class='ocrx_word' id='word_1_612' title='bbox 998 4640 1250 4699; x_wconf 89' lang='lat' dir='ltr'><strong>peccatur</strong></span> <span class='ocrx_word' id='word_1_613' title='bbox 1300 4652 1313 4689; x_wconf 91' lang='lat'>:</span> <span class='ocrx_word' id='word_1_614' title='bbox 1355 4638 1469 4706; x_wconf 62' lang='lat' dir='ltr'><strong>quia</strong></span> <span class='ocrx_word' id='word_1_615' title='bbox 1499 4642 1713 4709; x_wconf 85' lang='lat' dir='ltr'><strong>quando</strong></span> <span class='ocrx_word' id='word_1_616' title='bbox 1759 4622 1990 4717; x_wconf 87' lang='lat' dir='ltr'><strong>quisque</strong></span> <span class='ocrx_word' id='word_1_617' title='bbox 2029 4651 2228 4722; x_wconf 83' lang='lat' dir='ltr'><strong>cogitat</strong></span> 
     </span>
    </p>
   </div>
   <div class='ocr_carea' id='block_1_81' title="bbox 652 4723 2224 4811">
    <p class='ocr_par' dir='ltr' id='par_1_81' title="bbox 652 4723 2224 4811">
     <span class='ocr_line' id='line_1_81' title="bbox 652 4723 2224 4811; baseline 0.022 -45"><span class='ocrx_word' id='word_1_618' title='bbox 652 4723 932 4811; x_wconf 78' lang='lat' dir='ltr'><strong>peccatum</strong></span> <span class='ocrx_word' id='word_1_619' title='bbox 973 4733 1286 4794; x_wconf 88' lang='lat' dir='ltr'><strong>perpetrare</strong></span> <span class='ocrx_word' id='word_1_620' title='bbox 1335 4728 1387 4781; x_wconf 91' lang='lat' dir='ltr'><strong>in</strong></span> <span class='ocrx_word' id='word_1_621' title='bbox 1437 4733 1701 4800; x_wconf 82' lang='lat' dir='ltr'><strong>proximo,</strong></span> <span class='ocrx_word' id='word_1_622' title='bbox 1723 4734 1837 4804; x_wconf 86' lang='lat' dir='ltr'><strong>jam</strong></span> <span class='ocrx_word' id='word_1_623' title='bbox 1865 4751 2054 4808; x_wconf 89' lang='lat' dir='ltr'><strong>peccat</strong></span> <span class='ocrx_word' id='word_1_624' title='bbox 2096 4744 2224 4811; x_wconf 88' lang='lat' dir='ltr'><strong>Deo,</strong></span> 
     </span>
    </p>
   </div>
   <div class='ocr_carea' id='block_1_82' title="bbox 652 4805 2220 4902">
    <p class='ocr_par' dir='ltr' id='par_1_82' title="bbox 652 4805 2220 4902">
     <span class='ocr_line' id='line_1_82' title="bbox 652 4805 2220 4902; baseline 0.021 -46"><span class='ocrx_word' id='word_1_625' title='bbox 652 4805 753 4902; x_wconf 86' lang='lat' dir='ltr'><strong>etsi</strong></span> <span class='ocrx_word' id='word_1_626' title='bbox 792 4807 996 4865; x_wconf 91' lang='lat' dir='ltr'><strong>nullum</strong></span> <span class='ocrx_word' id='word_1_627' title='bbox 1047 4826 1329 4883; x_wconf 72' lang='lat' dir='ltr'><strong>peccaturo</strong></span> <span class='ocrx_word' id='word_1_628' title='bbox 1379 4827 1777 4892; x_wconf 82' lang='lat' dir='ltr'><strong>perpetraverit</strong></span> <span class='ocrx_word' id='word_1_629' title='bbox 1827 4805 1882 4884; x_wconf 80' lang='lat' dir='ltr'><strong>in</strong></span> <span class='ocrx_word' id='word_1_630' title='bbox 1931 4805 2220 4902; x_wconf 59' lang='lat' dir='ltr'><strong>proximoi</strong></span> 
     </span>
    </p>
   </div>
   <div class='ocr_carea' id='block_1_83' title="bbox 651 4897 2220 4994">
    <p class='ocr_par' dir='ltr' id='par_1_83' title="bbox 651 4897 2220 4994">
     <span class='ocr_line' id='line_1_83' title="bbox 651 4897 2220 4994; baseline 0.022 -47"><span class='ocrx_word' id='word_1_631' title='bbox 651 4897 775 4994; x_wconf 70' lang='lat' dir='ltr'><strong>quia</strong></span> <span class='ocrx_word' id='word_1_632' title='bbox 799 4913 960 4994; x_wconf 79' lang='lat' dir='ltr'><strong>nemo</strong></span> <span class='ocrx_word' id='word_1_633' title='bbox 984 4919 1088 4959; x_wconf 90' lang='lat' dir='ltr'><strong>non</strong></span> <span class='ocrx_word' id='word_1_634' title='bbox 1118 4907 1269 4976; x_wconf 88' lang='lat' dir='ltr'><strong>prius</strong></span> <span class='ocrx_word' id='word_1_635' title='bbox 1296 4909 1349 4964; x_wconf 91' lang='lat' dir='ltr'><strong>in</strong></span> <span class='ocrx_word' id='word_1_636' title='bbox 1379 4925 1458 4978; x_wconf 88' lang='lat' dir='ltr'><strong>se,</strong></span> <span class='ocrx_word' id='word_1_637' title='bbox 1481 4929 1644 4985; x_wconf 89' lang='lat' dir='ltr'><strong>quam</strong></span> <span class='ocrx_word' id='word_1_638' title='bbox 1673 4918 1726 4972; x_wconf 93' lang='lat' dir='ltr'><strong>in</strong></span> <span class='ocrx_word' id='word_1_639' title='bbox 1754 4897 1983 4977; x_wconf 77' lang='lat' dir='ltr'><strong>alterum</strong></span> <span class='ocrx_word' id='word_1_640' title='bbox 2011 4936 2220 4994; x_wconf 84' lang='lat' dir='ltr'><strong>peccat.</strong></span> 
     </span>
    </p>
   </div>
   <div class='ocr_carea' id='block_1_84' title="bbox 657 4986 2218 5081">
    <p class='ocr_par' dir='ltr' id='par_1_84' title="bbox 657 4986 2218 5081">
     <span class='ocr_line' id='line_1_84' title="bbox 657 4986 2218 5081; baseline 0.02 -41"><span class='ocrx_word' id='word_1_641' title='bbox 657 4986 748 5081; x_wconf 66' lang='grc' dir='ltr'><strong>γει</strong></span> <span class='ocrx_word' id='word_1_642' title='bbox 778 4988 894 5045; x_wconf 91' lang='lat' dir='ltr'><strong>sic:</strong></span> <span class='ocrx_word' id='word_1_643' title='bbox 929 4991 992 5047; x_wconf 87' lang='lat' dir='ltr'><strong>In</strong></span> <span class='ocrx_word' id='word_1_644' title='bbox 1024 4998 1180 5051; x_wconf 83' lang='lat' dir='ltr'><strong>corde</strong></span> <span class='ocrx_word' id='word_1_645' title='bbox 1223 5015 1335 5054; x_wconf 86' lang='lat' dir='ltr'><strong>meo</strong></span> <span class='ocrx_word' id='word_1_646' title='bbox 1362 5002 1612 5061; x_wconf 86' lang='lat' dir='ltr'><strong>abscondi</strong></span> <span class='ocrx_word' id='word_1_647' title='bbox 1659 5008 1865 5081; x_wconf 85' lang='lat' dir='ltr'><strong>eloquia</strong></span> <span class='ocrx_word' id='word_1_648' title='bbox 1892 4986 2093 5081; x_wconf 49' lang='lat' dir='ltr'><strong>tua,-nt</strong></span> <span class='ocrx_word' id='word_1_649' title='bbox 2114 5032 2218 5072; x_wconf 90' lang='lat' dir='ltr'><strong>non</strong></span> 
     </span>
    </p>
   </div>
   <div class='ocr_carea' id='block_1_85' title="bbox 649 5076 2221 5177">
    <p class='ocr_par' dir='ltr' id='par_1_85' title="bbox 649 5076 2221 5177">
     <span class='ocr_line' id='line_1_85' title="bbox 649 5076 2221 5177; baseline 0.022 -49"><span class='ocrx_word' id='word_1_650' title='bbox 649 5076 834 5132; x_wconf 88' lang='lat' dir='ltr'><strong>darem</strong></span> <span class='ocrx_word' id='word_1_651' title='bbox 878 5090 1121 5139; x_wconf 88' lang='lat' dir='ltr'><strong>sanctum</strong></span> <span class='ocrx_word' id='word_1_652' title='bbox 1160 5089 1384 5146; x_wconf 88' lang='lat' dir='ltr'><strong>canibus</strong></span> <span class='ocrx_word' id='word_1_653' title='bbox 1423 5110 1597 5166; x_wconf 88' lang='lat' dir='ltr'><strong>neque</strong></span> <span class='ocrx_word' id='word_1_654' title='bbox 1628 5076 1956 5171; x_wconf 77' lang='lat' dir='ltr'><strong>margaritas</strong></span> <span class='ocrx_word' id='word_1_655' title='bbox 1990 5076 2221 5177; x_wconf 77' lang='lat' dir='ltr'><strong>sparge—</strong></span> 
     </span>
    </p>
   </div>
   <div class='ocr_carea' id='block_1_86' title="bbox 653 5177 2217 5264">
    <p class='ocr_par' dir='ltr' id='par_1_86' title="bbox 653 5177 2217 5264">
     <span class='ocr_line' id='line_1_86' title="bbox 653 5177 2217 5264; baseline 0.02 -44"><span class='ocrx_word' id='word_1_656' title='bbox 653 5182 766 5222; x_wconf 88' lang='lat' dir='ltr'><strong>rem</strong></span> <span class='ocrx_word' id='word_1_657' title='bbox 789 5177 914 5264; x_wconf 76' lang='lat' dir='ltr'><strong>ante</strong></span> <span class='ocrx_word' id='word_1_658' title='bbox 946 5187 1179 5241; x_wconf 84' lang='lat' dir='ltr'><strong>porcos:</strong></span> <span class='ocrx_word' id='word_1_659' title='bbox 1215 5194 1345 5252; x_wconf 90' lang='lat' dir='ltr'><strong>ergo</strong></span> <span class='ocrx_word' id='word_1_660' title='bbox 1371 5182 1509 5251; x_wconf 72' lang='lat' dir='ltr'><strong>Doce</strong></span> <span class='ocrx_word' id='word_1_661' title='bbox 1544 5205 1625 5243; x_wconf 85' lang='lat' dir='ltr'><strong>me</strong></span> <span class='ocrx_word' id='word_1_662' title='bbox 1644 5190 2053 5261; x_wconf 79' lang='lat' dir='ltr'><strong>justiﬁcationes</strong></span> <span class='ocrx_word' id='word_1_663' title='bbox 2074 5206 2217 5264; x_wconf 78' lang='lat' dir='ltr'><strong>tuas,</strong></span> 
     </span>
    </p>
   </div>
   <div class='ocr_carea' id='block_1_87' title="bbox 651 5260 2221 5348">
    <p class='ocr_par' dir='ltr' id='par_1_87' title="bbox 651 5260 2221 5348">
     <span class='ocr_line' id='line_1_87' title="bbox 651 5260 2221 5348; baseline 0.022 -36"><span class='ocrx_word' id='word_1_664' title='bbox 651 5267 709 5312; x_wconf 93' lang='lat' dir='ltr'><strong>ut</strong></span> <span class='ocrx_word' id='word_1_665' title='bbox 771 5260 975 5319; x_wconf 88' lang='lat' dir='ltr'><strong>discam</strong></span> <span class='ocrx_word' id='word_1_666' title='bbox 1028 5265 1276 5327; x_wconf 83' lang='lat' dir='ltr'><strong>faciendo</strong></span> <span class='ocrx_word' id='word_1_667' title='bbox 1344 5276 1486 5345; x_wconf 89' lang='lat' dir='ltr'><strong>quod</strong></span> <span class='ocrx_word' id='word_1_668' title='bbox 1550 5278 1662 5348; x_wconf 86' lang='lat' dir='ltr'><strong>jam</strong></span> <span class='ocrx_word' id='word_1_669' title='bbox 1721 5260 1882 5341; x_wconf 90' lang='lat' dir='ltr'><strong>didici</strong></span> <span class='ocrx_word' id='word_1_670' title='bbox 1960 5260 2221 5346; x_wconf 82' lang='lat' dir='ltr'><strong>memoria</strong></span> 
     </span>
    </p>
   </div>
   <div class='ocr_carea' id='block_1_88' title="bbox 652 5353 2218 5444">
    <p class='ocr_par' dir='ltr' id='par_1_88' title="bbox 652 5353 2218 5444">
     <span class='ocr_line' id='line_1_88' title="bbox 652 5353 2218 5444; baseline 0.022 -41"><span class='ocrx_word' id='word_1_671' title='bbox 652 5353 902 5444; x_wconf 70' lang='lat' dir='ltr'><strong>tenendo,</strong></span> <span class='ocrx_word' id='word_1_672' title='bbox 953 5356 1071 5422; x_wconf 88' lang='lat' dir='ltr'><strong>vel,</strong></span> <span class='ocrx_word' id='word_1_673' title='bbox 1120 5358 1292 5417; x_wconf 89' lang='lat' dir='ltr'><strong>Tuum</strong></span> <span class='ocrx_word' id='word_1_674' title='bbox 1352 5375 1436 5421; x_wconf 87' lang='lat' dir='ltr'><strong>est</strong></span> <span class='ocrx_word' id='word_1_675' title='bbox 1495 5368 1726 5438; x_wconf 90' lang='lat' dir='ltr'><strong>docere,</strong></span> <span class='ocrx_word' id='word_1_676' title='bbox 1775 5377 1901 5444; x_wconf 86' lang='lat' dir='ltr'><strong>quia</strong></span> <span class='ocrx_word' id='word_1_677' title='bbox 1951 5386 2009 5433; x_wconf 90' lang='lat' dir='ltr'><strong>tu</strong></span> <span class='ocrx_word' id='word_1_678' title='bbox 2064 5379 2218 5436; x_wconf 84' lang='lat' dir='ltr'><strong>bene-</strong></span> 
     </span>
    </p>
   </div>
   <div class='ocr_carea' id='block_1_89' title="bbox 649 5437 2218 5536">
    <p class='ocr_par' dir='ltr' id='par_1_89' title="bbox 649 5437 2218 5536">
     <span class='ocr_line' id='line_1_89' title="bbox 649 5437 2218 5536; baseline 0.023 -46"><span class='ocrx_word' id='word_1_679' title='bbox 649 5437 819 5495; x_wconf 88' lang='lat' dir='ltr'><strong>dictus</strong></span> <span class='ocrx_word' id='word_1_680' title='bbox 843 5458 917 5510; x_wconf 87' lang='lat' dir='ltr'><strong>es,</strong></span> <span class='ocrx_word' id='word_1_681' title='bbox 961 5444 1202 5521; x_wconf 80' lang='lat' dir='ltr'><strong>Domine,</strong></span> <span class='ocrx_word' id='word_1_682' title='bbox 1237 5450 1286 5505; x_wconf 94' lang='lat' dir='ltr'><strong>id</strong></span> <span class='ocrx_word' id='word_1_683' title='bbox 1308 5463 1427 5508; x_wconf 91' lang='lat' dir='ltr'><strong>est:</strong></span> <span class='ocrx_word' id='word_1_684' title='bbox 1471 5437 2218 5536; x_wconf 54' lang='lat' dir='ltr'><strong>naturaliter-tnuitiplicatus,</strong></span> 
     </span>
    </p>
   </div>
   <div class='ocr_carea' id='block_1_90' title="bbox 648 5537 2217 5630">
    <p class='ocr_par' dir='ltr' id='par_1_90' title="bbox 648 5537 2217 5630">
     <span class='ocr_line' id='line_1_90' title="bbox 648 5537 2217 5630; baseline 0.021 -48"><span class='ocrx_word' id='word_1_685' title='bbox 648 5537 705 5630; x_wconf 80' lang='lat' dir='ltr'><strong>et</strong></span> <span class='ocrx_word' id='word_1_686' title='bbox 746 5542 923 5630; x_wconf 30' lang='lat' dir='ltr'><strong>a‘te-</strong></span> <span class='ocrx_word' id='word_1_687' title='bbox 961 5538 1188 5609; x_wconf 91' lang='lat' dir='ltr'><strong>quisque</strong></span> <span class='ocrx_word' id='word_1_688' title='bbox 1257 5542 1482 5601; x_wconf 90' lang='lat' dir='ltr'><strong>docetur</strong></span> <span class='ocrx_word' id='word_1_689' title='bbox 1554 5548 1606 5602; x_wconf 92' lang='lat' dir='ltr'><strong>in</strong></span> <span class='ocrx_word' id='word_1_690' title='bbox 1657 5551 1878 5608; x_wconf 88' lang='lat' dir='ltr'><strong>bonum.</strong></span> <span class='ocrx_word' id='word_1_691' title='bbox 1936 5556 2077 5613; x_wconf 88' lang='lat' dir='ltr'><strong>Doce</strong></span> <span class='ocrx_word' id='word_1_692' title='bbox 2137 5575 2217 5614; x_wconf 88' lang='lat' dir='ltr'><strong>me</strong></span> 
     </span>
    </p>
   </div>
   <div class='ocr_carea' id='block_1_91' title="bbox 644 5623 2219 5706">
    <p class='ocr_par' dir='ltr' id='par_1_91' title="bbox 644 5623 2219 5706">
     <span class='ocr_line' id='line_1_91' title="bbox 644 5623 2219 5706; baseline 0.022 -34"><span class='ocrx_word' id='word_1_693' title='bbox 644 5623 1045 5692; x_wconf 60' lang='lat' dir='ltr'><strong>iustiﬁcationes</strong></span> <span class='ocrx_word' id='word_1_694' title='bbox 1079 5640 1215 5699; x_wconf 87' lang='lat' dir='ltr'><strong>tuas,</strong></span> <span class='ocrx_word' id='word_1_695' title='bbox 1245 5636 1369 5704; x_wconf 88' lang='lat' dir='ltr'><strong>quia</strong></span> <span class='ocrx_word' id='word_1_696' title='bbox 1424 5656 1527 5694; x_wconf 92' lang='lat' dir='ltr'><strong>non</strong></span> <span class='ocrx_word' id='word_1_697' title='bbox 1571 5641 1742 5697; x_wconf 85' lang='lat' dir='ltr'><strong>solum</strong></span> <span class='ocrx_word' id='word_1_698' title='bbox 1799 5646 1927 5702; x_wconf 87' lang='lat' dir='ltr'><strong>mihi</strong></span> <span class='ocrx_word' id='word_1_699' title='bbox 1957 5648 2219 5706; x_wconf 82' lang='lat' dir='ltr'><strong>abscondi</strong></span> 
     </span>
    </p>
   </div>
   <div class='ocr_carea' id='block_1_92' title="bbox 2333 3276 3903 3346">
    <p class='ocr_par' dir='ltr' id='par_1_92' title="bbox 2333 3276 3903 3346">
     <span class='ocr_line' id='line_1_92' title="bbox 2333 3276 3903 3346; baseline -0.002 -11"><span class='ocrx_word' id='word_1_700' title='bbox 2333 3281 2510 3336; x_wconf 89' lang='lat' dir='ltr'><strong>viscar</strong></span> <span class='ocrx_word' id='word_1_701' title='bbox 2558 3295 2837 3337; x_wconf 88' lang='lat' dir='ltr'><strong>sermones</strong></span> <span class='ocrx_word' id='word_1_702' title='bbox 2879 3289 3028 3346; x_wconf 92' lang='lat' dir='ltr'><strong>tuos,</strong></span> <span class='ocrx_word' id='word_1_703' title='bbox 3071 3291 3159 3345; x_wconf 95' lang='lat' dir='ltr'><strong>tu,</strong></span> <span class='ocrx_word' id='word_1_704' title='bbox 3202 3276 3463 3346; x_wconf 79' lang='lat' dir='ltr'><strong>Domine,</strong></span> <span class='ocrx_word' id='word_1_705' title='bbox 3506 3280 3742 3335; x_wconf 85' lang='lat' dir='ltr'><strong>retribue</strong></span> <span class='ocrx_word' id='word_1_706' title='bbox 3776 3297 3903 3334; x_wconf 76' lang='lat' dir='ltr'><strong>sem</strong></span> 
     </span>
    </p>
   </div>
   <div class='ocr_carea' id='block_1_93' title="bbox 2330 3370 3910 3440">
    <p class='ocr_par' dir='ltr' id='par_1_93' title="bbox 2330 3370 3910 3440">
     <span class='ocr_line' id='line_1_93' title="bbox 2330 3370 3910 3440; baseline -0.001 -15"><span class='ocrx_word' id='word_1_707' title='bbox 2330 3382 2455 3437; x_wconf 88' lang='lat' dir='ltr'><strong>tuo,</strong></span> <span class='ocrx_word' id='word_1_708' title='bbox 2520 3372 2624 3427; x_wconf 84' lang='lat' dir='ltr'><strong>hoc</strong></span> <span class='ocrx_word' id='word_1_709' title='bbox 2682 3370 2961 3438; x_wconf 84' lang='lat' dir='ltr'><strong>videlicet,</strong></span> <span class='ocrx_word' id='word_1_710' title='bbox 3038 3370 3240 3440; x_wconf 77' lang='lat' dir='ltr'><strong>vivi/ica</strong></span> <span class='ocrx_word' id='word_1_711' title='bbox 3302 3386 3401 3424; x_wconf 88' lang='lat' dir='ltr'><strong>me.</strong></span> <span class='ocrx_word' id='word_1_712' title='bbox 3471 3370 3725 3438; x_wconf 86' lang='lat' dir='ltr'><strong>Quatuor</strong></span> <span class='ocrx_word' id='word_1_713' title='bbox 3798 3381 3910 3425; x_wconf 78' lang='lat' dir='ltr'><strong>sunt</strong></span> 
     </span>
    </p>
   </div>
   <div class='ocr_carea' id='block_1_94' title="bbox 2330 3460 3906 3531">
    <p class='ocr_par' dir='ltr' id='par_1_94' title="bbox 2330 3460 3906 3531">
     <span class='ocr_line' id='line_1_94' title="bbox 2330 3460 3906 3531; baseline -0.003 -13"><span class='ocrx_word' id='word_1_714' title='bbox 2330 3461 2753 3518; x_wconf 89' lang='lat' dir='ltr'><strong>retributiones:</strong></span> <span class='ocrx_word' id='word_1_715' title='bbox 2784 3461 2903 3517; x_wconf 80' lang='lat' dir='ltr'><strong>dua:</strong></span> <span class='ocrx_word' id='word_1_716' title='bbox 2940 3469 3067 3518; x_wconf 88' lang='lat' dir='ltr'><strong>sunt</strong></span> <span class='ocrx_word' id='word_1_717' title='bbox 3100 3460 3351 3531; x_wconf 73' lang='lat' dir='ltr'><strong>justitire,</strong></span> <span class='ocrx_word' id='word_1_718' title='bbox 3398 3460 3629 3516; x_wconf 88' lang='lat' dir='ltr'><strong>reddere</strong></span> <span class='ocrx_word' id='word_1_719' title='bbox 3672 3461 3906 3516; x_wconf 72' lang='lat' dir='ltr'><strong>videlicet</strong></span> 
     </span>
    </p>
   </div>
   <div class='ocr_carea' id='block_1_95' title="bbox 2330 3551 3902 3623">
    <p class='ocr_par' dir='ltr' id='par_1_95' title="bbox 2330 3551 3902 3623">
     <span class='ocr_line' id='line_1_95' title="bbox 2330 3551 3902 3623; baseline -0.001 -16"><span class='ocrx_word' id='word_1_720' title='bbox 2330 3552 2467 3607; x_wconf 90' lang='lat' dir='ltr'><strong>bona</strong></span> <span class='ocrx_word' id='word_1_721' title='bbox 2518 3567 2617 3623; x_wconf 86' lang='lat' dir='ltr'><strong>pro</strong></span> <span class='ocrx_word' id='word_1_722' title='bbox 2665 3552 2851 3619; x_wconf 86' lang='lat' dir='ltr'><strong>bonis,</strong></span> <span class='ocrx_word' id='word_1_723' title='bbox 2900 3560 2955 3608; x_wconf 86' lang='lat' dir='ltr'><strong>et</strong></span> <span class='ocrx_word' id='word_1_724' title='bbox 2997 3551 3138 3608; x_wconf 87' lang='lat' dir='ltr'><strong>mala</strong></span> <span class='ocrx_word' id='word_1_725' title='bbox 3187 3567 3284 3622; x_wconf 89' lang='lat' dir='ltr'><strong>pro</strong></span> <span class='ocrx_word' id='word_1_726' title='bbox 3338 3551 3516 3607; x_wconf 89' lang='lat' dir='ltr'><strong>malis.</strong></span> <span class='ocrx_word' id='word_1_727' title='bbox 3564 3552 3712 3607; x_wconf 73' lang='lat' dir='ltr'><strong>Mala</strong></span> <span class='ocrx_word' id='word_1_728' title='bbox 3774 3554 3902 3607; x_wconf 78' lang='lat' dir='ltr'><strong>enim</strong></span> 
     </span>
    </p>
   </div>
   <div class='ocr_carea' id='block_1_96' title="bbox 2327 3640 3900 3715">
    <p class='ocr_par' dir='ltr' id='par_1_96' title="bbox 2327 3640 3900 3715">
     <span class='ocr_line' id='line_1_96' title="bbox 2327 3640 3900 3715; baseline 0.001 -19"><span class='ocrx_word' id='word_1_729' title='bbox 2327 3657 2427 3714; x_wconf 91' lang='lat' dir='ltr'><strong>pro</strong></span> <span class='ocrx_word' id='word_1_730' title='bbox 2475 3642 2630 3697; x_wconf 91' lang='lat' dir='ltr'><strong>malis</strong></span> <span class='ocrx_word' id='word_1_731' title='bbox 2665 3642 2850 3698; x_wconf 89' lang='lat' dir='ltr'><strong>reddet</strong></span> <span class='ocrx_word' id='word_1_732' title='bbox 2898 3640 3041 3698; x_wconf 86' lang='lat' dir='ltr'><strong>Deus</strong></span> <span class='ocrx_word' id='word_1_733' title='bbox 3086 3640 3295 3713; x_wconf 82' lang='lat' dir='ltr'><strong>impiis,</strong></span> <span class='ocrx_word' id='word_1_734' title='bbox 3338 3644 3554 3713; x_wconf 88' lang='lat' dir='ltr'><strong>quando</strong></span> <span class='ocrx_word' id='word_1_735' title='bbox 3589 3644 3746 3715; x_wconf 82' lang='lat' dir='ltr'><strong>justo</strong></span> <span class='ocrx_word' id='word_1_736' title='bbox 3771 3645 3900 3714; x_wconf 83' lang='lat' dir='ltr'><strong>judi-</strong></span> 
     </span>
    </p>
   </div>
   <div class='ocr_carea' id='block_1_97' title="bbox 2331 3739 3904 3809">
    <p class='ocr_par' dir='ltr' id='par_1_97' title="bbox 2331 3739 3904 3809">
     <span class='ocr_line' id='line_1_97' title="bbox 2331 3739 3904 3809; baseline -0.001 -15"><span class='ocrx_word' id='word_1_737' title='bbox 2331 3739 2448 3805; x_wconf 90' lang='lat' dir='ltr'><strong>cio,</strong></span> <span class='ocrx_word' id='word_1_738' title='bbox 2520 3747 2576 3795; x_wconf 88' lang='lat' dir='ltr'><strong>et</strong></span> <span class='ocrx_word' id='word_1_739' title='bbox 2651 3746 2997 3809; x_wconf 88' lang='lat' dir='ltr'><strong>peccatorum</strong></span> <span class='ocrx_word' id='word_1_740' title='bbox 3049 3754 3269 3795; x_wconf 91' lang='lat' dir='ltr'><strong>suorum</strong></span> <span class='ocrx_word' id='word_1_741' title='bbox 3326 3740 3519 3795; x_wconf 89' lang='lat' dir='ltr'><strong>merito</strong></span> <span class='ocrx_word' id='word_1_742' title='bbox 3577 3740 3904 3796; x_wconf 71' lang='lat' dir='ltr'><strong>mternalitcr</strong></span> 
     </span>
    </p>
   </div>
   <div class='ocr_carea' id='block_1_98' title="bbox 2330 3828 3901 3900">
    <p class='ocr_par' dir='ltr' id='par_1_98' title="bbox 2330 3828 3901 3900">
     <span class='ocr_line' id='line_1_98' title="bbox 2330 3828 3901 3900; baseline 0 -17"><span class='ocrx_word' id='word_1_743' title='bbox 2330 3828 2629 3900; x_wconf 90' lang='lat' dir='ltr'><strong>puniendos</strong></span> <span class='ocrx_word' id='word_1_744' title='bbox 2673 3843 2768 3884; x_wconf 92' lang='lat' dir='ltr'><strong>eos</strong></span> <span class='ocrx_word' id='word_1_745' title='bbox 2814 3828 2870 3883; x_wconf 92' lang='lat' dir='ltr'><strong>in</strong></span> <span class='ocrx_word' id='word_1_746' title='bbox 2925 3828 3101 3900; x_wconf 82' lang='lat' dir='ltr'><strong>ignem</strong></span> <span class='ocrx_word' id='word_1_747' title='bbox 3155 3836 3417 3885; x_wconf 67' lang='lat' dir='ltr'><strong>internum</strong></span> <span class='ocrx_word' id='word_1_748' title='bbox 3472 3829 3677 3885; x_wconf 87' lang='lat' dir='ltr'><strong>mittet.</strong></span> <span class='ocrx_word' id='word_1_749' title='bbox 3736 3830 3901 3885; x_wconf 79' lang='lat' dir='ltr'><strong>Tertia</strong></span> 
     </span>
    </p>
   </div>
   <div class='ocr_carea' id='block_1_99' title="bbox 2330 3920 3901 3991">
    <p class='ocr_par' dir='ltr' id='par_1_99' title="bbox 2330 3920 3901 3991">
     <span class='ocr_line' id='line_1_99' title="bbox 2330 3920 3901 3991; baseline 0.002 -16"><span class='ocrx_word' id='word_1_750' title='bbox 2330 3921 2611 3976; x_wconf 87' lang='lat' dir='ltr'><strong>retributio</strong></span> <span class='ocrx_word' id='word_1_751' title='bbox 2671 3929 2755 3976; x_wconf 90' lang='lat' dir='ltr'><strong>est</strong></span> <span class='ocrx_word' id='word_1_752' title='bbox 2807 3920 3024 3991; x_wconf 68' lang='lat' dir='ltr'><strong>gratiae,</strong></span> <span class='ocrx_word' id='word_1_753' title='bbox 3088 3936 3246 3990; x_wconf 91' lang='lat' dir='ltr'><strong>quam</strong></span> <span class='ocrx_word' id='word_1_754' title='bbox 3311 3920 3399 3977; x_wconf 82' lang='lat' dir='ltr'><strong>hic</strong></span> <span class='ocrx_word' id='word_1_755' title='bbox 3457 3932 3682 3977; x_wconf 84' lang='lat' dir='ltr'><strong>exercet</strong></span> <span class='ocrx_word' id='word_1_756' title='bbox 3737 3923 3901 3985; x_wconf 84' lang='lat' dir='ltr'><strong>Deus,</strong></span> 
     </span>
    </p>
   </div>
   <div class='ocr_carea' id='block_1_100' title="bbox 2327 4005 3902 4084">
    <p class='ocr_par' dir='ltr' id='par_1_100' title="bbox 2327 4005 3902 4084">
     <span class='ocr_line' id='line_1_100' title="bbox 2327 4005 3902 4084; baseline -0.001 -16"><span class='ocrx_word' id='word_1_757' title='bbox 2327 4010 2557 4068; x_wconf 69' lang='lat' dir='ltr'><strong>reddens</strong></span> <span class='ocrx_word' id='word_1_758' title='bbox 2599 4009 2738 4066; x_wconf 86' lang='lat' dir='ltr'><strong>bona</strong></span> <span class='ocrx_word' id='word_1_759' title='bbox 2792 4025 2888 4081; x_wconf 90' lang='lat' dir='ltr'><strong>pro</strong></span> <span class='ocrx_word' id='word_1_760' title='bbox 2942 4009 3097 4065; x_wconf 89' lang='lat' dir='ltr'><strong>malis</strong></span> <span class='ocrx_word' id='word_1_761' title='bbox 3144 4024 3160 4064; x_wconf 91' lang='lat'><strong>:</strong></span> <span class='ocrx_word' id='word_1_762' title='bbox 3203 4025 3323 4080; x_wconf 66' lang='lat' dir='ltr'><strong>quae</strong></span> <span class='ocrx_word' id='word_1_763' title='bbox 3382 4005 3672 4068; x_wconf 86' lang='lat' dir='ltr'><strong>retributio</strong></span> <span class='ocrx_word' id='word_1_764' title='bbox 3731 4012 3902 4084; x_wconf 83' lang='lat' dir='ltr'><strong>gratia:</strong></span> 
     </span>
    </p>
   </div>
   <div class='ocr_carea' id='block_1_101' title="bbox 2328 4101 3902 4173">
    <p class='ocr_par' dir='ltr' id='par_1_101' title="bbox 2328 4101 3902 4173">
     <span class='ocr_line' id='line_1_101' title="bbox 2328 4101 3902 4173; baseline 0.003 -17"><span class='ocrx_word' id='word_1_765' title='bbox 2328 4101 2646 4157; x_wconf 85' lang='lat' dir='ltr'><strong>naturaliter</strong></span> <span class='ocrx_word' id='word_1_766' title='bbox 2694 4102 2999 4171; x_wconf 65' lang='lat' dir='ltr'><strong>praecedere</strong></span> <span class='ocrx_word' id='word_1_767' title='bbox 3046 4102 3233 4169; x_wconf 88' lang='lat' dir='ltr'><strong>debet;</strong></span> <span class='ocrx_word' id='word_1_768' title='bbox 3288 4103 3413 4173; x_wconf 85' lang='lat' dir='ltr'><strong>quia</strong></span> <span class='ocrx_word' id='word_1_769' title='bbox 3469 4105 3573 4159; x_wconf 92' lang='lat' dir='ltr'><strong>nisi</strong></span> <span class='ocrx_word' id='word_1_770' title='bbox 3628 4104 3776 4162; x_wconf 85' lang='lat' dir='ltr'><strong>Deus</strong></span> <span class='ocrx_word' id='word_1_771' title='bbox 3826 4107 3902 4162; x_wconf 82' lang='lat' dir='ltr'><strong>hic</strong></span> 
     </span>
    </p>
   </div>
   <div class='ocr_carea' id='block_1_102' title="bbox 2330 4192 3904 4264">
    <p class='ocr_par' dir='ltr' id='par_1_102' title="bbox 2330 4192 3904 4264">
     <span class='ocr_line' id='line_1_102' title="bbox 2330 4192 3904 4264; baseline 0.003 -17"><span class='ocrx_word' id='word_1_772' title='bbox 2330 4192 2578 4249; x_wconf 89' lang='lat' dir='ltr'><strong>redderet</strong></span> <span class='ocrx_word' id='word_1_773' title='bbox 2617 4192 2755 4247; x_wconf 88' lang='lat' dir='ltr'><strong>bona</strong></span> <span class='ocrx_word' id='word_1_774' title='bbox 2803 4209 2901 4264; x_wconf 90' lang='lat' dir='ltr'><strong>pro</strong></span> <span class='ocrx_word' id='word_1_775' title='bbox 2938 4192 3122 4260; x_wconf 90' lang='lat' dir='ltr'><strong>malis,</strong></span> <span class='ocrx_word' id='word_1_776' title='bbox 3165 4209 3269 4249; x_wconf 93' lang='lat' dir='ltr'><strong>non</strong></span> <span class='ocrx_word' id='word_1_777' title='bbox 3308 4203 3453 4250; x_wconf 88' lang='lat' dir='ltr'><strong>esset</strong></span> <span class='ocrx_word' id='word_1_778' title='bbox 3497 4196 3584 4251; x_wconf 92' lang='lat' dir='ltr'><strong>cui</strong></span> <span class='ocrx_word' id='word_1_779' title='bbox 3627 4197 3687 4251; x_wconf 90' lang='lat' dir='ltr'><strong>in</strong></span> <span class='ocrx_word' id='word_1_780' title='bbox 3730 4197 3904 4253; x_wconf 84' lang='lat' dir='ltr'><strong>ultimo</strong></span> 
     </span>
    </p>
   </div>
   <div class='ocr_carea' id='block_1_103' title="bbox 2327 4282 3902 4355">
    <p class='ocr_par' dir='ltr' id='par_1_103' title="bbox 2327 4282 3902 4355">
     <span class='ocr_line' id='line_1_103' title="bbox 2327 4282 3902 4355; baseline 0.003 -17"><span class='ocrx_word' id='word_1_781' title='bbox 2327 4282 2576 4338; x_wconf 84' lang='lat' dir='ltr'><strong>examine</strong></span> <span class='ocrx_word' id='word_1_782' title='bbox 2631 4282 2880 4338; x_wconf 86' lang='lat' dir='ltr'><strong>redderet</strong></span> <span class='ocrx_word' id='word_1_783' title='bbox 2935 4282 3075 4338; x_wconf 87' lang='lat' dir='ltr'><strong>bona</strong></span> <span class='ocrx_word' id='word_1_784' title='bbox 3126 4299 3225 4355; x_wconf 89' lang='lat' dir='ltr'><strong>pro</strong></span> <span class='ocrx_word' id='word_1_785' title='bbox 3279 4284 3436 4341; x_wconf 88' lang='lat' dir='ltr'><strong>bonis</strong></span> <span class='ocrx_word' id='word_1_786' title='bbox 3485 4302 3499 4340; x_wconf 93' lang='lat'><strong>:</strong></span> <span class='ocrx_word' id='word_1_787' title='bbox 3554 4287 3704 4344; x_wconf 90' lang='lat' dir='ltr'><strong>banc</strong></span> <span class='ocrx_word' id='word_1_788' title='bbox 3762 4288 3902 4342; x_wconf 79' lang='lat' dir='ltr'><strong>retri-</strong></span> 
     </span>
    </p>
   </div>
   <div class='ocr_carea' id='block_1_104' title="bbox 2330 4370 3900 4442">
    <p class='ocr_par' dir='ltr' id='par_1_104' title="bbox 2330 4370 3900 4442">
     <span class='ocr_line' id='line_1_104' title="bbox 2330 4370 3900 4442; baseline 0.003 -16"><span class='ocrx_word' id='word_1_789' title='bbox 2330 4370 2606 4427; x_wconf 90' lang='lat' dir='ltr'><strong>butionem</strong></span> <span class='ocrx_word' id='word_1_790' title='bbox 2666 4371 2860 4442; x_wconf 66' lang='lat' dir='ltr'><strong>quaerit</strong></span> <span class='ocrx_word' id='word_1_791' title='bbox 2908 4371 3031 4428; x_wconf 90' lang='lat' dir='ltr'><strong>iste.</strong></span> <span class='ocrx_word' id='word_1_792' title='bbox 3083 4370 3285 4439; x_wconf 77' lang='lat' dir='ltr'><strong>Qumrit</strong></span> <span class='ocrx_word' id='word_1_793' title='bbox 3330 4374 3471 4429; x_wconf 89' lang='lat' dir='ltr'><strong>enim</strong></span> <span class='ocrx_word' id='word_1_794' title='bbox 3524 4390 3555 4428; x_wconf 87' lang='lat' dir='ltr'><strong>a</strong></span> <span class='ocrx_word' id='word_1_795' title='bbox 3610 4376 3725 4433; x_wconf 87' lang='lat' dir='ltr'><strong>Deo</strong></span> <span class='ocrx_word' id='word_1_796' title='bbox 3775 4376 3900 4431; x_wconf 50' lang='lat' dir='ltr'><strong>inte.</strong></span> 
     </span>
    </p>
   </div>
   <div class='ocr_carea' id='block_1_105' title="bbox 2330 4461 3901 4537">
    <p class='ocr_par' dir='ltr' id='par_1_105' title="bbox 2330 4461 3901 4537">
     <span class='ocr_line' id='line_1_105' title="bbox 2330 4461 3901 4537; baseline 0.008 -23"><span class='ocrx_word' id='word_1_797' title='bbox 2330 4461 2441 4517; x_wconf 89' lang='lat' dir='ltr'><strong>rius</strong></span> <span class='ocrx_word' id='word_1_798' title='bbox 2487 4461 2781 4528; x_wconf 85' lang='lat' dir='ltr'><strong>viviticari,</strong></span> <span class='ocrx_word' id='word_1_799' title='bbox 2838 4472 2898 4518; x_wconf 92' lang='lat' dir='ltr'><strong>ut</strong></span> <span class='ocrx_word' id='word_1_800' title='bbox 2942 4463 3010 4518; x_wconf 91' lang='lat' dir='ltr'><strong>ab</strong></span> <span class='ocrx_word' id='word_1_801' title='bbox 3058 4476 3122 4518; x_wconf 90' lang='lat' dir='ltr'><strong>eo</strong></span> <span class='ocrx_word' id='word_1_802' title='bbox 3178 4465 3475 4521; x_wconf 80' lang='lat' dir='ltr'><strong>viviﬁeatus</strong></span> <span class='ocrx_word' id='word_1_803' title='bbox 3521 4469 3698 4537; x_wconf 85' lang='lat' dir='ltr'><strong>possit</strong></span> <span class='ocrx_word' id='word_1_804' title='bbox 3738 4481 3901 4526; x_wconf 84' lang='lat' dir='ltr'><strong>custo-</strong></span> 
     </span>
    </p>
   </div>
   <div class='ocr_carea' id='block_1_106' title="bbox 2331 4552 3901 4627">
    <p class='ocr_par' dir='ltr' id='par_1_106' title="bbox 2331 4552 3901 4627">
     <span class='ocr_line' id='line_1_106' title="bbox 2331 4552 3901 4627; baseline 0.006 -21"><span class='ocrx_word' id='word_1_805' title='bbox 2331 4552 2446 4608; x_wconf 90' lang='lat' dir='ltr'><strong>dire</strong></span> <span class='ocrx_word' id='word_1_806' title='bbox 2494 4567 2771 4609; x_wconf 87' lang='lat' dir='ltr'><strong>sermones</strong></span> <span class='ocrx_word' id='word_1_807' title='bbox 2819 4569 2976 4622; x_wconf 88' lang='lat' dir='ltr'><strong>suos;</strong></span> <span class='ocrx_word' id='word_1_808' title='bbox 3032 4555 3156 4625; x_wconf 92' lang='lat' dir='ltr'><strong>quia</strong></span> <span class='ocrx_word' id='word_1_809' title='bbox 3205 4557 3296 4627; x_wconf 90' lang='lat' dir='ltr'><strong>qui</strong></span> <span class='ocrx_word' id='word_1_810' title='bbox 3354 4566 3599 4614; x_wconf 89' lang='lat' dir='ltr'><strong>mortuus</strong></span> <span class='ocrx_word' id='word_1_811' title='bbox 3649 4570 3733 4617; x_wconf 88' lang='lat' dir='ltr'><strong>est</strong></span> <span class='ocrx_word' id='word_1_812' title='bbox 3780 4563 3901 4618; x_wconf 84' lang='lat' dir='ltr'><strong>inte-</strong></span> 
     </span>
    </p>
   </div>
   <div class='ocr_carea' id='block_1_107' title="bbox 2332 4643 3901 4717">
    <p class='ocr_par' dir='ltr' id='par_1_107' title="bbox 2332 4643 3901 4717">
     <span class='ocr_line' id='line_1_107' title="bbox 2332 4643 3901 4717; baseline 0.006 -19"><span class='ocrx_word' id='word_1_813' title='bbox 2332 4643 2477 4709; x_wconf 87' lang='lat' dir='ltr'><strong>rius,</strong></span> <span class='ocrx_word' id='word_1_814' title='bbox 2529 4659 2634 4699; x_wconf 92' lang='lat' dir='ltr'><strong>non</strong></span> <span class='ocrx_word' id='word_1_815' title='bbox 2683 4653 2768 4701; x_wconf 89' lang='lat' dir='ltr'><strong>est</strong></span> <span class='ocrx_word' id='word_1_816' title='bbox 2809 4645 3003 4717; x_wconf 84' lang='lat' dir='ltr'><strong>dignus</strong></span> <span class='ocrx_word' id='word_1_817' title='bbox 3049 4654 3107 4701; x_wconf 90' lang='lat' dir='ltr'><strong>ut</strong></span> <span class='ocrx_word' id='word_1_818' title='bbox 3163 4646 3431 4702; x_wconf 87' lang='lat' dir='ltr'><strong>custodiat</strong></span> <span class='ocrx_word' id='word_1_819' title='bbox 3478 4664 3765 4708; x_wconf 89' lang='lat' dir='ltr'><strong>sermones</strong></span> <span class='ocrx_word' id='word_1_820' title='bbox 3810 4654 3901 4707; x_wconf 82' lang='lat' dir='ltr'><strong>Do-</strong></span> 
     </span>
    </p>
   </div>
   <div class='ocr_carea' id='block_1_108' title="bbox 2329 4734 3899 4816">
    <p class='ocr_par' dir='ltr' id='par_1_108' title="bbox 2329 4734 3899 4816">
     <span class='ocr_line' id='line_1_108' title="bbox 2329 4734 3899 4816; baseline 0.006 -25"><span class='ocrx_word' id='word_1_821' title='bbox 2329 4736 2483 4791; x_wconf 90' lang='lat' dir='ltr'><strong>mini.</strong></span> <span class='ocrx_word' id='word_1_822' title='bbox 2533 4734 2667 4791; x_wconf 76' lang='lat' dir='ltr'><strong>Nota</strong></span> <span class='ocrx_word' id='word_1_823' title='bbox 2722 4737 2849 4806; x_wconf 89' lang='lat' dir='ltr'><strong>quia</strong></span> <span class='ocrx_word' id='word_1_824' title='bbox 2899 4752 3004 4791; x_wconf 91' lang='lat' dir='ltr'><strong>non</strong></span> <span class='ocrx_word' id='word_1_825' title='bbox 3048 4752 3112 4792; x_wconf 83' lang='lat' dir='ltr'><strong>ex</strong></span> <span class='ocrx_word' id='word_1_826' title='bbox 3162 4746 3275 4793; x_wconf 92' lang='lat' dir='ltr'><strong>toto</strong></span> <span class='ocrx_word' id='word_1_827' title='bbox 3320 4751 3564 4798; x_wconf 89' lang='lat' dir='ltr'><strong>mortuus</strong></span> <span class='ocrx_word' id='word_1_828' title='bbox 3614 4740 3790 4801; x_wconf 75' lang='lat' dir='ltr'><strong>fuerat</strong></span> <span class='ocrx_word' id='word_1_829' title='bbox 3818 4747 3899 4816; x_wconf 83' lang='lat' dir='ltr'><strong>qui</strong></span> 
     </span>
    </p>
   </div>
   <div class='ocr_carea' id='block_1_109' title="bbox 2328 4827 3900 4899">
    <p class='ocr_par' dir='ltr' id='par_1_109' title="bbox 2328 4827 3900 4899">
     <span class='ocr_line' id='line_1_109' title="bbox 2328 4827 3900 4899; baseline 0.007 -17"><span class='ocrx_word' id='word_1_830' title='bbox 2328 4827 2416 4884; x_wconf 84' lang='lat' dir='ltr'><strong>hic</strong></span> <span class='ocrx_word' id='word_1_831' title='bbox 2465 4827 2723 4882; x_wconf 82' lang='lat' dir='ltr'><strong>viviﬁcari</strong></span> <span class='ocrx_word' id='word_1_832' title='bbox 2787 4834 2958 4899; x_wconf 87' lang='lat' dir='ltr'><strong>rogat.</strong></span> <span class='ocrx_word' id='word_1_833' title='bbox 3015 4827 3237 4898; x_wconf 82' lang='lat' dir='ltr'><strong>Accepit</strong></span> <span class='ocrx_word' id='word_1_834' title='bbox 3283 4830 3427 4886; x_wconf 91' lang='lat' dir='ltr'><strong>enim</strong></span> <span class='ocrx_word' id='word_1_835' title='bbox 3483 4833 3700 4890; x_wconf 89' lang='lat' dir='ltr'><strong>initium</strong></span> <span class='ocrx_word' id='word_1_836' title='bbox 3760 4839 3900 4893; x_wconf 72' lang='lat' dir='ltr'><strong>bona:</strong></span> 
     </span>
    </p>
   </div>
   <div class='ocr_carea' id='block_1_110' title="bbox 2328 4917 3900 4993">
    <p class='ocr_par' dir='ltr' id='par_1_110' title="bbox 2328 4917 3900 4993">
     <span class='ocr_line' id='line_1_110' title="bbox 2328 4917 3900 4993; baseline 0.006 -20"><span class='ocrx_word' id='word_1_837' title='bbox 2328 4917 2805 4988; x_wconf 65' lang='lat' dir='ltr'><strong>concupiscentiae,</strong></span> <span class='ocrx_word' id='word_1_838' title='bbox 2872 4932 2993 4972; x_wconf 91' lang='lat' dir='ltr'><strong>cum</strong></span> <span class='ocrx_word' id='word_1_839' title='bbox 3062 4918 3238 4974; x_wconf 88' lang='lat' dir='ltr'><strong>adhuc</strong></span> <span class='ocrx_word' id='word_1_840' title='bbox 3294 4931 3448 4991; x_wconf 84' lang='lat' dir='ltr'><strong>rogat</strong></span> <span class='ocrx_word' id='word_1_841' title='bbox 3507 4923 3801 4993; x_wconf 79' lang='lat' dir='ltr'><strong>vivitieari,</strong></span> <span class='ocrx_word' id='word_1_842' title='bbox 3848 4938 3900 4981; x_wconf 90' lang='lat' dir='ltr'><strong>ut</strong></span> 
     </span>
    </p>
   </div>
   <div class='ocr_carea' id='block_1_111' title="bbox 2323 5011 3895 5091">
    <p class='ocr_par' dir='ltr' id='par_1_111' title="bbox 2323 5011 3895 5091">
     <span class='ocr_line' id='line_1_111' title="bbox 2323 5011 3895 5091; baseline 0.004 -24"><span class='ocrx_word' id='word_1_843' title='bbox 2323 5012 2495 5082; x_wconf 88' lang='lat' dir='ltr'><strong>possit</strong></span> <span class='ocrx_word' id='word_1_844' title='bbox 2540 5011 2812 5066; x_wconf 90' lang='lat' dir='ltr'><strong>custodire</strong></span> <span class='ocrx_word' id='word_1_845' title='bbox 2873 5023 3198 5081; x_wconf 73' lang='lat' dir='ltr'><strong>prteceptum</strong></span> <span class='ocrx_word' id='word_1_846' title='bbox 3253 5013 3595 5070; x_wconf 70' lang='lat' dir='ltr'><strong>obedientim.</strong></span> <span class='ocrx_word' id='word_1_847' title='bbox 3653 5018 3722 5073; x_wconf 82' lang='lat' dir='ltr'><strong>Et</strong></span> <span class='ocrx_word' id='word_1_848' title='bbox 3770 5036 3895 5091; x_wconf 55' lang='lat' dir='ltr'><strong>quo.</strong></span> 
     </span>
    </p>
   </div>
   <div class='ocr_carea' id='block_1_112' title="bbox 2325 5102 3896 5174">
    <p class='ocr_par' dir='ltr' id='par_1_112' title="bbox 2325 5102 3896 5174">
     <span class='ocr_line' id='line_1_112' title="bbox 2325 5102 3896 5174; baseline 0.006 -16"><span class='ocrx_word' id='word_1_849' title='bbox 2325 5103 2468 5158; x_wconf 88' lang='lat' dir='ltr'><strong>niam</strong></span> <span class='ocrx_word' id='word_1_850' title='bbox 2521 5102 2614 5158; x_wconf 91' lang='lat' dir='ltr'><strong>Dei</strong></span> <span class='ocrx_word' id='word_1_851' title='bbox 2677 5111 2943 5172; x_wconf 72' lang='lat' dir='ltr'><strong>prmcepta</strong></span> <span class='ocrx_word' id='word_1_852' title='bbox 2993 5118 3098 5158; x_wconf 91' lang='lat' dir='ltr'><strong>non</strong></span> <span class='ocrx_word' id='word_1_853' title='bbox 3160 5119 3256 5174; x_wconf 89' lang='lat' dir='ltr'><strong>per</strong></span> <span class='ocrx_word' id='word_1_854' title='bbox 3308 5105 3674 5163; x_wconf 87' lang='lat' dir='ltr'><strong>obedientiam</strong></span> <span class='ocrx_word' id='word_1_855' title='bbox 3722 5121 3896 5167; x_wconf 52' lang='lat' dir='ltr'><strong>casto.</strong></span> 
     </span>
    </p>
   </div>
   <div class='ocr_carea' id='block_1_113' title="bbox 2323 5190 3895 5264">
    <p class='ocr_par' dir='ltr' id='par_1_113' title="bbox 2323 5190 3895 5264">
     <span class='ocr_line' id='line_1_113' title="bbox 2323 5190 3895 5264; baseline 0.006 -18"><span class='ocrx_word' id='word_1_856' title='bbox 2323 5193 2576 5255; x_wconf 86' lang='lat' dir='ltr'><strong>diuntur,</strong></span> <span class='ocrx_word' id='word_1_857' title='bbox 2644 5190 2744 5246; x_wconf 91' lang='lat' dir='ltr'><strong>nisi</strong></span> <span class='ocrx_word' id='word_1_858' title='bbox 2812 5206 2907 5261; x_wconf 89' lang='lat' dir='ltr'><strong>per</strong></span> <span class='ocrx_word' id='word_1_859' title='bbox 2984 5191 3389 5264; x_wconf 89' lang='lat' dir='ltr'><strong>intelligentiam</strong></span> <span class='ocrx_word' id='word_1_860' title='bbox 3459 5198 3779 5264; x_wconf 86' lang='lat' dir='ltr'><strong>videantur,</strong></span> <span class='ocrx_word' id='word_1_861' title='bbox 3846 5211 3895 5256; x_wconf 89' lang='lat' dir='ltr'><strong>nt</strong></span> 
     </span>
    </p>
   </div>
   <div class='ocr_carea' id='block_1_114' title="bbox 2324 5281 3891 5352">
    <p class='ocr_par' dir='ltr' id='par_1_114' title="bbox 2324 5281 3891 5352">
     <span class='ocr_line' id='line_1_114' title="bbox 2324 5281 3891 5352; baseline 0.004 -15"><span class='ocrx_word' id='word_1_862' title='bbox 2324 5282 2549 5337; x_wconf 86' lang='lat' dir='ltr'><strong>haberet</strong></span> <span class='ocrx_word' id='word_1_863' title='bbox 2620 5281 3057 5352; x_wconf 80' lang='lat' dir='ltr'><strong>intelligentiam,</strong></span> <span class='ocrx_word' id='word_1_864' title='bbox 3122 5285 3445 5341; x_wconf 85' lang='lat' dir='ltr'><strong>subsecutus</strong></span> <span class='ocrx_word' id='word_1_865' title='bbox 3515 5290 3595 5343; x_wconf 90' lang='lat' dir='ltr'><strong>ait</strong></span> <span class='ocrx_word' id='word_1_866' title='bbox 3650 5306 3666 5344; x_wconf 89' lang='lat'><strong>:</strong></span> <span class='ocrx_word' id='word_1_867' title='bbox 3717 5290 3891 5345; x_wconf 75' lang='lat' dir='ltr'><strong>Ilerda</strong></span> 
     </span>
    </p>
   </div>
   <div class='ocr_carea' id='block_1_115' title="bbox 2323 5374 3890 5441">
    <p class='ocr_par' dir='ltr' id='par_1_115' title="bbox 2323 5374 3890 5441">
     <span class='ocr_line' id='line_1_115' title="bbox 2323 5374 3890 5441; baseline 0.006 -13"><span class='ocrx_word' id='word_1_868' title='bbox 2323 5374 2500 5429; x_wconf 86' lang='lat' dir='ltr'><strong>oculos</strong></span> <span class='ocrx_word' id='word_1_869' title='bbox 2566 5391 2704 5429; x_wconf 86' lang='lat' dir='ltr'><strong>meos</strong></span> <span class='ocrx_word' id='word_1_870' title='bbox 2766 5376 3075 5441; x_wconf 85' lang='lat' dir='ltr'><strong>interiores,</strong></span> <span class='ocrx_word' id='word_1_871' title='bbox 3125 5387 3175 5432; x_wconf 88' lang='lat' dir='ltr'><strong>et</strong></span> <span class='ocrx_word' id='word_1_872' title='bbox 3230 5379 3570 5435; x_wconf 82' lang='lat' dir='ltr'><strong>considerabo</strong></span> <span class='ocrx_word' id='word_1_873' title='bbox 3642 5385 3890 5438; x_wconf 76' lang='lat' dir='ltr'><strong>mirabilia</strong></span> 
     </span>
    </p>
   </div>
   <div class='ocr_carea' id='block_1_116' title="bbox 2321 5466 3890 5543">
    <p class='ocr_par' dir='ltr' id='par_1_116' title="bbox 2321 5466 3890 5543">
     <span class='ocr_line' id='line_1_116' title="bbox 2321 5466 3890 5543; baseline 0.004 -22"><span class='ocrx_word' id='word_1_874' title='bbox 2321 5466 2664 5536; x_wconf 85' lang='lat' dir='ltr'><strong>procedentia</strong></span> <span class='ocrx_word' id='word_1_875' title='bbox 2731 5467 2796 5521; x_wconf 86' lang='lat' dir='ltr'><strong>de</strong></span> <span class='ocrx_word' id='word_1_876' title='bbox 2859 5466 2967 5538; x_wconf 83' lang='lat' dir='ltr'><strong>lege</strong></span> <span class='ocrx_word' id='word_1_877' title='bbox 3032 5477 3159 5535; x_wconf 90' lang='lat' dir='ltr'><strong>tua,</strong></span> <span class='ocrx_word' id='word_1_878' title='bbox 3230 5470 3326 5525; x_wconf 85' lang='lat' dir='ltr'><strong>sed</strong></span> <span class='ocrx_word' id='word_1_879' title='bbox 3386 5472 3692 5528; x_wconf 86' lang='lat' dir='ltr'><strong>observata.</strong></span> <span class='ocrx_word' id='word_1_880' title='bbox 3760 5476 3890 5543; x_wconf 79' lang='lat' dir='ltr'><strong>Quid</strong></span> 
     </span>
    </p>
   </div>
   <div class='ocr_carea' id='block_1_117' title="bbox 2322 5558 3885 5635">
    <p class='ocr_par' dir='ltr' id='par_1_117' title="bbox 2322 5558 3885 5635">
     <span class='ocr_line' id='line_1_117' title="bbox 2322 5558 3885 5635; baseline 0.005 -22"><span class='ocrx_word' id='word_1_881' title='bbox 2322 5558 2656 5625; x_wconf 88' lang='lat' dir='ltr'><strong>mirabilius,</strong></span> <span class='ocrx_word' id='word_1_882' title='bbox 2705 5576 2864 5629; x_wconf 89' lang='lat' dir='ltr'><strong>quam</strong></span> <span class='ocrx_word' id='word_1_883' title='bbox 2927 5577 3022 5630; x_wconf 87' lang='lat' dir='ltr'><strong>per</strong></span> <span class='ocrx_word' id='word_1_884' title='bbox 3078 5565 3376 5619; x_wconf 86' lang='lat' dir='ltr'><strong>custodiam</strong></span> <span class='ocrx_word' id='word_1_885' title='bbox 3447 5566 3581 5635; x_wconf 78' lang='lat' dir='ltr'><strong>legis</strong></span> <span class='ocrx_word' id='word_1_886' title='bbox 3653 5568 3885 5629; x_wconf 87' lang='lat' dir='ltr'><strong>Domini,</strong></span> 
     </span>
    </p>
   </div>
   <div class='ocr_carea' id='block_1_118' title="bbox 2320 5652 3886 5723">
    <p class='ocr_par' dir='ltr' id='par_1_118' title="bbox 2320 5652 3886 5723">
     <span class='ocr_line' id='line_1_118' title="bbox 2320 5652 3886 5723; baseline 0.006 -19"><span class='ocrx_word' id='word_1_887' title='bbox 2320 5659 2550 5717; x_wconf 88' lang='lat' dir='ltr'><strong>terram,</strong></span> <span class='ocrx_word' id='word_1_888' title='bbox 2585 5652 2779 5707; x_wconf 83' lang='lat' dir='ltr'><strong>ccelum</strong></span> <span class='ocrx_word' id='word_1_889' title='bbox 2822 5652 2965 5716; x_wconf 82' lang='lat' dir='ltr'><strong>ﬁeri,</strong></span> <span class='ocrx_word' id='word_1_890' title='bbox 3012 5670 3226 5710; x_wconf 85' lang='lat' dir='ltr'><strong>servum</strong></span> <span class='ocrx_word' id='word_1_891' title='bbox 3282 5657 3544 5723; x_wconf 79' lang='lat' dir='ltr'><strong>liberum,</strong></span> <span class='ocrx_word' id='word_1_892' title='bbox 3593 5670 3647 5715; x_wconf 92' lang='lat' dir='ltr'><strong>et</strong></span> <span class='ocrx_word' id='word_1_893' title='bbox 3685 5660 3886 5715; x_wconf 83' lang='lat' dir='ltr'><strong>tandem</strong></span> 
     </span>
    </p>
   </div>
   <div class='ocr_carea' id='block_1_119' title="bbox 652 5710 3885 5818">
    <p class='ocr_par' dir='ltr' id='par_1_119' title="bbox 652 5710 3885 5818">
     <span class='ocr_line' id='line_1_119' title="bbox 652 5710 3885 5818; baseline 0.007 -36"><span class='ocrx_word' id='word_1_894' title='bbox 652 5710 861 5783; x_wconf 60' lang='lat' dir='ltr'><strong>eloquia</strong></span> <span class='ocrx_word' id='word_1_895' title='bbox 936 5727 1025 5775; x_wconf 86' lang='lat' dir='ltr'><strong>tua</strong></span> <span class='ocrx_word' id='word_1_896' title='bbox 1056 5724 1191 5791; x_wconf 85' lang='lat' dir='ltr'><strong>,sed</strong></span> <span class='ocrx_word' id='word_1_897' title='bbox 1248 5728 1411 5785; x_wconf 86' lang='lat' dir='ltr'><strong>etiam</strong></span> <span class='ocrx_word' id='word_1_898' title='bbox 1468 5731 1534 5788; x_wconf 89' lang='lat' dir='ltr'><strong>ad</strong></span> <span class='ocrx_word' id='word_1_899' title='bbox 1600 5733 1886 5794; x_wconf 85' lang='lat' dir='ltr'><strong>utilitatem</strong></span> <span class='ocrx_word' id='word_1_900' title='bbox 1940 5742 2224 5810; x_wconf 45' lang='lat' dir='ltr'><strong>proximow</strong></span> <span class='ocrx_word' id='word_1_901' title='bbox 2315 5754 2573 5814; x_wconf 81' lang='lat' dir='ltr'><strong>perpetuo</strong></span> <span class='ocrx_word' id='word_1_902' title='bbox 2634 5744 2924 5801; x_wconf 83' lang='lat' dir='ltr'><strong>coronari?</strong></span> <span class='ocrx_word' id='word_1_903' title='bbox 2981 5743 3165 5801; x_wconf 75' lang='lat' dir='ltr'><strong>lict-cla</strong></span> <span class='ocrx_word' id='word_1_904' title='bbox 3224 5748 3400 5804; x_wconf 74' lang='lat' dir='ltr'><strong>oculos</strong></span> <span class='ocrx_word' id='word_1_905' title='bbox 3457 5767 3628 5818; x_wconf 77' lang='lat' dir='ltr'><strong>mccs,</strong></span> <span class='ocrx_word' id='word_1_906' title='bbox 3683 5760 3725 5807; x_wconf 87' lang='lat' dir='ltr'><strong>el</strong></span> <span class='ocrx_word' id='word_1_907' title='bbox 3772 5750 3885 5807; x_wconf 76' lang='lat' dir='ltr'><strong>‘boc</strong></span> 
     </span>
    </p>
   </div>
  </div>
