  <div class='ocr_page' id='page_1' title='image "/cluster/home/n/w/nwhite01/storage/ocr_20150623/131/hvd.32044015471725/374.png"; bbox 0 0 4034 6424; ppageno 0'>
   <div class='ocr_carea' id='block_1_1' title="bbox 119 412 230 468">
    <p class='ocr_par' dir='ltr' id='par_1_1' title="bbox 119 412 230 468">
     <span class='ocr_line' id='line_1_1' title="bbox 119 412 230 468; baseline -0.054 0"><span class='ocrx_word' id='word_1_1' title='bbox 119 412 230 468; x_wconf 82' lang='lat'><strong>737</strong></span> 
     </span>
    </p>
   </div>
   <div class='ocr_carea' id='block_1_2' title="bbox 1246 406 2253 466">
    <p class='ocr_par' dir='ltr' id='par_1_2' title="bbox 1246 406 2253 466">
     <span class='ocr_line' id='line_1_2' title="bbox 1246 406 2253 466; baseline -0.004 -2"><span class='ocrx_word' id='word_1_2' title='bbox 1246 409 1780 466; x_wconf 71' lang='lat' dir='ltr'><strong>ENARBATIONES</strong></span> <span class='ocrx_word' id='word_1_3' title='bbox 1819 410 1884 464; x_wconf 70' lang='lat' dir='ltr'><strong>IN</strong></span> <span class='ocrx_word' id='word_1_4' title='bbox 1918 406 2253 463; x_wconf 78' lang='lat' dir='ltr'><strong>PSALMOS.</strong></span> 
     </span>
    </p>
   </div>
   <div class='ocr_carea' id='block_1_3' title="bbox 3280 405 3384 463">
    <p class='ocr_par' dir='ltr' id='par_1_3' title="bbox 3280 405 3384 463">
     <span class='ocr_line' id='line_1_3' title="bbox 3280 405 3384 463; baseline 0.048 -6"><span class='ocrx_word' id='word_1_5' title='bbox 3280 405 3384 463; x_wconf 77' lang='lat'><strong>738</strong></span> 
     </span>
    </p>
   </div>
   <div class='ocr_carea' id='block_1_4' title="bbox 117 514 3383 594">
    <p class='ocr_par' dir='ltr' id='par_1_4' title="bbox 117 514 3383 594">
     <span class='ocr_line' id='line_1_4' title="bbox 117 514 3383 594; baseline -0.001 -15"><span class='ocrx_word' id='word_1_6' title='bbox 117 526 282 589; x_wconf 74' lang='lat' dir='ltr'><strong>ideo,</strong></span> <span class='ocrx_word' id='word_1_7' title='bbox 326 524 448 594; x_wconf 85' lang='lat' dir='ltr'><strong>quia</strong></span> <span class='ocrx_word' id='word_1_8' title='bbox 479 514 648 578; x_wconf 81' lang='lat' dir='ltr'><strong>incola</strong></span> <span class='ocrx_word' id='word_1_9' title='bbox 669 538 761 593; x_wconf 80' lang='lat' dir='ltr'><strong>ego</strong></span> <span class='ocrx_word' id='word_1_10' title='bbox 802 539 916 577; x_wconf 88' lang='lat' dir='ltr'><strong>sum</strong></span> <span class='ocrx_word' id='word_1_11' title='bbox 949 523 1000 575; x_wconf 87' lang='lat' dir='ltr'><strong>in</strong></span> <span class='ocrx_word' id='word_1_12' title='bbox 1033 531 1171 576; x_wconf 86' lang='lat' dir='ltr'><strong>terra</strong></span> <span class='ocrx_word' id='word_1_13' title='bbox 1191 562 1204 586; x_wconf 90' lang='lat'><strong>,</strong></span> <span class='ocrx_word' id='word_1_14' title='bbox 1259 523 1309 577; x_wconf 87' lang='lat' dir='ltr'><strong>id</strong></span> <span class='ocrx_word' id='word_1_15' title='bbox 1342 531 1456 587; x_wconf 88' lang='lat' dir='ltr'><strong>est,</strong></span> <span class='ocrx_word' id='word_1_16' title='bbox 1513 525 1578 577; x_wconf 91' lang='lat' dir='ltr'><strong>de</strong></span> <span class='ocrx_word' id='word_1_17' title='bbox 1609 522 1712 577; x_wconf 83' lang='lat' dir='ltr'><strong>illis</strong></span> <span class='ocrx_word' id='word_1_18' title='bbox 1743 531 1784 588; x_wconf 82' lang='grc' dir='ltr'><strong>Α</strong></span> <span class='ocrx_word' id='word_1_19' title='bbox 1815 530 2241 590; x_wconf 87' lang='lat' dir='ltr'><strong>persecutorum,</strong></span> <span class='ocrx_word' id='word_1_20' title='bbox 2265 527 2324 573; x_wconf 91' lang='lat' dir='ltr'><strong>ut</strong></span> <span class='ocrx_word' id='word_1_21' title='bbox 2360 532 2452 573; x_wconf 78' lang='lat' dir='ltr'><strong>eos</strong></span> <span class='ocrx_word' id='word_1_22' title='bbox 2475 518 2709 573; x_wconf 85' lang='lat' dir='ltr'><strong>habeant</strong></span> <span class='ocrx_word' id='word_1_23' title='bbox 2743 518 2865 573; x_wconf 87' lang='lat' dir='ltr'><strong>odio</strong></span> <span class='ocrx_word' id='word_1_24' title='bbox 2891 532 3025 587; x_wconf 89' lang='lat' dir='ltr'><strong>quos</strong></span> <span class='ocrx_word' id='word_1_25' title='bbox 3048 533 3383 587; x_wconf 84' lang='lat' dir='ltr'><strong>persequun-</strong></span> 
     </span>
    </p>
   </div>
   <div class='ocr_carea' id='block_1_5' title="bbox 116 612 1711 683">
    <p class='ocr_par' dir='ltr' id='par_1_5' title="bbox 116 612 1711 683">
     <span class='ocr_line' id='line_1_5' title="bbox 116 612 1711 683; baseline 0 -17"><span class='ocrx_word' id='word_1_26' title='bbox 116 628 227 683; x_wconf 74' lang='lat' dir='ltr'><strong>ego</strong></span> <span class='ocrx_word' id='word_1_27' title='bbox 264 628 384 665; x_wconf 87' lang='lat' dir='ltr'><strong>sum</strong></span> <span class='ocrx_word' id='word_1_28' title='bbox 422 612 509 681; x_wconf 90' lang='lat' dir='ltr'><strong>qui</strong></span> <span class='ocrx_word' id='word_1_29' title='bbox 553 613 777 666; x_wconf 90' lang='lat' dir='ltr'><strong>dicunt:</strong></span> <span class='ocrx_word' id='word_1_30' title='bbox 817 632 835 663; x_wconf 76' lang='grc' dir='ltr'><strong>ι</strong></span> <span class='ocrx_word' id='word_1_31' title='bbox 880 612 995 666; x_wconf 82' lang='lat' dir='ltr'><strong>Non</strong></span> <span class='ocrx_word' id='word_1_32' title='bbox 1039 613 1296 666; x_wconf 81' lang='lat' dir='ltr'><strong>habemus</strong></span> <span class='ocrx_word' id='word_1_33' title='bbox 1349 614 1436 667; x_wconf 88' lang='lat' dir='ltr'><strong>hic</strong></span> <span class='ocrx_word' id='word_1_34' title='bbox 1495 628 1711 666; x_wconf 84' lang='lat' dir='ltr'><strong>manen-</strong></span> 
     </span>
    </p>
   </div>
   <div class='ocr_carea' id='block_1_6' title="bbox 119 702 1703 774">
    <p class='ocr_par' dir='ltr' id='par_1_6' title="bbox 119 702 1703 774">
     <span class='ocr_line' id='line_1_6' title="bbox 119 702 1703 774; baseline 0 -19"><span class='ocrx_word' id='word_1_35' title='bbox 119 703 536 767; x_wconf 85' lang='lat' dir='ltr'><strong>tcmcivitatem,</strong></span> <span class='ocrx_word' id='word_1_36' title='bbox 569 705 663 758; x_wconf 86' lang='lat' dir='ltr'><strong>sed</strong></span> <span class='ocrx_word' id='word_1_37' title='bbox 698 702 929 757; x_wconf 77' lang='lat' dir='ltr'><strong>futuram</strong></span> <span class='ocrx_word' id='word_1_38' title='bbox 955 704 1273 772; x_wconf 91' lang='lat' dir='ltr'><strong>inquirimus</strong></span> <span class='ocrx_word' id='word_1_39' title='bbox 1292 703 1462 774; x_wconf 78' lang='lat' dir='ltr'><strong>[(Heb.</strong></span> <span class='ocrx_word' id='word_1_40' title='bbox 1494 706 1611 774; x_wconf 80' lang='lat' dir='ltr'><strong>xm)</strong></span> <span class='ocrx_word' id='word_1_41' title='bbox 1638 720 1651 757; x_wconf 90' lang='lat'>:</span> <span class='ocrx_word' id='word_1_42' title='bbox 1686 723 1703 754; x_wconf 80' lang='grc' dir='ltr'><strong>ι</strong></span> 
     </span>
    </p>
   </div>
   <div class='ocr_carea' id='block_1_7' title="bbox 119 793 1706 856">
    <p class='ocr_par' dir='ltr' id='par_1_7' title="bbox 119 793 1706 856">
     <span class='ocr_line' id='line_1_7' title="bbox 119 793 1706 856; baseline -0.001 -10"><span class='ocrx_word' id='word_1_43' title='bbox 119 802 182 846; x_wconf 84' lang='lat' dir='ltr'><strong>et</strong></span> <span class='ocrx_word' id='word_1_44' title='bbox 233 794 356 847; x_wconf 87' lang='lat' dir='ltr'><strong>ideo</strong></span> <span class='ocrx_word' id='word_1_45' title='bbox 394 810 496 845; x_wconf 89' lang='lat' dir='ltr'><strong>non</strong></span> <span class='ocrx_word' id='word_1_46' title='bbox 541 793 829 847; x_wconf 76' lang='lat' dir='ltr'><strong>abscondas</strong></span> <span class='ocrx_word' id='word_1_47' title='bbox 871 810 902 846; x_wconf 93' lang='lat' dir='ltr'><strong>a</strong></span> <span class='ocrx_word' id='word_1_48' title='bbox 935 809 1016 846; x_wconf 87' lang='lat' dir='ltr'><strong>me</strong></span> <span class='ocrx_word' id='word_1_49' title='bbox 1048 793 1298 845; x_wconf 88' lang='lat' dir='ltr'><strong>mandata</strong></span> <span class='ocrx_word' id='word_1_50' title='bbox 1339 802 1458 856; x_wconf 89' lang='lat' dir='ltr'><strong>tua,</strong></span> <span class='ocrx_word' id='word_1_51' title='bbox 1509 802 1567 846; x_wconf 91' lang='lat' dir='ltr'><strong>ut</strong></span> <span class='ocrx_word' id='word_1_52' title='bbox 1602 795 1706 845; x_wconf 78' lang='lat' dir='ltr'><strong>non</strong></span> 
     </span>
    </p>
   </div>
   <div class='ocr_carea' id='block_1_8' title="bbox 118 883 1705 954">
    <p class='ocr_par' dir='ltr' id='par_1_8' title="bbox 118 883 1705 954">
     <span class='ocr_line' id='line_1_8' title="bbox 118 883 1705 954; baseline -0.002 -15"><span class='ocrx_word' id='word_1_53' title='bbox 118 884 428 954; x_wconf 86' lang='lat' dir='ltr'><strong>compleam</strong></span> <span class='ocrx_word' id='word_1_54' title='bbox 496 899 591 948; x_wconf 90' lang='lat' dir='ltr'><strong>ea,</strong></span> <span class='ocrx_word' id='word_1_55' title='bbox 666 884 913 939; x_wconf 91' lang='lat' dir='ltr'><strong>videlicet</strong></span> <span class='ocrx_word' id='word_1_56' title='bbox 975 885 1266 953; x_wconf 81' lang='lat' dir='ltr'><strong>operando.</strong></span> <span class='ocrx_word' id='word_1_57' title='bbox 1330 883 1521 937; x_wconf 84' lang='lat' dir='ltr'><strong>Mirum</strong></span> <span class='ocrx_word' id='word_1_58' title='bbox 1586 892 1705 946; x_wconf 90' lang='lat' dir='ltr'><strong>est,</strong></span> 
     </span>
    </p>
   </div>
   <div class='ocr_carea' id='block_1_9' title="bbox 121 973 1706 1046">
    <p class='ocr_par' dir='ltr' id='par_1_9' title="bbox 121 973 1706 1046">
     <span class='ocr_line' id='line_1_9' title="bbox 121 973 1706 1046; baseline -0.002 -18"><span class='ocrx_word' id='word_1_59' title='bbox 121 977 272 1046; x_wconf 89' lang='lat' dir='ltr'><strong>quod</strong></span> <span class='ocrx_word' id='word_1_60' title='bbox 342 976 431 1030; x_wconf 85' lang='lat' dir='ltr'><strong>hic</strong></span> <span class='ocrx_word' id='word_1_61' title='bbox 494 984 644 1046; x_wconf 78' lang='lat' dir='ltr'><strong>rogat</strong></span> <span class='ocrx_word' id='word_1_62' title='bbox 702 978 953 1031; x_wconf 88' lang='lat' dir='ltr'><strong>mandata</strong></span> <span class='ocrx_word' id='word_1_63' title='bbox 1010 974 1218 1029; x_wconf 91' lang='lat' dir='ltr'><strong>Domini</strong></span> <span class='ocrx_word' id='word_1_64' title='bbox 1267 975 1365 1028; x_wconf 89' lang='lat' dir='ltr'><strong>sibi</strong></span> <span class='ocrx_word' id='word_1_65' title='bbox 1421 988 1525 1027; x_wconf 92' lang='lat' dir='ltr'><strong>non</strong></span> <span class='ocrx_word' id='word_1_66' title='bbox 1581 973 1706 1026; x_wconf 86' lang='lat' dir='ltr'><strong>abs-</strong></span> 
     </span>
    </p>
   </div>
   <div class='ocr_carea' id='block_1_10' title="bbox 120 1063 1710 1134">
    <p class='ocr_par' dir='ltr' id='par_1_10' title="bbox 120 1063 1710 1134">
     <span class='ocr_line' id='line_1_10' title="bbox 120 1063 1710 1134; baseline -0.002 -16"><span class='ocrx_word' id='word_1_67' title='bbox 120 1064 325 1127; x_wconf 83' lang='lat' dir='ltr'><strong>condi,</strong></span> <span class='ocrx_word' id='word_1_68' title='bbox 380 1064 504 1133; x_wconf 92' lang='lat' dir='ltr'><strong>quia</strong></span> <span class='ocrx_word' id='word_1_69' title='bbox 569 1064 767 1134; x_wconf 90' lang='lat' dir='ltr'><strong>ubique</strong></span> <span class='ocrx_word' id='word_1_70' title='bbox 836 1065 975 1119; x_wconf 90' lang='lat' dir='ltr'><strong>Deus</strong></span> <span class='ocrx_word' id='word_1_71' title='bbox 1034 1065 1146 1117; x_wconf 94' lang='lat' dir='ltr'><strong>vult</strong></span> <span class='ocrx_word' id='word_1_72' title='bbox 1199 1063 1475 1132; x_wconf 60' lang='lat' dir='ltr'><strong>praedicari</strong></span> <span class='ocrx_word' id='word_1_73' title='bbox 1532 1082 1544 1116; x_wconf 93' lang='lat'>:</span> <span class='ocrx_word' id='word_1_74' title='bbox 1604 1064 1710 1116; x_wconf 91' lang='lat' dir='ltr'><strong>uti-</strong></span> 
     </span>
    </p>
   </div>
   <div class='ocr_carea' id='block_1_11' title="bbox 123 1154 1706 1223">
    <p class='ocr_par' dir='ltr' id='par_1_11' title="bbox 123 1154 1706 1223">
     <span class='ocr_line' id='line_1_11' title="bbox 123 1154 1706 1223; baseline -0.001 -17"><span class='ocrx_word' id='word_1_75' title='bbox 123 1168 255 1207; x_wconf 89' lang='lat' dir='ltr'><strong>nam</strong></span> <span class='ocrx_word' id='word_1_76' title='bbox 312 1163 418 1208; x_wconf 84' lang='lat' dir='ltr'><strong>tam</strong></span> <span class='ocrx_word' id='word_1_77' title='bbox 470 1154 652 1208; x_wconf 92' lang='lat' dir='ltr'><strong>multis</strong></span> <span class='ocrx_word' id='word_1_78' title='bbox 707 1164 887 1209; x_wconf 88' lang='lat' dir='ltr'><strong>essent</strong></span> <span class='ocrx_word' id='word_1_79' title='bbox 935 1156 1098 1208; x_wconf 85' lang='lat' dir='ltr'><strong>chara</strong></span> <span class='ocrx_word' id='word_1_80' title='bbox 1153 1170 1312 1223; x_wconf 88' lang='lat' dir='ltr'><strong>quam</strong></span> <span class='ocrx_word' id='word_1_81' title='bbox 1365 1164 1490 1208; x_wconf 91' lang='lat' dir='ltr'><strong>sunt</strong></span> <span class='ocrx_word' id='word_1_82' title='bbox 1538 1154 1706 1208; x_wconf 88' lang='lat' dir='ltr'><strong>clara.</strong></span> 
     </span>
    </p>
   </div>
   <div class='ocr_carea' id='block_1_12' title="bbox 124 1245 1707 1314">
    <p class='ocr_par' dir='ltr' id='par_1_12' title="bbox 124 1245 1707 1314">
     <span class='ocr_line' id='line_1_12' title="bbox 124 1245 1707 1314; baseline 0.001 -19"><span class='ocrx_word' id='word_1_83' title='bbox 124 1245 219 1297; x_wconf 89' lang='lat' dir='ltr'><strong>Illa</strong></span> <span class='ocrx_word' id='word_1_84' title='bbox 274 1246 419 1299; x_wconf 90' lang='lat' dir='ltr'><strong>enim</strong></span> <span class='ocrx_word' id='word_1_85' title='bbox 482 1245 587 1300; x_wconf 93' lang='lat' dir='ltr'><strong>duo</strong></span> <span class='ocrx_word' id='word_1_86' title='bbox 646 1247 931 1310; x_wconf 86' lang='lat' dir='ltr'><strong>mandata,</strong></span> <span class='ocrx_word' id='word_1_87' title='bbox 987 1246 1040 1298; x_wconf 93' lang='lat' dir='ltr'><strong>in</strong></span> <span class='ocrx_word' id='word_1_88' title='bbox 1094 1245 1288 1314; x_wconf 85' lang='lat' dir='ltr'><strong>quibus</strong></span> <span class='ocrx_word' id='word_1_89' title='bbox 1354 1246 1548 1314; x_wconf 88' lang='lat' dir='ltr'><strong>pendet</strong></span> <span class='ocrx_word' id='word_1_90' title='bbox 1597 1254 1707 1297; x_wconf 89' lang='lat' dir='ltr'><strong>tota</strong></span> 
     </span>
    </p>
   </div>
   <div class='ocr_carea' id='block_1_13' title="bbox 127 1335 1709 1406">
    <p class='ocr_par' dir='ltr' id='par_1_13' title="bbox 127 1335 1709 1406">
     <span class='ocr_line' id='line_1_13' title="bbox 127 1335 1709 1406; baseline 0 -17"><span class='ocrx_word' id='word_1_91' title='bbox 127 1337 211 1390; x_wconf 79' lang='lat' dir='ltr'><strong>lex</strong></span> <span class='ocrx_word' id='word_1_92' title='bbox 255 1346 312 1390; x_wconf 90' lang='lat' dir='ltr'><strong>et</strong></span> <span class='ocrx_word' id='word_1_93' title='bbox 371 1337 679 1406; x_wconf 61' lang='lat' dir='ltr'><strong>prophetae,</strong></span> <span class='ocrx_word' id='word_1_94' title='bbox 728 1337 1012 1391; x_wconf 83' lang='lat' dir='ltr'><strong>manifesta</strong></span> <span class='ocrx_word' id='word_1_95' title='bbox 1085 1345 1209 1391; x_wconf 90' lang='lat' dir='ltr'><strong>sunt</strong></span> <span class='ocrx_word' id='word_1_96' title='bbox 1281 1345 1389 1389; x_wconf 92' lang='lat' dir='ltr'><strong>tam</strong></span> <span class='ocrx_word' id='word_1_97' title='bbox 1466 1335 1709 1390; x_wconf 88' lang='lat' dir='ltr'><strong>lidelibus</strong></span> 
     </span>
    </p>
   </div>
   <div class='ocr_carea' id='block_1_14' title="bbox 124 1424 1710 1496">
    <p class='ocr_par' dir='ltr' id='par_1_14' title="bbox 124 1424 1710 1496">
     <span class='ocr_line' id='line_1_14' title="bbox 124 1424 1710 1496; baseline -0.001 -17"><span class='ocrx_word' id='word_1_98' title='bbox 124 1442 294 1494; x_wconf 84' lang='lat' dir='ltr'><strong>quam</strong></span> <span class='ocrx_word' id='word_1_99' title='bbox 345 1426 647 1481; x_wconf 90' lang='lat' dir='ltr'><strong>inﬁdelibus</strong></span> <span class='ocrx_word' id='word_1_100' title='bbox 692 1445 706 1481; x_wconf 91' lang='lat'><strong>:</strong></span> <span class='ocrx_word' id='word_1_101' title='bbox 758 1427 881 1496; x_wconf 90' lang='lat' dir='ltr'><strong>quia</strong></span> <span class='ocrx_word' id='word_1_102' title='bbox 932 1428 1071 1481; x_wconf 89' lang='lat' dir='ltr'><strong>Deus</strong></span> <span class='ocrx_word' id='word_1_103' title='bbox 1116 1426 1377 1480; x_wconf 86' lang='lat' dir='ltr'><strong>amandus</strong></span> <span class='ocrx_word' id='word_1_104' title='bbox 1420 1434 1534 1489; x_wconf 88' lang='lat' dir='ltr'><strong>est,</strong></span> <span class='ocrx_word' id='word_1_105' title='bbox 1590 1424 1710 1478; x_wconf 92' lang='lat' dir='ltr'><strong>ideo</strong></span> 
     </span>
    </p>
   </div>
   <div class='ocr_carea' id='block_1_15' title="bbox 128 1519 1712 1587">
    <p class='ocr_par' dir='ltr' id='par_1_15' title="bbox 128 1519 1712 1587">
     <span class='ocr_line' id='line_1_15' title="bbox 128 1519 1712 1587; baseline -0.003 -14"><span class='ocrx_word' id='word_1_106' title='bbox 128 1520 439 1574; x_wconf 89' lang='lat' dir='ltr'><strong>necessario</strong></span> <span class='ocrx_word' id='word_1_107' title='bbox 492 1522 742 1574; x_wconf 89' lang='lat' dir='ltr'><strong>sciendus</strong></span> <span class='ocrx_word' id='word_1_108' title='bbox 787 1530 888 1575; x_wconf 87' lang='lat' dir='ltr'><strong>est.</strong></span> <span class='ocrx_word' id='word_1_109' title='bbox 949 1519 1085 1574; x_wconf 91' lang='lat' dir='ltr'><strong>Seiri</strong></span> <span class='ocrx_word' id='word_1_110' title='bbox 1142 1526 1319 1572; x_wconf 85' lang='lat' dir='ltr'><strong>autem</strong></span> <span class='ocrx_word' id='word_1_111' title='bbox 1378 1534 1480 1573; x_wconf 93' lang='lat' dir='ltr'><strong>non</strong></span> <span class='ocrx_word' id='word_1_112' title='bbox 1536 1525 1712 1587; x_wconf 90' lang='lat' dir='ltr'><strong>potest</strong></span> 
     </span>
    </p>
   </div>
   <div class='ocr_carea' id='block_1_16' title="bbox 122 1596 1713 1678">
    <p class='ocr_par' dir='ltr' id='par_1_16' title="bbox 122 1596 1713 1678">
     <span class='ocr_line' id='line_1_16' title="bbox 122 1596 1713 1678; baseline -0.001 -16"><span class='ocrx_word' id='word_1_113' title='bbox 122 1611 232 1663; x_wconf 82' lang='lat' dir='ltr'><strong>nisi</strong></span> <span class='ocrx_word' id='word_1_114' title='bbox 290 1625 397 1678; x_wconf 80' lang='lat' dir='ltr'><strong>per</strong></span> <span class='ocrx_word' id='word_1_115' title='bbox 440 1609 649 1678; x_wconf 85' lang='lat' dir='ltr'><strong>eloquia</strong></span> <span class='ocrx_word' id='word_1_116' title='bbox 686 1596 716 1663; x_wconf 71' lang='grc' dir='ltr'>ἐ</span> <span class='ocrx_word' id='word_1_117' title='bbox 762 1610 880 1663; x_wconf 91' lang='lat' dir='ltr'><strong>ideo</strong></span> <span class='ocrx_word' id='word_1_118' title='bbox 948 1609 1049 1662; x_wconf 90' lang='lat' dir='ltr'><strong>iste</strong></span> <span class='ocrx_word' id='word_1_119' title='bbox 1093 1617 1244 1677; x_wconf 85' lang='lat' dir='ltr'><strong>rogat</strong></span> <span class='ocrx_word' id='word_1_120' title='bbox 1296 1607 1395 1660; x_wconf 85' lang='lat' dir='ltr'><strong>sibi</strong></span> <span class='ocrx_word' id='word_1_121' title='bbox 1453 1622 1558 1660; x_wconf 88' lang='lat' dir='ltr'><strong>nun</strong></span> <span class='ocrx_word' id='word_1_122' title='bbox 1596 1607 1713 1661; x_wconf 88' lang='lat' dir='ltr'><strong>abs-</strong></span> 
     </span>
    </p>
   </div>
   <div class='ocr_carea' id='block_1_17' title="bbox 128 1695 1708 1767">
    <p class='ocr_par' dir='ltr' id='par_1_17' title="bbox 128 1695 1708 1767">
     <span class='ocr_line' id='line_1_17' title="bbox 128 1695 1708 1767; baseline -0.003 -16"><span class='ocrx_word' id='word_1_123' title='bbox 128 1697 288 1751; x_wconf 84' lang='lat' dir='ltr'><strong>condi</strong></span> <span class='ocrx_word' id='word_1_124' title='bbox 344 1698 585 1767; x_wconf 90' lang='lat' dir='ltr'><strong>eloquia,</strong></span> <span class='ocrx_word' id='word_1_125' title='bbox 646 1708 706 1751; x_wconf 92' lang='lat' dir='ltr'><strong>ut</strong></span> <span class='ocrx_word' id='word_1_126' title='bbox 748 1697 969 1752; x_wconf 90' lang='lat' dir='ltr'><strong>sciendo</strong></span> <span class='ocrx_word' id='word_1_127' title='bbox 1019 1696 1220 1760; x_wconf 88' lang='lat' dir='ltr'><strong>Deum,</strong></span> <span class='ocrx_word' id='word_1_128' title='bbox 1274 1695 1439 1749; x_wconf 89' lang='lat' dir='ltr'><strong>Deum</strong></span> <span class='ocrx_word' id='word_1_129' title='bbox 1495 1703 1638 1749; x_wconf 91' lang='lat' dir='ltr'><strong>amet</strong></span> <span class='ocrx_word' id='word_1_130' title='bbox 1692 1710 1708 1747; x_wconf 88' lang='lat'><strong>:</strong></span> 
     </span>
    </p>
   </div>
   <div class='ocr_carea' id='block_1_18' title="bbox 128 1784 1713 1857">
    <p class='ocr_par' dir='ltr' id='par_1_18' title="bbox 128 1784 1713 1857">
     <span class='ocr_line' id='line_1_18' title="bbox 128 1784 1713 1857; baseline -0.001 -16"><span class='ocrx_word' id='word_1_131' title='bbox 128 1798 184 1841; x_wconf 90' lang='lat' dir='ltr'><strong>et</strong></span> <span class='ocrx_word' id='word_1_132' title='bbox 232 1788 398 1841; x_wconf 88' lang='lat' dir='ltr'><strong>Deum</strong></span> <span class='ocrx_word' id='word_1_133' title='bbox 450 1788 714 1853; x_wconf 90' lang='lat' dir='ltr'><strong>amando,</strong></span> <span class='ocrx_word' id='word_1_134' title='bbox 775 1788 1010 1857; x_wconf 90' lang='lat' dir='ltr'><strong>seipsum</strong></span> <span class='ocrx_word' id='word_1_135' title='bbox 1061 1785 1226 1839; x_wconf 83' lang='lat' dir='ltr'><strong>faciat</strong></span> <span class='ocrx_word' id='word_1_136' title='bbox 1279 1800 1496 1849; x_wconf 90' lang='lat' dir='ltr'><strong>amare,</strong></span> <span class='ocrx_word' id='word_1_137' title='bbox 1530 1796 1589 1838; x_wconf 93' lang='lat' dir='ltr'><strong>ut</strong></span> <span class='ocrx_word' id='word_1_138' title='bbox 1633 1784 1713 1839; x_wconf 90' lang='lat' dir='ltr'><strong>sic</strong></span> 
     </span>
    </p>
   </div>
   <div class='ocr_carea' id='block_1_19' title="bbox 1813 606 3385 675">
    <p class='ocr_par' dir='ltr' id='par_1_19' title="bbox 1813 606 3385 675">
     <span class='ocr_line' id='line_1_19' title="bbox 1813 606 3385 675; baseline 0 -14"><span class='ocrx_word' id='word_1_139' title='bbox 1813 618 1919 662; x_wconf 88' lang='lat' dir='ltr'><strong>tur.</strong></span> <span class='ocrx_word' id='word_1_140' title='bbox 1949 606 2237 661; x_wconf 79' lang='lat' dir='ltr'><strong>Consilium</strong></span> <span class='ocrx_word' id='word_1_141' title='bbox 2270 608 2463 661; x_wconf 88' lang='lat' dir='ltr'><strong>iterum</strong></span> <span class='ocrx_word' id='word_1_142' title='bbox 2510 607 2811 661; x_wconf 83' lang='lat' dir='ltr'><strong>sedentium</strong></span> <span class='ocrx_word' id='word_1_143' title='bbox 2842 607 3141 675; x_wconf 87' lang='lat' dir='ltr'><strong>principum</strong></span> <span class='ocrx_word' id='word_1_144' title='bbox 3173 607 3271 659; x_wconf 82' lang='lat' dir='ltr'><strong>fuit</strong></span> <span class='ocrx_word' id='word_1_145' title='bbox 3303 609 3385 661; x_wconf 84' lang='lat' dir='ltr'><strong>in-</strong></span> 
     </span>
    </p>
   </div>
   <div class='ocr_carea' id='block_1_20' title="bbox 1810 697 3384 770">
    <p class='ocr_par' dir='ltr' id='par_1_20' title="bbox 1810 697 3384 770">
     <span class='ocr_line' id='line_1_20' title="bbox 1810 697 3384 770; baseline 0 -18"><span class='ocrx_word' id='word_1_146' title='bbox 1810 708 1999 753; x_wconf 92' lang='lat' dir='ltr'><strong>ventos</strong></span> <span class='ocrx_word' id='word_1_147' title='bbox 2025 708 2288 770; x_wconf 85' lang='lat' dir='ltr'><strong>martyres</strong></span> <span class='ocrx_word' id='word_1_148' title='bbox 2308 698 2531 767; x_wconf 89' lang='lat' dir='ltr'><strong>perdere</strong></span> <span class='ocrx_word' id='word_1_149' title='bbox 2554 715 2567 750; x_wconf 90' lang='lat'><strong>:</strong></span> <span class='ocrx_word' id='word_1_150' title='bbox 2601 697 2871 751; x_wconf 82' lang='lat' dir='ltr'><strong>consilium</strong></span> <span class='ocrx_word' id='word_1_151' title='bbox 2897 698 3212 766; x_wconf 88' lang='lat' dir='ltr'><strong>patientium</strong></span> <span class='ocrx_word' id='word_1_152' title='bbox 3240 714 3384 752; x_wconf 82' lang='lat' dir='ltr'><strong>mar-</strong></span> 
     </span>
    </p>
   </div>
   <div class='ocr_carea' id='block_1_21' title="bbox 1817 788 3383 859">
    <p class='ocr_par' dir='ltr' id='par_1_21' title="bbox 1817 788 3383 859">
     <span class='ocr_line' id='line_1_21' title="bbox 1817 788 3383 859; baseline 0 -16"><span class='ocrx_word' id='word_1_153' title='bbox 1817 799 1991 859; x_wconf 89' lang='lat' dir='ltr'><strong>tyrum</strong></span> <span class='ocrx_word' id='word_1_154' title='bbox 2022 790 2261 858; x_wconf 91' lang='lat' dir='ltr'><strong>perditos</strong></span> <span class='ocrx_word' id='word_1_155' title='bbox 2310 790 2573 843; x_wconf 87' lang='lat' dir='ltr'><strong>invenire.</strong></span> <span class='ocrx_word' id='word_1_156' title='bbox 2612 789 2677 842; x_wconf 91' lang='lat' dir='ltr'><strong>Et</strong></span> <span class='ocrx_word' id='word_1_157' title='bbox 2703 789 2781 843; x_wconf 91' lang='lat' dir='ltr'><strong>sic</strong></span> <span class='ocrx_word' id='word_1_158' title='bbox 2808 788 2881 842; x_wconf 89' lang='lat' dir='ltr'><strong>illi</strong></span> <span class='ocrx_word' id='word_1_159' title='bbox 2922 788 3218 843; x_wconf 85' lang='lat' dir='ltr'><strong>reddebant</strong></span> <span class='ocrx_word' id='word_1_160' title='bbox 3245 788 3383 843; x_wconf 84' lang='lat' dir='ltr'><strong>mala</strong></span> 
     </span>
    </p>
   </div>
   <div class='ocr_carea' id='block_1_22' title="bbox 1810 883 3385 954">
    <p class='ocr_par' dir='ltr' id='par_1_22' title="bbox 1810 883 3385 954">
     <span class='ocr_line' id='line_1_22' title="bbox 1810 883 3385 954; baseline 0.001 -17"><span class='ocrx_word' id='word_1_161' title='bbox 1810 900 1909 954; x_wconf 89' lang='lat' dir='ltr'><strong>pro</strong></span> <span class='ocrx_word' id='word_1_162' title='bbox 1946 884 2122 947; x_wconf 90' lang='lat' dir='ltr'><strong>bonis,</strong></span> <span class='ocrx_word' id='word_1_163' title='bbox 2163 884 2250 939; x_wconf 89' lang='lat' dir='ltr'><strong>isti</strong></span> <span class='ocrx_word' id='word_1_164' title='bbox 2277 885 2415 938; x_wconf 90' lang='lat' dir='ltr'><strong>bona</strong></span> <span class='ocrx_word' id='word_1_165' title='bbox 2451 900 2549 953; x_wconf 92' lang='lat' dir='ltr'><strong>pro</strong></span> <span class='ocrx_word' id='word_1_166' title='bbox 2588 884 2786 937; x_wconf 88' lang='lat' dir='ltr'><strong>malis:</strong></span> <span class='ocrx_word' id='word_1_167' title='bbox 2823 893 2878 937; x_wconf 92' lang='lat' dir='ltr'><strong>et</strong></span> <span class='ocrx_word' id='word_1_168' title='bbox 2906 883 2985 938; x_wconf 91' lang='lat' dir='ltr'><strong>sic</strong></span> <span class='ocrx_word' id='word_1_169' title='bbox 3012 890 3385 952; x_wconf 84' lang='lat' dir='ltr'><strong>persecutores</strong></span> 
     </span>
    </p>
   </div>
   <div class='ocr_carea' id='block_1_23' title="bbox 1809 973 3385 1044">
    <p class='ocr_par' dir='ltr' id='par_1_23' title="bbox 1809 973 3385 1044">
     <span class='ocr_line' id='line_1_23' title="bbox 1809 973 3385 1044; baseline 0.001 -18"><span class='ocrx_word' id='word_1_170' title='bbox 1809 975 2104 1029; x_wconf 87' lang='lat' dir='ltr'><strong>occidendo</strong></span> <span class='ocrx_word' id='word_1_171' title='bbox 2140 974 2485 1040; x_wconf 82' lang='lat' dir='ltr'><strong>defecerunt;</strong></span> <span class='ocrx_word' id='word_1_172' title='bbox 2525 984 2790 1044; x_wconf 85' lang='lat' dir='ltr'><strong>martyres</strong></span> <span class='ocrx_word' id='word_1_173' title='bbox 2829 987 2958 1027; x_wconf 86' lang='lat' dir='ltr'><strong>vero</strong></span> <span class='ocrx_word' id='word_1_174' title='bbox 2997 973 3277 1027; x_wconf 90' lang='lat' dir='ltr'><strong>moriendo</strong></span> <span class='ocrx_word' id='word_1_175' title='bbox 3308 974 3385 1027; x_wconf 88' lang='lat' dir='ltr'><strong>vi-</strong></span> 
     </span>
    </p>
   </div>
   <div class='ocr_carea' id='block_1_24' title="bbox 1810 1073 2022 1118">
    <p class='ocr_par' dir='ltr' id='par_1_24' title="bbox 1810 1073 2022 1118">
     <span class='ocr_line' id='line_1_24' title="bbox 1810 1073 2022 1118; baseline -0.005 -1"><span class='ocrx_word' id='word_1_176' title='bbox 1810 1073 2022 1118; x_wconf 73' lang='lat' dir='ltr'><strong>CCl&#39;lllll.</strong></span> 
     </span>
    </p>
   </div>
   <div class='ocr_carea' id='block_1_25' title="bbox 1888 1153 3382 1223">
    <p class='ocr_par' dir='ltr' id='par_1_25' title="bbox 1888 1153 3382 1223">
     <span class='ocr_line' id='line_1_25' title="bbox 1888 1153 3382 1223; baseline -0.001 -16"><span class='ocrx_word' id='word_1_177' title='bbox 1888 1169 2213 1214; x_wconf 66' lang='lat' dir='ltr'><strong>mamm—c</strong></span> <span class='ocrx_word' id='word_1_178' title='bbox 2226 1156 2463 1209; x_wconf 72' lang='lat' dir='ltr'><strong>Adlursnt</strong></span> <span class='ocrx_word' id='word_1_179' title='bbox 2486 1161 2789 1223; x_wconf 78' lang='lat' dir='ltr'><strong>pavimento</strong></span> <span class='ocrx_word' id='word_1_180' title='bbox 2805 1167 2982 1205; x_wconf 80' lang='lat' dir='ltr'><strong>anima</strong></span> <span class='ocrx_word' id='word_1_181' title='bbox 3000 1166 3118 1206; x_wconf 91' lang='lat' dir='ltr'><strong>mea</strong></span> <span class='ocrx_word' id='word_1_182' title='bbox 3137 1168 3150 1204; x_wconf 93' lang='lat'><strong>:</strong></span> <span class='ocrx_word' id='word_1_183' title='bbox 3168 1153 3382 1207; x_wconf 86' lang='lat' dir='ltr'><strong>viviﬁca</strong></span> 
     </span>
    </p>
   </div>
   <div class='ocr_carea' id='block_1_26' title="bbox 1815 1241 3386 1305">
    <p class='ocr_par' dir='ltr' id='par_1_26' title="bbox 1815 1241 3386 1305">
     <span class='ocr_line' id='line_1_26' title="bbox 1815 1241 3386 1305; baseline -0.005 -4"><span class='ocrx_word' id='word_1_184' title='bbox 1815 1270 1835 1301; x_wconf 83' lang='grc'><strong>‹</strong></span> <span class='ocrx_word' id='word_1_185' title='bbox 1878 1263 1963 1303; x_wconf 90' lang='lat' dir='ltr'><strong>me</strong></span> <span class='ocrx_word' id='word_1_186' title='bbox 1978 1246 2271 1302; x_wconf 88' lang='lat' dir='ltr'><strong>secundum</strong></span> <span class='ocrx_word' id='word_1_187' title='bbox 2288 1244 2509 1297; x_wconf 85' lang='lat' dir='ltr'><strong>verbum</strong></span> <span class='ocrx_word' id='word_1_188' title='bbox 2530 1241 2834 1296; x_wconf 85' lang='lat' dir='ltr'><strong>tunm.Vias</strong></span> <span class='ocrx_word' id='word_1_189' title='bbox 2851 1254 2995 1294; x_wconf 90' lang='lat' dir='ltr'><strong>meas</strong></span> <span class='ocrx_word' id='word_1_190' title='bbox 3016 1242 3317 1305; x_wconf 83' lang='lat' dir='ltr'><strong>enuntiavi,</strong></span> <span class='ocrx_word' id='word_1_191' title='bbox 3334 1252 3386 1296; x_wconf 86' lang='lat' dir='ltr'><strong>et</strong></span> 
     </span>
    </p>
   </div>
   <div class='ocr_carea' id='block_1_27' title="bbox 1816 1329 3383 1398">
    <p class='ocr_par' dir='ltr' id='par_1_27' title="bbox 1816 1329 3383 1398">
     <span class='ocr_line' id='line_1_27' title="bbox 1816 1329 3383 1398; baseline -0.004 -9"><span class='ocrx_word' id='word_1_192' title='bbox 1816 1357 1835 1389; x_wconf 74' lang='grc' dir='ltr'><strong>ι</strong></span> <span class='ocrx_word' id='word_1_193' title='bbox 1879 1336 2145 1392; x_wconf 81' lang='lat' dir='ltr'><strong>exaudisti</strong></span> <span class='ocrx_word' id='word_1_194' title='bbox 2178 1348 2295 1397; x_wconf 88' lang='lat' dir='ltr'><strong>me;</strong></span> <span class='ocrx_word' id='word_1_195' title='bbox 2323 1333 2454 1386; x_wconf 85' lang='lat' dir='ltr'><strong>duce</strong></span> <span class='ocrx_word' id='word_1_196' title='bbox 2496 1347 2581 1386; x_wconf 91' lang='lat' dir='ltr'><strong>me</strong></span> <span class='ocrx_word' id='word_1_197' title='bbox 2615 1329 3034 1398; x_wconf 86' lang='lat' dir='ltr'><strong>justiﬁcationes</strong></span> <span class='ocrx_word' id='word_1_198' title='bbox 3061 1339 3200 1385; x_wconf 89' lang='lat' dir='ltr'><strong>tuas.</strong></span> <span class='ocrx_word' id='word_1_199' title='bbox 3232 1331 3383 1384; x_wconf 84' lang='lat' dir='ltr'><strong>Viam</strong></span> 
     </span>
    </p>
   </div>
   <div class='ocr_carea' id='block_1_28' title="bbox 1817 1422 3387 1496">
    <p class='ocr_par' dir='ltr' id='par_1_28' title="bbox 1817 1422 3387 1496">
     <span class='ocr_line' id='line_1_28' title="bbox 1817 1422 3387 1496; baseline -0.004 -17"><span class='ocrx_word' id='word_1_200' title='bbox 1817 1447 1834 1479; x_wconf 80' lang='grc' dir='ltr'><strong>ι</strong></span> <span class='ocrx_word' id='word_1_201' title='bbox 1875 1425 2322 1496; x_wconf 87' lang='lat' dir='ltr'><strong>justiﬁeationum</strong></span> <span class='ocrx_word' id='word_1_202' title='bbox 2354 1431 2563 1477; x_wconf 90' lang='lat' dir='ltr'><strong>tuarum</strong></span> <span class='ocrx_word' id='word_1_203' title='bbox 2604 1423 2811 1475; x_wconf 92' lang='lat' dir='ltr'><strong>instrue</strong></span> <span class='ocrx_word' id='word_1_204' title='bbox 2845 1435 2931 1474; x_wconf 87' lang='lat' dir='ltr'><strong>me</strong></span> <span class='ocrx_word' id='word_1_205' title='bbox 2952 1461 2967 1485; x_wconf 89' lang='lat'><strong>,</strong></span> <span class='ocrx_word' id='word_1_206' title='bbox 3000 1428 3054 1474; x_wconf 92' lang='lat' dir='ltr'><strong>et</strong></span> <span class='ocrx_word' id='word_1_207' title='bbox 3093 1422 3387 1475; x_wconf 68' lang='lat' dir='ltr'><strong>exercebar</strong></span> 
     </span>
    </p>
   </div>
   <div class='ocr_carea' id='block_1_29' title="bbox 1814 1514 3386 1582">
    <p class='ocr_par' dir='ltr' id='par_1_29' title="bbox 1814 1514 3386 1582">
     <span class='ocr_line' id='line_1_29' title="bbox 1814 1514 3386 1582; baseline -0.004 -9"><span class='ocrx_word' id='word_1_208' title='bbox 1814 1542 1835 1573; x_wconf 87' lang='grc'><strong><em>‹</em></strong></span> <span class='ocrx_word' id='word_1_209' title='bbox 1882 1523 1935 1575; x_wconf 91' lang='lat' dir='ltr'><strong>in</strong></span> <span class='ocrx_word' id='word_1_210' title='bbox 1974 1517 2312 1574; x_wconf 90' lang='lat' dir='ltr'><strong>mirabilibus</strong></span> <span class='ocrx_word' id='word_1_211' title='bbox 2349 1517 2475 1571; x_wconf 87' lang='lat' dir='ltr'><strong>tuis.</strong></span> <span class='ocrx_word' id='word_1_212' title='bbox 2520 1516 2843 1570; x_wconf 88' lang='lat' dir='ltr'><strong>Dormitavit</strong></span> <span class='ocrx_word' id='word_1_213' title='bbox 2887 1514 3065 1569; x_wconf 89' lang='lat' dir='ltr'><strong>anima</strong></span> <span class='ocrx_word' id='word_1_214' title='bbox 3107 1530 3227 1569; x_wconf 85' lang='lat' dir='ltr'><strong>mea</strong></span> <span class='ocrx_word' id='word_1_215' title='bbox 3275 1530 3386 1582; x_wconf 75' lang='lat' dir='ltr'><strong>prze</strong></span> 
     </span>
    </p>
   </div>
   <div class='ocr_carea' id='block_1_30' title="bbox 1817 1604 3387 1674">
    <p class='ocr_par' dir='ltr' id='par_1_30' title="bbox 1817 1604 3387 1674">
     <span class='ocr_line' id='line_1_30' title="bbox 1817 1604 3387 1674; baseline -0.005 -11"><span class='ocrx_word' id='word_1_216' title='bbox 1817 1632 1835 1663; x_wconf 74' lang='grc' dir='ltr'><strong>ι</strong></span> <span class='ocrx_word' id='word_1_217' title='bbox 1882 1612 2061 1674; x_wconf 76' lang='lat' dir='ltr'><strong>tzedio,</strong></span> <span class='ocrx_word' id='word_1_218' title='bbox 2102 1608 2360 1665; x_wconf 85' lang='lat' dir='ltr'><strong>conﬁrma</strong></span> <span class='ocrx_word' id='word_1_219' title='bbox 2401 1621 2484 1661; x_wconf 91' lang='lat' dir='ltr'><strong>me</strong></span> <span class='ocrx_word' id='word_1_220' title='bbox 2517 1607 2569 1660; x_wconf 91' lang='lat' dir='ltr'><strong>in</strong></span> <span class='ocrx_word' id='word_1_221' title='bbox 2604 1606 2785 1659; x_wconf 86' lang='lat' dir='ltr'><strong>verbis</strong></span> <span class='ocrx_word' id='word_1_222' title='bbox 2830 1605 2956 1659; x_wconf 88' lang='lat' dir='ltr'><strong>tuis.</strong></span> <span class='ocrx_word' id='word_1_223' title='bbox 3001 1605 3155 1659; x_wconf 87' lang='lat' dir='ltr'><strong>Viam</strong></span> <span class='ocrx_word' id='word_1_224' title='bbox 3190 1604 3387 1673; x_wconf 88' lang='lat' dir='ltr'><strong>iniqui-</strong></span> 
     </span>
    </p>
   </div>
   <div class='ocr_carea' id='block_1_31' title="bbox 1817 1695 3381 1766">
    <p class='ocr_par' dir='ltr' id='par_1_31' title="bbox 1817 1695 3381 1766">
     <span class='ocr_line' id='line_1_31' title="bbox 1817 1695 3381 1766; baseline -0.006 -10"><span class='ocrx_word' id='word_1_225' title='bbox 1817 1722 1835 1755; x_wconf 78' lang='grc' dir='ltr'><strong>ι</strong></span> <span class='ocrx_word' id='word_1_226' title='bbox 1882 1702 2010 1756; x_wconf 90' lang='lat' dir='ltr'><strong>tatis</strong></span> <span class='ocrx_word' id='word_1_227' title='bbox 2036 1714 2225 1755; x_wconf 85' lang='lat' dir='ltr'><strong>amove</strong></span> <span class='ocrx_word' id='word_1_228' title='bbox 2263 1714 2293 1752; x_wconf 90' lang='lat' dir='ltr'><strong>a</strong></span> <span class='ocrx_word' id='word_1_229' title='bbox 2333 1712 2438 1761; x_wconf 89' lang='lat' dir='ltr'><strong>me,</strong></span> <span class='ocrx_word' id='word_1_230' title='bbox 2476 1696 2627 1751; x_wconf 90' lang='lat' dir='ltr'><strong>etde</strong></span> <span class='ocrx_word' id='word_1_231' title='bbox 2661 1697 2777 1766; x_wconf 79' lang='lat' dir='ltr'><strong>lege</strong></span> <span class='ocrx_word' id='word_1_232' title='bbox 2822 1704 2911 1749; x_wconf 89' lang='lat' dir='ltr'><strong>tua</strong></span> <span class='ocrx_word' id='word_1_233' title='bbox 2955 1695 3212 1749; x_wconf 88' lang='lat' dir='ltr'><strong>miserere</strong></span> <span class='ocrx_word' id='word_1_234' title='bbox 3256 1695 3381 1747; x_wconf 92' lang='lat' dir='ltr'><strong>mei.</strong></span> 
     </span>
    </p>
   </div>
   <div class='ocr_carea' id='block_1_32' title="bbox 1817 1785 3383 1859">
    <p class='ocr_par' dir='ltr' id='par_1_32' title="bbox 1817 1785 3383 1859">
     <span class='ocr_line' id='line_1_32' title="bbox 1817 1785 3383 1859; baseline -0.006 -14"><span class='ocrx_word' id='word_1_235' title='bbox 1817 1814 1835 1845; x_wconf 74' lang='grc' dir='ltr'><strong>ι</strong></span> <span class='ocrx_word' id='word_1_236' title='bbox 1882 1793 2032 1847; x_wconf 85' lang='lat' dir='ltr'><strong>Viam</strong></span> <span class='ocrx_word' id='word_1_237' title='bbox 2060 1790 2303 1845; x_wconf 88' lang='lat' dir='ltr'><strong>veritatis</strong></span> <span class='ocrx_word' id='word_1_238' title='bbox 2333 1790 2493 1859; x_wconf 84' lang='lat' dir='ltr'><strong>elegi,</strong></span> <span class='ocrx_word' id='word_1_239' title='bbox 2522 1787 2721 1855; x_wconf 83' lang='lat' dir='ltr'><strong>iudicia</strong></span> <span class='ocrx_word' id='word_1_240' title='bbox 2757 1794 2845 1840; x_wconf 90' lang='lat' dir='ltr'><strong>tua</strong></span> <span class='ocrx_word' id='word_1_241' title='bbox 2873 1801 2978 1840; x_wconf 93' lang='lat' dir='ltr'><strong>non</strong></span> <span class='ocrx_word' id='word_1_242' title='bbox 3014 1801 3134 1840; x_wconf 91' lang='lat' dir='ltr'><strong>sum</strong></span> <span class='ocrx_word' id='word_1_243' title='bbox 3165 1785 3383 1839; x_wconf 91' lang='lat' dir='ltr'><strong>oblitus.</strong></span> 
     </span>
    </p>
   </div>
   <div class='ocr_carea' id='block_1_33' title="bbox 127 1872 1712 1947">
    <p class='ocr_par' dir='ltr' id='par_1_33' title="bbox 127 1872 1711 1947">
     <span class='ocr_line' id='line_1_33' title="bbox 127 1872 1711 1947; baseline -0.003 -17"><span class='ocrx_word' id='word_1_244' title='bbox 127 1878 348 1931; x_wconf 78' lang='lat' dir='ltr'><strong>tandem</strong></span> <span class='ocrx_word' id='word_1_245' title='bbox 400 1878 654 1932; x_wconf 86' lang='lat' dir='ltr'><strong>doceatur</strong></span> <span class='ocrx_word' id='word_1_246' title='bbox 708 1876 942 1947; x_wconf 85' lang='lat' dir='ltr'><strong>qualiter</strong></span> <span class='ocrx_word' id='word_1_247' title='bbox 984 1875 1288 1945; x_wconf 79' lang='lat' dir='ltr'><strong>proximum</strong></span> <span class='ocrx_word' id='word_1_248' title='bbox 1346 1874 1537 1928; x_wconf 87' lang='lat' dir='ltr'><strong>debeat</strong></span> <span class='ocrx_word' id='word_1_249' title='bbox 1592 1872 1711 1927; x_wconf 88' lang='lat' dir='ltr'><strong>dili-</strong></span> 
     </span>
    </p>
   </div>
   <div class='ocr_carea' id='block_1_34' title="bbox 1815 1872 3385 1947">
    <p class='ocr_par' dir='ltr' id='par_1_34' title="bbox 1820 1879 3385 1947">
     <span class='ocr_line' id='line_1_34' title="bbox 1820 1879 3385 1947; baseline -0.002 -11"><span class='ocrx_word' id='word_1_250' title='bbox 1820 1903 1838 1936; x_wconf 76' lang='grc' dir='ltr'><strong>ι</strong></span> <span class='ocrx_word' id='word_1_251' title='bbox 1881 1884 2092 1939; x_wconf 63' lang='lat' dir='ltr'><strong>Adbaesi</strong></span> <span class='ocrx_word' id='word_1_252' title='bbox 2120 1881 2444 1937; x_wconf 88' lang='lat' dir='ltr'><strong>testimoniis</strong></span> <span class='ocrx_word' id='word_1_253' title='bbox 2470 1881 2595 1942; x_wconf 89' lang='lat' dir='ltr'><strong>tuis,</strong></span> <span class='ocrx_word' id='word_1_254' title='bbox 2627 1880 2876 1947; x_wconf 86' lang='lat' dir='ltr'><strong>Domine,</strong></span> <span class='ocrx_word' id='word_1_255' title='bbox 2908 1879 3014 1932; x_wconf 90' lang='lat' dir='ltr'><strong>noli</strong></span> <span class='ocrx_word' id='word_1_256' title='bbox 3045 1894 3131 1933; x_wconf 92' lang='lat' dir='ltr'><strong>me</strong></span> <span class='ocrx_word' id='word_1_257' title='bbox 3160 1879 3385 1933; x_wconf 79' lang='lat' dir='ltr'><strong>confun-</strong></span> 
     </span>
    </p>
   </div>
   <div class='ocr_carea' id='block_1_35' title="bbox 130 1965 1707 2037">
    <p class='ocr_par' dir='ltr' id='par_1_35' title="bbox 130 1965 1707 2037">
     <span class='ocr_line' id='line_1_35' title="bbox 130 1965 1707 2037; baseline -0.001 -17"><span class='ocrx_word' id='word_1_258' title='bbox 130 1982 289 2037; x_wconf 78' lang='lat' dir='ltr'><strong>gere;</strong></span> <span class='ocrx_word' id='word_1_259' title='bbox 364 1968 485 2036; x_wconf 88' lang='lat' dir='ltr'><strong>quia</strong></span> <span class='ocrx_word' id='word_1_260' title='bbox 557 1969 656 2021; x_wconf 90' lang='lat' dir='ltr'><strong>nisi</strong></span> <span class='ocrx_word' id='word_1_261' title='bbox 710 1968 937 2037; x_wconf 83' lang='lat' dir='ltr'><strong>quisque</strong></span> <span class='ocrx_word' id='word_1_262' title='bbox 1003 1966 1142 2021; x_wconf 87' lang='lat' dir='ltr'><strong>sciat</strong></span> <span class='ocrx_word' id='word_1_263' title='bbox 1216 1965 1387 2034; x_wconf 88' lang='lat' dir='ltr'><strong>ipsum</strong></span> <span class='ocrx_word' id='word_1_264' title='bbox 1448 1965 1707 2031; x_wconf 74' lang='lat' dir='ltr'><strong>diligere,</strong></span> 
     </span>
    </p>
   </div>
   <div class='ocr_carea' id='block_1_36' title="bbox 131 2054 1708 2129">
    <p class='ocr_par' dir='ltr' id='par_1_36' title="bbox 131 2054 1708 2129">
     <span class='ocr_line' id='line_1_36' title="bbox 131 2054 1708 2129; baseline -0.003 -17"><span class='ocrx_word' id='word_1_265' title='bbox 131 2074 237 2113; x_wconf 90' lang='lat' dir='ltr'><strong>non</strong></span> <span class='ocrx_word' id='word_1_266' title='bbox 308 2067 485 2129; x_wconf 84' lang='lat' dir='ltr'><strong>potest</strong></span> <span class='ocrx_word' id='word_1_267' title='bbox 548 2073 666 2114; x_wconf 91' lang='lat' dir='ltr'><strong>esse</strong></span> <span class='ocrx_word' id='word_1_268' title='bbox 725 2059 919 2114; x_wconf 89' lang='lat' dir='ltr'><strong>ardens</strong></span> <span class='ocrx_word' id='word_1_269' title='bbox 977 2058 1031 2111; x_wconf 94' lang='lat' dir='ltr'><strong>in</strong></span> <span class='ocrx_word' id='word_1_270' title='bbox 1096 2056 1383 2112; x_wconf 87' lang='lat' dir='ltr'><strong>dilectione</strong></span> <span class='ocrx_word' id='word_1_271' title='bbox 1436 2054 1708 2124; x_wconf 79' lang='lat' dir='ltr'><strong>proximi,</strong></span> 
     </span>
    </p>
   </div>
   <div class='ocr_carea' id='block_1_37' title="bbox 132 2144 1710 2216">
    <p class='ocr_par' dir='ltr' id='par_1_37' title="bbox 132 2144 1710 2216">
     <span class='ocr_line' id='line_1_37' title="bbox 132 2144 1710 2216; baseline -0.003 -15"><span class='ocrx_word' id='word_1_272' title='bbox 132 2163 255 2201; x_wconf 89' lang='lat' dir='ltr'><strong>cum</strong></span> <span class='ocrx_word' id='word_1_273' title='bbox 318 2148 577 2216; x_wconf 88' lang='lat' dir='ltr'><strong>scriptum</strong></span> <span class='ocrx_word' id='word_1_274' title='bbox 644 2148 715 2202; x_wconf 92' lang='lat' dir='ltr'><strong>sit</strong></span> <span class='ocrx_word' id='word_1_275' title='bbox 777 2161 791 2200; x_wconf 92' lang='lat'><strong>:</strong></span> <span class='ocrx_word' id='word_1_276' title='bbox 850 2165 870 2197; x_wconf 73' lang='grc' dir='ltr'><strong>ι</strong></span> <span class='ocrx_word' id='word_1_277' title='bbox 916 2146 1113 2216; x_wconf 82' lang='lat' dir='ltr'><strong>Diliges</strong></span> <span class='ocrx_word' id='word_1_278' title='bbox 1184 2144 1485 2215; x_wconf 85' lang='lat' dir='ltr'><strong>proximum</strong></span> <span class='ocrx_word' id='word_1_279' title='bbox 1560 2152 1710 2197; x_wconf 92' lang='lat' dir='ltr'><strong>tuum</strong></span> 
     </span>
    </p>
   </div>
   <div class='ocr_carea' id='block_1_38' title="bbox 133 2231 1711 2307">
    <p class='ocr_par' dir='ltr' id='par_1_38' title="bbox 133 2231 1711 2307">
     <span class='ocr_line' id='line_1_38' title="bbox 133 2231 1711 2307; baseline -0.004 -16"><span class='ocrx_word' id='word_1_280' title='bbox 133 2231 273 2291; x_wconf 81' lang='lat' dir='ltr'><strong>sicut</strong></span> <span class='ocrx_word' id='word_1_281' title='bbox 323 2238 549 2305; x_wconf 87' lang='lat' dir='ltr'><strong>teipsum</strong></span> <span class='ocrx_word' id='word_1_282' title='bbox 604 2236 746 2307; x_wconf 80' lang='lat' dir='ltr'><strong>(Leu.</strong></span> <span class='ocrx_word' id='word_1_283' title='bbox 778 2236 914 2305; x_wconf 75' lang='lat' dir='ltr'><strong>XIX).</strong></span> <span class='ocrx_word' id='word_1_284' title='bbox 952 2254 971 2286; x_wconf 75' lang='grc' dir='ltr'><strong>ι</strong></span> <span class='ocrx_word' id='word_1_285' title='bbox 1011 2253 1029 2287; x_wconf 75' lang='grc' dir='ltr'><strong>ι</strong></span> <span class='ocrx_word' id='word_1_286' title='bbox 1065 2233 1179 2290; x_wconf 80' lang='lat' dir='ltr'><strong>Non</strong></span> <span class='ocrx_word' id='word_1_287' title='bbox 1213 2234 1512 2289; x_wconf 89' lang='lat' dir='ltr'><strong>abscondas</strong></span> <span class='ocrx_word' id='word_1_288' title='bbox 1553 2247 1582 2285; x_wconf 91' lang='lat' dir='ltr'><strong>a</strong></span> <span class='ocrx_word' id='word_1_289' title='bbox 1624 2244 1711 2286; x_wconf 89' lang='lat' dir='ltr'><strong>me</strong></span> 
     </span>
    </p>
   </div>
   <div class='ocr_carea' id='block_1_39' title="bbox 135 2324 1711 2396">
    <p class='ocr_par' dir='ltr' id='par_1_39' title="bbox 135 2324 1711 2396">
     <span class='ocr_line' id='line_1_39' title="bbox 135 2324 1711 2396; baseline -0.001 -17"><span class='ocrx_word' id='word_1_290' title='bbox 135 2326 388 2383; x_wconf 88' lang='lat' dir='ltr'><strong>mandata</strong></span> <span class='ocrx_word' id='word_1_291' title='bbox 450 2335 539 2381; x_wconf 89' lang='lat' dir='ltr'><strong>tua</strong></span> <span class='ocrx_word' id='word_1_292' title='bbox 601 2346 614 2380; x_wconf 91' lang='lat'><strong>:</strong></span> <span class='ocrx_word' id='word_1_293' title='bbox 665 2347 683 2379; x_wconf 77' lang='grc' dir='ltr'><strong>ι</strong></span> <span class='ocrx_word' id='word_1_294' title='bbox 739 2335 793 2382; x_wconf 91' lang='lat' dir='ltr'><strong>et</strong></span> <span class='ocrx_word' id='word_1_295' title='bbox 851 2328 953 2381; x_wconf 91' lang='lat' dir='ltr'><strong>hoc</strong></span> <span class='ocrx_word' id='word_1_296' title='bbox 1012 2327 1192 2396; x_wconf 88' lang='lat' dir='ltr'><strong>juste,</strong></span> <span class='ocrx_word' id='word_1_297' title='bbox 1249 2325 1374 2395; x_wconf 88' lang='lat' dir='ltr'><strong>quia</strong></span> <span class='ocrx_word' id='word_1_298' title='bbox 1423 2324 1711 2394; x_wconf 80' lang='lat' dir='ltr'><strong>concupivit</strong></span> 
     </span>
    </p>
   </div>
   <div class='ocr_carea' id='block_1_40' title="bbox 131 2415 1713 2487">
    <p class='ocr_par' dir='ltr' id='par_1_40' title="bbox 131 2415 1713 2487">
     <span class='ocr_line' id='line_1_40' title="bbox 131 2415 1713 2487; baseline 0.001 -18"><span class='ocrx_word' id='word_1_299' title='bbox 131 2417 306 2470; x_wconf 72' lang='lat' dir='ltr'><strong>anima</strong></span> <span class='ocrx_word' id='word_1_300' title='bbox 363 2434 475 2470; x_wconf 84' lang='lat' dir='ltr'><strong>mea</strong></span> <span class='ocrx_word' id='word_1_301' title='bbox 532 2418 866 2483; x_wconf 85' lang='lat' dir='ltr'><strong>desiderare,</strong></span> <span class='ocrx_word' id='word_1_302' title='bbox 916 2418 967 2472; x_wconf 92' lang='lat' dir='ltr'><strong>id</strong></span> <span class='ocrx_word' id='word_1_303' title='bbox 1019 2426 1141 2481; x_wconf 84' lang='lat' dir='ltr'><strong>est,</strong></span> <span class='ocrx_word' id='word_1_304' title='bbox 1197 2430 1392 2487; x_wconf 74' lang='lat' dir='ltr'><strong>magno</strong></span> <span class='ocrx_word' id='word_1_305' title='bbox 1445 2415 1713 2471; x_wconf 87' lang='lat' dir='ltr'><strong>desiderio</strong></span> 
     </span>
    </p>
   </div>
   <div class='ocr_carea' id='block_1_41' title="bbox 132 2506 1712 2576">
    <p class='ocr_par' dir='ltr' id='par_1_41' title="bbox 132 2506 1712 2576">
     <span class='ocr_line' id='line_1_41' title="bbox 132 2506 1712 2576; baseline -0.001 -16"><span class='ocrx_word' id='word_1_306' title='bbox 132 2506 482 2562; x_wconf 80' lang='lat' dir='ltr'><strong>aﬁ&#39;ectabatur</strong></span> <span class='ocrx_word' id='word_1_307' title='bbox 539 2507 718 2561; x_wconf 90' lang='lat' dir='ltr'><strong>anima</strong></span> <span class='ocrx_word' id='word_1_308' title='bbox 773 2522 892 2562; x_wconf 91' lang='lat' dir='ltr'><strong>mea</strong></span> <span class='ocrx_word' id='word_1_309' title='bbox 952 2507 1259 2562; x_wconf 90' lang='lat' dir='ltr'><strong>desiderare</strong></span> <span class='ocrx_word' id='word_1_310' title='bbox 1304 2506 1712 2576; x_wconf 76' lang='lat' dir='ltr'><strong>justiﬁcationes</strong></span> 
     </span>
    </p>
   </div>
   <div class='ocr_carea' id='block_1_42' title="bbox 134 2594 1715 2666">
    <p class='ocr_par' dir='ltr' id='par_1_42' title="bbox 134 2594 1715 2666">
     <span class='ocr_line' id='line_1_42' title="bbox 134 2594 1715 2666; baseline 0 -18"><span class='ocrx_word' id='word_1_311' title='bbox 134 2606 281 2662; x_wconf 72' lang='lat' dir='ltr'><strong>tuas,</strong></span> <span class='ocrx_word' id='word_1_312' title='bbox 341 2598 393 2650; x_wconf 88' lang='lat' dir='ltr'><strong>id</strong></span> <span class='ocrx_word' id='word_1_313' title='bbox 443 2606 556 2661; x_wconf 91' lang='lat' dir='ltr'><strong>est,</strong></span> <span class='ocrx_word' id='word_1_314' title='bbox 608 2605 875 2666; x_wconf 70' lang='lat' dir='ltr'><strong>prmcepta</strong></span> <span class='ocrx_word' id='word_1_315' title='bbox 930 2605 1023 2650; x_wconf 91' lang='lat' dir='ltr'><strong>tua</strong></span> <span class='ocrx_word' id='word_1_316' title='bbox 1069 2595 1453 2665; x_wconf 88' lang='lat' dir='ltr'><strong>justiﬁcantia,</strong></span> <span class='ocrx_word' id='word_1_317' title='bbox 1508 2603 1564 2649; x_wconf 92' lang='lat' dir='ltr'><strong>et</strong></span> <span class='ocrx_word' id='word_1_318' title='bbox 1613 2594 1715 2648; x_wconf 87' lang='lat' dir='ltr'><strong>hoc</strong></span> 
     </span>
    </p>
   </div>
   <div class='ocr_carea' id='block_1_43' title="bbox 130 2684 1714 2758">
    <p class='ocr_par' dir='ltr' id='par_1_43' title="bbox 130 2684 1714 2758">
     <span class='ocr_line' id='line_1_43' title="bbox 130 2684 1714 2758; baseline -0.003 -17"><span class='ocrx_word' id='word_1_319' title='bbox 130 2689 184 2741; x_wconf 84' lang='lat' dir='ltr'><strong>in</strong></span> <span class='ocrx_word' id='word_1_320' title='bbox 229 2690 373 2742; x_wconf 82' lang='lat' dir='ltr'><strong>omni</strong></span> <span class='ocrx_word' id='word_1_321' title='bbox 446 2697 699 2758; x_wconf 84' lang='lat' dir='ltr'><strong>tempore,</strong></span> <span class='ocrx_word' id='word_1_322' title='bbox 757 2687 1005 2743; x_wconf 86' lang='lat' dir='ltr'><strong>videlicet</strong></span> <span class='ocrx_word' id='word_1_323' title='bbox 1059 2687 1258 2758; x_wconf 86' lang='lat' dir='ltr'><strong>quietis</strong></span> <span class='ocrx_word' id='word_1_324' title='bbox 1312 2695 1366 2741; x_wconf 91' lang='lat' dir='ltr'><strong>et</strong></span> <span class='ocrx_word' id='word_1_325' title='bbox 1417 2684 1714 2739; x_wconf 86' lang='lat' dir='ltr'><strong>adversita-</strong></span> 
     </span>
    </p>
   </div>
   <div class='ocr_carea' id='block_1_44' title="bbox 132 2774 1713 2850">
    <p class='ocr_par' dir='ltr' id='par_1_44' title="bbox 132 2774 1713 2850">
     <span class='ocr_line' id='line_1_44' title="bbox 132 2774 1713 2850; baseline -0.004 -16"><span class='ocrx_word' id='word_1_326' title='bbox 132 2781 234 2844; x_wconf 90' lang='lat' dir='ltr'><strong>tis;</strong></span> <span class='ocrx_word' id='word_1_327' title='bbox 287 2780 442 2850; x_wconf 79' lang='lat' dir='ltr'><strong>juxta</strong></span> <span class='ocrx_word' id='word_1_328' title='bbox 512 2781 641 2835; x_wconf 88' lang='lat' dir='ltr'><strong>illud</strong></span> <span class='ocrx_word' id='word_1_329' title='bbox 687 2799 699 2834; x_wconf 89' lang='lat'>:</span> <span class='ocrx_word' id='word_1_330' title='bbox 760 2779 1071 2834; x_wconf 84' lang='lat' dir='ltr'><strong>Benedicam</strong></span> <span class='ocrx_word' id='word_1_331' title='bbox 1124 2778 1404 2833; x_wconf 86' lang='lat' dir='ltr'><strong>Dominum</strong></span> <span class='ocrx_word' id='word_1_332' title='bbox 1448 2778 1507 2829; x_wconf 83' lang='lat' dir='ltr'><strong>in</strong></span> <span class='ocrx_word' id='word_1_333' title='bbox 1574 2774 1713 2829; x_wconf 87' lang='lat' dir='ltr'><strong>omni</strong></span> 
     </span>
    </p>
   </div>
   <div class='ocr_carea' id='block_1_45' title="bbox 129 2868 1714 2943">
    <p class='ocr_par' dir='ltr' id='par_1_45' title="bbox 129 2868 1714 2943">
     <span class='ocr_line' id='line_1_45' title="bbox 129 2868 1714 2943; baseline -0.003 -18"><span class='ocrx_word' id='word_1_334' title='bbox 129 2882 357 2940; x_wconf 81' lang='lat' dir='ltr'><strong>tempore</strong></span> <span class='ocrx_word' id='word_1_335' title='bbox 395 2869 567 2941; x_wconf 82' lang='lat' dir='ltr'><strong>(Psal.</strong></span> <span class='ocrx_word' id='word_1_336' title='bbox 599 2871 814 2943; x_wconf 65' lang='grc' dir='ltr'>χχχιιι).</span> <span class='ocrx_word' id='word_1_337' title='bbox 860 2872 982 2926; x_wconf 90' lang='lat' dir='ltr'><strong>ldeo</strong></span> <span class='ocrx_word' id='word_1_338' title='bbox 1022 2870 1329 2939; x_wconf 88' lang='lat' dir='ltr'><strong>concupivit</strong></span> <span class='ocrx_word' id='word_1_339' title='bbox 1373 2868 1555 2922; x_wconf 88' lang='lat' dir='ltr'><strong>anima</strong></span> <span class='ocrx_word' id='word_1_340' title='bbox 1595 2880 1714 2922; x_wconf 89' lang='lat' dir='ltr'><strong>mea</strong></span> 
     </span>
    </p>
   </div>
   <div class='ocr_carea' id='block_1_46' title="bbox 128 2959 1712 3033">
    <p class='ocr_par' dir='ltr' id='par_1_46' title="bbox 128 2959 1712 3033">
     <span class='ocr_line' id='line_1_46' title="bbox 128 2959 1712 3033; baseline -0.003 -17"><span class='ocrx_word' id='word_1_341' title='bbox 128 2962 439 3017; x_wconf 88' lang='lat' dir='ltr'><strong>desiderare</strong></span> <span class='ocrx_word' id='word_1_342' title='bbox 475 2971 741 3033; x_wconf 78' lang='lat' dir='ltr'><strong>przecepta</strong></span> <span class='ocrx_word' id='word_1_343' title='bbox 785 2972 903 3026; x_wconf 89' lang='lat' dir='ltr'><strong>tua,</strong></span> <span class='ocrx_word' id='word_1_344' title='bbox 954 2962 1077 3032; x_wconf 89' lang='lat' dir='ltr'><strong>quia</strong></span> <span class='ocrx_word' id='word_1_345' title='bbox 1109 2961 1386 3031; x_wconf 79' lang='lat' dir='ltr'><strong>increpasti</strong></span> <span class='ocrx_word' id='word_1_346' title='bbox 1436 2959 1712 3028; x_wconf 84' lang='lat' dir='ltr'><strong>superbos,</strong></span> 
     </span>
    </p>
   </div>
   <div class='ocr_carea' id='block_1_47' title="bbox 129 3051 1716 3123">
    <p class='ocr_par' dir='ltr' id='par_1_47' title="bbox 129 3051 1716 3123">
     <span class='ocr_line' id='line_1_47' title="bbox 129 3051 1716 3123; baseline -0.002 -16"><span class='ocrx_word' id='word_1_347' title='bbox 129 3054 189 3108; x_wconf 88' lang='lat' dir='ltr'><strong>id</strong></span> <span class='ocrx_word' id='word_1_348' title='bbox 233 3063 348 3117; x_wconf 91' lang='lat' dir='ltr'><strong>est,</strong></span> <span class='ocrx_word' id='word_1_349' title='bbox 400 3054 603 3123; x_wconf 89' lang='lat' dir='ltr'><strong>primos</strong></span> <span class='ocrx_word' id='word_1_350' title='bbox 652 3062 903 3121; x_wconf 89' lang='lat' dir='ltr'><strong>parentes</strong></span> <span class='ocrx_word' id='word_1_351' title='bbox 950 3062 1137 3107; x_wconf 90' lang='lat' dir='ltr'><strong>contra</strong></span> <span class='ocrx_word' id='word_1_352' title='bbox 1189 3061 1242 3108; x_wconf 93' lang='lat' dir='ltr'><strong>te</strong></span> <span class='ocrx_word' id='word_1_353' title='bbox 1301 3051 1716 3120; x_wconf 79' lang='lat' dir='ltr'><strong>superbientes.</strong></span> 
     </span>
    </p>
   </div>
   <div class='ocr_carea' id='block_1_48' title="bbox 130 3139 1715 3210">
    <p class='ocr_par' dir='ltr' id='par_1_48' title="bbox 130 3139 1715 3210">
     <span class='ocr_line' id='line_1_48' title="bbox 130 3139 1715 3210; baseline -0.001 -12"><span class='ocrx_word' id='word_1_354' title='bbox 130 3154 187 3199; x_wconf 89' lang='lat' dir='ltr'><strong>et</strong></span> <span class='ocrx_word' id='word_1_355' title='bbox 236 3145 488 3199; x_wconf 86' lang='lat' dir='ltr'><strong>mandata</strong></span> <span class='ocrx_word' id='word_1_356' title='bbox 535 3154 624 3201; x_wconf 88' lang='lat' dir='ltr'><strong>tua</strong></span> <span class='ocrx_word' id='word_1_357' title='bbox 665 3161 770 3199; x_wconf 91' lang='lat' dir='ltr'><strong>non</strong></span> <span class='ocrx_word' id='word_1_358' title='bbox 821 3146 1189 3200; x_wconf 87' lang='lat' dir='ltr'><strong>desiderantes</strong></span> <span class='ocrx_word' id='word_1_359' title='bbox 1231 3161 1244 3197; x_wconf 88' lang='lat'><strong>:</strong></span> <span class='ocrx_word' id='word_1_360' title='bbox 1293 3142 1573 3210; x_wconf 81' lang='lat' dir='ltr'><strong>increpasti</strong></span> <span class='ocrx_word' id='word_1_361' title='bbox 1600 3180 1615 3205; x_wconf 92' lang='lat'><strong>,</strong></span> <span class='ocrx_word' id='word_1_362' title='bbox 1662 3139 1715 3197; x_wconf 88' lang='lat' dir='ltr'><strong>id</strong></span> 
     </span>
    </p>
   </div>
   <div class='ocr_carea' id='block_1_49' title="bbox 132 3232 1716 3302">
    <p class='ocr_par' dir='ltr' id='par_1_49' title="bbox 132 3232 1716 3302">
     <span class='ocr_line' id='line_1_49' title="bbox 132 3232 1716 3302; baseline -0.002 -14"><span class='ocrx_word' id='word_1_363' title='bbox 132 3242 249 3298; x_wconf 87' lang='lat' dir='ltr'><strong>est,</strong></span> <span class='ocrx_word' id='word_1_364' title='bbox 303 3242 477 3289; x_wconf 89' lang='lat' dir='ltr'><strong>morte</strong></span> <span class='ocrx_word' id='word_1_365' title='bbox 551 3234 786 3290; x_wconf 87' lang='lat' dir='ltr'><strong>multasti</strong></span> <span class='ocrx_word' id='word_1_366' title='bbox 847 3234 1062 3302; x_wconf 89' lang='lat' dir='ltr'><strong>quando</strong></span> <span class='ocrx_word' id='word_1_367' title='bbox 1132 3232 1311 3287; x_wconf 82' lang='lat' dir='ltr'><strong>dixisti</strong></span> <span class='ocrx_word' id='word_1_368' title='bbox 1363 3247 1379 3285; x_wconf 94' lang='lat'><strong>:</strong></span> <span class='ocrx_word' id='word_1_369' title='bbox 1429 3232 1716 3286; x_wconf 80' lang='lat' dir='ltr'><strong>Maledicta</strong></span> 
     </span>
    </p>
   </div>
   <div class='ocr_carea' id='block_1_50' title="bbox 134 3322 1717 3395">
    <p class='ocr_par' dir='ltr' id='par_1_50' title="bbox 134 3322 1717 3395">
     <span class='ocr_line' id='line_1_50' title="bbox 134 3322 1717 3395; baseline 0 -18"><span class='ocrx_word' id='word_1_370' title='bbox 134 3336 276 3378; x_wconf 85' lang='lat' dir='ltr'><strong>terra</strong></span> <span class='ocrx_word' id='word_1_371' title='bbox 328 3324 384 3377; x_wconf 87' lang='lat' dir='ltr'><strong>in</strong></span> <span class='ocrx_word' id='word_1_372' title='bbox 412 3340 561 3393; x_wconf 86' lang='lat' dir='ltr'><strong>opere</strong></span> <span class='ocrx_word' id='word_1_373' title='bbox 592 3333 680 3378; x_wconf 86' lang='lat' dir='ltr'><strong>tuo</strong></span> <span class='ocrx_word' id='word_1_374' title='bbox 727 3322 880 3395; x_wconf 85' lang='lat' dir='ltr'><strong>(Gen.</strong></span> <span class='ocrx_word' id='word_1_375' title='bbox 929 3326 1036 3393; x_wconf 87' lang='grc' dir='ltr'>ιιι).</span> <span class='ocrx_word' id='word_1_376' title='bbox 1086 3323 1153 3379; x_wconf 85' lang='lat' dir='ltr'><strong>Et</strong></span> <span class='ocrx_word' id='word_1_377' title='bbox 1207 3338 1316 3377; x_wconf 90' lang='lat' dir='ltr'><strong>non</strong></span> <span class='ocrx_word' id='word_1_378' title='bbox 1371 3330 1580 3376; x_wconf 89' lang='lat' dir='ltr'><strong>tantum</strong></span> <span class='ocrx_word' id='word_1_379' title='bbox 1640 3322 1717 3377; x_wconf 93' lang='lat' dir='ltr'><strong>illi</strong></span> 
     </span>
    </p>
   </div>
   <div class='ocr_carea' id='block_1_51' title="bbox 132 3412 1717 3483">
    <p class='ocr_par' dir='ltr' id='par_1_51' title="bbox 132 3412 1717 3483">
     <span class='ocr_line' id='line_1_51' title="bbox 132 3412 1717 3483; baseline -0.003 -13"><span class='ocrx_word' id='word_1_380' title='bbox 132 3415 215 3470; x_wconf 89' lang='lat' dir='ltr'><strong>sic</strong></span> <span class='ocrx_word' id='word_1_381' title='bbox 238 3424 364 3469; x_wconf 91' lang='lat' dir='ltr'><strong>sunt</strong></span> <span class='ocrx_word' id='word_1_382' title='bbox 392 3413 684 3483; x_wconf 90' lang='lat' dir='ltr'><strong>increpati,</strong></span> <span class='ocrx_word' id='word_1_383' title='bbox 733 3413 827 3469; x_wconf 88' lang='lat' dir='ltr'><strong>sed</strong></span> <span class='ocrx_word' id='word_1_384' title='bbox 858 3428 1045 3469; x_wconf 89' lang='lat' dir='ltr'><strong>omnes</strong></span> <span class='ocrx_word' id='word_1_385' title='bbox 1073 3414 1163 3483; x_wconf 87' lang='lat' dir='ltr'><strong>qui</strong></span> <span class='ocrx_word' id='word_1_386' title='bbox 1206 3412 1483 3467; x_wconf 86' lang='lat' dir='ltr'><strong>imitantes</strong></span> <span class='ocrx_word' id='word_1_387' title='bbox 1528 3427 1717 3467; x_wconf 89' lang='lat' dir='ltr'><strong>eorum</strong></span> 
     </span>
    </p>
   </div>
   <div class='ocr_carea' id='block_1_52' title="bbox 131 3501 1716 3575">
    <p class='ocr_par' dir='ltr' id='par_1_52' title="bbox 131 3501 1716 3575">
     <span class='ocr_line' id='line_1_52' title="bbox 131 3501 1716 3575; baseline -0.003 -16"><span class='ocrx_word' id='word_1_388' title='bbox 131 3503 475 3575; x_wconf 83' lang='lat' dir='ltr'><strong>superbiam,</strong></span> <span class='ocrx_word' id='word_1_389' title='bbox 507 3502 766 3557; x_wconf 84' lang='lat' dir='ltr'><strong>declinant</strong></span> <span class='ocrx_word' id='word_1_390' title='bbox 796 3519 828 3557; x_wconf 94' lang='lat' dir='ltr'><strong>a</strong></span> <span class='ocrx_word' id='word_1_391' title='bbox 856 3503 1117 3556; x_wconf 83' lang='lat' dir='ltr'><strong>mandatis</strong></span> <span class='ocrx_word' id='word_1_392' title='bbox 1137 3502 1261 3568; x_wconf 89' lang='lat' dir='ltr'><strong>tuis,</strong></span> <span class='ocrx_word' id='word_1_393' title='bbox 1288 3501 1549 3556; x_wconf 84' lang='lat' dir='ltr'><strong>maledicti</strong></span> <span class='ocrx_word' id='word_1_394' title='bbox 1571 3509 1716 3556; x_wconf 88' lang='lat' dir='ltr'><strong>sunt.</strong></span> 
     </span>
    </p>
   </div>
   <div class='ocr_carea' id='block_1_53' title="bbox 57 3590 1720 3663">
    <p class='ocr_par' dir='ltr' id='par_1_53' title="bbox 57 3590 1720 3663">
     <span class='ocr_line' id='line_1_53' title="bbox 57 3590 1720 3663; baseline -0.002 -16"><span class='ocrx_word' id='word_1_395' title='bbox 57 3590 70 3597; x_wconf 78' lang='grc'><em>”</em></span> <span class='ocrx_word' id='word_1_396' title='bbox 134 3593 273 3649; x_wconf 78' lang='lat' dir='ltr'><strong>Nota</strong></span> <span class='ocrx_word' id='word_1_397' title='bbox 329 3593 452 3663; x_wconf 87' lang='lat' dir='ltr'><strong>quia</strong></span> <span class='ocrx_word' id='word_1_398' title='bbox 502 3591 648 3647; x_wconf 86' lang='lat' dir='ltr'><strong>aliud</strong></span> <span class='ocrx_word' id='word_1_399' title='bbox 694 3602 778 3647; x_wconf 89' lang='lat' dir='ltr'><strong>est</strong></span> <span class='ocrx_word' id='word_1_400' title='bbox 816 3607 915 3661; x_wconf 92' lang='lat' dir='ltr'><strong>per</strong></span> <span class='ocrx_word' id='word_1_401' title='bbox 958 3591 1313 3662; x_wconf 81' lang='lat' dir='ltr'><strong>ignorantiam</strong></span> <span class='ocrx_word' id='word_1_402' title='bbox 1346 3590 1430 3646; x_wconf 88' lang='lat' dir='ltr'><strong>vel</strong></span> <span class='ocrx_word' id='word_1_403' title='bbox 1476 3606 1574 3661; x_wconf 89' lang='lat' dir='ltr'><strong>per</strong></span> <span class='ocrx_word' id='word_1_404' title='bbox 1601 3604 1720 3645; x_wconf 89' lang='lat' dir='ltr'><strong>car-</strong></span> 
     </span>
    </p>
   </div>
   <div class='ocr_carea' id='block_1_54' title="bbox 133 3679 1715 3749">
    <p class='ocr_par' dir='ltr' id='par_1_54' title="bbox 133 3679 1715 3749">
     <span class='ocr_line' id='line_1_54' title="bbox 133 3679 1715 3749; baseline -0.003 -12"><span class='ocrx_word' id='word_1_405' title='bbox 133 3684 218 3738; x_wconf 89' lang='lat' dir='ltr'><strong>nis</strong></span> <span class='ocrx_word' id='word_1_406' title='bbox 271 3681 637 3737; x_wconf 89' lang='lat' dir='ltr'><strong>inﬁrmitatem</strong></span> <span class='ocrx_word' id='word_1_407' title='bbox 685 3681 938 3736; x_wconf 90' lang='lat' dir='ltr'><strong>mandata</strong></span> <span class='ocrx_word' id='word_1_408' title='bbox 986 3680 1196 3736; x_wconf 92' lang='lat' dir='ltr'><strong>Domini</strong></span> <span class='ocrx_word' id='word_1_409' title='bbox 1248 3695 1354 3736; x_wconf 91' lang='lat' dir='ltr'><strong>non</strong></span> <span class='ocrx_word' id='word_1_410' title='bbox 1407 3679 1657 3749; x_wconf 89' lang='lat' dir='ltr'><strong>supplere</strong></span> <span class='ocrx_word' id='word_1_411' title='bbox 1699 3694 1715 3733; x_wconf 88' lang='lat'><strong>:</strong></span> 
     </span>
    </p>
   </div>
   <div class='ocr_carea' id='block_1_55' title="bbox 135 3770 1721 3845">
    <p class='ocr_par' dir='ltr' id='par_1_55' title="bbox 135 3770 1721 3845">
     <span class='ocr_line' id='line_1_55' title="bbox 135 3770 1721 3845; baseline -0.003 -15"><span class='ocrx_word' id='word_1_412' title='bbox 135 3775 313 3840; x_wconf 86' lang='lat' dir='ltr'><strong>aliud,</strong></span> <span class='ocrx_word' id='word_1_413' title='bbox 370 3789 467 3845; x_wconf 83' lang='lat' dir='ltr'><strong>per</strong></span> <span class='ocrx_word' id='word_1_414' title='bbox 518 3774 898 3845; x_wconf 79' lang='lat' dir='ltr'><strong>negligentiam</strong></span> <span class='ocrx_word' id='word_1_415' title='bbox 953 3789 984 3827; x_wconf 90' lang='lat' dir='ltr'><strong>a</strong></span> <span class='ocrx_word' id='word_1_416' title='bbox 1039 3772 1307 3828; x_wconf 87' lang='lat' dir='ltr'><strong>mandatis</strong></span> <span class='ocrx_word' id='word_1_417' title='bbox 1364 3770 1574 3826; x_wconf 88' lang='lat' dir='ltr'><strong>Domini</strong></span> <span class='ocrx_word' id='word_1_418' title='bbox 1627 3770 1721 3825; x_wconf 90' lang='lat' dir='ltr'><strong>de-</strong></span> 
     </span>
    </p>
   </div>
   <div class='ocr_carea' id='block_1_56' title="bbox 134 3858 1719 3933">
    <p class='ocr_par' dir='ltr' id='par_1_56' title="bbox 134 3858 1719 3933">
     <span class='ocr_line' id='line_1_56' title="bbox 134 3858 1719 3933; baseline -0.006 -12"><span class='ocrx_word' id='word_1_419' title='bbox 134 3865 369 3929; x_wconf 86' lang='lat' dir='ltr'><strong>clinare;</strong></span> <span class='ocrx_word' id='word_1_420' title='bbox 424 3864 568 3933; x_wconf 90' lang='lat' dir='ltr'><strong>quod</strong></span> <span class='ocrx_word' id='word_1_421' title='bbox 620 3863 975 3933; x_wconf 88' lang='lat' dir='ltr'><strong>superborum</strong></span> <span class='ocrx_word' id='word_1_422' title='bbox 1029 3873 1115 3918; x_wconf 90' lang='lat' dir='ltr'><strong>est</strong></span> <span class='ocrx_word' id='word_1_423' title='bbox 1162 3880 1176 3915; x_wconf 88' lang='lat'><strong>:</strong></span> <span class='ocrx_word' id='word_1_424' title='bbox 1241 3880 1260 3913; x_wconf 75' lang='grc' dir='ltr'><strong>ι</strong></span> <span class='ocrx_word' id='word_1_425' title='bbox 1306 3860 1579 3917; x_wconf 85' lang='lat' dir='ltr'><strong>maledicti</strong></span> <span class='ocrx_word' id='word_1_426' title='bbox 1626 3858 1719 3930; x_wconf 93' lang='lat' dir='ltr'><strong>qui</strong></span> 
     </span>
    </p>
   </div>
   <div class='ocr_carea' id='block_1_57' title="bbox 135 3949 1717 4021">
    <p class='ocr_par' dir='ltr' id='par_1_57' title="bbox 135 3949 1717 4021">
     <span class='ocr_line' id='line_1_57' title="bbox 135 3949 1717 4021; baseline -0.004 -12"><span class='ocrx_word' id='word_1_427' title='bbox 135 3954 410 4009; x_wconf 84' lang='lat' dir='ltr'><strong>declinant</strong></span> <span class='ocrx_word' id='word_1_428' title='bbox 464 3967 494 4006; x_wconf 90' lang='lat' dir='ltr'><strong>a</strong></span> <span class='ocrx_word' id='word_1_429' title='bbox 548 3952 814 4008; x_wconf 89' lang='lat' dir='ltr'><strong>mandatis</strong></span> <span class='ocrx_word' id='word_1_430' title='bbox 869 3952 993 4008; x_wconf 90' lang='lat' dir='ltr'><strong>tuis.</strong></span> <span class='ocrx_word' id='word_1_431' title='bbox 1038 3970 1057 4004; x_wconf 76' lang='grc' dir='ltr'><strong>ι</strong></span> <span class='ocrx_word' id='word_1_432' title='bbox 1112 3951 1180 4006; x_wconf 90' lang='lat' dir='ltr'><strong>Et</strong></span> <span class='ocrx_word' id='word_1_433' title='bbox 1232 3958 1293 4006; x_wconf 92' lang='lat' dir='ltr'><strong>ut</strong></span> <span class='ocrx_word' id='word_1_434' title='bbox 1342 3965 1442 4021; x_wconf 80' lang='lat' dir='ltr'><strong>ego</strong></span> <span class='ocrx_word' id='word_1_435' title='bbox 1494 3949 1717 4005; x_wconf 88' lang='lat' dir='ltr'><strong>maledi-</strong></span> 
     </span>
    </p>
   </div>
   <div class='ocr_carea' id='block_1_58' title="bbox 134 4039 1718 4112">
    <p class='ocr_par' dir='ltr' id='par_1_58' title="bbox 134 4039 1718 4112">
     <span class='ocr_line' id='line_1_58' title="bbox 134 4039 1718 4112; baseline -0.004 -14"><span class='ocrx_word' id='word_1_436' title='bbox 134 4043 302 4099; x_wconf 90' lang='lat' dir='ltr'><strong>ctioni</strong></span> <span class='ocrx_word' id='word_1_437' title='bbox 357 4057 463 4096; x_wconf 93' lang='lat' dir='ltr'><strong>non</strong></span> <span class='ocrx_word' id='word_1_438' title='bbox 507 4042 844 4112; x_wconf 86' lang='lat' dir='ltr'><strong>subjaceam,</strong></span> <span class='ocrx_word' id='word_1_439' title='bbox 897 4041 1049 4111; x_wconf 78' lang='lat' dir='ltr'><strong>aufer</strong></span> <span class='ocrx_word' id='word_1_440' title='bbox 1082 4058 1115 4095; x_wconf 94' lang='lat' dir='ltr'><strong>a</strong></span> <span class='ocrx_word' id='word_1_441' title='bbox 1153 4056 1235 4095; x_wconf 86' lang='lat' dir='ltr'><strong>me</strong></span> <span class='ocrx_word' id='word_1_442' title='bbox 1283 4039 1617 4110; x_wconf 84' lang='lat' dir='ltr'><strong>opprobrium</strong></span> <span class='ocrx_word' id='word_1_443' title='bbox 1667 4047 1718 4093; x_wconf 88' lang='lat' dir='ltr'><strong>et</strong></span> 
     </span>
    </p>
   </div>
   <div class='ocr_carea' id='block_1_59' title="bbox 133 4130 1721 4202">
    <p class='ocr_par' dir='ltr' id='par_1_59' title="bbox 133 4130 1721 4202">
     <span class='ocr_line' id='line_1_59' title="bbox 133 4130 1721 4202; baseline -0.003 -17"><span class='ocrx_word' id='word_1_444' title='bbox 133 4140 511 4201; x_wconf 83' lang='lat' dir='ltr'><strong>contemptum,</strong></span> <span class='ocrx_word' id='word_1_445' title='bbox 558 4146 625 4186; x_wconf 90' lang='lat' dir='ltr'><strong>ne</strong></span> <span class='ocrx_word' id='word_1_446' title='bbox 667 4132 998 4187; x_wconf 89' lang='lat' dir='ltr'><strong>committam</strong></span> <span class='ocrx_word' id='word_1_447' title='bbox 1040 4130 1241 4200; x_wconf 90' lang='lat' dir='ltr'><strong>aliquid</strong></span> <span class='ocrx_word' id='word_1_448' title='bbox 1282 4130 1501 4202; x_wconf 81' lang='lat' dir='ltr'><strong>dignum</strong></span> <span class='ocrx_word' id='word_1_449' title='bbox 1529 4142 1721 4199; x_wconf 64' lang='lat' dir='ltr'><strong>opproo</strong></span> 
     </span>
    </p>
   </div>
   <div class='ocr_carea' id='block_1_60' title="bbox 133 4219 1720 4291">
    <p class='ocr_par' dir='ltr' id='par_1_60' title="bbox 133 4219 1720 4291">
     <span class='ocr_line' id='line_1_60' title="bbox 133 4219 1720 4291; baseline -0.001 -18"><span class='ocrx_word' id='word_1_450' title='bbox 133 4221 295 4283; x_wconf 88' lang='lat' dir='ltr'><strong>brio,</strong></span> <span class='ocrx_word' id='word_1_451' title='bbox 340 4228 397 4275; x_wconf 89' lang='lat' dir='ltr'><strong>et</strong></span> <span class='ocrx_word' id='word_1_452' title='bbox 448 4221 566 4276; x_wconf 85' lang='lat' dir='ltr'><strong>ideo</strong></span> <span class='ocrx_word' id='word_1_453' title='bbox 618 4221 711 4277; x_wconf 87' lang='lat' dir='ltr'><strong>tibi</strong></span> <span class='ocrx_word' id='word_1_454' title='bbox 758 4220 1175 4291; x_wconf 84' lang='lat' dir='ltr'><strong>contemptibilis</strong></span> <span class='ocrx_word' id='word_1_455' title='bbox 1214 4221 1360 4275; x_wconf 87' lang='lat' dir='ltr'><strong>ﬁam.</strong></span> <span class='ocrx_word' id='word_1_456' title='bbox 1408 4219 1538 4284; x_wconf 89' lang='lat' dir='ltr'><strong>Vel,</strong></span> <span class='ocrx_word' id='word_1_457' title='bbox 1568 4219 1720 4288; x_wconf 80' lang='lat' dir='ltr'><strong>aufer</strong></span> 
     </span>
    </p>
   </div>
   <div class='ocr_carea' id='block_1_61' title="bbox 132 4309 1718 4381">
    <p class='ocr_par' dir='ltr' id='par_1_61' title="bbox 132 4309 1718 4381">
     <span class='ocr_line' id='line_1_61' title="bbox 132 4309 1718 4381; baseline 0.001 -21"><span class='ocrx_word' id='word_1_458' title='bbox 132 4325 169 4360; x_wconf 80' lang='grc' dir='ltr'><em>α</em></span> <span class='ocrx_word' id='word_1_459' title='bbox 218 4325 300 4361; x_wconf 86' lang='lat' dir='ltr'><strong>me</strong></span> <span class='ocrx_word' id='word_1_460' title='bbox 344 4309 706 4379; x_wconf 84' lang='lat' dir='ltr'><strong>opprobrium,</strong></span> <span class='ocrx_word' id='word_1_461' title='bbox 749 4326 819 4367; x_wconf 88' lang='lat' dir='ltr'><strong>ne</strong></span> <span class='ocrx_word' id='word_1_462' title='bbox 865 4312 1187 4381; x_wconf 87' lang='lat' dir='ltr'><strong>probrosum</strong></span> <span class='ocrx_word' id='word_1_463' title='bbox 1233 4311 1304 4366; x_wconf 85' lang='lat' dir='ltr'><strong>sit</strong></span> <span class='ocrx_word' id='word_1_464' title='bbox 1349 4311 1478 4365; x_wconf 86' lang='lat' dir='ltr'><strong>mihi</strong></span> <span class='ocrx_word' id='word_1_465' title='bbox 1521 4323 1718 4365; x_wconf 89' lang='lat' dir='ltr'><strong>nomen</strong></span> 
     </span>
    </p>
   </div>
   <div class='ocr_carea' id='block_1_62' title="bbox 134 4396 1715 4469">
    <p class='ocr_par' dir='ltr' id='par_1_62' title="bbox 134 4396 1715 4469">
     <span class='ocr_line' id='line_1_62' title="bbox 134 4396 1715 4469; baseline 0.005 -20"><span class='ocrx_word' id='word_1_466' title='bbox 134 4396 541 4464; x_wconf 74' lang='lat' dir='ltr'><strong>Christianum,</strong></span> <span class='ocrx_word' id='word_1_467' title='bbox 584 4407 639 4453; x_wconf 91' lang='lat' dir='ltr'><strong>et</strong></span> <span class='ocrx_word' id='word_1_468' title='bbox 683 4413 779 4468; x_wconf 90' lang='lat' dir='ltr'><strong>per</strong></span> <span class='ocrx_word' id='word_1_469' title='bbox 822 4399 923 4454; x_wconf 88' lang='lat' dir='ltr'><strong>hoc</strong></span> <span class='ocrx_word' id='word_1_470' title='bbox 969 4400 1036 4454; x_wconf 91' lang='lat' dir='ltr'><strong>ad</strong></span> <span class='ocrx_word' id='word_1_471' title='bbox 1075 4409 1437 4469; x_wconf 88' lang='lat' dir='ltr'><strong>contemptum</strong></span> <span class='ocrx_word' id='word_1_472' title='bbox 1479 4401 1715 4457; x_wconf 89' lang='lat' dir='ltr'><strong>veniam.</strong></span> 
     </span>
    </p>
   </div>
   <div class='ocr_carea' id='block_1_63' title="bbox 1817 1968 3376 2033">
    <p class='ocr_par' dir='ltr' id='par_1_63' title="bbox 1817 1968 3376 2033">
     <span class='ocr_line' id='line_1_63' title="bbox 1817 1968 3376 2033; baseline -0.002 -9"><span class='ocrx_word' id='word_1_473' title='bbox 1817 1991 1837 2024; x_wconf 71' lang='grc' dir='ltr'><strong>ι</strong></span> <span class='ocrx_word' id='word_1_474' title='bbox 1883 1973 2030 2028; x_wconf 88' lang='lat' dir='ltr'><strong>dere.</strong></span> <span class='ocrx_word' id='word_1_475' title='bbox 2063 1971 2218 2026; x_wconf 82' lang='lat' dir='ltr'><strong>Viam</strong></span> <span class='ocrx_word' id='word_1_476' title='bbox 2245 1972 2618 2026; x_wconf 88' lang='lat' dir='ltr'><strong>mandatorum</strong></span> <span class='ocrx_word' id='word_1_477' title='bbox 2647 1980 2860 2024; x_wconf 91' lang='lat' dir='ltr'><strong>tuorum</strong></span> <span class='ocrx_word' id='word_1_478' title='bbox 2886 1968 3123 2033; x_wconf 88' lang='lat' dir='ltr'><strong>cucurri,</strong></span> <span class='ocrx_word' id='word_1_479' title='bbox 3146 1984 3269 2022; x_wconf 87' lang='lat' dir='ltr'><strong>cum</strong></span> <span class='ocrx_word' id='word_1_480' title='bbox 3297 1969 3376 2023; x_wconf 92' lang='lat' dir='ltr'><strong>di-</strong></span> 
     </span>
    </p>
   </div>
   <div class='ocr_carea' id='block_1_64' title="bbox 1815 2062 2495 2118">
    <p class='ocr_par' dir='ltr' id='par_1_64' title="bbox 1815 2062 2495 2118">
     <span class='ocr_line' id='line_1_64' title="bbox 1815 2062 2495 2118; baseline -0.004 -5"><span class='ocrx_word' id='word_1_481' title='bbox 1815 2081 1835 2113; x_wconf 75' lang='grc' dir='ltr'><strong>ι</strong></span> <span class='ocrx_word' id='word_1_482' title='bbox 1881 2062 2061 2118; x_wconf 89' lang='lat' dir='ltr'><strong>latasti</strong></span> <span class='ocrx_word' id='word_1_483' title='bbox 2096 2076 2192 2117; x_wconf 91' lang='lat' dir='ltr'><strong>cor</strong></span> <span class='ocrx_word' id='word_1_484' title='bbox 2228 2076 2428 2116; x_wconf 90' lang='lat' dir='ltr'><strong>meum.</strong></span> <span class='ocrx_word' id='word_1_485' title='bbox 2477 2078 2495 2110; x_wconf 75' lang='grc' dir='ltr'><strong>ι</strong></span> 
     </span>
    </p>
   </div>
   <div class='ocr_carea' id='block_1_65' title="bbox 2364 2147 2815 2203">
    <p class='ocr_par' dir='ltr' id='par_1_65' title="bbox 2364 2147 2815 2203">
     <span class='ocr_line' id='line_1_65' title="bbox 2364 2147 2815 2203; baseline -0.002 -1"><span class='ocrx_word' id='word_1_486' title='bbox 2364 2147 2815 2203; x_wconf 74' lang='lat' dir='ltr'><strong>ENARRATIO.</strong></span> 
     </span>
    </p>
   </div>
   <div class='ocr_carea' id='block_1_66' title="bbox 1878 2239 3385 2312">
    <p class='ocr_par' dir='ltr' id='par_1_66' title="bbox 1878 2239 3385 2312">
     <span class='ocr_line' id='line_1_66' title="bbox 1878 2239 3385 2312; baseline -0.004 -13"><span class='ocrx_word' id='word_1_487' title='bbox 1878 2243 2119 2299; x_wconf 71' lang='lat' dir='ltr'><strong>Adhzesit</strong></span> <span class='ocrx_word' id='word_1_488' title='bbox 2143 2242 2432 2312; x_wconf 87' lang='lat' dir='ltr'><strong>pavimento</strong></span> <span class='ocrx_word' id='word_1_489' title='bbox 2468 2241 2646 2294; x_wconf 79' lang='lat' dir='ltr'><strong>anima</strong></span> <span class='ocrx_word' id='word_1_490' title='bbox 2672 2256 2826 2298; x_wconf 85' lang='lat' dir='ltr'><strong>mea;</strong></span> <span class='ocrx_word' id='word_1_491' title='bbox 2867 2239 3020 2308; x_wconf 89' lang='lat' dir='ltr'><strong>quasi</strong></span> <span class='ocrx_word' id='word_1_492' title='bbox 3062 2240 3203 2294; x_wconf 90' lang='lat' dir='ltr'><strong>dicat</strong></span> <span class='ocrx_word' id='word_1_493' title='bbox 3245 2258 3257 2292; x_wconf 90' lang='lat'><strong>:</strong></span> <span class='ocrx_word' id='word_1_494' title='bbox 3295 2239 3385 2294; x_wconf 81' lang='lat' dir='ltr'><strong>Li-</strong></span> 
     </span>
    </p>
   </div>
   <div class='ocr_carea' id='block_1_67' title="bbox 1812 2330 3385 2394">
    <p class='ocr_par' dir='ltr' id='par_1_67' title="bbox 1812 2330 3385 2394">
     <span class='ocr_line' id='line_1_67' title="bbox 1812 2330 3385 2394; baseline -0.004 -2"><span class='ocrx_word' id='word_1_495' title='bbox 1812 2346 1898 2392; x_wconf 90' lang='lat' dir='ltr'><strong>cet</strong></span> <span class='ocrx_word' id='word_1_496' title='bbox 1920 2333 2224 2390; x_wconf 87' lang='lat' dir='ltr'><strong>testimonia</strong></span> <span class='ocrx_word' id='word_1_497' title='bbox 2260 2342 2345 2386; x_wconf 91' lang='lat' dir='ltr'><strong>tua</strong></span> <span class='ocrx_word' id='word_1_498' title='bbox 2377 2330 2655 2385; x_wconf 87' lang='lat' dir='ltr'><strong>meditatio</strong></span> <span class='ocrx_word' id='word_1_499' title='bbox 2685 2344 2805 2384; x_wconf 88' lang='lat' dir='ltr'><strong>mea</strong></span> <span class='ocrx_word' id='word_1_500' title='bbox 2834 2338 2940 2394; x_wconf 90' lang='lat' dir='ltr'><strong>est,</strong></span> <span class='ocrx_word' id='word_1_501' title='bbox 2984 2340 3161 2385; x_wconf 87' lang='lat' dir='ltr'><strong>tamen</strong></span> <span class='ocrx_word' id='word_1_502' title='bbox 3208 2333 3385 2387; x_wconf 85' lang='lat' dir='ltr'><strong>adhuc</strong></span> 
     </span>
    </p>
   </div>
   <div class='ocr_carea' id='block_1_68' title="bbox 1814 2418 3385 2492">
    <p class='ocr_par' dir='ltr' id='par_1_68' title="bbox 1814 2418 3385 2492">
     <span class='ocr_line' id='line_1_68' title="bbox 1814 2418 3385 2492; baseline -0.003 -13"><span class='ocrx_word' id='word_1_503' title='bbox 1814 2426 1998 2488; x_wconf 90' lang='lat' dir='ltr'><strong>timeo,</strong></span> <span class='ocrx_word' id='word_1_504' title='bbox 2037 2422 2163 2492; x_wconf 87' lang='lat' dir='ltr'><strong>quia</strong></span> <span class='ocrx_word' id='word_1_505' title='bbox 2196 2422 2376 2475; x_wconf 88' lang='lat' dir='ltr'><strong>anima</strong></span> <span class='ocrx_word' id='word_1_506' title='bbox 2421 2435 2535 2473; x_wconf 90' lang='lat' dir='ltr'><strong>mea</strong></span> <span class='ocrx_word' id='word_1_507' title='bbox 2574 2418 2796 2472; x_wconf 80' lang='lat' dir='ltr'><strong>adhwsit</strong></span> <span class='ocrx_word' id='word_1_508' title='bbox 2836 2420 3155 2487; x_wconf 83' lang='lat' dir='ltr'><strong>pavimento,</strong></span> <span class='ocrx_word' id='word_1_509' title='bbox 3202 2421 3252 2474; x_wconf 92' lang='lat' dir='ltr'><strong>id</strong></span> <span class='ocrx_word' id='word_1_510' title='bbox 3301 2431 3385 2475; x_wconf 85' lang='lat' dir='ltr'><strong>est</strong></span> 
     </span>
    </p>
   </div>
   <div class='ocr_carea' id='block_1_69' title="bbox 1812 2508 3387 2583">
    <p class='ocr_par' dir='ltr' id='par_1_69' title="bbox 1812 2508 3387 2583">
     <span class='ocr_line' id='line_1_69' title="bbox 1812 2508 3387 2583; baseline -0.004 -13"><span class='ocrx_word' id='word_1_511' title='bbox 1812 2513 2050 2583; x_wconf 86' lang='lat' dir='ltr'><strong>corpori,</strong></span> <span class='ocrx_word' id='word_1_512' title='bbox 2077 2512 2323 2582; x_wconf 91' lang='lat' dir='ltr'><strong>quodest</strong></span> <span class='ocrx_word' id='word_1_513' title='bbox 2354 2508 2577 2564; x_wconf 83' lang='lat' dir='ltr'><strong>inferior</strong></span> <span class='ocrx_word' id='word_1_514' title='bbox 2605 2524 2732 2579; x_wconf 88' lang='lat' dir='ltr'><strong>pars</strong></span> <span class='ocrx_word' id='word_1_515' title='bbox 2771 2508 3026 2573; x_wconf 83' lang='lat' dir='ltr'><strong>hominis,</strong></span> <span class='ocrx_word' id='word_1_516' title='bbox 3063 2510 3203 2564; x_wconf 91' lang='lat' dir='ltr'><strong>sicut</strong></span> <span class='ocrx_word' id='word_1_517' title='bbox 3234 2511 3387 2579; x_wconf 84' lang='lat' dir='ltr'><strong>pavi-</strong></span> 
     </span>
    </p>
   </div>
   <div class='ocr_carea' id='block_1_70' title="bbox 1814 2597 3387 2668">
    <p class='ocr_par' dir='ltr' id='par_1_70' title="bbox 1814 2597 3387 2668">
     <span class='ocr_line' id='line_1_70' title="bbox 1814 2597 3387 2668; baseline -0.003 -10"><span class='ocrx_word' id='word_1_518' title='bbox 1814 2612 2052 2658; x_wconf 90' lang='lat' dir='ltr'><strong>mentum</strong></span> <span class='ocrx_word' id='word_1_519' title='bbox 2080 2599 2302 2655; x_wconf 87' lang='lat' dir='ltr'><strong>inl&#39;erior</strong></span> <span class='ocrx_word' id='word_1_520' title='bbox 2339 2614 2465 2668; x_wconf 80' lang='lat' dir='ltr'><strong>pars</strong></span> <span class='ocrx_word' id='word_1_521' title='bbox 2505 2608 2590 2652; x_wconf 89' lang='lat' dir='ltr'><strong>est</strong></span> <span class='ocrx_word' id='word_1_522' title='bbox 2624 2597 2856 2653; x_wconf 73' lang='lat' dir='ltr'><strong>tediﬁeii.</strong></span> <span class='ocrx_word' id='word_1_523' title='bbox 2905 2598 2973 2652; x_wconf 87' lang='lat' dir='ltr'><strong>Et</strong></span> <span class='ocrx_word' id='word_1_524' title='bbox 3017 2600 3140 2667; x_wconf 90' lang='lat' dir='ltr'><strong>quia</strong></span> <span class='ocrx_word' id='word_1_525' title='bbox 3198 2619 3216 2650; x_wconf 83' lang='grc' dir='ltr'><strong>ι</strong></span> <span class='ocrx_word' id='word_1_526' title='bbox 3247 2598 3387 2654; x_wconf 82' lang='lat' dir='ltr'><strong>Caro</strong></span> 
     </span>
    </p>
   </div>
   <div class='ocr_carea' id='block_1_71' title="bbox 1813 2686 3386 2759">
    <p class='ocr_par' dir='ltr' id='par_1_71' title="bbox 1813 2686 3386 2759">
     <span class='ocr_line' id='line_1_71' title="bbox 1813 2686 3386 2759; baseline -0.003 -12"><span class='ocrx_word' id='word_1_527' title='bbox 1813 2690 2141 2759; x_wconf 88' lang='lat' dir='ltr'><strong>concupiscit</strong></span> <span class='ocrx_word' id='word_1_528' title='bbox 2161 2703 2375 2757; x_wconf 90' lang='lat' dir='ltr'><strong>semper</strong></span> <span class='ocrx_word' id='word_1_529' title='bbox 2393 2687 2651 2741; x_wconf 87' lang='lat' dir='ltr'><strong>adversus</strong></span> <span class='ocrx_word' id='word_1_530' title='bbox 2676 2686 2922 2755; x_wconf 91' lang='lat' dir='ltr'><strong>spiritum</strong></span> <span class='ocrx_word' id='word_1_531' title='bbox 2945 2686 3087 2757; x_wconf 83' lang='lat' dir='ltr'><strong>(Gal.</strong></span> <span class='ocrx_word' id='word_1_532' title='bbox 3108 2688 3187 2758; x_wconf 86' lang='lat' dir='ltr'><strong>v),</strong></span> <span class='ocrx_word' id='word_1_533' title='bbox 3215 2708 3233 2740; x_wconf 77' lang='grc' dir='ltr'><strong>ι</strong></span> <span class='ocrx_word' id='word_1_534' title='bbox 3263 2688 3386 2743; x_wconf 90' lang='lat' dir='ltr'><strong>ideo</strong></span> 
     </span>
    </p>
   </div>
   <div class='ocr_carea' id='block_1_72' title="bbox 1814 2776 3388 2853">
    <p class='ocr_par' dir='ltr' id='par_1_72' title="bbox 1814 2776 3388 2853">
     <span class='ocr_line' id='line_1_72' title="bbox 1814 2776 3388 2853; baseline -0.003 -16"><span class='ocrx_word' id='word_1_535' title='bbox 1814 2782 2051 2853; x_wconf 90' lang='lat' dir='ltr'><strong>quandiu</strong></span> <span class='ocrx_word' id='word_1_536' title='bbox 2096 2780 2273 2835; x_wconf 89' lang='lat' dir='ltr'><strong>anima</strong></span> <span class='ocrx_word' id='word_1_537' title='bbox 2323 2778 2558 2832; x_wconf 70' lang='lat' dir='ltr'><strong>adhreret</strong></span> <span class='ocrx_word' id='word_1_538' title='bbox 2597 2777 2832 2846; x_wconf 87' lang='lat' dir='ltr'><strong>corpori,</strong></span> <span class='ocrx_word' id='word_1_539' title='bbox 2875 2776 3166 2831; x_wconf 91' lang='lat' dir='ltr'><strong>timendum</strong></span> <span class='ocrx_word' id='word_1_540' title='bbox 3212 2786 3295 2831; x_wconf 93' lang='lat' dir='ltr'><strong>est</strong></span> <span class='ocrx_word' id='word_1_541' title='bbox 3332 2788 3388 2832; x_wconf 89' lang='lat' dir='ltr'><strong>et</strong></span> 
     </span>
    </p>
   </div>
   <div class='ocr_carea' id='block_1_73' title="bbox 1815 2866 3388 2943">
    <p class='ocr_par' dir='ltr' id='par_1_73' title="bbox 1815 2866 3388 2943">
     <span class='ocr_line' id='line_1_73' title="bbox 1815 2866 3388 2943; baseline -0.004 -16"><span class='ocrx_word' id='word_1_542' title='bbox 1815 2872 2132 2943; x_wconf 82' lang='lat' dir='ltr'><strong>rogandum,</strong></span> <span class='ocrx_word' id='word_1_543' title='bbox 2160 2884 2227 2923; x_wconf 92' lang='lat' dir='ltr'><strong>ne</strong></span> <span class='ocrx_word' id='word_1_544' title='bbox 2264 2866 2700 2936; x_wconf 88' lang='lat' dir='ltr'><strong>concupiscentia</strong></span> <span class='ocrx_word' id='word_1_545' title='bbox 2746 2866 2929 2919; x_wconf 90' lang='lat' dir='ltr'><strong>carnis</strong></span> <span class='ocrx_word' id='word_1_546' title='bbox 2968 2875 3185 2934; x_wconf 89' lang='lat' dir='ltr'><strong>superet</strong></span> <span class='ocrx_word' id='word_1_547' title='bbox 3228 2867 3388 2935; x_wconf 89' lang='lat' dir='ltr'><strong>spiri-</strong></span> 
     </span>
    </p>
   </div>
   <div class='ocr_carea' id='block_1_74' title="bbox 1817 2955 3388 3029">
    <p class='ocr_par' dir='ltr' id='par_1_74' title="bbox 1817 2955 3388 3029">
     <span class='ocr_line' id='line_1_74' title="bbox 1817 2955 3388 3029; baseline -0.004 -13"><span class='ocrx_word' id='word_1_548' title='bbox 1817 2969 1959 3027; x_wconf 87' lang='lat' dir='ltr'><strong>tum;</strong></span> <span class='ocrx_word' id='word_1_549' title='bbox 2005 2959 2148 3029; x_wconf 90' lang='lat' dir='ltr'><strong>quod</strong></span> <span class='ocrx_word' id='word_1_550' title='bbox 2185 2959 2287 3015; x_wconf 90' lang='lat' dir='ltr'><strong>iste</strong></span> <span class='ocrx_word' id='word_1_551' title='bbox 2326 2965 2508 3028; x_wconf 77' lang='lat' dir='ltr'><strong>rogat,</strong></span> <span class='ocrx_word' id='word_1_552' title='bbox 2551 2957 2736 3011; x_wconf 90' lang='lat' dir='ltr'><strong>dicens</strong></span> <span class='ocrx_word' id='word_1_553' title='bbox 2776 2972 2788 3007; x_wconf 91' lang='lat'><strong>:</strong></span> <span class='ocrx_word' id='word_1_554' title='bbox 2830 2955 3060 3010; x_wconf 78' lang='lat' dir='ltr'><strong>Adhwsit</strong></span> <span class='ocrx_word' id='word_1_555' title='bbox 3097 2957 3388 3025; x_wconf 82' lang='lat' dir='ltr'><strong>pavimento</strong></span> 
     </span>
    </p>
   </div>
   <div class='ocr_carea' id='block_1_75' title="bbox 1816 3045 3389 3115">
    <p class='ocr_par' dir='ltr' id='par_1_75' title="bbox 1816 3045 3389 3115">
     <span class='ocr_line' id='line_1_75' title="bbox 1816 3045 3389 3115; baseline -0.003 -11"><span class='ocrx_word' id='word_1_556' title='bbox 1816 3051 1993 3104; x_wconf 90' lang='lat' dir='ltr'><strong>anima</strong></span> <span class='ocrx_word' id='word_1_557' title='bbox 2017 3064 2154 3112; x_wconf 88' lang='lat' dir='ltr'><strong>mea,</strong></span> <span class='ocrx_word' id='word_1_558' title='bbox 2177 3058 2231 3103; x_wconf 91' lang='lat' dir='ltr'><strong>et</strong></span> <span class='ocrx_word' id='word_1_559' title='bbox 2259 3047 2380 3103; x_wconf 90' lang='lat' dir='ltr'><strong>ideo</strong></span> <span class='ocrx_word' id='word_1_560' title='bbox 2404 3046 2608 3112; x_wconf 79' lang='lat' dir='ltr'><strong>vivi/ica</strong></span> <span class='ocrx_word' id='word_1_561' title='bbox 2630 3061 2729 3110; x_wconf 84' lang='lat' dir='ltr'><strong>me,</strong></span> <span class='ocrx_word' id='word_1_562' title='bbox 2753 3054 2813 3100; x_wconf 91' lang='lat' dir='ltr'><strong>ut</strong></span> <span class='ocrx_word' id='word_1_563' title='bbox 2838 3045 3225 3115; x_wconf 88' lang='lat' dir='ltr'><strong>comprimatur</strong></span> <span class='ocrx_word' id='word_1_564' title='bbox 3245 3047 3389 3114; x_wconf 86' lang='lat' dir='ltr'><strong>quod</strong></span> 
     </span>
    </p>
   </div>
   <div class='ocr_carea' id='block_1_76' title="bbox 1818 3133 3387 3206">
    <p class='ocr_par' dir='ltr' id='par_1_76' title="bbox 1818 3133 3387 3206">
     <span class='ocr_line' id='line_1_76' title="bbox 1818 3133 3387 3206; baseline -0.001 -15"><span class='ocrx_word' id='word_1_565' title='bbox 1818 3138 2076 3192; x_wconf 87' lang='lat' dir='ltr'><strong>adversus</strong></span> <span class='ocrx_word' id='word_1_566' title='bbox 2104 3137 2350 3206; x_wconf 90' lang='lat' dir='ltr'><strong>spiritum</strong></span> <span class='ocrx_word' id='word_1_567' title='bbox 2380 3135 2800 3204; x_wconf 88' lang='lat' dir='ltr'><strong>concupiscitur.</strong></span> <span class='ocrx_word' id='word_1_568' title='bbox 2850 3133 3068 3203; x_wconf 75' lang='lat' dir='ltr'><strong>Vici/ica</strong></span> <span class='ocrx_word' id='word_1_569' title='bbox 3102 3152 3203 3199; x_wconf 87' lang='lat' dir='ltr'><strong>me,</strong></span> <span class='ocrx_word' id='word_1_570' title='bbox 3246 3136 3387 3199; x_wconf 90' lang='lat' dir='ltr'><strong>dico,</strong></span> 
     </span>
    </p>
   </div>
   <div class='ocr_carea' id='block_1_77' title="bbox 1743 3217 3388 3297">
    <p class='ocr_par' dir='ltr' id='par_1_77' title="bbox 1743 3217 3388 3297">
     <span class='ocr_line' id='line_1_77' title="bbox 1743 3217 3388 3297; baseline -0.001 -16"><span class='ocrx_word' id='word_1_571' title='bbox 1743 3217 1788 3281; x_wconf 87' lang='lat' dir='ltr'>C</span> <span class='ocrx_word' id='word_1_572' title='bbox 1818 3238 2063 3297; x_wconf 82' lang='lat' dir='ltr'><strong>agentem</strong></span> <span class='ocrx_word' id='word_1_573' title='bbox 2093 3226 2380 3281; x_wconf 86' lang='lat' dir='ltr'><strong>secundum</strong></span> <span class='ocrx_word' id='word_1_574' title='bbox 2400 3225 2609 3280; x_wconf 82' lang='lat' dir='ltr'><strong>verbum</strong></span> <span class='ocrx_word' id='word_1_575' title='bbox 2642 3234 2810 3289; x_wconf 87' lang='lat' dir='ltr'><strong>tuum,</strong></span> <span class='ocrx_word' id='word_1_576' title='bbox 2851 3225 2903 3279; x_wconf 88' lang='lat' dir='ltr'><strong>id</strong></span> <span class='ocrx_word' id='word_1_577' title='bbox 2940 3232 3025 3280; x_wconf 86' lang='lat' dir='ltr'><strong>est</strong></span> <span class='ocrx_word' id='word_1_578' title='bbox 3063 3235 3388 3295; x_wconf 76' lang='lat' dir='ltr'><strong>prmceptum</strong></span> 
     </span>
    </p>
   </div>
   <div class='ocr_carea' id='block_1_78' title="bbox 1823 3314 3389 3383">
    <p class='ocr_par' dir='ltr' id='par_1_78' title="bbox 1823 3314 3389 3383">
     <span class='ocr_line' id='line_1_78' title="bbox 1823 3314 3389 3383; baseline -0.001 -13"><span class='ocrx_word' id='word_1_579' title='bbox 1823 3325 1994 3380; x_wconf 92' lang='lat' dir='ltr'><strong>tuum,</strong></span> <span class='ocrx_word' id='word_1_580' title='bbox 2021 3315 2103 3371; x_wconf 88' lang='lat' dir='ltr'><strong>vel</strong></span> <span class='ocrx_word' id='word_1_581' title='bbox 2132 3315 2332 3383; x_wconf 78' lang='lat' dir='ltr'><strong>vivi/ica</strong></span> <span class='ocrx_word' id='word_1_582' title='bbox 2358 3331 2437 3368; x_wconf 85' lang='lat' dir='ltr'><strong>me</strong></span> <span class='ocrx_word' id='word_1_583' title='bbox 2472 3314 2755 3368; x_wconf 85' lang='lat' dir='ltr'><strong>secundum</strong></span> <span class='ocrx_word' id='word_1_584' title='bbox 2782 3315 2990 3368; x_wconf 82' lang='lat' dir='ltr'><strong>verbum</strong></span> <span class='ocrx_word' id='word_1_585' title='bbox 3015 3323 3183 3378; x_wconf 87' lang='lat' dir='ltr'><strong>tuum,</strong></span> <span class='ocrx_word' id='word_1_586' title='bbox 3223 3315 3276 3368; x_wconf 89' lang='lat' dir='ltr'><strong>id</strong></span> <span class='ocrx_word' id='word_1_587' title='bbox 3306 3324 3389 3369; x_wconf 90' lang='lat' dir='ltr'><strong>est</strong></span> 
     </span>
    </p>
   </div>
   <div class='ocr_carea' id='block_1_79' title="bbox 1817 3401 3387 3476">
    <p class='ocr_par' dir='ltr' id='par_1_79' title="bbox 1817 3401 3387 3476">
     <span class='ocr_line' id='line_1_79' title="bbox 1817 3401 3387 3476; baseline -0.003 -16"><span class='ocrx_word' id='word_1_588' title='bbox 1817 3407 2147 3476; x_wconf 86' lang='lat' dir='ltr'><strong>promissum</strong></span> <span class='ocrx_word' id='word_1_589' title='bbox 2174 3413 2342 3458; x_wconf 90' lang='lat' dir='ltr'><strong>tuum.</strong></span> <span class='ocrx_word' id='word_1_590' title='bbox 2384 3403 2685 3459; x_wconf 87' lang='lat' dir='ltr'><strong>Promisisti</strong></span> <span class='ocrx_word' id='word_1_591' title='bbox 2713 3405 2859 3457; x_wconf 91' lang='lat' dir='ltr'><strong>enim</strong></span> <span class='ocrx_word' id='word_1_592' title='bbox 2893 3421 2906 3455; x_wconf 88' lang='lat'><strong>:</strong></span> <span class='ocrx_word' id='word_1_593' title='bbox 2942 3401 3000 3455; x_wconf 85' lang='lat' dir='ltr'><strong>In</strong></span> <span class='ocrx_word' id='word_1_594' title='bbox 3045 3402 3201 3456; x_wconf 85' lang='lat' dir='ltr'><strong>Isaac</strong></span> <span class='ocrx_word' id='word_1_595' title='bbox 3236 3420 3387 3456; x_wconf 82' lang='lat' dir='ltr'><strong>voca-</strong></span> 
     </span>
    </p>
   </div>
   <div class='ocr_carea' id='block_1_80' title="bbox 1820 3491 3387 3561">
    <p class='ocr_par' dir='ltr' id='par_1_80' title="bbox 1820 3491 3387 3561">
     <span class='ocr_line' id='line_1_80' title="bbox 1820 3491 3387 3561; baseline -0.001 -12"><span class='ocrx_word' id='word_1_596' title='bbox 1820 3496 1960 3549; x_wconf 83' lang='lat' dir='ltr'><strong>bitur</strong></span> <span class='ocrx_word' id='word_1_597' title='bbox 1986 3495 2078 3549; x_wconf 86' lang='lat' dir='ltr'><strong>tibi</strong></span> <span class='ocrx_word' id='word_1_598' title='bbox 2108 3510 2301 3558; x_wconf 83' lang='lat' dir='ltr'><strong>semen,</strong></span> <span class='ocrx_word' id='word_1_599' title='bbox 2343 3493 2445 3548; x_wconf 85' lang='lat' dir='ltr'><strong>hoc</strong></span> <span class='ocrx_word' id='word_1_600' title='bbox 2476 3502 2581 3557; x_wconf 90' lang='lat' dir='ltr'><strong>est,</strong></span> <span class='ocrx_word' id='word_1_601' title='bbox 2632 3511 2651 3544; x_wconf 79' lang='grc' dir='ltr'><strong>ι</strong></span> <span class='ocrx_word' id='word_1_602' title='bbox 2683 3507 2790 3548; x_wconf 92' lang='lat' dir='ltr'><strong>non</strong></span> <span class='ocrx_word' id='word_1_603' title='bbox 2827 3494 2919 3561; x_wconf 89' lang='lat' dir='ltr'><strong>qui</strong></span> <span class='ocrx_word' id='word_1_604' title='bbox 2964 3491 3059 3545; x_wconf 89' lang='lat' dir='ltr'><strong>ﬁlii</strong></span> <span class='ocrx_word' id='word_1_605' title='bbox 3095 3493 3294 3554; x_wconf 90' lang='lat' dir='ltr'><strong>carnis,</strong></span> <span class='ocrx_word' id='word_1_606' title='bbox 3332 3493 3387 3547; x_wconf 80' lang='lat' dir='ltr'><strong>lii</strong></span> 
     </span>
    </p>
   </div>
   <div class='ocr_carea' id='block_1_81' title="bbox 1820 3582 3385 3652">
    <p class='ocr_par' dir='ltr' id='par_1_81' title="bbox 1820 3582 3385 3652">
     <span class='ocr_line' id='line_1_81' title="bbox 1820 3582 3385 3652; baseline -0.004 -10"><span class='ocrx_word' id='word_1_607' title='bbox 1820 3597 1947 3642; x_wconf 93' lang='lat' dir='ltr'><strong>sunt</strong></span> <span class='ocrx_word' id='word_1_608' title='bbox 1977 3586 2068 3639; x_wconf 87' lang='lat' dir='ltr'><strong>ﬁlii</strong></span> <span class='ocrx_word' id='word_1_609' title='bbox 2095 3585 2189 3640; x_wconf 92' lang='lat' dir='ltr'><strong>Dei</strong></span> <span class='ocrx_word' id='word_1_610' title='bbox 2214 3605 2229 3650; x_wconf 70' lang='grc' dir='ltr'>ς</span> <span class='ocrx_word' id='word_1_611' title='bbox 2264 3584 2359 3639; x_wconf 87' lang='lat' dir='ltr'><strong>sed</strong></span> <span class='ocrx_word' id='word_1_612' title='bbox 2392 3584 2483 3652; x_wconf 89' lang='lat' dir='ltr'><strong>qui</strong></span> <span class='ocrx_word' id='word_1_613' title='bbox 2512 3582 2605 3637; x_wconf 89' lang='lat' dir='ltr'><strong>ﬁlii</strong></span> <span class='ocrx_word' id='word_1_614' title='bbox 2634 3590 2761 3637; x_wconf 91' lang='lat' dir='ltr'><strong>sunt</strong></span> <span class='ocrx_word' id='word_1_615' title='bbox 2791 3582 3182 3652; x_wconf 90' lang='lat' dir='ltr'><strong>promissionis,</strong></span> <span class='ocrx_word' id='word_1_616' title='bbox 3216 3583 3385 3652; x_wconf 89' lang='lat' dir='ltr'><strong>depu-</strong></span> 
     </span>
    </p>
   </div>
   <div class='ocr_carea' id='block_1_82' title="bbox 1821 3672 3387 3745">
    <p class='ocr_par' dir='ltr' id='par_1_82' title="bbox 1821 3672 3387 3745">
     <span class='ocr_line' id='line_1_82' title="bbox 1821 3672 3387 3745; baseline -0.004 -12"><span class='ocrx_word' id='word_1_617' title='bbox 1821 3686 2006 3734; x_wconf 92' lang='lat' dir='ltr'><strong>tantur</strong></span> <span class='ocrx_word' id='word_1_618' title='bbox 2035 3679 2089 3733; x_wconf 90' lang='lat' dir='ltr'><strong>in</strong></span> <span class='ocrx_word' id='word_1_619' title='bbox 2117 3678 2322 3732; x_wconf 87' lang='lat' dir='ltr'><strong>semine</strong></span> <span class='ocrx_word' id='word_1_620' title='bbox 2348 3675 2501 3741; x_wconf 86' lang='lat' dir='ltr'><strong>(Gen.</strong></span> <span class='ocrx_word' id='word_1_621' title='bbox 2528 3692 2641 3741; x_wconf 79' lang='lat' dir='ltr'><strong>xxi,</strong></span> <span class='ocrx_word' id='word_1_622' title='bbox 2668 3675 2824 3730; x_wconf 83' lang='lat' dir='ltr'><strong>Rom.</strong></span> <span class='ocrx_word' id='word_1_623' title='bbox 2848 3675 2950 3745; x_wconf 80' lang='lat' dir='ltr'><strong>lx).</strong></span> <span class='ocrx_word' id='word_1_624' title='bbox 2988 3695 3007 3728; x_wconf 77' lang='grc' dir='ltr'><strong>ι</strong></span> <span class='ocrx_word' id='word_1_625' title='bbox 3041 3672 3161 3739; x_wconf 86' lang='lat' dir='ltr'><strong>Vel,</strong></span> <span class='ocrx_word' id='word_1_626' title='bbox 3187 3674 3387 3740; x_wconf 81' lang='lat' dir='ltr'><strong>vivi/ica</strong></span> 
     </span>
    </p>
   </div>
   <div class='ocr_carea' id='block_1_83' title="bbox 1819 3764 3389 3833">
    <p class='ocr_par' dir='ltr' id='par_1_83' title="bbox 1819 3764 3389 3833">
     <span class='ocr_line' id='line_1_83' title="bbox 1819 3764 3389 3833; baseline -0.005 -9"><span class='ocrx_word' id='word_1_627' title='bbox 1819 3786 1903 3824; x_wconf 86' lang='lat' dir='ltr'><strong>me</strong></span> <span class='ocrx_word' id='word_1_628' title='bbox 1926 3768 2208 3823; x_wconf 84' lang='lat' dir='ltr'><strong>secundum</strong></span> <span class='ocrx_word' id='word_1_629' title='bbox 2236 3766 2443 3821; x_wconf 88' lang='lat' dir='ltr'><strong>verbum</strong></span> <span class='ocrx_word' id='word_1_630' title='bbox 2465 3774 2632 3828; x_wconf 87' lang='lat' dir='ltr'><strong>tuum,</strong></span> <span class='ocrx_word' id='word_1_631' title='bbox 2656 3765 2781 3833; x_wconf 86' lang='lat' dir='ltr'><strong>quia</strong></span> <span class='ocrx_word' id='word_1_632' title='bbox 2806 3764 2986 3819; x_wconf 80' lang='lat' dir='ltr'><strong>dixisti</strong></span> <span class='ocrx_word' id='word_1_633' title='bbox 3012 3779 3027 3818; x_wconf 88' lang='lat'><strong>:</strong></span> <span class='ocrx_word' id='word_1_634' title='bbox 3059 3782 3077 3815; x_wconf 82' lang='grc' dir='ltr'><strong>ι</strong></span> <span class='ocrx_word' id='word_1_635' title='bbox 3106 3764 3389 3819; x_wconf 87' lang='lat' dir='ltr'><strong>Converti-</strong></span> 
     </span>
    </p>
   </div>
   <div class='ocr_carea' id='block_1_84' title="bbox 1818 3852 3391 3927">
    <p class='ocr_par' dir='ltr' id='par_1_84' title="bbox 1818 3852 3391 3927">
     <span class='ocr_line' id='line_1_84' title="bbox 1818 3852 3391 3927; baseline -0.004 -11"><span class='ocrx_word' id='word_1_636' title='bbox 1818 3860 1951 3916; x_wconf 90' lang='lat' dir='ltr'><strong>mini</strong></span> <span class='ocrx_word' id='word_1_637' title='bbox 1975 3860 2041 3913; x_wconf 91' lang='lat' dir='ltr'><strong>ad</strong></span> <span class='ocrx_word' id='word_1_638' title='bbox 2070 3873 2174 3921; x_wconf 88' lang='lat' dir='ltr'><strong>me,</strong></span> <span class='ocrx_word' id='word_1_639' title='bbox 2211 3866 2267 3913; x_wconf 93' lang='lat' dir='ltr'><strong>et</strong></span> <span class='ocrx_word' id='word_1_640' title='bbox 2294 3871 2393 3925; x_wconf 83' lang='lat' dir='ltr'><strong>ego</strong></span> <span class='ocrx_word' id='word_1_641' title='bbox 2419 3864 2704 3911; x_wconf 89' lang='lat' dir='ltr'><strong>convertar</strong></span> <span class='ocrx_word' id='word_1_642' title='bbox 2732 3855 2799 3910; x_wconf 93' lang='lat' dir='ltr'><strong>ad</strong></span> <span class='ocrx_word' id='word_1_643' title='bbox 2829 3870 2925 3911; x_wconf 88' lang='lat' dir='ltr'><strong>vos</strong></span> <span class='ocrx_word' id='word_1_644' title='bbox 2955 3852 3142 3924; x_wconf 83' lang='lat' dir='ltr'><strong>(Zach.</strong></span> <span class='ocrx_word' id='word_1_645' title='bbox 3172 3854 3234 3927; x_wconf 86' lang='grc' dir='ltr'><strong>ι).</strong></span> <span class='ocrx_word' id='word_1_646' title='bbox 3268 3874 3287 3907; x_wconf 78' lang='grc' dir='ltr'><strong>ι</strong></span> <span class='ocrx_word' id='word_1_647' title='bbox 3322 3854 3391 3909; x_wconf 87' lang='lat' dir='ltr'><strong>Et</strong></span> 
     </span>
    </p>
   </div>
   <div class='ocr_carea' id='block_1_85' title="bbox 1819 3945 3387 4015">
    <p class='ocr_par' dir='ltr' id='par_1_85' title="bbox 1819 3945 3387 4015">
     <span class='ocr_line' id='line_1_85' title="bbox 1819 3945 3387 4015; baseline -0.003 -10"><span class='ocrx_word' id='word_1_648' title='bbox 1819 3950 1983 4005; x_wconf 90' lang='lat' dir='ltr'><strong>debes</strong></span> <span class='ocrx_word' id='word_1_649' title='bbox 2024 3947 2317 4009; x_wconf 79' lang='lat' dir='ltr'><strong>viviﬁcare,</strong></span> <span class='ocrx_word' id='word_1_650' title='bbox 2361 3946 2486 4015; x_wconf 87' lang='lat' dir='ltr'><strong>quia</strong></span> <span class='ocrx_word' id='word_1_651' title='bbox 2540 3946 2649 3999; x_wconf 81' lang='lat' dir='ltr'><strong>vias</strong></span> <span class='ocrx_word' id='word_1_652' title='bbox 2687 3962 2851 4011; x_wconf 87' lang='lat' dir='ltr'><strong>meas,</strong></span> <span class='ocrx_word' id='word_1_653' title='bbox 2901 3946 3152 4001; x_wconf 90' lang='lat' dir='ltr'><strong>videlicet</strong></span> <span class='ocrx_word' id='word_1_654' title='bbox 3192 3945 3387 4010; x_wconf 88' lang='lat' dir='ltr'><strong>foedas,</strong></span> 
     </span>
    </p>
   </div>
   <div class='ocr_carea' id='block_1_86' title="bbox 1818 4037 3390 4103">
    <p class='ocr_par' dir='ltr' id='par_1_86' title="bbox 1818 4037 3390 4103">
     <span class='ocr_line' id='line_1_86' title="bbox 1818 4037 3390 4103; baseline -0.003 -7"><span class='ocrx_word' id='word_1_655' title='bbox 1818 4040 2083 4096; x_wconf 85' lang='lat' dir='ltr'><strong>enuntiavi</strong></span> <span class='ocrx_word' id='word_1_656' title='bbox 2121 4054 2139 4093; x_wconf 90' lang='lat'><strong><em>:</em></strong></span> <span class='ocrx_word' id='word_1_657' title='bbox 2181 4037 2461 4094; x_wconf 82' lang='lat' dir='ltr'><strong>confessus</strong></span> <span class='ocrx_word' id='word_1_658' title='bbox 2496 4052 2628 4092; x_wconf 85' lang='lat' dir='ltr'><strong>sum</strong></span> <span class='ocrx_word' id='word_1_659' title='bbox 2661 4038 2779 4103; x_wconf 92' lang='lat' dir='ltr'><strong>tibi,</strong></span> <span class='ocrx_word' id='word_1_660' title='bbox 2820 4048 2869 4092; x_wconf 89' lang='lat' dir='ltr'><strong>et</strong></span> <span class='ocrx_word' id='word_1_661' title='bbox 2921 4046 2977 4092; x_wconf 95' lang='lat' dir='ltr'><strong>tu</strong></span> <span class='ocrx_word' id='word_1_662' title='bbox 3012 4038 3277 4093; x_wconf 75' lang='lat' dir='ltr'><strong>exaudisti</strong></span> <span class='ocrx_word' id='word_1_663' title='bbox 3308 4055 3390 4092; x_wconf 86' lang='lat' dir='ltr'><strong>me</strong></span> 
     </span>
    </p>
   </div>
   <div class='ocr_carea' id='block_1_87' title="bbox 1818 4126 3391 4197">
    <p class='ocr_par' dir='ltr' id='par_1_87' title="bbox 1818 4126 3391 4197">
     <span class='ocr_line' id='line_1_87' title="bbox 1818 4126 3391 4197; baseline -0.001 -13"><span class='ocrx_word' id='word_1_664' title='bbox 1818 4130 2044 4185; x_wconf 89' lang='lat' dir='ltr'><strong>delendo</strong></span> <span class='ocrx_word' id='word_1_665' title='bbox 2078 4138 2328 4197; x_wconf 86' lang='lat' dir='ltr'><strong>peccata,</strong></span> <span class='ocrx_word' id='word_1_666' title='bbox 2373 4135 2428 4182; x_wconf 91' lang='lat' dir='ltr'><strong>et</strong></span> <span class='ocrx_word' id='word_1_667' title='bbox 2465 4127 2585 4182; x_wconf 88' lang='lat' dir='ltr'><strong>ideo</strong></span> <span class='ocrx_word' id='word_1_668' title='bbox 2631 4145 2650 4178; x_wconf 72' lang='grc' dir='ltr'><strong>ι</strong></span> <span class='ocrx_word' id='word_1_669' title='bbox 2681 4127 2815 4183; x_wconf 90' lang='lat' dir='ltr'><strong>doce</strong></span> <span class='ocrx_word' id='word_1_670' title='bbox 2861 4142 2946 4182; x_wconf 90' lang='lat' dir='ltr'><strong>me</strong></span> <span class='ocrx_word' id='word_1_671' title='bbox 2979 4126 3391 4196; x_wconf 77' lang='lat' dir='ltr'><strong>iustiﬁcationes</strong></span> 
     </span>
    </p>
   </div>
   <div class='ocr_carea' id='block_1_88' title="bbox 1818 4216 3392 4286">
    <p class='ocr_par' dir='ltr' id='par_1_88' title="bbox 1818 4216 3392 4286">
     <span class='ocr_line' id='line_1_88' title="bbox 1818 4216 3392 4286; baseline -0.002 -12"><span class='ocrx_word' id='word_1_672' title='bbox 1818 4227 1959 4274; x_wconf 88' lang='lat' dir='ltr'><strong>tuas.</strong></span> <span class='ocrx_word' id='word_1_673' title='bbox 2003 4236 2024 4271; x_wconf 75' lang='grc' dir='ltr'><strong>ι</strong></span> <span class='ocrx_word' id='word_1_674' title='bbox 2075 4219 2142 4271; x_wconf 88' lang='grc' dir='ltr'>Ει</span> <span class='ocrx_word' id='word_1_675' title='bbox 2177 4218 2301 4286; x_wconf 89' lang='lat' dir='ltr'><strong>quia</strong></span> <span class='ocrx_word' id='word_1_676' title='bbox 2343 4216 2497 4271; x_wconf 92' lang='lat' dir='ltr'><strong>multi</strong></span> <span class='ocrx_word' id='word_1_677' title='bbox 2534 4217 2797 4272; x_wconf 88' lang='lat' dir='ltr'><strong>docentur</strong></span> <span class='ocrx_word' id='word_1_678' title='bbox 2831 4218 2886 4271; x_wconf 92' lang='lat' dir='ltr'><strong>in</strong></span> <span class='ocrx_word' id='word_1_679' title='bbox 2917 4216 3392 4285; x_wconf 89' lang='lat' dir='ltr'><strong>justiﬁcationibus</strong></span> 
     </span>
    </p>
   </div>
   <div class='ocr_carea' id='block_1_89' title="bbox 1819 4308 3390 4378">
    <p class='ocr_par' dir='ltr' id='par_1_89' title="bbox 1819 4308 3390 4378">
     <span class='ocr_line' id='line_1_89' title="bbox 1819 4308 3390 4378; baseline -0.002 -13"><span class='ocrx_word' id='word_1_680' title='bbox 1819 4311 1922 4375; x_wconf 92' lang='lat' dir='ltr'><strong>sic,</strong></span> <span class='ocrx_word' id='word_1_681' title='bbox 1953 4320 2013 4363; x_wconf 91' lang='lat' dir='ltr'><strong>ut</strong></span> <span class='ocrx_word' id='word_1_682' title='bbox 2039 4324 2101 4363; x_wconf 90' lang='lat' dir='ltr'><strong>ea</strong></span> <span class='ocrx_word' id='word_1_683' title='bbox 2130 4309 2323 4370; x_wconf 88' lang='lat' dir='ltr'><strong>sciant,</strong></span> <span class='ocrx_word' id='word_1_684' title='bbox 2351 4322 2456 4362; x_wconf 91' lang='lat' dir='ltr'><strong>non</strong></span> <span class='ocrx_word' id='word_1_685' title='bbox 2501 4316 2562 4362; x_wconf 92' lang='lat' dir='ltr'><strong>ut</strong></span> <span class='ocrx_word' id='word_1_686' title='bbox 2597 4318 2761 4378; x_wconf 79' lang='lat' dir='ltr'><strong>opere</strong></span> <span class='ocrx_word' id='word_1_687' title='bbox 2805 4308 3115 4371; x_wconf 91' lang='lat' dir='ltr'><strong>ostendant,</strong></span> <span class='ocrx_word' id='word_1_688' title='bbox 3153 4308 3390 4362; x_wconf 89' lang='lat' dir='ltr'><strong>ostendit</strong></span> 
     </span>
    </p>
   </div>
   <div class='ocr_carea' id='block_1_90' title="bbox 1818 4396 3387 4466">
    <p class='ocr_par' dir='ltr' id='par_1_90' title="bbox 1818 4396 3387 4466">
     <span class='ocr_line' id='line_1_90' title="bbox 1818 4396 3387 4466; baseline -0.004 -11"><span class='ocrx_word' id='word_1_689' title='bbox 1818 4400 1933 4455; x_wconf 74' lang='lat' dir='ltr'><strong>hznc</strong></span> <span class='ocrx_word' id='word_1_690' title='bbox 1965 4398 2136 4453; x_wconf 91' lang='lat' dir='ltr'><strong>ﬁdelis</strong></span> <span class='ocrx_word' id='word_1_691' title='bbox 2161 4400 2343 4452; x_wconf 87' lang='lat' dir='ltr'><strong>anima</strong></span> <span class='ocrx_word' id='word_1_692' title='bbox 2375 4397 2605 4466; x_wconf 84' lang='lat' dir='ltr'><strong>qualiter</strong></span> <span class='ocrx_word' id='word_1_693' title='bbox 2641 4398 2821 4451; x_wconf 90' lang='lat' dir='ltr'><strong>doceri</strong></span> <span class='ocrx_word' id='word_1_694' title='bbox 2858 4398 3004 4463; x_wconf 91' lang='lat' dir='ltr'><strong>vult;</strong></span> <span class='ocrx_word' id='word_1_695' title='bbox 3047 4397 3127 4452; x_wconf 92' lang='lat' dir='ltr'><strong>sic</strong></span> <span class='ocrx_word' id='word_1_696' title='bbox 3171 4412 3187 4450; x_wconf 92' lang='lat'><strong>:</strong></span> <span class='ocrx_word' id='word_1_697' title='bbox 3241 4396 3387 4450; x_wconf 85' lang='lat' dir='ltr'><strong>Viam</strong></span> 
     </span>
    </p>
   </div>
   <div class='ocr_carea' id='block_1_91' title="bbox 136 4486 3387 4560">
    <p class='ocr_par' dir='ltr' id='par_1_91' title="bbox 136 4486 3387 4560">
     <span class='ocr_line' id='line_1_91' title="bbox 136 4486 3387 4560; baseline 0 -22"><span class='ocrx_word' id='word_1_698' title='bbox 136 4487 307 4556; x_wconf 70' lang='lat' dir='ltr'><strong>Aufer</strong></span> <span class='ocrx_word' id='word_1_699' title='bbox 349 4488 491 4552; x_wconf 90' lang='lat' dir='ltr'><strong>dico,</strong></span> <span class='ocrx_word' id='word_1_700' title='bbox 534 4490 656 4560; x_wconf 90' lang='lat' dir='ltr'><strong>quia</strong></span> <span class='ocrx_word' id='word_1_701' title='bbox 699 4490 990 4543; x_wconf 83' lang='lat' dir='ltr'><strong>testimonia</strong></span> <span class='ocrx_word' id='word_1_702' title='bbox 1026 4497 1117 4543; x_wconf 89' lang='lat' dir='ltr'><strong>tua</strong></span> <span class='ocrx_word' id='word_1_703' title='bbox 1150 4490 1419 4558; x_wconf 72' lang='lat' dir='ltr'><strong>exquisivi.</strong></span> <span class='ocrx_word' id='word_1_704' title='bbox 1451 4487 1597 4560; x_wconf 89' lang='lat' dir='ltr'><strong>Opus</strong></span> <span class='ocrx_word' id='word_1_705' title='bbox 1632 4500 1718 4547; x_wconf 88' lang='lat' dir='ltr'><strong>est</strong></span> <span class='ocrx_word' id='word_1_706' title='bbox 1743 4551 1782 4560; x_wconf 83' lang='lat'><strong>__</strong></span> <span class='ocrx_word' id='word_1_707' title='bbox 1811 4488 2251 4559; x_wconf 77' lang='lat' dir='ltr'><strong>justiﬁcationum</strong></span> <span class='ocrx_word' id='word_1_708' title='bbox 2295 4495 2538 4550; x_wconf 87' lang='lat' dir='ltr'><strong>tuarum,</strong></span> <span class='ocrx_word' id='word_1_709' title='bbox 2576 4486 2628 4540; x_wconf 94' lang='lat' dir='ltr'><strong>id</strong></span> <span class='ocrx_word' id='word_1_710' title='bbox 2659 4492 2760 4550; x_wconf 90' lang='lat' dir='ltr'><strong>est,</strong></span> <span class='ocrx_word' id='word_1_711' title='bbox 2793 4499 2955 4553; x_wconf 78' lang='lat' dir='ltr'><strong>opera</strong></span> <span class='ocrx_word' id='word_1_712' title='bbox 2994 4496 3387 4555; x_wconf 65' lang='lat' dir='ltr'><strong>praeceptorum</strong></span> 
     </span>
    </p>
   </div>
   <div class='ocr_carea' id='block_1_92' title="bbox 136 4551 3389 4647">
    <p class='ocr_par' dir='ltr' id='par_1_92' title="bbox 136 4551 3389 4647">
     <span class='ocr_line' id='line_1_92' title="bbox 136 4551 3389 4647; baseline -0 -18"><span class='ocrx_word' id='word_1_713' title='bbox 136 4577 304 4630; x_wconf 85' lang='lat' dir='ltr'><strong>etiam</strong></span> <span class='ocrx_word' id='word_1_714' title='bbox 356 4585 416 4630; x_wconf 92' lang='lat' dir='ltr'><strong>ut</strong></span> <span class='ocrx_word' id='word_1_715' title='bbox 462 4577 708 4643; x_wconf 85' lang='lat' dir='ltr'><strong>auferas,</strong></span> <span class='ocrx_word' id='word_1_716' title='bbox 753 4578 878 4647; x_wconf 89' lang='lat' dir='ltr'><strong>quia</strong></span> <span class='ocrx_word' id='word_1_717' title='bbox 927 4593 1033 4632; x_wconf 92' lang='lat' dir='ltr'><strong>non</strong></span> <span class='ocrx_word' id='word_1_718' title='bbox 1086 4578 1281 4633; x_wconf 87' lang='lat' dir='ltr'><strong>desunt</strong></span> <span class='ocrx_word' id='word_1_719' title='bbox 1330 4580 1418 4647; x_wconf 93' lang='lat' dir='ltr'><strong>qui</strong></span> <span class='ocrx_word' id='word_1_720' title='bbox 1472 4593 1559 4633; x_wconf 86' lang='lat' dir='ltr'><strong>me</strong></span> <span class='ocrx_word' id='word_1_721' title='bbox 1613 4580 1714 4634; x_wconf 92' lang='lat' dir='ltr'><strong>du-</strong></span> <span class='ocrx_word' id='word_1_722' title='bbox 1743 4551 1791 4610; x_wconf 79' lang='grc' dir='ltr'>Ῑ)</span> <span class='ocrx_word' id='word_1_723' title='bbox 1819 4588 2053 4642; x_wconf 89' lang='lat' dir='ltr'><strong>tuorum,</strong></span> <span class='ocrx_word' id='word_1_724' title='bbox 2086 4577 2285 4632; x_wconf 79' lang='lat' dir='ltr'><strong>instrue</strong></span> <span class='ocrx_word' id='word_1_725' title='bbox 2322 4593 2426 4641; x_wconf 86' lang='lat' dir='ltr'><strong>me,</strong></span> <span class='ocrx_word' id='word_1_726' title='bbox 2475 4575 2527 4630; x_wconf 86' lang='lat' dir='ltr'><strong>id</strong></span> <span class='ocrx_word' id='word_1_727' title='bbox 2565 4583 2672 4639; x_wconf 89' lang='lat' dir='ltr'><strong>est,</strong></span> <span class='ocrx_word' id='word_1_728' title='bbox 2713 4576 2920 4629; x_wconf 89' lang='lat' dir='ltr'><strong>instrue</strong></span> <span class='ocrx_word' id='word_1_729' title='bbox 2967 4575 3021 4628; x_wconf 91' lang='lat' dir='ltr'><strong>in</strong></span> <span class='ocrx_word' id='word_1_730' title='bbox 3060 4590 3166 4639; x_wconf 90' lang='lat' dir='ltr'><strong>me,</strong></span> <span class='ocrx_word' id='word_1_731' title='bbox 3209 4585 3264 4629; x_wconf 92' lang='lat' dir='ltr'><strong>et</strong></span> <span class='ocrx_word' id='word_1_732' title='bbox 3309 4575 3389 4629; x_wconf 90' lang='lat' dir='ltr'><strong>sic</strong></span> 
     </span>
    </p>
   </div>
   <div class='ocr_carea' id='block_1_93' title="bbox 134 4666 1714 4738">
    <p class='ocr_par' dir='ltr' id='par_1_93' title="bbox 134 4666 1714 4738">
     <span class='ocr_line' id='line_1_93' title="bbox 134 4666 1714 4738; baseline 0.003 -19"><span class='ocrx_word' id='word_1_733' title='bbox 134 4666 268 4721; x_wconf 89' lang='lat' dir='ltr'><strong>dum</strong></span> <span class='ocrx_word' id='word_1_734' title='bbox 312 4676 592 4723; x_wconf 87' lang='lat' dir='ltr'><strong>conterere</strong></span> <span class='ocrx_word' id='word_1_735' title='bbox 633 4677 894 4737; x_wconf 61' lang='lat' dir='ltr'><strong>quaerunt.</strong></span> <span class='ocrx_word' id='word_1_736' title='bbox 950 4667 1159 4722; x_wconf 84' lang='lat' dir='ltr'><strong>Etenim</strong></span> <span class='ocrx_word' id='word_1_737' title='bbox 1200 4669 1457 4738; x_wconf 78' lang='lat' dir='ltr'><strong>principes</strong></span> <span class='ocrx_word' id='word_1_738' title='bbox 1514 4669 1714 4724; x_wconf 88' lang='lat' dir='ltr'><strong>terreni</strong></span> 
     </span>
    </p>
   </div>
   <div class='ocr_carea' id='block_1_94' title="bbox 140 4758 1717 4829">
    <p class='ocr_par' dir='ltr' id='par_1_94' title="bbox 140 4758 1717 4829">
     <span class='ocr_line' id='line_1_94' title="bbox 140 4758 1717 4829; baseline 0.005 -19"><span class='ocrx_word' id='word_1_739' title='bbox 140 4777 160 4810; x_wconf 69' lang='grc' dir='ltr'><strong>ι</strong></span> <span class='ocrx_word' id='word_1_740' title='bbox 206 4758 506 4822; x_wconf 88' lang='lat' dir='ltr'><strong>sederunt,</strong></span> <span class='ocrx_word' id='word_1_741' title='bbox 556 4766 612 4813; x_wconf 90' lang='lat' dir='ltr'><strong>et</strong></span> <span class='ocrx_word' id='word_1_742' title='bbox 676 4760 958 4814; x_wconf 90' lang='lat' dir='ltr'><strong>adversum</strong></span> <span class='ocrx_word' id='word_1_743' title='bbox 1017 4775 1103 4814; x_wconf 90' lang='lat' dir='ltr'><strong>me</strong></span> <span class='ocrx_word' id='word_1_744' title='bbox 1168 4760 1543 4829; x_wconf 86' lang='lat' dir='ltr'><strong>loquebantur.</strong></span> <span class='ocrx_word' id='word_1_745' title='bbox 1613 4763 1717 4818; x_wconf 86' lang='lat' dir='ltr'><strong>Lo-</strong></span> 
     </span>
    </p>
   </div>
   <div class='ocr_carea' id='block_1_95' title="bbox 134 4850 1716 4921">
    <p class='ocr_par' dir='ltr' id='par_1_95' title="bbox 134 4850 1716 4921">
     <span class='ocr_line' id='line_1_95' title="bbox 134 4850 1716 4921; baseline 0.002 -17"><span class='ocrx_word' id='word_1_746' title='bbox 134 4852 448 4921; x_wconf 86' lang='lat' dir='ltr'><strong>quebantur</strong></span> <span class='ocrx_word' id='word_1_747' title='bbox 486 4869 503 4901; x_wconf 79' lang='grc' dir='ltr'><strong>ι</strong></span> <span class='ocrx_word' id='word_1_748' title='bbox 564 4851 726 4916; x_wconf 90' lang='lat' dir='ltr'><strong>dico,</strong></span> <span class='ocrx_word' id='word_1_749' title='bbox 788 4850 1158 4907; x_wconf 89' lang='lat' dir='ltr'><strong>tribulationes</strong></span> <span class='ocrx_word' id='word_1_750' title='bbox 1217 4852 1472 4907; x_wconf 82' lang='lat' dir='ltr'><strong>minando</strong></span> <span class='ocrx_word' id='word_1_751' title='bbox 1527 4861 1584 4907; x_wconf 91' lang='lat' dir='ltr'><strong>et</strong></span> <span class='ocrx_word' id='word_1_752' title='bbox 1637 4853 1716 4906; x_wconf 89' lang='lat' dir='ltr'><strong>in-</strong></span> 
     </span>
    </p>
   </div>
   <div class='ocr_carea' id='block_1_96' title="bbox 135 4940 1718 5011">
    <p class='ocr_par' dir='ltr' id='par_1_96' title="bbox 135 4940 1718 5011">
     <span class='ocr_line' id='line_1_96' title="bbox 135 4940 1718 5011; baseline -0.001 -14"><span class='ocrx_word' id='word_1_753' title='bbox 135 4942 385 4997; x_wconf 80' lang='lat' dir='ltr'><strong>ferendo.</strong></span> <span class='ocrx_word' id='word_1_754' title='bbox 442 4958 460 4990; x_wconf 76' lang='grc' dir='ltr'><strong>ι</strong></span> <span class='ocrx_word' id='word_1_755' title='bbox 507 4940 706 4997; x_wconf 87' lang='lat' dir='ltr'><strong>Servus</strong></span> <span class='ocrx_word' id='word_1_756' title='bbox 750 4950 928 4997; x_wconf 88' lang='lat' dir='ltr'><strong>autem</strong></span> <span class='ocrx_word' id='word_1_757' title='bbox 977 4950 1098 4998; x_wconf 92' lang='lat' dir='ltr'><strong>tuus</strong></span> <span class='ocrx_word' id='word_1_758' title='bbox 1140 4942 1495 4998; x_wconf 84' lang='lat' dir='ltr'><strong>exercebatur</strong></span> <span class='ocrx_word' id='word_1_759' title='bbox 1536 4944 1589 4998; x_wconf 93' lang='lat' dir='ltr'><strong>in</strong></span> <span class='ocrx_word' id='word_1_760' title='bbox 1626 4942 1718 5011; x_wconf 86' lang='lat' dir='ltr'><strong>ju-</strong></span> 
     </span>
    </p>
   </div>
   <div class='ocr_carea' id='block_1_97' title="bbox 133 5032 1715 5093">
    <p class='ocr_par' dir='ltr' id='par_1_97' title="bbox 133 5032 1715 5093">
     <span class='ocr_line' id='line_1_97' title="bbox 133 5032 1715 5093; baseline 0.002 -5"><span class='ocrx_word' id='word_1_761' title='bbox 133 5032 553 5088; x_wconf 83' lang='lat' dir='ltr'><strong>stiﬁcationibus</strong></span> <span class='ocrx_word' id='word_1_762' title='bbox 584 5033 705 5088; x_wconf 91' lang='lat' dir='ltr'><strong>tuis.</strong></span> <span class='ocrx_word' id='word_1_763' title='bbox 738 5032 871 5087; x_wconf 85' lang='lat' dir='ltr'><strong>Nam</strong></span> <span class='ocrx_word' id='word_1_764' title='bbox 901 5042 955 5089; x_wconf 91' lang='lat' dir='ltr'><strong>et</strong></span> <span class='ocrx_word' id='word_1_765' title='bbox 983 5036 1285 5089; x_wconf 84' lang='lat' dir='ltr'><strong>testimonia</strong></span> <span class='ocrx_word' id='word_1_766' title='bbox 1319 5045 1406 5091; x_wconf 89' lang='lat' dir='ltr'><strong>tua</strong></span> <span class='ocrx_word' id='word_1_767' title='bbox 1441 5036 1715 5093; x_wconf 88' lang='lat' dir='ltr'><strong>meditatio</strong></span> 
     </span>
    </p>
   </div>
   <div class='ocr_carea' id='block_1_98' title="bbox 134 5121 1711 5193">
    <p class='ocr_par' dir='ltr' id='par_1_98' title="bbox 134 5121 1711 5193">
     <span class='ocr_line' id='line_1_98' title="bbox 134 5121 1711 5193; baseline 0.003 -17"><span class='ocrx_word' id='word_1_768' title='bbox 134 5137 263 5177; x_wconf 89' lang='lat' dir='ltr'><strong>mea</strong></span> <span class='ocrx_word' id='word_1_769' title='bbox 282 5128 386 5185; x_wconf 90' lang='lat' dir='ltr'><strong>est,</strong></span> <span class='ocrx_word' id='word_1_770' title='bbox 410 5121 463 5174; x_wconf 91' lang='lat' dir='ltr'><strong>id</strong></span> <span class='ocrx_word' id='word_1_771' title='bbox 481 5130 581 5187; x_wconf 90' lang='lat' dir='ltr'><strong>est,</strong></span> <span class='ocrx_word' id='word_1_772' title='bbox 609 5141 627 5173; x_wconf 78' lang='grc' dir='ltr'><strong>ι</strong></span> <span class='ocrx_word' id='word_1_773' title='bbox 649 5123 735 5176; x_wconf 90' lang='lat' dir='ltr'><strong>illa</strong></span> <span class='ocrx_word' id='word_1_774' title='bbox 758 5138 878 5193; x_wconf 63' lang='lat' dir='ltr'><strong>quae</strong></span> <span class='ocrx_word' id='word_1_775' title='bbox 898 5130 951 5176; x_wconf 93' lang='lat' dir='ltr'><strong>tu</strong></span> <span class='ocrx_word' id='word_1_776' title='bbox 979 5126 1263 5180; x_wconf 89' lang='lat' dir='ltr'><strong>testabaris</strong></span> <span class='ocrx_word' id='word_1_777' title='bbox 1287 5125 1575 5181; x_wconf 85' lang='lat' dir='ltr'><strong>meditatus</strong></span> <span class='ocrx_word' id='word_1_778' title='bbox 1595 5141 1711 5181; x_wconf 92' lang='lat' dir='ltr'><strong>sum</strong></span> 
     </span>
    </p>
   </div>
   <div class='ocr_carea' id='block_1_99' title="bbox 134 5208 1713 5282">
    <p class='ocr_par' dir='ltr' id='par_1_99' title="bbox 134 5208 1713 5282">
     <span class='ocr_line' id='line_1_99' title="bbox 134 5208 1713 5282; baseline 0.001 -16"><span class='ocrx_word' id='word_1_779' title='bbox 134 5224 380 5279; x_wconf 87' lang='lat' dir='ltr'><strong>semper.</strong></span> <span class='ocrx_word' id='word_1_780' title='bbox 406 5208 731 5265; x_wconf 91' lang='lat' dir='ltr'><strong>Testimonia</strong></span> <span class='ocrx_word' id='word_1_781' title='bbox 778 5211 987 5265; x_wconf 93' lang='lat' dir='ltr'><strong>Domini</strong></span> <span class='ocrx_word' id='word_1_782' title='bbox 1024 5213 1278 5282; x_wconf 84' lang='lat' dir='ltr'><strong>martyria</strong></span> <span class='ocrx_word' id='word_1_783' title='bbox 1317 5212 1433 5280; x_wconf 88' lang='lat' dir='ltr'><strong>ejus</strong></span> <span class='ocrx_word' id='word_1_784' title='bbox 1462 5222 1619 5279; x_wconf 90' lang='lat' dir='ltr'><strong>sunt,</strong></span> <span class='ocrx_word' id='word_1_785' title='bbox 1660 5214 1713 5268; x_wconf 91' lang='lat' dir='ltr'><strong>in</strong></span> 
     </span>
    </p>
   </div>
   <div class='ocr_carea' id='block_1_100' title="bbox 135 5301 1709 5373">
    <p class='ocr_par' dir='ltr' id='par_1_100' title="bbox 135 5301 1709 5373">
     <span class='ocr_line' id='line_1_100' title="bbox 135 5301 1709 5373; baseline 0.001 -18"><span class='ocrx_word' id='word_1_786' title='bbox 135 5301 341 5370; x_wconf 85' lang='lat' dir='ltr'><strong>quibus</strong></span> <span class='ocrx_word' id='word_1_787' title='bbox 368 5302 639 5371; x_wconf 84' lang='lat' dir='ltr'><strong>martyriis</strong></span> <span class='ocrx_word' id='word_1_788' title='bbox 667 5301 965 5371; x_wconf 80' lang='lat' dir='ltr'><strong>exemplum</strong></span> <span class='ocrx_word' id='word_1_789' title='bbox 994 5303 1240 5371; x_wconf 71' lang='lat' dir='ltr'><strong>praebuit,</strong></span> <span class='ocrx_word' id='word_1_790' title='bbox 1268 5311 1327 5356; x_wconf 91' lang='lat' dir='ltr'><strong>ut</strong></span> <span class='ocrx_word' id='word_1_791' title='bbox 1353 5303 1407 5357; x_wconf 93' lang='lat' dir='ltr'><strong>hi</strong></span> <span class='ocrx_word' id='word_1_792' title='bbox 1434 5304 1522 5373; x_wconf 93' lang='lat' dir='ltr'><strong>qui</strong></span> <span class='ocrx_word' id='word_1_793' title='bbox 1551 5311 1709 5357; x_wconf 77' lang='lat' dir='ltr'><strong>’mar-</strong></span> 
     </span>
    </p>
   </div>
   <div class='ocr_carea' id='block_1_101' title="bbox 134 5393 1709 5465">
    <p class='ocr_par' dir='ltr' id='par_1_101' title="bbox 134 5393 1709 5465">
     <span class='ocr_line' id='line_1_101' title="bbox 134 5393 1709 5465; baseline 0 -18"><span class='ocrx_word' id='word_1_794' title='bbox 134 5394 527 5465; x_wconf 82' lang='lat' dir='ltr'><strong>tyrizarentur,</strong></span> <span class='ocrx_word' id='word_1_795' title='bbox 566 5394 682 5449; x_wconf 91' lang='lat' dir='ltr'><strong>illos</strong></span> <span class='ocrx_word' id='word_1_796' title='bbox 724 5393 1005 5465; x_wconf 81' lang='lat' dir='ltr'><strong>diligerent</strong></span> <span class='ocrx_word' id='word_1_797' title='bbox 1047 5409 1076 5447; x_wconf 90' lang='lat' dir='ltr'><strong>a</strong></span> <span class='ocrx_word' id='word_1_798' title='bbox 1117 5394 1311 5463; x_wconf 90' lang='lat' dir='ltr'><strong>quibus</strong></span> <span class='ocrx_word' id='word_1_799' title='bbox 1353 5403 1709 5464; x_wconf 90' lang='lat' dir='ltr'><strong>paterentur:</strong></span> 
     </span>
    </p>
   </div>
   <div class='ocr_carea' id='block_1_102' title="bbox 136 5485 1711 5554">
    <p class='ocr_par' dir='ltr' id='par_1_102' title="bbox 136 5485 1711 5554">
     <span class='ocr_line' id='line_1_102' title="bbox 136 5485 1711 5554; baseline 0.001 -15"><span class='ocrx_word' id='word_1_800' title='bbox 136 5486 287 5554; x_wconf 77' lang='lat' dir='ltr'><strong>quod</strong></span> <span class='ocrx_word' id='word_1_801' title='bbox 331 5485 420 5539; x_wconf 87' lang='lat' dir='ltr'><strong>hic</strong></span> <span class='ocrx_word' id='word_1_802' title='bbox 464 5486 611 5550; x_wconf 88' lang='lat' dir='ltr'><strong>dicit,</strong></span> <span class='ocrx_word' id='word_1_803' title='bbox 668 5485 985 5541; x_wconf 86' lang='lat' dir='ltr'><strong>Testimonia</strong></span> <span class='ocrx_word' id='word_1_804' title='bbox 1022 5497 1115 5540; x_wconf 86' lang='lat' dir='ltr'><strong>tua</strong></span> <span class='ocrx_word' id='word_1_805' title='bbox 1161 5486 1430 5541; x_wconf 88' lang='lat' dir='ltr'><strong>meditatio</strong></span> <span class='ocrx_word' id='word_1_806' title='bbox 1475 5504 1589 5542; x_wconf 86' lang='lat' dir='ltr'><strong>mea</strong></span> <span class='ocrx_word' id='word_1_807' title='bbox 1616 5497 1711 5541; x_wconf 86' lang='lat' dir='ltr'><strong>est.</strong></span> 
     </span>
    </p>
   </div>
   <div class='ocr_carea' id='block_1_103' title="bbox 138 5574 1715 5647">
    <p class='ocr_par' dir='ltr' id='par_1_103' title="bbox 138 5574 1715 5647">
     <span class='ocr_line' id='line_1_103' title="bbox 138 5574 1715 5647; baseline 0 -17"><span class='ocrx_word' id='word_1_808' title='bbox 138 5575 423 5630; x_wconf 72' lang='lat' dir='ltr'><strong>bleditatio</strong></span> <span class='ocrx_word' id='word_1_809' title='bbox 451 5576 594 5629; x_wconf 90' lang='lat' dir='ltr'><strong>enim</strong></span> <span class='ocrx_word' id='word_1_810' title='bbox 625 5584 708 5630; x_wconf 91' lang='lat' dir='ltr'><strong>est</strong></span> <span class='ocrx_word' id='word_1_811' title='bbox 740 5586 1046 5631; x_wconf 88' lang='lat' dir='ltr'><strong>sanctorum</strong></span> <span class='ocrx_word' id='word_1_812' title='bbox 1082 5584 1401 5647; x_wconf 87' lang='lat' dir='ltr'><strong>martyrum,</strong></span> <span class='ocrx_word' id='word_1_813' title='bbox 1449 5574 1567 5630; x_wconf 92' lang='lat' dir='ltr'><strong>illos</strong></span> <span class='ocrx_word' id='word_1_814' title='bbox 1594 5576 1715 5630; x_wconf 89' lang='lat' dir='ltr'><strong>dili-</strong></span> 
     </span>
    </p>
   </div>
   <div class='ocr_carea' id='block_1_104' title="bbox 140 5664 1711 5735">
    <p class='ocr_par' dir='ltr' id='par_1_104' title="bbox 140 5664 1711 5735">
     <span class='ocr_line' id='line_1_104' title="bbox 140 5664 1711 5735; baseline 0.001 -17"><span class='ocrx_word' id='word_1_815' title='bbox 140 5679 272 5735; x_wconf 80' lang='lat' dir='ltr'><strong>gere</strong></span> <span class='ocrx_word' id='word_1_816' title='bbox 318 5678 348 5717; x_wconf 89' lang='lat' dir='ltr'><strong>a</strong></span> <span class='ocrx_word' id='word_1_817' title='bbox 384 5664 577 5733; x_wconf 90' lang='lat' dir='ltr'><strong>quibus</strong></span> <span class='ocrx_word' id='word_1_818' title='bbox 614 5665 886 5735; x_wconf 90' lang='lat' dir='ltr'><strong>patiuntur</strong></span> <span class='ocrx_word' id='word_1_819' title='bbox 922 5684 934 5719; x_wconf 87' lang='lat'><strong>:</strong></span> <span class='ocrx_word' id='word_1_820' title='bbox 982 5680 1102 5719; x_wconf 91' lang='lat' dir='ltr'><strong>eum</strong></span> <span class='ocrx_word' id='word_1_821' title='bbox 1156 5666 1271 5720; x_wconf 80' lang='lat' dir='ltr'><strong>haec</strong></span> <span class='ocrx_word' id='word_1_822' title='bbox 1316 5665 1385 5719; x_wconf 90' lang='lat' dir='ltr'><strong>sit</strong></span> <span class='ocrx_word' id='word_1_823' title='bbox 1435 5664 1711 5719; x_wconf 89' lang='lat' dir='ltr'><strong>meditatio</strong></span> 
     </span>
    </p>
   </div>
   <div class='ocr_carea' id='block_1_105' title="bbox 1817 4664 3387 4730">
    <p class='ocr_par' dir='ltr' id='par_1_105' title="bbox 1817 4664 3387 4730">
     <span class='ocr_line' id='line_1_105' title="bbox 1817 4664 3387 4730; baseline -0.005 -5"><span class='ocrx_word' id='word_1_824' title='bbox 1817 4672 2113 4725; x_wconf 88' lang='lat' dir='ltr'><strong>instruetus</strong></span> <span class='ocrx_word' id='word_1_825' title='bbox 2149 4670 2425 4725; x_wconf 78' lang='lat' dir='ltr'><strong>exercebar</strong></span> <span class='ocrx_word' id='word_1_826' title='bbox 2461 4670 2516 4721; x_wconf 89' lang='lat' dir='ltr'><strong>in</strong></span> <span class='ocrx_word' id='word_1_827' title='bbox 2557 4664 2881 4720; x_wconf 81' lang='lat' dir='ltr'><strong>mirabilibus</strong></span> <span class='ocrx_word' id='word_1_828' title='bbox 2927 4666 3067 4730; x_wconf 82' lang='lat' dir='ltr'><strong>tuis,</strong></span> <span class='ocrx_word' id='word_1_829' title='bbox 3111 4664 3163 4719; x_wconf 91' lang='lat' dir='ltr'><strong>id</strong></span> <span class='ocrx_word' id='word_1_830' title='bbox 3203 4673 3287 4719; x_wconf 88' lang='lat' dir='ltr'><strong>est</strong></span> <span class='ocrx_word' id='word_1_831' title='bbox 3331 4665 3387 4718; x_wconf 92' lang='lat' dir='ltr'><strong>in</strong></span> 
     </span>
    </p>
   </div>
   <div class='ocr_carea' id='block_1_106' title="bbox 1816 4756 3386 4831">
    <p class='ocr_par' dir='ltr' id='par_1_106' title="bbox 1816 4756 3386 4831">
     <span class='ocr_line' id='line_1_106' title="bbox 1816 4756 3386 4831; baseline -0.006 -12"><span class='ocrx_word' id='word_1_832' title='bbox 1816 4763 2086 4819; x_wconf 88' lang='lat' dir='ltr'><strong>mandatis</strong></span> <span class='ocrx_word' id='word_1_833' title='bbox 2117 4763 2245 4825; x_wconf 92' lang='lat' dir='ltr'><strong>tuis,</strong></span> <span class='ocrx_word' id='word_1_834' title='bbox 2285 4776 2404 4831; x_wconf 74' lang='lat' dir='ltr'><strong>qua:</strong></span> <span class='ocrx_word' id='word_1_835' title='bbox 2433 4759 2731 4814; x_wconf 90' lang='lat' dir='ltr'><strong>mirabilem</strong></span> <span class='ocrx_word' id='word_1_836' title='bbox 2771 4773 2895 4813; x_wconf 88' lang='lat' dir='ltr'><strong>eum</strong></span> <span class='ocrx_word' id='word_1_837' title='bbox 2934 4756 3159 4822; x_wconf 79' lang='lat' dir='ltr'><strong>faciunt,</strong></span> <span class='ocrx_word' id='word_1_838' title='bbox 3191 4757 3281 4826; x_wconf 90' lang='lat' dir='ltr'><strong>qui</strong></span> <span class='ocrx_word' id='word_1_839' title='bbox 3324 4772 3386 4810; x_wconf 87' lang='lat' dir='ltr'><strong>ea</strong></span> 
     </span>
    </p>
   </div>
   <div class='ocr_carea' id='block_1_107' title="bbox 1816 4847 3385 4908">
    <p class='ocr_par' dir='ltr' id='par_1_107' title="bbox 1816 4847 3385 4908">
     <span class='ocr_line' id='line_1_107' title="bbox 1816 4847 3385 4908; baseline -0.005 -1"><span class='ocrx_word' id='word_1_840' title='bbox 1816 4853 2098 4908; x_wconf 84' lang='lat' dir='ltr'><strong>imitatur:</strong></span> <span class='ocrx_word' id='word_1_841' title='bbox 2139 4867 2264 4904; x_wconf 87' lang='lat' dir='ltr'><strong>nam</strong></span> <span class='ocrx_word' id='word_1_842' title='bbox 2300 4865 2424 4905; x_wconf 92' lang='lat' dir='ltr'><strong>eum</strong></span> <span class='ocrx_word' id='word_1_843' title='bbox 2464 4850 2531 4903; x_wconf 86' lang='lat' dir='ltr'><strong>de</strong></span> <span class='ocrx_word' id='word_1_844' title='bbox 2564 4848 2745 4903; x_wconf 89' lang='lat' dir='ltr'><strong>inﬁma</strong></span> <span class='ocrx_word' id='word_1_845' title='bbox 2776 4847 2996 4902; x_wconf 85' lang='lat' dir='ltr'><strong>miseria</strong></span> <span class='ocrx_word' id='word_1_846' title='bbox 3021 4847 3090 4901; x_wconf 89' lang='lat' dir='ltr'><strong>ad</strong></span> <span class='ocrx_word' id='word_1_847' title='bbox 3116 4861 3385 4900; x_wconf 85' lang='lat' dir='ltr'><strong>summam</strong></span> 
     </span>
    </p>
   </div>
   <div class='ocr_carea' id='block_1_108' title="bbox 1818 4938 3384 5015">
    <p class='ocr_par' dir='ltr' id='par_1_108' title="bbox 1818 4938 3384 5015">
     <span class='ocr_line' id='line_1_108' title="bbox 1818 4938 3384 5015; baseline -0.006 -17"><span class='ocrx_word' id='word_1_848' title='bbox 1818 4944 2043 5015; x_wconf 82' lang='lat' dir='ltr'><strong>gloriam</strong></span> <span class='ocrx_word' id='word_1_849' title='bbox 2072 4943 2393 5014; x_wconf 88' lang='lat' dir='ltr'><strong>perducunt.</strong></span> <span class='ocrx_word' id='word_1_850' title='bbox 2437 4941 2583 5011; x_wconf 91' lang='lat' dir='ltr'><strong>Opus</strong></span> <span class='ocrx_word' id='word_1_851' title='bbox 2621 4948 2707 4995; x_wconf 89' lang='lat' dir='ltr'><strong>est</strong></span> <span class='ocrx_word' id='word_1_852' title='bbox 2737 4947 2797 4993; x_wconf 89' lang='lat' dir='ltr'><strong>ut</strong></span> <span class='ocrx_word' id='word_1_853' title='bbox 2838 4953 2925 4993; x_wconf 90' lang='lat' dir='ltr'><strong>me</strong></span> <span class='ocrx_word' id='word_1_854' title='bbox 2964 4939 3222 5001; x_wconf 89' lang='lat' dir='ltr'><strong>instruas,</strong></span> <span class='ocrx_word' id='word_1_855' title='bbox 3259 4938 3384 5006; x_wconf 91' lang='lat' dir='ltr'><strong>quia</strong></span> 
     </span>
    </p>
   </div>
   <div class='ocr_carea' id='block_1_109' title="bbox 1816 5030 3388 5103">
    <p class='ocr_par' dir='ltr' id='par_1_109' title="bbox 1816 5030 3388 5103">
     <span class='ocr_line' id='line_1_109' title="bbox 1816 5030 3388 5103; baseline -0.006 -12"><span class='ocrx_word' id='word_1_856' title='bbox 1816 5037 2140 5099; x_wconf 88' lang='lat' dir='ltr'><strong>dormitavit,</strong></span> <span class='ocrx_word' id='word_1_857' title='bbox 2168 5035 2221 5089; x_wconf 93' lang='lat' dir='ltr'><strong>id</strong></span> <span class='ocrx_word' id='word_1_858' title='bbox 2247 5042 2353 5100; x_wconf 88' lang='lat' dir='ltr'><strong>est,</strong></span> <span class='ocrx_word' id='word_1_859' title='bbox 2380 5033 2607 5103; x_wconf 89' lang='lat' dir='ltr'><strong>tepescit</strong></span> <span class='ocrx_word' id='word_1_860' title='bbox 2631 5033 2809 5086; x_wconf 89' lang='lat' dir='ltr'><strong>anima</strong></span> <span class='ocrx_word' id='word_1_861' title='bbox 2837 5048 2952 5085; x_wconf 88' lang='lat' dir='ltr'><strong>mea</strong></span> <span class='ocrx_word' id='word_1_862' title='bbox 2981 5046 3089 5100; x_wconf 73' lang='lat' dir='ltr'><strong>pra:</strong></span> <span class='ocrx_word' id='word_1_863' title='bbox 3110 5030 3266 5083; x_wconf 76' lang='lat' dir='ltr'><strong>twdio</strong></span> <span class='ocrx_word' id='word_1_864' title='bbox 3293 5044 3388 5081; x_wconf 87' lang='lat' dir='ltr'><strong>au-</strong></span> 
     </span>
    </p>
   </div>
   <div class='ocr_carea' id='block_1_110' title="bbox 1817 5118 3387 5182">
    <p class='ocr_par' dir='ltr' id='par_1_110' title="bbox 1817 5118 3387 5182">
     <span class='ocr_line' id='line_1_110' title="bbox 1817 5118 3387 5182; baseline -0.008 -1"><span class='ocrx_word' id='word_1_865' title='bbox 1817 5126 1995 5182; x_wconf 91' lang='lat' dir='ltr'><strong>diendi</strong></span> <span class='ocrx_word' id='word_1_866' title='bbox 2042 5126 2290 5180; x_wconf 84' lang='lat' dir='ltr'><strong>videlicet</strong></span> <span class='ocrx_word' id='word_1_867' title='bbox 2325 5124 2475 5178; x_wconf 90' lang='lat' dir='ltr'><strong>verbi</strong></span> <span class='ocrx_word' id='word_1_868' title='bbox 2516 5123 2634 5178; x_wconf 92' lang='lat' dir='ltr'><strong>Dei.</strong></span> <span class='ocrx_word' id='word_1_869' title='bbox 2671 5123 2823 5178; x_wconf 90' lang='lat' dir='ltr'><strong>Unde</strong></span> <span class='ocrx_word' id='word_1_870' title='bbox 2870 5121 2999 5176; x_wconf 89' lang='lat' dir='ltr'><strong>illud</strong></span> <span class='ocrx_word' id='word_1_871' title='bbox 3042 5138 3054 5173; x_wconf 95' lang='lat'>:</span> <span class='ocrx_word' id='word_1_872' title='bbox 3110 5139 3129 5170; x_wconf 80' lang='grc'><strong>(</strong></span> <span class='ocrx_word' id='word_1_873' title='bbox 3162 5118 3387 5173; x_wconf 90' lang='lat' dir='ltr'><strong>Omnem</strong></span> 
     </span>
    </p>
   </div>
   <div class='ocr_carea' id='block_1_111' title="bbox 1817 5209 3387 5283">
    <p class='ocr_par' dir='ltr' id='par_1_111' title="bbox 1817 5209 3387 5283">
     <span class='ocr_line' id='line_1_111' title="bbox 1817 5209 3387 5283; baseline -0.01 -8"><span class='ocrx_word' id='word_1_874' title='bbox 1817 5235 1999 5275; x_wconf 89' lang='lat' dir='ltr'><strong>escam</strong></span> <span class='ocrx_word' id='word_1_875' title='bbox 2027 5218 2333 5272; x_wconf 89' lang='lat' dir='ltr'><strong>abominata</strong></span> <span class='ocrx_word' id='word_1_876' title='bbox 2355 5224 2435 5271; x_wconf 89' lang='lat' dir='ltr'><strong>est</strong></span> <span class='ocrx_word' id='word_1_877' title='bbox 2469 5216 2648 5270; x_wconf 89' lang='lat' dir='ltr'><strong>anima</strong></span> <span class='ocrx_word' id='word_1_878' title='bbox 2677 5229 2865 5271; x_wconf 92' lang='lat' dir='ltr'><strong>eorum</strong></span> <span class='ocrx_word' id='word_1_879' title='bbox 2895 5211 3012 5283; x_wconf 87' lang='lat' dir='ltr'><strong>(Ps.</strong></span> <span class='ocrx_word' id='word_1_880' title='bbox 3047 5219 3178 5280; x_wconf 80' lang='lat' dir='ltr'><strong>CVI).</strong></span> <span class='ocrx_word' id='word_1_881' title='bbox 3213 5228 3232 5261; x_wconf 75' lang='grc' dir='ltr'><strong>ι</strong></span> <span class='ocrx_word' id='word_1_882' title='bbox 3268 5209 3387 5271; x_wconf 88' lang='lat' dir='ltr'><strong>Vel,</strong></span> 
     </span>
    </p>
   </div>
   <div class='ocr_carea' id='block_1_112' title="bbox 1818 5303 3391 5379">
    <p class='ocr_par' dir='ltr' id='par_1_112' title="bbox 1818 5303 3391 5379">
     <span class='ocr_line' id='line_1_112' title="bbox 1818 5303 3391 5379; baseline -0.006 -15"><span class='ocrx_word' id='word_1_883' title='bbox 1818 5312 2118 5365; x_wconf 89' lang='lat' dir='ltr'><strong>dormitavit</strong></span> <span class='ocrx_word' id='word_1_884' title='bbox 2155 5312 2331 5367; x_wconf 88' lang='lat' dir='ltr'><strong>anima</strong></span> <span class='ocrx_word' id='word_1_885' title='bbox 2370 5326 2486 5363; x_wconf 85' lang='lat' dir='ltr'><strong>mea</strong></span> <span class='ocrx_word' id='word_1_886' title='bbox 2518 5326 2627 5379; x_wconf 76' lang='lat' dir='ltr'><strong>pra:</strong></span> <span class='ocrx_word' id='word_1_887' title='bbox 2662 5309 2852 5372; x_wconf 76' lang='lat' dir='ltr'><strong>ttedio,</strong></span> <span class='ocrx_word' id='word_1_888' title='bbox 2899 5306 3025 5376; x_wconf 87' lang='lat' dir='ltr'><strong>quia</strong></span> <span class='ocrx_word' id='word_1_889' title='bbox 3064 5303 3276 5359; x_wconf 63' lang='lat' dir='ltr'><strong>taedium</strong></span> <span class='ocrx_word' id='word_1_890' title='bbox 3306 5310 3391 5356; x_wconf 91' lang='lat' dir='ltr'><strong>est</strong></span> 
     </span>
    </p>
   </div>
   <div class='ocr_carea' id='block_1_113' title="bbox 1817 5393 3389 5470">
    <p class='ocr_par' dir='ltr' id='par_1_113' title="bbox 1817 5393 3389 5470">
     <span class='ocr_line' id='line_1_113' title="bbox 1817 5393 3389 5470; baseline -0.007 -15"><span class='ocrx_word' id='word_1_891' title='bbox 1817 5402 1949 5456; x_wconf 87' lang='lat' dir='ltr'><strong>mihi</strong></span> <span class='ocrx_word' id='word_1_892' title='bbox 1982 5401 2294 5455; x_wconf 90' lang='lat' dir='ltr'><strong>conversari</strong></span> <span class='ocrx_word' id='word_1_893' title='bbox 2337 5401 2477 5454; x_wconf 90' lang='lat' dir='ltr'><strong>inter</strong></span> <span class='ocrx_word' id='word_1_894' title='bbox 2517 5406 2826 5470; x_wconf 87' lang='lat' dir='ltr'><strong>peccatores</strong></span> <span class='ocrx_word' id='word_1_895' title='bbox 2862 5414 2875 5450; x_wconf 91' lang='lat'><strong>:</strong></span> <span class='ocrx_word' id='word_1_896' title='bbox 2916 5406 2972 5451; x_wconf 91' lang='lat' dir='ltr'><strong>et</strong></span> <span class='ocrx_word' id='word_1_897' title='bbox 3007 5396 3126 5449; x_wconf 90' lang='lat' dir='ltr'><strong>ideo</strong></span> <span class='ocrx_word' id='word_1_898' title='bbox 3166 5401 3245 5456; x_wconf 88' lang='lat' dir='ltr'><strong>tn,</strong></span> <span class='ocrx_word' id='word_1_899' title='bbox 3288 5393 3389 5445; x_wconf 82' lang='lat' dir='ltr'><strong>Do-</strong></span> 
     </span>
    </p>
   </div>
   <div class='ocr_carea' id='block_1_114' title="bbox 1821 5482 3389 5556">
    <p class='ocr_par' dir='ltr' id='par_1_114' title="bbox 1821 5482 3389 5556">
     <span class='ocr_line' id='line_1_114' title="bbox 1821 5482 3389 5556; baseline -0.008 -11"><span class='ocrx_word' id='word_1_900' title='bbox 1821 5490 1982 5553; x_wconf 90' lang='lat' dir='ltr'><strong>mine,</strong></span> <span class='ocrx_word' id='word_1_901' title='bbox 2016 5488 2267 5556; x_wconf 76' lang='lat' dir='ltr'><strong>conﬁrma</strong></span> <span class='ocrx_word' id='word_1_902' title='bbox 2298 5505 2378 5542; x_wconf 89' lang='lat' dir='ltr'><strong>me</strong></span> <span class='ocrx_word' id='word_1_903' title='bbox 2410 5490 2463 5541; x_wconf 87' lang='lat' dir='ltr'><strong>in</strong></span> <span class='ocrx_word' id='word_1_904' title='bbox 2492 5488 2657 5542; x_wconf 84' lang='lat' dir='ltr'><strong>verbis</strong></span> <span class='ocrx_word' id='word_1_905' title='bbox 2682 5488 2809 5549; x_wconf 82' lang='lat' dir='ltr'><strong>tuis,</strong></span> <span class='ocrx_word' id='word_1_906' title='bbox 2855 5494 2916 5539; x_wconf 93' lang='lat' dir='ltr'><strong>ut</strong></span> <span class='ocrx_word' id='word_1_907' title='bbox 2950 5482 3211 5538; x_wconf 89' lang='lat' dir='ltr'><strong>violenter</strong></span> <span class='ocrx_word' id='word_1_908' title='bbox 3235 5495 3389 5549; x_wconf 83' lang='lat' dir='ltr'><strong>agam</strong></span> 
     </span>
    </p>
   </div>
   <div class='ocr_carea' id='block_1_115' title="bbox 1820 5569 3389 5646">
    <p class='ocr_par' dir='ltr' id='par_1_115' title="bbox 1820 5569 3389 5646">
     <span class='ocr_line' id='line_1_115' title="bbox 1820 5569 3389 5646; baseline -0.009 -15"><span class='ocrx_word' id='word_1_909' title='bbox 1820 5586 1875 5631; x_wconf 89' lang='lat' dir='ltr'><strong>et</strong></span> <span class='ocrx_word' id='word_1_910' title='bbox 1894 5591 2233 5646; x_wconf 90' lang='lat' dir='ltr'><strong>promovear.</strong></span> <span class='ocrx_word' id='word_1_911' title='bbox 2265 5576 2333 5630; x_wconf 88' lang='lat' dir='ltr'><strong>Et</strong></span> <span class='ocrx_word' id='word_1_912' title='bbox 2350 5585 2411 5628; x_wconf 90' lang='lat' dir='ltr'><strong>ut</strong></span> <span class='ocrx_word' id='word_1_913' title='bbox 2429 5574 2738 5636; x_wconf 91' lang='lat' dir='ltr'><strong>conﬁrmes,</strong></span> <span class='ocrx_word' id='word_1_914' title='bbox 2759 5574 2894 5625; x_wconf 82' lang='lat' dir='ltr'><strong>viam</strong></span> <span class='ocrx_word' id='word_1_915' title='bbox 2920 5569 3234 5640; x_wconf 83' lang='lat' dir='ltr'><strong>iniquitatis,</strong></span> <span class='ocrx_word' id='word_1_916' title='bbox 3266 5581 3389 5634; x_wconf 88' lang='lat' dir='ltr'><strong>pro-</strong></span> 
     </span>
    </p>
   </div>
   <div class='ocr_carea' id='block_1_116' title="bbox 1821 5655 3389 5734">
    <p class='ocr_par' dir='ltr' id='par_1_116' title="bbox 1821 5655 3389 5734">
     <span class='ocr_line' id='line_1_116' title="bbox 1821 5655 3389 5734; baseline -0.006 -12"><span class='ocrx_word' id='word_1_917' title='bbox 1821 5669 2113 5723; x_wconf 91' lang='lat' dir='ltr'><strong>motionem</strong></span> <span class='ocrx_word' id='word_1_918' title='bbox 2137 5681 2313 5722; x_wconf 90' lang='lat' dir='ltr'><strong>meam</strong></span> <span class='ocrx_word' id='word_1_919' title='bbox 2342 5665 2742 5734; x_wconf 89' lang='lat' dir='ltr'><strong>impedientem,</strong></span> <span class='ocrx_word' id='word_1_920' title='bbox 2775 5681 2793 5714; x_wconf 85' lang='grc'>‹</span> <span class='ocrx_word' id='word_1_921' title='bbox 2829 5676 3017 5716; x_wconf 84' lang='lat' dir='ltr'><strong>amove</strong></span> <span class='ocrx_word' id='word_1_922' title='bbox 3047 5675 3077 5713; x_wconf 88' lang='lat' dir='ltr'><strong>a</strong></span> <span class='ocrx_word' id='word_1_923' title='bbox 3106 5674 3213 5724; x_wconf 90' lang='lat' dir='ltr'><strong>me,</strong></span> <span class='ocrx_word' id='word_1_924' title='bbox 3247 5663 3302 5717; x_wconf 86' lang='lat' dir='ltr'><strong>et</strong></span> <span class='ocrx_word' id='word_1_925' title='bbox 3323 5655 3389 5713; x_wconf 76' lang='lat' dir='ltr'><strong>de</strong></span> 
     </span>
    </p>
   </div>
  </div>
