4034 6446
614 462 717 523 “339

1272 460 1527 524 REMIGll
1562 452 2214 524 ANTISSIODORENSIS
2247 461 2398 519 ora.
2440 460 2620 517 rans
2654 460 2697 515 ι.
2736 491 2803 501 -
2842 446 3253 517 EXEGETICA.

3773 459 3879 517 πυ

616 572 732 628 tege
759 570 848 613 tua
883 556 1142 615 miserere
1175 561 1302 624 mei,
1335 581 1352 612 ι
1404 560 1578 615 dando
1606 560 1735 614 mihi
1774 559 2021 615 videlicet
2053 556 2186 626 legis
2213 550 2261 616 Α
2290 555 2475 623 utique
2521 554 2574 607 in
2624 552 2890 607 charitatc
2938 551 3305 607 cucurrisset?
3335 549 3443 608 Sed
3475 550 3603 621 quia
3640 550 3708 605 in
3762 550 3879 621 lege

616 660 722 704 tua:
750 665 853 704 non
882 649 1055 703 solum
1084 650 1500 713 inchoationem,
1526 650 1618 705 sed
1644 650 1807 703 etiam
1835 659 2180 703 consumma-

616 738 816 791 tionem
848 755 860 790 :
898 739 1042 806 quod
1079 748 1186 791 nun
1221 746 1305 793 est
1338 738 1551 791 volentis
1584 753 1745 807 neque
1784 735 2064 800 currentis,
2095 728 2184 788 sed

618 832 693 879 tut
732 826 1024 880 miserentis
1066 827 1243 897 (llam.
1293 827 1392 897 ιι),
1430 825 1596 881 debes
1631 826 1899 890 misereri,
1940 825 2067 894 quia
2105 825 2187 879 in-

617 925 876 984 qnantum
907 916 1078 984 potui,
1119 915 1257 969 viam
1298 916 1532 969 veritatis
1562 914 1692 985 elegi
1720 929 1816 983 per
1854 929 2017 984 quam
2062 925 2187 969 cur-

617 1029 819 1077 rerem,
851 1031 870 1063 (
893 1012 1163 1081 etjudicia
1197 1020 1285 1067 tua
1326 1028 1434 1067 non
1484 1028 1603 1067 sum
1646 1012 1887 1068 oblitus:
1921 1030 1942 1065 ι
1973 1020 2029 1066 ιιι
2057 1026 2187 1068 cur-

621 1117 819 1165 rercm,
846 1101 1045 1154 ιιάὴωεὶ
1070 1101 1379 1155 testimoniis
1408 1101 1533 1165 tuis,
1569 1100 1811 1165 Domine,
1837 1101 1962 1156 dttm
2002 1113 2190 1157 curre-'-

619 1201 735 1241 rem
769 1206 783 1240 :
824 1197 879 1242 et
900 1189 1019 1242 ideo
1046 1188 1155 1243 noli
1185 1204 1267 1243 me
1300 1188 1641 1258 confundere,
1677 1197 1736 1243 ut
1774 1188 1986 1243 dicatur
2014 1188 2183 1242 mihi:

624 1295 643 1327 ι
666 1276 764 1331 Hic
795 1278 956 1332 homo
980 1279 1147 1348 cmpit
1172 1278 1461 1343 aediﬁcare,
1489 1287 1546 1333 et
1573 1288 1679 1332 non
1715 1277 1891 1347 potuit
1931 1292 2188 1333 consum-

619 1383 771 1421 utare
821 1367 974 1440 (Luc.
1007 1368 1162 1439 xtx);
1202 1388 1221 1421 ι
1269 1370 1363 1424 sed
1402 1384 1510 1439 quo
1548 1384 1707 1424 curro
1746 1368 2058 1439 perteudam
2084 1409 2099 1433 ,
2136 1374 2190 1424 et

619 1468 728 1526 quo
759 1458 1017 1526 pertendo
1064 1459 1374 1527 perveniam
1417 1477 1432 1514 :
1474 1459 1617 1531 quod
1657 1462 1770 1515 ﬁet.
1818 1459 1953 1526 Quia
1995 1478 2012 1510 ι
2048 1458 2190 1513 viam

621 1550 1001 1603 mandatorum
1052 1558 1266 1604 tuorum
1319 1552 1539 1606 cucurri
1605 1565 1727 1606 cum
1793 1550 2029 1606 dilatasti
2097 1565 2192 1605 cor

620 1651 822 1699 meum,
846 1657 865 1691 ι
894 1638 947 1693 id
966 1648 1071 1704 est,
1092 1653 1213 1694 cum
1239 1655 1336 1695 cor
1361 1655 1539 1696 meum
1570 1640 1622 1696 in
1646 1640 1907 1697 cbaritate
1929 1639 2187 1696 dilatasti.

624 1727 776 1783 Unde
808 1729 1094 1799 Apostolus
1129 1747 1143 1784 :
1188 1728 1294 1784 Cor
1342 1740 1599 1798 nostrum,
1633 1731 1737 1797 ait,
1776 1730 2058 1785 dilatatam
2092 1736 2187 1796 est,

617 1820 919 1876 dilatamini
938 1831 986 1877 et
1006 1838 1093 1877 vos
1119 1822 1205 1894 (11
1234 1821 1358 1876 Cor.
1378 1822 1476 1892 vt).

2286 652 2449 713 quam
2498 643 2706 711 accepit
2755 641 2870 696 vult
2914 641 3195 711 proﬁcere,
3227 649 3284 695 et
3319 641 3420 696 hoc
3458 640 3717 710 intelligit
3758 642 3879 708 sine

2289 732 2401 787 Deo
2427 747 2548 787 esse
2583 746 2772 802 posse,
2820 730 2991 801 legem
3035 731 3138 786 sihi
3185 732 3357 800 poscit
3390 732 3538 802 poni,
3568 742 3681 787 non
3730 728 3878 786 illam

2286 835 2448 893 quam
2479 836 2584 877 non
2613 822 2773 877 habet
2798 829 2861 877 ut
2889 821 3133 890 recipiat,
3163 822 3257 877 sed
3309 821 3365 876 in
3396 821 3485 876 illa
3512 836 3683 892 quam
3712 822 3882 878 habet

2288 913 2462 985 magis
2504 911 2787 982 magisque
2814 909 3063 982 proﬁciat
3099 928 3113 965 :
3148 910 3606 981 quemadmodum
3631 911 3681 967 si
3705 912 3881 981 poets-

2288 1003 2399 1058 lum
2429 1002 2648 1074 plenum
2674 1010 2881 1067 teneas,
2913 1008 2969 1056 et
2995 1001 3123 1057 dare
3152 1000 3354 1056 sitienti
3386 999 3637 1071 incipias,
3668 1001 3796 1071 ipse
3830 994 3883 1054 el

2288 1092 2472 1147 haurit
2510 1090 2761 1156 bibendo,
2791 1097 2848 1146 et
2872 1090 3047 1160 poscit
3073 1088 3430 1144 desiderando
3459 1106 3471 1142 :
3500 1088 3609 1145 hoc
3636 1087 3809 1143 modo
3830 1096 3882 1142 et

2289 1183 2392 1238 iste
2432 1181 2603 1252 legem
2650 1181 2752 1236 sibi
2803 1180 2930 1250 poni
2976 1178 3172 1250 poscit,
3197 1178 3422 1234 dicens:
3457 1195 3477 1229 ι
3508 1176 3720 1247 Legem
3744 1175 3881 1248 pone

2289 1273 2444 1340 mihi,
2472 1272 2717 1337 Domine,
2746 1270 2888 1325 viam
2925 1268 3373 1339 iustiﬁcatioan
3418 1277 3665 1332 tuarum,
3688 1266 3754 1321 et
3790 1279 3879 1320 ex-

2287 1366 2500 1436 quiram
2542 1372 2663 1419 eam
2704 1376 2936 1431 semper,
2978 1378 2997 1412 ι
3038 1359 3275 1431 quandiu
3308 1357 3564 1415 videlicet
3605 1371 3754 1429 opus
3800 1356 3881 1412 est

2289 1456 2674 1528 exquisitione.
2718 1454 2967 1523 Quandiu
3001 1454 3143 1509 enim
3194 1452 3284 1509 hic
3328 1453 3582 1518 vivimus,
3612 1466 3760 1523 optts
3799 1461 3877 1507 est

2288 1548 2670 1619 exquisitione,
2701 1558 2763 1603 ut
2802 1548 2857 1602 in
2886 1561 2951 1602 ea
2992 1552 3208 1617 semper
3243 1545 3616 1616 proﬁciamus.
3663 1545 3768 1600 Vel
3790 1550 3877 1599 ex-

2287 1640 2524 1711 quiritur
2551 1653 2789 1709 semper,
2821 1638 2911 1694 hic
2937 1637 3188 1693 videlicet
3225 1646 3280 1692 et
3307 1638 3401 1693 ibi.
3435 1635 3540 1692 Hic
3568 1636 3879 1707 exquiritur

2289 1736 2349 1786 ut
2377 1729 2428 1784 in
2459 1743 2521 1784 ea
2550 1726 2865 1799 proﬁciatur
2895 1740 2910 1781 :
2943 1726 3014 1781 ibi
3045 1725 3351 1797 exquiritur
3380 1733 3439 1780 ut
3476 1725 3571 1795 qui
3616 1725 3719 1780 hic
3760 1739 3877 1793 pro-

2290 1822 2404 1877 ﬁcit
2445 1820 2561 1891 ejus
2601 1819 2821 1892 praemio
2856 1816 3190 1889 perfruatur.
3218 1815 3355 1884 Quia
3397 1816 3557 1881 dixit,
3588 1814 3877 1885 exuuii-ani

690 1910 790 1966 lle.
812 1943 885 1954 -—
915 1932 936 1966 ι
965 1914 1159 1982 Legem
1187 1929 1326 1984 pone
1355 1915 1485 1971 mihi
1505 1955 1521 1982 ,
1561 1910 1823 1982 Domine,
1855 1915 1997 1970 viam
2028 1913 2191 1985 justi-
2216 1895 2263 1958 Β
2289 1928 2405 1968 eam
2430 1926 2652 1981 semper,
2675 1917 2733 1965 et
2754 1908 2937 1963 nullus
2961 1916 3143 1978 potest
3169 1906 3478 1976 exquirere,
3508 1905 3616 1960 nisi
3646 1906 3757 1960 hoc
3780 1904 3876 1959 sibi

621 2016 644 2054 ι
688 2003 996 2061 ﬁcationum
1041 2014 1274 2071 tuarum,
1304 2016 1359 2063 et
1386 2008 1668 2076 exquiram
1701 2018 1820 2062 eam
1849 2014 2080 2076 semper.
2111 2005 2191 2061 Da

625 2113 645 2147 ο
690 2096 822 2152 mihi
869 2097 1231 2162 intellectum,
1272 2103 1329 2153 et
1376 2101 1661 2154 scrutabor
1690 2098 1863 2170 legem
1916 2108 2091 2161 tuam,
2136 2100 2194 2153 et

624 2205 644 2239 ι
690 2186 985 2243 custodiam
1025 2186 1169 2242 illam
1210 2186 1264 2242 in
1298 2195 1410 2244 toto
1450 2189 1615 2245 corde
1649 2203 1789 2245 meo.
1818 2189 1999 2245 Deduc
2024 2203 2109 2245 me
2136 2188 2191 2243 in

626 2291 647 2325 ι
689 2275 880 2330 semita
923 2276 1298 2332 litandatorum
1352 2284 1596 2343 tuorum,
1643 2280 1768 2349 quia
1813 2280 1983 2351 ipsam
2026 2277 2190 2334 volui.

626 2379 646 2413 ι
689 2363 886 2418 lnclina
935 2375 1032 2419 cor
1077 2376 1255 2420 meum
1302 2366 1358 2422 in
1405 2370 1713 2425 testimonia
1758 2377 1867 2436 tua,
1898 2378 1952 2424 et
1988 2385 2093 2426 non
2136 2371 2195 2425 in

627 2471 648 2505 ι
691 2455 994 2509 avaritiam.
1016 2456 1220 2512 'Averte
1247 2455 1433 2514 oculos
1465 2473 1618 2516 meos
1649 2475 1719 2516 ne
1747 2461 1960 2516 videant
1987 2461 2194 2516 vanita-

625 2558 646 2592 ι
691 2551 819 2607 tem,
851 2543 906 2596 in
937 2542 1021 2596 via
1053 2551 1142 2598 tua
1171 2544 1384 2600 viviﬁca
1412 2560 1517 2602 me.
1555 2546 1746 2602 Statue
1779 2563 1937 2603 servo
1966 2558 2057 2603 tuo
2083 2548 2194 2603 elo-

626 2649 645 2682 ι
685 2632 870 2701 quium
913 2640 1060 2687 tuum
1100 2634 1156 2688 in
1201 2634 1396 2690 timore
1439 2644 1550 2691 tuo.
1580 2637 1813 2707 Amputa
1847 2638 2193 2708 Opprobrium

625 2738 645 2771 ι
690 2722 832 2789 quod
870 2722 1200 2791 justiﬁcatus
1243 2739 1381 2791 sum,
1407 2727 1534 2795 quia
1573 2725 1774 2795 judicia
1815 2735 1901 2781 tua
1931 2727 2189 2796 jucunda.

625 2825 647 2859 ι
690 2810 830 2864 Ecce
872 2813 1156 2882 concupivi
1196 2816 1449 2870 mandata
1495 2825 1602 2882 tua,
1635 2817 1690 2873 in
1717 2819 1970 2888 aequitate
2000 2828 2089 2874 tua
2119 2821 2197 2876 vi-

620 2915 646 2949 s
690 2898 847 2954 viﬁca
876 2914 981 2956 me.
1019 2921 1039 2955 ι
2194 2906 2197 2913 ί

1185 2986 1291 3049 EN
1294 2984 1550 3051 ARRATI
1558 2995 1605 3052 Ο

696 3099 716 3131 ι
744 3080 938 3151 Legem
966 3097 1104 3153 pone
1129 3084 1282 3151 mihi,
1314 3084 1559 3154 Domine,
1582 3090 1725 3144 viam
1748 3088 2192 3159 iustiﬁcationun‘.

620 3178 861 3235 tuarum,
890 3181 946 3226 et
980 3175 1260 3243 exquiram
1307 3190 1425 3231 eam
1473 3192 1704 3249 semper.
1741 3198 1760 3232 ι
1794 3180 1960 3248 Quasi
2003 3182 2190 3238 dicat:

616 3260 757 3326 Quia
802 3275 902 3330 ego
947 3262 1088 3316 viam
1130 3264 1505 3321 mandatorum
1537 3275 1751 3323 tuorum
1778 3271 2011 3336 cucurri,
2050 3272 2191 3340 ideo,

623 3348 871 3413 llutuine,
898 3363 965 3404 ne
997 3351 1265 3408 currendo
1292 3352 1563 3422 deﬁciam,
1593 3358 1727 3411 viam
1752 3359 2194 3429 justi/icationum

617 3444 847 3499 tuarum,
879 3439 931 3493 id
959 3446 1043 3495 est
1080 3455 1243 3511 opera
1287 3450 1374 3498 tua
1404 3443 1780 3516 iustiﬁcantia,
1809 3464 1942 3519 pone
1971 3451 2098 3505 mihi
2123 3450 2197 3507 leo

619 3542 754 3596 gem,
785 3542 889 3582 non
920 3530 1256 3598 mutandam,
1296 3532 1392 3589 sed
1432 3539 1870 3604 permanendam,
1899 3548 1960 3594 ut
1984 3556 2198 3613 semper

623 3621 676 3674 in
712 3620 827 3692 lege
851 3621 1158 3691 proﬁciam.
1188 3625 1476 3696 Apostolus
1516 3629 1689 3687 dicit:
1732 3649 1751 3683 σ
1787 3631 1956 3689 Justis
1981 3649 2087 3689 non
2112 3643 2196 3690 est

620 3709 705 3765 lex
735 3712 941 3781 posita,
983 3714 1077 3769 sed
1121 3714 1300 3786 impiis
1327 3725 1382 3772 et
1409 3716 1785 3788 peccatoribus
1814 3721 1864 3792 (I
1901 3720 2035 3776 Tim.
2070 3723 2132 3795 ι).
2169 3744 2188 3778 ι

620 3800 799 3867 Quare
842 3811 1019 3872 potest
1059 3804 1229 3862 videri
1280 3806 1368 3864 hic
1414 3823 1535 3866 esse
1582 3810 1722 3878 talis,
1751 3813 1844 3882 qui
1888 3813 2056 3883 legem
2094 3815 2195 3871 sibi

620 3903 776 3962 rogat
804 3895 927 3964 poni
961 3897 1095 3951 :sed
1136 3898 1261 3967 quia
1301 3901 1548 3969 superius
1590 3903 1748 3970 dixit,
1776 3920 1836 3960 se
1870 3905 2013 3961 viam
2046 3922 2193 3962 man-

622 3984 869 4038 datorum
898 3985 993 4040 Dei
1030 3988 1336 4045 cuCurrisse
1369 3992 1422 4045 in
1452 3992 1735 4061 cbaritate,
1763 4009 1872 4050 non
1900 4004 1984 4052 est
2009 3997 2074 4053 de
2102 4013 2196 4067 po-

621 4070 749 4139 pqu
774 4070 865 4126 illo
888 4072 1038 4128 durte
1077 4077 1323 4143 cervicis,
1353 4078 1441 4133 cui
1478 4079 1561 4135 lex
1588 4091 1706 4138 erat
1743 4070 1944 4156 scripta
1970 4086 2024 4141 in
2054 4088 2211 4158 lapi-'

623 4161 740 4257 deis
752 4162 1187 4257 pabulis-(Exod:
1212 4168 1385 4242 xxxi);
1417 4170 1510 4226 sed
1535 4172 1701 4229 videri
1723 4185 1900 4245 potest
1926 4179 2195 4257 pertinere

623 4249 689 4303 ad
747 4250 883 4307 ﬁlios
930 4253 1113 4310 liberte
1148 4253 1443 4314 Jerusalem
1491 4272 1756 4334 snperato,
1786 4266 1854 4320 ad
1899 4252 2037 4324 ﬁlios
2071 4269 2210 4340 pro?

620 4341 896 4398 missionis
953 4351 1009 4398 et
1058 4354 1276 4402 (eterna:
1331 4348 1692 4418 haereditatis,
1745 4354 1940 4423 quibus
1990 4355 2195 4427 Spiritu

621 4438 810 4485 sancto
850 4438 1104 4503 tanquam
1136 4434 1230 4490 Dei
1258 4436 1447 4507 digito,
1478 4454 1582 4495 non
1621 4440 1672 4495 in
1709 4442 1905 4499 tabulis
1948 4444 2191 4518 lapideis,

621 4521 717 4575 sed
739 4521 792 4575 in
815 4524 1067 4581 cordibus
1092 4525 1178 4582 lex
1209 4527 1470 4584 scribitur
1494 4528 1580 4600 (11
1600 4529 1722 4587 Cor.
1749 4533 1829 4605 ιιι)
1857 4552 1870 4589 :
1901 4551 2004 4590 non
2032 4550 2190 4605 quam

621 4613 883 4668 memoria
910 4622 1127 4670 teneant
1151 4625 1206 4672 et
1232 4618 1340 4673 vita
1368 4619 1658 4692 negligant,
1686 4624 1780 4678 sed
1806 4640 1967 4694 quam
1995 4626 2194 4682 intellie

625 4791 721 4855 ris,
751 4807 855 4846 non
885 4794 939 4848 in
969 4797 1213 4866 angustia
1242 4800 1471 4855 timoris.
1497 4800 1631 4856 Nam
1658 4804 1749 4872 qui
1779 4805 1967 4861 timore
1995 4818 2187 4877 putate,

622 4888 731 4934 non
762 4895 945 4937 amore
978 4882 1205 4954 iustitia:
1231 4901 1365 4957 opus
1389 4887 1523 4958 legis
1552 4889 1701 4957 facit,
1725 4891 1968 4962 profecto
1994 4895 2217 4952 lnvitus‘

620 4967 773 5025 facit.
808 4970 959 5038 Quod
992 4982 1170 5030 autem
1212 4976 1414 5034 invitus
1451 4977 1599 5046 facit,
1637 4991 1817 5052 posset
1853 4983 1992 5051 ﬁeri,
2030 4985 2191 5041 malet

621 5060 809 5145 utique
839 5076 945 5117 non
967 5063 1145 5134 juberi
1170 5085 1185 5120 :
1214 5082 1278 5123 ac
1310 5080 1406 5138 per
1430 5070 1533 5126 hoc
1557 5071 1689 5145 legis
1731 5088 1891 5144 quam
1923 5090 2043 5131 esse
2072 5077 2187 5131 nol-

622 5142 695 5204 let
735 5166 843 5206 non
887 5156 972 5208 est
1018 5157 1243 5223 amicus,
1274 5158 1369 5214 sed
1414 5161 1593 5231 potius
1616 5142 1890 5220 inimicus
1920 5179 1936 5219 :
1970 5181 2069 5221 nec
2107 5176 2190 5222 est
2221 5162 2224 5167 ’

620 5243 853 5299 mundus
894 5260 1059 5316 opere
1085 5249 1174 5319 qui
1222 5250 1534 5310 immundus
1581 5263 1665 5310 est
1707 5255 2000 5314 voluntate.
2044 5256 2190 5318 Talis

620 5342 727 5388 non
773 5344 951 5404 potest
993 5337 1174 5394 dicere
1217 5341 1358 5411 quod
1401 5343 1503 5400 iste
1551 5343 1682 5401 dixit
1724 5346 1776 5400 in
1823 5348 2190 5418 superioribus

617 5425 866 5482 versibus
894 5444 908 5481 :
941 5444 960 5479 ι
990 5428 1143 5485 Viam
1171 5433 1545 5489 mandatorum
1569 5444 1779 5492 tuorum
1802 5439 2034 5506 cucurri,
2065 5454 2186 5496 cum

619 5513 858 5572 dilatasti
904 5532 1001 5574 cor
1044 5532 1243 5579 meum.
1279 5542 1300 5576 ι
1331 5522 1400 5578 Et
1431 5526 1557 5596 quia
1585 5523 1827 5584 dilatatio
1869 5531 2185 5588 charltatem

618 5605 916 5674 slgniﬁcat,
956 5611 1249 5668 secundum
1277 5614 1590 5684 Apostolum
1616 5618 1881 5676 dicentem
1910 5640 1921 5675 :
1962 5641 1979 5674 ι
2012 5620 2189 5678 Pleni-

619 5694 748 5782 tudo
787 5694 919 5765 legis
958 5706 1043 5754 est
1084 5700 1320 5758 charitas
1348 5703 1523 5775 (Rom.
1558 5708 1717 5778 xm):
1757 5727 1775 5760 ι
1809 5725 1907 5765 cur
1929 5724 2058 5782 ergo
2087 5712 2186 5769 istc

620 5770 790 5848 legem
824 5783 922 5838 sibi
962 5787 1085 5854 poni
1137 5799 1309 5860 rogat,
1347 5770 1509 5865 quam
1550 5796 1594 5850 si
1648 5770 1752 5853 rion
1805 5770 2047 5866 haberet,
2080 5814 2184 5858 non

2212 4574 2269 4634 D

621 4701 796 4770 gendo
820 4702 1014 4769 sciant,
1035 4715 1090 4760 et
1113 4705 1379 4777 diligendo
1415 4710 1616 4766 faciant
1642 4711 1696 4767 in
1726 4712 2004 4771 latitudine
2044 4722 2217 4773 amo-'

2291 2000 2403 2061 Deo
2428 2004 2688 2068 donante,
2718 1996 2875 2073 rogat
2899 2000 3003 2056 iste
3030 1998 3165 2070 legis
3197 1998 3518 2069 exquisitor,
3550 2005 3611 2052 ut
3641 2011 3749 2068 per
3775 1996 3877 2067 spi-

2292 2096 2456 2150 ritum
2490 2093 2654 2149 faciat
2697 2091 2840 2163 quod
2893 2105 2992 2162 per
3037 2088 3293 2145 litteram.
3315 2088 3544 2156 sciebat,
3579 2087 3716 2143 sic:
3753 2105 3775 2138 σ
3806 2086 3872 2140 Da

2292 2179 2422 2238 mihi
2459 2180 2812 2246 intellectum,
2847 2185 2905 2235 et
2932 2177 3220 2234 scrutabor
3243 2176 3414 2249 legem
3444 2184 3630 2241 tuam;
3670 2193 3692 2228 ι
3724 2175 3874 2245 quasi

2292 2273 2439 2330 dicat
2469 2288 2484 2325 :
2510 2269 2694 2325 Posita
2740 2268 2880 2338 lege,
2911 2266 3117 2338 indiget
3160 2265 3479 2322 intellectui
3510 2272 3570 2320 et
3612 2272 3677 2318 tu
3715 2264 3786 2318 de
3821 2260 3876 2317 ut

2291 2366 2566 2417 scrutetur
2604 2348 2692 2414 lex
2725 2366 2835 2413 tua.
2874 2354 3072 2428 Legem
3116 2363 3408 2421 scrutatur,
3437 2353 3530 2425 qui
3576 2352 3872 2410 secundum

2291 2450 2486 2507 altiora
2513 2457 2782 2521 praecepta
2820 2448 2956 2521 legis
2994 2455 3267 2519 operatur.
3301 2446 3510 2504 Altiora
3548 2447 3704 2502 enim
3743 2454 3871 2517 prat:

2292 2551 2446 2614 ecpta
2477 2542 2612 2615 legis
2639 2551 2766 2599 sunt
2790 2540 2898 2597 duo
2926 2540 3016 2597 illa
3039 2547 3327 2612 przecepta,
3367 2555 3388 2591 ι
3420 2540 3474 2595 ἱιι
3507 2539 3716 2610 quibus
3754 2552 3871 2609 peu-

2291 2620 2382 2691 det
2410 2643 2522 2691 tota
2548 2633 2635 2690 lex
2661 2640 2717 2690 et
2739 2633 3015 2703 prophetae
3039 2629 3254 2701 (Matth.
3288 2629 3449 2701 nn).
3496 2644 3516 2683 ι
3549 2616 3715 2686 Unde
3740 2629 3870 2699 Apo—

2290 2725 2462 2783 stolus
2502 2738 2518 2778 ι
2566 2743 2585 2777 ι
2627 2723 2819 2779 Adhuc
2877 2721 3028 2777 vobis
3089 2721 3501 2777 eminentiorem
3562 2721 3871 2776 demonstro

2291 2814 2456 2869 viam.
2505 2806 2565 2868 Si
2612 2800 2807 2885 linguis
2854 2808 3130 2866 hominum
3179 2798 3370 2879 loquar
3416 2816 3473 2865 et
3527 2808 3867 2879 angelorum,

2292 2905 2620 2961 charitatem
2652 2910 2832 2957 autem
2860 2915 2969 2956 non
2996 2889 3246 2965 habeam,
3276 2898 3452 2956 factas
3478 2914 3601 2955 sum
3632 2897 3785 2956 velut
3806 2913 3871 2953 ass

2293 3003 2494 3051 sonans
2516 3001 2609 3048 aut
2624 2992 2927 3065 cymbalum
2953 2991 3187 3048 tinniens
3203 2990 3256 3063 (I
3276 2989 3517 3057 Car.xtt,
3534 2990 3686 3061 xm).
3711 3010 3733 3044 ι
3756 3011 3777 3043 ι
3805 2990 3870 3045 lla

2296 3084 2427 3140 mihi
2453 3083 2805 3150 intellectum,
2828 3092 2884 3140 et
2914 3084 3198 3139 scrutabor
3222 3081 3397 3154 legem
3420 3090 3589 3148 tuam,
3613 3091 3675 3140 et
3697 3091 3870 3138 custo-

2299 3176 2442 3232 diam
2489 3175 2634 3229 illam
2681 3174 2735 3229 in
2786 3180 2900 3230 toto
2943 3174 3108 3230 corde
3151 3188 3290 3230 meo.
3328 3187 3349 3226 ι
3392 3172 3707 3228 Custodiam
3735 3173 3871 3233 dico.

2298 3280 2405 3323 non
2436 3274 2641 3322 tantum
2671 3265 2918 3330 scientia,
2942 3265 3038 3321 sed
3061 3273 3117 3319 et
3140 3265 3270 3320 vita.
3295 3263 3362 3319 Et
3385 3274 3446 3319 ut
3469 3264 3550 3321 sic
3572 3264 3871 3320 custodiam

2296 3357 2462 3411 deduc
2492 3372 2591 3420 me,
2617 3353 2670 3409 id
2697 3364 2782 3411 est
2803 3356 2871 3411 de
2891 3354 3088 3410 virtute
3116 3355 3168 3409 in
3199 3353 3455 3409 virtutem
3496 3370 3578 3409 me
3619 3355 3725 3407 due
3754 3373 3771 3408 :
3801 3371 3875 3407 ate

2295 3451 2439 3515 dico,
2472 3449 2705 3520 positum
2754 3465 2772 3498 ι
2809 3447 2864 3503 in
2910 3448 3102 3502 semita
3146 3447 3525 3502 mandatorum
3561 3454 3817 3512 tuorum,
3851 3466 3867 3498 ι

2296 3539 2348 3593 id
2375 3548 2458 3594 est
2485 3538 2538 3592 in
2567 3537 2750 3593 arduis
2779 3536 3063 3607 pmceptis
3097 3536 3234 3602 tuis;
3264 3535 3420 3605 juxta
3447 3534 3579 3592 illud
3614 3554 3636 3592 ι
3662 3554 3684 3587 ι
3710 3536 3872 3592 Aret:

2296 3628 2381 3683 via
2422 3635 2506 3684 cst
2544 3642 2663 3697 qua:
2698 3627 2847 3682 ducit
2891 3610 2960 3682 ad
3002 3625 3166 3681 vitam
3202 3625 3419 3696 (Matth.
3447 3626 3569 3697 vn),
3609 3644 3631 3680 ι
3670 3634 3729 3682 et
3774 3641 3871 3680 non

2295 3702 2532 3775 curritur
2560 3718 2665 3774 nisi
2695 3716 2918 3773 dilatato
2953 3717 3135 3773 corde.
3168 3735 3187 3769 ι
3221 3716 3402 3774 Deduc
3448 3733 3538 3774 me
3583 3717 3643 3773 in
3682 3717 3870 3775 semita

2294 3812 2671 3866 mandatorum
2705 3819 2917 3865 tuorum
2958 3826 2977 3862 ι
3016 3817 3069 3866 et
3108 3811 3211 3865 hoc
3249 3810 3387 3877 ideo,
3419 3809 3544 3881 quia
3574 3809 3753 3881 ipsam
3798 3822 3872 3865 se-

2294 3906 2480 3960 mitam
2505 3903 2662 3970 volui,
2686 3904 2737 3958 id
2761 3911 2848 3959 est
2868 3903 3169 3960 voluntarie
3186 3904 3434 3970 observo,
3458 3918 3568 3959 non
3593 3904 3873 3960 oosctioae

2293 3995 2380 4050 vel
2414 3995 2606 4051 timore
2631 4008 2827 4064 pinnae.
2858 3994 2924 4050 Et
2954 3994 3081 4064 quia
3116 3994 3360 4050 voluntas
3386 3993 3527 4050 bona
3558 4008 3672 4050 non
3699 4002 3788 4050 est
3811 4009 3869 4048 ex

2292 4085 2464 4141 libero
2491 4082 2741 4150 arbitrio,
2770 4083 2865 4139 sed
2892 4099 2957 4141 ex
2990 4081 3084 4139 Dei
3115 4082 3381 4154 adjutorio
3404 4084 3498 4155 qui
3527 4084 3627 4140 dat
3651 4084 3797 4140 velle
3822 4094 3869 4138 et

2293 4191 2394 4246 pro
2438 4176 2578 4230 bona
2620 4174 2897 4230 voluntate
2944 4175 3207 4244 perﬁcere
3244 4173 3408 4245 (Phil.
3448 4175 3535 4247 ιι),
3567 4185 3730 4250 rogat
3774 4179 3869 4233 iste

2290 4260 2447 4322 bonae
2466 4262 2761 4320 voluntatis
2783 4261 3142 4332 aﬁectionem,
3165 4262 3278 4320 sle.
3304 4283 3323 4317 ι
3346 4264 3546 4322 lnclina
3571 4281 3674 4322 eor
3694 4276 3867 4323 meum

2293 4352 2346 4409 iit
2397 4352 2703 4410 testimonia
2750 4361 2874 4421 tua;
2907 4373 2927 4407 ι
2960 4355 3114 4424 quasi
3141 4355 3287 4411 dicat
3318 4374 3331 4409 :
3359 4355 3492 4423 Quia
3523 4355 3671 4413 volui
3702 4358 3864 4429 ipsam

2292 4445 2563 4511 semitam,
2586 4453 2643 4498 tu
2668 4445 2864 4500 inclina
2901 4461 2994 4500 cor
3020 4461 3212 4512 meum,
3241 4446 3294 4502 id
3334 4456 3415 4502 est
3452 4448 3657 4518 perﬁce
3687 4449 3867 4504 volun-

2293 4543 2458 4591 tatem
2486 4534 2539 4589 in
2567 4534 2879 4590 testimonia
2905 4543 3084 4590 tua‘ut
3109 4536 3280 4606 gratis
3311 4544 3362 4592 te
3390 4536 3565 4593 colam
3593 4539 3861 4595 videlicet.

2295 4622 2418 4681 Haec
2444 4624 2587 4685 enim
2616 4623 2814 4695 ubique
2843 4631 3077 4680 testatur
3099 4618 3402 4695 Scriptura,
3432 4626 3577 4697 quod
3612 4627 3864 4683 colendus

2295 4716 2437 4772 Deus
2465 4717 2536 4772 sit
2565 4715 2757 4789 gratis,
2788 4730 2892 4772 non
2924 4724 3143 4788 pr0ptcr
3175 4707 3442 4774 mercedis
3468 4718 3693 4789 aliquod
3725 4734 3881 4783 emo:

2258 4807 2589 4877 (Iumentum
2617 4826 2630 4862 :
2661 4816 2717 4864 et
2756 4808 3008 4880 quoniam
3053 4810 3278 4865 avaritia
3329 4809 3513 4882 plures
3546 4812 3770 4883 impedit
3804 4828 3863 4867 ne

2293 4899 2462 4968 gratis
2483 4898 2663 4954 colant
2684 4896 2875 4965 Deum,
2901 4894 3020 4954 ideo
3048 4890 3390 4971 subiungitur
3422 4909 3470 4955 et
3510 4916 3618 4955 non
3658 4902 3715 4956 in
3748 4918 3862 4955 m-

2293 4987 2490 5043 ritiam.
2521 4986 2596 5042 Ne
2624 4995 2801 5044 autem
2831 4986 2943 5044 sola
2971 4988 3199 5044 avaritia
3240 4989 3501 5060 impedire
3532 4990 3786 5047 videatur
3809 5000 3860 5046 ut

2292 5077 2460 5147 gratis
2484 5090 2590 5133 non
2620 5078 2830 5135 colatur
2867 5078 3029 5148 Deus,
3059 5079 3332 5152 subiungit
3370 5082 3590 5138 adhuc:
3622 5100 3644 5135 ι
3672 5085 3861 5141 Avertit

2293 5169 2478 5226 oculos
2503 5187 2652 5228 meos
2672 5189 2692 5225 ι
2721 5171 3027 5239 interiores,
3053 5191 3072 5225 ι
3096 5189 3165 5230 ne
3189 5174 3406 5231 videant
3426 5176 3750 5251 vanitatem,
3769 5197 3788 5230 ι
3810 5178 3861 5234 id

2294 5270 2399 5325 est,
2424 5277 2491 5317 ne
2520 5262 2573 5317 in
2599 5272 2689 5317 tuo
2719 5262 2939 5319 servitio
2966 5274 3237 5335 apponant
3261 5265 3363 5321 sibi
3406 5265 3629 5337 aliquod
3657 5277 3855 5341 tempo-

2296 5350 2409 5425 rale
2452 5351 2822 5420 commodum,
2871 5350 3109 5409 favorem
3151 5355 3402 5411 videlicet
3448 5357 3737 5415 hominum
3779 5359 3855 5416 vel

2292 5438 2487 5505 simile,
2519 5456 2638 5510 quae
2680 5442 2861 5496 omnia
2905 5442 3117 5498 vanitas
3169 5454 3310 5499 sunt.
3356 5435 3512 5503 Unde
3557 5447 3849 5505 Salomon:

2297 5545 2316 5580 ι
2340 5529 2696 5586 'Consideravi
2725 5532 2905 5588 omnia
2927 5546 3047 5601 qua:
3085 5536 3186 5589 sub
3215 5534 3350 5590 (νωιο
3373 5535 3560 5605 (Eccli.
3591 5539 3659 5609 ι),
3697 5554 3717 5591 ι
3751 5549 3849 5594 etc.

2288 5620 2426 5677 Nota
2465 5623 2591 5693 quia
2636 5624 2864 5681 avaritia
2913 5634 2995 5680 est
3034 5627 3253 5697 proprie
3295 5628 3628 5701 philargyr‘ta
3663 5651 3676 5684 :
3707 5642 3851 5685 amat

2288 5716 2536 5773 videlicet
2574 5718 2835 5787 pecuuim.
2866 5717 2943 5773 Ne
2986 5727 3164 5773 autem
3199 5735 3354 5775 amor
3388 5724 3633 5792 pecunia:
3667 5738 3847 5793 quem-

2287 5820 2392 5875 que
2417 5815 2623 5877 arguat,
2657 5808 2934 5864 audiamus
2965 5807 3247 5865 Domiaum
3277 5810 3545 5868 dicentem
3584 5822 3641 5869 tu
3680 5812 3845 5867 Evan-
