4034 6446
186 460 285 513 7H

184 571 331 644 gelio
380 587 393 621 :

184 658 410 727 (Matth.
458 655 556 725 vi).
604 673 622 705 ι
661 652 762 707 ’Ne
818 653 1010 705 iterum
1071 652 1123 704 in
1180 650 1478 705 benefactis
1533 650 1773 704 favorem

182 762 515 818 quaeramus,
538 745 791 799 admonet
816 759 913 796 nos
934 757 1110 795 sermo
1137 742 1445 795 Dominieus
1474 757 1487 792 :
1520 758 1537 790 ι
1574 740 1773 793 Cavete

176 836 450 904 justitiam
490 841 725 887 vestram
759 828 954 884 ‘faccre
1000 845 1182 884 coram
1228 829 1553 893 hominibus,
1580 842 1652 881 ne
1686 828 1770 880 vi-

183 923 425 978 deamini
458 921 526 974 ab
556 920 635 974 eis
662 918 871 989 (Ibid.).
911 937 928 969 ι
973 918 1038 971 Et
1077 931 1146 971 ne
1183 918 1375 971 iterum
1402 931 1505 984 pro
1535 915 1773 970 necessi-

186 1022 300 1067 tate
334 1014 511 1067 victus
557 1020 612 1064 et
636 1009 864 1063 vestitus
893 1009 1028 1063 bene
1056 1008 1266 1076 operari
1293 1006 1567 1068 vellemus,
1598 1006 1774 1074 inquit

186 1104 451 1157 Dominus
478 1118 492 1154 :
524 1099 701 1154 Nolite
730 1097 942 1153 solliciti
966 1113 1107 1163 esse,
1138 1098 1377 1153 dicentes
1403 1114 1413 1149 :
1444 1096 1583 1162 Quid
1621 1111 1773 1149 tnan~

183 1191 539 1251 ducabimus,
584 1196 677 1240 aut
727 1187 859 1257 quid
910 1185 1204 1240 bibemus?
1262 1186 1369 1239 scit
1416 1185 1561 1238 enim
1612 1183 1773 1238 Pater

185 1293 369 1336 vester
414 1279 544 1349 quid
585 1279 738 1332 vobis
785 1290 1005 1331 necesse
1053 1277 1125 1330 sit
1159 1275 1370 1344 (Ibid.).
1421 1275 1546 1329 llzec
1590 1273 1771 1327 omnia

185 1368 553 1425 consideravit
597 1366 697 1419 iste
739 1365 965 1418 dicens:
1003 1382 1021 1415 ι
1052 1364 1249 1417 Averte
1288 1363 1474 1417 oculos
1514 1376 1660 1417 meos
1702 1376 1772 1415 ne

183 1460 408 1514 videant
448 1457 786 1512 vanitatem:
820 1456 874 1509 in
920 1455 1006 1510 via
1054 1464 1143 1509 tua
1186 1455 1399 1509 vivifica
1440 1470 1545 1510 me.
1581 1454 1771 1509 Statue

186 1564 348 1603 servo
400 1558 490 1602 tuo
546 1548 817 1617 eloquium
869 1556 1063 1600 tuum':
1102 1564 1122 1597 ι
1162 1545 1448 1601 statorium
1502 1545 1633 1598 mihi
1686 1544 1771 1599 fac

185 1639 462 1707 eloquium
489 1646 661 1703 tuum,
689 1646 755 1691 n‘e
775 1636 841 1691 ad
862 1637 1049 1691 horam
1084 1636 1323 1701 credam,
1361 1636 1455 1690 sed
1477 1650 1690 1703 semper
1715 1635 1769 1689 in

190 1740 284 1783 tuo
311 1727 533 1796 eloquio
559 1741 897 1796 perseverem
930 1740 946 1779 :
974 1732 1029 1780 et
1057 1726 1157 1779 hoc
1180 1725 1233 1778 in
1262 1725 1455 1779 timore
1479 1733 1569 1779 tuo
1599 1723 1767 1790 liliali,

189 1836 294 1875 non
327 1819 511 1873 servili
538 1835 551 1871 :
582 1826 638 1872 et
661 1816 948 1886 amputabo
984 1834 1003 1867 ‹
1036 1816 1385 1885 opprobrium
1417 1830 1596 1869 meum
1624 1814 1768 1883 quod

1302 414 1830 506 manantm’es
1871 450 1933 504 lN
1975 444 2311 507 PSALllOS.

451 585 470 617 ι
523 564 909 620 Thesaurisatc
965 563 1116 617 vobis
1175 564 1457 617 thesauros
1515 564 1568 615 in
1632 562 1769 616 cmlo
1797 572 1844 628 Α
1871 558 2136 613 csteorde
2179 557 2424 621 credere,
2467 556 2566 611 nisi
2595 551 2862 611 confessio
2893 551 2987 610 fiat
3016 571 3109 612 ore
3140 548 3317 629 (Rom.
3361 562 3439 628 χ),

3338 446 3440 509 ιλιι)

1872 645 2254 715 subjungitur:
2301 662 2320 696 ι
2353 645 2412 698 ΕΙ
2449 645 2786 715 respondebo
2822 646 3273 714 exprobrantibus
3310 651 3439 703 mibi

1870 736 2115 788 verbum.
2143 753 2161 785 ι
2192 732 2355 800 Quasi
2383 734 2527 789 dicat
2550 753 2562 787 :
2605 732 2782 788 Veniat
2808 750 2961 803 super
2986 750 3065 787 me
3087 735 3445 801 misericordia

1869 833 1984 889 tua,
2020 833 2076 879 et
2107 838 2171 878 ea
2213 824 2480 888 veniente,
2515 826 2828 895 respondebo
2859 824 3069 879 verbum
3103 825 3225 880 ﬁdei
3257 843 3443 897 expro-

1870 913 2159 979 brantibus,
2188 910 2242 968 id
2265 924 2367 980 est,
2386 915 2875 983 ituproperantibus
2895 916 3048 981 mihi,
3069 917 3135 971 de
3162 916 3265 971 lidc
3287 934 3403 972 mea
3426 938 3437 971 :

1870 1002 1993 1070 quia
2020 1003 2299 1071 responsio
2331 1018 2435 1057 non
2472 1019 2537 1058 ex
2565 1018 2649 1057 me
2676 1007 2950 1072 procedet,
2986 1007 3078 1060 sed
3103 1022 3169 1060 ex
3202 1016 3271 1060 te.
3304 1007 3443 1073 Quia

1869 1090 2067 1159 speravi
2096 1092 2150 1144 in
2185 1092 2510 1146 sermonibus
2548 1093 2673 1158 tuis,
2714 1108 2818 1146 non
2850 1094 2902 1146 in
2937 1094 3072 1149 meis
3106 1112 3120 1147 :
3157 1095 3283 1164 quia
3325 1112 3445 1149 ser-

1869 1196 2058 1237 mones
2088 1184 2193 1237 mei
2237 1184 2312 1237 tui
2352 1193 2514 1247 sunt;
2559 1184 2713 1251 juxta
2752 1185 2919 1239 illud:
2966 1206 2984 1237 ί
3019 1185 3133 1240 Νοιι
3178 1204 3273 1242 vos
3310 1190 3443 1243 estis

1869 1274 1961 1341 qui
1993 1273 2295 1342 loquimini,
2327 1275 2422 1329 sed
2449 1274 2674 1342 spiritus
2704 1274 2876 1329 Patris
2899 1279 3059 1330 vestri
3091 1279 3179 1345 qui
3208 1278 3443 1348 loquitur

1869 1362 1924 1416 in
1954 1362 2105 1415 vobis
2143 1362 2359 1431 (Matth.
2407 1364 2484 1431 ι).
2530 1383 2547 1415 ι
2598 1364 2664 1417 Ει
2704 1367 2956 1432 quoniam
2997 1368 3443 1435 respondentibus

1870 1452 2092 1505 verbum
2120 1452 2243 1506 ﬁdei
2274 1452 2452 1506 multa:
2477 1454 2811 1522 parabantur
2838 1455 3215 1511 tribulationcs
3240 1462 3305 1513 ab
3334 1461 3436 1522 bis,

1868 1540 1959 1607 qui
1998 1539 2161 1593 verbo
2199 1540 2319 1593 lidei
2360 1542 2746 1611 repugnabant,
2801 1552 2953 1610 rugat
2981 1543 3094 1597 haec
3123 1546 3293 1600 lidelis
3326 1549 3440 1600 ani-

1867 1644 1977 1695 ma,
2008 1642 2278 1697 quatenus
2305 1646 2402 1699 pro
2434 1631 2733 1686 imminenti
2760 1633 3105 1690 tribulatione
3137 1654 3239 1690 non
3269 1650 3442 1693 cesset

1869 1739 1899 1778 a
1939 1724 2183 1778 veritatis
2218 1725 2601 1793 praedicatione
2638 1735 2694 1779 et
2724 1726 2873 1790 dicit,
2922 1728 2988 1779 Iz't
3030 1745 3092 1781 ne
3121 1730 3353 1797 auferas,
3391 1733 3440 1786 id

1867 1823 1972 1878 est,
2018 1829 2084 1868 ne
2129 1815 2328 1868 auferri
2364 1815 2651 1884 permittas
2707 1816 2829 1871 ullis
2880 1819 3338 1885 tribulationibus,
3379 1826 3443 1877 de

187 1907 492 1975 suspicatus
505 1920 623 1960 sum
647 1905 749 1958 ide
771 1904 910 1958 aliis.
927 1903 1254 1973 Suspicabar
1267 1904 1411 1958 enim
1427 1903 1769 1972 deaiiisquos
1799 1908 1843 1967 Β
1870 1918 1958 1956 ore
1993 1918 2107 1957 meo
2137 1904 2345 1957 verbum
2383 1904 2608 1956 veritatis
2640 1920 3024 1974 usquequaque,
3057 1907 3109 1961 id
3139 1918 3242 1972 est,
3273 1926 3443 1978 usque

188 2000 436 2053 videbam
476 1999 613 2052 bene
638 1998 875 2067 operari,
898 2005 957 2050 ut
985 1997 1087 2050 hoc
1112 1996 1342 2049 facerem
1370 2010 1468 2064 pro
1491 1994 1770 2064 temporali

188 2087 494 2151 commodo,
511 2101 615 2140 non
633 2094 690 2139 ut
705 2086 874 2155 gratis
887 2084 1053 2140 Deum
1075 2084 1332 2140 colerent.
1354 2084 1421 2137 Et
1442 2094 1499 2137 ut
1519 2084 1772 2154 deinceps

188 2180 315 2233 illud
351 2194 455 2232 non
486 2178 750 2248 suspicer,
781 2186 995 2247 amputa
1021 2176 1367 2247 opprobrium
1402 2191 1598 2230 meum.
1635 2175 1769 2229 Nam

188 2283 392 2325 temere
410 2270 656 2339 judicare
689 2278 968 2337 peccatum
989 2276 1075 2321 est
1092 2266 1233 2321 unde
1248 2267 1535 2321 Dominus:
1556 2284 1574 2316 ι
1596 2264 1772 2323 Nolite

182 2360 448 2430 judicare,
474 2366 532 2411 ut
564 2372 668 2412 non
690 2356 1005 2426 judicemini
1032 2355 1246 2426 (Matth.
1277 2356 1397 2424 vit).
1434 2373 1452 2406 ι
1480 2353 1615 2409 Nota
1643 2356 1769 2425 quia

188 2450 303 2504 haec
341 2447 576 2516 suspicio
604 2447 672 2501 de
701 2445 947 2515 proximo
975 2453 1151 2515 potest
1179 2443 1474 2514 procedere
1499 2458 1565 2499 ex
1591 2443 1767 2513 quoli-

186 2541 297 2603 bet,
331 2537 424 2606 qui
449 2535 560 2603 jam
591 2535 643 2588 in
671 2534 765 2588 Dei
792 2534 1011 2589 servitio
1039 2532 1319 2587 laborabat
1356 2547 1453 2602 pro
1484 2531 1767 2601 temporali

186 2630 472 2685 commodo
499 2645 514 2681 :
544 2627 671 2696 quia
696 2627 838 2695 quod
861 2624 1091 2695 quisque
1116 2624 1167 2678 in
1191 2638 1249 2678 se
1272 2623 1453 2687 sentit,
1479 2624 1581 2677 hoc
1608 2622 1767 2676 citius

185 2722 255 2775 de
296 2719 404 2773 alio
444 2719 763 2787 suspicatur.
795 2715 863 2769 Et
903 2715 1024 2769 ideo
1062 2728 1185 2769 cum
1224 2712 1327 2767 iste
1356 2714 1451 2782 qui
1478 2712 1561 2766 hic
1595 2710 1767 2779 loqui-

190 2818 300 2873 tur,
334 2816 576 2877 rogasset
603 2804 848 2860 inclinari
882 2819 977 2858 cor
1005 2817 1161 2857 suum
1192 2810 1251 2855 ut
1277 2801 1446 2872 gratis
1475 2802 1640 2855 Deum
1670 2814 1764 2855 co-

187 2898 345 2962 leret,
376 2903 583 2966 rogata
613 2893 966 2964 sejamputari
998 2891 1286 2947 temeraria
1313 2890 1538 2961 judicia,
1567 2904 1634 2944 ne
1665 2891 1765 2945 hoc

186 2986 459 3050 videlicet,
486 2985 692 3055 iudicet
734 2984 799 3039 de
839 2983 1106 3053 proximo,
1134 2981 1276 3052 quod
1315 2981 1467 3050 prius
1504 2981 1667 3035 sentit
1710 2980 1763 3034 in

185 3077 387 3146 seipso.
415 3075 573 3140 Dicit,
608 3093 626 3126 ‹
662 3082 879 3143 amputa
914 3074 1261 3143 opprobrium
1291 3087 1466 3127 meum
1503 3072 1643 3141 quod
1673 3087 1764 3127 su-

186 3166 428 3234 spicatas
453 3178 593 3228 sum,
623 3163 747 3231 quia
772 3160 976 3230 judicia
1019 3170 1104 3215 tua
1127 3159 1385 3229 jucunda,
1419 3179 1437 3211 ι
1471 3173 1589 3213 mea
1617 3174 1765 3213 ama-

1871 1992 1939 2046 ad
1980 1992 2055 2057 id,
2101 1992 2243 2060 quod
2284 1993 2459 2061 ipsum
2509 1994 2732 2047 verbum
2770 1995 2941 2063 possit
2981 1997 3085 2051 dici
3127 1999 3439 2055 derelictum

1871 2097 2084 2152 quaqua
2120 2084 2326 2138 ratione
2361 2098 2392 2137 a
2429 2099 2537 2138 me.
2566 2084 2731 2150 Quasi
2756 2085 2942 2140 dicat:
2977 2086 3033 2143 Si
3063 2090 3349 2159 contigerit
3382 2102 3442 2147 ut

1871 2173 2068 2227 timore
2095 2187 2267 2242 ptenze
2290 2173 2616 2244 quandoque
2650 2184 2878 2239 taceam,
2914 2193 3020 2232 non
3044 2181 3324 2247 permittas
3352 2199 3440 2238 me

1866 2262 2088 2317 omnino
2132 2272 2333 2328 tacere,
2372 2263 2465 2317 scd
2498 2264 2594 2318 des
2628 2264 2757 2318 mihi
2788 2278 2884 2334 per
2910 2268 3138 2336 gratiam
3177 2277 3321 2325 tuam
3356 2288 3441 2328 re.

1867 2352 2098 2421 spicere,
2130 2361 2188 2406 ut
2213 2354 2265 2406 in
2297 2352 2459 2409 Petro
2494 2362 2732 2409 notatur.
2762 2355 2878 2425 Ipse
2896 2357 3039 2411 enim
3070 2362 3314 2430 negando
3343 2362 3442 2417 fuit

1866 2439 2180 2505 derelictus,
2220 2440 2396 2496 ﬂendo
2432 2452 2728 2509 recreatus,
2758 2445 2900 2499 trina
2926 2446 3263 2504 confessione
3287 2466 3443 2506 coro-

1865 2540 2040 2585 natus.
2075 2529 2156 2585 Ne
2177 2532 2389 2600 auferas
2415 2550 2799 2605 usquequaque,
2839 2537 2963 2605 quia
2998 2539 3052 2592 in
3082 2540 3303 2608 judiciis
3338 2545 3441 2601 tuis

1863 2638 2042 2690 super,
2079 2624 2131 2676 id
2170 2634 2271 2688 cst,
2320 2625 2550 2694 desuper
2590 2628 2946 2693 venientibus,
2987 2635 3210 2700 speravi,
3256 2635 3308 2689 id
3337 2646 3439 2697 est,

1866 2713 1981 2783 ipsa
2005 2712 2218 2781 ﬂagella
2251 2724 2338 2769 tua
2365 2725 2611 2784 paterna,
2643 2732 2761 2786 qua:
2782 2718 2927 2785 juSto
2948 2719 3157 2789 judicio
3186 2733 3274 2778 tuo
3308 2726 3439 2779 mihi

1864 2809 1992 2855 sunt
2035 2799 2206 2866 illata,
2238 2800 2455 2856 fuerunt
2491 2803 2621 2857 milii
2657 2818 2818 2861 causa
2848 2820 3017 2875 quare
3053 2823 3329 2878 sperarem
3361 2811 3441 2865 fu-

1866 2899 2040 2946 turam
2084 2891 2333 2960 gloriam.
2381 2891 2478 2948 Vel
2519 2910 2675 2964 super
2723 2898 2923 2964 speravi
2966 2898 3021 2951 in
3054 2899 3270 2968 judiciis
3310 2903 3439 2966 tuis,

1863 2983 1989 3051 quia
2036 2984 2251 3053 speravi
2290 2999 2377 3039 me
2412 2983 2531 3054 plus
2568 2985 2876 3042 habiturum
2918 2988 3120 3058 gloriae,
3161 3007 3321 3060 quam
3350 3009 3442 3062 pa-

1865 3079 2014 3128 terer
2044 3086 2236 3142 paenae.
2272 3071 2427 3128 Unde
2458 3074 2588 3129 illud
2622 3089 2636 3129 :
2678 3093 2697 3125 t
2732 3072 2996 3133 Existimo
3024 3080 3166 3149 quod
3196 3096 3302 3136 non
3330 3083 3440 3137 sint

1863 3161 2143 3231 condignae
2167 3162 2451 3231 passiones
2486 3163 2645 3232 hujus
2683 3166 2939 3234 temporis
2967 3168 3031 3222 ad
3066 3168 3302 3225 futuram
3328 3172 3441 3242 glo-

188 3268 269 3307 ra.
298 3253 366 3307 Et
409 3268 523 3306 ecce
563 3250 792 3322 qualiter
826 3250 1061 3321 jucunda
1092 3250 1216 3319 quia
1250 3268 1269 3301 t
1299 3249 1581 3318 concupivi
1610 3264 1762 3303 man—
1788 3249 1833 3309 C
1865 3250 1999 3304 riam
2026 3250 2204 3319 (Rom.
2238 3250 2379 3318 vni).
2416 3270 2433 3305 ι
2485 3251 2580 3307 Vel
2622 3268 2777 3322 super
2806 3257 3028 3323 speravi,
3070 3257 3122 3311 id
3149 3269 3254 3323 est,
3282 3277 3441 3329 super

187 3344 313 3397 data
337 3352 428 3396 tua
454 3359 465 3395 :
494 3360 513 3393 ι
541 3349 597 3394 et
623 3341 743 3395 ideo
774 3359 790 3392 ι
824 3340 878 3395 in
900 3339 1152 3409 aequitate
1182 3348 1269 3393 tua
1293 3338 1506 3393 vivifica
1534 3353 1636 3403 me,
1668 3356 1688 3389 ι
1709 3337 1763 3392 id

188 3441 271 3485 est
303 3432 355 3484 in
385 3430 650 3484 charitate
682 3438 790 3483 tua.

261 3519 397 3576 νιυ.
426 3547 499 3560 ο-
530 3537 550 3569 ι
585 3518 655 3574 Ut
685 3519 866 3573 veniat
908 3532 1069 3588 super
1111 3532 1197 3572 me
1234 3515 1603 3572 misericordia
1650 3523 1762 3580 tua,

193 3628 212 3661 ι
258 3610 502 3673 Domine,
532 3608 767 3662 salutare
794 3615 943 3662 tuum
973 3607 1266 3662 secundum
1290 3606 1561 3674 eloquium
1588 3614 1758 3658 tuum.

194 3721 212 3751 ι
261 3702 327 3755 Et
362 3699 698 3771 respondebo
722 3699 1172 3769 exprobrantibus
1206 3698 1336 3752 mihi
1367 3698 1610 3761 verbum,
1641 3695 1765 3764 quia

194 3813 212 3846 ι
260 3793 473 3863 speravi
505 3792 557 3846 in
590 3791 929 3847 sermonibus
958 3790 1083 3844 tuis.
1115 3789 1183 3844 Et
1210 3803 1280 3843 ne
1304 3788 1522 3843 auferas
1563 3787 1629 3840 de
1670 3799 1767 3841 ore

195 3903 213 3936 ι
259 3897 384 3939 meo
412 3883 636 3938 verbum
675 3882 919 3936 veritatis
960 3894 1379 3950 usquequaque,
1410 3878 1534 3949 quia
1576 3877 1632 3931 in
1673 3874 1763 3944 juv

194 3998 211 4028 ι
258 3975 414 4030 diciis
471 3973 575 4028 tuis
656 3973 1049 4043 supersperavi.
1116 3972 1185 4026 Et
1236 3970 1535 4026 custodiam
1593 3969 1765 4039 legem

194 4085 211 4117 ι
258 4075 409 4119 tuam
453 4078 683 4133 semper,
724 4063 780 4116 in
820 4062 1072 4117 steculum
1101 4070 1154 4117 et
1184 4062 1237 4116 in
1275 4060 1529 4117 sarculum
1561 4058 1763 4115 sa‘culi.

188 4176 207 4206 ε
256 4154 323 4207 Et
367 4153 705 4208 ambulabam
751 4153 807 4207 in
856 4152 1168 4218 latitudine,
1213 4152 1339 4223 quia
1380 4152 1631 4207 mandata
1675 4158 1764 4205 tua

188 4264 206 4294 ι
255 4243 540 4312 exquisivi.
570 4242 636 4296 Et
662 4242 919 4313 loquebar
953 4242 1007 4296 in
1046 4242 1369 4297 testimoniis
1402 4242 1508 4295 tuis
1548 4240 1601 4296 in
1638 4254 1765 4295 con-

188 4352 209 4384 ι
254 4340 444 4403 spectu
474 4346 682 4402 regum,
708 4340 765 4388 et
803 4346 908 4388 non
937 4331 1321 4388 confundebar.
1364 4329 1432 4387 Et
1466 4331 1766 4387 meditabar

189 4443 209 4476 I
257 4424 312 4478 in
356 4424 624 4479 mandatis
668 4424 803 4491 tuis,
850 4438 969 4494 qua:
1008 4423 1193 4479 dilexi.
1247 4424 1314 4479 Et
1356 4423 1527 4480 levavi
1573 4436 1767 4478 manus

189 4536 211 4569 ι
260 4530 408 4571 meas
436 4516 502 4571 ad
529 4517 780 4573 mandata
808 4525 920 4584 tua,
955 4530 1075 4587 quae
1101 4516 1285 4584 dilexi,
1316 4525 1373 4574 et
1389 4519 1683 4575 exercebar
1708 4518 1764 4573 in

190 4626 209 4659 ι
255 4605 737 4676 justifieationibus
766 4608 892 4663 tuis.
930 4625 951 4658 ι

761 4695 866 4750 EN
875 4694 1133 4750 ARRATI
1138 4694 1204 4752 0.

265 4806 285 4839 t
312 4784 531 4841 Vivilica
548 4801 653 4852 me,
678 4804 697 4838 ι
714 4795 769 4841 et
791 4793 948 4841 utme
966 4786 1228 4853 vivilices,
1250 4804 1269 4839 ι
1286 4784 1469 4841 veniat
1495 4798 1656 4855 super
1683 4799 1769 4842 me

183 4877 561 4934 misericordia
594 4885 705 4943 tua,
735 4877 983 4942 Domine,
1022 4897 1042 4931 ι
1082 4878 1135 4932 id
1164 4887 1247 4933 est
1273 4877 1583 4933 misericors
1618 4885 1764 4944 tuus,

182 4969 440 5025 Christus
466 4968 716 5023 videlicet
756 4980 854 5039 per
886 4981 1043 5037 quem
1080 4966 1428 5038 multiplicem
1460 4965 1769 5022 misericor-

181 5059 334 5112 diam
356 5056 666 5112 exhibuisti.
693 5056 874 5111 Veniat
895 5074 1049 5127 super
1065 5074 1164 5123 me,
1179 5073 1284 5113 non
1305 5066 1363 5113 ut
1386 5072 1470 5113 me
1489 5065 1756 5122 conterat,

176 5146 338 5217 juxta
361 5145 522 5200 illud:
550 5162 568 5196 ι
591 5143 763 5216 Super
777 5159 933 5215 quem
954 5145 1208 5201 ceciderit
1228 5146 1364 5216 lapis
1385 5146 1494 5211 ille,
1518 5153 1761 5202 conteret

182 5250 313 5289 eum
344 5231 723 5305 (Matthdxxt),
748 5254 766 5286 ι
793 5233 887 5289 sed
915 5242 973 5288 ut
1004 5249 1088 5288 me
1110 5233 1379 5300 defendat,
1412 5235 1564 5305 quasi
1600 5241 1762 5303 caput

183 5337 391 5377 meum.
415 5320 552 5388 Quid
574 5323 686 5391 ipse
706 5330 861 5377 vocet
881 5322 1323 5389 misericordiam,
1348 5322 1762 5394 subjungit:8a-

184 5414 362 5467 (utare
383 5422 550 5479 tuum,
566 5414 618 5468 id
642 5413 986 5469 estSalvator
1002 5422 1126 5468 tuus
1148 5416 1327 5469 veniat
1350 5415 1634 5469 secundum
1655 5414 1762 5469 elo-

182 5505 372 5574 quium
407 5512 583 5565 tuum;
618 5505 697 5560 sic
731 5505 875 5560 enim
918 5504 1231 5575 promisisti,
1258 5512 1317 5558 ut
1341 5519 1588 5575 porcum
1631 5505 1766 5559 libe-

186 5610 344 5649 rares
371 5608 537 5665 genus
564 5595 875 5649 humanum.
909 5594 998 5649 Vel
1029 5596 1196 5648 veniat
1220 5610 1374 5664 super
1396 5610 1497 5659 me,
1518 5611 1599 5649 me
1620 5596 1761 5661 dico,

187 5693 439 5754 agentern
482 5684 775 5738 secundum
811 5684 1082 5754 eloquium
1122 5691 1294 5738 tuum.
1340 5684 1435 5739 Vel
1477 5686 1762 5738 secundum

188 5773 450 5841 eloquium
472 5781 643 5839 tuum,
668 5782 728 5827 ut
750 5774 803 5829 in
835 5775 1039 5830 semine
1060 5774 1301 5843 deputer.
1333 5774 1400 5830 Et
1423 5775 1548 5843 quia
1573 5789 1762 5843 parum

1865 3340 1917 3394 id
1944 3340 2084 3409 quod
2114 3342 2347 3409 petimus
2385 3353 2480 3396 aut
2520 3343 2889 3413 intelligimus,
2933 3350 3135 3415 speravi
3163 3364 3250 3406 me
3287 3353 3440 3407 babi-

1866 3437 2066 3495 turum,
2093 3429 2247 3500 juxta
2284 3431 2409 3486 illud
2440 3448 2453 3485 :
2493 3449 2511 3482 ι
2547 3432 2607 3488 Ei
2637 3434 2727 3503 qui
2775 3444 2965 3503 potens
2988 3444 3072 3492 est
3099 3441 3434 3508 superabun-

1864 3519 2056 3575 danter
2120 3519 2298 3577 facere
2365 3537 2528 3591 quam
2613 3525 2847 3594 petimus
2917 3536 3026 3582 aut-
3089 3528 3437 3601 intelligimus

1865 3607 2080 3679 (Ephes.
2104 3610 2209 3681 ιιι).
2237 3629 2255 3662 ι
2281 3629 2299 3662 ι
2317 3611 2374 3667 1η
2391 3612 2607 3682 judiciis
2636 3614 2743 3669 tuis
2760 3628 2921 3685 super
2941 3619 3150 3687 speravi
3168 3637 3182 3674 :
3200 3630 3253 3676 et
3270 3641 3291 3674 ι
3318 3624 3437 3678 ideo

1871 3714 1890 3747 ι
1919 3698 2218 3753 custodiam
2241 3698 2413 3769 legem
2439 3709 2605 3765 tuam,
2634 3721 2652 3752 ι
2682 3702 2731 3757 id
2754 3712 2855 3769 est,
2878 3704 3217 3763 dilectionem
3257 3711 3349 3765 Dei
3380 3722 3435 3767 et

1864 3787 2095 3854 proximi
2118 3802 2342 3857 semper,
2374 3789 2429 3843 in
2454 3789 2703 3844 saeculum
2735 3792 3004 3859 videlicet,
3032 3798 3157 3851 etin
3184 3800 3433 3853 sa’t‘ttlttm

1863 3876 2063 3942 steculi,
2110 3877 2255 3946 quod
2295 3886 2379 3933 est
2420 3880 2473 3935 in
2514 3879 2713 3946 futuro,
2759 3884 2976 3952 quando
3014 3886 3182 3942 Deum
3226 3890 3437 3959 plenius

1864 3966 2165 4022 amabimus
2196 3984 2211 4022 :
2248 3968 2373 4038 quia
2395 3984 2517 4025 eum
2554 3985 2712 4039 quem
2739 3987 2882 4028 nunc
2906 3989 3013 4030 non
3038 3976 3268 4033 videndo
3289 3995 3437 4035 ama-

1864 4069 2006 4121 mus,
2042 4054 2181 4112 facie
2208 4058 2278 4114 ad
2320 4057 2513 4115 faciem
2538 4060 2878 4118 videbimus:
2910 4063 3122 4134 plenius
3150 4069 3315 4124 etiam
3350 4072 3436 4125 die

1864 4143 2063 4215 ligetur
2086 4150 2387 4219 proximus,
2423 4152 2551 4220 quia
2587 4152 2765 4209 nullus
2787 4156 2892 4211 erit
2929 4160 3221 4229 suSpicioni
3264 4163 3434 4229 locus,

1864 4238 1956 4293 ubi
1979 4238 2117 4293 alter
2144 4240 2299 4297 alteri
2343 4256 2449 4296 non
2472 4242 2577 4297 erit
2618 4244 2878 4299 occultus.
2904 4246 3209 4303 Custodiam
3254 4253 3305 4305 in
3355 4254 3437 4308 l'u-

1865 4332 1989 4382 turo
2034 4327 2197 4398 legem
2240 4339 2410 4395 tuam,
2435 4339 2484 4384 et
2524 4330 2614 4386 bic
2651 4332 3002 4400 ambulabam,
3042 4336 3093 4390 id
3122 4346 3225 4403 est,
3254 4341 3436 4394 ambu-

1863 4416 2004 4482 labo,
2056 4417 2112 4471 in
2164 4418 2473 4485 latitudine,
2525 4420 2579 4475 id
2632 4430 2748 4485 est,
2808 4422 2862 4477 in
2916 4425 3181 4481 charitate
3231 4427 3326 4482 Dei
3381 4439 3436 4484 et

1864 4506 2118 4575 proximi,
2149 4508 2273 4577 quia
2303 4510 2552 4563 mandata
2582 4520 2673 4564 tua
2711 4513 2984 4578 exquisivi,
3013 4514 3070 4569 id
3097 4524 3203 4581 est,
3240 4520 3434 4587 exqui-

1788 4580 1842 4642 Ῐ)
1866 4612 2008 4662 ram,
2056 4597 2136 4652 sic
2173 4607 2228 4652 et
2265 4606 2459 4654 caetera
2489 4615 2609 4669 qua:
2646 4612 2945 4670 sequuntur
2978 4580 3251 4673 prteterita
3287 4580 3436 4664 acci-

1866 4688 2090 4760 piuntur
2115 4687 2316 4743 ftttura.
2366 4689 2460 4744 Vel
2494 4698 2672 4759 potest
2712 4690 2816 4761 legi
2850 4700 2908 4746 ut
2941 4696 3138 4749 habeat
3159 4697 3266 4751 vim
3292 4701 3434 4766 qucd

1866 4779 2021 4844 dicit,
2051 4778 2387 4834 ambulabam
2414 4781 2467 4835 in
2504 4780 2800 4848 latitudine,
2832 4790 2889 4837 ut
2918 4783 2998 4839 sic
3026 4787 3273 4842 ostendat
3306 4789 3437 4844 lide-

1863 4870 1932 4926 lis
1960 4871 2140 4925 anima
2164 4884 2223 4925 se
2249 4885 2369 4925 esse
2390 4871 2696 4925 exauditam
2722 4872 2790 4928 de
2815 4871 3019 4940 futuro,
3052 4890 3176 4930 cum
3199 4880 3435 4932 ostendit

1863 4961 1967 5017 sibi
1996 4976 2116 5017 esse
2142 4961 2379 5017 exhibita
2406 4962 2669 5031 quredam,
2698 4977 2794 5032 per
2814 4978 2934 5032 qua:
2956 4974 3133 5034 potest
3154 4967 3221 5021 de
3241 4967 3437 5023 futuris

1861 5064 1984 5107 esse
2020 5059 2188 5104 certa.
2218 5050 2490 5105 Exhibitio
2542 5050 2686 5106 enim
2723 5053 3118 5121 praeteritorum
3158 5064 3242 5110 est
3274 5058 3436 5111 certis

1866 5141 1994 5196 tudo
2036 5141 2388 5196 futurorum:
2437 5143 2592 5211 quasi
2633 5143 2712 5197 sic
2759 5144 2906 5200 dicat
2946 5162 2959 5197 :
3015 5144 3138 5199 Scio
3187 5146 3309 5215 quia
3359 5147 3433 5202 ibi

1862 5231 2166 5287 custodiam
2196 5232 2366 5303 legem
2396 5241 2566 5298 tuam,
2592 5233 2717 5302 quia
2747 5234 2871 5289 inde
2902 5236 3053 5305 quasi
3070 5235 3183 5304 jam
3212 5238 3433 5292 arrham

1866 5324 2043 5393 recepi
2077 5342 2089 5377 :
2122 5324 2245 5392 quia
2262 5322 2377 5391 jam
2400 5340 2543 5379 nunc
2576 5344 2595 5377 ι
2620 5325 2959 5381 ambulabam
2989 5326 3042 5381 in
3070 5327 3372 5392 latitudine,
3407 5346 3429 5379 ι

1869 5413 1922 5467 id
1951 5420 2053 5477 est,
2086 5412 2140 5466 in
2164 5411 2449 5468 dilectione
2476 5414 2567 5468 Dei
2596 5424 2651 5469 et
2676 5415 2904 5485 proximi
2934 5431 2947 5467 :
2975 5422 3029 5470 et
3056 5415 3156 5469 hoc
3194 5430 3297 5469 non
3332 5430 3434 5485 ope

1863 5518 2005 5568 mea,
2033 5505 2127 5559 sed
2160 5514 2275 5570 tua,
2304 5506 2430 5575 quia
2481 5525 2497 5558 ι
2549 5507 2797 5562 mandata
2829 5514 2919 5561 tua
2960 5505 3227 5574 exquisivi
3292 5522 3307 5559 :
3365 5505 3435 5559 Et

1862 5594 2118 5665 loquebar
2138 5597 2191 5651 in
2212 5598 2534 5653 testimoniis
2552 5600 2657 5653 tuis
2682 5616 2702 5651 ›
2726 5599 2887 5652 etiam
2919 5615 2939 5650 ι
2968 5598 3022 5654 in
3038 5605 3328 5670 conspectu
3349 5602 3433 5653 rea

1863 5702 2011 5758 gum,
2026 5696 2081 5743 et
2101 5704 2207 5744 non
2230 5689 2625 5744 confundeban
2656 5689 2973 5745 declinando
2989 5705 3019 5744 a
3039 5691 3305 5745 mandatis
3328 5691 3433 5745 tuis

1867 5778 2057 5832 timore
2082 5792 2287 5847 regum.
2334 5777 2400 5831 Et
2431 5779 2737 5844 meditabar,
2773 5780 2823 5833 id
2854 5790 2956 5845 est,
2991 5781 3257 5846 frequenti
3289 5781 3431 5838 coci-
