4034 6424
559 405 570 413 “
604 426 709 485 7'43

1206 429 1463 484 RElllGll
1500 429 2150 485 ANTISSIODORENSIS
2187 428 2333 484 OPP.
2379 429 2561 484 PARS
2602 429 2641 482 Ι.
2683 459 2741 467 —
2789 425 3198 482 EXEGETICA.

3745 425 3852 480 7H

607 543 808 597 ratione
831 556 1105 604 versaoar,
1145 560 1162 590 ι
1192 542 1247 594 in
1282 540 1548 595 mandatis
1575 541 1702 604 tuis,
1733 559 1751 589 ι
1806 540 1858 593 in
1890 541 2172 608 prteceptis
2202 545 2246 602 Λ
2275 557 2390 593 mor
2417 541 2495 609 {ui
2536 542 2586 594 iu
2616 549 2783 604 nocte,
2810 540 2861 594 id
2891 549 2970 594 est
3003 541 3060 618 in
3119 539 3462 594 tribulatione
3496 541 3720 594 nominis
3752 545 3853 603 tui,

608 634 713 687 tuis
735 651 870 704 qum,
917 633 968 686 id
1007 639 1111 697 est,
1147 632 1270 700 quia
1297 631 1456 684 dilexi
1490 646 1553 685 ea
1588 649 1599 683 :
1631 639 1686 684 et
1716 631 1768 683 in
1813 631 1898 684 his
1926 631 2175 684 omnibus

609 725 797 778 levabo
826 739 1011 777 manus
1039 738 1194 781 meas,
1235 720 1286 773 id
1321 728 1420 782 est,
1461 734 1622 788 opera
1652 733 1794 782 mea,
1829 719 1897 771 ad
1925 720 2176 771 mandata

608 824 698 867 tua
738 829 876 884 qutr,
914 813 966 866 id
1016 821 1118 876 est,
1161 810 1285 880 quia
1335 808 1516 863 dilexi.
1565 808 1684 877 Ipse
1713 808 1856 862 levat
1898 821 2062 876 opera
2109 807 2178 862 ad

609 904 861 956 mandata
887 901 1118 962 Domini,
1145 900 1236 968 qui
1266 914 1386 952 cum
1413 899 1549 953 bene
1573 906 1849 966 operatur,
1875 912 1983 952 non
2013 897 2065 950 in
2096 911 2175 960 se,

609 991 702 1045 sed
737 991 788 1044 in
819 989 1046 1043 Domino
1066 987 1326 1057 gloriatur
1350 1001 1365 1038 :
1397 986 1650 1054 deprimit
1673 999 1809 1054 opus
1837 985 2059 1046 bonum,
2083 983 2174 1052 qui

609 1084 743 1137 bene
764 1080 1038 1150 operando
1065 1080 1260 1148 quterit
1298 1078 1536 1133 favorem
1564 1078 1840 1132 hominum
1865 1094 1881 1142 ;
1912 1077 2052 1146 quod
2093 1078 2176 1131 di-

607 1173 682 1226 cit
712 1187 727 1225 :
760 1189 780 1222 ι
809 1171 1004 1225 Levavi
1035 1185 1226 1225 manus
1255 1185 1402 1224 meas
1426 1171 1493 1224 ad
1529 1171 1783 1224 mandata
1813 1178 1922 1232 tua,
1947 1185 2067 1238 quze
2091 1169 2176 1222 di-

608 1265 732 1328 lexi,
761 1273 815 1318 et
836 1263 1176 1327 cxcrcebor,»
1200 1262 1376 1325 idest,
1400 1262 1773 1330 perseverabo,
1803 1279 1822 1312 ε
1848 1261 1900 1314 in
1917 1258 2179 1330 iustiﬁca-

609 1351 845 1405 tionibus
871 1350 998 1403 tuis.
1035 1369 1054 1400 ι
1086 1350 1245 1418 Ergo,
1272 1349 1521 1410 Domine,
1543 1349 1668 1417 quia
1697 1348 1980 1418 loquendo,
2012 1349 2179 1402 medi-

610 1442 790 1503 tan-lo,
813 1440 1105 1510 operando,
1130 1455 1158 1491 a
1188 1439 1468 1508 praeceptis
1494 1439 1601 1492 tuis
1627 1454 1732 1492 non
1764 1438 2032 1492 declinavi
2073 1439 2177 1492 huc

607 1532 692 1584 vel
722 1530 847 1585 illuc
878 1549 891 1583 :

683 1641 701 1670 ι
747 1622 899 1677 ΖΑιιη.
923 1655 993 1663 —
1013 1623 1216 1678 Memor
1235 1630 1353 1676 esto
1373 1621 1523 1676 verbi
1556 1622 1629 1675 tui
1659 1635 1817 1676 servo
1838 1627 1954 1684 tuo,
1985 1621 2040 1674 in
2070 1635 2179 1689 quo

615 1726 633 1758 ε
680 1709 806 1763 mihi
837 1725 984 1779 spem
1016 1709 1229 1764 dedisti.
1255 1707 1380 1763 Htec
1405 1722 1488 1762 me
1508 1708 1782 1762 consolata
1805 1716 1889 1763 est
1919 1707 1972 1761 in
2001 1708 2180 1762 humi-

615 1815 633 1846 ι
680 1796 832 1851 litate
869 1812 1021 1858 mea,
1068 1797 1194 1865 quia
1232 1795 1501 1865 eloquium
1546 1802 1696 1849 tuum
1735 1794 2024 1849 viviﬁcavit
2067 1809 2172 1850 me.

2239 650 2251 660 -
2278 630 2523 694 Domine,
2553 629 2693 684 illius
2721 629 2972 685 videlicet
3015 629 3252 684 nominis
3277 631 3406 699 quia
3448 639 3534 684 est
3565 630 3853 696 Dominus,

2277 733 2365 773 me
2385 718 2688 774 voluntarie
2733 720 2940 775 iaciens
2967 734 3179 774 servum
3215 729 3386 785 tuum,
3416 728 3468 775 et
3495 720 3859 777 custodiendo

2277 806 2440 877 legem
2469 817 2636 862 tuam.
2667 807 2736 862 Et
2781 809 2892 862 luet:
2931 810 3171 864 custodia
3203 809 3336 878 legis
3386 824 3492 863 non
3519 824 3587 864 ex
3617 826 3704 864 me
3729 825 3859 881 pro-

2279 897 2468 960 cessit,
2515 897 2610 952 sed
2645 915 2663 947 ι
2699 897 2838 953 facta
2863 906 2947 952 est
2979 898 3106 952 mihi
3144 917 3162 948 ι
3195 906 3330 963 ate,
3360 916 3378 949 t
3414 899 3541 968 quia
3585 897 3858 966 iustiﬁca-

2277 983 2450 1039 tiones
2473 994 2591 1039 tuas
2603 986 2888 1055 exquisivi.
2909 1006 2927 1038 ι
2938 985 3031 1040 Vel
3047 987 3159 1040 haec
3172 1000 3274 1040 nox
3297 978 3437 1056 facta
3454 987 3604 1051 mihi,
3622 987 3673 1040 id
3688 996 3775 1041 est
3788 987 3857 1041 sd

2277 1073 2560 1128 utilitatem
2575 1090 2768 1140 meam,
2786 1076 2934 1130 utsic
2944 1075 3354 1146 iustiﬁcationes
3379 1084 3562 1131 tuaset
3583 1092 3690 1131 non
3706 1092 3856 1132 meas

2276 1165 2639 1233 exquirerem.
2667 1166 2855 1222 Potest
2875 1168 3034 1221 aliter
3059 1168 3162 1238 legi
3185 1169 3435 1236 superius
3454 1169 3601 1237 quod
3629 1169 3855 1231 dicitur,

2284 1274 2302 1306 ι
2335 1254 2460 1310 llaec
2494 1270 2580 1310 me
2611 1256 2888 1312 consolata
2915 1267 2998 1312 est
3027 1259 3079 1312 in
3122 1258 3426 1314 humilitate
3449 1274 3595 1322 mea,
3635 1278 3653 1310 ι
3683 1269 3745 1312 ut
3772 1260 3857 1313 di-

2279 1360 2467 1400 camus
2509 1363 2526 1402 :
2571 1345 2706 1416 Spes
2753 1347 2841 1401 illa
2871 1362 3031 1416 quam
3081 1348 3271 1404 dedisti
3295 1335 3426 1403 mihi
3457 1350 3509 1402 in
3538 1350 3710 1404 verbo
3743 1361 3856 1413 tuo,

2277 1437 2544 1512 cousolqta
2565 1449 2638 1492 est
2667 1454 2748 1492 me
2768 1439 2822 1490 in
2845 1437 3178 1492 humanitate
3205 1454 3341 1504 mea,
3371 1440 3424 1493 id
3443 1448 3549 1503 est,
3575 1439 3629 1492 in
3659 1448 3857 1494 morta-

2278 1525 2433 1582 litate
2456 1529 2644 1590 mea,a
2670 1527 2846 1596 primo
2859 1536 3083 1596 parente
3107 1527 3236 1581 mihi
3260 1527 3428 1592 illata,
3450 1535 3506 1581 et
3527 1527 3652 1581 ideo
3674 1545 3694 1576 ι
3733 1541 3856 1582 con-

2279 1617 2449 1672 solata
2476 1625 2557 1672 est
2587 1631 2693 1681 me,
2715 1618 2842 1686 quia
2871 1617 3142 1686 eloquium
3173 1626 3322 1672 tuum
3347 1617 3648 1672 viviﬁcabit
3678 1632 3770 1671 me
3799 1637 3852 1669 »τ

2280 1714 2338 1759 ut
2357 1720 2504 1774 spem
2529 1706 2652 1760 vitae
2671 1707 2948 1770 haberem,
2971 1707 3241 1776 proiectus
3263 1709 3316 1761 in
3344 1717 3595 1763 mortem.
3621 1707 3692 1762 Et
3715 1708 3856 1762 unde

2283 1795 2560 1850 humilitas
2603 1797 2906 1865 processit?
2942 1795 3184 1868 Superbi,
3223 1798 3273 1852 id
3319 1805 3403 1852 est
3455 1797 3626 1867 iniqui
3657 1813 3855 1868 paren-

616 1905 635 1936 ‹
686 1886 916 1955 Superbi
941 1887 1122 1955 inique
1142 1886 1366 1956 agebant
1385 1899 1788 1953 usquequaque,
1807 1899 1838 1937 a
1865 1883 1978 1954 lege
1999 1893 2177 1938 autem
2209 1892 2254 1951 Β
2283 1891 2384 1948 tes,
2412 1883 2586 1954 inique
2623 1883 2842 1952 agebant
2869 1885 2938 1939 ab
2967 1885 3272 1940 obedientia
3300 1885 3393 1941 Dei
3419 1887 3776 1944 recedentes:
3802 1897 3854 1942 et

615 1996 634 2028 ι
683 1987 768 2032 tua
801 1994 904 2031 non
940 1978 1228 2033 declinavi.
1266 1978 1470 2032 Memor
1497 1976 1571 2030 fui
1597 1975 1920 2044 iudiciorum
1964 1983 2176 2028 tuorum

613 2087 632 2119 ‹
678 2085 707 2123 a
748 2069 968 2129 smeulo.
1015 2069 1261 2134 Domine,
1299 2076 1356 2122 et
1392 2066 1701 2122 consolatus
1740 2081 1882 2121 sum.
1937 2065 2179 2120 Deiectio

615 2178 634 2208 α
681 2162 849 2213 tenuit
883 2173 989 2223 me,
1019 2173 1118 2227 pro
1155 2157 1529 2228 peccatoribus
1569 2156 2066 2226 derelinquentibus
2102 2156 2180 2211 le-

615 2267 633 2300 t
679 2266 796 2320 gem
839 2260 1005 2303 tuam.
1043 2249 1351 2304 Cantabiles
1392 2249 1525 2304 mihi
1567 2257 1724 2304 erant
1755 2248 2180 2316 iustiﬁcationes

614 2359 632 2390 ε
679 2349 782 2393 tuae
811 2341 862 2394 in
885 2340 1003 2396 loco
1034 2341 1480 2409 peregrinationis
1503 2356 1655 2396 mete.
1689 2341 1892 2395 Memor
1919 2339 1992 2394 fui
2021 2349 2179 2396 nocte

615 2448 634 2480 ι
677 2431 911 2484 nominis
934 2431 1289 2494 tui,Domine,
1315 2438 1369 2485 et
1390 2432 1650 2485 custodivi
1677 2432 1845 2502 legem
1865 2440 2032 2484 tuam.
2056 2430 2179 2486 lixae

614 2538 634 2571 s
683 2522 824 2575 laeta
842 2528 926 2575 est
948 2504 1104 2584 mihi,
1119 2521 1243 2589 quia
1263 2520 1680 2589 iustiﬁcationes
1700 2531 1820 2576 tuas
1839 2520 2124 2590 exquisivi.
2152 2537 2173 2573 ι

1177 2606 1624 2663 ENARRATIO.

681 2697 881 2752 Memor
907 2707 1012 2752 esto
1047 2698 1189 2752 uerbi
1227 2698 1304 2751 tui
1341 2714 1486 2752 servo
1513 2708 1622 2762 tuo,
1646 2699 1853 2754 scilicet
1877 2700 2175 2770 complendi

608 2797 668 2841 ut
698 2788 837 2843 inter
881 2788 1198 2844 benedictos
1227 2788 1462 2843 et~ﬁlios
1514 2789 1889 2858 promissionis
1918 2797 2173 2859 reputer:

607 2879 735 2946 quia
786 2879 840 2930 in
867 2892 990 2946 quo,
1016 2877 1069 2931 id
1099 2886 1182 2932 est
1208 2877 1262 2930 in
1293 2877 1458 2931 verbo
1497 2877 1608 2944 illo,
1642 2877 1773 2930 mihi
1799 2891 1940 2947 spent
1964 2877 2172 2932 dedisti.

607 2967 768 3033 Quasi
795 2965 939 3020 dicat
969 2984 982 3019 :
1015 2966 1120 3020 Alii
1152 2979 1300 3036 spem
1338 2975 1490 3020 ’suam
1520 2974 1727 3034 ponunt
1769 2967 1822 3021 in
1853 2981 1985 3021 auro
2010 2967 2092 3022 vel
2123 2968 2175 3022 in

610 3056 904 3122 similibus,
929 3070 1029 3126 ego
1069 3063 1278 3110 tantum
1312 3057 1368 3111 in
1396 3057 1546 3111 verbo
1591 3065 1705 3123 tuo,
1734 3067 1789 3111 et
1810 3058 1912 3112 hoc
1935 3072 2040 3112 non
2087 3058 2172 3112 in-

609 3144 898 3200 frnctuose.
940 3145 1074 3199 Nam
1102 3146 1232 3209 lucc,
1259 3159 1384 3214 spes
1413 3145 1596 3199 habita
1624 3146 1678 3199 in
1721 3147 1888 3201 verbo
1911 3155 2022 3212 tuo,
2051 3163 2173 3202 eon-

2279 1972 2380 2027 hoc
2408 1987 2797 2043 usquequaque,
2840 1974 2891 2026 id
2915 1983 3019 2039 est,
3047 1975 3355 2030 omnimoda
3382 1976 3614 2040 ratione,
3645 1977 3774 2046 quia
3798 1992 3854 2031 se

2275 2063 2376 2119 sibi
2407 2064 2538 2119 deos
2568 2064 2836 2119 fecerunt.
2867 2065 2979 2136 Ego
3006 2075 3184 2120 autem
3215 2075 3432 2136 recepta
3458 2083 3554 2136 spe
3577 2068 3735 2124 verbi
3759 2071 3850 2133 tui,

2280 2171 2299 2203 ε
2341 2168 2370 2206 a
2397 2152 2514 2223 lege
2554 2162 2643 2206 tua
2665 2169 2768 2207 non
2799 2153 3087 2219 declinavi,
3119 2174 3138 2207 ι
3165 2157 3260 2210 sed
3302 2173 3322 2207 ι
3359 2171 3571 2213 memor
3599 2159 3677 2212 l'ui
3714 2160 3853 2229 indi-

2275 2243 2482 2298 ciorum
2513 2251 2727 2298 tuorum
2753 2259 2783 2298 a
2805 2244 3019 2310 sacculo,
3059 2264 3077 2297 ι
3111 2245 3163 2301 id
3185 2254 3290 2312 est,
3313 2246 3383 2302 ab
3412 2249 3641 2303 exordio
3671 2250 3852 2304 mundi

2275 2333 2467 2402 primis
2513 2335 2827 2403 parentibus
2872 2337 3278 2392 exhibitorurn:
3316 2345 3373 2392 et
3419 2338 3648 2408 defectio
3692 2344 3849 2394 tenuit

2277 2439 2378 2486 me,
2426 2422 2478 2476 id
2523 2431 2629 2488 est,
2652 2423 2866 2479 taedium
2905 2441 2990 2488 me
3017 2427 3267 2492 detinuit,
3299 2447 3317 2479 ε
3345 2442 3446 2498 pro
3471 2432 3851 2499 peccatoribus

2275 2510 2770 2580 derelinquentibus
2810 2513 2980 2584 legem
3023 2524 3188 2570 tuam.
3223 2536 3242 2568 ι
3280 2517 3349 2572 Et
3392 2527 3575 2574 tamen
3612 2539 3633 2571 ι
3665 2531 3848 2577 canta-

2275 2601 2409 2657 biles
2433 2605 2560 2658 mihi
2589 2615 2742 2660 erant
2781 2604 3196 2673 iustiﬁcationes
3225 2619 3329 2665 tuze
3353 2612 3405 2665 in
3433 2612 3554 2667 loco
3596 2615 3844 2684 peregri-

2275 2694 2510 2748 nationis
2533 2710 2684 2750 meaa.
2725 2714 2744 2746 ι
2775 2696 2911 2750 Nam
2943 2717 2963 2748 ‹
2992 2714 3201 2754 memor
3238 2699 3313 2754 fui
3343 2701 3399 2755 in
3421 2711 3585 2757 nocte
3609 2706 3848 2758 nominis

2276 2783 2376 2846 tui,
2414 2782 2659 2849 Domine,
2704 2793 2759 2839 et
2795 2787 3060 2842 custodivi
3112 2789 3284 2858 legem
3329 2797 3496 2845 tuam.
3552 2791 3686 2847 llaec
3717 2792 3848 2846 facta

2274 2881 2357 2926 est
2381 2873 2535 2938 mihi,
2567 2875 2692 2944 quia
2709 2876 3121 2946 iustiﬁcationes
3148 2883 3272 2934 tuas
3296 2880 3587 2950 exquisivi.
3637 2901 3658 2932 s

2345 2959 2524 3015 lls'ru.
2553 2983 2668 3013 -ι
2718 2963 2902 3019 Portio
2953 2981 3090 3030 mea,
3132 2967 3378 3032 Domine,
3427 2970 3540 3025 dixi
3576 2972 3850 3025 custodire

2278 3065 2297 3099 ι
2345 3049 2514 3119 legem
2541 3059 2707 3104 tuam.
2741 3054 3070 3122 Deprecatus
3093 3071 3210 3109 sum
3241 3056 3430 3111 faciem
3473 3067 3618 3112 tuam
3655 3059 3709 3112 in
3744 3071 3851 3113 toto

2282 3156 2301 3190 ι
2346 3139 2509 3193 corde
2563 3155 2684 3196 meo
2716 3159 2728 3194 :
2760 3143 3020 3198 miserere
3059 3145 3166 3198 mei
3219 3145 3517 3200 secundum
3575 3147 3848 3217 eloquium

610 3233 782 3286 solata
805 3242 881 3287 est
909 3249 991 3287 me
1015 3233 1070 3286 in
1099 3233 1393 3287 humilitate
1429 3249 1565 3298 mea,
1596 3233 1649 3287 id
1690 3233 1853 3288 estin
1879 3232 2174 3302 dejectione
2200 3221 2246 3283 C
2281 3248 2301 3282 ι
2345 3239 2517 3284 tuum.
2539 3231 2780 3304 Cogitavi
2808 3233 2924 3288 vias
2954 3249 3124 3300 meas,
3149 3243 3206 3289 et
3237 3238 3474 3292 converti
3505 3239 3675 3308 pedes
3703 3255 3848 3294 meos

611 3335 752 3386 mea,
783 3320 867 3376 vel
895 3319 1184 3375 alllictione
1205 3335 1368 3390 quam
1392 3321 1570 3391 patior
1608 3321 1660 3375 in
1686 3321 1788 3376 hac
1814 3322 1944 3376 vita.
1971 3323 2036 3377 Et
2058 3323 2178 3379 ideo

619 3428 639 3460 ‹
678 3409 957 3464 consolata
977 3417 1068 3464 'est
1091 3424 1179 3465 me
1214 3428 1232 3462 ι
1251 3424 1376 3480 spes
1404 3418 1518 3475 tua,
1545 3427 1566 3461 ι
1591 3411 1716 3480 quia
1737 3410 2009 3480 eloquium
2027 3421 2176 3490 tuum

610 3498 906 3553 viviﬁcavit
947 3513 1058 3564 me,
1092 3517 1112 3551 ι
1141 3499 1268 3568 quia
1292 3508 1348 3554 tu
1390 3501 1683 3569 promisisti
1717 3511 1768 3556 te
1797 3503 2094 3572 adiutorem
2122 3503 2175 3557 in

613 3589 1081 3655 tribulationibus;
1104 3590 1257 3660 juxta
1288 3589 1416 3645 illud
1449 3608 1463 3644 :
1499 3609 1518 3642 t
1554 3590 1754 3646 Fidelis
1782 3591 1922 3647 Deus
1951 3593 2041 3662 qui
2070 3608 2174 3648 non

610 3680 848 3748 patietur
891 3693 988 3734 vos
1035 3680 1230 3734 tentari
1270 3694 1431 3750 supra
1463 3680 1514 3733 id
1551 3681 1692 3749 quod
1723 3682 1944 3750 potestis
1971 3681 2024 3752 (Ι
2051 3682 2173 3736 Cor.

615 3767 691 3835 χ).
721 3785 740 3818 s
774 3784 793 3818 ι
823 3765 947 3822 llam
966 3781 1053 3822 me
1073 3767 1348 3822 consolata
1377 3777 1462 3822 est
1483 3769 1535 3822 in
1568 3769 1868 3825 humilitate
1888 3785 2025 3825 mea.
2058 3791 2077 3823 ι
2110 3771 2176 3825 Et

608 3869 740 3910 ecce
776 3855 918 3911 unde
965 3855 1241 3911 humilitas
1287 3856 1574 3925 processit,
1600 3857 1726 3926 quia
1770 3859 1976 3928 superbi
2003 3860 2177 3930 inique

611 3945 830 4012 agebant
863 3960 1251 4015 usquequaque.
1289 3945 1517 4014 Superbi
1557 3956 1683 4002 sunt
1724 3963 1860 4017 quos
1889 3963 1993 4003 non
2044 3949 2175 4004 edc-

611 4037 748 4090 muit
772 4036 1027 4091 damnum
1057 4038 1480 4094 immortalitatis
1503 4047 1557 4093 et
1583 4038 1786 4110 gloriae,
1808 4055 1968 4111 quam
1997 4041 2177 4110 perdi-

612 4126 806 4180 derunt
842 4125 896 4179 in
941 4126 1119 4195 primo
1148 4136 1392 4196 parente.
1424 4125 1489 4181 lli
1535 4127 1717 4198 inique
1743 4129 2012 4198 agebant:
2050 4130 2174 4200 quia

609 4216 738 4283 quid
784 4215 1043 4285 iniquius,
1091 4231 1254 4286 quam
1304 4217 1454 4272 illum
1498 4218 1624 4274 odio
1659 4218 1859 4274 habere
1885 4234 2042 4288 quem
2072 4221 2176 4276 scit

609 4303 863 4374 diligere?
895 4305 962 4359 Et
985 4321 1374 4377 usquequaque,
1406 4307 1460 4362 id
1501 4316 1582 4362 est
1609 4308 1916 4365 omnimoda
1967 4310 2176 4364 ratione

608 4393 783 4462 inique
833 4394 1077 4463 agebant,
1115 4395 1239 4464 quia
1289 4412 1393 4451 non
1421 4405 1630 4452 tantum
1656 4413 1764 4454 non
1792 4399 1962 4468 piguit
1989 4415 2047 4455 se
2076 4399 2176 4454 im-

608 4481 726 4550 pios
756 4496 899 4547 esse,
941 4483 1036 4538 sed
1085 4483 1203 4553 pios
1248 4485 1537 4540 studebant
1585 4485 1764 4542 facere
1808 4487 2020 4557 impios.
2063 4487 2175 4558 Ego

2280 3338 2300 3374 ε
2345 3321 2398 3375 in
2432 3321 2737 3377 testimonia
2783 3330 2896 3378 tua.
2939 3323 3169 3380 Paratus
3202 3341 3320 3381 sum
3366 3337 3423 3382 et
3451 3343 3558 3383 non
3587 3345 3711 3384 sum
3743 3341 3849 3384 tur-

2281 3424 2300 3458 ι
2344 3407 2526 3473 batus,
2556 3418 2614 3463 ut
2641 3398 2939 3466 custodiam
2970 3414 3223 3468 mandata
3253 3423 3361 3468 tua.
3388 3415 3568 3472 Funes
3593 3428 3849 3487 peccato-

2280 3517 2299 3549 ‹
2347 3513 2462 3552 rum
2488 3499 2838 3569 circnmplexi
2867 3511 3120 3566 suntme,
3150 3512 3206 3558 et
3225 3502 3393 3574 legem
3426 3512 3571 3559 tuam
3595 3522 3702 3561 non
3729 3522 3846 3561 sum

2279 3603 2298 3638 ι
2343 3587 2563 3642 oblitus.
2610 3589 2781 3644 Media
2834 3599 2991 3645 nocte
3048 3592 3332 3662 surgeb‘am
3367 3594 3434 3648 ad
3478 3594 3846 3651 conﬁtendum

2279 3694 2299 3728 ι
2343 3679 2441 3733 tibi
2490 3693 2654 3748 super
2699 3679 2902 3747 iudicia
2945 3681 3350 3750 iustiﬁcationis
3399 3695 3524 3740 tute.
3566 3687 3846 3756 Particeps

2280 3785 2299 3818 ι
2343 3781 2443 3838 ego
2471 3784 2587 3822 sum
2615 3771 2854 3824 omnium
2907 3771 3207 3827 timentium
3240 3783 3290 3829 te
3342 3783 3396 3829 et
3423 3777 3844 3830 custodientium

2279 3875 2297 3908 ι
2343 3859 2594 3912 mandata
2645 3867 2754 3912 tua.
2815 3860 3201 3927 Misericordia,
3257 3863 3501 3928 Domine,
3555 3865 3720 3934 plena
3766 3875 3845 3919 est

2279 3965 2300 3998 ι
2346 3957 2508 4014 terra,
2524 3950 2941 4018 iustiﬁcationes
2976 3962 3094 4008 tuas
3123 3954 3256 4008 doce
3286 3969 3391 4010 me.
3435 3973 3452 4005 ι

2848 4041 3140 4096 ΕΝΑΠΠΑ
3153 4043 3294 4098 ΤΙΟ.

2345 4126 2524 4182 Portio
2552 4145 2686 4195 mea,
2721 4129 2954 4185 Domine.
2981 4131 3115 4198 Quia
3146 4133 3548 4202 justi/icationes
3571 4137 3843 4207 exquisivi.

2271 4236 2400 4291 ergo
2430 4222 2670 4286 Domine,
2719 4223 2846 4278 doce
2869 4225 3274 4293 justi/icationes
3303 4237 3421 4280 luas
3451 4244 3468 4281 :
3499 4229 3648 4296 quod
3679 4239 3765 4283 est
3793 4230 3840 4281 in

2273 4309 2380 4363 ﬁne
2403 4309 2611 4378 psalmi.
2659 4310 2802 4366 Doce
2833 4313 2953 4367 dico
2977 4322 3037 4367 ut
3063 4327 3279 4383 semper
3306 4315 3359 4369 in
3399 4319 3476 4371 eis
3513 4319 3796 4385 proﬁciam
3836 4343 3840 4370 ;

2272 4409 2330 4453 et
2360 4401 2526 4454 debes
2552 4400 2746 4455 docere
2772 4403 2896 4472 quia
2935 4412 2988 4456 tu
3017 4417 3076 4458 es
3101 4406 3269 4473 portio
3299 4421 3434 4469 mea,
3463 4407 3685 4462 Domine
3707 4422 3725 4458 :
3755 4409 3839 4460 alii

2275 4491 2531 4544 mundum
2577 4490 2798 4560 eligant,
2825 4505 2925 4562 ego
2952 4500 3004 4548 te
3047 4494 3177 4548 mihi
3209 4505 3413 4564 partem
3449 4513 3461 4548 :
3494 4506 3549 4550 et
3577 4497 3841 4565 quomodo

613 4589 633 4620 ι
679 4579 856 4625 autem
881 4587 910 4626 a
939 4571 1056 4642 lege
1081 4582 1170 4627 tua
1197 4589 1304 4629 non
1326 4575 1610 4640 declinavi,
1641 4596 1659 4628 ι
1686 4577 1779 4632 sed
1818 4596 1838 4628 t
1871 4553 2078 4633 memor
2098 4553 2172 4633 ﬁni
2200 4553 2251 4612 D
2278 4582 2400 4636 hic?
2425 4581 2560 4649 Quia
2591 4553 2722 4649 diri,
2781 4553 2833 4637 id
2859 4553 2962 4648 est,
2994 4553 3224 4640 ﬁrmiter:
3247 4587 3410 4640 statui
3440 4587 3580 4655 apud
3595 4553 3718 4648 .me,
3755 4605 3841 4638 ru-

603 4658 929 4726 iudiciorum
959 4673 1173 4718 tuorum
1201 4680 1231 4717 a
1255 4665 1472 4731 saeculo,
1503 4667 1745 4734 Domine,
1779 4688 1798 4721 ι
1844 4671 2061 4726 tandem
2083 4671 2174 4725 l'u-

609 4760 852 4804 turorum
890 4751 944 4805 in
973 4767 1103 4807 vasa
1147 4754 1264 4820 irae,
1293 4765 1341 4809 et
1375 4758 1674 4814 consolatus
1701 4776 1818 4813 sum
1841 4761 1894 4815 in
1921 4777 2048 4817 vasa
2075 4764 2178 4818 mi-

606 4838 939 4904 sericordiae,
959 4855 1077 4909 qute
1101 4845 1304 4898 attendi
1333 4853 1420 4899 tua
1458 4848 1632 4916 gratia
1662 4863 1784 4905 esse
1801 4851 2078 4907 salvanda.
2109 4854 2176 4908 Et

607 4925 733 4994 quis
778 4940 984 4982 memor
1031 4928 1103 4982 fui
1129 4929 1453 4998 iudiciorum
1480 4934 1532 4987 in
1565 4950 1694 4990 vasa
1735 4937 1850 4992 iraa.
1880 4957 1900 4989 ι
1935 4939 2174 5012 Deiectio

597 5016 888 5071 tenuitme
929 5031 1027 5088 pro
1054 5022 1432 5088 peccatoribus
1477 5024 1973 5094 derelinquentibus
2001 5028 2171 5098 legem

607 5112 777 5170 tuam,
810 5124 828 5157 ι
862 5106 913 5162 id
938 5115 1022 5161 est
1069 5108 1299 5164 taedebat
1335 5124 1420 5164 me
1461 5115 1774 5168 conversari
1809 5115 1952 5168 inter
1981 5130 2174 5184 pecea-

607 5202 773 5248 tores.
805 5195 873 5249 Et
919 5195 1047 5265 quia
1087 5198 1396 5254 consolatus
1424 5216 1544 5256 sum
1575 5203 1628 5256 in
1659 5203 1863 5258 divitiis
1893 5205 2034 5260 vasis
2073 5206 2174 5262 mi-

604 5284 914 5360 sericordiae
961 5285 1258 5353 promissis,
1291 5289 1596 5354 cantabiles,
1640 5291 1693 5345 id
1723 5301 1805 5347 est
1849 5293 2168 5360 laudabiles,

604 5381 753 5427 erant
781 5374 908 5426 mihi
924 5374 1328 5444 justiﬁcationes
1357 5387 1480 5444 tute,
1514 5380 1564 5434 id
1595 5389 1678 5435 est
1707 5381 1908 5451 ﬂagella
1953 5393 2041 5438 tua
2083 5384 2171 5454 iu-

603 5460 913 5525 stiﬁcantia,
943 5462 998 5516 in
1029 5463 1141 5516 loco
1180 5466 1614 5534 peregrinationis
1637 5483 1803 5523 mete:
1836 5471 1887 5524 in
1913 5471 2016 5526 hac
2062 5474 2168 5526 vita

603 5551 872 5615 videlicet,
903 5553 993 5606 ubi
1021 5554 1250 5622 quisque
1278 5558 1650 5627 peregrinatur
1679 5574 1709 5612 a
1735 5559 1980 5623 Domino,
2003 5571 2054 5615 et
2080 5563 2168 5617 ubi

606 5653 710 5692 non
753 5643 1080 5696 cantandum
1131 5652 1232 5708 est,
1287 5647 1379 5701 sed
1430 5650 1770 5714 gemendum.
1805 5650 1870 5704 Et
1898 5651 2169 5720 quomodo

608 5727 736 5781 mihi
762 5727 1172 5794 iustiﬁcationes
1219 5742 1321 5787 tute
1348 5745 1504 5790 erant
1533 5737 1864 5792 cautabiles?
1895 5739 2026 5805 Quia
2056 5758 2163 5794 nte-

2275 4672 2468 4724 stodire
2496 4670 2655 4739 legem
2704 4682 2868 4726 tuam.
2904 4673 3031 4741 Ejus
3075 4676 3217 4728 enim
3265 4690 3391 4744 pars
3417 4685 3499 4730 est
3548 4675 3838 4738 Dominus,

2274 4761 2365 4827 qui
2415 4759 2586 4829 legem
2633 4775 2784 4814 suam
2831 4761 3084 4816 custodit.
3140 4761 3248 4815 Lex
3295 4773 3474 4817 autem
3521 4766 3836 4822 custoditur.

2277 4851 2493 4918 quando
2521 4851 2742 4920 spiritus
2785 4850 3137 4905 viviﬁcaudus
3182 4850 3394 4918 adjuvat
3422 4867 3508 4908 me
3540 4869 3608 4907 ne
3664 4853 3838 4907 littera

2274 4941 2502 4994 occidat.
2530 4940 2596 4993 Et
2621 4940 2874 5008 quoniam
2909 4955 3012 4994 non
3041 4951 3125 4994 est
3154 4941 3384 4996 hominis
3416 4950 3472 4994 ut
3505 4956 3604 5011 per
3631 4957 3690 4996 se
3721 4959 3836 5010 pos-

2277 5029 2347 5084 sit
2372 5028 2644 5083 custodire
2678 5027 2847 5098 legem
2881 5028 3113 5094 Domini,
3163 5037 3220 5083 et
3263 5029 3593 5084 invocandus
3631 5042 3714 5084 est
3745 5030 3839 5082 Do-

2278 5117 2472 5171 minus.
2525 5115 2617 5171 Sic
2645 5117 2787 5172 enim
2818 5118 2950 5173 ﬁdes
2990 5118 3257 5188 impetrat,
3285 5119 3427 5188 quod
3456 5119 3540 5173 lex
3577 5121 3833 5188 imperat;

2276 5206 2417 5275 quod
2446 5206 2546 5261 iste
2573 5208 2858 5262 attendens
2884 5208 3014 5262 dicit
3040 5224 3055 5262 :
3088 5225 3106 5258 ι
3143 5207 3468 5276 Deprecatus
3495 5225 3616 5262 sum
3649 5208 3836 5264 faciem

2278 5303 2446 5348 tuam.
2502 5314 2521 5347 ι
2564 5295 2727 5362 Quasi
2780 5296 2963 5351 dicat:
3000 5296 3070 5352 Ut
3111 5297 3408 5352 custodiam
3457 5297 3632 5365 legem
3677 5307 3833 5359 tuam,

2267 5386 2400 5454 quia
2429 5401 2526 5456 per
2553 5402 2638 5442 me
2668 5403 2772 5442 non
2799 5402 3040 5457 possum,
3078 5407 3097 5440 ί
3127 5389 3445 5458 deprecatus
3495 5405 3618 5444 smn
3652 5390 3832 5446 facient

2277 5483 2456 5537 tuam,
2510 5493 2528 5526 ι
2572 5476 2624 5530 id
2672 5486 2789 5541 est,
2843 5477 2999 5532 valde
3048 5487 3298 5550 precatus
3350 5493 3468 5532 sum
3515 5477 3832 5546 adiutorium

2277 5559 2448 5628 tuum,
2496 5573 2551 5618 et
2595 5567 2952 5635 cognitionem
3003 5575 3146 5618 tuam
3194 5568 3247 5619 in
3279 5577 3385 5620 toto
3412 5567 3568 5620 corde
3598 5584 3708 5621 meo
3759 5568 3830 5620 di-

2273 5666 2442 5706 cens:
2477 5651 2720 5710 Miserere
2763 5654 2883 5718 mei,
2932 5654 3228 5721 gradientis
3269 5655 3506 5719 sciiicet,
3558 5654 3830 5710 secundum

2274 5743 2529 5813 eloquium
2577 5754 2720 5796 tuum
2749 5757 2764 5794 :
2798 5752 2848 5796 et
2877 5744 3037 5797 debes
3069 5745 3328 5809 misereri,
3362 5747 3487 5814 quia
3516 5747 3748 5815 cogitari,
3781 5745 3828 5796 id
