4034 6422
165 480 274 536 746

148 863 319 918 cbras
346 881 358 916 :
392 874 446 919 et
476 866 767 936 i'ntautum,
800 876 943 942 quod
976 892 990 928 :
1027 895 1045 927 ι
1069 877 1297 938 Paratus
1319 900 1438 941 sum
1476 908 1493 939 ι
1522 890 1587 944 ad
1616 893 1738 960 hoc,

152 974 176 1007 ι
204 966 268 1011 ιιι
297 959 595 1014 custodiam
631 965 883 1021 mandata
917 976 1027 1035 tua,
1061 981 1114 1026 et
1140 990 1246 1028 non
1278 992 1394 1032 sum
1426 981 1692 1051 turbatus,
1716 1006 1733 1039 ›

146 1048 203 1102 in
238 1049 349 1104 illis
380 1051 814 1111 tribulationibus
841 1058 924 1114 vel
947 1065 1239 1133 pressuris,
1267 1083 1389 1123 cum
1422 1080 1598 1128 tamen
1632 1092 1735 1131 non

142 1142 296 1197 desit
325 1159 488 1200 causa
536 1148 681 1205 unde
727 1152 976 1208 turbarer
1002 1169 1017 1209 :
1047 1158 1175 1225 quia
1210 1177 1229 1211 ι
1268 1159 1443 1219 Funes
1488 1179 1737 1235 peccato-

142 1252 274 1289 rum
302 1237 648 1309 circumplexi
684 1254 812 1300 sunt
850 1262 957 1303 me.
996 1267 1015 1303 ι
1049 1250 1232 1309 Funes
1258 1269 1606 1325 peccatorum
1641 1264 1737 1326 im-

137 1319 456 1397 pedimenta
484 1343 612 1388 sunt
638 1333 1002 1408 inimicorum,
1030 1343 1145 1400 sive
1171 1347 1556 1420 spiritualium,
1587 1355 1731 1413 sicut

135 1422 347 1478 diaboli
392 1433 448 1478 et
494 1427 808 1496 angelorum
837 1432 993 1504 ejus:
1027 1436 1142 1493 sive
1169 1442 1488 1511 carnalium,
1536 1447 1588 1503 in
1613 1452 1733 1520 qui-

138 1512 252 1569 bus
305 1524 365 1569 ut
396 1517 449 1570 in
486 1518 613 1575 ﬁliis
660 1520 968 1581 difﬁdentia:
1012 1539 1272 1600 operatur
1312 1536 1574 1596 diabolus.
1623 1512 1727 1613 ipsi

132 1605 288 1658 enim
336 1611 589 1679 augendo
617 1624 899 1682 peccatum
949 1632 1197 1690 peccato,
1248 1630 1403 1696 quasi
1454 1631 1610 1690 funes
1648 1635 1728 1692 fa-

133 1696 312 1763 ciunt,
350 1709 406 1753 et
433 1712 715 1771 peccatum
763 1722 920 1763 suum
950 1710 1091 1767 sicut
1138 1727 1335 1772 restem
1366 1719 1580 1795 longam
1612 1735 1720 1781 tra-

131 1786 294 1856 hunt,
342 1800 397 1845 et
423 1792 549 1850 hinc
593 1806 809 1855 sanctos
858 1800 1136 1875 implicare
1188 1821 1478 1880 conantur,
1523 1825 1579 1872 et
1622 1819 1723 1875 ali-

130 1882 354 1948 quando
383 1886 773 1952 permittuntur
800 1906 815 1948 :
847 1894 939 1949 sed
968 1896 1012 1950 si
1044 1896 1325 1967 implicant
1354 1919 1574 1977 corpus,
1606 1926 1713 1968 non

130 1968 417 2039 implicant
460 1975 718 2045 animam,
752 1983 896 2051 quod
943 1984 995 2039 in
1031 1986 1135 2043 isto
1151 1978 1385 2061 apparet
1417 1968 1508 2067 qui
1540 1968 1670 2057 dicit

2383 1968 2434 1977 _-
2468 1968 2565 1980 ..νη
2596 1968 2878 1989 "manu..."

1820 2010 1922 2063 est,
1974 2007 2267 2062 secundum
2305 1996 2695 2080 promissioues
2740 2031 2878 2082 tuas.

137 2077 155 2110 ι
186 2060 392 2133 Legem
422 2073 567 2121 tuam
599 2085 703 2125 non
741 2087 861 2128 sum
903 2075 1135 2146 oblitus;
1172 2060 1207 2133 »ί
1228 2060 1323 2139 sed
1348 2088 1529 2157 potius
1560 2110 1572 2146 :
1604 2093 1717 2150 lle-

130 2151 213 2205 dia
243 2164 396 2209 nocte
426 2159 720 2228 surgebam,
753 2162 805 2218 id
834 2175 937 2231 est,
978 2167 1172 2226 fortior
1198 2173 1423 2245 fiebam,
1458 2181 1529 2235 ad
1553 2188 1718 2251 con/i-

125 2244 341 2299 tendum
368 2248 483 2303 tibi.
520 2249 625 2306 Per
654 2255 887 2311 mediam
942 2272 1155 2318 noctem
1191 2269 1409 2334 gravior
1451 2275 1717 2345 accipitur

128 2333 427 2403 tribulatio,
453 2338 507 2395 in
538 2356 642 2411 qua
674 2345 1018 2407 tribulatione
1048 2369 1152 2410 non
1180 2333 1398 2416 aﬂlictio
1422 2377 1545 2420 eum
1569 2333 1711 2438 deji-

123 2436 290 2492 ceret,
325 2429 421 2485 sed
443 2434 768 2493 exercitaret
797 2450 856 2495 ut
879 2456 1145 2516 surgeret,
1174 2458 1229 2505 et
1254 2454 1321 2508 ad
1347 2456 1710 2519 conﬁtendum

124 2514 322 2575 iartius
350 2521 655 2590 proliceret.
700 2529 778 2584 De
807 2530 910 2587 hac
933 2514 1280 2599 tribulatione
1309 2543 1500 2603 Petrus
1524 2550 1661 2607 dixit
1695 2573 1706 2608 :

126 2624 143 2656 ι
187 2606 428 2679 Tempus
489 2622 546 2669 ut
592 2615 813 2688 incipiat
871 2620 1139 2695 ﬂagellum
1169 2630 1234 2686 ia
1280 2632 1443 2694 doma
1495 2606 1706 2698 Domini

117 2702 169 2773 (1
218 2703 366 2760 Petr.
396 2707 491 2780 ιν).
532 2728 551 2763 ι
582 2710 647 2767 Et
670 2713 717 2769 si
748 2714 960 2773 initium
992 2736 1024 2776 a
1074 2725 1251 2791 nobis,
1300 2730 1423 2799 quis
1452 2733 1573 2792 linis
1603 2740 1707 2794 erit

118 2794 233 2851 illis
263 2797 355 2866 qui
405 2814 506 2855 non
556 2803 814 2861 obediunt
864 2807 1194 2882 Evangelio?
1237 2794 1352 2874 Etsi
1390 2818 1571 2889 justus
1615 2826 1705 2880 vix

112 2885 436 2955 salvabitur,
469 2890 667 2962 impius
696 2905 750 2951 et
781 2910 1038 2966 peccator
1072 2905 1160 2961 ubi
1202 2885 1501 2978 parebunt?
1528 2915 1700 2974 Media

115 2989 274 3035 nocte
302 2985 586 3054 surgebam
637 2990 708 3044 ad
748 2992 1113 3052 conﬁtendum
1151 3000 1269 3067 tibi,
1310 3023 1328 3055 ι
1360 3021 1574 3077 semper
1619 3021 1700 3066 at-

116 3073 339 3129 tendens
375 3093 397 3127 (
432 3092 595 3147 super
613 3079 817 3150 judicia
839 3084 1244 3155 iustificatiouis
1275 3104 1399 3162 tuae,
1440 3119 1457 3150 ι
1478 3073 1695 3173 ﬂagella

120 3172 195 3216 tua
222 3179 349 3233 qua:
370 3165 694 3234 iustificam.
730 3171 1031 3233 Notandum
1079 3183 1222 3251 quod
1260 3185 1408 3253 dicit,
1435 3165 1697 3262 superja-

114 3254 267 3322 dicio,
301 3259 430 3328 quia
463 3276 587 3317 eum
618 3279 724 3320 non
768 3271 1064 3338 gravabant
1093 3274 1303 3347 ﬂagella
1334 3254 1564 3347 Domini,
1596 3254 1690 3343 sed

110 3346 158 3400 in
181 3349 263 3403 eis
291 3350 589 3411 delectatus
614 3365 720 3421 est,
752 3362 1038 3419 attendens
1063 3346 1189 3437 quia
1229 3388 1248 3420 ι
1286 3370 1519 3443 ﬂagellat
1550 3378 1689 3436 Deus
1717 3381 1766 3442 C.

110 3456 128 3488 ι
152 3455 375 3498 omnem
403 3443 569 3502 filium
594 3464 754 3517 quem
780 3453 968 3524 recipit
996 3456 1181 3525 (Prov.
1206 3462 1310 3533 ιιι).
1338 3483 1356 3517 ι
1391 3465 1689 3538 Surgebam

102 3529 166 3582 ad
185 3531 555 3591 conﬁtendum
584 3539 701 3605 tibi,
734 3559 753 3594 ι
776 3541 828 3596 id
854 3553 955 3607 est,
976 3546 1241 3605 intantum
1270 3529 1411 3624 quod
1435 3529 1691 3633 parnceps

101 3620 279 3679 factus
326 3643 445 3681 sum
486 3632 719 3686 omnium
768 3635 1062 3693 timentium
1094 3652 1185 3697 te:
1216 3644 1297 3699 sic
1326 3648 1577 3705 videlicet
1618 3654 1687 3707 ti-

98 3720 365 3775 mentium
394 3731 454 3777 ιιι
481 3727 790 3783 custodiant
840 3732 1094 3788 mandata
1125 3746 1239 3790 tua.
1292 3739 1357 3793 Et
1400 3750 1458 3795 ut
1507 3744 1687 3813 plures

97 3814 353 3869 ostendat
385 3829 504 3871 esse
534 3833 763 3887 quorum
816 3826 1091 3897 particeps
1119 3826 1295 3885 factus
1328 3844 1432 3899 est,
1463 3836 1687 3905 subjun-

102 3903 206 3971 git:
246 3922 267 3955 ι
303 3904 670 3966 Misericordia
700 3911 911 3971 Domini
942 3918 1098 3989 plena
1131 3932 1214 3976 est
1241 3931 1405 3981 terra.
1451 3947 1467 3978 ι
1518 3929 1681 3999 Quasi

97 3993 279 4050 dicat:
315 3998 645 4057 Benedixisti
693 4006 938 4062 omnium
993 4010 1317 4081 timentium,
1370 4020 1495 4089 quia
1523 4022 1681 4092 plena

92 4097 169 4141 est
196 4097 348 4144 terra
402 4102 774 4162 reparator-um
824 4114 922 4168 per
966 4102 1395 4164 misericordiam
1444 4111 1677 4171 Domini.

97 4177 253 4248 Ergo,
302 4179 545 4247 Domine,
574 4203 593 4235 ι
629 4184 761 4241 doce
810 4204 894 4244 me
920 4189 1336 4261 iustificationes
1384 4209 1523 4268 tuas,
1565 4226 1584 4258 ι
1619 4218 1678 4263 ιιι

96 4280 309 4340 semper
339 4268 393 4324 in
422 4273 616 4329 melius
646 4278 951 4345 proﬁciam.

149 4358 332 4416 Τετιι.
364 4393 434 4403 -
466 4381 485 4416 ι
519 4366 817 4426 Bonitatem
852 4373 1026 4431 fecisti
1081 4396 1205 4435 eum
1234 4399 1391 4441 servo
1421 4398 1535 4453 tuo,
1569 4391 1674 4444 Do-

92 4470 107 4501 ι
144 4454 318 4521 mine,
349 4460 643 4516 secundum
674 4467 897 4522 verbum
953 4480 1123 4526 tuum.
1169 4475 1471 4535 Bonitatem
1502 4493 1554 4537 et
1586 4485 1669 4539 di-

88 4563 101 4593 ι
147 4545 437 4615 sciplinam
489 4560 545 4605 et
589 4554 871 4611 scientiam
917 4562 1049 4617 doce
1074 4579 1181 4630 me,
1232 4570 1357 4637 quia
1399 4574 1669 4630 mandatis

86 4654 101 4685 ι
148 4636 260 4691 tuis
294 4639 523 4696 credidi.
571 4642 896 4720 Priusquam
945 4636 1266 4713 bumiliarer
1290 4676 1389 4732 ego
1415 4662 1614 4734 deliqui
1651 4684 1662 4717 :

1278 494 1814 563 ENARRATIONES
1853 509 1918 564 IN
1954 512 2290 576 PSALMOS.

157 601 269 655 est,
301 594 552 664 proposui
582 596 737 666 mihi,
764 587 872 656 vias
894 620 1054 671 meas,
1087 604 1275 672 fmdas,
1312 622 1369 669 ut
1394 626 1634 673 avertem
1666 637 1752 678 me
1779 629 1828 687 Λ
1858 636 1915 681 ιιι
1934 644 2021 684 me
2044 631 2337 692 delectaret
2366 640 2587 702 bonum.
2607 647 2704 703 Cui

158 682 224 703 ,ι
266 682 413 703 ,..,__
458 695 492 703 ί,
558 702 565 703 ,
741 690 775 703 -.
902 692 914 703 .
1230 700 1279 703 η

1779 682 1828 687 __
2000 682 2014 684 _
2140 682 2337 692 ---ην-
2366 682 2587 702 ...,........
2608 682 2704 703 υ...

154 682 230 737 ab
264 682 413 738 illis:
444 695 492 738 et
543 690 775 743 converti
812 692 967 760 pedes
1018 712 1178 763 meos,
1228 700 1280 753 id
1307 712 1392 758 est
1427 706 1746 767 alﬂictiones
1849 717 2259 778 delectationem
2287 726 2432 795 boni,
2473 742 2525 787 et
2552 738 2639 790 cui
2670 739 2740 794 do

153 786 333 836 meas,
381 774 436 828 in
484 776 778 833 testimonia
824 792 940 848 tua,
989 785 1042 840 id
1076 800 1177 852 est,
1216 790 1414 850 invias
1464 806 1583 855 tuas
1622 802 1771 871 pul-q

3327 551 3430 609 746

2752 646 2892 708 Deus
2915 660 3179 729 propitius
3205 669 3432 738 Inspirat

1846 817 1907 863 ut
1934 825 2032 880 per
2068 814 2390 875 charitatem
2443 827 2623 881 veniat
2675 831 2741 886 ad
2794 826 3139 896 dilectionem
3175 849 3425 914 proximi.

1845 910 1969 951 cum
1997 914 2061 955 eo
2093 896 2233 958 Deus
2257 902 2453 965 bonum
2482 910 2627 970 facit.
2659 916 2792 975 Nam
2826 939 3077 997 magnum
3106 930 3201 988 Dei
3227 936 3426 995 donum

1844 989 2025 1057 habet,
2057 1008 2215 1063 quem
2263 999 2493 1059 delectat
2541 1006 2759 1066 bonum.
2815 1008 2944 1072 Nam
2989 1036 3148 1090 quem
3196 1027 3429 1088 delectat

1841 1078 2063 1149 bonum,
2114 1088 2315 1146 bonum
2357 1099 2499 1165 quod
2534 1098 2665 1157 facit
2695 1122 2798 1161 non
2831 1109 2960 1166 facit
2996 1116 3190 1175 timore
3220 1136 3418 1191 pceuae,

1838 1174 1930 1228 sed
1961 1190 2145 1236 amore
2168 1182 2411 1252 justitim.
2445 1186 2615 1257 Quem
2647 1211 2775 1253 vero
2799 1200 2995 1259 bonum
3024 1224 3130 1264 non
3162 1212 3417 1282 delectat.

1835 1277 1971 1333 opus
2003 1266 2133 1340 legis
2159 1274 2301 1341 quod
2335 1276 2481 1345 facit,
2515 1281 2647 1338 facit
2686 1287 2880 1345 timore
2907 1309 3098 1364 poenze,
3133 1318 3236 1356 non
3270 1320 3417 1362 amo--

1837 1372 1896 1412 re
1916 1357 2164 1425 justitim.
2196 1365 2329 1423 Cum
2358 1370 2500 1429 Deus
2539 1380 2797 1436 metuitur
2822 1394 2877 1439 et
2904 1404 3009 1443 non
3041 1404 3278 1462 amatur,
3306 1414 3413 1455 ser-

1832 1448 2014 1505 viliter
2045 1453 2123 1519 fit,
2175 1473 2281 1513 non
2334 1461 2668 1525 liberaliter:
2700 1488 2890 1532 servus
2936 1491 3116 1538 autem
3165 1486 3414 1557 ejicielur

1833 1536 1876 1557 ._
2056 1545 2123 1557 ,...
2222 1550 2233 1557 .

3088 1536 3115 1538 η
3170 1536 3406 1557 _,_-.-...-

1832 1536 2014 1597 foras:
2053 1545 2191 1603 filius
2220 1550 2271 1604 in
2306 1563 2567 1613 arternum
2597 1572 2780 1620 manet
2831 1568 2883 1623 in
2916 1572 3095 1643 domo,
3127 1582 3251 1648 quia
3283 1599 3412 1653 per-

1833 1631 1959 1653 ΡιΑ.-
2014 1637 2047 1653 κΙ
2139 1640 2170 1653 ⁸-
2292 1643 2315 1653 ’⁵
2540 1651 2547 1653 ⁴

1829 1631 1967 1689 fecta
2001 1637 2239 1697 cbaritas
2287 1643 2433 1702 foras
2478 1651 2642 1708 mittit
2672 1658 2919 1717 timorem
2952 1664 3005 1737 (Ι
3029 1668 3189 1730 Joan.
3220 1631 3317 1746 ι’ιὶ
3343 1678 3413 1733 Ει

1827 1732 1911 1778 est
1953 1728 2306 1798 tequipollens
2335 1736 2517 1795 dicere
2547 1746 2688 1812 quod
2738 1748 2867 1804 dicit
2896 1770 2910 1803 :
3001 1728 3303 1817 Bonitatem
3331 1764 3413 1821 fe-

1826 1812 1946 1868 cisti
1979 1831 2102 1872 cum
2146 1835 2305 1878 servo
2355 1834 2463 1883 tuo.
2501 1849 2520 1882 ι
2557 1832 2720 1900 Quasi
2752 1839 2957 1899 diceret
2985 1863 2998 1899 :
3032 1846 3108 1903 De
3137 1868 3223 1907 me
3250 1869 3411 1912 servo

1826 1913 1918 1963 tuo
1944 1906 2120 1967 fecisti
2155 1914 2347 1986 lilium,
2379 1930 2435 1977 et
2468 1923 2568 2007 hoc
2596 1933 2883 1989 secundum
2911 1940 3122 1998 verbum
3150 1955 3321 2016 tuum,
3355 1953 3407 2009 id

2930 2028 3024 2088 Vel
3071 2035 3241 2105 fecisti
3285 2058 3403 2098 cum

1822 2105 1971 2145 servo
1995 2103 2085 2148 tuo
2112 2095 2415 2171 bonitatem,
2446 2122 2604 2167 servo
2636 2123 2726 2170 tuo
2756 2129 2948 2188 agente
2981 2130 3269 2185 secundum
3297 2150 3406 2188 ver-

1822 2180 1942 2235 bum
1970 2193 2140 2254 tuum,
2179 2190 2231 2245 id
2260 2203 2363 2259 est,
2395 2212 2719 2274 przeceptum
2754 2180 2923 2267 tuum.
2964 2236 2982 2268 ι
3013 2216 3316 2280 Bonitatem
3348 2238 3405 2283 et

1819 2271 2158 2345 disciplinam
2184 2292 2236 2336 et
2265 2287 2547 2347 scientiam
2581 2295 2713 2354 doce
2744 2317 2849 2357 me.
2886 2324 2904 2357 ι
2936 2306 3077 2365 Ecce
3106 2315 3199 2384 qui
3251 2318 3403 2387 prius

1820 2364 2089 2387 ..Α-ιριι---μ-
2139 2385 2150 2387 λ
2197 2382 2207 2387 -
2262 2375 2299 2387 "
2402 2380 2413 2387 ‘

3030 2364 3033 2365 ν
3112 2364 3196 2384 τ--
3251 2364 3398 2387 ,πων

1818 2364 2097 2425 confessus
2127 2382 2214 2427 est
2260 2375 2547 2438 Dominum
2613 2402 2796 2447 secum
2836 2392 3030 2455 fecisse
3076 2402 3398 2477 bonitatem,

1817 2468 1967 2528 rogat
1998 2459 2086 2516 hic
2114 2464 2295 2523 doceri
2325 2469 2377 2524 in
2409 2472 2675 2535 bonitate.
2705 2484 2770 2539 Et
2797 2503 2964 2559 quare
2993 2492 3116 2562 hoc,
3143 2498 3245 2555 nisi
3272 2504 3399 2574 quia

1817 2546 1864 2574 ἶ..
1902 2549 2175 2574 ll..l..-.l:___
2212 2557 2231 2574 ι
2324 2561 2356 2574 ι.
2426 2566 2436 2574 .
2569 2570 2580 2574 -

1816 2546 1866 2600 in
1899 2549 2181 2611 dulcedine
2210 2557 2468 2619 bonitatis
2497 2570 2605 2625 vult
2630 2546 2893 2642 proficere
2918 2582 2939 2635 ?
2966 2546 3398 2659 Nota'quod‘tria

1810 2641 1980 2707 ponit,
2014 2643 2330 2717 bonitatem,
2379 2656 2742 2733 disciplinam,
2791 2671 3096 2732 scientiam.
3146 2680 3281 2737 Nam
3307 2687 3395 2740 cui

1809 2728 1950 2786 Deus
1978 2737 2243 2806 pr0pitius
2271 2728 2653 2816 inspiratboui
2683 2728 3119 2836 delectationem,
3147 2775 3393 2842 profecto

1804 3021 1893 3062 ras
1921 3008 2342 3085 delectationes;
2375 3025 2468 3080 sed
2518 3008 2680 3087 etiam
2712 3049 2811 3104 pro
2849 3039 2941 3096 illo
2966 3047 3235 3114 quaslibet
3261 3070 3385 3122 pcr-

1804 3094 1939 3122 ιω.
1991 3118 2079 3122 Ν
2485 3117 2515 3122 __
2580 3120 2587 3122 ι

1801 3094 1943 3155 ferat
1989 3118 2275 3172 pressuras
2321 3124 2376 3169 et
2430 3117 2850 3184 tribulationes:
2901 3094 3083 3192 etjsic
3127 3094 3386 3200 suavitati

1799 3196 2183 3255 convenienter
2224 3206 2439 3263 additur
2470 3213 2775 3287 disciplina,
2813 3225 2938 3294 quia
2982 3229 3265 3303 disciplina
3303 3250 3388 3294 est

1797 3283 2029 3341 eruditio
2051 3303 2149 3358 per
2176 3294 2454 3355 molestias
2480 3319 2493 3354 :
2525 3315 2579 3359 et
2605 3283 2724 3365 ideo
2752 3283 2856 3369 non
2886 3283 3376 3398 quantulaecunque

1792 3376 2072 3446 suavitati,
2110 3383 2190 3440 vel
2217 3387 2473 3448 charitati
2526 3399 2770 3459 addenda
2817 3376 2917 3463 est.
2946 3410 3249 3484 disciplina,
3274 3376 3380 3475 sed

1798 3474 1904 3521 tam
1932 3485 2141 3543 magna:
2167 3478 2444 3550 charitati,
2477 3502 2597 3557 qua:
2623 3494 2769 3550 nulla
2821 3474 3169 3561 tribulatione
3212 3514 3380 3579 possit

1793 3560 2086 3634 exstingui.
2123 3568 2303 3628 Tertia
2330 3580 2553 3646 ponitur
2590 3586 2835 3658 scientia,
2882 3598 3135 3664 quoniam
3182 3606 3225 3658 si
3259 3622 3377 3660 ma-

1789 3652 2124 3721 gnitudinem
2170 3679 2322 3721 suam
2372 3676 2632 3740 praecedit
2674 3681 2921 3751 scientia,
2979 3704 3085 3745 non
3121 3696 3371 3763 aediﬁcat,

1788 3744 1881 3796 sed
1928 3745 2095 3803 inﬂat.
2128 3750 2262 3808 Cum
2311 3772 2441 3829 ergo
2470 3770 2617 3818 tanta
2672 3766 2831 3827 fuerit
2864 3774 3106 3834 Charitas
3139 3782 3189 3836 iu
3219 3786 3373 3841 boni-

1788 3841 1897 3893 tate
1932 3843 2104 3909 suavi,
2137 3854 2194 3900 ut
2222 3848 2658 3914 tribulationibus
2686 3878 2822 3931 quas
2844 3869 3066 3927 adhibet
3091 3876 3371 3949 disciplina

1786 3944 1891 3983 non
1923 3935 2095 4001 possit
2126 3940 2422 4013 exstingui,
2454 3956 2583 4004 tunc
2630 3955 2775 4011 utilis
2803 3970 2886 4014 est
2916 3964 3162 4034 scientia,
3190 3981 3246 4025 ιιι
3275 3989 3373 4042 per

1782 4024 2068 4082 scientiam
2100 4031 2260 4088 homo
2303 4040 2610 4098 consideret
2638 4049 2765 4116 quid
2796 4050 2983 4121 fuerit,
3014 4069 3070 4113 et
3096 4063 3225 4131 quid
3257 4082 3366 4121 mc-

1784 4117 1971 4182 ruerit,
2000 4129 2054 4174 et
2081 4124 2211 4193 quid
2267 4144 2296 4180 a
2326 4129 2438 4187 Deo
2466 4141 2755 4208 acceperit.
2786 4142 2966 4211 Quare
2997 4162 3147 4207 recto
3171 4158 3363 4213 ordine

1780 4206 1979 4264 dictum
2008 4223 2112 4279 est,
2149 4236 2165 4266 ι
2197 4217 2498 4279 Bonitatem
2545 4206 2968 4304 et‘disciplinam
2999 4245 3361 4303 etscientiam

1780 4298 1912 4354 doce
1948 4318 2053 4357 me.
2091 4324 2108 4356 ι
2140 4306 2305 4373 Quasi
2338 4313 2481 4369 dicat
2510 4334 2523 4371 :
2551 4319 2696 4376 Doce
2721 4323 3021 4393 bonitatem,
3050 4333 3364 4404 inspirando

1776 4388 2096 4448 charitatem
2144 4414 2156 4447 :

1778 4480 1950 4536 tiam:
1982 4484 2114 4541 doce
2158 4490 2450 4561 scientiam,
2499 4498 2851 4561 illuminando
2896 4508 3304 4585 intelligentiam
3341 4540 3353 4574 :

1771 4578 1828 4624 et
1878 4572 1992 4629 haec
2040 4579 2219 4633 omnia
2275 4572 2457 4640 facere
2511 4588 2697 4659 debes,
2731 4613 2750 4646 ι
2785 4597 2911 4665 quia
2945 4572 3215 4665 mandatis
3245 4609 3353 4665 tuis

1772 4665 1999 4733 credidi,
2038 4689 2057 4720 ι
2094 4670 2147 4725 id
2195 4682 2299 4741 est,
2331 4675 2447 4733 bme
2491 4683 2672 4738 omnia
2718 4689 2923 4745 credidi
2980 4710 3078 4763 per
3128 4706 3180 4753 te
3234 4716 3358 4758 esse

2211 4400 2345 4456 doce
2397 4404 2747 4478 disciplinam,
2801 4400 3357 4494 inspirando'patien-

2286 4735 2294 4741 '
2585 4735 2672 4738 "'"
2723 4735 2766 4742 "
2783 4735 2922 4745 '“""'
2982 4735 3067 4763 ι’νι
3129 4735 3180 4753 ιν
3234 4735 3353 4758 Ὸῦῧσ

81 4746 98 4777 ι
139 4741 435 4799 propterea
479 4735 749 4808 eloquium
781 4749 930 4800 tuum
959 4751 1244 4806 custodivi.
1276 4753 1457 4812 Bonus
1487 4774 1546 4813 es
1575 4770 1661 4827 tu,
1698 4750 1744 4810 D
1770 4758 2047 4826 mandata,
2081 4760 2206 4819 licet
2252 4766 2560 4829 hominibus
2606 4791 2705 4845 per
2747 4782 2994 4840 homines
3025 4789 3134 4843 sim
3175 4795 3353 4850 adma-

81 4838 97 4850 ι
144 4831 195 4850 Δ.
232 4821 283 4850 :n
318 4822 556 4850 ιιλιιειλι,
605 4837 688 4850 Δ---
738 4832 774 4850 I,
805 4848 813 4850 _
1062 4838 1073 4850 α
1176 4843 1225 4850 .Α
1328 4846 1338 4850 -

80 4838 97 4866 ι
143 4831 201 4876 et
232 4821 284 4875 in
318 4822 559 4883 bonitate
605 4837 696 4885 tua
719 4832 855 4890 doce
904 4852 1014 4904 me,
1053 4838 1478 4909 justiﬁcationes
1519 4860 1657 4907 tuas.

79 4928 94 4957 ι
141 4909 500 4983 Ηιιιιὶριίοιιιιι
549 4928 632 4974 est
660 4936 822 4993 super
852 4942 937 4982 me
986 4929 1245 5001 iniquitas
1279 4942 1659 5012 superborum,

76 5018 93 5047 ι
136 5016 244 5073 ego
272 5015 453 5060 autem
486 5006 537 5061 iu
575 5017 688 5065 toto
718 5015 882 5071 corde
910 5034 1031 5076 meo
1075 5006 1363 5085 scrutabor
1408 5037 1659 5094 mandata

81 5109 97 5139 ι
138 5102 256 5148 tua.
286 5094 635 5168 Coagulatum
656 5114 741 5158 est
764 5106 908 5164 sicut
927 5110 1010 5168 lac
1038 5130 1134 5170 cor
1159 5133 1369 5189 eorum,
1399 5140 1499 5196 ego
1529 5144 1658 5187 vero

76 5205 91 5233 ι
138 5186 320 5256 legem
368 5196 517 5245 tuam
558 5195 850 5254 meditatus
900 5217 1042 5258 sum.
1092 5206 1301 5265 Bonum
1355 5186 1491 5273 milii
1527 5223 1654 5291 quia

71 5295 88 5326 ι
134 5278 436 5335 humiliasti
489 5299 601 5347 me,
662 5295 722 5341 ut
780 5290 984 5348 discam
1050 5297 1465 5366 justiﬂcationes
1516 5278 1656 5367 tuas.

70 5383 89 5416 ι
131 5367 344 5425 Bonum
387 5373 518 5429 mihi
549 5374 631 5432 lex
666 5381 778 5435 oris
808 5384 884 5437 tui
933 5402 1096 5454 super
1124 5393 1286 5448 millia
1335 5401 1452 5453 auri
1491 5412 1657 5460 etar-

68 5475 86 5507 ι
131 5460 307 5529 genti.
356 5480 376 5513 ι

638 5556 783 5617 ENA
796 5563 930 5620 ΗΒΑ
942 5567 1085 5625 T10.

134 5661 157 5695 ι
203 5642 509 5704 Bonitatem
556 5651 732 5709 fecisti
779 5674 900 5713 cum
951 5677 1108 5719 servo
1155 5676 1277 5736 tuo,
1341 5674 1585 5735 Domine.
1624 5701 1641 5734 ι

53 5732 225 5801 Quasi
278 5737 423 5793 dicat
471 5758 484 5793 :
536 5741 615 5798 Tu
646 5745 809 5803 debes
858 5766 945 5807 me
991 5744 1189 5812 docere
1231 5732 1646 5829 justiﬁeationes

54 5834 199 5880 tuas.
239 5825 375 5882 Nam
407 5840 462 5884 tu
508 5831 621 5901 jam
667 5835 835 5905 fecisti
863 5856 980 5896 cum
1009 5860 1096 5901 me
1136 5865 1282 5905 servo
1318 5863 1406 5909 tuo
1435 5857 1641 5915 bonita-

52 5928 177 5982 tem,
209 5920 262 5975 id
290 5930 395 5989 est,
424 5922 548 5980 boui
577 5930 920 6000 suavitatem,
951 5936 1003 5991 id
1034 5948 1136 6007 est,
1169 5942 1326 6001 talem
1355 5964 1440 6004 me
1464 5949 1639 6009 fecisti

456 6041 726 6107 Ps'rttot.
773 6046 1074 6121 CXXXI.

1767 4848 2017 4905 nistrata.
2050 4853 2119 4908 Et
2149 4856 2279 4925 quid
2308 4874 2443 4931 opus
2469 4875 2553 4920 est
2600 4878 2659 4922 ut
2700 4873 2958 4933 adbibeas
2984 4879 3349 4955 disciplinam,

1765 4955 1887 5009 qua:
1915 4960 2001 4998 me
2026 4949 2282 5021 corrigat,
2330 4965 2385 5010 et
2439 4958 2633 5016 doceat
2682 4969 3008 5028 suavitatem
3056 4992 3352 5052 praecepto-

1766 5049 1884 5089 rum
1918 5043 2171 5095 tuorum?
2216 5044 2354 5112 Quia
2383 5051 2691 5119 priusquam
2738 5043 3068 5134 humiliarer,
3096 5043 3292 5144 deliqui
3327 5093 3346 5130 :

1762 5133 2037 5195 praecessit
2064 5136 2207 5191 enim
2252 5140 2505 5200 delictum
2539 5158 2596 5203 ut
2630 5133 3058 5227 subsequeretur
3095 5133 3346 5224 buniilia-

1766 5218 1862 5272 tio.
1892 5219 2200 5294 Propterea,
2234 5233 2358 5301 quia
2398 5237 2710 5299 humiliatus
2755 5246 2828 5302 fui
2879 5252 2944 5305 ad
2975 5269 3061 5309 me
3108 5259 3341 5326 rediens,

1758 5310 2018 5383 eloquium
2062 5328 2211 5374 tuum
2254 5329 2530 5395 custodivi,
2581 5333 2632 5389 id
2679 5346 2782 5403 est,
2813 5354 3078 5413 praecepta
3111 5356 3195 5402 tua
3229 5366 3243 5404 :
3276 5367 3343 5406 ne

1755 5404 1948 5462 iterum
1977 5412 2307 5472 bumiliarer.
2346 5420 2471 5479 Hzcc
2500 5426 2801 5486 bumiliatio
2831 5433 2883 5488 in
2915 5438 3091 5504 primo
3117 5453 3343 5510 parente

1753 5506 1837 5551 est
1867 5500 2204 5571 accipienda,
2252 5509 2305 5562 in
2336 5525 2443 5580 quo
2485 5519 2663 5573 omnis
2695 5522 2930 5579 humana
2964 5538 3157 5586 natura
3193 5536 3339 5591 velut

1756 5586 1806 5642 in
1843 5591 2025 5647 radice
2076 5607 2161 5651 est
2214 5599 2401 5658 vitiata
2437 5622 2449 5657 :
2482 5619 2535 5661 et
2566 5611 2690 5679 quia
2721 5615 2894 5670 noluit
2938 5635 3060 5677 esse
3091 5626 3333 5697 subjecta

1750 5680 1989 5750 veritati,
2042 5689 2283 5759 subjecta
2332 5703 2415 5750 est
2463 5700 2729 5757 vanitati:
2762 5711 2905 5776 quod
2937 5712 3138 5780 profuit
3187 5680 3332 5775 vasis

1750 5770 2133 5834 misericordia:
2162 5786 2419 5853 experiri,
2442 5798 2522 5855 ut,
2552 5792 2758 5863 dejecta
2778 5770 3058 5870 superbia,
3076 5806 3332 5879 diligatur

1715 5863 2075 5935 .obedieutia,
2122 5882 2177 5928 et
2222 5888 2407 5945 pereat
2438 5898 2541 5937 nou
2590 5886 2832 5944 reditura
2881 5894 3117 5952 miseria.
3153 5919 3172 5951 ι
3209 5899 3328 5955 Elo-

1747 5959 1928 6027 quium
1952 5971 2097 6018 tuum
2121 5970 2419 6027 custodivi:
2447 5996 2463 6026 ι
2486 5986 2539 6032 et
2566 5997 2584 6030 ι
2610 5988 2687 6048 ιιι,
2712 6001 2731 6036 ι
2761 5983 3008 6056 Domine,
3038 6010 3056 6043 ι
3081 5990 3214 6050 doce
3241 6008 3326 6048 me

2773 6106 2847 6166 '21s
