3868 5352
627 545 723 600 74':

1250 543 1502 600 REMIGII
1549 533 2198 598 ANTISSIODOBENSIS
2249 541 2400 598 opp.
2445 542 2620 598 rans
2657 543 2693 597 ι.
2735 571 2804 582 -
2842 543 3242 601 EXEGETICA.
3731 555 3810 608 τυ,

618 669 1034 738 justificatitncs
1067 677 1183 721 tuas
1216 668 1267 720 in
1300 667 1536 722 bonitate
1568 674 1674 730 tua,
1708 685 1725 717 ι
1765 665 1816 718 id
1859 673 1964 730 est,
1997 661 2082 718 fac
2109 678 2193 716 me
2227 669 2272 726 Α
2302 663 2355 717 in
2388 666 2548 719 verba
2577 671 2692 727 tua,
2721 683 2740 717 ι
2775 665 2901 735 quia
2937 683 2955 716 ι
2988 666 3234 736 cognovi,
3271 665 3518 730 Domine,
3544 668 3653 736 quia
3676 671 3810 740 equi.

621 761 898 817 attendere
928 770 985 814 ut
1026 760 1296 830 operando
1337 769 1385 813 et
1430 775 1644 829 semper
1691 759 1743 812 in
1800 757 1992 811 melius
2034 758 2191 826 proli

621 853 809 908 ciendo
843 851 1091 921 experiar
1116 865 1274 920 quam
1302 850 1488 905 suavia
1529 860 1653 904 sunt
1677 859 1764 903 tua
1806 858 2094 919 prmcepta.
2127 848 2193 902 Et

627 958 771 998 tuum
800 954 900 1008 est,
930 945 1139 1003 docere.
1167 943 1288 1012 quia
1318 953 1374 995 tu
1407 959 1459 997 es
1490 943 1673 1008 bonus,
1717 942 1766 996 id
1797 935 2192 1007 est,°uaturali-

625 1046 705 1090 ter
733 1035 911 1090 suavis
942 1051 954 1086 :
988 1045 1042 1088 et
1087 1051 1220 1104 opus
1275 1043 1357 1090 est
1386 1043 1444 1088 ut
1469 1035 1686 1096 doceas,
1732 1032 1856 1102 quia
1888 1050 1906 1081 ι
1938 1029 2190 1099 multipli-

622 1132 739 1179 cata
770 1131 852 1178 est
883 1137 1045 1192 super
1097 1137 1182 1176 me
1225 1122 1484 1192 iniquitas
1518 1118 1892 1191 superborum,
1933 1138 1949 1168 ι
1982 1117 2070 1187 qui
2105 1132 2193 1171 vo-

623 1216 736 1268 lunt
763 1212 892 1268 mihi
931 1211 1266 1266 amariiicare
1297 1220 1384 1265 tua
1412 1219 1699 1280 prmcepta.
1739 1227 1757 1260 ι
1796 1208 1904 1278 Ego
1928 1217 2105 1261 autem
2140 1208 2191 1260 in

622 1318 732 1363 toto
764 1305 925 1361 corde
954 1318 1073 1359 meo
1113 1303 1394 1358 scrutabor
1444 1302 1694 1354 mandata
1722 1309 1831 1354 tua.
1867 1319 1884 1350 ι
1925 1299 2084 1365 Quasi
2115 1298 2194 1352 di-

620 1406 750 1450 cat:
787 1394 1270 1462 Quantumcunque
1307 1391 1542 1447 abundet
1598 1390 1650 1444 in
1699 1390 1778 1444 eis
1816 1389 2092 1458 iniquitas,
2139 1389 2190 1442 in

619 1501 704 1541 nte
733 1495 912 1540 tamen
950 1498 1054 1538 non
1103 1483 1312 1538 refrixit
1358 1483 1619 1546 cltaritas,
1653 1500 1672 1535 ι
1706 1481 2058 1553 Coagulatutn
2109 1488 2194 1532 est

621 1576 762 1630 sicut
787 1575 869 1629 lac
899 1589 994 1630 cor
1043 1588 1248 1628 eorum.
1284 1591 1302 1624 ι
1334 1573 1471 1628 Vere
1518 1572 1868 1642 multiplicata
1912 1581 1992 1626 est
2033 1585 2194 1641 super

620 1683 705 1723 me
734 1667 1012 1737 iniquitas.
1060 1665 1193 1720 Nam
1222 1681 1409 1720 eorum
1442 1681 1537 1720 cor
1563 1665 1869 1719 induratum
1901 1675 1984 1719 est
2015 1664 2066 1717 in
2102 1679 2193 1718 ne-

622 1760 788 1829 quitia
819 1775 939 1823 sua,
958 1755 1110 1828 juxta
1138 1757 1266 1811 illud
1296 1776 1309 1810 :
1339 1777 1356 1809 ι
1389 1757 1702 1812 induratum
1729 1765 1813 1812 cst
1833 1770 1930 1812 cor
1952 1755 2192 1810 Pharao-

621 1852 703 1905 uis
729 1851 923 1923 (Exod.
941 1865 1038 1915 vn,
1069 1850 1168 1921 ιι).
1199 1867 1217 1900 ι
1249 1867 1269 1900 ι
1294 1850 1404 1920 Ego
1436 1864 1564 1904 vero
1593 1849 1761 1920 legem
1792 1858 1935 1902 tuam
1968 1847 2192 1902 medita-

620 1953 702 1995 tus
725 1957 864 2006 sum,
894 1960 911 1992 ι
937 1955 1005 1994 ne
1031 1941 1224 1996 horum
1254 1940 1502 2010 nequitia:
1525 1939 1904 1994 consentirem.
1934 1957 1952 1989 ι
1981 1937 2186 1991 Βυιιιιιιι

2297 766 2381 812 tas
2401 757 2600 828 judicia
2629 766 2743 823 tua,
2775 777 2793 809 ι
2828 758 2879 812 id
2901 766 2986 814 est
3008 758 3187 814 omnia
3205 757 3409 828 judicia
3435 768 3524 813 tua
3537 775 3645 815 esse
3666 777 3807 831 aqua,

2297 867 2316 900 ι
2361 858 2416 904 et
2459 849 2510 902 in
2557 849 2784 905 veritate
2834 861 2923 906 tua
2974 851 3268 906 humiliasti
3316 865 3404 907 me
3435 871 3454 905 ι
3483 851 3536 906 in
3563 854 3718 923 primo
3739 873 3809 925 pa-

2293 948 2447 995 rente
2473 958 2485 993 :
2515 940 2642 1010 quia
2662 955 2783 995 cum
2805 941 2949 996 nolui
2979 941 3030 994 in
3058 950 3146 995 tua
3169 941 3471 996 obedientia
3498 947 3808 1011 permanendo

2292 1031 2539 1098 exaltari,
2563 1030 2709 1099 juste
2739 1049 2820 1088 me
2861 1033 3154 1088 Immiliasti
3176 1048 3195 1085 :
3219 1043 3394 1089 morte
3420 1033 3565 1089 enim
3601 1035 3647 1088 in
3672 1038 3807 1104 prauo

2293 1133 2520 1196 parente
2565 1140 2653 1180 me
2701 1125 2957 1182 multasti.
2992 1125 3058 1181 Et
3112 1127 3241 1197 quia
3277 1127 3329 1180 in
3368 1131 3501 1182 ‘vero
3539 1127 3721 1197 judicio
3742 1142 3804 1184 tuo

2293 1229 2380 1269 me
2411 1213 2733 1282 humiliasti,
2767 1235 2784 1265 ι
2825 1216 2917 1270 flat
2947 1231 3103 1271 servo
3144 1225 3236 1272 tuo
3266 1217 3629 1274 misericordia
3674 1228 3744 1275 tua
3767 1234 3802 1273 nt

2292 1307 2603 1363 consoletur
2655 1324 2765 1374 me,
2807 1328 2824 1360 ι
2857 1307 2908 1364 id
2947 1317 3028 1362 est
3058 1309 3313 1379 recipiam
3353 1325 3456 1381 ego
3502 1325 3676 1366 servus
3701 1322 3798 1372 tuus,

2293 1413 2400 1454 non
2435 1399 2665 1455 libertus
2714 1416 2890 1465 mens,
2917 1415 3015 1470 per
3041 1400 3466 1456 misericordiam
3501 1412 3636 1457 tuam
3663 1418 3800 1458 consti-

2294 1487 2549 1544 lationem
2581 1507 2600 1544 :
2625 1490 2748 1560 quia
2779 1505 2808 1545 a
2836 1499 2888 1546 te
2929 1490 3250 1556 recedendo,
3285 1504 3384 1560 per
3413 1492 3544 1546 iram
3595 1502 3722 1546 tuam
3743 1510 3794 1545 rr-

2293 1579 2412 1651 cepi
2440 1579 2824 1636 desolationem
2854 1588 2947 1636 :et
2976 1580 3079 1635 hoc
3119 1579 3178 1635 lit
3203 1601 3222 1632 ι
3263 1581 3559 1636 secundum
3585 1581 3788 1652 eloquia]

2294 1679 2471 1737 tuum,
2511 1689 2531 1723 ι
2558 1672 2682 1742 quia
2723 1671 2905 1727 dixisti
2939 1689 2952 1724 :
2993 1689 3012 1723 ι
3040 1671 3432 1727 Cenvertimini
3459 1673 3525 1727 ad
3551 1689 3650 1738 me,
3677 1683 3792 1742 etegt

2294 1768 2587 1815 convertar
2614 1760 2682 1814 ad
2721 1775 2820 1816 vos
2861 1759 3049 1832 (Zarh.
3083 1759 3144 1831 ι).
3185 1781 3204 1814 ›
3237 1759 3332 1816 Vel
3358 1761 3661 1818 consoletur
3683 1779 3794 1832 agell-

2296 1862 2405 1906 tem
2437 1871 2455 1904 ι
2509 1851 2802 1906 secundum
2833 1851 3108 1922 eloquium
3141 1860 3311 1906 tuum.
3348 1871 3369 1905 ι
3408 1853 3499 1907 Vel
3538 1853 3647 1907 sic:
3676 1873 3689 1904 ι
3716 1853 3792 1905 Fiat

2294 1943 2665 2000 misericordia
2713 1952 2803 1998 tua
2845 1952 2904 1997 ut
2951 1942 3260 1999 consoletur
3299 1959 3384 1999 me
3418 1961 3437 1996 ι
3478 1945 3530 1998 in
3583 1943 3790 2004 futurae:

619 2033 746 2086 ιιιῖιί
795 2033 920 2103 quia
969 2032 1261 2086 liuntiliasti
1311 2048 1417 2086 me.
1465 2052 1482 2083 ι
1517 2031 1681 2099 Quasi
1714 2031 1858 2086 dicat
1890 2047 1902 2084 :
1935 2030 2045 2101 Ego
2088 2045 2189 2100 pro
2222 2017 2263 2076 Β
2293 2035 2396 2090 hoc
2427 2052 2446 2085 ι
2484 2034 2777 2090 secundum
2813 2052 2831 2085 ι
2883 2034 3108 2089 verbum
3159 2043 3338 2097 tuum,
3392 2035 3566 2090 dando
3603 2037 3786 2090 mihiim-

615 2130 808 2185 delicto
852 2143 970 2182 meo
1022 2127 1334 2182 humiliatus
1383 2143 1522 2188 sum,
1573 2137 1628 2182 et
1671 2126 1771 2181 lmc
1825 2126 1954 2180 mihi
1990 2125 2188 2179 bonum

615 2223 739 2289 quia
770 2236 856 2276 me
885 2220 1199 2282 ltumiliasti,
1233 2229 1286 2273 ut
1317 2220 1369 2274 in
1399 2221 1511 2290 ipsa
1541 2219 1915 2274 ltumiliatione
1939 2217 2192 2272 videlicet

616 2311 813 2364 discam
833 2310 1241 2380 justiﬁcationes
1264 2319 1404 2374 tuas,
1429 2309 1480 2363 id
1507 2319 1610 2374 est,
1637 2308 1886 2378 experiar
1907 2323 2066 2377 quam
2096 2307 2190 2362 bo-

619 2417 743 2454 num
771 2401 844 2455 sit
871 2416 1088 2456 servare
1119 2401 1367 2455 mandata
1394 2411 1484 2455 tua
1515 2416 1528 2454 :
1565 2401 1676 2471 ipsa
1707 2401 1849 2456 enim
1880 2397 2002 2454 mali
2026 2415 2191 2470 expe-

620 2490 811 2545 rientia
842 2491 1023 2545 docuit
1055 2505 1156 2554 me,
1189 2505 1349 2560 quam
1388 2489 1685 2559 jucundmn
1714 2489 1783 2544 sit
1813 2489 1912 2544 sub
1955 2498 2044 2543 tua
2077 2504 2188 2543 ma-

617 2594 744 2634 nere
785 2579 1107 2635 oltedientia.
1139 2599 1157 2632 ι
1194 2579 1400 2635 Bonum
1436 2580 1565 2634 milii
1599 2579 1680 2634 lex
1734 2579 1846 2634 oris
1877 2579 1973 2633 tui.
2013 2599 2029 2629 ι
2058 2578 2190 2633 Aliis

618 2683 892 2743 argentum
925 2683 978 2726 et
1006 2688 1196 2726 aurum
1225 2681 1280 2725 et
1306 2671 1522 2738 similia,
1561 2671 1812 2726 videntur
1839 2671 1977 2726 bona
2009 2687 2020 2722 :
2056 2669 2185 2722 milii

618 2761 699 2814 lex
753 2770 838 2814 tua
881 2763 1017 2817 bona
1069 2770 1150 2816 est
1180 2780 1198 2812 ι
1236 2776 1396 2830 super
1439 2760 1604 2814 millia
1648 2761 1764 2814 auri
1818 2769 1870 2813 et
1895 2759 2122 2830 argenti.
2165 2776 2182 2808 ι

617 2849 748 2904 Nam
776 2851 896 2921 plus
922 2859 1068 2905 amat
1101 2851 1339 2906 Charitas
1371 2850 1538 2922 legem
1587 2848 1819 2911 Domini,
1849 2863 2012 2918 quam
2039 2847 2186 2915 cupi-

615 2942 754 2996 ditas
780 2943 924 2997 mille
949 2941 1148 2997 talenta
1186 2943 1300 2994 auri
1341 2951 1397 2995 et
1427 2939 1654 3011 argenti.

687 3035 833 3092 lora.
863 3065 932 3075 —-
960 3051 980 3086 ι
1016 3034 1202 3089 Manus
1250 3043 1376 3098 tuae,
1420 3033 1664 3098 Domine,
1712 3031 1960 3086 fecerunt
2001 3044 2105 3090 me.
2132 3039 2186 3083 et

623 3145 638 3175 ι
686 3126 1088 3195 plasmaverunt
1141 3142 1226 3180 me
1258 3144 1270 3178 :
1300 3127 1364 3180 da
1407 3125 1536 3180 milii
1576 3124 1930 3186 intellectum,
1977 3131 2035 3176 ιιι
2079 3124 2187 3177 dis-

623 3235 640 3263 ι
686 3231 804 3270 cam
853 3217 1103 3271 mandata
1147 3226 1253 3270 tua.
1283 3216 1385 3284 Qui
1417 3217 1607 3272 timent
1638 3225 1708 3281 te,
1747 3215 2002 3269 videbunt
2038 3225 2087 3268 te
2131 3223 2185 3270 et

621 3329 637 3359 ι
685 3309 1030 3374 latabuntur,
1057 3310 1182 3380 quia
1215 3309 1268 3363 in
1307 3309 1467 3363 verba
1523 3317 1610 3362 tua
1663 3307 2062 3378 supersperavi.
2089 3305 2186 3360 Co-

621 3419 639 3452 ι
685 3402 865 3472 gnovi,
895 3400 1141 3465 Domine,
1172 3400 1299 3469 quia
1329 3400 1556 3468 aequitas
1579 3396 1780 3466 judicia
1809 3406 1896 3451 tua
1927 3407 1981 3451 et
2013 3397 2065 3450 in
2097 3411 2185 3450 ve-
2213 3381 2256 3440 C

619 3508 638 3541 ι
685 3491 844 3545 ritate
871 3493 962 3544 tua
993 3487 1289 3543 humiliasti
1321 3502 1426 3543 me.
1460 3487 1580 3544 Fiat
1609 3486 1980 3541 misericordia
2009 3494 2099 3538 tua
2123 3493 2182 3538 ut

619 3600 635 3629 ι
678 3579 985 3635 consoletur
1029 3593 1136 3643 me,
1183 3579 1478 3633 secundum
1510 3575 1782 3645 eloquium
1823 3585 1974 3630 tuum
2027 3589 2185 3628 servo

618 3689 636 3721 ι
686 3680 796 3725 tuo.
830 3669 1061 3724 Veniant
1111 3671 1241 3723 mihi
1293 3668 1668 3724 miserationes
1718 3678 1823 3723 tua:
1863 3676 1919 3722 et
1967 3669 2180 3722 vivam:

618 3783 634 3814 ι
682 3764 806 3833 quia
857 3763 942 3818 lex
997 3773 1084 3817 tua
1138 3761 1416 3818 meditatio
1462 3776 1581 3816 mea
1631 3769 1732 3816 est.
1778 3759 2186 3816 Confuudantur

620 3876 634 3905 ι
683 3856 924 3925 superbi,
953 3856 1080 3924 quia
1109 3853 1306 3922 injuste
1345 3853 1677 3922 iniquitatem
1709 3850 1952 3908 fecerunt
1977 3853 2032 3906 in
2075 3867 2182 3916 me,

621 3967 636 3996 ι
684 3962 782 4016 ego
823 3957 1004 4000 autem
1055 3946 1350 4000 exercebar
1397 3945 1448 3998 in
1497 3944 1767 3999 mandatis
1795 3944 1920 4000 tuis.
1949 3944 2184 3999 Conver-

623 4057 640 4088 ι
691 4047 870 4092 tantur
896 4038 1028 4092 milii
1061 4039 1310 4093 timentes
1338 4047 1412 4102 te,
1443 4047 1498 4092 et
1531 4037 1622 4107 qui
1655 4045 1918 4093 noverunt
1940 4037 2182 4092 testimo-

621 4148 637 4178 ι
684 4129 769 4182 nia
802 4140 910 4182 tua.
952 4127 1071 4182 Fiat
1106 4142 1202 4184 cor
1252 4143 1428 4182 meum
1475 4127 1875 4182 immaculatum
1911 4129 1964 4181 in
1988 4125 2188 4200 justiﬁ-

623 4241 638 4269 ι
687 4220 994 4276 cationibus
1025 4220 1151 4285 tuis,
1185 4230 1244 4274 ut
1270 4234 1376 4274 non
1402 4219 1722 4274 confundar.
1756 4237 1776 4270 ι

1172 4309 1620 4366 ENARRATIO.

689 4423 708 4455 ε
739 4404 924 4458 Manus
965 4413 1070 4458 tua!
1113 4400 1360 4459 fecerunt
1388 4418 1494 4466 me,
1525 4410 1581 4456 et
1620 4401 2022 4472 plasmaverunt
2049 4417 2134 4456 me
2165 4417 2178 4453 ι

615 4496 677 4549 da
708 4494 836 4548 mihi
861 4493 1192 4549 intellectum
1216 4503 1274 4547 ut
1303 4493 1509 4548 discam
1538 4493 1789 4548 mandata
1819 4502 1930 4547 tua.
1963 4512 1982 4545 ι
2019 4492 2182 4559 Quasi

614 4587 798 4640 dicat:
832 4585 959 4652 Mihi
987 4585 1070 4640 lex
1105 4586 1217 4641 oris
1252 4585 1432 4640 tuiest
1457 4585 1678 4648 bonum,
1708 4593 1764 4639 et
1798 4594 1853 4638 tu
1887 4602 1907 4636 ι
1953 4585 2018 4639 da
2050 4584 2181 4638 mihi

615 4675 941 4729 intellectum
981 4685 1038 4730 ut
1067 4675 1271 4731 discam
1303 4675 1574 4740 mandata,
1605 4695 1625 4726 ι
1662 4676 1714 4728 id
1749 4685 1831 4730 est
1857 4673 2088 4730 reforma
2122 4685 2182 4729 ut

617 4773 891 4836 resurgam
922 4767 975 4821 in
1001 4767 1395 4822 resurrectione
1425 4768 1616 4837 prima.
1645 4766 1796 4823 Unde
1825 4767 1954 4822 illud
1979 4784 1993 4820 :
2022 4786 2041 4819 ι
2078 4766 2180 4822 Re-
2213 4749 2260 4811 ο
2289 4792 2308 4826 ι
2355 4775 2458 4829 mei
2486 4775 2538 4829 in
2570 4774 2841 4845 eloquium
2870 4749 3041 4839 tuum,
3069 4749 3338 4829 dicentes:
3367 4770 3579 4840 Quando
3594 4757 3720 4821 coniti

617 4858 884 4912 novamini
912 4857 1102 4926 spiritu
1133 4858 1328 4912 mentis
1353 4867 1548 4912 vestrae
1577 4855 1740 4929 (Eph.
1765 4860 1861 4928 tv).
1897 4877 1917 4910 ι
1945 4857 2009 4913 Ει
2030 4867 2178 4911 tuum

616 4956 696 5000 est
721 4946 1038 5012 reformare,
1068 4946 1194 5015 quia
1217 4961 1405 5000 manus
1435 4955 1562 5014 tum,
1592 4947 1645 5002 id
1671 4957 1754 5002 est
1777 4947 2029 5018 potentia:
2055 4957 2180 5012 tuae,

615 5040 840 5103 fecerunt
883 5054 962 5091 me
991 5037 1285 5092 secundum
1313 5037 1574 5102 animam,
1613 5048 1659 5093 et
1688 5039 2071 5109 plasmauerunt
2102 5055 2183 5093 nte

615 5129 906 5178 secundum
952 5143 1164 5180 cornus.
1203 5129 1313 5181 llac
1358 5130 1423 5182 de
1453 5145 1614 5184 causa
1652 5133 1817 5186 etiam
1863 5132 2184 5188 reformabis

2293 2124 2700 2192 mortalitatem,
2753 2140 2914 2194 quam
2949 2125 3124 2194 primo
3171 2124 3375 2179 homini
3411 2126 3666 2195 pollicitus
3692 2127 3786 2188 θεέ

2289 2213 2343 2268 in
2373 2214 2678 2270 obedientia
2711 2216 3052 2284 perstitisset,
3090 2216 3145 2270 in
3181 2229 3289 2284 qua
3316 2231 3460 2271 nunc
3481 2232 3580 2288 ego
3613 2233 3707 2272 sum
3733 2229 3786 2267 ιιι

2287 2314 2349 2360 ιιι
2381 2315 2508 2361 tunc
2551 2320 2637 2361 me
2671 2306 2999 2370 consoletur,
3048 2303 3268 2360 Veniant
3307 2307 3437 2360 mihi
3480 2321 3616 2362 nunc
3639 2309 3785 2361 otism.

2285 2398 2453 2452 tiones
2507 2407 2629 2462 mw,
2665 2397 2716 2451 id
2745 2404 2829 2450 est
2852 2395 3212 2451 exhibitiones
3249 2397 3627 2451 misericordia
3649 2405 3736 2456 ιιιειξ,
3758 2407 3784 2443 η

2285 2492 2453 2545 vivam
2479 2490 2575 2545 tibi
2606 2488 2948 2553 adhaerendo,
2974 2490 3064 2559 qui
3096 2490 3370 2544 tnorieliar
3400 2499 3504 2543 ate
3541 2487 3780 2542 reo-deni}.

2287 2591 2341 2634 et
2366 2581 2528 2635 debes
2555 2579 2759 2645 facere,
2790 2581 2913 2650 quia
2951 2579 3037 2634 lex
3083 2590 3175 2634 tua
3209 2580 3481 2633 meditatio
3524 2595 3632 2631 mea
3669 2577 3778 2636 and

2287 2679 2394 2736 est,
2426 2671 2476 2724 in
2501 2669 2616 2742 lege
2655 2679 2742 2724 tua
2766 2685 2981 2741 semper
3015 2671 3281 2725 meditor:
3323 2671 3377 2724 in
3409 2669 3523 2740 lege
3557 2679 3627 2722 tua
3655 2665 3774 2720 videi

2287 2773 2374 2819 cet
2403 2763 2549 2827 ﬁdei,
2577 2776 2695 2831 qua:
2738 2778 2838 2833 per
2860 2762 3201 2817 diiectionem
3239 2771 3515 2832 operatur.
3543 2758 3646 2812 Hac
3665 2755 3775 2810 med»

2290 2855 2422 2910 tatio
2447 2865 2653 2910 tantum
2680 2871 2711 2909 a
2753 2855 3021 2909 mandatis
3046 2865 3149 2918 est,
3177 2861 3363 2907 utnon
3397 2848 3772 2923 refrigescatcb-

2290 2947 2438 3000 ritas.
2492 2945 2797 2999 Secundum
2826 2946 3060 3014 priorem
3094 2943 3387 2998 iettionem
3432 2941 3539 2995 erit
3572 2935 3766 3007 expositi).

2293 3053 2311 3084 ι
2355 3034 2580 3089 Veniant
2608 3034 2740 3088 mihi
2786 3034 3158 3089 miserationes
3183 3043 3287 3088 tua:
3325 3047 3349 3085 ι
3383 3032 3452 3086 ad
3479 3033 3596 3092 hoc,
3627 3048 3643 3080 ι
3671 3037 3711 3080 ut
3727 3027 3756 3074 τι

2289 3142 2409 3180 vam
2436 3143 2450 3181 :
2474 3128 2598 3195 quia
2624 3126 2708 3181 lex
2740 3135 2828 3180 tua
2859 3125 3135 3181 meditatio
3179 3140 3297 3180 mea
3321 3133 3426 3178 est.
3463 3142 3484 3176 ο
3509 3122 3613 3190 Ego
3630 3121 3794 3195 rima-‘1

2287 3218 2492 3288 superbi
2544 3226 2721 3271 autem
2751 3216 3159 3285 confundantur,
3200 3225 3260 3270 ut
3285 3216 3546 3285 iniquitas
3571 3225 3716 3267 eorum
3742 3210 3786 3258 illi

2289 3322 2374 3365 me
2401 3325 2506 3364 non
2555 3309 2861 3379 exstinguat
2897 3309 3240 3364 charitatem.
3266 3308 3653 3379 Confundantur
3684 3305 3758 3356 dita

2286 3401 2411 3469 quia
2438 3399 2653 3467 iniuste,
2694 3398 2745 3453 id
2774 3409 2858 3453 est
2903 3400 3022 3455 sine
3062 3415 3242 3465 causa,
3275 3401 3595 3471 iniquitatem
3615 3397 3740 3467 tum

2284 3494 2337 3546 in
2361 3508 2458 3546 me.
2488 3491 2598 3564 Ego
2622 3492 2764 3547 enim
2819 3493 3055 3547 laboravi
3085 3494 3150 3547 ad
3175 3502 3365 3547 eorum
3395 3493 3625 3554 salute,
3647 3489 3718 3555 ipsi
3733 3479 3772 3535 22*!

2285 3599 2459 3637 meam
2509 3584 2824 3653 perniciem.
2871 3583 2981 3655 Ego
3009 3595 3180 3638 autem
3207 3577 3788 3654 quanutmcuuquelalw

2288 3675 2553 3730 ravissent
2597 3689 2682 3729 me
2707 3676 2987 3739 devorare,
3027 3675 3306 3729 exercebar
3343 3675 3403 3728 in
3441 3664 3758 3727 mandatum}.

2284 3762 2463 3830 Quare
2504 3771 2874 3817 convertantur
2900 3764 3047 3827 mihi,
3099 3763 3150 3816 id
3179 3772 3287 3828 est,
3330 3753 3760 3818 associenturiaiist,

2283 3859 2518 3913 timentes
2543 3870 2624 3923 te;
2654 3857 2808 3926 juxta
2836 3857 2960 3912 illud
2996 3875 3009 3910 :
3038 3857 3139 3924 Qui
3171 3855 3266 3911 Dei
3289 3864 3398 3920 est,
3426 3855 3653 3924 jungatur
3669 3847 3752 3926 mihi

2284 3946 2352 4002 Et
2371 3949 2460 4020 qui
2490 3958 2736 4003 noverunt
2784 3948 3078 4002 testimonia
3105 3957 3215 4000 tua.
3259 3946 3492 4016 Exponit
3526 3946 3717 3998 timentes

2285 4048 2343 4094 ut
2392 4039 2639 4093 attendas
2680 4037 2748 4092 de
2791 4053 2897 4107 quo
2945 4038 3136 4091 timore
3184 4044 3328 4107 agat.
3373 4034 3538 4102 Quasi
3565 4031 3701 4085 dicat:

2283 4131 2373 4201 qui
2421 4131 2500 4187 sic
2551 4140 2604 4185 te
2647 4129 2856 4187 timent.
2898 4140 2956 4182 ut
2991 4139 3219 4184 noscant
3264 4125 3563 4182 testimonia
3615 4131 3681 4175 tua

2286 4232 2492 4277 tantum
2538 4223 2786 4286 scientia,
2839 4222 2931 4276 sed
2965 4222 3093 4285 vita,
3131 4221 3475 4276 associentur
3513 4214 3627 4272 mihi
3651 4225 3700 4275 τοι

2286 4326 2342 4368 ιιι
2377 4314 2492 4380 ftat,
2536 4333 2554 4363 ι
2591 4315 2648 4368 ln
2689 4313 3169 4383 justifieationibus
3218 4314 3349 4379 tuis,
3404 4314 3496 4368 fiat
3543 4324 3624 4366 car

2285 4403 2711 4468 immaculatum,
2763 4414 2822 4457 ut
2857 4419 2963 4459 non
3014 4403 3358 4461 conl'undar:
3403 4421 3422 4455 ι
3458 4401 3537 4457 vel
3564 4391 3702 4454 bind

2286 4499 2486 4555 futuro.

2352 4591 2517 4647 Capti.
2549 4621 2616 4634 ο·-
2653 4611 2671 4643 ι
2695 4590 2900 4647 Deiecit
2944 4591 2998 4647 in
3043 4589 3266 4646 salutari
3297 4589 3390 4646 tuo
3414 4587 3582 4643 anima
3607 4591 3703 4638 mea;

2292 4700 2310 4733 ι
2359 4683 2411 4736 in
2448 4683 2669 4738 verbum
2722 4694 2871 4737 tuum
2917 4681 3311 4752 supersperavi.
3355 4679 3642 4736 Defecentnl

3833 2455 3835 2540 ἱ

3833 2599 3836 2656 |

3827 2793 3829 2857 l

3825 2883 3827 2923 i

3823 2957 3825 2991 ι

3760 3606 3806 3868 l

3731 3965 3796 4057 EI

3703 4057 3794 4145 η]

3719 4353 3784 4677 l

3673 4693 3686 4719 ι

3673 4693 3774 5005 ᾗ

3657 5005 3766 5252 Ei

2292 4884 2310 4916 ι
2353 4866 2497 4921 beris
2527 4882 2611 4920 me
2631 4865 2655 4919 1
2679 4865 2813 4933 Quia
2844 4863 3018 4921 factus
3045 4880 3164 4920 sum
3205 4865 3347 4919 sicut
3395 4872 3510 4916 uter
3537 4861 3582 4914 in

2291 4973 2310 5007 ι
2347 4955 2760 5024 justiticatioues
2808 4966 2930 5011 tuas
2979 4972 3085 5011 non
3137 4973 3252 5012 sum
3297 4955 3510 5012 oblitus.
3545 4952 3692 5018 Quots

2291 5066 2309 5097 ι
2354 5046 2469 5102 dies
2486 5046 2632 5102 servi
2657 5047 2757 5112 tui,
2781 5048 2996 5117 quando
3022 5047 3188 5103 facies
3215 5048 3280 5102 de
3303 5042 3686 5117 persequentibus

2291 5156 2310 5190 ι
2356 5137 2655 5194 iudicium?
2699 5137 3066 5193 Narraverunt
3112 5137 3241 5192 mihi
3272 5138 3434 5206 iniqui
3477 5130 3654 5189 fabulati

3339 5228 3345 5233 ”
3392 5235 3396 5237 “
3477 5236 3555 5252 ...Α
3592 5217 3692 5252 (uili
