3868 5534
36 612 119 675 7ιῦ

1104 612 1635 671 ENARRATIONES
1672 612 1738 669 lN
1784 613 2119 671 PSALMOS.

3152 618 3256 677 755

30 750 177 792 meum
203 730 591 793 immaculatum
620 750 630 785 :
664 731 789 803 quia
817 734 991 787 anima
1014 749 1150 799 mea,
1183 734 1235 789 id
1250 742 1333 789 est
1360 734 1565 788 anima-
1599 740 1640 792 Α
1673 734 1872 789 tionem
1933 734 2112 789 Saeculi
2134 775 2149 798 ,
2211 743 2398 789 contra
2472 746 2608 805 q'uos
2675 736 2812 792 dixit
2875 735 3135 796 Dominus
3194 741 3252 797 in

30 831 127 883 litas
149 841 272 890 mea,
298 824 483 893 defecit
508 825 558 877 in
582 838 641 880 sc
670 825 844 879 eundo
866 823 919 877 in
942 824 1175 878 salutare
1204 835 1376 890 tuum,
1400 826 1453 879 id
1478 833 1562 879 est

26 924 67 975 in
90 930 215 973 tuam
240 916 584 971 salvationem
618 931 677 971 se
702 916 989 971 continens
1016 926 1063 969 et
1096 916 1148 970 in
1178 916 1384 970 verbum
1414 927 1561 970 tuum

24 1009 355 1081 supersperavi.
400 1006 651 1063 Defectus
697 1009 799 1063 iste
831 1022 936 1061 non
966 1015 1049 1061 est
1095 1007 1265 1076 culpae
1286 1016 1339 1061 et
1369 1020 1560 1076 paenae,

21 1104 97 1160 sed
118 1102 381 1157 laudabilis
407 1110 461 1155 et
480 1101 732 1170 optabilis
756 1118 768 1155 :
807 1099 931 1169 quia
960 1115 1057 1155 nec
1080 1114 1292 1169 semper
1321 1100 1564 1155 defectus

18 1196 206 1265 ponitur
249 1193 298 1247 in
357 1192 515 1257 malo,
575 1193 716 1248 sicut
765 1207 864 1247 nec
912 1191 1185 1262 prolectus
1232 1194 1561 1247 contrarium

18 1301 146 1341 somn
178 1288 382 1354 semper
429 1284 647 1353 ponitur
696 1284 747 1337 in
800 1282 961 1345 bono,
1016 1283 1110 1337 sed
1163 1283 1484 1352 quandoque
1509 1283 1560 1336 in

18 1377 151 1432 malo.
232 1374 354 1432 inde
412 1374 611 1431 Paulus
656 1374 722 1430 ad
764 1374 1183 1430 Tltimotlteum:
1234 1393 1253 1425 ι
1288 1373 1563 1429 Novitates

18 1451 272 1524 verborum
314 1473 366 1519 et
416 1466 589 1520 aniles
652 1467 981 1536 qttmstitines
1034 1466 1234 1531 devita,
1274 1466 1563 1534 proﬁciunt

15 1562 130 1616 enim
151 1560 214 1615 ad
241 1559 572 1628 iniquitatem
604 1556 655 1627 (I
682 1557 817 1612 Tim.
865 1574 937 1624 tv,
966 1558 1073 1629 VI);
1111 1576 1129 1609 ι
1161 1567 1215 1612 et
1245 1559 1312 1613 de
1338 1559 1562 1630 quibus-

15 1658 115 1710 dam
153 1655 461 1711 mulieribus
506 1655 675 1709 dixit:
715 1674 732 1705 ι
775 1652 1001 1723 Semper
1048 1653 1368 1718 addiscunt;
1413 1662 1467 1708 et
1510 1654 1562 1707 in

12 1747 137 1817 pejus
176 1745 457 1817 proﬁciunt
485 1744 586 1817 (ΙΙ
614 1744 750 1799 Tim.
778 1744 880 1815 ιιι).
911 1763 930 1797 ι
972 1744 1062 1799 Sic
1100 1743 1341 1799 defectus
1382 1745 1435 1799 in
1460 1746 1564 1800 hoc

16 1842 108 1896 ioco
156 1843 204 1896 in
241 1840 378 1897 bono
420 1840 656 1911 ponitur,
696 1839 822 1909 quia
870 1848 1021 1893 notat
1071 1848 1317 1894 sanctum
1350 1839 1560 1894 deside-

12 1936 125 1989 rium
154 1954 166 1988 :
201 1936 252 1989 in
281 1950 386 2004 quo
415 1933 685 1989 desiderio
714 1932 933 1987 fuerunt
961 1932 1130 1988 sancti
1161 1942 1287 1987 ante
1312 1932 1566 1987 incarna-

13 2029 184 2083 tionem
226 2027 456 2089 Domini,
507 2035 567 2080 ut
614 2026 703 2081 ille
743 2025 925 2094 justus
976 2026 1194 2082 Simcon
1242 2026 1332 2096 qui
1380 2026 1560 2081 dixit:

1667 821 2014 893 Evangelio:
2085 842 2105 874 ι
2152 823 2539 881 Ριωιιὶειιιιίιιιι·
2610 827 2712 883 hoc
2774 827 3119 898 Evangelium
3193 829 3250 887 in

1665 914 1919 970 universo
1948 916 2080 970 orbe
2113 925 2378 972 terrarum
2415 933 2429 971 :
2463 927 2517 972 et
2559 927 2685 974 tunc
2726 918 2830 973 erit
2858 918 2982 975 ﬁnis
3030 920 3250 993 (Matth.

1666 1002 1858 1072 xxw).
1905 1023 1923 1056 ι
1986 1024 2002 1056 ι
2041 1003 2265 1072 Quando
2318 1005 2484 1063 facies
2538 1007 2604 1063 de
2660 1010 3111 1079 persequentibus
3166 1028 3254 1068 me

1664 1089 1957 1161 iudicium?
1998 1115 2017 1147 ι
2073 1095 2219 1166 Opus
2289 1108 2371 1152 est
2425 1098 2609 1152 enim:
2643 1114 2766 1154 nam
2809 1109 2869 1156 ut
2933 1117 3021 1158 me
3085 1103 3251 1159 devo-

1666 1194 1875 1250 carent,
1936 1203 1955 1237 t
1990 1197 2351 1243 narraverunt
2428 1189 2561 1244 mihi
2630 1191 2797 1261 iniqui
2868 1191 3249 1261 fabulationes,

1666 1280 1761 1333 sed
1793 1293 1898 1334 non
1921 1289 1981 1334 ut
2005 1280 2089 1336 lex
2119 1291 2235 1346 tua,
2272 1300 2289 1334 ι
2324 1282 2529 1338 scilicet
2551 1284 2877 1350 audiendas;
2905 1286 3031 1356 quia
3062 1288 3114 1343 in
3137 1288 3253 1359 lege

1667 1377 1760 1431 tua
1802 1385 1910 1425 non
1958 1380 2166 1427 tantum
2219 1388 2305 1428 me
2354 1373 2622 1433 delectant
2661 1375 2840 1441 verba,
2890 1378 2983 1432 sed
3027 1379 3252 1433 veritas.

1667 1462 1802 1518 Nam
1848 1466 2024 1519 omnia
2067 1467 2320 1521 mandata
2358 1478 2450 1521 tua
2492 1468 2703 1523 veritas.
2758 1468 2828 1524 Et
2866 1469 2992 1541 quia
3038 1470 3252 1525 veritati

1667 1559 1941 1623 consensi,
1978 1560 2144 1629 iniqui
2181 1561 2438 1631 persecuti
2474 1570 2594 1615 sunt
2638 1577 2740 1626 me,
2771 1562 2864 1617 sed
2893 1570 2971 1627 tu,
3005 1561 3253 1632 Domine,

1667 1647 1861 1717 adjuva
1889 1665 1989 1702 me.
2018 1649 2082 1705 Et
2107 1665 2241 1720 opus
2274 1661 2357 1706 est
2377 1650 2645 1719 adjutorio
2670 1668 2683 1705 :
2711 1652 2835 1722 quia
2865 1653 2967 1722 ipsi
2999 1662 3251 1723 peccato-

1667 1754 1756 1795 res
1815 1752 2302 1797 consummaverunt
2355 1760 2436 1797 me
2483 1745 2539 1797 in
2585 1753 2758 1808 terra,
2822 1754 2876 1799 et
2926 1746 3027 1800 hoc
3077 1744 3254 1799 minus

1666 1833 1847 1903 paulo,
1898 1835 1948 1889 id
1993 1843 2077 1888 est
2117 1835 2345 1889 multum
2392 1851 2606 1905 parum,
2638 1846 2896 1907 quantum
2952 1838 3019 1892 ad
3062 1852 3251 1894 eorum

1668 1922 2141 1981 existimationem.
2176 1927 2430 1994 quod-de
2466 1942 2572 1992 me,
2604 1928 2693 1997 qui
2739 1928 2935 1983 ccelum
2967 1938 3022 1985 et
3052 1938 3251 1985 terram

1672 2028 1775 2067 non
1816 2013 2086 2069 fecissem.
2115 2012 2229 2085 Ego
2271 2026 2446 2071 autem
2491 2015 2618 2073 licet
2662 2018 2711 2071 h:
2737 2032 2767 2073 c
2802 2018 2906 2073 illis
2943 2020 3118 2074 visum
3158 2020 3250 2084 sit,

10 2119 146 2174 Putas
190 2120 419 2175 videbo?
446 2130 604 2191 putas
634 2119 859 2175 durabo.
888 2118 932 2174 Ο
966 2120 1009 2175 si
1053 2120 1138 2175 hic
1178 2095 1271 2174 me?
1296 2120 1563 2176 invenerit

1673 2122 1773 2159 non
1802 2106 2051 2178 dereliqui
2089 2108 2342 2162 mandata
2385 2118 2494 2163 tua.
2531 2111 2594 2165 Et
2632 2121 2691 2164 ut
2720 2126 2826 2166 non
2851 2113 3249 2183 derelinquam,

10 2212 77 2266 illa
102 2214 379 2269 nativitas!
410 2213 467 2268 In
495 2214 597 2268 hoc
635 2213 802 2267 etiam
827 2212 1094 2267 desiderio
1129 2211 1348 2268 fuerunt
1375 2228 1564 2267 omnes

8 2311 175 2376 sancti,
219 2319 337 2380 post
386 2309 811 2365 incarnationem
853 2319 1230 2380 exspectantes
1275 2311 1565 2366 revelatioé

8 2420 113 2457 nem
158 2404 367 2474 quando
430 2405 691 2459 Dominus
744 2403 1086 2473 iudicaturus
1145 2413 1228 2459 est
1283 2405 1435 2459 vivos
1510 2414 1566 2459 et

8 2506 244 2551 mortuos.
296 2514 313 2547 ι
348 2484 537 2550 Deﬁcit
566 2496 618 2549 in
650 2493 871 2550 salutari
902 2505 991 2550 tuo
1022 2494 1199 2549 anima
1239 2507 1381 2560 mea,
1413 2501 1467 2551 et
1511 2494 1564 2548 in

0 2587 207 2641 verbum
237 2595 383 2641 tuum
422 2586 821 2656 supersperavi,
855 2605 874 2637 ι
908 2585 962 2641 id
983 2594 1086 2653 est,
1111 2586 1163 2641 in
1191 2585 1563 2656 promissioni-

0 2677 91 2732 bus
112 2681 215 2734 tuis
242 2679 449 2751 speravi
478 2695 641 2749 supra
673 2679 725 2734 id
753 2680 895 2750 quod
922 2679 1155 2750 petimus
1183 2688 1277 2734 aut
1306 2679 1566 2749 intelligi-

0 2787 123 2823 ItlllS.
155 2772 281 2839 Quae
298 2772 686 2841 protnissiones
707 2773 810 2828 hoc
832 2772 1035 2828 taciunt
1053 2783 1111 2827 ut
1134 2787 1232 2843 per
1252 2772 1564 2842 patientiam

0 2874 343 2932 exspectetur,
374 2866 516 2936 quod
558 2881 586 2919 a
617 2867 961 2921 credentibus
1001 2881 1105 2920 non
1138 2866 1373 2921 videtur.
1413 2862 1567 2934 Defe-

0 2965 168 3008 rerum
196 2956 327 3009 oculi
360 2956 461 3009 mei
492 2954 799 3020 interiores,
835 2956 886 3010 id
917 2964 1021 3020 est,
1047 2956 1183 3009 ratio
1213 2956 1408 3011 animae
1436 2970 1567 3010 mea:

0 3062 86 3099 ann
162 3057 364 3101 tantum
423 3047 538 3117 ipsa
597 3047 921 3108 animalitas,
977 3048 1154 3101 eundo
1200 3048 1255 3101 in
1307 3046 1565 3116 eloquium

0 3148 127 3190 ’uum
151 3153 171 3189 :
198 3139 423 3193 dicentes
451 3138 734 3193 affectione
762 3138 1033 3193 desiderii.
1072 3137 1297 3203 Quando
1323 3137 1565 3192 consola-

0 3232 115 3285 ieris
151 3249 252 3296 me,
285 3232 466 3288 dando
504 3233 834 3287 incrementa
859 3232 1118 3286 virtutum
1143 3232 1165 3285 ?
1189 3229 1338 3286 Felix
1367 3240 1423 3286 et
1466 3231 1569 3285 iste

0 3324 225 3380 iefectus
252 3325 554 3385 oculorum,
591 3324 718 3394 quia
757 3339 865 3379 non
893 3332 977 3379 est
1006 3323 1228 3377 veniens
1252 3339 1315 3379 ex
1343 3324 1569 3377 inﬁrmi-

5 3426 90 3469 διε
117 3415 308 3479 animi,
339 3415 434 3472 sed
469 3430 536 3470 ex
570 3414 852 3469 nimietate
877 3414 1151 3470 desiderii.
1186 3413 1410 3479 Quando
1436 3430 1561 3466 con-
1595 3460 1635 3515 Γ

0 3505 229 3560 eluberis
254 3524 355 3571 me,
400 3520 534 3576 npns
573 3514 655 3558 est
702 3504 845 3559 enim
892 3512 944 3557 et
995 3504 1361 3560 consolatione
1398 3520 1411 3555 :
1443 3503 1564 3573 quia

0 3594 153 3650 actus
198 3613 319 3651 sum
367 3596 502 3650 sicut
548 3606 663 3648 uter
708 3596 764 3649 in
798 3596 1009 3665 pruina.
1064 3590 1198 3649 Uter
1242 3601 1327 3647 est
1366 3608 1462 3647 vas
1499 3608 1566 3648 ex

0 3688 131 3742 *orio
160 3697 363 3753 sutum,
394 3697 449 3743 et
489 3687 689 3742 factum
743 3695 925 3755 aptum
972 3686 1039 3740 ad
1085 3684 1461 3755 excipiendum
1489 3684 1566 3737 vi-

0 3798 112 3836 utm
135 3793 191 3837 et
210 3781 592 3839 continendum
623 3799 635 3834 :
674 3780 769 3835 sed
806 3780 859 3834 in
893 3780 1084 3850 pruina
1115 3778 1374 3849 positum,
1406 3778 1566 3832 indu-

0 3883 159 3938 atur,
196 3882 250 3928 et
292 3875 356 3928 ﬁt
410 3871 597 3927 inutile
641 3886 776 3934 vas;
829 3870 911 3925 sic
938 3878 990 3924 et
1033 3870 1196 3925 homo
1223 3884 1345 3924 cmn
1379 3867 1566 3923 fuisset

0 3981 64 4020 as
120 3965 324 4020 bonum
358 3964 425 4019 ad
456 3961 861 4032 suscipiendum
910 3959 1173 4029 liquorem
1212 3976 1427 4030 purum,
1477 3974 1569 4014 ve—

0 4072 82 4110 tm
121 4055 382 4112 videlicet
425 4053 827 4115 discretionem,
871 4052 1153 4106 induratus
1190 4060 1273 4106 est
1309 4051 1568 4106 adversus

0 4148 203 4202 nbrem
242 4146 438 4218 gratiae
477 4144 568 4199 Dei
602 4143 796 4197 merito
843 4142 1241 4209 inobedientiae,
1269 4150 1323 4196 et
1363 4140 1567 4196 inutilis

0 4249 189 4293 ictus:
244 4238 393 4309 quod
436 4236 586 4299 dicit,
638 4233 778 4300 Quia
824 4234 997 4305 factus
1049 4251 1166 4289 sum
1197 4236 1331 4289 sicut
1365 4245 1477 4288 uter
1514 4235 1569 4288 in

0 4331 160 4383 mina
184 4347 203 4384 :
237 4340 295 4386 et
335 4340 513 4385 tamen
544 4335 807 4396 quantum
835 4326 987 4397 potui
1010 4325 1419 4395 justiﬁeationes
1450 4336 1567 4380 tuas

0 4436 53 4471 ιιι
86 4436 218 4473 sum
275 4417 488 4474 oblitus.
523 4416 618 4470 Vel
664 4416 743 4471 sic
773 4433 785 4469 :
821 4414 1047 4480 Quando
1087 4414 1436 4469 consolaberis
1464 4431 1567 4477 me,

52 4510 176 4564 hoc
205 4509 465 4565 vulelicct
501 4506 726 4561 tnortale
756 4505 942 4560 induat
993 4504 1448 4560 immortalitatem
1474 4520 1489 4559 :
1515 4514 1572 4560 et

1669 2204 1747 2261 tu,
1797 2196 2044 2262 Domine,
2071 2200 2355 2253 secundum
2403 2202 2815 2256 misericordiam
2861 2213 3006 2258 tuam
3050 2206 3251 2262 mundo

1666 2289 1982 2352 exltibitam,
2006 2291 2211 2359 riviﬁca
2247 2308 2329 2346 me
2376 2292 2633 2349 interiore
2672 2296 3057 2365 viviﬁcatione,
3089 2315 3160 2355 ne
3196 2301 3251 2355 in

1667 2395 1896 2436 vacuum
1927 2384 2156 2454 gratiam
2197 2382 2291 2438 Dei
2320 2384 2600 2454 recipiam,
2634 2396 2689 2441 et
2714 2402 2813 2457 per
2837 2396 2890 2443 te
2919 2388 3248 2457 viviﬁcatns,

1666 2474 1954 2528 custodiant
1986 2475 2280 2530 testimonia
2309 2477 2415 2532 oris
2435 2478 2531 2531 tui.

1738 2564 1946 2620 Luco.
1980 2597 2048 2607 —
2074 2584 2094 2619 ι
2130 2567 2188 2622 In
2217 2578 2505 2634 aeternum,
2547 2568 2794 2636 Domine,
2837 2571 3059 2627 verbum
3094 2581 3248 2629 tuum

1672 2676 1689 2708 ι
1738 2666 2023 2727 permanet
2049 2658 2103 2713 in
2135 2658 2294 2713 coelo.
2325 2659 2381 2713 in
2414 2661 2822 2731 generationem
2867 2674 2921 2718 et
2947 2664 3252 2734 generatio-

1673 2766 1691 2801 ι
1738 2766 1859 2805 nem
1900 2751 2102 2807 veritas
2141 2760 2271 2805 tua:
2304 2751 2539 2807 fundasti
2588 2762 2805 2819 terram,
2850 2764 2904 2811 et
2945 2766 3248 2826 permanet.

1672 2860 1691 2893 ‹
1737 2841 2089 2898 Ordinatione
2114 2851 2200 2897 tua
2234 2852 2581 2913 perseverant
2617 2844 2751 2910 dies,
2779 2846 3031 2914 quoniam
3069 2848 3249 2902 omnia

1674 2952 1692 2985 ‹
1740 2935 1983 2990 serviunt
2014 2934 2129 2990 tibi.
2163 2934 2272 2989 Nisi
2296 2934 2437 3006 quod
2464 2935 2549 2991 lex
2572 2944 2663 2990 tua
2684 2936 2966 2992 meditatio
2990 2954 3108 2994 mea
3132 2947 3247 2995 est:

1673 3047 1691 3078 ι
1736 3036 1865 3083 tunc
1897 3026 2035 3082 forte
2073 3028 2352 3097 periissem
2384 3030 2437 3083 in
2484 3028 2786 3084 humilitate
2830 3044 2970 3085 mea.
2998 3029 3056 3084 In
3094 3040 3255 3086 teter-

1674 3140 1692 3173 c
1741 3136 1868 3175 num
1911 3135 2018 3175 non
2067 3120 2358 3176 obliviscar
2388 3121 2808 3191 justiﬁcationes
2857 3131 2997 3187 tuas,
3031 3123 3155 3193 quia
3196 3124 3251 3179 in

1675 3232 1693 3264 ι
1740 3214 1871 3283 ipsis
1911 3214 2191 3270 viviﬁcasti
2247 3228 2353 3269 me.
2394 3213 2542 3269 Tuus
2586 3231 2705 3269 sum
2750 3229 2870 3286 ego,
2918 3216 3125 3271 salvum
3165 3232 3252 3271 me

1674 3322 1690 3355 ‹
1738 3303 1842 3368 fac,
1896 3305 2150 3374 quoniam
2190 3303 2609 3373 iustiﬁcationes
2657 3314 2780 3361 tuas
2831 3307 3117 3377 exquisivi.
3169 3307 3249 3368 Ms

1674 3416 1692 3448 ι
1740 3406 2194 3467 exspectaverunt
2239 3406 2555 3468 peceatores
2596 3407 2653 3452 ut
2693 3399 2985 3467 perderent
3030 3415 3135 3465 me,
3176 3410 3253 3453 te-

1674 3504 1693 3537 ι
1743 3487 1995 3540 stimonia
2023 3495 2108 3539 tua
2138 3487 2398 3542 intellexi.
2430 3487 2618 3544 Omnis
2637 3492 3120 3548 consummationis
3140 3493 3252 3548 vidi

1673 3599 1691 3629 ι
1739 3579 1923 3641 ﬁnem,
1957 3578 2123 3633 latum
2155 3578 2469 3635 mandatum
2501 3589 2652 3635 tuum
2679 3581 2863 3636 nimis.
2893 3601 2912 3634 ι

2236 3669 2679 3728 ENARRATIO.

1744 3785 1763 3816 ι
1801 3764 1856 3818 ln
1898 3773 2181 3831 aeternum,
2225 3765 2471 3830 Domine,
2519 3765 2744 3822 verbum
2786 3776 2934 3823 tuum
2972 3782 3252 3840 permanet

1671 3855 1725 3910 in
1772 3855 1931 3911 celo.
1964 3876 1984 3910 ι
2016 3856 2180 3924 Quasi
2217 3857 2403 3911 dicat:
2434 3859 2480 3912 Α
2520 3867 2573 3913 ιε
2615 3858 3252 3931 νίνίίίεαιιιεξευειοιίἰειιι

1670 3946 1976 4002 testimonia
2014 3946 2127 4002 oris
2159 3947 2258 4012 tui,
2286 3962 2407 4018 quze
2431 3963 2590 4004 nemo
2616 3956 2793 4019 potest
2816 3951 3111 4017 custodire,
3146 3951 3255 4008 nisi

1668 4055 1765 4112 per
1814 4051 1960 4095 tuam
2010 4040 2424 4097 viviﬁcationem
2453 4060 2466 4098 :
2499 4045 2623 4113 quia
2689 4061 2786 4101 nec
2842 4044 3017 4119 angeli
3061 4045 3154 4116 qui
3197 4046 3255 4100 in

1669 4131 1815 4196 celo,
1851 4131 1903 4187 id
1933 4142 2034 4196 est,
2063 4131 2116 4186 in
2144 4132 2274 4203 ipsis
2295 4134 2520 4205 angelis,
2548 4146 2811 4200 permanet
2848 4138 3060 4191 uerbum
3083 4147 3252 4203 tuum,

1671 4222 1723 4278 id
1764 4232 1847 4278 est
1893 4233 2217 4295 praeceptum
2269 4233 2451 4292 tuum,
2503 4227 2554 4281 id
2595 4236 2711 4295 est,
2754 4241 3140 4298 usquequaque
3185 4226 3251 4281 ad

1670 4317 2193 4372 consummationem
2246 4318 2427 4374 smculi
2469 4332 2567 4389 per
2613 4328 2757 4374 tuam
2806 4318 3250 4374 viviﬁcationcm.

1676 4409 1740 4463 Et
1784 4424 1888 4463 non
1940 4417 2148 4464 tantum
2200 4424 2297 4479 per
2329 4418 2473 4464 tuam
2516 4409 2932 4465 viviﬁcationem
2972 4417 3256 4481 permanet

1672 4500 1896 4555 verbum
1946 4509 2094 4556 tuum
2145 4500 2197 4555 in
2236 4499 2399 4563 coelo,
2451 4501 2545 4556 sed
2600 4500 2766 4555 etiam
2822 4500 2878 4553 in
2921 4499 3254 4570 generatione

1674 4593 1977 4664 pertinente
2026 4592 2093 4646 ad
2136 4592 2328 4664 legem,
2359 4602 2414 4647 ct
2460 4593 2807 4665 generatione
2836 4593 3142 4661 pertinente
3187 4592 3254 4647 ad

0 4604 127 4657 :hes
181 4603 398 4667 facere,
435 4602 559 4672 quia
613 4601 929 4673 inquantum
989 4598 1154 4667 potui,
1207 4613 1291 4653 me
1349 4600 1415 4653 ad
1466 4598 1570 4654 hoc

0 4714 223 4751 mcum
252 4697 385 4761 feci,
421 4714 439 4748 ι
469 4694 595 4764 quia
634 4693 807 4748 factus
835 4706 954 4747 sum
988 4691 1130 4745 sicut
1160 4698 1278 4745 uter
1310 4709 1328 4742 ι
1360 4690 1568 4760 positus
1673 4685 1927 4756 gratiam,
1953 4693 2236 4754 permanet
2268 4685 2457 4739 veritas
2483 4694 2595 4748 tua,
2629 4684 2753 4754 quia
2798 4694 2850 4738 tu
2878 4683 3119 4754 fundasti
3150 4692 3256 4737 ter-

10 4808 49 4844 n
85 4791 321 4859 pruina.
368 4810 386 4843 ι
421 4787 517 4843 Vel
545 4802 642 4857 per
671 4796 842 4839 utrem
870 4791 1097 4854 possunt
1125 4781 1297 4837 notari
1318 4781 1567 4853 zcarnalia
1595 4810 1649 4869 Β
1677 4792 1812 4838 ram.
1860 4775 1911 4830 id
1960 4784 2063 4837 est.
2111 4773 2406 4831 Ecclesium
2454 4784 2601 4829 tuam
2636 4774 2690 4829 in
2733 4773 3086 4830 fundamento
3130 4771 3257 4828 ﬁdei

0 4883 259 4946 Sidet-ia,
290 4898 391 4953 ρει-
421 4880 672 4951 ρτυὶηςιῃ
705 4892 795 4934 ros
823 4877 1020 4933 divinae
1047 4876 1251 4948 gratim,
1283 4890 1379 4946 per
1401 4891 1563 4945 quam
1595 4865 1634 4869 -
1676 4866 1925 4922 stabilem
1969 4866 2140 4921 fecisti
2167 4884 2180 4920 :
2206 4874 2263 4922 et
2289 4884 2307 4917 Ι
2347 4874 2649 4936 permanet,
2679 4884 2698 4917 ι
2726 4865 2855 4936 quia
2890 4884 2909 4917 ι
2944 4866 3112 4920 Sedes
3143 4873 3258 4928 tua,

0 4974 297 5027 bibentur
330 4982 386 5027 et
434 4971 838 5040 restringantur
865 4967 1025 5022 liuida
1066 4967 1245 5022 carnis
1274 4967 1563 5022 desideria.
1672 4957 1835 5022 Deus,
1855 4957 1908 5012 in
1932 4957 2183 5013 smculum
2215 4958 2392 5012 smculi
2421 4956 2594 5029 (Psal.
2621 4958 2791 5028 XLIV).
2814 4978 2832 5009 ι
2863 4978 2882 5010 ι
2909 4956 3263 5014 Ordinatione

8 5065 124 5120 δεῖ
157 5066 319 5120 dicat
347 5080 361 5118 :
394 5061 681 5131 Obtorpuit
727 5060 778 5114 in
820 5075 905 5114 tne
935 5057 1114 5113 fervor
1148 5057 1479 5128 cupiditatis,
1509 5068 1568 5112 ut
1673 5059 1763 5105 tua
1791 5060 2142 5119 perseverant
2183 5052 2316 5114 dies,
2351 5071 2370 5104 ι
2408 5052 2462 5107 id
2490 5060 2597 5115 est,
2626 5065 2819 5106 omnes
2844 5051 2934 5121 qui
2972 5052 3081 5104 dies
3106 5057 3256 5111 sunt,

0 5168 194 5212 reret
224 5156 285 5211 in
319 5172 408 5210 me
446 5153 706 5209 memoria
735 5151 1056 5207 citaritatis:
1088 5158 1143 5205 et
1181 5149 1301 5204 ideo
1335 5150 1567 5221 «justiﬁ-
1672 5140 1725 5196 id
1772 5148 1875 5205 θείω
1910 5141 2232 5197 “utillima:
2282 5142 2426 5210 (1⁸⁸οά
2461 5149 2689 5214 Possum
2736 5153 3103 5210 βθτεθνθνίὶνθν
3149 5136 3259 5191 Ῐ¹⁰⁰

6 5253 203 5306 iones
256 5260 384 5305 tuas
412 5266 515 5304 non
546 5263 666 5303 sum
703 5245 921 5300 oblitus.
955 5244 1096 5311 Quot
1131 5251 1257 5300 sunt
1280 5244 1394 5299 dies
1424 5246 1563 5301 servi

1674 5236 1735 5289 ﬁt
1764 5245 1851 5290 tua
1895 5234 2277 5305 dispositione;
2309 5237 2562 5304 quoniam
2606 5231 2806 5296 omnia,
2853 5232 2904 5285 id
2934 5239 3038 5293 est,
3070 5241 3264 5281 omnes

14 5344 48 5396 ἲ
106 5360 129 5391 ι
189 5342 411 5398 Videas
458 5340 629 5395 ﬁdelis
674 5336 851 5389 anima
900 5334 1105 5391 differri
1144 5335 1561 5391 consolationem
1674 5329 1764 5399 qui
1824 5328 1941 5384 dies
1980 5340 2127 5394 sunt,
2183 5346 2201 5378 ι
2230 5330 2477 5384 serviunt
2517 5323 2635 5380 tibi.
2685 5322 2797 5379 Nisi
2850 5324 2991 5394 quod
3038 5320 3122 5374 lex
3170 5325 3262 5370 tua

454 5432 680 5486 “ἠ¹δνὶί,
725 5436 916 5475 Dnlﬁnc
944 5427 1160 5468 (Πραικιυῖ
1205 5436 1255 5462 al
1297 5442 1417 5460 Anna
1444 5445 1563 5469 n-‘m

1676 5419 1955 5460 πωλίνδίῖη
1977 5437 2092 5466 mea
2125 5428 2203 5462 act
2259 5427 2387 5468 Ιιιηρ
2412 5421 2550 5468 ᾗπερ
2570 5414 2858 5458 noriiccmn
2886 5417 2938 5452 in
2962 5409 3267 5454 humilitatus
