4034 6488
541 594 644 661 τῃ
665 589 673 592 .

1176 600 1434 657 REMIGII
1472 580 2130 655 ANTISSIODORENSIS
2166 589 2320 647 OPP.
2362 590 2541 647 PARS
2583 591 2621 647 Ι.
2661 619 2730 630 -—
2768 584 3182 644 EXEGETICA.

3711 573 3809 635 75')

550 737 647 794 per
684 734 844 792 quam
877 719 1197 787 impetratur
1232 713 1406 782 gratia
1437 729 1449 767 :
1475 727 1595 781 qua:
1624 709 1796 782 gratia
1823 707 1874 762 id
1899 704 2029 760 facit
2074 703 2126 757 in
2157 708 2205 765 Α
2233 702 2359 774 quia
2388 702 2443 757 in
2492 694 2746 756 mandato
2779 699 2988 754 Domini
3038 687 3618 794 temporalia‘pm‘mia
3670 709 3813 794 quae-

552 811 894 868 tribulatione
941 804 1242 876 temporali,
1284 821 1348 858 ne
1398 803 1563 857 miser
1607 803 1771 856 homo
1828 803 2017 869 pereat
2077 794 2132 848 in

551 901 852 956 humilitate
896 895 1131 952 mortali.
1189 893 1281 949 Vel
1311 900 1486 964 potest
1525 891 1605 946 sic
1644 885 1988 944 continuari:
2034 883 2136 939 Se-

548 994 783 1049 cundum
835 986 1260 1044 misericordiam
1299 992 1447 1039 tuam
1490 981 1703 1037 vivilica
1752 993 1876 1034 me:
1909 987 1964 1034 et
1994 981 2158 1047 opus”

547 1094 653 1150 est,
693 1079 820 1153 quia
864 1081 998 1151 forte
1019 1078 1285 1149 periissem
1322 1077 1380 1128 in
1425 1073 1720 1127 humilitate
1745 1086 1861 1126 mea
1903 1080 2047 1134 tunc,
2081 1067 2135 1122 id

547 1183 650 1240 est,
700 1172 918 1243 quando
975 1188 991 1220 ι
1022 1167 1364 1239 paulominus
1394 1165 1905 1218 consummaverunt
1953 1171 2039 1212 me
2080 1157 2132 1210 in

547 1276 716 1328 terra,
742 1263 848 1316 nisi
873 1260 1014 1330 quod
1040 1259 1123 1313 lex
1156 1268 1244 1312 tua
1279 1254 1556 1310 meditatio
1577 1267 1692 1308 mea
1721 1261 1804 1307 est
1834 1265 1849 1304 :
1880 1269 1898 1302 ι
1933 1257 1988 1304 ει
2013 1249 2135 1302 ideo

550 1376 568 1408 ι
601 1357 652 1410 iu
705 1364 968 1409 :eternum
1017 1365 1123 1404 non
1179 1347 1470 1402 obliviscar
1523 1343 1940 1414 iustiﬁcationes
1991 1351 2132 1404 tuas,

545 1448 671 1519 quia
697 1447 748 1500 in
776 1445 909 1516 ipsis
947 1442 1229 1497 vivificasti
1264 1455 1370 1494 me.
1403 1459 1423 1492 ι
1462 1439 1666 1508 thuia
1695 1447 1746 1491 tu
1776 1451 1862 1490 me
1888 1433 2132 1490 vivifica-

545 1540 636 1604 sti,
667 1521 868 1592 salvum
899 1550 982 1588 me
1022 1533 1108 1603 fac
1131 1531 1306 1587 dando
1336 1527 1798 1600 perseverantiam
1829 1543 1842 1580 :
1868 1525 1992 1596 quia
2039 1539 2133 1592 ego

545 1639 666 1682 tuus
695 1643 833 1691 sum,
863 1625 953 1694 qui
996 1623 1226 1694 primum
1268 1635 1356 1675 me
1383 1634 1503 1675 esse
1539 1617 1775 1682 voluisti,
1807 1625 1861 1670 et
1889 1615 2134 1687 perditus

543 1733 691 1781 sum,
733 1715 845 1784 iam
875 1729 1060 1784 quzero
1094 1722 1218 1766 tuus
1257 1724 1377 1766 esse
1417 1718 1479 1764 ut
1518 1709 1695 1763 salver
1722 1707 2006 1777 :quoniam
2037 1705 2132 1775 ju-

541 1807 884 1878 stiﬁcationes
926 1815 1044 1857 tuas
1073 1802 1346 1874 exquisivi,
1376 1817 1498 1854 cum
1529 1810 1706 1854 tamen
1753 1797 1905 1852 multi
1952 1803 2134 1852 essent

545 1901 636 1971 qui
691 1915 774 1953 me
834 1895 1098 1968 impedire
1153 1892 1428 1947 volebant.
1492 1889 1626 1944 Nam
1687 1904 1836 1943 mora
1892 1896 1949 1942 et
2003 1885 2129 1941 lima

548 2009 570 2044 ι
598 1999 1047 2062 exspectaverunt
1073 1995 1384 2059 peccatores
1411 1995 1465 2039 ut
1497 1984 1782 2055 perderent
1811 1996 1896 2036 me
1924 1999 1937 2034 :
1963 1999 1998 2032 Α
2028 1995 2129 2050 ego

2235 795 2466 859 sierunt,
2497 809 2616 848 cum
2651 793 2726 847 illi
2754 793 2819 847 ad
2848 802 3048 847 aeterna
3082 787 3392 855 tendebant,
3428 788 3576 845 velut
3599 789 3703 844 iste
3723 790 3812 859 qui

2235 885 2404 940 dicit:
2438 903 2457 937 ι
2486 883 2660 954 Super
2689 884 2937 938 inimicos
2964 896 3114 936 meos
3151 881 3472 952 prudentem
3511 896 3601 936 me
3644 879 3817 937 fecisti

2235 973 2493 1028 mandato
2535 983 2647 1038 tuo,
2678 992 2696 1025 ›
2731 973 2784 1027 id
2831 981 2914 1027 est
2955 982 3228 1042 praecepto
3276 980 3489 1027 tuo:et
3520 973 3626 1028 hoc
3672 973 3816 1039 ideo,

2233 1063 2356 1134 quia
2393 1065 2449 1118 in
2487 1073 2737 1118 wternum
2781 1062 2910 1117 mihi
2949 1072 3022 1117 est
3061 1071 3392 1133 przeeeptum
3429 1071 3578 1116 tuum
3630 1071 3816 1118 suave.

2233 1154 2312 1208 Ac
2337 1154 2382 1207 si
2413 1153 2596 1208 dicat:
2627 1153 2750 1208 Ideo
2796 1152 2849 1206 in
2883 1151 3154 1206 mandatis
3192 1151 3300 1206 tuis
3342 1149 3663 1221 prudentior
3701 1167 3820 1207 sum

2234 1260 2397 1314 quam
2423 1243 2624 1298 inimici
2653 1244 2757 1297 mei
2787 1261 2800 1297 :
2837 1243 2961 1313 quia
2988 1241 3095 1309 ipsi
3117 1242 3454 1314 quaesieram
3486 1243 3539 1297 in
3567 1242 3651 1298 eis
3683 1249 3818 1296 tem-

2234 1337 2461 1408 poralia,
2510 1346 2566 1392 et
2596 1352 2698 1409 ego
2723 1347 2949 1392 aeterna.
2973 1337 3083 1408 ipsi
3118 1338 3307 1393 dicunt
3332 1351 3347 1391 :
3371 1337 3527 1406 Quod
3576 1337 3749 1392 intrat
3772 1337 3822 1392 in

2233 1445 2315 1494 os,
2344 1431 2662 1500 coinquinat
2691 1431 2987 1487 hominem.
3012 1432 3124 1503 Ego
3153 1432 3296 1497 dico,
3329 1431 3445 1486 Non
3470 1432 3617 1502 quod
3655 1432 3823 1486 intrat

2235 1522 2288 1576 in
2337 1537 2415 1585 os,
2450 1523 2768 1592 coinquinat
2819 1525 3092 1580 hominem
3127 1527 3258 1580 :sed
3307 1526 3670 1596 cogitationes
3709 1542 3824 1598 quae

2232 1620 2432 1668 exeunt
2469 1613 2536 1668 de
2577 1616 2759 1679 corde,
2803 1628 2867 1668 ea
2911 1615 3265 1685 coinquinant
3302 1615 3576 1670 hominem
3602 1615 3818 1687 (Matth.

2232 1705 2344 1776 xv).
2371 1704 2541 1775 Super
2569 1722 2745 1760 omnes
2767 1705 3007 1760 docentes
3033 1723 3115 1761 me
3138 1702 3395 1772 intellexi,
3437 1706 3618 1773 idest,
3663 1723 3822 1778 super

2233 1798 2352 1853 illos
2395 1799 2487 1868 qui
2511 1798 2792 1868 iactabant
2834 1813 2893 1853 se
2936 1811 3058 1853 esse
3087 1799 3398 1870 magistros,
3425 1808 3480 1853 ct
3522 1799 3664 1868 legis
3707 1814 3825 1855 esse

2231 1889 2516 1955 doctores,
2565 1890 2941 1946 intellexi:de
2991 1889 3188 1961 quibus
3245 1891 3451 1947 dictum
3504 1902 3621 1958 est,
3686 1911 3707 1944 ι
3739 1893 3828 1948 Va:

2231 1984 2386 2040 vobis
2411 1985 2502 2054 qui
2533 1985 2748 2039 habetis
2775 1983 2982 2039 clavem
3013 1985 3286 2052 scientiae,
3325 2001 3501 2058 neque
3531 2003 3629 2043 vos
3658 1988 3828 2043 intra‘

551 2101 568 2134 ι
599 2081 908 2137 testimonia
963 2088 1051 2133 tua
1089 2076 1326 2132 intellexi
1352 2091 1366 2128 :
1397 2095 1417 2126 ι
1457 2085 1518 2130 et
1566 2094 1583 2126 ι
1614 2075 1718 2127 vidi
1750 2073 1910 2127 linem
1949 2070 2131 2126 onmis
2164 2066 2206 2122 Β
2233 2077 2327 2143 tis,
2355 2092 2531 2147 neque
2557 2077 2692 2132 alios
2720 2078 2924 2132 intrare
2949 2080 3262 2148 permittitis
3296 2079 3449 2152 (Luc.
3474 2082 3581 2152 xi),
3612 2101 3631 2133 ι
3663 2097 3827 2154 super

543 2171 1028 2229 consummationis
1051 2187 1070 2223 -:
1105 2189 1123 2221 ι
1160 2169 1285 2238 quia
1316 2169 1518 2223 bonum
1548 2180 1668 2222 esse
1694 2160 1920 2228 attendi,
1952 2168 2011 2215 ut
2027 2176 2129 2232 pro

545 2279 756 2320 summo
777 2265 920 2318 bono
950 2277 1220 2317 summum
1247 2269 1461 2330 paterer
1488 2257 1749 2312 laborem.
1773 2253 2129 2310 Consumma-

544 2359 707 2414 tionis
738 2356 860 2410 finis
887 2363 989 2417 est,
1037 2354 1089 2407 in
1129 2366 1295 2422 regno
1321 2349 1525 2405 Christi
1569 2349 1685 2404 sine
1729 2345 1836 2401 fine
1873 2344 2126 2416 gaudere.

546 2451 730 2507 Omnis
770 2446 1236 2504 consummationis
1271 2444 1374 2498 vidi
1419 2443 1578 2512 ﬁnem
1604 2455 1622 2494 ε
1647 2450 1702 2496 ει
1747 2441 1849 2495 hoc
1888 2453 1996 2494 non
2033 2450 2130 2508 per

546 2558 652 2608 me,
681 2543 774 2598 sed
799 2555 897 2612 per
920 2537 1228 2594 mandatum
1261 2547 1407 2591 tuum
1431 2536 1584 2590 nimis
1610 2535 1797 2601 latum,
1823 2533 1874 2588 id
1903 2543 2004 2599 εει,
2033 2548 2130 2602 per

545 2635 865 2690 charitatem
917 2641 1060 2687 tuam
1104 2631 1261 2686 valde
1310 2640 1619 2694 extensam,
1663 2631 1788 2698 quia
1837 2643 2009 2697 usque
2059 2626 2128 2681 ad

550 2725 800 2780 inimicos
826 2723 1130 2794 diligendos
1158 2721 1492 2776 extenditur.
1519 2719 1616 2773 Vel
1655 2721 1773 2774 sic:
1811 2716 1931 2772 Vidi
1972 2735 2126 2771 man»
2164 2746 2166 2748 τ

545 2817 725 2869 datum
766 2825 912 2868 tuum
954 2815 1110 2868 nimis
1145 2811 1336 2876 latum,
1387 2811 1438 2867 id
1479 2819 1581 2875 est,
1611 2810 1931 2864 charitatem
1983 2819 2129 2862 tuam

544 2921 716 2977 usque
746 2906 814 2960 ad
847 2905 1096 2960 ittitItiCuS
1121 2913 1421 2966 extensam,
1450 2917 1572 2958 esse
1608 2903 1768 2970 ﬁnem
1798 2901 1966 2955 onmis
2008 2917 2129 2953 con-

544 2999 943 3063 summationis,
987 2999 1040 3053 id
1095 3007 1209 3063 est,
1261 2997 1427 3052 totius
1472 2997 1865 3067 perfectionis;
1896 2995 2020 3064 quia
2075 2995 2127 3047 in

544 3092 811 3146 charitate
833 3091 1026 3162 pendet
1059 3099 1170 3144 tota
1207 3090 1291 3144 lex
1323 3097 1377 3143 et
1417 3088 1694 3158 prepheta:
1721 3085 1935 3158 (Matth.
1968 3085 2126 3154 xxn),
2163 3113 2165 3116 έ

544 3182 662 3238 sine
690 3197 795 3252 qua
831 3182 984 3236 irrita
1021 3191 1106 3238 est
1145 3179 1474 3235 universitas
1519 3178 1946 3241 benefactorum,
1974 3177 2126 3245 juxta

544 3272 860 3343 Apostolum
891 3272 1200 3327 (licentem:
1233 3289 1252 3320 ι
1283 3271 1340 3324 Si
1389 3269 1662 3324 tradidero
1701 3284 1900 3338 corpus
1949 3253 2126 3322 incum

545 3367 620 3420 ita
646 3364 965 3428 utardeam,
1002 3364 1323 3418 charitatem
1352 3371 1533 3416 autem
1578 3376 1686 3416 non
1713 3362 1960 3424 habeam,
1996 3360 2127 3416 nihil

545 3457 923 3527 mihitprodest
954 3455 1003 3527 (1
1035 3454 1159 3510 Cor.
1192 3455 1336 3526 xm).
1372 3473 1392 3508 ι

613 3547 760 3602 Men.
789 3578 854 3587 —
880 3565 898 3598 ι
930 3547 1212 3614 Quomodo
1239 3546 1400 3601 dilexi
1436 3545 1606 3617 legem
1654 3554 1826 3611 tuam,
1864 3543 2128 3598 Domine?

551 3663 566 3692 ι
617 3651 727 3697 tota
755 3641 841 3697 die
887 3641 1168 3697 meditatio
1194 3655 1316 3695 mea
1345 3648 1446 3695 εει.
1477 3639 1656 3710 Super
1686 3638 1935 3694 inimicos
1979 3654 2127 3693 meos

550 3753 568 3784 ι
617 3733 934 3802 prudentem
967 3748 1054 3786 me
1091 3731 1264 3786 fecisti
1304 3732 1560 3786 mandato
1591 3741 1702 3794 tuo,
1731 3731 1856 3801 quia
1884 3732 1936 3785 in
1969 3741 2129 3785 teter-

551 3849 566 3877 ι
613 3843 741 3880 num
779 3827 907 3880 mihi
950 3833 1054 3881 est.
1106 3825 1284 3897 Super
1312 3840 1501 3880 omnes
1541 3826 1797 3880 docentes
1841 3841 1928 3880 me
1971 3825 2128 3880 intel-

551 3937 569 3968 ι
619 3918 744 3983 lexi,
769 3917 895 3987 quia
922 3917 1231 3974 testimonia
1266 3925 1355 3972 tua
1375 3918 1662 3973 meditatio
1683 3934 1800 3972 mea
1823 3926 1926 3972 est.
1953 3917 2128 3988 Super

551 4028 570 4061 ι
615 4022 774 4062 senes
823 4007 1081 4073 intellexi,
1131 4010 1258 4078 quia
1311 4008 1562 4063 mandata
1620 4017 1708 4062 tua
1760 4009 2004 4078 quaesivi.
2047 4008 2130 4064 Ab

550 4119 568 4146 ε
618 4099 766 4154 omni
796 4099 882 4153 via
925 4099 1066 4154 mala
1110 4101 1361 4171 prohibui
1411 4102 1575 4170 pedes
1625 4117 1796 4166 meos,
1845 4113 1904 4156 ut
1951 4112 2131 4155 custo-

550 4209 570 4242 ι
616 4190 762 4245 diam
784 4193 949 4246 verba
976 4199 1088 4246 tua.
1120 4192 1165 4246 A
1187 4191 1407 4261 iudiciis
1429 4192 1534 4248 tuis
1561 4209 1668 4248 non
1694 4194 1978 4254 declinavi,
2003 4195 2130 4262 quia

550 4303 570 4336 ι
618 4293 674 4339 ιιι
722 4285 895 4355 legem
943 4287 1171 4356 posuisti
1226 4287 1382 4340 mihi.
1435 4285 1606 4354 Quam
1659 4287 1836 4342 dulcia
1885 4289 2129 4342 l'aueihus

553 4395 570 4425 ι
618 4377 753 4433 meis
790 4377 1002 4447 eloquia
1037 4387 1127 4432 tua
1168 4393 1331 4449 super
1359 4379 1464 4434 mel
1491 4380 1574 4434 ori
1604 4381 1757 4434 meo!
1791 4380 1836 4433 Α
1860 4381 2131 4436 mandatis

552 4487 570 4518 ι
620 4469 728 4523 tuis
785 4468 1047 4534 intellexi,
1082 4477 1368 4540 propterea
1409 4470 1556 4527 odivi
1597 4485 1815 4528 omnem
1849 4471 1996 4527 viam
2024 4471 2130 4527 ini-

553 4573 570 4607 ι
617 4557 859 4628 quitatis.
897 4577 915 4609 ι

1119 4650 1567 4709 ENARRATIO.

626 4760 645 4794 ι
676 4741 958 4808 Quomodo
992 4743 1152 4798 dilexi
1195 4744 1366 4815 legem
1397 4754 1546 4800 tuam
1593 4745 1856 4802 Domine?
1900 4753 2013 4801 tota
2047 4745 2134 4802 die

2233 2185 2370 2240 quos
2400 2171 2662 2237 intellexi,
2689 2170 2814 2242 quia
2841 2172 3136 2226 testimonia
3163 2183 3256 2227 tua
3281 2174 3556 2228 meditatio
3585 2191 3706 2228 mea
3728 2185 3825 2242 est,

2235 2263 2548 2334 Antiquitus
2570 2263 2714 2319 enim
2738 2263 2944 2318 dictum
2965 2271 3080 2319 est:
3108 2282 3126 2314 ι
3157 2264 3357 2335 Diliges
3385 2267 3621 2320 amicum
3654 2274 3824 2329 tuum,

2232 2363 2288 2409 et
2327 2354 2454 2409 odio
2496 2354 2721 2410 habebis
2746 2353 3026 2409 inimicum
3069 2362 3219 2409 tuum
3249 2353 3436 2425 (Leuit.
3481 2355 3627 2426 xix).
3662 2374 3682 2407 ι
3716 2355 3827 2410 Tua

2231 2454 2410 2500 autem
2452 2447 2762 2502 testimonia
2795 2453 2923 2501 sunt
2952 2453 3015 2499 ε’(
3042 2444 3262 2514 Diligite
3295 2445 3549 2502 inimicos
3592 2456 3824 2513 vestros,

2232 2537 2536 2594 benefacite
2579 2539 2664 2593 his
2695 2538 2786 2609 qui
2817 2537 3054 2593 oderunt
3078 2553 3178 2592 vos
3203 2535 3424 2609 (Matth.
3445 2538 3526 2609 γ).
3569 2556 3589 2589 ›
3623 2536 3684 2592 In
3710 2538 3824 2608 qui-

2231 2631 2331 2685 bus
2361 2630 2686 2685 testimoniis
2723 2645 2940 2700 semper
2967 2627 3071 2684 fuit
3106 2629 3389 2684 meditatio
3435 2644 3587 2697 mea,
3633 2639 3689 2685 et
3729 2631 3822 2686 hoc

2230 2737 2386 2792 super
2403 2737 2572 2786 senes,
2598 2721 2720 2793 quia
2753 2721 3006 2774 mandata
3044 2730 3135 2775 tua
3163 2721 3403 2792 qutesivi,
3435 2721 3729 2790 qumrendo
3771 2720 3825 2774 in

2232 2814 2311 2868 eis
2360 2811 2697 2882 spiritualem
2748 2811 3182 2882 intelligentiam,
3209 2829 3316 2866 non
3345 2811 3681 2867 attendendo
3705 2826 3825 2867 caro

2232 2905 2407 2960 nalem
2431 2906 2850 2960 observantiam.
2882 2903 3015 2975 Nam
3041 2904 3106 2958 ab
3134 2905 3277 2959 omni
3298 2905 3379 2959 uia
3410 2906 3558 2960 mala
3580 2904 3823 2976 prohibui

2229 2995 2383 3066 pedes
2426 3011 2586 3060 meos,
2617 2995 2669 3049 id
2699 3003 2785 3049 est
2821 2992 3134 3050 affectiones
3160 3009 3331 3062 meas,
3363 2994 3429 3050 ad
3450 2995 3559 3051 hoc
3577 2994 3824 3050 videlicet

2231 3098 2285 3141 ut
2317 3087 2608 3141 custodiam
2648 3087 2902 3142 mandata
2946 3098 3059 3142 tua.
3091 3087 3159 3142 Et
3185 3089 3315 3158 quia
3355 3104 3462 3143 non
3511 3086 3718 3144 suﬁicit
3743 3088 3819 3144 de-

2231 3180 2433 3234 clinare
2467 3195 2498 3234 a
2530 3178 2671 3234 malo
2709 3179 2811 3235 nisi
2857 3189 3122 3250 sequatur
3157 3181 3382 3246 bonum,
3431 3179 3822 3253 subiungitur:

2230 3275 2270 3328 Α
2292 3273 2510 3343 judiciis
2537 3274 2662 3340 tuis,
2714 3288 2834 3344 quae
2880 3282 2934 3328 tu
2961 3273 3166 3340 fecisti,
3217 3284 3272 3330 et
3321 3275 3402 3330 sic
3431 3274 3673 3329 docuisti
3726 3290 3826 3330 non

2177 3348 2198 3437 '_
2234 3366 2512 3432 declinavi,
2535 3367 2660 3434 quia
2692 3377 2746 3421 ιιι
2777 3365 2940 3436 legent
2961 3365 3180 3437 posuisti
3205 3367 3351 3430 mihi,
3381 3375 3441 3420 ut
3462 3365 3555 3437 qui
3581 3365 3638 3420 in
3667 3365 3831 3422 finem

2156 3432 2204 3491 θ
2233 3468 2642 3528 perseveraret,
2693 3459 2780 3514 hic
2819 3459 3001 3514 salvus
3042 3467 3190 3515 esset
3229 3457 3448 3529 (Matth.
3503 3473 3565 3525 ι,
3611 3458 3773 3531 xxiv)
3813 3477 3826 3511 :

2229 3558 2284 3604 et
2308 3551 2434 3621 quia
2467 3560 2523 3604 tu
2554 3550 2804 3620 posuisti,
2856 3550 2978 3606 ideo
3019 3566 3176 3621 quam
3219 3548 3396 3602 dulcia
3431 3558 3555 3603 sunt
3585 3549 3833 3618 faucibus

2228 3644 2357 3696 meis
2385 3642 2589 3714 eloquia
2619 3653 2732 3707 tua,
2766 3641 3010 3698 faucibus
3049 3642 3303 3696 videlicet
3355 3642 3577 3706 cordis,
3626 3652 3686 3696 et
3725 3657 3830 3697 non

2233 3745 2437 3790 tantum
2483 3734 2658 3790 dulcia
2693 3744 2818 3790 sunt
2866 3736 2996 3790 mihi
3033 3734 3100 3789 ad
3150 3733 3569 3791 tedilicalionem
3623 3749 3827 3798 meam,

2231 3828 2324 3882 sed
2353 3829 2517 3882 etiam
2545 3827 2623 3882 ori
2646 3844 2759 3882 meo
2788 3837 2914 3884 sunt
2944 3826 3116 3882 dulcia
3147 3841 3304 3896 super
3323 3825 3450 3891 mel,
3493 3833 3554 3878 ut
3583 3834 3828 3880 erue-tem

2231 3920 2321 3974 illa
2357 3921 2429 3975 ad
2477 3919 2890 3975 aedificationem
2939 3919 3311 3990 proximorum
3352 3919 3517 3987 :qnia
3568 3915 3685 3986 plus
3740 3929 3830 3970 me

2232 4012 2464 4067 delectat
2509 4014 2735 4082 proximi
2783 4011 3090 4076 aedificatio,
3123 4026 3286 4081 quam
3329 4008 3435 4064 alia
3483 4018 3832 4065 terrenarum

2232 4119 2412 4159 rerum
2437 4103 2660 4158 dulcedo
2687 4122 2700 4158 :
2731 4113 2787 4158 et
2813 4104 2914 4158 hoc
2942 4119 2973 4155 a
2995 4103 3261 4157 mandatis
3277 4102 3379 4156 tuis
3395 4100 3656 4156 intellexi.
3685 4099 3829 4156 Man-

2233 4197 2357 4252 data
2398 4196 2492 4250 Dei
2524 4195 2792 4266 intelligit,
2827 4195 2952 4265 quia
2983 4210 3045 4249 ea
3087 4194 3140 4248 in
3169 4209 3334 4264 opere
3367 4194 3636 4249 ostendit.
3678 4191 3825 4250 Unde

2234 4287 2396 4343 illud:
2427 4287 2591 4357 Cupis
2613 4286 2968 4356 sapientiam?
2989 4301 3141 4340 serva
3165 4285 3442 4342 mandatas
3469 4282 3676 4355 (Matth
3701 4284 3831 4353 ιιι).

2233 4381 2317 4436 Ad
2355 4382 2676 4451 sapientiam
2703 4382 2846 4434 enim
2875 4380 3191 4450 pervenitur
3211 4372 3551 4434 occultorum
3577 4393 3684 4448 per
3712 4381 3835 4433 obe~

2233 4474 2491 4530 dientiam
2521 4475 2921 4529 mandatorum.
2954 4474 3019 4528 Et
3043 4473 3170 4528 illud
3197 4493 3210 4526 :
3238 4473 3340 4541 Qui
3365 4472 3593 4543 apponit
3617 4474 3833 4544 sapien-

2173 4576 2176 4578 ‘
2235 4567 2388 4632 tiam,
2436 4567 2653 4637 apponit
2685 4565 2923 4621 dolorem
2968 4564 3254 4638 (Eccleu).
3296 4565 3343 4619 A
3391 4563 3676 4620 mandatis
3731 4565 3836 4620 tuis

2236 4659 2500 4724 intellexi,
2562 4678 2580 4710 ι
2615 4658 3076 4730 proptereaodivi
3118 4672 3336 4712 omnem
3379 4657 3524 4712 viam
3573 4658 3837 4730 iniquita-

2240 4754 2344 4817 tis,
2387 4773 2406 4804 ι
2461 4753 2588 4821 quia
2643 4752 2824 4808 nullus
2865 4749 3106 4822 perfecte
3145 4759 3294 4804 amat
3334 4750 3692 4816 charitatem,
3743 4752 3835 4820 qui

550 4834 830 4890 meditatio
877 4849 997 4888 mea
1037 4845 1153 4901 est;
1193 4855 1211 4888 ι
1246 4837 1402 4907 quasi
1430 4838 1612 4894 dicat:
1639 4838 1775 4905 Quia
1821 4837 2132 4892 mandatum
2159 4815 2212 4876 D
2241 4815 2345 4900 non
2379 4815 2535 4899 habet
2573 4843 2698 4899 odio
2726 4815 3087 4913 iniquitatem.

549 4938 698 4981 tuum
736 4925 892 4980 valde
941 4936 1025 4982 est
1077 4927 1264 4994 latum,
1313 4928 1433 4984 ideo
1476 4929 1638 4984 dilexi
1679 4929 1841 5000 legem
1879 4941 2024 4983 tuam
2067 4945 2130 4985 eo
2170 4926 2177 4930 "
2215 4985 2217 4988 ι

551 5021 711 5074 modo
736 5035 844 5090 quo
891 5018 1160 5090 diligenda
1193 5032 1298 5076 est.
1335 5021 1469 5076 Nam
1501 5033 1611 5077 tota
1646 5023 1752 5089 die,
1783 5023 1837 5078 id
1867 5032 1951 5078 est
1993 5023 2132 5078 assi-

549 5113 675 5178 due,
702 5111 972 5166 meditatio
998 5129 1112 5165 mea
1139 5122 1236 5167 est.
1265 5111 1382 5168 Tali
1412 5113 1763 5168 meditatione
1795 5124 2136 5184 expugnatur

551 5204 840 5274 cupiditas,
867 5219 988 5273 quae
1012 5220 1154 5273 saepe
1191 5204 1451 5260 faciendis
1493 5205 1626 5276 legis
1647 5203 1985 5274 iussionibus
2015 5219 2139 5260 con-

553 5297 768 5350 tradicit
799 5314 812 5350 :
847 5297 973 5365 quia
1005 5309 1187 5351 autem
1217 5305 1328 5351 tota
1356 5297 1443 5352 die
1477 5297 1773 5353 meditatur
1801 5298 1852 5352 in
1894 5297 2010 5367 lege
2041 5298 2143 5351 Do-

551 5388 708 5454 mini,
752 5404 969 5443 omnem
1021 5388 1244 5458 expellit
1297 5405 1329 5444 a
1375 5403 1434 5444 se
1481 5389 1857 5459 cupiditatem.
1916 5409 1934 5441 ι
1969 5389 2144 5459 Super

553 5479 805 5534 inimicos
846 5495 996 5534 meos
1027 5481 1346 5550 prudentem
1391 5496 1476 5535 me
1521 5478 1695 5535 fecisti
1742 5481 2000 5535 mandato
2027 5489 2137 5546 tuo,

554 5570 681 5638 quia
711 5569 766 5625 in
793 5581 1068 5635 internum
1112 5571 1244 5626 mihi
1295 5581 1397 5628 est.
1432 5593 1451 5624 ι
1487 5571 1654 5639 Quasi
1689 5573 1834 5628 dicat
1867 5591 1880 5627 :
1913 5572 2037 5626 ideo
2065 5572 2139 5626 di-

556 5658 661 5714 lexi
691 5660 854 5731 legem
882 5671 1046 5726 tuam,
1075 5664 1199 5733 quia
1227 5663 1279 5717 in
1303 5665 1418 5734 ipsa
1447 5664 1562 5735 lege
1589 5663 1758 5733 fecisti
1786 5681 1867 5719 me
1911 5669 2139 5734 pruden-

559 5761 659 5805 tem
699 5770 855 5823 super
893 5755 1130 5810 inimicos
1160 5773 1322 5811 meos.
1355 5755 1561 5810 Inimici
1603 5756 1819 5811 fuerunt
1847 5756 2142 5812 carnaliter

560 5841 730 5912 legem
779 5845 1161 5915 intelligentes,
1191 5847 1299 5902 illis
1331 5847 1422 5915 qui
1455 5847 1824 5918 .spiritualiter
1851 5848 2020 5916 legem
2062 5849 2140 5901 in-

564 5934 908 6000 tellexerunt,
933 5937 1079 5991 velut
1119 5939 1212 5992 filii
1241 5939 1406 6008 Agar,
1432 5941 1524 6009 qui
1571 5941 1624 5994 in
1650 5942 1961 5995 servitutem
2003 5940 2142 5996 filios

563 6035 884 6097 generautes
943 6028 1141 6082 inimici
1197 6028 1412 6084 fuerunt
1458 6029 1582 6084 liliis
1637 6030 1786 6086 Sara:
1833 6029 1976 6101 (Gal.
2023 6033 2134 6104 tv):

2313 4978 2449 5034 Nos.
2489 5008 2560 5018 —
2592 4997 2609 5029 ι
2640 4974 2880 5032 Lucerna
2899 4976 3122 5047 pedibus
3153 4975 3288 5029 meis
3313 4973 3541 5029 verbum
3578 4983 3762 5042 tuum,
3788 4985 3843 5028 ct

2249 5093 2266 5124 ι
2314 5072 2491 5126 lumen
2543 5071 2752 5125 semitis
2799 5069 2952 5123 meis.
2995 5060 3182 5122 iuravi
3229 5075 3283 5121 et
3341 5067 3504 5121 statui
3553 5069 3840 5123 custodire

2247 5183 2267 5217 ι
2311 5162 2510 5230 indicia
2529 5161 2750 5231 iustitiae
2772 5171 2894 5214 tuas.
2919 5158 3240 5214 liumiliatus
3269 5174 3385 5213 sum
3418 5174 3842 5232 usquequaque,

2249 5274 2267 5307 ι
2321 5255 2541 5308 Domine
2567 5273 2579 5309 :
2618 5253 2827 5307 vivilica
2852 5267 2938 5308 me
2963 5253 3254 5308 secundum
3276 5250 3501 5307 verbum
3529 5262 3705 5308 tuum.
3733 5252 3841 5308 Vo-

2245 5365 2262 5398 ι
2311 5345 2542 5400 luntaria
2592 5346 2704 5401 oris
2757 5345 2861 5399 mei
2918 5344 3254 5414 beneplacita
3317 5343 3424 5408 fac,
3483 5343 3738 5407 Domine,
3787 5353 3843 5398 et

2244 5457 2261 5489 ι
2301 5434 2504 5506 iudicia
2534 5444 2623 5492 tua
2647 5438 2779 5492 doce
2815 5452 2920 5491 me.
2958 5436 3153 5491 Anima
3179 5433 3296 5491 inea
3325 5437 3378 5490 in
3412 5438 3668 5492 manibus
3699 5438 3840 5492 meis

2241 5550 2259 5582 ι
2306 5544 2541 5600 semper,
2570 5537 2626 5583 et
2644 5527 2815 5599 legem
2840 5537 2982 5582 tuam
3007 5543 3114 5582 non
3144 5543 3261 5582 sum
3278 5525 3496 5581 oblitus.
3526 5525 3842 5581 Posuernnt

2240 5643 2260 5675 ι
2306 5632 2620 5694 peccatores
2653 5620 2907 5689 laqueum
2933 5618 3084 5682 mihi,
3116 5626 3172 5672 et
3206 5619 3273 5672 de
3298 5617 3570 5671 mandatis
3595 5617 3702 5672 tuis
3722 5633 3837 5671 non

2250 5733 2270 5766 ‹
2315 5713 2512 5769 erravi.
2565 5709 2888 5766 Haereditate
2945 5706 3208 5778 acquisivi
3255 5707 3564 5764 testimonia
3620 5717 3708 5762 tua
3783 5708 3838 5762 in

2250 5826 2267 5860 ι
2313 5816 2595 5868 teternum,
2643 5803 2769 5871 quia
2793 5799 3080 5856 exsultatio
3127 5799 3307 5854 cordis
3348 5798 3449 5852 mei
3491 5807 3638 5852 sunt.
3669 5795 3840 5851 Incli—

2249 5915 2267 5947 ι
2307 5894 2430 5949 navi
2467 5908 2560 5947 cor
2597 5907 2774 5946 meum
2822 5891 2888 5944 ad
2939 5887 3214 5943 faciendas
3258 5885 3672 5957 iustificationes
3705 5892 3842 5940 tuas

2250 6003 2270 6037 ι
2313 5987 2365 6040 in
2393 5993 2676 6049 aeternum,
2708 5991 2928 6053 propter
2957 5978 3390 6036 retributionem.
3435 5997 3453 6031 ι
3531 6000 3540 6004 ·
