3868 5724
59 353 152 410 753.

593 477 1049 535 ENARRATIO.

115 587 131 621 ι
159 569 389 624 Lucerna
434 568 662 640 pedibus
700 572 840 627 meis
868 574 1092 629 verbum
1123 585 1294 642 tuum,
1333 585 1386 631 et
1417 577 1598 633 lumen

50 662 233 718 semitis
271 661 423 716 meis.
457 681 474 713 ι
505 661 671 730 Quasi
711 665 892 720 dicat:
933 666 1058 722 ideo
1083 668 1208 723 odio
1250 670 1410 725 habui
1457 671 1597 725 viam

49 752 339 823 iniquitatis,
380 752 503 821 quia
552 755 760 810 verbum
813 767 982 821 tuum,
1033 774 1140 812 non
1179 759 1402 815 verbum
1436 760 1596 816 Chri-

46 855 189 911 stum,
216 845 303 900 sed
332 847 550 901 verbum
583 847 784 904 Christi
821 851 888 904 ad
925 853 1220 922 prophetas
1247 853 1467 919 factum,
1499 869 1598 923 per

45 934 288 1004 apostolos
317 936 689 1005 prtedicatum,
735 941 877 1009 quod
919 943 1224 998 continetur
1262 944 1313 999 in
1345 945 1597 1002 omnibus

43 1029 316 1097 scripturis,
345 1038 427 1085 est
471 1029 686 1085 lucerna
712 1032 928 1102 pedibus
970 1036 1122 1103 meis,
1154 1035 1206 1091 id
1235 1045 1317 1093 est
1354 1035 1597 1093 aﬁ‘ectio-

43 1124 178 1177 nibus
203 1123 347 1178 meis.
391 1122 636 1180 Lucerna
659 1127 803 1182 enim
829 1143 935 1182 non
972 1143 1076 1199 per
1100 1145 1178 1196 se,
1208 1131 1312 1186 sed
1333 1146 1431 1199 per
1451 1129 1594 1185 aliud

44 1217 191 1274 lucet:
234 1219 353 1288 quia
394 1221 633 1289 apostoli
654 1237 758 1278 non
807 1237 907 1294 per
938 1237 1014 1279 se.
1049 1223 1144 1278 sed
1185 1239 1281 1294 per
1317 1223 1590 1279 Christum

44 1309 195 1363 lumen
233 1325 417 1364 verum
457 1312 508 1365 in
542 1313 830 1384 splendore
861 1315 998 1371 lucis
1023 1316 1442 1380 corruseabant;
1472 1314 1593 1369 ideo

42 1402 404 1472 pmdicatiouis
455 1407 677 1461 verbum
733 1424 832 1478 per
896 1409 1167 1479 apostolos
1218 1409 1586 1480 praedicatum,

43 1494 167 1562 quisi
225 1494 434 1552 lucet-na
493 1497 590 1553 fuit
643 1501 888 1568 pedibus.
957 1499 1153 1556 Verum
1212 1511 1390 1558 autem
1448 1503 1590 1572 quod

42 1585 251 1641 Christus
291 1590 638 1657 praedicabat,
691 1595 825 1662 quia
854 1609 954 1664 per
999 1609 1060 1649 se
1104 1595 1331 1649 nimium
1365 1593 1589 1664 fulgoris

42 1679 334 1747 plenitudine
367 1684 643 1748 rutilabat,
677 1702 783 1742 non
832 1687 1074 1752 lucerna,
1111 1688 1204 1743 sed
1234 1688 1414 1743 lumen
1451 1687 1588 1742 dici-

45 1779 144 1822 tur:
184 1780 227 1822 et
263 1770 432 1827 lumen
456 1775 510 1828 in
545 1777 764 1839 sentitis,
800 1777 851 1831 id
881 1787 964 1832 est
1006 1778 1060 1833 in
1092 1777 1419 1832 arctioribus
1447 1792 1587 1845 prae-

1139 361 1679 422 ENARRATIONES
1715 366 1784 424 IN
1822 369 2161 433 PSALMOS.
3168 383 3268 438 75$

1634 485 1858 557 A'quasi
1922 507 2020 562 pro
2071 481 2389 552 haereditate
2440 508 2764 568 acceperunt
2825 516 2856 556 a
2925 502 3171 568 Domino,
3228 514 3293 560 ιιιι
3350 533 3353 536 -

1705 587 1872 636 testes
1925 583 2042 653 ejus
2095 585 2289 641 ﬁerent
2342 587 2395 641 in
2437 591 2750 661 ,martyrio‘
2801 593 2942 662 quod
2997 594 3148 649 multi
3194 611 3288 654 vo,-

1701 670 1935 740 lueruut,
1993 676 2085 732 sed
2131 694 2238 734 non
2292 687 2604 750 potuerunt.
2665 681 2806 737 Nulli
2863 692 3040 740 tamen
3095 694 3285 756 potue-

1701 772 1844 828 runt,
1896 768 1998 822 nisi
2054 770 2199 839 quod
2270 771 2748 844 voluerunt:quia
2795 792 2899 832 nou
2962 779 3283 848 potuissent,

1699 856 1743 911 si
1802 859 2106 914 testimonia
2169 861 2262 916 Dei
2328 862 2647 919 noluissent.
2713 866 2780 920 Et
2841 868 3096 939 quoniam
3160 885 3286 924 san-

1699 949 1769 1003 cti
1818 961 2085 1024 martyres
2126 954 2180 1008 in
2233 955 2557 1012 testimoniis
2605 955 2819 1013 Domini
2871 975 2976 1015 non
3036 969 3286 1030 quzerunt
3339 1001 3344 1006 .

1697 1037 1920 1108 gloriam
1958 1042 2234 1097 hominum
2283 1059 2420 1100 vana
2465 1047 2841 1114 quaerentium,
2889 1048 2980 1104 sed
3024 1058 3282 1104 aeternam

1697 1129 1920 1201 gloriam
1953 1133 2100 1188 brevi
2133 1143 2370 1204 tempore
2403 1137 2742 1206 patientium,
2773 1147 2829 1193 et
2857 1139 2975 1194 sine
3017 1139 3121 1193 line
3156 1151 3287 1210 gau~

1696 1223 1956 1288 dentium,
2005 1225 2280 1297 subiungit.
2311 1246 2324 1280 :
2360 1227 2416 1282 in
2447 1238 2720 1288 talentum.
2757 1229 2920 1298 Quasi
2945 1230 3104 1284 dicat.
3160 1229 3284 1284 Ideo

1695 1318 1990 1372 testimonia
2032 1328 2124 1372 tua
2167 1320 2442 1390 acquisivi,
2494 1321 2618 1389 quia
2665 1321 2718 1374 in
2757 1331 3018 1378 :eternum
3049 1330 3173 1376 sunt
3200 1338 3285 1375 me

1693 1408 1903 1464 scilicet
1941 1409 2193 1464 ducentia
2223 1429 2236 1464 :
2263 1413 2390 1480 quia
2433 1412 2714 1467 exsultatio
2763 1413 2934 1467 cordis
2984 1415 3086 1467 mei
3137 1422 3282 1476 sunt,

1693 1498 1818 1553 licet
1844 1496 2056 1553 all'ectio
2098 1499 2206 1553 sint
2245 1501 2489 1570 corporis
2521 1519 2536 1555 :
2568 1511 2624 1556 et
2667 1501 2787 1558 ideo
2837 1502 3134 1557 «inclinavi
3191 1519 3284 1557 eor

1692 1603 1872 1643 meum
1914 1589 1982 1642 ad
2011 1589 2287 1645 faciendas
2310 1575 2727 1660 iustificationes
2768 1602 2889 1648 tuas
2925 1593 2977 1647 in
3021 1603 3280 1647 internum

1691 1687 1912 1749 prepter
1935 1679 2368 1735 retributionem.
2407 1700 2426 1732 ι
2468 1682 2608 1737 Ecce
2655 1682 2797 1752 quod
2821 1684 3087 1754 ,superius
3124 1684 3281 1748 dixit,

1693 1766 1901 1822 Inrlina
1932 1787 1949 1824 :
1978 1771 2064 1825 hic
2095 1771 2243 1833 dicit,
2275 1771 2536 1827 lnclinaui
2557 1787 2575 1824 :
2599 1782 2654 1828 et
2676 1774 2805 1845 quid
2838 1790 2935 1845 per
2954 1775 3057 1830 hoc
3085 1775 3282 1830 intelli-

45 1862 198 1929 ccptis.
228 1862 338 1933 ipse
374 1866 517 1920 enim
549 1869 854 1939 exetnplum
891 1869 989 1924 fuit
1018 1869 1172 1924 nobis
1209 1877 1414 1924 arctam
1440 1843 1584 1922 viam
1617 1843 1658 1902 Β
1688 1860 1886 1932 gimus,
1912 1863 2011 1917 nisi
2039 1872 2098 1917 ut
2119 1864 2366 1919 OStendat
2413 1863 2818 1923 inclinationem
2859 1867 2943 1922 sui
2988 1869 3185 1931 cordis,
3228 1880 3282 1922 et

45 1950 306 2020 insistendi,
333 1955 382 2009 id
408 1967 488 2013 est
531 1961 763 2014 arctiora
806 1969 1076 2032 prrccepta
1111 1961 1338 2016 scientia
1364 1961 1587 2016 investi-

45 2043 189 2112 gandi,
234 2061 348 2116 quae
397 2049 449 2103 in
489 2066 655 2120 opere
690 2051 950 2110 debemus
993 2053 1268 2125 experiri:
1310 2052 1434 2122 quia
1465 2067 1586 2122 qua:

45 2135 189 2191 docuit
229 2154 340 2208 ore,
371 2142 661 2212 complevit
703 2161 883 2216 opere.
919 2147 988 2202 Et
1023 2147 1149 2216 quia
1181 2146 1408 2201 verbum
1440 2142 1584 2216 quod

45 2240 119 2295 per
136 2230 493 2298 praedicatores
520 2235 791 2301 audimus,
824 2252 929 2292 non
963 2238 1053 2293 illo
1081 2240 1383 2310 inspirante
1406 2250 1461 2295 et
1492 2240 1582 2294 ad-

49 2320 240 2390 iuvante,
276 2325 339 2378 ad
369 2325 621 2382 effectum
676 2330 1007 2399 operationis
1039 2346 1143 2386 non
1196 2334 1430 2395 ducitur,
1460 2333 1584 2388 ideo

49 2413 202 2469 dicitur
239 2419 446 2489 proprie
487 2420 672 2476 lumen
725 2423 780 2477 in
828 2425 1034 2480 semitis
1080 2425 1196 2480 Dei.
1259 2448 1276 2478 ι
1305 2427 1487 2483 Juravi
1528 2437 1583 2483 et

46 2507 173 2558 statui
215 2511 474 2567 custodire
494 2511 699 2582 judicia
723 2513 948 2582 iustitia:
980 2526 1101 2572 tua‘.
1127 2540 1144 2572 ι
1178 2520 1313 2588 Quia
1357 2523 1580 2577 verlmm

44 2603 163 2650 luunt
186 2609 258 2654 est
277 2600 448 2656 lumen
473 2604 528 2658 in
559 2607 788 2673 semitis,
820 2609 1163 2680 izlcojurari,
1196 2614 1246 2666 id
1281 2623 1362 2666 est
1394 2631 1578 2669 sacra-

42 2696 192 2740 mento
210 2693 506 2749 conﬁrmavi
537 2716 549 2749 :
582 2707 636 2753 et
676 2699 829 2767 quasi
857 2715 1132 2770 (piarrcres
1163 2703 1290 2772 quid
1321 2703 1576 2773 iurasset,

41 2776 291 2850 subjungit,
317 2794 360 2837 et
404 2788 594 2854 slafui,
633 2788 684 2844 id
731 2799 814 2845 est
865 2790 1273 2849 immutabiliter
1301 2798 1578 2866 proposui,

41 2868 262 2924 custodire
291 2873 495 2941 judicia
523 2877 756 2946 justitire
779 2889 882 2934 lure
927 2896 944 2933 :
979 2882 1103 2951 quia
1137 2885 1214 2940 sic
1241 2885 1400 2942 debet
1425 2903 1578 2944 mens

43 2971 137 3012 csse
164 2960 253 3016 ﬁxa
282 2966 330 3021 in
362 2969 972 3043 custodiendisjudiciis
1006 2975 1239 3042 Domini,
1273 2991 1330 3032 ut
1353 2981 1574 3036 omnino

41 3063 117 3116 pro
143 3053 392 3121 juratione
441 3061 512 3113 sit
565 3062 936 3130 accipiendum
971 3068 1113 3135 quod
1158 3078 1379 3124 statuet.
1429 3070 1581 3128 Tunc

1686 1954 1854 2011 divini
1881 1971 2003 2010 esse
2029 1958 2284 2018 muneris,
2320 1965 2374 2013 et
2402 1973 2507 2012 non
2536 1961 2768 2030 propriae
2794 1950 3128 2018 voluntatis?
3173 1963 3280 2018 Sed

1685 2055 1866 2101 movet
1897 2047 2037 2116 quod
2081 2047 2230 2108 dicit,
2269 2067 2288 2100 ι
2321 2050 2388 2104 ad
2415 2049 2692 2106 faciendas
2715 2051 3133 2120 iustiﬁcationes
3164 2064 3282 2108 tuas

1685 2132 1738 2192 in
1773 2127 2070 2194 aeternum:
2106 2159 2124 2192 ι
2158 2143 2283 2210 quia
2312 2157 2477 2213 opera
2498 2144 2882 2200 misericordiae
2909 2161 3028 2214 qua:
3055 2145 3282 2202 fecimus

1681 2240 1808 2299 erga
1841 2228 2208 2298 proximorum
2240 2232 2592 2288 necessitates
2614 2248 2719 2287 non
2758 2244 2886 2288 sunt
2908 2245 3131 2300 aeterna,
3154 2237 3282 2305 quia

1683 2335 1785 2376 nec
1828 2323 1957 2390 ipsa:
2005 2322 2359 2377 necessitates
2389 2340 2402 2377 :
2428 2337 2551 2392 quae
2593 2338 2758 2393 opera
2796 2323 3206 2389 misericordias,
3237 2325 3282 2380 si

1682 2429 1790 2469 non
1820 2414 1955 2468 ﬁunt
1975 2413 2267 2484 diligendo,
2297 2415 2458 2470 nulla:
2487 2424 2613 2471 sunt
2637 2415 3083 2486 iustiﬁcationes;
3115 2418 3160 2473 si
3189 2435 3284 2472 au-

1683 2515 1791 2562 tem
1845 2523 1912 2563 ex
1955 2509 2240 2564 dilectione
2283 2510 2436 2575 ﬁant,
2471 2509 2807 2580 justiﬁcant:
2838 2509 3054 2566 dilectio
3100 2521 3282 2566 autem

1682 2599 1806 2667 quia
1852 2610 2037 2653 manet
2064 2601 2116 2654 in
2142 2611 2402 2654 mternum
2423 2641 2438 2665 ,
2465 2600 2588 2657 ideo
2618 2602 2708 2671 qui
2735 2601 3066 2657 mter-naliter
3085 2602 3275 2672 diligit,

1681 2691 1873 2758 quaerit
1907 2692 2109 2747 habere
2157 2692 2301 2762 quod
2343 2692 2550 2763 diligit:
2579 2693 2722 2762 quod
2773 2693 2904 2749 dicit
2933 2681 2996 2748 ε’(
3026 2693 3279 2749 inclinavi

1681 2799 1778 2838 cor
1819 2798 1998 2838 meum
2041 2784 2108 2838 ad
2160 2782 2434 2838 faciendas
2455 2783 2868 2854 iustiﬁcationes
2890 2792 3011 2839 tuas
3042 2784 3096 2838 in
3123 2795 3282 2840 (cter-

1681 2891 1808 2930 num
1840 2884 2059 2946 propter
2080 2877 2511 2933 retributionem.

1752 2967 2082 3022 Ssuscu.-——
2109 2987 2127 3019 ί
2173 2967 2389 3038 lniquos
2432 2968 2556 3024 odio
2594 2969 2776 3034 habui,
2820 2979 2877 3025 et
2916 2970 3087 3042 legem
3132 2982 3276 3028 tuam

1686 3076 1707 3110 ‹
1751 3059 1934 3113 dilexi.
1984 3059 2212 3129 Adjutor
2236 3067 2290 3114 et
2311 3072 2594 3129 susceptor
2615 3077 2763 3116 meus
2792 3078 2852 3118 es
2887 3070 2966 3127 tu,
2993 3072 3047 3118 et
3075 3063 3125 3116 in
3160 3081 3274 3117 ver-

41 3152 184 3232 autem
213 3151 586 3206 custodiuntur
596 3151 743 3222 iusta
765 3155 967 3224 judicia
994 3158 1206 3214 Domini
1237 3164 1452 3232 quando
1478 3164 1575 3219 sub

1690 3166 1708 3197 ι
1755 3149 1880 3203 bum
1913 3158 2060 3202 tuum
2111 3150 2505 3218 snpersperavi.
2547 3150 2820 3206 Declinatc
2845 3169 2874 3206 a
2901 3167 3005 3217 me,
3035 3153 3274 3222 maligni,

34 3228 328 3304 jnstojudice
358 3240 466 3296 Deo
490 3257 594 3297 nec
617 3254 900 3313 peccatum
942 3228 1287 3317 impunitum,
1321 3269 1420 3308 nec
1443 3270 1580 3323 opus

40 3322 201 3379 bonum
235 3329 683 3389 irremuneratum
710 3338 970 3393 creditur.
998 3340 1065 3394 Et
1093 3343 1348 3410 quoniam
1378 3345 1430 3398 in
1455 3322 1581 3402 cus-

39 3415 257 3477 tcdienzlis
296 3426 510 3495 judiciis
548 3430 960 3489 Domini'sancti
995 3435 1192 3491 multas
1220 3451 1503 3504 pressurus
1523 3447 1579 3494 et

39 3514 384 3601 persecutiones
431 3519 735 3590 patiuntur,
785 3525 936 3594 quod
980 3525 1080 3581 iste
1121 3527 1172 3581 in
1214 3529 1404 3598 spiritu
1445 3546 1575 3601 pro-

39 3598 208 3661 Phetico
249 3609 432 3665 videns
474 3612 628 3676 dicit,
686 3634 706 3665 ‹
739 3615 1054 3673 humiliatus
1106 3634 1223 3673 sum
1271 3598 1576 3693 usquchta-

43 3699 144 3752 (ille,
167 3691 385 3763 Domine,
421 3720 439 3751 ›
474 3701 525 3754 id
565 3711 649 3757 cst
671 3720 839 3773 usque
866 3707 934 3760 ad
966 3705 1107 3761 illam
1140 3691 1572 3767 humiliatiouem

38 3780 150 3843 ηυοά
180 3800 380 3854 possum
424 3793 531 3848 dici
564 3810 779 3866 quaqua
809 3798 1185 3855 humiliatioue
1236 3803 1568 3869 humiliatus,

32 3881 244 3964 ‘l'tanlum
301 3881 367 3935 ad
403 3878 538 3940 illos
588 3901 618 3938 a
663 3887 861 3957 quibus
902 3888 1221 3948 humiliatus
1268 3910 1406 3948 sum.
1464 3895 1568 3964 ipsi

30 3961 142 4017 enim
166 3971 410 4036 putabant
440 3991 530 4030 me
557 3991 623 4032 ex
653 3986 766 4033 toto
788 3996 818 4034 a
860 3991 911 4037 tc
939 3997 1060 4038 esse
1085 3984 1426 4041 derelictum.
1461 3961 1569 4050 Sed

100 4071 182 4124 pro
209 4060 579 4122 humiliatione
607 4070 813 4140 periret
839 4074 1063 4128 verbum
1095 4075 1215 4131 ﬁdei
1257 4089 1410 4149 rogat
1430 4080 1569 4134 vivi-

27 4141 166 4210 lira-ri,
187 4151 259 4208 sic
285 4172 298 4208 :
331 4155 550 4227 Vini/ica
573 4175 654 4214 me
677 4164 965 4218 secundum
994 4167 1201 4221 uerbum
1234 4178 1379 4223 tuum
1396 4185 1413 4223 :
1439 4174 1565 4245 quia

25 4247 229 4296 mortuus
267 4243 340 4300 fui
370 4251 672 4305 secundum
699 4253 858 4323 primi
900 4255 1134 4312 hominis
1162 4243 1568 4328 praevaricatio-

24 4336 134 4380 nem.
184 4350 201 4384 ι
229 4334 540 4393 Voluntaria
567 4341 682 4396 oris
719 4342 824 4398 mei
871 4345 1204 4414 beneplacita
1251 4347 1564 4410 fac,-Domi-

23 4427 97 4475 uc,
125 4437 142 4468 ι
171 4421 218 4475 id
247 4434 327 4479 est
368 4429 476 4484 noli
512 4433 828 4500 reprobare,
854 4435 946 4489 sed
974 4437 1211 4506 approba
1253 4441 1561 4498 voluntaria

1637 3244 1651 3260 ‘
1690 3261 1707 3291 ‹
1754 3249 1809 3294 et
1836 3241 2120 3296 scrutabor
2142 3241 2392 3295 mandata
2425 3242 2516 3295 Dei
2544 3243 2669 3297 mei.
2719 3242 2942 3313 Suscipe
2966 3259 3050 3298 mc
3080 3259 3274 3298 secun-

1689 3348 1708 3382 ι
1753 3330 1881 3385 dum
1922 3329 2194 3399 eloquium
2219 3339 2391 3395 tuum,
2423 3339 2477 3384 et
2506 3333 2682 3387 vivam
2717 3342 2810 3387 :et
2844 3349 2949 3387 non
2976 3333 3276 3389 confundas

1689 3441 1706 3474 ς
1753 3437 1839 3475 me
1865 3421 1934 3476 ab
1962 3423 2367 3492 exspectatione
2403 3438 2541 3478 mea.
2593 3423 2801 3492 Adjuva
2850 3441 2955 3489 me,
2998 3434 3054 3481 et
3093 3425 3274 3480 salvus

1687 3531 1706 3564 ε
1751 3527 1847 3568 ero
1879 3531 1891 3566 :
1920 3521 1975 3567 et
1992 3491 2299 3569 meditabor
2325 3515 2377 3568 in
2402 3491 2878 3585 justiﬁeationibus
2911 3516 3014 3570 tuis
3037 3531 3267 3586 semper.

1684 3621 1704 3654 ι
1750 3601 2011 3672 Sprevisti
2049 3618 2239 3660 omnes
2267 3603 2609 3660 discedentes
2639 3620 2671 3659 a
2702 3605 2922 3674 judiciis
2970 3607 3098 3674 tuis,
3145 3607 3271 3676 quia

1683 3713 1702 3745 ‹
1748 3694 1944 3764 iniusta
1989 3697 2244 3768 cogitatio
2286 3712 2496 3754 eorum.
2555 3697 2981 3755 Prtevaricantes
3026 3699 3273 3768 reputavi

1680 3806 1700 3840 s
1744 3803 1934 3845 Ollllles
1951 3798 2266 3859 peccatores
2294 3799 2473 3854 terrae,
2498 3791 2618 3846 ideo
2638 3791 2800 3846 dilexi
2824 3791 3130 3847 testimonia
3159 3799 3266 3845 tua.

1680 3898 1699 3932 ι
1743 3879 1966 3952 Conﬁge
1995 3882 2188 3938 timore
2233 3893 2324 3939 tuo
2362 3899 2554 3939 carnes
2582 3900 2730 3942 meas
2762 3904 2775 3940 :
2804 3900 2833 3939 a
2876 3883 3095 3954 judiciis
3124 3885 3270 3944 enim

1682 3992 1702 4027 ι
1750 3976 1855 4032 tuis
1903 3977 2078 4032 timui.
2122 3995 2140 4029 ›

2237 4066 2684 4123 ΕΝΑΒΠΑΤΙΟ.

1741 4157 1867 4216 Haec
1888 4158 2064 4215 littera
2097 4159 2308 4230 signum
2345 4170 2400 4216 et
2436 4163 2745 4218 exhortatio
2786 4171 2892 4228 est,
2941 4172 3000 4218 ut
3047 4162 3271 4232 quilibet

1668 4253 1894 4307 audiens
1928 4254 2074 4323 quod
2102 4254 2190 4308 hic
2226 4253 2424 4308 dicitur
2453 4273 2466 4308 :
2497 4253 2712 4324 Iniquos
2747 4256 2866 4307 odio
2897 4255 3057 4308 habui
3104 4262 3159 4306 et
3211 4254 3264 4306 in

1669 4347 1771 4401 hoc
1803 4346 2057 4400 Dominus
2084 4355 2162 4400 est
2191 4347 2317 4400 mihi
2338 4346 2586 4416 adjutor,
2614 4357 2662 4399 et
2688 4349 2740 4400 in
2766 4362 2829 4398 eo
2860 4346 3217 4414 supersperavi
3248 4362 3265 4409 ;

1668 4447 1906 4491 attentus
1930 4438 1999 4490 sit
2020 4448 2072 4490 et
2100 4453 2203 4490 non
2232 4438 2598 4504 perfunctorie
2633 4437 2714 4490 vel
2746 4445 3085 4512 transeunter
3121 4435 3266 4489 acci-

20 4509 244 4607 Sftrriﬁcia
274 4516 463 4583 laudis,
499 4537 567 4578 ex
606 4523 949 4581 confessione
997 4529 1301 4596 clm-iratis,
1339 4548 1445 4587 non
1493 4549 1557 4589 ex
1592 4563 1641 4620 D
1667 4529 1862 4600 piendo
1892 4528 2164 4582 existimet
2197 4537 2385 4583 contra
2445 4527 2893 4599 evangelistarum
2935 4529 3263 4583 convenien-

21 4596 177 4660 timore
226 4615 566 4668 necessitatis
611 4617 816 4683 oblata,
870 4627 917 4672 et
956 4619 1164 4688 judicia
1205 4631 1320 4686 tua,
1367 4624 1418 4677 id
1477 4635 1562 4680 est

19 4700 241 4766 Pmcepta
272 4711 374 4762 tua.
426 4704 558 4758 doce
596 4723 696 4770 me,
731 4709 1097 4765 ulteriorando
1142 4711 1462 4780 profectum.
1490 4713 1560 4769 Et

17 4781 181 4879 tltfbes:
211 4792 330 4861 quin
371 4798 550 4851 anima
579 4815 694 4854 mea
717 4811 800 4854 est
841 4802 897 4855 in
937 4803 1181 4857 manibus
1206 4806 1307 4859 mei
1333 4823 1554 4877 semper,

16 4873 55 4924 id
72 4887 140 4932 est
171 4887 415 4953 operibus
446 4891 602 4957 meis,
644 4902 703 4947 ut
731 4895 826 4948 tibi
854 4911 973 4950 eam
1019 4895 1262 4952 oll'eram.
1295 4897 1390 4956 Vel
1418 4873 1557 4955 sem-

12 4973 87 5026 Per
110 4971 350 5033 sollicitus
394 4995 514 5033 sum
545 4981 611 5037 de
657 4985 901 5052 profectu
950 4987 1144 5042 animae
1172 5003 1326 5052 meas,
1355 4999 1402 5042 et
1435 4989 1554 5044 ideo

12 5054 295 5127 legemtuam
324 5088 424 5126 nou
454 5091 579 5130 sum
600 5077 813 5143 oblitus,
847 5094 969 5133 cum
999 5089 1179 5138 tamen
1225 5097 1332 5136 non
1377 5082 1558 5138 desint

11 5147 83 5242 qui
104 5167 180 5207 me
203 5158 394 5216 vellent
427 5179 548 5218 eam
576 5167 842 5222 oblivisci.
876 5167 1012 5234 Quia
1058 5181 1343 5241 posuerunt
1371 5189 1558 5242 pecca-

9 5238 118 5294 tores
156 5244 386 5317 laqueum
433 5256 580 5320 mihi,
614 5265 675 5310 ut
727 5274 813 5312 me
860 5238 1136 5316 irretirent
1193 5261 1245 5314 in
1283 5238 1554 5319 mandatis

10 5333 131 5385 suis:
161 5353 253 5407 pro
279 5357 381 5411 quo
424 5345 615 5414 laqueo
646 5355 822 5402 tamen
855 5367 874 5401 ι
903 5349 970 5404 de
1000 5351 1273 5406 mandatis
1305 5354 1412 5408 tuis
1443 5369 1549 5408 non

7 5430 170 5518 mi.
196 5450 214 5482 ι
242 5436 341 5490 sed
365 5457 383 5487 ‹
407 5438 730 5493 haereditate
746 5441 1006 5511 acquisivi
1035 5443 1341 5498 testimonia
1376 5454 1490 5507 tua,
1526 5464 1554 5496 ι

6 5510 47 5563 id
67 5526 138 5571 est
174 5536 265 5590 pro
307 5526 621 5582 hmreditate
668 5510 910 5600 reputavi
949 5532 1241 5589 observare
1291 5537 1547 5590 mandata

6 5605 74 5696 “ﬁt
105 5611 192 5696 δἐι
240 5618 533 5672 testimonia
578 5629 699 5683 tua,
755 5622 809 5677 id
852 5631 938 5677 est
996 5625 1260 5696 martyria
1320 5635 1410 5680 tua
1463 5643 1548 5682 ac-

1 5691 164 5724 n":c:nl:
239 5701 313 5724 ι-..
327 5722 344 5724 ..
401 5707 452 5724 1³.

1671 4619 1820 4683 tiam,
1866 4619 2070 4674 scilicet
2100 4634 2196 4678 nec
2223 4618 2413 4674 vitium
2460 4628 2680 4692 propter
2726 4621 3000 4682 hominem
3040 4620 3268 4692 diligen-

1667 4709 1794 4765 dum
1847 4725 1987 4776 esse,
2037 4726 2138 4767 nec
2184 4711 2458 4767 hominem
2499 4722 2722 4783 propter
2770 4714 2960 4775 vitium
2997 4715 3124 4770 odio
3171 4717 3268 4770 ha-

1667 4800 1923 4855 bendum.

1735 4889 1955 4964 Iniquus
1985 4893 2106 4947 odio
2129 4893 2308 4947 habui.
2359 4894 2470 4967 Ego
2495 4893 2562 4949 de
2589 4882 2860 4951 mandatis
2891 4896 2996 4953 tuis
3032 4910 3139 4948 nou
3180 4909 3270 4949 er-

1663 4985 1799 5049 ravi,
1829 4986 1923 5042 sed
1949 4985 2128 5056 potius
2149 4985 2355 5054 iniquos
2383 4995 2634 5042 errantes
2657 4988 2776 5041 odio
2804 4989 2984 5053 habui,
3009 4995 3056 5040 et
3079 4987 3133 5038 in
3167 4987 3273 5043 hoc

1661 5074 1823 5144 legem
1851 5089 1998 5132 tuam
2033 5077 2194 5132 dilexi
2219 5080 2409 5149 :—quod
2443 5077 2565 5148 plus
2599 5087 2683 5133 est
2729 5094 2892 5146 quam
2944 5079 2988 5133 si
3039 5077 3274 5143 diceret,

1661 5167 1926 5236 Complevi
1959 5189 1971 5224 :
2000 5169 2126 5240 quia
2172 5184 2281 5225 non
2338 5186 2433 5228 eos
2479 5169 2648 5236 ipsos,
2687 5169 2780 5222 sed
2823 5183 3009 5224 eorum
3054 5180 3282 5224 errores

1660 5257 1786 5312 odio
1832 5259 2016 5326 habui,
2050 5260 2330 5331 quodest
2368 5265 2568 5317 bonum
2614 5267 2670 5314 et
2712 5260 3010 5326 perfectum
3062 5254 3279 5314 odium.

1660 5345 1892 5419 A'djutor
1915 5364 1962 5408 et
1986 5362 2259 5422 susceptor
2281 5370 2426 5410 meus
2448 5367 2502 5406 es
2530 5358 2606 5402 lu.
2638 5349 2702 5402 Et
2724 5349 2778 5402 in
2804 5365 2868 5405 eo
2893 5345 3036 5418 quod
3064 5343 3283 5413 iniqu"8

1659 5445 1778 5498 adio
1815 5445 1976 5501 habui
2017 5457 2072 5502 et
2107 5443 2307 5511 habeo,
2366 5457 2423 5501 tu
2480 5456 2536 5494 ιε
2583 5439 2802 5506 adium?
2841 5449 2896 5494 ει
2947 5443 3288 5501 cooperator

1657 5547 1811 5589 meus
1843 5552 1857 5589 :
1889 5538 2015 5607 quia
2062 5550 2162 5606 ego
2210 5549 2413 5604 operor
2442 5573 2457 5598 ,
2508 5536 2564 5582 et
2614 5538 2670 5583 tu
2719 5527 3051 5600 conperaris.
3103 5522 3172 5577 Et
3218 5538 3290 5583 ιιι

1655 5625 1787 5679 mihi
1818 5629 2038 5699 adjutor
2062 5646 2114 5683 es
2141 5626 2208 5679 ad
2233 5627 2341 5683 hoc
2369 5625 2554 5683 odium
2593 5620 2941 5677 inimicorum
2965 5661 2980 5686 ,
3017 5625 3070 5671 et
3101 5616 3168 5670 ad
3195 5619 3293 5674 di-
