3868 5464
565 320 669 377 755
1209 317 1468 377 REMIGII
1507 320 2171 382 ANTISSIODORENSIS
2204 321 2357 380 ore.
2398 322 2599 383 PARS.
2638 310 2776 383 1.:
2798 310 3208 413 exactissimi
3698 333 3768 388 ιιι

563 433 853 505 baptismo,
887 441 941 489 et
974 432 1026 488 in
1057 431 1160 490 hoc
1191 434 1333 506 quod
1366 436 1570 509 iniquos
1600 436 1721 491 odio
1753 438 1934 501 habui,
1962 439 2077 495 iens
2100 438 2152 492 in
2181 440 2231 498 Α
2267 458 2285 491 ι
2319 439 2383 494 da
2412 440 2541 497 mihi
2573 440 2902 498 intellectum
2930 450 2991 496 ιιι
3029 440 3197 497 sciam
3227 440 3531 498 testimonia
3553 450 3647 496 tua.
3667 443 3773 500 Tetti-

556 525 776 581 ‘aerbum
802 532 972 590 tuum,
1000 522 1125 596 quia
1147 531 1202 580 tu
1225 524 1329 581 hoc
1348 524 1526 596 iubes,
1549 544 1705 600 super
1727 528 1952 599 sperari,
1978 528 2030 583 id
2053 539 2157 593 est,
2271 552 2290 586 ι
2327 548 2425 603 pus
2455 532 2706 601 faciendi,
2751 533 3015 600 Domine;
3045 533 3448 604 dissipaverunt
3470 532 3629 604 legem
3655 544 3770 593 tuan.

565 615 1028 672 vehementiorem
1062 615 1225 674 habui
1255 631 1403 688 spem
1436 633 1596 689 quam
1625 619 1730 675 dici
1757 620 1928 691 possit
1956 619 2039 676 vel
2066 636 2162 676 co-
2271 645 2290 679 ι
2327 627 2453 684 Ideo
2491 626 2653 683 dilexi
2683 626 2936 684 mandata
2962 635 3054 691 tua
3076 639 3241 696 super
3267 639 3464 680 aurum
3489 634 3543 681 et
3570 627 3775 697 topuion.

2270 738 2289 772 ι
2332 718 2625 790 Propterea
2642 716 2709 773 ad
2721 718 2903 775 omnia
2926 716 3177 773 mandata
3196 728 3289 775 tua
3308 717 3775 788 dirigebarzom

2272 830 2291 864 s
2321 809 2463 866 viam
2490 808 2729 879 iniquam
2755 807 2882 865 odio
2911 808 3098 863 habui.
3135 827 3156 861 ι

568 709 751 784 gltari.
802 708 870 763 Et
916 708 1041 780 quia
1096 708 1310 781 iniquos
1335 710 1459 765 odio
1489 710 1677 779 habui,
1706 712 1965 768 declinate
1993 730 2026 768 ιι
2059 730 2162 779 me,

568 800 809 872 maligni,
848 800 901 856 id
952 807 1057 868 est,
1100 798 1342 859 desistite
1386 817 1414 857 a
1454 803 1894 873 persuasionibus
1944 802 2164 870 vestris,

568 895 766 965 quibus
804 908 893 950 me
923 894 1186 950 devocare
1222 894 1457 951 nitimini
1486 913 1499 949 :
1524 905 1580 951 et
1608 896 1687 956 sic
1718 896 1870 957 vobis
1897 897 2166 956 cessanti-

568 986 671 1047 bus
698 989 993 1055 scrutabor,
1041 986 1093 1045 id
1133 998 1236 1057 est,
1269 1005 1391 1046 cum
1431 988 1706 1064 diligentia
1746 991 1987 1048 rimabor
2018 1008 2168 1048 man-

570 1082 697 1137 data
736 1080 831 1136 Dei
866 1081 990 1148 mei,
1021 1081 1168 1137 nullo
1199 1081 1541 1154 impediente.
1599 1082 1819 1155 Suscipe
1860 1101 1943 1141 tne
1988 1101 2169 1141 secun-

569 1176 695 1230 dum
721 1175 1006 1241 eloquium.
1047 1174 1112 1231 Et
1148 1186 1206 1232 ut
1239 1176 1466 1241 idoneus
1495 1176 1597 1233 sim
1632 1178 1866 1235 scrutari
1910 1179 2168 1234 mandata

574 1278 684 1332 tua,
735 1265 953 1340 Suscipe
1005 1285 1106 1336 me,
1158 1268 1402 1330 Domine.
1447 1269 1731 1324 secundum
1775 1269 2169 1341 promotionem

571 1360 871 1433 patrocinio
899 1370 1013 1423 tuo.
1035 1358 1241 1418 faciens
1264 1376 1350 1418 me
1374 1362 1555 1419 vivere
1584 1363 1878 1421 secundum
1908 1361 2170 1425 eloquium

572 1466 745 1522 tuuzu,
794 1455 845 1511 id
891 1463 994 1521 est,
1032 1454 1188 1527 iuxta
1227 1464 1553 1527 praeceptum
1601 1465 1775 1523 tuum,
1806 1465 1861 1512 et
1901 1455 1981 1512 sic
2010 1455 2054 1512 si
2085 1471 2172 1513 me

574 1544 896 1617 susceperis,
936 1545 1123 1610 vivam,
1164 1542 1218 1600 id
1233 1550 1356 1633 ρει,
1388 1558 1483 1601 ero
1522 1542 1740 1599 sedulus
1790 1543 1856 1599 ad
1905 1542 2172 1615 impletio-

575 1654 699 1694 nem
733 1636 1113 1693 mandatorum
1143 1628 1381 1703 tuorum,
1415 1652 1513 1708 per
1547 1651 1669 1708 qua:
1700 1636 1939 1693 tenditur
1983 1635 2051 1690 ad
2093 1636 2172 1692 vi-
2341 1629 2471 1686 Feci
2490 1629 2776 1702 judicium.
2806 1628 2919 1701 Ego
2948 1628 3112 1697 dilexi
3143 1629 3453 1687 testimonia
3477 1638 3595 1695 tua,
3616 1630 3769 1689 Βοωὶιι,

578 1742 686 1786 tant
724 1739 1007 1797 aeternam,
1048 1739 1096 1791 et
1138 1746 1240 1785 non
1272 1727 1565 1800 confundas
1594 1744 1676 1789 me
1700 1727 1765 1782 ab
1792 1728 2173 1799 exspectatione
2274 1733 2329 1781 et
2354 1721 2477 1795 quia
2508 1737 2572 1777 ea
2603 1721 2790 1788 dilexi,
2837 1721 2938 1791 feci
2967 1721 3253 1793 judicium.
3287 1721 3339 1776 id
3368 1730 3476 1786 est,
3509 1721 3774 1791 spiritualite

575 1837 711 1885 mea,
740 1820 792 1877 id
820 1827 926 1885 est,
950 1835 1018 1876 ne
1038 1820 1321 1892 permittas
1344 1834 1431 1876 me
1462 1818 1744 1884 confundi,
1778 1817 1905 1889 quia
1952 1816 2042 1871 diu
2081 1832 2174 1872 ιιι-
2206 1803 2248 1864 Β
2280 1815 2520 1873 intellexi
2548 1831 2670 1886 quae
2696 1814 2762 1870 ad
2802 1811 3036 1870 litteram
3064 1814 3138 1879 ibi
3165 1813 3307 1869 dicta
3353 1824 3499 1870 sunt.
3532 1814 3600 1870 Et
3624 1830 3715 1870 eam
3734 1814 3777 1867 ia-

576 1910 814 1982 spectavi
841 1920 895 1967 et
914 1909 1218 1971 desideravi
1245 1920 1305 1969 ut
1332 1921 1387 1967 tu
1409 1910 1674 1982 suscipias
1697 1926 1800 1966 me.
1843 1911 2050 1981 Adjuea
2071 1926 2170 1965 me.
2280 1906 2629 1974 tellexissem,
2657 1903 2759 1961 l’eci
2793 1906 3082 1977 justitiam,
3125 1906 3179 1961 id
3206 1915 3309 1972 est,
3341 1917 3604 1978 operatus
3627 1922 3715 1962 sum
3734 1921 3781 1959 se-

574 2002 732 2058 Prius
782 2002 1077 2058 insinuavit
1118 2003 1345 2073 gratiam
1395 2018 1518 2059 cum
1558 2003 1734 2068 dixit,
1785 2002 2004 2073 Suscipe
2045 2018 2174 2057 me:
2278 2002 2514 2059 cundum
2541 1999 2685 2072 quod
2738 1998 3023 2056 intellexi:
3060 2008 3117 2055 et
3160 2000 3279 2055 ideo
3310 2000 3476 2056 habui
3518 1998 3779 2056 ludentu-

578 2096 739 2150 modo
783 2094 946 2151 etiam
997 2094 1228 2151 liberum
1273 2096 1581 2161 arbitrium,
1617 2110 1739 2152 cum
1768 2095 1920 2161 dicit,
1966 2095 2176 2167 Adjuva
2277 2091 2653 2150 lumniatores.
2692 2089 2799 2147 Sed
2823 2090 3194 2163 quiaegol'eci
3218 2090 3483 2159 iudicium
3506 2088 3779 2161 etiustitian.

577 2200 678 2249 me,
719 2183 772 2239 td
814 2196 917 2251 est,
949 2198 1244 2257 cooperare
1285 2185 1436 2250 mihi,
1474 2195 1525 2240 et
1571 2194 1622 2241 te
1668 2184 1957 2256 adiuvante
2002 2184 2177 2239 salvus
2280 2200 2383 2238 non
2416 2181 2597 2236 tradas
2623 2198 2704 2239 me
2732 2179 3177 2236 calumniantibus
3200 2196 3300 2235 me.
3332 2179 3618 2236 Calumni:
3640 2181 3779 2241 didm,

577 2290 666 2329 ero
699 2288 717 2325 :
753 2284 802 2329 et
858 2289 1075 2346 semper
1113 2275 1402 2335 meditabor
1452 2277 1502 2330 iu
1549 2276 1651 2333 hoc
1698 2276 1823 2347 quia
1875 2287 1928 2331 ιιι
1987 2290 2047 2331 es
2083 2290 2172 2333 so-
2282 2290 2405 2331 cnm
2454 2271 2657 2343 aliquid
2707 2270 2841 2328 falso
2887 2272 3046 2327 alicui
3100 2273 3441 2344 imponitur:
3472 2272 3693 2329 velcun
3724 2274 3781 2327 hoc

579 2364 665 2421 ius
684 2364 1008 2435 iustiﬁcans.
1054 2365 1308 2440 Sprevisti
1334 2384 1510 2422 omnes
1540 2368 1860 2423 discedentes
1892 2367 2056 2423 :ideo
2076 2382 2175 2423 oro
2283 2363 2426 2439 quod
2449 2380 2541 2437 per
2572 2365 2828 2419 virtutem
2865 2363 3064 2436 agitur,
3095 2379 3193 2434 per
3221 2364 3617 2420 detractionem
3641 2365 3780 2420 ειὼιει·

581 2466 639 2511 ιιι
660 2456 921 2529 suscipias
954 2472 1058 2522 me,
1088 2466 1143 2513 et
1172 2457 1395 2528 adiuves
1429 2472 1515 2514 me
1549 2458 1842 2529 persistere
1881 2458 2176 2514 secundum
2282 2460 2433 2526 titur,
2455 2458 2595 2514 sicut
2618 2455 2788 2522 iudici
2817 2455 2883 2511 de
2912 2455 3140 2512 Domino
3174 2456 3431 2515 dixerunt
3468 2474 3482 2510 :
3522 2477 3546 2510 ς
3575 2455 3780 2512 lnBeelte

578 2550 852 2623 eloquium
899 2560 1089 2620 tuum,
1142 2552 1269 2625 quia
1315 2552 1581 2623 sprevisti,
1634 2551 1686 2606 id
1736 2558 1852 2617 est,
1910 2549 2178 2611 damnasti
2280 2553 2387 2608 hub
2409 2551 2653 2622 principe
2681 2547 3231 2620 dmttt0ttl0t'tlmejicit
3251 2548 3525 2606 daamonia
3549 2548 3769 2621 (Lat.de

579 2657 770 2699 omnes
797 2641 1138 2700 discedentes
1160 2662 1192 2698 a
1212 2644 1437 2715 judiciis
1466 2644 1599 2706 tuis,
1630 2642 1682 2697 id
1705 2651 1790 2701 est
1807 2683 1823 2709 ,
1852 2657 1960 2698 non
1987 2657 2177 2714 perse-
2291 2660 2309 2699 ι
2348 2640 2572 2711 Suscipe
2597 2654 2813 2695 servum
2847 2647 2995 2694 tuum
3017 2657 3029 2670 ο
3054 2659 3073 2703 ι
3094 2649 3150 2695 et
3176 2654 3281 2694 non
3301 2649 3516 2695 tantum
3540 2654 3651 2705 oro,
3671 2639 3767 2693 ultra

2835 897 3285 954 ENARRATIO.

2340 992 2536 1051 Verum
2586 992 2677 1049 hic
2725 991 2889 1048 habet
2928 988 3144 1047 oculum
3174 990 3267 1060 qui
3312 990 3403 1046 hic
3432 989 3673 1059 loquitur,
3698 996 3776 1061 quia

2269 1085 2420 1144 l‘onte
2451 1084 2729 1156 sapientia:
2749 1092 2985 1155 potatus,
3015 1098 3205 1139 verum
3226 1083 3395 1139 habet
3422 1082 3777 1147 intellectum.u

2267 1189 2506 1235 veterem
2548 1176 2720 1249 legem
2756 1174 3025 1247 spirituali
3068 1174 3218 1233 videt
3253 1174 3448 1239 oculo,
3498 1184 3559 1230 et
3598 1188 3777 1245 operatur

2269 1269 2623 1343 spiritualiter
2642 1284 2765 1341 quas
2795 1269 2847 1324 in
2876 1267 3235 1338 eaiubentur.
3276 1268 3383 1325 Pro
3403 1284 3512 1339 quo
3545 1267 3693 1324 Judaei
3708 1286 3774 1323 cu-

2270 1360 2447 1419 nalem
2470 1360 2730 1417 habentes
2756 1359 2971 1415 oculum
2993 1358 3401 1416 calumniantur
3421 1374 3548 1415 eum
3584 1376 3598 1414 :
3625 1361 3771 1429 senties:

2269 1459 2392 1507 orat
2425 1463 2492 1505 ne
2523 1449 2769 1505 tradatur
2814 1449 3065 1520 potestati
3105 1457 3160 1505 et
3196 1448 3463 1505 voluntati
3504 1454 3764 1513 cornuum!

2270 1539 2451 1612 potius
2473 1537 2546 1594 illi
2574 1546 2787 1596 cessent
2807 1546 2862 1593 et
2886 1545 3287 1605 convertantur.

581 2744 834 2790 verantes
867 2733 921 2790 in
954 2732 1238 2805 praeceptis
1261 2735 1398 2799 tuis,
1438 2743 1495 2789 et
1539 2731 1759 2800 merito,
1810 2733 1937 2804 quia
1976 2732 2179 2803 iniusta

582 2826 830 2897 cogitatio
881 2843 1083 2882 eorum.
1125 2825 1314 2883 Omnis
1337 2825 1483 2881 enim
1523 2824 1807 2882 discedens
1833 2840 1864 2881 a
1891 2825 2180 2897 praeceptis

583 2916 796 2971 Domini
823 2957 837 2981 ,
868 2926 964 2971 aut
992 2914 1194 2987 cogitat
1227 2923 1281 2972 et
1323 2925 1477 2985 putat
1506 2914 1656 2970 illum
1698 2916 1833 2970 adeo
1870 2929 1994 2971 esse
2017 2914 2179 2971 mise-

584 3010 877 3075 ricordem,
911 3020 970 3064 ut
999 3024 1107 3066 non
1147 3009 1335 3082 puniat
1364 3017 1675 3065 creaturam
1726 3023 1902 3074 suam,
1941 3014 2037 3062 aut
2072 3008 2174 3063 im-

585 3109 888 3171 potentem,
921 3110 1015 3156 aut
1049 3101 1444 3181 ignorantiam,
1476 3109 1569 3156 aut
1609 3098 1813 3172 aliquid
1843 3098 2176 3169 huiusmodi.

588 3193 695 3250 Pro
723 3210 829 3266 qua
875 3194 1205 3267 cogitatione
1239 3194 1363 3267 jure
1405 3194 1715 3250 damnatur.
1763 3193 2180 3251 Prtt'varicantes

590 3289 844 3358 reputavi.
877 3288 1043 3358 Quasi
1084 3288 1283 3360 aliquis
1334 3288 1545 3346 diceret
1576 3306 1589 3342 :
1618 3287 1730 3360 Ego
1760 3304 1868 3344 non
1899 3288 2123 3355 discedo
2151 3278 2182 3343 ἐι

590 3382 876 3452 praeceptis
897 3380 1135 3449 Domini,
1163 3382 1288 3452 quia
1318 3381 1445 3437 licet
1465 3396 1708 3453 peccem,
1735 3381 1788 3435 in
1819 3380 1924 3436 tide
1963 3396 2180 3451 perma-

591 3487 696 3529 neo
722 3486 737 3527 :
766 3473 833 3527 ad
870 3473 974 3528 hoc
1019 3472 1331 3549 respondet,
1378 3488 1484 3528 non
1533 3480 1742 3526 tantum
1779 3488 1809 3525 a
1841 3470 1944 3525 lidc
1971 3479 2184 3542 aposta-

595 3570 797 3628 tautes,
822 3562 918 3618 sed
948 3579 1125 3618 omnes
1145 3575 1441 3634 peccatores
1466 3576 1483 3615 :
1509 3562 1581 3631 ita
1606 3562 1817 3626 scilicet
1842 3571 2182 3632 peccatores,

593 3664 654 3709 ut
680 3653 789 3709 sint
838 3664 1011 3720 εει-ιη’,
1043 3654 1095 3710 id
1139 3664 1245 3721 est,
1279 3662 1338 3709 ut
1381 3663 1524 3727 terra
1556 3654 1670 3724 sint,
1710 3663 1766 3711 et
1801 3662 1948 3708 terra
1971 3668 2184 3724 perma-

594 3755 781 3814 neant,
813 3748 1049 3819 reputavi
1089 3730 1514 3819 prevaricantes,
1548 3746 1598 3802 id
1631 3758 1749 3817 est.
1791 3746 1882 3802 Dei
1930 3747 2182 3802 maudata

595 3839 1088 3911 transgredientes,
1117 3848 1173 3894 et
1219 3839 1342 3894 ideo
1364 3855 1392 3891 ει
1416 3836 1640 3911 iudiciis
1689 3837 1783 3901 Dei
1814 3838 2178 3893 discedentes.

597 3926 906 3985 Peccatores
931 3938 1085 3984 terra:
1112 3938 1288 3993 vocat,
1319 3928 1673 3987 crimiualitet‘
1702 3937 1992 4001 peccantes
2017 3944 2030 3979 :
2056 3926 2183 3996 quia

595 4021 736 4076 sicut
767 4031 910 4077 terra
936 4020 1292 4092 ponderosior
1312 4030 1396 4077 est
1425 4021 1636 4077 CtBlcl'iS
1659 4020 1959 4085 elementis,
1997 4020 2067 4074 ita
2092 4035 2184 4075 ca-

595 4113 783 4185 pitalia
834 4113 1066 4169 crimina
1116 4115 1366 4184 graviora
1419 4124 1547 4181 sunt
1594 4114 1913 4173 venialihus.
1945 4113 2013 4170 Et
2055 4114 2183 4185 quia

597 4204 733 4265 tales
762 4222 791 4261 a
820 4214 872 4262 te
916 4206 1161 4261 damnari
1210 4206 1501 4278 perpendi,
1532 4208 1651 4262 ideo
1678 4206 1840 4262 dilexi
1887 4206 2183 4262 testimonia

596 4313 711 4368 tua,
734 4315 802 4356 ne
829 4309 885 4356 et
917 4314 1003 4355 mc
1029 4299 1193 4357 simili
1223 4299 1383 4356 modo
1416 4302 1725 4361 damnares.
1753 4296 1969 4368 Conﬁge
1997 4297 2185 4367 timore

596 4404 703 4446 tuo.
739 4390 891 4448 Sicut
920 4398 1098 4445 mente
1129 4399 1180 4445 te
1207 4388 1393 4465 diligo,
1426 4389 1498 4444 ita
1527 4390 1691 4446 etiam
1724 4404 1908 4444 carnes
1934 4404 2099 4453 meas,
2132 4388 2184 4443 id

2282 2736 2464 2791 tradas
2485 2749 2567 2789 me
2597 2731 3069 2804 calumniantibus,
3099 2731 3152 2788 id
3190 2741 3293 2797 est,
3323 2741 3386 2787 ut
3425 2748 3537 2788 non
3564 2731 3775 2788 deliciam

2282 2841 2426 2889 statu
2453 2830 2507 2885 in
2528 2843 2636 2901 quo
2662 2842 2803 2893 sum,
2833 2829 2927 2883 sed
2950 2827 3118 2883 etiam
3152 2828 3359 2895 suscipe
3383 2843 3470 2884 me
3494 2836 3775 2882 seth

2283 2921 2579 2979 secundum
2612 2918 3008 2991 prumotionem
3031 2918 3086 2973 in
3107 2918 3320 2984 bonum,
3353 2918 3407 2973 id
3430 2929 3536 2981 est,
3570 2926 3626 2973 ut
3646 2914 3777 2972 cauit

2285 3014 2482 3069 virtute
2511 3012 2562 3067 in
2593 3011 2869 3076 virtutem,
2901 3008 2985 3065 vel
3016 3018 3074 3063 ut
3105 3006 3301 3064 faciam
3332 3008 3599 3081 indicium
3622 3008 3776 3076 et

2287 3109 2413 3165 tiam
2470 3107 2660 3167 melius
2700 3114 2757 3162 et
2791 3105 3003 3163 melius.
3045 3104 3172 3161 Non
3216 3106 3606 3162 calunmientur
3647 3122 3710 3159 su
3736 3120 3787 3155 a-

2285 3202 2449 3273 perbi,
2491 3201 2542 3256 id
2578 3210 2679 3263 est,
2714 3208 2932 3256 cessent
2979 3213 3011 3254 a
3064 3198 3351 3255 calumniis
3377 3238 3395 3260 .
3431 3207 3489 3259 et
3537 3193 3787 3268 spirituale-

2284 3292 2550 3365 nccipiant
2592 3291 2948 3348 intellectum.
2977 3289 3133 3345 Oculi
3165 3290 3266 3346 mei
3290 3290 3609 3361 defecerunt.
3628 3288 3791 3356 Propter

2287 3385 2389 3439 hoc
2418 3385 2600 3448 etiam,
2632 3382 2876 3446 Domine,
2912 3382 3115 3453 suscipe
3162 3397 3266 3448 me,
3307 3382 3441 3451 quia
3468 3381 3599 3436 οειιιὶ
3628 3377 3719 3441 Iri,
3752 3374 3791 3430 id

2284 3488 2389 3541 est,
2440 3476 2742 3533 intellectus
2784 3484 2838 3531 et
2889 3490 3042 3531 meus
3084 3489 3239 3536 mea,
3294 3470 3793 3544 defecenuahonai

2287 3567 2425 3623 mala
2476 3566 2806 3631 intentione,
2848 3575 2903 3621 et
2937 3565 3006 3620 ab
3046 3565 3194 3620 omni
3228 3565 3477 3635 appetitu
3514 3562 3783 3619 exteriora
3836 3562 3837 3629 ἶ

2288 3659 2567 3715 tendentes
2607 3658 2661 3711 in
2688 3655 2920 3711 salutare
2949 3666 3097 3709 tuum
3121 3694 3137 3721 ,
3169 3655 3221 3710 id
3251 3664 3356 3720 est,
3389 3656 3444 3710 in
3476 3653 3780 3709 mandatam.

2284 3768 2405 3823 qute
2424 3752 2729 3815 observata,
2761 3750 3018 3807 salutaria
3040 3759 3168 3809 sunt
3189 3761 3247 3806 et
3273 3751 3385 3804 vita
3426 3757 3483 3805 et
3515 3746 3671 3803 salus
3693 3741 3739 3798 ﬂ
3758 3742 3787 3790 ξε

2283 3845 2546 3917 eloquium
2590 3844 2816 3915 iustitia:
2860 3853 2965 3898 tute
2989 3883 3005 3907 ,
3033 3858 3153 3914 qua:
3182 3842 3251 3897 de
3299 3856 3401 3898 ore
3432 3850 3521 3896 tuo
3563 3827 3783 3909 praecisi

2279 3937 2425 4008 iuste
2474 3936 2610 4002 ﬁeri,
2647 3936 2732 4006 {ac
2772 3951 2889 3991 cum
2932 3945 3207 3991 serrotuo.
3260 3934 3328 3990 Et
3369 3935 3496 4004 quia
3533 3950 3556 3984 ι
3586 3930 3707 3988 oculi
3731 3922 3787 3979 uti

2286 4027 2603 4085 defecerunt
2638 4027 2692 4082 in
2719 4025 2957 4082 salutare
2984 4033 3159 4090 tuum,
3204 4023 3293 4080 fac
3320 4038 3446 4079 eum
3483 4034 3635 4078 servo
3655 4027 3787 4072 tuost

2285 4121 2522 4180 cundum
2564 4118 2995 4176 misericordiam
3045 4123 3214 4181 tuam,
3245 4134 3266 4170 ι
3305 4115 3360 4170 id
3413 4122 3534 4178 est,
3578 4118 3787 4179 cooperitl

2286 4212 2419 4269 mihi
2469 4225 2569 4282 pro
2597 4208 2901 4280 quantitate
2946 4204 3335 4263 misericordia:
3363 4213 3466 4259 tua:
3486 4244 3501 4264 .
3530 4200 3714 4256 faciens
3740 4208 3789 4246 It
3836 4200 3837 4265 ᾖ

2286 4303 2541 4375 deinceps
2573 4300 2866 4359 studiosius
2898 4300 3037 4356 bene
3082 4297 3298 4370 operari
3330 4315 3344 4351 :
3383 4308 3433 4351 et
3458 4298 3677 4353 decerno

2285 4396 2556 4473 ﬁcationes
2578 4405 2720 4460 tuas,
2749 4392 2800 4448 id
2828 4401 2932 4457 est,
2964 4390 3052 4446 fac
3072 4404 3160 4445 me
3196 4379 3787 4473 recognoscere

525 4564 531 4571 .
597 4491 699 4547 est,
724 4484 1102 4540 sensualitates
1122 4498 1294 4549 meas,
1316 4481 1568 4544 videlicet
1587 4482 1826 4554 quinque
1846 4496 2041 4543 sensus
2062 4496 2184 4537 cor-
2217 4521 2263 4580 ο
2289 4469 2466 4545 meam
2512 4499 2636 4541 esse
2685 4494 2833 4539 tuam
2879 4498 2986 4539 non
3034 4480 3167 4538 mihi
3206 4478 3623 4539 attribuendam.
3662 4469 3793 4526 Sam

598 4572 764 4641 poris,
796 4572 879 4626 vel
903 4588 1098 4643 pravas
1126 4573 1501 4645 suggestiones
1536 4588 1604 4628 ex
1630 4587 1798 4629 carne
1819 4572 2181 4638 suborientes,

599 4663 799 4734 conﬁge
844 4665 1028 4720 timore
1055 4674 1146 4719 tuo
1178 4673 1347 4729 casto,
1400 4666 1452 4721 id
1505 4674 1613 4731 est,
1660 4664 1949 4720 dilectione
1980 4672 2072 4719 tua
2111 4662 2183 4718 ita

600 4755 961 4826 constringas,
988 4766 1046 4810 ιιι
1074 4772 1177 4812 nec
1217 4757 1375 4813 velim
1406 4773 1506 4813 nec
1525 4758 1727 4829 possim
1756 4755 1957 4826 aliquid
1984 4796 2000 4822 ,
2041 4755 2185 4825 quod

598 4846 883 4918 displiceat
911 4849 1171 4919 perlicere
1199 4868 1214 4905 :
1243 4852 1311 4907 ad
1334 4851 1553 4906 modum
1585 4850 1728 4907 illius
1751 4850 1844 4921 qui
1869 4850 2035 4923 clavis
2057 4864 2188 4906 con-

599 4938 742 4994 ﬁxus
780 4940 944 4995 etiam
974 4940 1019 4996 si
1049 4941 1196 5019 velit,
1239 4957 1505 5013 nusquam
1530 4952 1708 5013 potest
1739 4943 1983 4998 membra
2024 4939 2187 4999 delle-

598 5042 768 5087 ctere.
800 5032 868 5086 Et
907 5031 1116 5102 justum
1145 5044 1229 5090 est
1269 5043 1329 5089 ut
1362 5035 1466 5090 hoc
1516 5032 1708 5102 facias,
1746 5036 1872 5105 quia
1922 5050 2027 5089 non
2063 5051 2184 5090 sum

600 5121 838 5178 conlisus
886 5124 940 5178 in
972 5125 1176 5181 viribus
1205 5127 1364 5192 meis,
1395 5126 1490 5181 sed
1519 5141 1733 5198 semper
1757 5127 1909 5182 timui
1937 5136 1994 5183 et
2021 5128 2189 5199 timeo

600 5230 631 5265 a
654 5209 875 5283 iudiciis
897 5217 1025 5282 tuis,
1049 5216 1103 5271 id
1129 5227 1235 5283 est,
1266 5233 1296 5270 a
1321 5218 1608 5288 praeceptis
1637 5218 1744 5273 tuis
1769 5218 2039 5274 excidere.

672 5301 796 5357 Am.
840 5322 858 5354 ι
898 5303 1020 5360 Feci
1042 5304 1303 5374 iudicium
1341 5315 1396 5359 et
1418 5305 1684 5373 iustitiam
1709 5348 1723 5371 .
1754 5323 1859 5361 nou
1898 5308 2079 5362 tradas
2102 5321 2191 5369 me

607 5410 629 5445 ι
652 5393 1107 5449 calumniantibus
1123 5413 1207 5442 mo
1245 5396 1472 5450 Rumina
1495 5415 1709 5452 garvum
1729 5408 1877 5452 tuum
1896 5401 1948 5450 in
1965 5400 2181 5448 ιιηηιιηι

2288 4594 2411 4639 tuus
2447 4599 2564 4638 sum
2591 4596 2707 4653 ego.
2745 4577 2791 4636 0
2823 4578 3070 4643 Domine,
3107 4575 3200 4648 qui
3246 4592 3344 4646 ego
3370 4588 3544 4629 servus
3595 4580 3696 4623 tus
3733 4574 3796 4630 ρετ

2290 4675 2470 4735 omnia
2501 4673 2593 4728 tibi
2617 4671 2895 4736 obediens,
2921 4670 2992 4724 da
3021 4667 3150 4722 mihi
3173 4665 3505 4725 intellectum,
3536 4660 3688 4751 idat,

2291 4769 2404 4843 tum
2432 4764 2766 4838 spiritualem
2799 4762 2973 4834 magis
2999 4775 3064 4816 ac
3091 4758 3283 4829 magis,
3309 4767 3367 4811 ut
3391 4756 3546 4811 sciam

2292 4839 2406 4929 tua,
2435 4858 2487 4913 id
2518 4865 2621 4922 est,
2647 4854 2847 4912 veteris
2872 4853 3005 4925 legis
3029 4852 3383 4922 scripturam,
3413 4860 3524 4916 qute
3549 4839 3710 4898 omnia
3749 4844 3797 4884 κε

2292 4961 2488 5016 statur,
2521 4965 2643 5022 quae
2679 4963 2823 5004 nunc
2853 4947 2907 5003 in
2939 4961 3078 5001 nova
3111 4949 3228 5016 lege
3250 4944 3615 5009 observantur.
3641 4931 3794 5022 Tm

2290 5020 2553 5112 faciendi.
2568 5039 2633 5095 Et
2665 5054 2841 5102 nunc,
2875 5035 3128 5099 Domine,
3152 5042 3368 5104 tempus
3400 5020 3796 5112 opportunumti

2289 5106 2541 5196 iaciendi,
2571 5130 2674 5185 hoc
2705 5137 2766 5181 ut
2794 5127 2925 5183 mihi
2947 5125 3044 5181 des
3068 5124 3400 5179 intellectum
3434 5140 3447 5176 ε
3476 5118 3596 5189 quia
3631 5106 3795 5167 nouit

2289 5224 2479 5296 bcutcs
2504 5220 2740 5285 oculum,
2785 5226 2843 5273 et
2882 5216 3009 5271 mihi
3042 5214 3459 5273 calumniantes,
3490 5204 3796 5299 dissiparet!”

2290 5293 2453 5384 legem
2478 5322 2666 5365 tuam:
2691 5323 2865 5379 neque
2896 5305 3188 5371 credendo,
3206 5319 3378 5373 neque
3405 5294 3799 5384 observandoqu
3836 5293 3837 5319 ῖ

2297 5376 2552 5456 iubentur
2573 5400 2626 5453 in
2654 5376 2811 5453 leae:
2850 5397 2966 5451 ideo
2994 5394 3157 5449 dilexi
3185 5394 3433 5448 mandata
3456 5401 3564 5443 tua.
3593 5383 3659 5438 Et
3680 5376 3797 5432 ιιιὼ·
3836 5402 3837 5405 η
