4034 6464
224 309 327 370 737.

1352 314 1885 372 ENARRATIONES
1921 315 1989 370 IN
2031 316 2360 373 PSAIMOS.

3297 351 3305 360 -
3371 318 3486 382 7'58:

219 423 386 490 nimis
425 430 510 476 est
537 423 819 492 pre'insus.
855 423 1066 488 Quaatu
1098 424 1240 478 enim
1267 427 1455 490 rarior,
1491 436 1642 482 tanto
1665 442 1787 496 pre-
1817 430 1871 488 Α
1897 425 2153 496 Spiritum
2192 439 2434 485 sanctum
2485 433 2587 510 deo
2610 441 2930 487 consecutus
2971 449 3112 498 sum,
3154 433 3278 505 quia
3321 453 3470 490 man-

223 512 432 570 tiosior.
462 513 743 581 Propterea
778 514 844 566 ad
872 515 1045 568 omnia
1077 515 1326 570 mandata
1352 528 1466 574 tua.
1507 517 1624 573 Non
1672 528 1797 572 tan-

223 615 338 658 tum
370 613 546 664 autem
581 604 699 659 ideo
724 604 882 658 dilexi
918 607 1166 660 mandata
1199 616 1309 672 tua,
1345 608 1437 664 sed
1468 610 1632 664 etiam
1675 625 1801 680 pro-

222 705 407 766 pterea
456 694 722 765 dirigebar
764 696 828 750 ad
872 696 1052 751 omnia
1094 700 1343 753 mandata
1385 711 1472 754 tua
1504 702 1798 756 secundum

220 785 620 845 exsecutionem
659 786 988 854 operationis
1014 827 1027 850 ,
1064 797 1119 841 et
1158 798 1443 858 propterea
1472 791 1593 845 odio
1640 790 1807 852 habui

220 893 428 930 omnem
456 877 585 930 riam
617 876 937 946 iniquitatis,
961 879 1009 933 id
1033 889 1137 935 est.
1160 880 1288 937 vit-ia
1315 883 1495 937 carnis
1521 891 1576 937 et
1604 897 1798 937 carna-

219 967 328 1022 lem
355 966 683 1022 intellectum
714 967 866 1039 legis.

298 1075 316 1105 s
367 1055 498 1110 Pus.
525 1086 594 1096 —
629 1055 890 1112 Mirabilia
929 1059 1374 1131 testimoniatua,
1417 1063 1537 1118 ideo
1562 1072 1800 1119 scrutata

222 1167 242 1198 σ
281 1155 369 1202 est
406 1162 470 1200 ra
519 1147 693 1202 anizna
720 1164 857 1203 mea.
899 1148 1202 1207 Declaratio
1248 1169 1557 1209 sermonum
1588 1165 1799 1212 tuorum

223 1257 240 1287 ι
291 1237 573 1304 illuminat,
623 1246 679 1292 ct
713 1238 1039 1296 intellectum
1073 1242 1163 1296 dat
1207 1243 1479 1312 parvulis.~
1514 1246 1588 1302 Os
1624 1261 1800 1301 meum

219 1344 246 1385 ι
290 1327 478 1397 aperui
508 1329 782 1385 etattraxi
819 1330 1241 1402 spiritum,,quia
1266 1335 1514 1388 mandata
1545 1343 1633 1390 tua
1657 1335 1799 1391 desi-

218 1436 242 1468 ι
292 1416 572 1474 derabam.
602 1418 798 1488 Aspice
843 1420 895 1474 in
929 1435 1014 1476 me
1041 1461 1055 1484 ,
1105 1429 1160 1476 et
1188 1421 1446 1478 miserere
1477 1423 1582 1478 mei
1609 1439 1802 1480 secun-

220 1527 250 1564 ε
291 1508 421 1564 dum
457 1509 716 1579 judicium
755 1512 1090 1584 diligentium
1135 1530 1329 1572 nomen
1364 1524 1536 1571 tuum.
1568 1516 1802 1574 Gressus

219 1623 240 1654 ι
288 1618 443 1659 meos
469 1603 637 1676 dirige
667 1607 961 1667 secundum
991 1607 1262 1677 eloquium
1295 1617 1464 1674 tuum,
1487 1619 1541 1665 et
1565 1625 1671 1664 non
1702 1609 1798 1664 do-

220 1714 243 1743 σ
289 1695 529 1751 minetur
557 1697 660 1752 mei
691 1699 865 1754 omnis
915 1698 1200 1768 injustitia.
1245 1701 1468 1757 Redime
1502 1717 1588 1757 me
1629 1717 1659 1756 a
1703 1717 1799 1758 ca-

220 1805 241 1836 c
288 1785 510 1842 lumniis
557 1788 860 1856 hominum,
919 1800 978 1844 ut
1030 1791 1328 1847 custodiam
1379 1793 1631 1848 mandata
1682 1802 1795 1849 tua.
1831 1780 1878 1840 Β

223 1899 260 1939 ι,
288 1879 508 1936 Faciem
540 1890 684 1938 tuam
708 1882 946 1939 illumina
962 1900 1123 1956 super
1151 1902 1364 1944 servum
1396 1897 1568 1956 tuum,
1593 1897 1649 1944 et
1667 1888 1768 1944 doc

219 1991 246 2024 ‹
290 1989 380 2028 me
403 1973 810 2044 justiticationes
849 1984 1006 2033 tuas:
1044 1976 1234 2033 Exitus
1264 1994 1526 2050 aquarum
1557 1980 1801 2036 deduxe-

221 2084 242 2115 ι
275 2081 409 2119 .rum
463 2066 600 2122 oculi
661 2067 808 2132 mei,
869 2068 993 2139 quia
1051 2085 1156 2124 non
1209 2071 1580 2128 custodierunt
1628 2071 1803 2141 legem

224 2174 243 2204 ι
294 2165 464 2210 tuam.
497 2177 517 2209 ι

791 2251 1238 2323 ENARRATIO,

290 2340 399 2396 lsta
424 2339 666 2398 collectio
690 2359 944 2399 versuum
972 2345 1024 2400 in
1064 2347 1164 2401 hoc
1191 2345 1368 2402 dill‘ert
1394 2366 1423 2404 ιι
1458 2350 1802 2418 prmcedcnti,

221 2435 348 2502 quia
389 2433 460 2487 ibi
495 2432 594 2488 fuit
619 2435 887 2504 praecipua
916 2451 1078 2492 causa
1101 2453 1261 2494 orare
1285 2449 1344 2493 ut
1365 2455 1470 2494 non
1499 2443 1721 2496 daretur
1750 2441 1802 2494 in

221 2525 547 2579 calumniam
578 2523 905 2580 Iudaeorum.
940 2527 1039 2582 llic
1070 2541 1247 2585 autem
1296 2532 1562 2601 pra-.ripua
1605 2541 1689 2587 est
1725 2533 1804 2587 in-

222 2615 419 2680 tentio,
453 2616 736 2672 ostendere
761 2633 952 2674 causas
978 2621 1179 2673 erroris
1202 2619 1433 2675 illorum.
1457 2622 1528 2684 Et,
1553 2622 1670 2676 ideo
1704 2623 1806 2678 hoc

223 2706 547 2762 elementum
571 2707 958 2778 interpretatur
978 2712 1187 2775 erravit,
1224 2709 1430 2765 scilicet
1457 2711 1682 2780 populus
1707 2711 1804 2767 Ju-

230 2795 438 2850 daicus.
469 2796 527 2850 lu
568 2796 670 2852 hoc
695 2799 892 2869 quippe
931 2800 1164 2865 erravit,
1202 2800 1326 2870 quia
1359 2801 1660 2856 testimonia
1695 2802 1805 2859 oris

229 2885 328 2939 Dei
359 2901 456 2940 nou
490 2887 755 2944 mirabilia
798 2890 1017 2956 habuit,
1062 2905 1162 2947 nec
1205 2893 1498 2948 scrutando
1525 2894 1668 2948 eain
1710 2894 1806 2948 hu-

227 2978 455 3034 militate
482 2979 580 3034 fuit
610 2981 884 3050 parvulus.

300 3071 568 3128 Mirabilia
616 3075 906 3129 testimonia
951 3089 1061 3129 tua.
1097 3075 1140 3132 Ο
1184 3077 1432 3142 Domine,
1467 3078 1531 3132 da
1563 3079 1690 3132 mihi
1724 3080 1803 3133 in-

1900 520 2024 574 duta
2065 531 2178 586 tua,
2221 523 2272 576 id
2307 533 2390 579 est
2429 539 2621 580 novam
2661 525 2850 597 legem,
2873 527 3252 593 desiderabam,
3283 530 3468 594 idest,

1899 627 2020 671 cum
2051 613 2314 670 desiderio
2343 615 2717 686 adimplebam.
2769 617 2952 686 Aspice
2975 619 3032 672 in
3056 636 3153 673 me.
3195 617 3268 674 0s
3304 635 3473 674 meum

1900 704 2082 772 aperui
2110 718 2128 757 :
2156 705 2236 761 sic
2273 707 2456 763 dicens
2477 710 2617 779 apud
2646 725 2751 764 me.
2803 711 2988 780 Aspice
3032 712 3086 764 in
3129 728 3225 774 me,
3277 712 3330 767 id
3369 722 3472 776 est,

1902 795 2135 852 illumina
2161 813 2246 852 me
2266 801 2554 856 secundum
2575 801 2902 858 intellectum
2937 821 2950 858 :
2983 819 3088 858 non
3117 804 3267 868 dicit,
3298 803 3476 874 aspice

1902 885 1954 940 in
1979 902 2086 953 me,
2115 889 2166 944 id
2195 899 2298 955 est,
2333 892 2572 949 interiori
2604 893 2907 951 illuminare
2935 915 2947 950 :
2979 883 3027 950 et
3069 899 3312 952 miserere
3353 899 3476 962 mei,

1903 975 1952 1030 id
1987 989 2090 1041 est.
2134 981 2234 1037 hoc
2262 982 2426 1040 facias
2453 1001 2521 1040 ex
2555 987 2922 1044 misericordia
2953 1007 2967 1043 :
3007 989 3293 1044 secundum
3338 990 3479 1060 quod

1894 1067 2242 1139 judicandum
2289 1082 2372 1129 est
2411 1075 2478 1132 de
2521 1077 2862 1148 diligentibus
2901 1096 3083 1136 nomen
3127 1088 3298 1142 tuum,
3337 1080 3478 1149 qum!

1899 1171 1984 1216 est
2011 1161 2284 1218 Dominus.
2325 1163 2541 1222 Passive
2580 1167 2668 1222 hic
2709 1168 2904 1224 dicitur
2945 1169 3228 1240 judicium.
3279 1170 3343 1224 Et
3382 1171 3481 1223 hoc

1904 1263 2112 1311 tantum
2141 1257 2299 1316 valet.
2339 1273 2403 1314 ac
2431 1258 2476 1313 si
2509 1259 2745 1314 diceret:
2769 1260 2964 1331 Aspice
3003 1261 3056 1315 in
3086 1276 3172 1317 me
3211 1275 3275 1316 ex
3319 1262 3482 1315 mise-

1901 1347 2156 1411 ricordia,
2193 1364 2298 1404 non
2327 1365 2393 1404 ex
2430 1351 2642 1406 merito.
2681 1350 2897 1407 Gressus
2927 1369 3066 1407 meos
3094 1353 3261 1422 dirige
3304 1370 3484 1407 secun—

1900 1439 2027 1492 dunt
2057 1438 2318 1509 eloquium
2347 1450 2513 1494 tuum.
2567 1441 2682 1499 Non
2733 1450 2938 1497 tantum
2969 1442 3064 1498 des
3103 1444 3231 1498 mihi
3270 1443 3481 1496 intelle-

1901 1539 2068 1596 ctum,
2094 1531 2188 1585 sed
2217 1533 2378 1587 etiam
2401 1533 2567 1602 dirige
2595 1551 2799 1604 gressus
2825 1551 2984 1599 meos,
3016 1535 3069 1589 id
3099 1543 3200 1593 est.
3241 1535 3306 1588 da
3354 1534 3482 1588 n'iihi

1900 1617 2072 1676 bonas
2112 1618 2420 1677 affectiones
2467 1622 2532 1676 ad
2587 1623 2838 1678 mandata
2892 1634 2983 1678 tua
3026 1623 3360 1679 observanda
3393 1641 3406 1675 :
3439 1633 3487 1675 et

1904 1725 2007 1765 non
2034 1711 2331 1766 dominetur
2372 1714 2472 1768 mei
2520 1715 2685 1770 omnis
2733 1714 3012 1785 injustitia,
3054 1712 3106 1769 id
3142 1723 3246 1778 est,
3281 1713 3484 1769 nullum

1904 1811 2186 1872 peccatum
2235 1813 2326 1859 aut
2373 1805 2560 1860 vitium
2612 1816 2800 1877 regnet
2853 1807 2906 1862 in
2959 1823 3067 1863 me.
3125 1805 3338 1862 Redime
3384 1823 3483 1861 me.

1903 1891 2192 1964 Postquam
2241 1893 2615 1959 illuminabor,
2663 1904 2718 1952 et
2759 1911 2974 1966 gressus
3015 1897 3119 1952 mei
3168 1895 3484 1967 dirigentur,

1903 1993 2061 2037 erunt
2099 1983 2515 2040 calumniatores
2561 1986 2664 2040 mei
2716 1985 2791 2040 illi
2829 1987 2918 2056 qui
2968 2003 3140 2056 neque
3189 1987 3488 2055 intelligunt

1904 2088 2080 2143 neque
2102 2075 2391 2132 observant
2432 2075 2603 2147 legem
2639 2094 2652 2129 :
2681 2076 2774 2132 sed
2807 2085 2881 2141 tu,
2906 2076 3151 2140 Domine,
3189 2077 3383 2130 redime
3409 2093 3488 2129 me

1903 2181 1946 2218 αν
1964 2162 2240 2219 calumniis
2272 2164 2484 2220 illorum
2511 2166 2599 2235 qui
2629 2166 2875 2222 homines
2899 2173 3024 2221 sunt
3048 2175 3252 2221 tantum
3275 2174 3486 2220 terrena

1905 2253 2198 2326 sapientes.
2256 2256 2323 2310 Et
2376 2258 2698 2312 determinat
2744 2259 3037 2314 secundum
3086 2260 3229 2328 quod
3269 2258 3490 2313 deberet

1904 2344 2097 2399 redimi
2127 2344 2194 2400 ab
2219 2345 2318 2399 eis.
2355 2345 2470 2401 Non
2508 2363 2607 2403 oro
2647 2356 2705 2402 ut
2735 2349 2864 2403 mihi
2913 2365 3017 2404 non
3067 2347 3487 2409 calunmientur,

1904 2434 1998 2488 sed
2023 2449 2088 2488 ne
2110 2434 2371 2490 devocent
2408 2451 2492 2490 me
2525 2453 2554 2490 a
2579 2437 2849 2492 mandatis
2878 2438 3002 2502 tuis,
3033 2438 3125 2506 sed
3151 2451 3485 2507 perseverem

1905 2525 2256 2582 custodiendo
2299 2527 2406 2581 illa.
2455 2526 2670 2606 Faciem
2716 2539 2860 2583 tuam
2904 2528 3166 2583 illumina.
3220 2528 3363 2584 Dixit
3407 2543 3492 2582 su-

1906 2620 2107 2688 perius,
2133 2620 2316 2690 Aspice
2345 2621 2399 2674 iu
2425 2636 2528 2684 me,
2556 2621 2649 2675 sed
2680 2635 2774 2689 per
2811 2635 2969 2689 quem
3011 2621 3119 2676 hoc.
3155 2619 3357 2674 faceret
3384 2634 3489 2674 non

1906 2709 2061 2775 dixit,
2094 2709 2212 2764 ideo
2243 2711 2435 2781 repetit
2463 2723 2522 2764 ut
2547 2711 2649 2765 hoc
2680 2709 2954 2781 adjungat,
2981 2710 3206 2767 dicens:
3238 2707 3491 2762 Illumiua

1907 2800 2093 2870 faciem
2133 2811 2303 2864 tuam,
2337 2801 2387 2855 id
2422 2809 2527 2865 est,
2561 2800 2753 2854 Filium
2795 2809 2968 2864 tuum,
3008 2814 3106 2868 per
3128 2813 3286 2868 quem
3317 2805 3370 2850 tu
3401 2811 3488 2850 c.0-

1907 2893 2183 2964 gnosceris
2230 2892 2373 2946 velut
2419 2892 2614 2962 aliquis
2639 2907 2735 2962 per
2765 2891 2956 2956 faciem
2975 2905 3132 2954 suam
3157 2903 3493 2957 ιςδιιρενοεετ-

1907 3001 2027 3038 vum
2052 2996 2219 3051 tuum,
2251 2986 2302 3038 id
2332 2993 2432 3047 est,
2471 2985 2525 3038 iu
2563 2983 2825 3054 superiori
2855 2998 2996 3048 meo,
3031 2981 3120 3050 qui
3158 2995 3275 3036 sum
3303 2994 3491 3033 servus

1909 3083 2053 3131 tuus.
2106 3076 2172 3131 Et
2198 3077 2269 3130 ita
2301 3093 2428 3148 rogo
2458 3076 2768 3142 illuminari,
2807 3087 2868 3130 ut
2890 3075 3086 3131 doceas
3119 3089 3198 3132 me
3221 3072 3488 3144 justi/ica-

223 3165 503 3222 tellectum
546 3177 603 3222 ut
640 3169 807 3222 scium
864 3168 1159 3252 testimonia
1201 3179 1324 3235 tua,
1375 3171 1498 3240 quia
1540 3171 1800 3225 mirabilia
1830 3147 1877 3212 α
1908 3170 2072 3224 tiones
2104 3179 2245 3234 tuas,
2297 3171 2346 3224 id
2369 3147 2494 3235 iest,
2541 3179 2775 3226 veterem
2805 3169 2978 3239 legem
3009 3168 3302 3225 secundum
3334 3167 3491 3221 ﬁdem

221 3263 374 3321 sunt,
410 3255 461 3309 id
489 3264 588 3322 est,
615 3257 772 3327 digna
813 3257 1185 3314 admiratione.
1219 3259 1285 3314 Et
1318 3261 1436 3314 ideo
1467 3271 1699 3314 scrutata
1731 3271 1804 3314 est

223 3365 286 3402 ea
315 3347 498 3401 anima
535 3363 666 3412 mea,
698 3347 750 3402 id
780 3356 882 3412 est,
926 3347 1205 3420 diligenter
1249 3350 1303 3404 in
1343 3350 1805 3419 eisinvestigavit

225 3438 579 3502 intellectum.
604 3438 768 3493 Multa
789 3440 986 3510 quippe
1015 3441 1068 3495 in
1092 3439 1208 3512 lege
1233 3450 1358 3497 sunt
1380 3451 1666 3512 praecepta,
1687 3457 1806 3511 quae

227 3531 597 3586 nescientibus
624 3529 746 3599 jure
781 3531 1031 3586 videntur
1055 3533 1317 3604 neganda,
1354 3533 1492 3588 sicut
1512 3533 1654 3604 quod
1669 3549 1805 3603 pra:-

227 3623 427 3693 cipitur
454 3632 635 3694 caput,
659 3639 761 3678 non
785 3623 956 3679 cauda
987 3625 1038 3687 in
1067 3624 1295 3680 hostiam
1317 3624 1518 3685 otl‘erri.
1546 3635 1599 3680 et
1620 3641 1808 3695 passer

231 3714 369 3769 collo
413 3723 617 3769 retorto
647 3716 744 3768 sub
777 3714 889 3770 alas
925 3716 1132 3780 occidi,
1165 3725 1220 3777 et
1243 3715 1453 3772 Iudaici
1485 3719 1632 3780 servi,
1662 3717 1808 3770 auris

231 3805 419 3860 subula
468 3805 752 3875 perforari,
799 3815 853 3862 et
902 3807 1066 3863 multa
1100 3807 1403 3875 hujusmodi
1453 3804 1647 3875 (Exod.
1696 3825 1832 3878 ιιχις⁸

226 3896 353 3952 Leu.
379 3897 432 3969 ν)
459 3915 472 3950 :
511 3913 630 3967 quae
659 3898 1009 3968 spiritualiter
1035 3899 1301 3954 intellecta
1330 3940 1344 3964 ,
1394 3915 1641 3969 magnam
1674 3916 1809 3970 pra:-

225 3995 379 4043 stant
417 3987 825 4043 aediﬁcationem
851 4005 864 4051 ;
912 3988 1004 4043 sed
1029 3987 1198 4044 Judmi
1230 4004 1333 4044 non
1362 3989 1649 4051 mirantur,
1680 3990 1805 4059 quia

226 4091 329 4131 nec
358 4090 478 4132 eam
510 4075 846 4148 intelligunt,
888 4091 990 4132 nec
1013 4076 1222 4132 discere
1247 4077 1599 4132 contendunt.
1628 4076 1811 4131 Decla-

228 4170 371 4223 ratio
414 4184 708 4222 sermonum
739 4168 1303 4238 tuorum.‘Responsio
1332 4176 1416 4226 est
1460 4169 1528 4223 ad
1565 4169 1702 4223 hoc:
1764 4170 1808 4224 si

225 4258 428 4328 aliquis
451 4258 652 4313 diceret
679 4276 692 4311 :
723 4257 856 4314 Cum
887 4259 996 4313 sint
1032 4258 1298 4312 mirabilia
1321 4299 1336 4323 ,
1364 4258 1633 4328 quomodo
1658 4274 1810 4314 scru-

227 4349 335 4404 tari
389 4349 589 4418 poteris
634 4349 897 4418 ca‘lQuia
940 4349 1226 4404 declaratio
1256 4366 1583 4413 sermonum,
1617 4350 1670 4404 id
1706 4359 1809 4416 est,

227 4438 579 4509 Evangelium
608 4441 749 4508 quod
784 4439 1023 4500 dedarat
1059 4453 1334 4494 sermones
1357 4445 1496 4502 tuos,
1523 4439 1573 4503 id
1604 4448 1706 4505 est,
1738 4440 1811 4494 le-

1908 3269 1962 3314 ει
1984 3259 2312 3314 intellectum
2339 3269 2394 3316 et
2419 3261 2806 3331 operationem.
2832 3258 3021 3315 Exitus
3049 3274 3304 3330 aquarum
3331 3257 3495 3311 dedu-

1907 3359 2098 3410 xerunt
2146 3349 2283 3402 oculi
2331 3351 2452 3403 mei.
2508 3349 2760 3405 Homines
2798 3349 2927 3404 mihi
2969 3348 3364 3403 calumniantur
3398 3363 3493 3416 pro

1909 3442 2104 3511 quibus
2137 3441 2277 3496 oculi
2316 3443 2416 3496 mei
2449 3442 2772 3496 deduxerunt
2797 3442 2967 3496 exitus
3007 3456 3284 3511 aquarum,
3313 3439 3363 3493 id
3391 3446 3493 3501 est,

1908 3530 2086 3588 fontes
2135 3532 2530 3603 lacrymarum:
2570 3547 2673 3587 non
2721 3531 2840 3585 ideo
2879 3530 3004 3599 quia
3052 3545 3138 3585 me
3183 3528 3490 3585 calutnuiati

1909 3632 2035 3680 sunt
2064 3624 2154 3678 sed
2182 3623 2303 3694 quia
2333 3622 2490 3692 legem
2519 3634 2659 3675 tuam
2705 3640 2805 3676 non
2843 3621 3194 3677 custodierunt
3244 3620 3324 3676 vel
3370 3621 3494 3683 title,

1910 3711 1993 3770 vel
2023 3711 2316 3774 intellectu,
2345 3711 2426 3766 vel
2450 3713 2780 3781 operatione.

1983 3802 2141 3859 Sans.
2165 3835 2235 3843 —
2261 3823 2278 3854 ι
2306 3801 2491 3857 Justus
2518 3817 2595 3861 es.
2631 3802 2875 3864 Domine,
2908 3807 2962 3854 et
2996 3807 3200 3864 rectum
3229 3797 3492 3868 judiciqu

1917 3915 1934 3948 ι
1966 3904 2153 3954 .tuum.
2204 3895 2465 3950 Maudasti
2497 3894 2759 3962 justitiam
2791 3891 3096 3948 testimonia
3127 3899 3236 3955 tua,
3269 3898 3323 3946 et
3349 3888 3491 3944 veri-

1917 4007 1936 4040 ι
1980 3996 2143 4043 tatem
2211 3998 2356 4047 tuam
2413 3985 2596 4041 nimis.
2658 3985 2960 4039 Tabescere
3023 3997 3110 4038 me
3162 3980 3289 4036 fecit
3346 3980 3494 4036 zelus

1917 4097 1938 4131 ι
1983 4093 2156 4142 meus,
2183 4078 2306 4147 quia
2333 4076 2482 4140 obliti
2514 4084 2638 4131 sunt
2662 4076 2826 4130 verba
2861 4083 2946 4128 tua
2978 4071 3180 4126 inimici
3205 4071 3329 4126 mei.
3357 4068 3497 4140 Igni—

1917 4189 1936 4220 ι
1983 4177 2095 4223 tum
2139 4167 2408 4237 eloquium
2453 4179 2600 4220 tuum
2657 4166 3020 4226 vehementer,
3065 4170 3120 4217 et
3156 4175 3345 4216 servus
3377 4169 3498 4213 tuus

1919 4279 1938 4312 ι
1983 4259 2170 4316 dilexit
2205 4259 2349 4314 illud.
2402 4255 2842 4323 Adulescentulus
2876 4270 2992 4310 sum
3031 4268 3132 4324 ego
3169 4261 3224 4306 et
3260 4258 3497 4304 contem-

1921 4373 1938 4404 ι
1981 4352 2699 4426 ptusjustiﬁcationestuas
2734 4365 2838 4404 non
2875 4362 2992 4402 sum
3021 4344 3238 4399 oblitus.
3280 4340 3493 4395 iustitia

1922 4465 1938 4497 ι
1989 4456 2075 4500 tua
2099 4446 2304 4516 justitia
2332 4445 2384 4496 in
2401 4452 2691 4505 aeternum,
2714 4450 2768 4496 et
2788 4441 2874 4495 lex
2908 4448 2994 4494 tua
3027 4437 3242 4490 veritas.
3300 4433 3494 4488 Tribu-

225 4550 353 4607 grm
383 4543 435 4588 ct
459 4535 744 4604 prophetas
773 4535 1053 4600 illuminat,
1083 4536 1288 4593 scilicet
1309 4551 1394 4589 me
1421 4554 1434 4588 :
1464 4545 1511 4588 et
1539 4536 1667 4606 quia
1691 4537 1808 4602 illn-
1841 4504 1888 4562 θ
1921 4553 1940 4585 ι
1984 4504 2117 4588 latid
2141 4545 2194 4588 et
2226 4533 2820 4602 angustiainvenerunt
2848 4543 2952 4592 me,
2985 4526 3236 4582 mandata
3271 4535 3358 4578 tua
3388 4538 3500 4578 me-

227 4627 444 4681 minare
498 4642 600 4680 non
655 4636 832 4697 posset
880 4627 1173 4682 secundum
1211 4627 1499 4683 litteralem
1526 4628 1806 4691 scientiam

229 4717 561 4771 determinat
589 4717 881 4772 secundum
909 4717 1050 4787 quod
1077 4717 1376 4784 illuminet,
1407 4716 1616 4772 scilicet
1658 4715 1809 4772 intel-

227 4808 425 4863 lectum
445 4809 535 4862 dat
562 4808 898 4880 parvulis,id
925 4820 1027 4874 est,
1050 4807 1503 4876 humilibus,_non
1532 4807 1806 4877 superbis:

229 4902 340 4956 hoc
367 4909 472 4965 est,
505 4901 733 4957 humiles
756 4900 883 4955 facit
908 4901 1264 4970 spiritualiter
1282 4917 1344 4957 ea
1371 4899 1687 4972 intelligere.
1727 4901 1832 4964 Ad,

231 4993 340 5047 hoc
380 4990 662 5060 pluraliter
699 4992 830 5046 dicit
873 4992 1134 5062 parvulis,
1181 5001 1238 5047 ut
1269 4991 1510 5061 designet
1557 5007 1662 5045 non
1695 4991 1813 5060 quia

230 5079 472 5138 liuslibet
499 5081 863 5137 scrutantibus
911 5083 1027 5137 dari
1069 5083 1402 5153 spiritualem
1442 5082 1810 5145 intellectum;

230 5174 331 5228 sed
380 5171 482 5227 illis
511 5180 719 5229 tantum
763 5173 854 5242 qui
895 5175 947 5228 in
992 5175 1296 5229 humilitate
1343 5182 1712 5243 perseverant.
1741 5171 1829 5227 0s.

234 5281 412 5319 meum
448 5267 648 5335 aperui.
678 5265 746 5320 Et
769 5275 827 5319 ut
860 5281 1072 5336 possem
1121 5283 1184 5321 ea
1222 5268 1484 5327 scrutari,
1517 5275 1572 5321 ει
1599 5283 1695 5337 per
1725 5266 1815 5320 de—

239 5354 591 5408 clarationem
643 5370 729 5410 me
781 5355 1150 5419 illuminares,
1203 5365 1258 5410 et
1314 5356 1642 5410 intellectum
1685 5355 1814 5408 mihi

239 5448 426 5510 dares,
455 5462 509 5500 os
534 5463 701 5501 meum
741 5450 941 5519 aperui,
972 5449 1023 5503 id
1053 5459 1156 5512 est,
1214 5463 1406 5518 magno
1433 5447 1670 5518 appetitu
1722 5463 1827 5500 cor

239 5552 420 5591 meum
470 5535 708 5604 dilatari,
751 5539 890 5594 sicut
935 5539 1126 5609 aliquis
1168 5538 1390 5606 cupiens
1437 5538 1708 5598 saturari,
1759 5554 1820 5591 os

239 5628 482 5683 exterius
524 5631 758 5700 aperiret
789 5651 801 5685 :
834 5643 880 5686 et
915 5614 1112 5686 attraxi
1141 5632 1414 5700 spiritum,
1445 5630 1494 5684 id
1517 5639 1621 5693 est,
1647 5629 1822 5698 recepi

245 5733 300 5770 ιιι
332 5733 416 5774 me
444 5717 702 5786 Spiritum
730 5730 998 5788 sanctum,
1022 5721 1110 5790 qui
1149 5721 1239 5776 dat
1264 5719 1611 5775 intellectum.
1654 5719 1820 5784 Quem

1918 4644 1936 4675 ι
1982 4625 2169 4680 ditatio
2206 4640 2320 4678 mea
2353 4632 2453 4679 est.
2503 4620 2754 4691 Equitas
2785 4618 3088 4674 testimonia
3119 4625 3206 4671 tua
3249 4617 3299 4670 in
3338 4624 3500 4670 teter-

1921 4734 1956 4777 s_
1987 4730 2111 4769 num
2145 4732 2156 4767 :
2194 4714 2520 4780 intellectum
2551 4712 2615 4764 da
2647 4710 2796 4774 mihi,
2823 4717 2878 4764 et
2902 4709 3098 4762 Vivam.
3147 4727 3164 4758 ι

2475 4797 2920 4856 EN-ARRATIO.

1986 4897 2092 4951 lste
2119 4895 2290 4950 ﬁdelis
2325 4896 2414 4963 qui
2445 4893 2498 4948 in
2533 4889 2855 4962 praecedenti
2887 4898 3037 4958 parte
3071 4895 3189 4942 orat
3232 4885 3499 4961 illumina-

1917 4988 2118 5041 tionem
2140 4994 2194 5038 et
2217 4999 2496 5056 gressuum
2519 4982 2870 5037 directionem
2896 5020 2911 5044 ,
2936 4987 2990 5034 et
3016 4979 3260 5033 tristatus
3287 4975 3387 5029 l'uit
3404 4967 3502 5044 pro

1917 5075 2368 5142 calumniantibus
2389 5089 2467 5137 se,
2493 5073 2579 5136 hic
2611 5071 2845 5126 ostendit
2897 5083 2958 5127 se,
3001 5067 3334 5124 consolatum
3380 5078 3503 5133 pro—

1917 5176 2036 5236 pter
2059 5165 2260 5237 justmu
2292 5162 2554 5233 judicium
2585 5161 2699 5226 Dei,
2731 5159 2982 5228 quoniam
3011 5167 3065 5211 et
3092 5157 3240 5210 illum
3277 5153 3500 5209 exaudi-

1921 5261 2018 5325 vit,
2047 5269 2101 5313 et
2137 5257 2381 5312 inimicos
2408 5254 2619 5316 Judmos
2647 5253 2954 5309 excaacavit.
3003 5251 3058 5304 ln
3105 5249 3297 5319 quibus
3338 5244 3500 5299 utris-

1921 5365 2023 5419 que
2051 5348 2209 5401 rebus
2229 5346 2430 5414 justum
2456 5345 2714 5415 judicium
2746 5342 3003 5398 exercuit.

1990 5439 2174 5495 Justus
2220 5457 2293 5503 es,
2337 5437 2574 5491 Domine.
2636 5436 2744 5504 Ego
2791 5433 2939 5502 cujus
2983 5432 3121 5487 oculi
3171 5430 3506 5485 deduxerunt

1923 5531 2100 5585 exitus
2144 5545 2424 5598 aquarum,
2474 5529 2645 5581 habeo
2692 5524 3108 5580 consolationem
3157 5537 3222 5574 ex
3261 5535 3347 5583 e0,
3407 5518 3506 5570 Do-

1928 5625 2089 5687 mine,
2117 5621 2258 5690 quod
2299 5631 2349 5674 tu
2378 5621 2556 5687 justus
2599 5636 2651 5673 es
2696 5615 3009 5671 naturaliter
3042 5632 3054 5669 :
3087 5624 3134 5668 et
3181 5612 3325 5684 quod
3360 5610 3505 5681 judi-

1929 5714 2064 5766 rium
2087 5722 2232 5764 tuum
2260 5718 2452 5765 rect-um
2496 5717 2592 5771 est,
2642 5707 2691 5762 id
2740 5717 2839 5772 est,
2894 5704 3035 5761 illam
3075 5704 3336 5773 justitiam
3383 5717 3503 5771 qua:
