4034 6420
570 310 678 366 759
1205 303 1465 359 REMlGll
1501 294 2161 357 ANTISSIODORENSIS
2196 292 2349 350 ΟΡΡ.
2386 294 2592 353 PARS.
2635 295 2676 349 Ι.
2709 325 2778 336 —-
2803 289 3207 352 EXEGETICA:
3723 295 3822 354 760

564 414 884 477 naturalimr
916 425 1000 472 est
1033 417 1086 470 in
1134 401 1228 480 te,“
1254 415 1480 470 exhibes
1518 404 1702 484 opere.
1751 408 2019 465 Mandasti
2068 406 2147 475 iu-
2174 411 2225 469 Α
2256 427 2275 460 ι
2321 413 2526 467 salvum
2553 427 2638 467 me
2657 411 2762 478 fac,
2777 421 2832 468 et
2860 412 3160 467 custodiam
3182 411 3436 475 mandata
3459 428 3571 476 tua.
3589 411 3824 470 Ριξξιεηί

563 510 780 567 stitiam.
829 509 965 564 Vere
982 506 1242 575 judicium
1270 515 1418 562 tuum
1444 513 1528 560 est
1550 512 1779 566 rectum,
1803 501 1928 571 quia
1958 498 2154 554 dedisti

564 603 700 658 mihi
729 601 871 672 quod
900 601 1056 670 longe
1089 609 1214 655 ante
1246 599 1348 654 fuit
1379 605 1665 662 remotum,
1698 595 1908 650 scilicet
1933 591 2156 646 testimo-

563 698 678 760 nia,
704 693 758 749 id
791 702 892 755 est,
919 701 1184 762 praecepta
1211 701 1322 752 tua,
1346 689 1632 760 justitiam,
1660 686 1708 740 id
1737 695 1840 751 est,
1873 694 1933 740 ut
1963 684 2155 738 intelliv

562 800 746 856 gerent
779 794 1015 839 veterem
1043 784 1214 853 legem
1245 796 1363 837 esse
1386 781 1675 850 justitiam,
1702 794 1821 848 quae
1859 776 2154 848 spirituali-

567 886 652 933 ter
680 874 895 944 impleta
919 874 1180 943 justilirat
1213 892 1226 927 :
1259 882 1306 927 et
1337 874 1600 928 veritatem
1641 881 1785 924 tuam
1827 869 1980 923 nimis
2009 909 2023 933 ,
2056 869 2152 924 sed

562 967 850 1028 mandasti,
886 966 936 1021 id
979 972 1083 1030 est,
1128 979 1322 1020 novam
1353 962 1524 1034 legem
1555 977 1675 1033 qua)
1717 960 1916 1017 veritas
1955 968 2056 1027 est,
2099 971 2154 1014 et

565 1060 726 1116 nTtttis
757 1060 978 1126 veritas,
1009 1068 1267 1132 quantum
1301 1059 1367 1113 ad
1397 1059 1630 1128 priorem
1655 1065 1780 1127 'qute
1809 1055 1998 1110 umbra
2031 1053 2146 1108 fuit.

566 1147 610 1201 Τ
611 1149 847 1204 αὑεεεετε
872 1166 952 1204 me
982 1151 1120 1220 fecit.
1160 1149 1283 1204 Ideo
1313 1149 1504 1204 dedisti
1555 1148 1684 1203 mihi
1719 1162 1913 1202 novam
1956 1145 2149 1216 legem,

562 1257 682 1311 qua:
707 1243 905 1298 veritas
925 1251 1025 1302 est.
1059 1242 1396 1312 etjustitiam
1429 1260 1441 1294 :
1473 1241 1599 1310 quia
1647 1239 1787 1294 zelus
1826 1255 1970 1294 meus
2012 1238 2152 1293 tabe-

561 1354 705 1393 scere
749 1355 829 1393 me
872 1338 1017 1408 fecit,
1057 1339 1106 1393 id
1140 1347 1239 1405 est,
1271 1338 1486 1394 dilectio
1513 1353 1674 1407 quam
1706 1336 1865 1392 habui
1894 1350 2022 1407 erga
2052 1335 2155 1398 ini-

561 1429 733 1488 mices
766 1444 938 1494 meos,
986 1430 1111 1486 fecit
1147 1446 1213 1485 ex
1263 1445 1329 1486 eo
1383 1445 1468 1485 me
1523 1430 1778 1498 languere
1822 1438 1876 1484 et
1928 1428 2152 1483 nimium

563 1517 786 1583 dolere,
838 1519 982 1590 quod
1040 1519 1140 1590 ipsi
1194 1520 1395 1574 inimici
1446 1520 1548 1574 mei
1614 1518 1765 1574 obliti
1817 1527 1938 1574 sunt
1998 1517 2152 1572 verba

563 1617 675 1672 tua,
725 1607 780 1664 id
809 1617 913 1676 est,
959 1618 1226 1681 praecepta
1261 1618 1370 1665 tua.
1405 1609 1637 1680 Ignitum
1676 1610 1937 1681 eloquium
1982 1618 2150 1664 tuum.

633 1699 703 1755 Et
727 1715 794 1756 ex
818 1714 883 1757 eo
906 1702 1078 1774 magis
1107 1702 1490 1758 tabescendum
1519 1713 1575 1758 et
1615 1701 1902 1757 dolendum
1932 1710 2016 1758 est
2052 1716 2150 1772 pro

2219 519 2226 524 ·
2263 526 2279 557 ι
2327 505 2380 560 in
2411 503 2724 559 maturitate
2746 513 2802 558 et
2824 502 3074 566 clamavi,
3099 503 3226 572 quia
3253 502 3306 557 in
3332 503 3497 569 verba
3527 512 3615 558 tua
3648 518 3828 574 super-

2260 616 2278 649 (
2324 596 2556 667 speravi.
2583 595 2967 650 Praevenerunt
2990 594 3130 649 oculi
3158 596 3264 650 mei
3305 595 3372 650 ad
3404 603 3458 650 te
3486 594 3747 662 diluculo,
3774 605 3832 652 ut

2259 706 2280 741 ο
2325 687 2619 742 meditarer
2646 686 2858 757 eloquia
2886 695 2997 740 tua.
3025 685 3226 742 Vocem
3261 701 3436 742 meam
3478 687 3604 742 audi
3644 703 3832 743 secun-

2259 799 2278 833 ‹
2320 781 2446 836 dum
2488 781 2912 837 misericordiam
2957 791 3119 846 tuam,
3164 781 3409 848 Domine,
3451 789 3506 837 et
3543 782 3834 838 secundum

2257 891 2278 924 ι
2314 871 2577 942 judicium
2628 879 2778 926 tuum
2830 869 3042 926 viviﬂca
3099 886 3206 926 me.
3257 871 3839 942 Appropinquaverunt

2259 983 2277 1016 ι
2321 972 2710 1036 persequentes
2734 977 2820 1018 me
2846 963 3138 1034 iniquitati,
3163 979 3195 1020 a
3213 964 3332 1036 lege
3360 977 3541 1023 autem
3571 973 3663 1024 tua
3683 963 3840 1035 longe

2258 1075 2278 1110 ‹
2320 1057 2448 1112 facti
2473 1067 2615 1112 sunt.
2642 1056 2812 1126 Prope
2838 1070 2899 1112 es
2930 1064 3008 1123 tu,
3032 1057 3276 1120 Domine,
3305 1062 3362 1112 et
3385 1071 3579 1112 omnes
3605 1055 3707 1110 viae
3735 1067 3842 1110 tua

2259 1169 2277 1202 ‹
2326 1149 2543 1204 veritas.
2572 1148 2732 1204 lnitio
2759 1148 2986 1220 cognovi
3013 1147 3081 1204 de
3112 1147 3438 1205 testimoniis
3466 1148 3599 1216 tuis,
3630 1148 3761 1218 quia
3787 1147 3838 1204 in

2258 1263 2276 1296 ι
2323 1252 2584 1312 :eternum
2619 1242 2850 1298 fundasti
2881 1256 2965 1296 ea.
3003 1261 3023 1297 ι

2822 1332 3280 1390 ENARRATIO.

2323 1426 2438 1483 l-loc
2457 1425 2780 1494 elementum
2813 1424 3019 1480 indicat
3054 1425 3199 1480 hunc
3229 1424 3440 1480 ﬁdelem
3462 1424 3555 1494 qui
3581 1423 3838 1493 loquitur,

2255 1518 2440 1574 multis
2468 1525 2523 1574 et
2549 1516 2810 1572 maximis
2830 1515 3264 1580 tribulationibus
3289 1530 3410 1572 esse
3438 1516 3761 1572 conclusum
3791 1525 3840 1571 et

2254 1611 2718 1668 circumvallatum
2750 1627 2763 1663 :
2796 1617 2852 1664 et
2883 1609 3184 1667 nullatenus
3213 1608 3337 1663 inde
3364 1623 3523 1679 posse
3551 1608 3712 1678 eripi,
3743 1609 3838 1662 nisi

2256 1704 2436 1761 divino
2470 1702 2762 1772 adiutorio;
2802 1711 2854 1756 et
2893 1700 3013 1756 ideo
3047 1702 3310 1756 instanter
3343 1701 3625 1767 invocasse
3664 1699 3842 1755 Domi-

563 1791 672 1848 illis
691 1769 1130 1850 obliviscentibus
1153 1793 1403 1850 mandata
1429 1803 1539 1860 tua,
1565 1794 1692 1866 quia
1716 1795 1976 1865 eloquium
2000 1769 2144 1848 tuum
2185 1769 2227 1828 Β
2253 1815 2401 1862 num,
2434 1807 2492 1852 ut
2517 1769 2607 1853 det
2643 1797 2691 1852 ei
2727 1793 3105 1866 perfectiorem
3146 1793 3502 1861 intellectum,
3531 1802 3588 1850 et
3612 1806 3840 1858 exsecue

548 1892 648 1940 est
674 1887 1000 1941 vehementer
1033 1887 1274 1958 ignitum.
1308 1885 1451 1958 lgnis
1477 1887 1577 1942 tria
1613 1898 1873 1958 operatur
1902 1905 1916 1942 :
1957 1901 2150 1943 consu-

543 1974 684 2040 .mit,
716 1974 1002 2042 illuminat,
1035 1978 1298 2032 accendit.
1331 1977 1388 2033 ln
1419 1987 1743 2050 praeceptum
1773 1978 1984 2034 Domini
2023 1993 2151 2034 cou-

563 2068 731 2122 sumit
759 2067 890 2122 vitia
919 2068 971 2122 in
1001 2068 1329 2138 hominibus,
1357 2069 1624 2125 illuminat
1653 2071 1947 2128 secundum
1978 2070 2153 2126 scien—

564 2159 717 2224 tiam,
767 2159 1016 2215 acceudit
1063 2161 1356 2216 secundum
1409 2163 1752 2218 eharitatem.
1795 2161 1862 2217 Et
1897 2161 2025 2232 quia
2073 2161 2149 2217 illi

565 2258 755 2305 carent
784 2250 868 2305 his
891 2250 1046 2305 donis
1069 2250 1337 2311 omnibus.
1363 2252 1488 2322 jure
1509 2252 1796 2308 dolendum
1822 2261 1906 2308 est
1927 2268 2024 2324 pro
2049 2253 2145 2308 eis.

565 2339 636 2393 Et
663 2339 787 2410 quia
818 2339 1088 2408 eloquium
1117 2351 1266 2395 tuum
1294 2341 1644 2398 vehementer
1670 2351 1754 2397 est
1779 2343 2026 2414 ignitum,
2051 2358 2151 2415 ego

565 2429 659 2497 qui
690 2444 808 2483 sum
833 2445 1009 2484 servus
1035 2439 1176 2496 tuus,
1205 2430 1366 2504 diligo
1389 2431 1540 2486 illud.
1560 2432 1988 2489 Adolescentulus
2011 2427 2147 2489 sum.

567 2518 636 2574 Et
658 2535 968 2590 quanquam
992 2521 1207 2592 diligam
1233 2522 1362 2577 illud
1383 2540 1475 2593 ego
1497 2523 1586 2594 qui
1615 2541 1729 2578 sum
1757 2525 2148 2593 adoscentulus,

566 2610 622 2665 id
645 2620 728 2665 est
749 2611 1056 2680 innovatus,
1077 2612 1211 2667 nihil
1233 2613 1437 2668 habens
1459 2615 1510 2668 in
1535 2629 1621 2668 me
1634 2615 1945 2670 vetustatis:
1971 2624 2149 2671 tamen

566 2718 688 2759 sum
717 2713 1037 2775 contemptus
1064 2715 1120 2760 et
1149 2705 1423 2775 despectui
1451 2707 1689 2773 habitus,
1716 2709 1828 2764 sive
1855 2709 1968 2779 ipse
1991 2726 2151 2782 repu-

569 2804 688 2850 tans
712 2810 799 2850 me
819 2795 999 2862 vilem,
1032 2795 1144 2851 sive
1167 2796 1236 2852 ab
1262 2796 1381 2852 aliis
1414 2799 1744 2869 contemptui
1777 2799 2008 2855 deditus.
2043 2801 2150 2857 Sed

566 2886 690 2943 licet
735 2889 806 2942 ita
833 2887 1020 2943 videar
1049 2889 1355 2959 despectus,
1393 2900 1572 2946 tamen
1597 2891 2002 2961 justiﬁcationes
2033 2904 2151 2950 tuas

565 2995 672 3034 non
699 2997 814 3034 sum
853 2979 1062 3047 oblitus,
1106 2982 1159 3036 id
1197 2991 1302 3049 est,
1333 2999 1436 3038 non
1470 2986 1660 3041 recedo
1684 2986 1752 3040 ab
1777 2986 2152 3043 observatione

565 3068 719 3140 legis.
748 3070 967 3126 Iustitia
988 3081 1100 3127 tua.
1132 3072 1322 3130 Merito
1357 3075 1517 3129 etiam
1557 3085 1916 3147 contemptus,
1948 3077 2149 3149 justiti-

568 3162 810 3218 cationes
837 3171 958 3218 tuas
977 3178 1084 3219 non
1110 3164 1416 3232 obliviscor,
1441 3169 1566 3237 quia
1582 3169 1795 3236 justitia
1821 3179 1934 3238 tua,
1970 3171 2019 3225 id
2045 3179 2143 3235 est,

569 3259 724 3307 vetus
749 3251 857 3319 lex,
881 3260 966 3308 est
975 3252 1189 3324 justitia
1217 3256 1486 3311 deducens
1511 3258 1562 3311 in
1588 3260 1966 3324 aeternitatem,
1989 3270 2037 3314 et
2066 3259 2150 3314 lex

568 3359 682 3412 tua,
733 3348 942 3404 scilicet
983 3365 1143 3414 nova,
1185 3353 1377 3406 veritus
1425 3363 1506 3408 est
1557 3353 1808 3411 similiter
1849 3355 2051 3412 ducens
2095 3357 2149 3412 in

568 3443 982 3512 perennitatem.
1018 3443 1308 3498 Tribulatio
1341 3456 1387 3499 et
1424 3449 1684 3518 angustia.
1726 3447 1790 3502 Et
1833 3463 1937 3503 non
1976 3449 2149 3514 solum

568 3542 907 3604 contemptus
929 3549 1072 3599 sum,
1100 3548 1198 3588 nec
1215 3535 1359 3589 enim
1384 3536 1485 3589 hoc
1507 3535 1679 3590 solum
1702 3537 1835 3592 satis
1856 3539 2149 3594 vehemens

574 3639 734 3681 causa
765 3633 910 3681 esset
929 3634 1150 3696 propter
1181 3641 1342 3696 quam
1371 3626 1617 3683 oblivisci
1645 3628 1862 3684 deberet
1881 3638 2148 3700 praecepta

572 3716 818 3781 Domini;
867 3716 962 3770 sed
1001 3716 1163 3771 etiam
1216 3716 1493 3773 tribulatio
1521 3733 1640 3788 quae
1678 3729 1759 3774 est
1797 3721 2057 3790 corporis,
2095 3728 2150 3775 et

570 3805 820 3877 angustia
862 3821 983 3875 quae
1028 3814 1110 3860 est
1164 3806 1390 3872 animm,
1435 3808 1738 3863 invenerunt
1785 3826 1894 3878 me,
1944 3810 2151 3868 scilicet

569 3896 823 3951 idoneum
854 3896 922 3950 ad
948 3897 1277 3966 patiendum,
1309 3898 1360 3951 id
1389 3909 1492 3963 est,
1522 3900 1710 3955 videns
1741 3916 1827 3957 me
1863 3902 2000 3958 Deus
2029 3903 2142 3958 ido-

569 4002 732 4044 neum
793 3997 850 4042 et
903 3987 1098 4042 fortem
1150 3991 1215 4044 ad
1268 3991 1614 4060 perferendas
1667 3994 2036 4060 trihplatioues
2096 4005 2151 4052 et

569 4078 848 4150 angustias
872 4094 970 4148 pro
995 4080 1165 4136 salute
1193 4083 1386 4136 animae
1412 4099 1562 4149 mea},
1598 4087 1842 4155 permisit
1867 4090 1994 4143 mihi
2027 4090 2149 4160 talia

569 4171 707 4226 lieri.
725 4171 928 4226 Dicitur
947 4172 1089 4227 enim
1114 4173 1256 4230 Deus
1276 4189 1373 4244 per
1388 4178 1664 4247 angustias
1683 4189 1738 4233 et
1759 4180 2146 4251 tribulationes,

566 4275 687 4330 qum
709 4269 834 4315 sunt
852 4261 1096 4330 qumdam
1119 4259 1235 4330 ejus
1255 4262 1413 4329 dona,
1439 4279 1679 4346 quaerere
1696 4269 1884 4340 dignos
1906 4286 1970 4327 eo
1991 4273 2149 4330 modo

566 4351 839 4419 coronari,
871 4360 925 4405 et
962 4350 1096 4406 tales
1125 4352 1332 4408 invenit
1371 4353 1484 4422 ipsa
1523 4356 1816 4413 tribulatio.
1851 4359 1985 4416 Nam
2024 4373 2150 4419 sunt

2253 1895 2452 1949 tionem
2478 1891 2855 1947 mandatorum
2883 1887 3018 1957 ejus.

2323 1984 2560 2040 Clamavi
2605 1983 2658 2037 in
2687 1990 2794 2038 toto
2817 1982 2993 2036 corde.
3033 1979 3167 2039 Cum
3194 1994 3370 2035 essem
3412 1978 3462 2040 in
3503 1987 3842 2048 contemptu,

2251 2089 2306 2134 et
2343 2077 2620 2133 tribulatio
2644 2084 2695 2130 et
2740 2075 2984 2143 angustia
3015 2072 3349 2128 invenissent
3374 2086 3480 2136 me,
3515 2071 3667 2126 aliud
3699 2072 3840 2127 relu-

2252 2170 2396 2242 gium
2428 2184 2532 2223 non
2565 2167 2785 2237 (μιωείνί
2822 2164 2923 2219 nisi
2956 2162 3191 2224 clamavi.
3233 2162 3298 2217 Et
3323 2161 3427 2217 hoc
3458 2177 3564 2216 non
3591 2162 3710 2215 oris
3741 2161 3840 2214 cla-

2252 2273 2406 2316 more
2448 2257 2540 2312 sed
2583 2258 2639 2310 in
2692 2265 2802 2310 toto
2846 2253 3020 2318 corde,
3073 2260 3134 2308 ut
3183 2267 3280 2308 cor
3323 2262 3471 2310 tuum
3504 2263 3737 2316 vacaret
3783 2251 3838 2304 ad

2252 2351 2566 2408 clamorem.
2616 2347 2722 2403 Sed
2765 2346 2910 2402 aliud
2952 2355 3034 2400 est
3082 2344 3320 2400 clamare
3364 2344 3549 2408 corde,
3604 2341 3757 2396 aliud
3794 2342 3835 2395 in

2251 2440 2416 2497 corde
2447 2458 2460 2493 :
2493 2439 2616 2510 quia
2663 2437 2826 2495 etiam
2854 2451 2985 2492 voce
3024 2435 3347 2500 clamantes,
3388 2435 3550 2492 corde
3581 2433 3841 2491 clamant.

2252 2533 2362 2590 Sed
2405 2535 2459 2588 in
2507 2533 2668 2588 corde
2714 2532 2970 2590 clamare.
3019 2539 3104 2588 est
3144 2531 3262 2585 sine
3309 2544 3442 2585 voce
3490 2529 3839 2586 intentionem

2253 2624 2435 2681 cordis
2461 2623 2688 2678 Domino
2711 2622 3021 2678 ostendere.
3046 2620 3284 2676 Clamavi
3308 2636 3437 2692 ergo
3457 2620 3510 2673 in
3528 2629 3629 2673 toto
3650 2618 3839 2682 corde,

2252 2717 2438 2774 dicens
2481 2715 2572 2772 :0
2620 2715 2862 2782 Domine,
2907 2715 3101 2771 exaudi
3150 2731 3230 2769 me
3275 2714 3329 2768 in
3378 2714 3484 2769 hoc
3530 2721 3735 2766 tantum
3778 2720 3842 2764 ut

2245 2809 2655 2880 justi/icationes
2699 2819 2818 2863 tuas
2860 2809 3144 2878 requiram,
3179 2807 3231 2861 id
3264 2818 3368 2871 est,
3412 2813 3468 2858 ut
3498 2819 3743 2875 quaram
3787 2813 3837 2858 et

2253 2903 2468 2958 assidue
2520 2903 2792 2971 requiram
2839 2917 2962 2957 cum
3009 2883 3207 2970 magno
3252 2898 3523 2955 desiderio
3573 2906 3826 2968 praecepta

2255 3005 2362 3058 tua,
2378 3005 2432 3050 et
2451 2995 2754 3052 observem.
2770 2993 3006 3050 Clamavi
3019 2994 3088 3048 ad
3103 3005 3170 3049 te.
3189 2992 3444 3057 Clamavi,
3465 2992 3720 3062 inquam,
3738 3006 3821 3044 non

2254 3086 2318 3140 ad
2346 3086 2551 3140 vicinos
2571 3095 2626 3140 et
2645 3086 2873 3150 amicos,
2894 3085 2987 3140 sed
3005 3085 3075 3139 ad
3098 3094 3146 3140 te
3167 3083 3434 3139 volentem
3463 3093 3520 3138 et
3542 3094 3829 3154 potentem,

2202 3168 2220 3187 ⁸
2255 3179 2326 3233 ita
2351 3179 2567 3233 dicens:
2594 3175 2809 3234 Salvum
2841 3195 2920 3231 me
2940 3176 3046 3248 fac,
3081 3177 3133 3232 id
3157 3186 3258 3240 est,
3284 3177 3422 3232 hanc
3444 3175 3682 3230 salutem
3717 3175 3836 3242 mini

2251 3271 2540 3334 concedas,
2585 3281 2643 3325 ut
2689 3271 3006 3338 custodiam,
3042 3270 3094 3326 id
3115 3269 3541 3338 est,compleam
3593 3271 3839 3322 mandata

2253 3376 2366 3430 tua.
2418 3365 2517 3420 llic
2571 3364 2890 3434 intelligitur
2932 3363 3080 3420 salus
3128 3378 3268 3426 esse,
3317 3362 3575 3417 mandata
3633 3361 3839 3415 Domini

2254 3458 2544 3514 custodire.
2567 3456 2805 3512 Praeveni
2829 3455 2882 3508 in
2909 3455 3227 3509 maturitate.
3256 3453 3320 3509 Et
3341 3453 3540 3509 merito
3567 3452 3746 3509 debes
3769 3468 3842 3506 me

2255 3551 2578 3614 clamantem
2610 3559 2666 3604 et
2690 3549 2917 3604 honesta
2961 3557 3232 3619 petentem
3275 3547 3554 3610 exaudire,
3587 3547 3719 3604 auia
3753 3561 3841 3614 ego

2255 3642 2389 3697 alios
2435 3641 2659 3710 prteveni
2698 3641 2752 3693 in
2801 3641 3124 3702 maturitate,
3175 3638 3228 3692 id
3250 3647 3354 3700 est,
3379 3637 3431 3691 in
3477 3637 3838 3699 adulescentia

2254 3751 2374 3807 qua:
2396 3741 2525 3788 retas
2567 3742 2652 3787 est
2695 3731 2980 3785 immatura
3027 3738 3084 3786 et
3112 3729 3368 3784 indomita
3400 3729 3468 3782 ad
3492 3727 3837 3782 custodienda

2255 3824 2509 3880 mandata
2538 3831 2649 3878 tua.
2683 3821 2816 3876 Nam
2841 3821 3068 3892 juvenes
3095 3829 3353 3891 quantum
3395 3828 3524 3874 sunt
3551 3826 3707 3874 aetate
3737 3817 3833 3871 fer-

2255 3917 2550 3980 ventiores,
2573 3923 2780 3969 tantum
2809 3921 2937 3968 sunt
2977 3913 3043 3966 ad
3085 3912 3392 3983 superbiam
3421 3921 3476 3968 ct
3506 3911 3644 3966 iram
3667 3927 3737 3966 ac
3758 3910 3837 3964 lu-

2257 4010 2465 4064 xuriam
2489 4017 2794 4076 caeteraque.
2815 4005 2940 4060 vitia
2967 4005 3333 4075 procliviores.
3359 4004 3493 4058 Cum
3516 4019 3650 4076 ergo
3672 4004 3837 4058 adhuc

2253 4109 2414 4168 mtate
2457 4099 2671 4155 viderer
2708 4098 3031 4152 immaturus
3055 4097 3121 4150 ad
3155 4095 3300 4161 talia,
3333 4102 3515 4150 tamen
3546 4093 3617 4148 ad
3661 4103 3723 4149 te
3748 4093 3836 4147 cla-

2255 4192 2413 4257 mavi,
2441 4200 2497 4246 et
2522 4190 2748 4262 pra-veni
2791 4188 2925 4244 alios
2957 4188 3093 4243 bene
3132 4185 3382 4247 vivendo,
3433 4184 3500 4239 Et
3524 4185 3582 4237 in
3612 4185 3839 4247 cereum,

2255 4283 2308 4337 id
2339 4291 2445 4347 est,
2475 4281 2526 4336 in
2571 4279 2841 4350 eloquium
2891 4286 3040 4332 tuum
3066 4275 3444 4347 supersperavi,
3475 4275 3662 4338 idest,
3691 4274 3840 4329 vehe-

2255 4352 2572 4427 mentiorem
2641 4383 2790 4438 spem
2846 4366 3010 4422 habui
3061 4381 3224 4436 super
3274 4380 3422 4436 spem
3476 4379 3645 4433 quam
3702 4365 3841 4435 prius

565 4440 972 4512 quamplurimi,
1019 4443 1109 4512 qui
1146 4445 1194 4499 si
1232 4453 1545 4514 paterentur
1579 4451 1979 4518 adversitatem,
2010 4456 2144 4510 deli-

2255 4463 2438 4520 habui.
2473 4461 2698 4531 Semper
2726 4460 2870 4515 enim
2895 4474 3020 4530 spes
3059 4457 3262 4514 crescit
3280 4472 3402 4513 cum
3429 4457 3665 4511 meritis.
3697 4453 3837 4509 Prte-

567 4543 773 4586 cerent.
810 4531 1017 4600 Quibus
1053 4535 1229 4605 parcit
1264 4538 1403 4592 Deus
1429 4554 1494 4592 ne
1530 4550 1804 4608 corruant,
1838 4546 1930 4599 sed
1970 4554 2150 4609 tamen

566 4623 842 4679 inferioris
895 4615 1174 4696 dignitatis
1229 4639 1354 4683 sunt
1397 4632 1724 4700 patientibus
1773 4652 1787 4688 :
1843 4652 2149 4709 quanquam

564 4717 842 4773 tribulatio
877 4728 932 4773 et
976 4721 1223 4791 angustia
1269 4721 1585 4786 invenerunt
1638 4741 1743 4792 me,
1783 4735 1961 4786 tamen
1994 4733 2150 4787 Man-

566 4809 695 4863 data
721 4819 812 4876 tua
833 4810 1102 4873 meditatio
1125 4829 1239 4866 mea
1264 4824 1359 4880 est,
1386 4815 1437 4869 id
1463 4826 1567 4881 est,
1589 4830 1858 4897 prmcepta
1887 4833 1973 4880 tua
2000 4841 2152 4892 novre

565 4901 697 4972 legis
748 4901 980 4968 meditor
1022 4902 1335 4973 adimplere.
1386 4906 1635 4977 quuitas
1685 4913 1982 4981 testimonia
2033 4927 2144 4972 tua.

563 4990 633 5046 Et
662 4991 858 5046 merito
887 4992 1116 5046 meditor
1142 4993 1196 5047 in
1239 4982 1508 5059 mandatis
1534 5000 1641 5060 tuis
1680 5000 1734 5054 in
1779 5003 2144 5074 tribulatione,

565 5083 690 5151 quia
735 5083 1028 5138 testimonia
1073 5093 1166 5137 tua
1215 5095 1342 5151 sunt
1385 5089 1624 5159 aequitas,
1667 5091 1718 5152 id
1753 5101 1864 5158 est,
1908 5093 2054 5166 justa
2094 5109 2148 5164 et

564 5175 792 5230 honesta
824 5175 876 5228 in
903 5175 1116 5244 seipsis.
1147 5183 1202 5230 et
1227 5176 1546 5233 deducentia
1581 5182 1631 5234 iu
1665 5184 2042 5241 aeternitatem.
2080 5189 2148 5249 Et

564 5267 689 5336 quia
726 5267 798 5321 ita
827 5274 975 5333 sunt,
1015 5282 1132 5331 oro,
1165 5266 1408 5335 Domine,
1445 5271 1760 5340 intellectum
1791 5275 1858 5330 da
1902 5254 2052 5344 mihi,
2092 5254 2149 5349 et

566 5359 653 5416 fac
693 5377 786 5420 me.
826 5363 1053 5426 ulterius
1097 5378 1158 5417 ea
1203 5364 1496 5432 perfectius
1535 5369 1832 5442 intelligere
1875 5388 1890 5427 :
1930 5385 1977 5441 et
2021 5386 2152 5436 tunc

565 5455 733 5509 vivam
761 5455 813 5508 in
843 5464 1122 5510 aeternum.

640 5637 1148 5695 Coum—«Clamavi
1165 5642 1217 5696 in
1238 5651 1345 5697 toto
1361 5646 1523 5699 corde
1545 5661 1683 5711 meo,
1705 5649 1896 5704 exaudi
1925 5666 2030 5718 me,
2052 5653 2152 5706 Do-

576 5745 595 5785 t
642 5727 1233 5793 mine.iustilicationes
1265 5742 1382 5787 tuas
1407 5734 1950 5805 requiram.Clamavi
1980 5719 2045 5795 ad
2076 5749 2149 5808 te,

2255 4561 2499 4608 venerunt
2523 4549 2662 4604 oculi
2690 4550 2810 4603 mei.
2844 4549 2912 4603 Et
2947 4548 3069 4603 ideo
3097 4547 3262 4602 debes
3290 4562 3376 4602 me
3401 4547 3694 4611 exaudire,
3727 4545 3837 4616 quia

2254 4642 2393 4704 ocult
2421 4643 2520 4697 mei
2560 4641 2629 4694 ad
2679 4650 2726 4694 te
2771 4639 2989 4705 directi,
3025 4649 3386 4709 prteveuerunt
3418 4637 3554 4692 alios
3582 4637 3838 4697 diluculo,

2254 4749 2470 4804 semper
2496 4746 2652 4787 mane
2686 4730 2924 4802 vigilavi,
2968 4731 3320 4785 intentionem
3371 4729 3570 4784 mentis
3617 4745 3758 4785 tua:
3780 4728 3839 4782 ad

2257 4833 2308 4889 te
2334 4825 2571 4896 dirigens
2607 4821 2886 4878 continuo.
2927 4820 3158 4892 Propter
3187 4822 3294 4877 hoc
3331 4831 3384 4874 ut
3424 4821 3723 4875 meditarer
3745 4821 3840 4875 elo-

2252 4914 2380 4985 quia
2399 4925 2508 4980 tua,
2545 4913 2596 4968 id
2618 4921 2723 4979 est,
2749 4921 2808 4966 ut
2829 4925 3114 4968 exercerer
3147 4913 3199 4966 in
3230 4911 3518 4978 mandatis,
3550 4912 3622 4967 ad
3647 4911 3839 4968 simili-

2257 5008 2492 5063 tudinem
2548 5005 2691 5061 illius
2733 5008 2824 5076 qui
2870 5020 3082 5061 summo
3129 5019 3290 5060 mane
3329 5002 3550 5060 festinat
3596 5005 3668 5059 ad
3715 5020 3840 5077 opus

2255 5114 2432 5162 suum.
2465 5097 2559 5152 Vel
2590 5096 2842 5172 diluculo,
2877 5095 3054 5162 idest,
3087 5097 3139 5151 in
3173 5096 3294 5152 luce
3333 5097 3618 5162 virtutum,
3646 5114 3839 5167 prtere-

2256 5198 2443 5257 nerunt
2475 5186 2612 5241 oculi
2654 5189 2757 5241 mei
2800 5187 2932 5241 alios
2977 5187 3048 5241 ad
3075 5197 3144 5252 te,
3195 5187 3246 5242 id
3299 5195 3406 5254 est,
3465 5189 3560 5242 tibi
3613 5188 3835 5258 ascripsi

2261 5279 2513 5349 juidquid
2545 5279 2597 5344 in
2627 5294 2714 5335 me
2734 5279 2950 5334 virtutis
2975 5279 3098 5344 fuit,
3128 5281 3200 5334 ita
3228 5290 3282 5333 ut
3312 5281 3596 5334 meditarer
3632 5280 3834 5350 eloquia

2254 5382 2365 5425 uta.
2404 5369 2589 5425 Vocem
2638 5387 2806 5424 meam
2830 5371 2978 5424 audi.
3031 5371 3098 5425 Et
3140 5371 3264 5440 quia
3317 5386 3417 5444 ego
3440 5371 3833 5426 inmaturitate

2256 5461 2491 5539 prmveni
2525 5460 2732 5522 scilicet
2763 5461 2912 5521 alios.
2959 5470 3013 5516 et
3052 5461 3192 5517 oculi
3223 5463 3327 5517 mei
3371 5462 3609 5518 diluculo
3637 5476 3832 5532 praeve-

2254 5564 2466 5617 nerunt,
2514 5563 2589 5616 tu,
2629 5553 2869 5619 Domine,
2906 5555 3032 5606 undi
3061 5571 3232 5608 uocem
3270 5571 3456 5617 meam,
3491 5569 3600 5609 non
3629 5564 3827 5608 tantum

2254 5662 2350 5714 pro
2376 5646 2583 5709 meritis
2606 5646 2762 5710 meis,
2789 5647 2881 5699 sed
2912 5647 3196 5699 semiudum
3223 5647 3638 5699 misericordiam
3668 5656 3822 5704 tuam.

2252 5741 2304 5795 id
2367 5749 2471 5808 est,
2521 5741 2816 5797 secundum
2861 5740 3088 5811 gratiam
3145 5749 3196 5794 et
3253 5740 3537 5795 secundum
3572 5736 3817 5810 judiciurr
