4034 6426
269 314 367 369 761

1389 310 1923 372 ENARRATIO‘NES
1972 312 2039 370 IN
2080 315 2414 381 PSALMOS.

3426 328 3529 384 702

263 442 438 494 tuum,
466 428 518 482 id
544 436 650 489 est.
674 428 969 483 secundum
994 431 1138 499 quod
1177 430 1455 500 tujustum
1477 432 1710 502 judicas,
1736 430 1844 485 sci-
1874 428 1924 488 A
1957 449 1975 482 σ
2018 431 2344 507 Principium
2367 441 2652 498 verborum
2691 452 2905 499 tuorum
2936 443 3158 511 veritas,
3192 444 3243 499 in
3270 453 3530 500 interitum

262 521 392 578 licet
422 520 716 577 secundum
749 520 1001 576 meritum
1047 522 1210 577 etiam
1241 538 1420 578 meum
1441 525 1646 594 viviﬁca
1668 542 1770 589 me,
1794 525 1847 580 id

258 624 368 680 est,
424 614 511 670 lac
560 629 647 670 me
694 615 966 669 custodire
1009 615 1260 669 mandata
1290 624 1400 683 tua,
1435 619 1578 687 quod
1604 626 1688 672 est
1714 617 1847 672 mihi

258 706 395 762 vita.
431 705 527 761 Vel
552 706 679 760 audi
703 722 877 760 vocem
898 722 1068 760 meam
1097 707 1392 762 secundum
1420 708 1847 763 misericordiam

262 809 413 853 tuam
445 800 533 855 hic
562 798 615 853 in
647 799 918 869 praesenti,
952 814 1023 855 ne
1050 799 1320 865 deliciam,
1343 810 1398 855 et
1424 801 1476 855 in
1505 801 1686 857 futuro
1702 800 1850 871 justo

252 888 464 958 judicio
518 890 720 958 vivi/ica
746 907 828 945 me
860 931 875 955 ,
941 890 1117 946 dando
1157 892 1285 947 mihi
1337 894 1499 948 vitam
1567 905 1845 949 aeternam.

259 982 818 1052 Appropinquaverunt
852 994 1212 1054 persequentes
1261 1002 1358 1040 me.
1406 986 1468 1039 Et
1512 985 1716 1055 justum
1765 993 1849 1041 est

261 1083 324 1127 ut
365 1089 453 1128 me
504 1072 1025 1142 appropinquantem
1077 1072 1317 1143 iustitiae,
1372 1076 1660 1131 vivilices:
1722 1076 1848 1147 quia

267 1185 286 1218 ι
332 1174 721 1235 persequentes
752 1180 840 1221 me
883 1167 1446 1237 appropinquaverunt
1485 1170 1774 1239 iniquitati.
1822 1190 1840 1221 ι

263 1255 405 1312 Sunt
428 1257 645 1328 quidam
668 1257 720 1312 in
744 1257 1049 1327 iniquitate,
1084 1260 1178 1315 sed
1205 1261 1378 1331 magis
1402 1261 1681 1331 magisque
1702 1275 1845 1316 sem-

261 1363 362 1419 per
381 1349 838 1419 appropinquant,
864 1350 959 1405 sed
1003 1367 1035 1404 a
1062 1350 1171 1421 lege
1198 1362 1290 1406 tua
1322 1352 1473 1422 longe
1501 1351 1653 1407 liunt.
1698 1352 1848 1407 Licet

258 1442 371 1496 ista
395 1442 680 1511 conjuncta
703 1440 833 1505 sint,
865 1450 1043 1496 tamen
1074 1442 1215 1495 aliud
1244 1452 1328 1498 est
1352 1458 1383 1497 a
1433 1442 1550 1511 lege
1576 1443 1668 1499 Dei
1692 1443 1844 1499 elon-

258 1532 402 1602 gari,
450 1533 592 1587 aliud
637 1542 723 1588 est
764 1534 1034 1603 iniquitati
1077 1532 1527 1605 appropinquare.
1578 1537 1674 1592 Est
1701 1538 1846 1593 enim

258 1626 691 1695 appropinquare
735 1626 1039 1697 iniquitati,
1093 1628 1222 1682 vitia
1283 1629 1544 1700 diligere,
1603 1640 1658 1685 et
1704 1630 1843 1685 mala

257 1730 442 1785 agere.
483 1715 663 1787 Longe
690 1731 818 1771 vero
847 1733 875 1770 a
919 1716 1037 1788 lege
1080 1716 1171 1773 Dei
1215 1718 1354 1785 ﬁeri,
1405 1728 1490 1773 est
1517 1718 1749 1773 virtutes
1788 1728 1843 1773 et

254 1806 401 1862 bona
453 1822 618 1877 Opera
664 1808 952 1879 negligere.
1002 1808 1096 1865 Vel
1139 1806 1505 1866 necessarium
1551 1821 1634 1866 est
1660 1819 1720 1865 ut
1759 1827 1845 1865 me
1877 1795 1920 1855 Β

252 1898 519 1962 viviliccs,
540 1899 666 1969 quia
701 1919 719 1952 ‹
751 1909 1141 1971 persequentes
1170 1917 1257 1957 me
1281 1902 1848 1973 appropinquaverunt

253 1988 548 2060 iniquitati,
603 2010 621 2043 ι
674 1991 727 2046 id
770 2000 872 2058 est,
915 1993 1155 2049 volentes
1203 2008 1288 2050 me
1335 1994 1436 2049 sibi
1484 1994 1845 2060 conformare,

252 2084 632 2153 persequendo
675 2084 850 2154 magis
887 2085 1168 2155 magisque
1204 2086 1639 2157 appropinquant
1667 2086 1845 2142 defor-

252 2172 435 2229 mitati
456 2185 511 2227 et
542 2175 799 2240 tenebris,
827 2184 882 2229 et
907 2175 1065 2245 longe
1102 2177 1237 2232 liunt
1275 2193 1305 2232 a
1336 2178 1451 2251 lege
1481 2189 1571 2232 tua
1598 2197 1612 2232 :
1642 2179 1845 2234 dictum

255 2281 286 2320 a
330 2266 686 2322 similitudine
740 2266 989 2335 alicujus,
1018 2269 1109 2338 qui
1157 2279 1361 2340 quanto
1405 2271 1577 2341 magis
1610 2272 1846 2328 tenebris

253 2356 755 2427 appropinquaret,
809 2366 959 2411 tanto
1012 2360 1182 2429 magis
1229 2360 1573 2432 elongarctur
1625 2377 1655 2416 a
1702 2362 1843 2417 luce.

257 2449 435 2519 Prope
459 2467 513 2505 es
544 2461 625 2517 tu,
648 2449 887 2505 Domine.
920 2452 988 2505 Et
1008 2466 1075 2506 ne
1111 2453 1310 2523 aliquis
1338 2464 1553 2524 putaret
1582 2471 1676 2510 eos
1701 2456 1790 2525 qui
1814 2472 1845 2511 a

256 2540 375 2613 lege
405 2542 497 2596 Dei
542 2542 697 2613 longe
726 2542 881 2609 liunt,
913 2545 1077 2599 etiam
1128 2545 1170 2599 si
1216 2548 1508 2616 paeniteret
1556 2561 1672 2610 eos,
1702 2563 1841 2601 nun—

258 2649 422 2704 quam
450 2648 610 2704 posse
639 2635 705 2688 ad
728 2635 1014 2690 Dominum
1052 2636 1275 2701 reverti,
1307 2637 1437 2692 dicit
1463 2653 1476 2690 :
1508 2637 1583 2691 Ex
1616 2653 1681 2692 eo
1702 2639 1845 2707 quod

263 2726 898 2796 suntappmpinquantes
931 2727 1225 2797 iniquitati,
1261 2743 1366 2783 non
1394 2728 1592 2783 habent
1613 2743 1844 2784 excusa-

267 2818 463 2873 tionem
515 2821 670 2890 quasi
721 2835 826 2875 non
876 2828 1096 2888 possent
1149 2822 1350 2877 habere
1413 2822 1736 2891 adjutorem,
1799 2822 1842 2876 si

256 2908 458 2964 vellent
482 2910 768 2979 respicere,
814 2910 939 2979 quia
967 2920 1045 2975 tu,
1094 2910 1334 2976 Domine,
1370 2929 1528 2980 prope
1556 2929 1633 2976 es,
1663 2913 1713 2967 id
1740 2921 1841 2977 est,

254 3000 571 3057 misericors
608 3018 669 3058 es
697 3010 751 3057 et
782 3017 984 3072 pronus
1018 3003 1084 3057 ad
1130 3003 1553 3059 subveniendum
1583 3018 1599 3058 :
1642 3014 1842 3060 etcum

254 3101 313 3148 tu
347 3107 512 3163 prope
549 3092 648 3159 sis,
686 3101 743 3148 et
789 3093 861 3147 illi
912 3108 1015 3148 non
1043 3103 1448 3159 convertantur,
1487 3111 1593 3150 non
1635 3106 1718 3151 est
1749 3096 1841 3151 tibi

252 3182 650 3253 imputandum,
680 3199 803 3238 eum
836 3201 1011 3239 omnes
1039 3185 1264 3240 vinetum
1285 3187 1396 3239 sint
1425 3189 1635 3249 veritas.
1663 3187 1713 3242 id
1738 3198 1841 3254 est,

250 3285 310 3330 et
336 3274 485 3345 justa
512 3275 619 3330 sint
660 3275 860 3345 judicia
910 3284 999 3329 tua
1044 3284 1097 3331 et
1144 3291 1296 3342 vera,
1353 3277 1404 3330 in
1458 3293 1523 3333 eo
1562 3280 1677 3347 ipso
1705 3281 1844 3348 quod

253 3365 380 3420 illos
409 3382 670 3422 excaecas.
711 3366 806 3422 Vel
852 3368 924 3422 ita
957 3369 1059 3424 hac
1095 3368 1311 3434 fiducia,
1354 3378 1413 3423 ut
1441 3371 1629 3425 audias
1657 3388 1842 3427 vocem

254 3474 435 3513 meam
465 3473 593 3512 oro:
650 3460 777 3530 quia
807 3466 877 3512 tu'
905 3476 959 3513 es
990 3477 1149 3529 prope
1174 3462 1426 3515 omnibus
1474 3462 1843 3517 invocantibus

255 3558 328 3605 te.
353 3549 421 3604 Et
448 3550 567 3604 ideo
593 3551 779 3615 etiam,
803 3550 926 3620 quia
960 3567 1136 3605 omnes
1167 3553 1261 3604 vim
1286 3562 1409 3616 tum,
1450 3552 1501 3605 id
1531 3561 1633 3615 est,
1661 3554 1841 3607 omnia

251 3648 524 3710 pmoepta
557 3649 667 3705 tua,
719 3650 842 3695 sunt
895 3642 1106 3701 veritas.
1144 3641 1195 3695 id
1224 3650 1325 3707 est,
1354 3640 1524 3710 justa,
1572 3643 1721 3697 initio
1752 3660 1839 3697 co-

259 3731 429 3801 gnovi.
465 3729 586 3785 Ideo
633 3730 797 3786 etiam
844 3745 942 3786 oro
988 3740 1045 3786 ut
1097 3732 1285 3786 audias
1339 3748 1523 3786 vocem
1575 3747 1748 3786 meam
1786 3742 1845 3787 ut

251 3823 555 3879 custodiam
582 3824 833 3878 mandata
860 3832 974 3890 tua,
1000 3825 1123 3894 quia
1146 3825 1386 3893 fundasti
1407 3842 1467 3879 ea
1491 3826 1543 3877 in
1567 3836 1838 3893 internum,

249 3916 307 3971 id
334 3926 441 3985 est,
472 3916 547 3971 illi
575 3916 661 3971 cui
684 3916 953 3971 stabiliter
979 3916 1210 3972 fundasti
1239 3932 1299 3971 ea
1329 3928 1383 3972 et
1420 3918 1636 3981 dedisti,
1666 3918 1843 3974 valent

251 4007 321 4061 ad
348 4007 728 4061 aeternitatem.
758 4005 912 4073 Quod
959 4021 1024 4061 ex
1063 4009 1312 4079 opposito
1348 4009 1573 4079 cognovi
1601 4010 1665 4063 de
1694 4010 1839 4064 testi-

248 4097 443 4151 moniis
468 4097 590 4161 luis,
615 4096 755 4152 datis
786 4097 940 4151 initio
986 4098 1175 4167 primis
1222 4099 1535 4169 parentibus
1567 4101 1618 4154 in
1645 4102 1841 4170 quibus

252 4203 362 4243 non
392 4198 554 4244 erunt
579 4188 822 4255 fundata,
875 4191 1000 4260 quia
1030 4207 1134 4246 non
1178 4200 1305 4247 sunt
1345 4193 1612 4248 custodita
1642 4195 1710 4247 ah
1736 4194 1838 4249 eis.

250 4278 377 4333 Ideo
404 4278 627 4349 cognovi
673 4295 739 4334 ex
775 4281 900 4345 hoc,
931 4282 1056 4349 quia
1108 4281 1225 4337 illos
1273 4282 1326 4337 in
1378 4283 1572 4352 quibus
1617 4282 1839 4339 fundata

252 4382 402 4435 sunt,
431 4370 484 4425 id
514 4382 620 4437 est,
650 4387 679 4426 a
719 4373 914 4442 quibus
946 4374 1175 4429 ﬁrmiter
1208 4376 1607 4440 custodiuntur,
1640 4377 1841 4432 ducunt

250 4463 322 4519 ad
366 4464 533 4518 vitam
576 4474 856 4520 aeternam.
904 4464 1036 4520 Nam
1090 4466 1134 4519 si
1182 4468 1340 4536 primi
1388 4477 1639 4537 parentes
1668 4468 1837 4523 nostri

249 4564 475 4626 propter
523 4557 1005 4627 transgressionem
1052 4558 1119 4611 ah
1148 4558 1366 4613 aeternis
1412 4559 1741 4613 devenerunt
1770 4559 1839 4614 ad

251 4646 594 4717 temporalia,
621 4662 721 4701 nos
751 4656 972 4718 propter
1011 4647 1414 4703 observantiam
1462 4649 1841 4704 mandatorum

250 4736 370 4802 Dei,
399 4752 428 4790 a
462 4737 842 4807 temporalibus
868 4736 1274 4793 sublevahimur
1298 4738 1363 4792 ad
1393 4749 1619 4793 aeterna.

328 4848 350 4881 ι
393 4827 525 4884 Res.
559 4858 630 4869 -—
658 4828 794 4884 Vide
837 4829 1191 4883 humilitatem
1234 4844 1408 4884 meam
1450 4840 1505 4885 et
1553 4830 1702 4900 eripe
1732 4847 1839 4898 me,

256 4938 276 4970 ι
322 4919 446 4989 quia
476 4919 646 4990 legem
695 4928 840 4974 tuam
899 4936 1002 4975 non
1035 4936 1152 4974 sum
1197 4919 1416 4975 oblitus.
1468 4919 1656 4978 Judica
1690 4921 1839 4992 judi-

252 5031 276 5065 ι
324 5012 468 5066 cium
490 5027 668 5068 meum
698 5021 752 5067 et
780 5012 983 5066 redime
1007 5027 1111 5075 me,
1136 5021 1357 5082 propter
1384 5013 1655 5084 eloquium
1689 5025 1839 5071 tuum

251 5121 276 5158 ς
321 5102 532 5158 vivilica
578 5118 684 5159 me.
727 5102 911 5173 Longe
956 5118 984 5156 a
1055 5105 1431 5173 peccatoribus
1499 5106 1665 5171 salus,
1713 5108 1836 5177 quia

254 5214 275 5245 ε
316 5193 732 5263 justiticationes
779 5204 901 5249 tuas
946 5210 1052 5250 non
1105 5196 1497 5264 exquisierunt.
1534 5196 1839 5254 Misericor—

252 5308 270 5339 s
320 5288 423 5342 dim
447 5296 551 5342 tua:
574 5287 773 5349 multae,
805 5286 1050 5349 Domine,
1080 5286 1376 5340 secundum
1393 5286 1654 5355 judicium
1685 5298 1837 5343 tuum

251 5397 274 5431 ε
321 5377 534 5434 viviﬁca
564 5392 670 5432 me.
704 5378 853 5431 Multi
894 5378 985 5448 qui
1036 5386 1439 5446 persequuntur
1469 5394 1556 5433 me
1580 5389 1634 5433 et
1667 5380 1837 5435 tribu-

253 5488 274 5521 ι
320 5468 435 5525 lant
489 5483 596 5535 me,
639 5486 669 5524 a
717 5468 1038 5523 testimoniis
1068 5468 1176 5522 tuis
1223 5483 1328 5521 non
1378 5469 1664 5525 declinavi.
1716 5472 1838 5527 Vidi

252 5580 273 5612 ι
320 5562 759 5632 ρτωνίιτίωηῑρς,
808 5569 864 5616 et
905 5559 1266 5621 tabescebam,
1321 5558 1446 5628 quia
1483 5558 1697 5629 eloquia
1748 5570 1838 5616 tua

255 5672 275 5704 σ
321 5669 428 5708 non
486 5654 875 5711 custodierunt.
932 5651 1067 5707 Vide
1125 5650 1380 5721 quoniam
1431 5651 1679 5704 mandata
1747 5660 1835 5706 tua

254 5766 274 5798 ι
319 5748 502 5811 dilexi,
542 5749 780 5817 nomine1|
836 5750 884 5803 in
938 5747 1305 5811 misericordia
1358 5757 1446 5804 tua
1490 5747 1699 5803 viviﬁca
1731 5764 1835 5805 me.

1936 546 1975 578 »ι
2020 530 2420 609 omniajudicia
2438 536 2663 607 justitim
2696 547 2817 595 tune.
2868 557 2885 590 ι

2514 629 2973 685 ENARRATIO.

2020 717 2099 773 Ne
2131 719 2405 776 videretur
2426 721 2527 777 iste
2556 721 2728 777 ﬁdelis
2756 738 2821 777 ex
2849 723 3159 793 arrogantia
3187 722 3311 777 talia
3340 722 3533 779 merita

1950 811 2314 880 prOposnisse,
2357 828 2479 867 cum
2521 814 2691 869 dicit:
2724 833 2743 866 ι
2781 814 3035 880 clamavi,
3080 814 3393 883 praiveniiu
3421 829 3533 868 ma-

1950 904 2194 971 turitate,
2226 917 2605 977 praevenerunt
2645 907 2786 962 Oculi
2834 907 2965 972 mei,
3007 925 3025 957 ι
3059 904 3337 975 subjungit
3363 904 3535 959 humi-

1948 995 2178 1063 litatem,
2206 1014 2324 1069 qua:
2351 1008 2510 1068 caput
2539 1007 2594 1053 et
2627 1001 2779 1068 origo
2807 1008 2860 1053 et
2889 998 3013 1054 linis
3048 1006 3131 1054 est
3156 998 3398 1052 omnium
3426 996 3535 1052 vir-

1952 1095 2148 1153 tutum,
2198 1098 2254 1145 et
2305 1089 2542 1161 singulas
2596 1090 2897 1145 confirmat.
2950 1089 3103 1145 Sicut
3152 1089 3296 1143 enim
3346 1103 3535 1143 omnes

1950 1194 2143 1235 sensus
2168 1180 2348 1251 vigent
2375 1197 2440 1236 ex
2470 1183 2667 1251 capite,
2700 1198 2806 1253 quo
2835 1182 3037 1246 ablato,
3066 1195 3263 1250 corpus
3292 1187 3537 1237 remanet

1950 1280 2173 1326 truncus
2209 1273 2324 1327 sine
2363 1272 2602 1338 nomine,
2639 1274 2711 1327 ita
2756 1287 2945 1327 omnes
2975 1272 3204 1326 virtutes
3254 1271 3438 1340 vigent
3468 1285 3534 1324 ex

1950 1360 2275 1428 humilitate,
2325 1378 2429 1433 qua
2479 1362 2705 1425 sublata,
2754 1372 2963 1419 caetera:
3010 1376 3110 1416 nec
3136 1360 3366 1415 virtntcs
3412 1369 3538 1415 sunt

1949 1452 2310 1507 nominandae.
2340 1453 2444 1508 Iste
2473 1452 2843 1508 conformatus
2871 1452 3033 1522 capiti
3062 1451 3204 1522 quod
3242 1450 3296 1504 in
3320 1448 3537 1503 humili-

1950 1551 2060 1599 tate
2115 1544 2413 1614 praxcessit,
2462 1555 2516 1599 et
2568 1544 2739 1616 legem
2788 1544 2955 1614 ipsius
3004 1542 3321 1598 humilitatis
3370 1540 3536 1603 dedit,

1948 1644 2069 1688 orat
2111 1643 2170 1687 ut
2219 1633 2483 1689 Dominus
2524 1647 2648 1689 eum
2696 1633 2892 1703 eripiat
2920 1648 2948 1685 a
2974 1631 3442 1703 persequentibus,
3472 1644 3538 1682 no

1947 1724 2244 1780 consimilis
2271 1725 2352 1781 eis
2379 1724 2680 1780 eliiciatur:
2727 1734 2783 1779 et
2812 1733 2870 1778 ut
2914 1725 2967 1778 in
3012 1722 3193 1777 futuro
3236 1721 3535 1777 secundum

1949 1816 2361 1887 promissionem
2405 1832 2558 1871 suam
2596 1816 2833 1871 viviticet
2875 1828 3021 1881 eum,
3055 1813 3341 1885 praetendit
3365 1814 3540 1883 ipsam

1947 1907 2330 1974 humilitatem,
2362 1908 2440 1963 sic
2468 1908 2654 1963 dicens
2679 1926 2691 1961 :

2028 1996 2156 2053 Vide
2194 1999 2539 2053 humilitate»:
2584 2015 2769 2052 meam.
2814 1996 3061 2063 Domine,
3093 2010 3216 2051 vtae
3251 1995 3535 2051 humilita-

1948 2098 2057 2145 tem
2105 2106 2281 2145 meam
2320 2090 2388 2145 ad
2436 2092 2557 2155 hoc,
2589 2101 2648 2144 ut
2685 2099 2933 2159 respectu
2983 2089 3128 2144 illius
3170 2088 3368 2159 eripias
3398 2102 3483 2141 me
3508 2105 3538 2142 a

1945 2182 2436 2253 persequentibus;
2502 2183 2627 2252 quia
2686 2181 3184 2251 appropinquantes
3244 2179 3539 2250 iniquitati.

1945 2273 2133 2327 volunt
2184 2288 2270 2328 me
2299 2272 2640 2328 conformare
2684 2272 2819 2327 sibi:
2848 2282 2905 2325 et
2935 2272 3055 2326 ideo
3100 2271 3239 2340 eripe
3272 2287 3372 2333 me,
3414 2270 3539 2340 quia

1946 2364 2107 2436 legem
2146 2376 2291 2419 tuam
2322 2383 2425 2420 non
2453 2382 2569 2419 sum
2596 2364 2809 2429 oblitus,
2836 2364 2887 2419 id
2914 2372 3018 2429 est,
3049 2364 3222 2433 ipsam
3254 2361 3533 2418 humilita-

1946 2468 2076 2523 tem,
2104 2474 2265 2529 quam
2296 2466 2351 2513 tu
2399 2468 2454 2514 et
2488 2459 2666 2514 verbis
2701 2458 3027 2529 praecepisti,
3058 2456 3283 2512 dicens:
3332 2455 3529 2509 Discite

1947 2568 1978 2603 a
2020 2566 2120 2613 me,
2168 2550 2292 2620 quia
2341 2551 2484 2603 mitis
2512 2566 2628 2604 sum
2671 2559 2718 2604 et
2746 2549 2961 2604 humilis
2988 2550 3143 2605 corde
3164 2548 3379 2620 (Manli.
3408 2548 3485 2617 ιι)
3518 2563 3532 2599 :

1946 2649 1998 2694 et
2030 2641 2278 2710 exemplo
2304 2642 2606 2707 ostendisti,
2637 2642 2852 2711 quando
2884 2651 2936 2696 te
2956 2639 3249 2695 humiliasti
3278 2639 3344 2693 ad
3382 2654 3540 2693 mor-

1948 2740 2077 2797 tem,
2124 2744 2179 2787 et
2217 2748 2491 2803 nunquam
2522 2733 2794 2788 tradidisti
2825 2732 3101 2787 oblivioni.
3134 2731 3199 2785 Et
3229 2743 3298 2785 ne
3323 2729 3539 2784 videre-

1945 2830 2035 2878 tur
2059 2835 2216 2877 orare
2240 2822 2313 2876 ita
2336 2822 2497 2893 eripi,
2529 2831 2590 2877 ut
2614 2822 2760 2877 nullo
2788 2822 2949 2877 modo
2971 2822 3201 2892 amplius
3229 2830 3535 2890 pateretur,

1945 2913 2169 2981 exponit
2217 2912 2330 2967 ita:
2380 2912 2575 2967 Judica
2609 2914 2875 2983 judicium
2916 2928 3107 2967 meum.
3160 2911 3277 2965 Non
3327 2925 3425 2965 oro
3458 2910 3540 2965 sie

1944 3002 2104 3073 eripi,
2131 3013 2190 3057 ut
2214 3002 2345 3057 nihil
2374 3003 2553 3072 patiar
2578 3044 2593 3067 ,
2625 3003 2805 3072 potius
2824 3002 3003 3072 judica
3036 3002 3123 3056 hic
3146 3000 3251 3055 tale
3271 2998 3537 3068 judicium

1946 3093 2087 3165 quod
2110 3094 2181 3148 sit
2212 3110 2402 3161 meum,
2455 3094 2509 3149 id
2532 3102 2637 3161 est,
2669 3094 2799 3148 mihi
2844 3093 3193 3157 conveniens,
3236 3091 3289 3147 id
3317 3099 3421 3155 est,
3456 3089 3540 3144 lac

1947 3201 2034 3241 me
2059 3188 2150 3256 qui
2180 3202 2367 3243 servus
2396 3196 2521 3243 tuus
2559 3202 2680 3241 sum
2721 3187 2807 3241 hic
2831 3186 3109 3257 ﬂagellari,
3136 3201 3205 3241 ne
3225 3182 3441 3253 judicer
3471 3182 3525 3236 in

1945 3279 2148 3334 futuro.
2208 3280 2339 3334 Nam
2392 3295 2499 3334 non
2550 3279 2691 3333 servi
2721 3278 2793 3330 tui
2824 3278 2912 3331 hic
2956 3276 3231 3341 ﬂorentes,
3263 3276 3318 3330 in
3356 3274 3539 3328 futuro

1944 3379 2070 3424 sunt
2093 3367 2391 3437 iudicandi.
2421 3368 2550 3423 Plus
2594 3368 2743 3430 dicit,
2768 3366 2954 3435 judica
2982 3365 3259 3430 iudicium,
3292 3378 3454 3433 quam
3486 3361 3534 3416 si

1943 3459 2172 3523 diceret,
2204 3458 2312 3513 Fac
2332 3459 2614 3529 judicium.
2658 3456 2807 3511 Multi
2838 3457 2985 3512 enim
3015 3456 3221 3511 faciunt
3241 3453 3531 3522 judicium,

1943 3548 2032 3616 qui
2066 3548 2167 3602 hoc
2204 3549 2347 3616 quod
2390 3546 2740 3617 judicandum
2777 3554 2861 3601 est
2909 3553 3303 3615 exsequuntur,
3345 3552 3538 3600 etnon

1936 3637 2200 3705 jndicant.
2232 3634 2303 3690 Et
2340 3636 2534 3690 redime
2556 3653 2638 3690 me
2666 3635 2869 3692 scilicet
2894 3650 2924 3690 a
2950 3634 3132 3690 futura
3155 3635 3525 3690 damnatione.

1943 3730 2008 3784 Et
2036 3746 2140 3784 non
2188 3737 2393 3783 tantum
2450 3729 2655 3783 redime
2703 3744 2810 3792 me,
2840 3727 2936 3783 sed
2976 3728 3142 3783 etiam
3196 3728 3395 3796 vivi/ica
3434 3743 3537 3791 me,

1942 3823 1994 3877 id
2025 3831 2132 3887 est,
2167 3822 2336 3877 vitam
2360 3831 2618 3877 aeternam
2652 3822 2717 3876 da
2742 3821 2872 3876 mihi
2898 3821 3194 3876 secundum
3223 3821 3536 3891 promissio-

1941 3930 2066 3971 nem
2098 3924 2267 3970 tuam.
2299 3913 2474 3985 Longe
2503 3932 2537 3968 a
2577 3914 2934 3984 peccatoribus
2963 3913 3129 3968 salus.
3161 3913 3371 3968 Revera
3401 3912 3538 3967 vivi-

1944 4006 2132 4063 ﬁcabis
2179 4021 2268 4061 me
2294 4016 2351 4061 et
2379 4006 2609 4062 salutem
2647 4005 2782 4061 mihi
2810 4004 3195 4075 dabis,'quem
3220 4004 3531 4059 tribulatio-

1943 4100 2103 4155 nibus
2130 4100 2401 4170 castigare
2454 4097 2736 4168 dignaris;
2788 4096 2885 4153 sed
2909 4111 2939 4150 a
2978 4096 3356 4167 peccatoribus
3379 4094 3539 4165 longe

1942 4200 2026 4245 est
2056 4192 2155 4245 ista
2201 4190 2371 4255 salus,
2414 4204 2550 4260 quos
2578 4189 2807 4260 negligis
2832 4204 2928 4258 pro
2951 4189 3189 4259 peccatis
3223 4187 3372 4241 suis:
3400 4190 3526 4258 quia

1934 4284 2344 4352 justiﬁcationes
2387 4291 2528 4347 luas,
2586 4282 2639 4336 id
2698 4289 2821 4345 est,
2883 4280 3261 4334 tribulationes
3316 4278 3537 4333 easdem

1942 4376 2140 4444 quibus
2166 4383 2287 4429 tuos
2309 4372 2598 4442 justilicas,
2646 4388 2752 4426 non
2779 4372 3158 4442 eaquisierunt,
3207 4369 3260 4422 id
3292 4377 3398 4434 est,
3426 4383 3534 4422 non

1943 4465 2270 4521 dilexerunt.
2304 4462 2680 4516 Misericordia:
2701 4472 2806 4514 tute
2834 4459 3036 4525 multa,
3054 4458 3291 4512 Domine.
3315 4457 3393 4513 Ne
3416 4456 3537 4521 quis

1944 4562 2195 4624 peccator
2223 4553 2488 4622 desperet,
2526 4550 2650 4620 quia
2692 4550 2892 4605 dictum
2928 4558 3031 4613 e~t,
3074 4548 3275 4618 longea
3297 4556 3537 4616 peccato-

1946 4646 2088 4699 ribus
2112 4644 2277 4709 salus,
2302 4642 2577 4712 subjungit
2605 4659 2619 4694 :
2662 4638 2707 4696 0
2743 4639 2989 4704 Domine,
3009 4638 3387 4691 misericordia:
3422 4647 3530 4691 tute

1944 4743 2123 4797 multm
2152 4752 2294 4807 sunt,
2321 4741 2375 4795 id
2405 4749 2506 4803 est,
2542 4737 2863 4807 multiplices
2910 4735 3153 4789 converti
3185 4733 3528 4788 volentibus:

1943 4842 1998 4889 et
2019 4833 2164 4896 ideo,
2196 4832 2400 4899 rivi/ica
2439 4846 2521 4883 me
2547 4828 2831 4882 secundum
2857 4825 3121 4896 judicium
3150 4835 3321 4889 tuum,
3350 4825 3401 4877 id
3426 4832 3533 4888 est,

1944 4926 2237 4982 secundum
2268 4925 2367 4978 hoc
2394 4922 2535 4991 quod
2552 4920 2699 4988 juste
2724 4918 2938 4988 indicas
2973 4917 3121 4971 illum
3146 4913 3533 4982 esse'judican—

1942 5019 2091 5080 dum,
2118 5017 2209 5085 qui
2236 5032 2265 5070 a
2290 5014 2519 5084 pueritia
2549 5013 2629 5067 vel
2663 5012 2730 5066 ab
2755 5009 3118 5065 adolescentia
3143 5009 3196 5062 in
3228 5006 3533 5071 humilitate

1940 5119 1995 5164 ct
2028 5110 2148 5165 aliis
2175 5108 2449 5179 praedictis
2474 5113 2803 5176 perseveret.
2830 5103 2988 5158 Multi
3031 5103 3121 5173 qui
3154 5109 3533 5170 persequuntur

1943 5220 2043 5267 me,
2078 5212 2125 5256 et
2147 5200 2399 5255 tribulam
2430 5215 2529 5252 me.
2574 5196 2797 5251 Vivilica
2845 5212 2933 5251 me
2960 5194 3122 5250 etiam
3151 5198 3370 5261 propter
3399 5190 3522 5253 hoc,

1942 5294 2065 5363 quia
2098 5309 2201 5347 non
2245 5290 2502 5345 declinavi
2543 5306 2576 5342 a
2607 5288 2912 5342 testimoniis
2937 5286 3061 5347 tuis,
3106 5298 3229 5338 cum
3262 5279 3415 5334 multi
3442 5292 3530 5333 me

1942 5390 2422 5455 persequerentur,
2464 5394 2586 5435 cum
2630 5377 2880 5444 lugarent
2908 5375 2974 5429 de
3015 5370 3312 5428 civitatein
3340 5368 3531 5427 civita—

1943 5486 2070 5539 tem,
2105 5483 2161 5528 et
2217 5472 2541 5527 tribularent
2580 5468 2879 5539 allligendo.
2942 5464 3059 5517 Vidi
3100 5460 3526 5533 prmvaricanles,

1942 5574 1997 5619 et
2044 5565 2167 5620 ideo
2220 5562 2646 5633 fuiﬁpersistens
2703 5560 2754 5612 in
2809 5556 3129 5611 testimoniis
3188 5553 3334 5607 tuis:
3383 5553 3526 5621 quod

1940 5655 2104 5709 etiam
2139 5654 2267 5724 ipsis
2309 5651 2758 5721 persequentibus
2802 5660 2856 5703 et
2910 5645 3292 5701 tribulantihus
3321 5642 3523 5698 condo-

1942 5750 2013 5805 lui
2045 5765 2108 5803 ex
2147 5744 2451 5803 dilectione.
2486 5743 2551 5800 Et
2580 5743 2681 5799 hoc
2706 5752 2782 5797 est
2816 5741 2957 5811 quod
2996 5739 3143 5796 dicit.
3188 5736 3304 5791 Vidi
3327 5751 3528 5802 prera-
