4034 6428
605 288 708 344 765

1253 295 1508 352 REMIGH
1547 295 2201 356 ANTISSIODORENSIS
2239 295 2389 356 OPP.
2431 298 2676 358 PARS].
2717 337 2787 344 —-
2823 299 3254 379 EXEGETICA;

3765 327 3848 380 765

604 408 846 472 ricantes,
897 408 949 462 id
1000 417 1102 474 est,
1154 411 1490 468 consideravi
1536 423 1591 468 et
1635 414 1873 469 intellexi
1906 412 2179 468 miseriam
2204 411 2257 470 Α
2284 410 2518 470 hominis
2542 416 2822 473 erubescet
2859 420 3010 486 (Luc.
3052 423 3147 493 ix).
3188 445 3208 476 ι
3238 425 3328 479 Ab
3355 425 3444 480 his
3470 430 3646 486 verbis
3685 435 3854 495 talibus

605 507 1008 568 persecutorum
1061 513 1323 568 meorum,
1373 502 1504 572 legis
1554 511 1657 558 tua:
1702 514 2179 573 transgressurum,

605 597 662 642 et
720 604 786 642 ex
827 589 1299 648 commiseratione
1338 593 1609 660 contabui,
1660 611 1765 649 non
1820 605 2038 665 propter
2081 597 2183 650 hoc

605 679 732 749 quia
790 681 1057 750 persecuti
1108 693 1236 738 sunt
1283 699 1390 750 me,
1447 686 1541 742 sed
1589 706 1606 738 ι
1653 687 1777 756 quia
1829 687 2039 757 eloquia
2095 697 2182 741 tua

580 785 710 831 ,non
761 772 1153 829 custodierunt.
1197 774 1329 831 Vide
1383 776 1638 845 quoniam
1671 777 1921 830 mandata
1964 786 2053 830 tua
2098 778 2183 832 di-

605 859 730 914 lexi.
783 879 802 914 ›
835 861 902 916 Ει
933 865 1073 933 quod
1105 879 1212 919 non
1239 864 1521 932 declinavi,
1561 875 1612 921 te
1649 867 1822 923 habeo
1855 875 2077 933 testem;
2105 877 2179 931 tu,

608 952 856 1018 Domine,
886 956 1006 1010 vide
1031 956 1154 1026 quia
1179 956 1359 1011 omnia
1389 958 1558 1024 vides,
1591 960 1845 1030 quoniam
1875 977 1979 1016 non
2009 960 2182 1015 solum

605 1058 636 1095 a
671 1043 991 1099 testimoniis
1023 1045 1127 1100 tuis
1151 1062 1256 1102 non
1293 1047 1575 1112 declinavi,
1607 1049 1698 1103 sed
1729 1049 1891 1103 etiam
1931 1049 2182 1104 mandata

607 1142 695 1187 tua
726 1134 920 1202 dilexi;
957 1138 1102 1207 quod
1142 1139 1312 1194 multo
1349 1139 1520 1208 majus
1557 1149 1658 1196 est.
1702 1141 1768 1197 Et
1803 1143 1930 1212 quia
1979 1143 2186 1198 meritis

603 1227 740 1282 meis
768 1230 1092 1298 supradictis
1113 1233 1178 1284 ad
1203 1232 1305 1286 hoc
1335 1247 1440 1286 non
1467 1233 1690 1297 sufﬁcio,
1727 1244 1786 1288 ut
1811 1235 2049 1290 vivilices
2073 1251 2181 1301 me,

604 1322 684 1380 tu,
717 1315 960 1384 Domine,
1001 1320 1434 1376 consideratione
1478 1323 1858 1380 misericordia:
1902 1334 2022 1389 tute,
2061 1326 2186 1380 vivi—

599 1408 706 1477 ]ica
750 1427 830 1464 me
870 1411 981 1465 vita
1016 1422 1239 1467 interna.
1276 1411 1601 1485 Principium
1635 1415 1904 1470 verborum
1948 1427 2180 1472 tuorum.

601 1497 728 1553 ideo
772 1509 952 1554 autem
1001 1500 1160 1556 dilexi
1205 1503 1453 1557 mandata
1503 1512 1614 1571 tua,
1648 1505 1771 1574 quia
1821 1521 1924 1560 non
1966 1517 2185 1578 propter

601 1588 888 1645 utilitatem
923 1599 1069 1646 tuam
1093 1607 1154 1647 ea
1188 1592 1300 1648 fieri
1332 1595 1656 1666 praecepisti,
1687 1598 1779 1653 sed
1807 1607 2043 1668 propter,
2079 1599 2182 1656 hoc

599 1680 726 1748 quia
755 1681 1068 1752 principium
1095 1685 1362 1739 verborum
1393 1695 1622 1752 tuorum,
1655 1688 1709 1742 id
1736 1697 1839 1755 est,
1869 1691 2185 1762 principalis

601 1779 653 1825 et
680 1786 889 1828 summa
918 1774 1142 1831 intentio
1179 1777 1416 1848 ipsorum
1459 1779 1836 1836 mandatorum
1863 1793 1947 1838 est
1972 1785 2179 1849 veritas,
2215 1760 2260 1819 Β

600 1862 654 1917 id
690 1873 792 1930 est,
830 1865 974 1933 justa
1015 1878 1281 1940 praecepta
1308 1871 1430 1925 data
1459 1881 1585 1927 sunt
1607 1888 1637 1927 a
1663 1881 1735 1929 te.
1772 1873 1877 1930 Alii
1909 1891 1973 1931 ea
2012 1876 2184 1932 solent

596 1955 878 2029 injungere
906 1961 1077 2016 servis
1104 1963 1216 2018 suis
1254 1977 1542 2036 praecepta,
1572 1982 1691 2036 quae
1721 1968 1788 2023 ad
1828 1983 1979 2023 suam
2017 1971 2184 2039 respi-

598 2049 747 2103 ciunt
777 2049 1084 2106 utilitatem.
1112 2053 1254 2110 Deus
1284 2071 1411 2111 vero
1436 2072 1499 2112 ea
1543 2057 1792 2127 injungit,
1822 2075 1944 2129 qua:
1984 2059 2178 2115 facien-

598 2138 742 2196 tibus
767 2151 892 2196 sunt
913 2142 1087 2208 utilia,
1109 2160 1212 2199 non
1241 2147 1342 2201 sibi
1371 2165 1382 2199 :
1411 2148 1464 2201 in
1487 2161 1736 2202 azternum
1763 2150 1936 2203 omnia
1949 2151 2178 2220 judicia,

585 2226 810 2297 justitiw
847 2241 975 2298 luat,
1021 2234 1072 2289 id
1101 2242 1206 2299 est,
1233 2237 1411 2290 omnia
1445 2248 1711 2308 prmcepta
1757 2248 1848 2294 tua
1881 2255 2001 2310 qua:
2038 2241 2182 2311 juste

597 2319 715 2376 fieri
741 2320 953 2390 judicas
987 2323 1134 2393 justa
1169 2336 1295 2384 sunt
1329 2346 1344 2383 :
1381 2339 1436 2384 et
1464 2331 1578 2402 ipsa
1616 2332 1869 2388 similiter
1896 2335 2179 2388 observata

598 2409 799 2465 ducunt
825 2412 878 2466 in
907 2417 1285 2474 aeternitatem.

669 2500 784 2556 Sm.
815 2534 883 2544 —
908 2523 926 2555 ι
955 2504 1234 2578 Principes
1257 2513 1525 2580 persecuti
1561 2523 1688 2569 sunt
1709 2531 1794 2569 me
1823 2515 2010 2587 gratis,
2057 2524 2108 2572 et
2147 2533 2178 2570 a

603 2609 622 2642 ε
668 2593 847 2649 verbis
871 2598 971 2654 tuis
989 2599 1296 2656 formidavit
1318 2618 1412 2658 cor
1425 2619 1622 2658 meum.
1641 2605 1888 2662 Laitabor
1899 2623 1997 2678 ego
2017 2623 2181 2677 super

600 2702 621 2734 ι
666 2685 876 2757 eloquia
911 2698 1022 2756 tua,
1049 2692 1189 2748 sicut
1216 2694 1305 2763 qui
1329 2695 1534 2750 invenit
1561 2697 1728 2767 spolia
1757 2698 1942 2753 multa.
1975 2699 2176 2770 Iniqui-

598 2793 616 2826 ι
667 2785 829 2832 tatem
851 2780 976 2834 odio
998 2781 1158 2838 habui
1185 2793 1240 2838 et
1265 2784 1606 2842 abominatus
1630 2804 1771 2852 sum,
1799 2789 1972 2860 legem
1996 2801 2176 2846 autem

599 2887 619 2920 ι
668 2881 813 2926 tuam
845 2873 1027 2929 dilexi.
1059 2874 1270 2946 Septies
1299 2878 1353 2933 in
1385 2879 1470 2934 die
1499 2880 1710 2936 laudem
1743 2881 1852 2936 dixi
1889 2883 1980 2937 tibi
2016 2899 2179 2954 super
2206 2885 2209 2887 ’

597 2984 615 3015 ι
654 2963 858 3034 judicia
877 2969 1104 3038 justitize
1132 2980 1255 3027 tute.
1286 2971 1395 3027 Pax
1425 2974 1590 3028 multa
1623 2975 1968 3046 diligentibus
2006 2978 2176 3046 legem

595 3075 615 3108 ι
662 3066 829 3127 tuam,
895 3067 952 3114 et
998 3076 1102 3116 non
1142 3071 1224 3117 est
1263 3063 1367 3118 illis
1413 3065 1744 3120 scandalum.
1787 3066 2174 3136 Exspectabam

2287 505 2552 561 intantum
2594 507 2902 566 formidavit
2940 529 3033 568 cor
3058 532 3268 582 meum,
3297 526 3360 572 ut
3397 527 3678 590 praesentis
3701 545 3847 598 ptem:

2288 594 2630 653 formidinem
2679 604 2900 657 omnino
2943 607 3264 675 expelleret.
3309 609 3560 667 Laetabor
3596 634 3683 686 ego
3702 594 3850 692 super

2285 689 2487 761 eloquia
2521 703 2631 747 tua.
2657 694 3017 755 Considerans
3053 716 3187 774 ergo
3211 715 3554 773 praesentem
3587 689 3849 776 tribulatio?

2285 798 2406 836 nem
2434 782 2604 840 levem
2629 795 2683 840 et
2707 799 3157 858 momentaneam,
3189 804 3248 849 et
3270 799 3434 866 quasi
3461 816 3562 868 pro
3581 805 3737 861 nihilo
3751 823 3848 865 eam

2285 884 2561 944 reputans,
2598 879 2664 934 ad
2703 885 3163 951 comparationem
3209 889 3418 946 futura:
3443 893 3787 956 damnationis
3808 906 3848 958 in

2284 965 2430 1019 omni
2458 971 2828 1035 persecutione
2857 985 3110 1031 constans
3134 982 3445 1048 permansi.
3467 983 3534 1038 Et
3565 987 3679 1042 ideo
3705 993 3850 1048 adhuc

2285 1058 2532 1113 mortalis
2551 1069 2608 1114 et
2631 1059 2836 1132 fragilis
2855 1063 3010 1120 laetor
3029 1075 3084 1122 et
3101 1068 3516 1143 [relaborsuper
3537 1076 3732 1149 eloquia
3755 1094 3846 1147 (tto,

2285 1147 2340 1202 id
2376 1157 2482 1215 est,
2523 1161 2785 1208 contuens
2820 1157 3210 1224 promissiones
3251 1170 3398 1225 tuas,
3423 1147 3856 1233 quibusldixisti:

2291 1253 2310 1286 c
2351 1235 2501 1294 Beati
2540 1241 2630 1310 qui
2669 1247 3101 1312 persecutionem
3138 1251 3441 1320 patiuntur.
3468 1265 3682 1326 propter
3717 1261 3846 1331 justi-

2288 1331 2416 1387 tiam
2451 1332 2665 1405 (Matth.
2693 1336 2769 1407 v).
2826 1357 2846 1390 ι
2873 1338 2979 1394 Et:
3023 1341 3174 1397 Beati
3212 1346 3370 1400 eritis
3403 1365 3530 1404 cum
3561 1366 3646 1410 vos
3679 1356 3844 1408 oderim

2283 1411 2517 1478 homines
2541 1425 2690 1498 (Luc.
2711 1427 2814 1497 vn),
2843 1437 2948 1486 etc.
2973 1431 3152 1503 Super
3172 1433 3316 1490 tales
3337 1437 3722 1504 promissiones
3745 1458 3843 1500 cnn-

2288 1526 2443 1574 tuens
2461 1535 2559 1590 ego
2576 1522 2641 1576 ad
2664 1522 3071 1580 similitudinem
3093 1527 3330 1599 alicujus
3347 1530 3443 1601 qui
3463 1547 3705 1604 magnam
3721 1551 3846 1604 pecn-

2285 1611 2432 1666 niam
2475 1613 2756 1670 invenerit.
2788 1613 2884 1670 Vel
2913 1617 2998 1672 his
3033 1635 3188 1685 super
3210 1620 3438 1693 eloquia
3475 1633 3568 1677 tua
3608 1624 3840 1687 fundatus.

2286 1702 2504 1757 lwtabor
2533 1705 2582 1759 itt
2623 1703 2824 1771 futuro,
2855 1715 3039 1777 utpote
3061 1710 3151 1779 qui
3178 1712 3384 1767 invenit
3417 1715 3585 1786 spolia
3605 1716 3779 1781 multa,
3803 1719 3840 1770 id

2285 1802 2389 1858 est,
2434 1795 2780 1866 multiplicem
2817 1797 3042 1870 gloriam
3079 1803 3234 1873 regni
3271 1805 3524 1862 caelestis
3554 1807 3720 1878 :qnod
3744 1821 3838 1878 apte

2286 1885 2515 1954 spolium
2555 1887 2771 1954 dicitur,
2827 1891 2948 1960 quia
2976 1892 3026 1946 vi
3069 1895 3308 1962 quadam
3351 1897 3834 1966 acquiriturzjuxta

2285 1974 2433 2029 illud.
2477 1995 2495 2028 ‹
2547 1976 2787 2048 Regnum
2836 1981 3095 2037 caelorum
3137 1982 3250 2038 vim
3291 1986 3522 2055 patitur,
3570 1996 3623 2042 et
3661 1989 3833 2042 violenti

2285 2065 2500 2134 rapiunt
2525 2067 2649 2122 illud
2681 2067 2895 2140 (Matth.
2921 2074 3021 2140 xl).
3063 2092 3082 2125 ι
3109 2072 3237 2129 Ideo
3268 2085 3459 2132 autem
3491 2077 3635 2140 dicit,
3662 2080 3830 2139 interiit,

2282 2155 2408 2224 quia
2463 2157 2665 2212 nullum
2729 2160 2980 2215 meritum
3033 2163 3100 2218 ad
3155 2164 3314 2220 illam
3371 2165 3597 2237 gloriam
3634 2168 3830 2223 sufﬁcere

2283 2257 2480 2318 potest,
2516 2250 2616 2306 nisi
2650 2251 2698 2306 ei
2731 2251 2887 2307 detur
2914 2253 3093 2308 divina
3130 2255 3514 2313 miseratione.
3543 2257 3825 2330 lniquitatem

2282 2339 2401 2392 odio
2433 2340 2613 2394 habui.
2656 2340 2808 2397 Nunc
2857 2342 3161 2399 ostenditur
3208 2347 3458 2416 qualiter
3495 2348 3582 2402 illa
3622 2349 3825 2418 praedicta

2283 2429 2384 2484 sibi
2423 2431 2532 2486 sint
2570 2432 2854 2488 medicina.
2895 2434 2978 2488 Ad
3027 2436 3130 2490 hoc
3165 2437 3318 2493 valet
3355 2439 3492 2494 mihi
3545 2440 3817 2509 persecutio.

2281 2523 2422 2592 quod
2447 2539 2543 2593 per
2564 2523 2705 2578 illam
2740 2525 3053 2597 castigatus,
3088 2525 3203 2596 jam
3237 2529 3368 2586 odio
3410 2530 3582 2588 habeo
3614 2532 3811 2600 iniquita-

2285 2622 2389 2670 tem
2405 2630 2501 2684 pro
2521 2631 2625 2685 qua
2642 2617 2961 2688 castigabar.
2986 2617 3178 2689 Etplus
3200 2621 3342 2677 dicit
3356 2622 3522 2677 etiam
3536 2622 3804 2676 Abominatus

2281 2723 2418 2770 sum,
2448 2708 2573 2777 quia
2598 2708 2727 2762 mihi
2755 2709 2982 2765 nefanda
3004 2711 3118 2766 visa
3145 2722 3253 2768 est.
3283 2713 3355 2769 Et
3383 2730 3493 2770 non
3521 2724 3698 2770 tantum
3717 2713 3802 2764 odio

2279 2791 2440 2852 habui
2474 2800 2818 2869 iniquitatem,
2863 2801 2956 2856 sed
2995 2802 3158 2858 etiam
3209 2803 3380 2876 legem
3425 2815 3567 2860 tuam
3607 2805 3750 2864 dilexi,
3770 2801 3806 2854 id

2279 2895 2380 2954 est,
2409 2889 2695 2945 dilectione
2719 2905 2838 2945 eam
2883 2891 3167 2963 complevi.
3200 2892 3410 2965 Septies
3433 2897 3485 2949 in
3520 2896 3618 2949 die.
3653 2893 3707 2946 Et
3739 2905 3805 2959 ego.

2280 2978 2354 3033 ita
2381 2989 2600 3035 curatus
2622 2981 2674 3034 in
2701 2983 3097 3050 persecutione,
3139 2993 3198 3039 ut
3231 2986 3569 3056 iniquitatem
3608 2985 3713 3039 odio
3743 2984 3797 3036 ln-

2277 3068 2511 3136 huerim,
2541 3080 2596 3126 et
2626 3071 2795 3141 legem
2840 3081 2985 3128 tuam
3018 3075 3324 3143 dilexerim,
3357 3078 3469 3132 dixi
3507 3077 3594 3129 tibi
3629 3073 3801 3130 laudent.

597 3165 616 3198 ι
662 3149 896 3206 salutare
947 3161 1118 3218 tuum,
1173 3152 1421 3221 Domine,
1457 3166 1512 3212 et
1554 3157 1803 3218 mandata
1853 3167 1939 3212 tua
1988 3160 2170 3215 dilexi.
2203 3136 2246 3197 C
2280 3159 2332 3214 id
2357 3170 2440 3216 est
2462 3162 2741 3233 hymnum,
2767 3166 2949 3234 septies
2990 3166 3044 3220 in
3075 3167 3178 3231 die,
3207 3168 3261 3221 id
3292 3177 3400 3233 est,
3446 3176 3553 3223 tota
3587 3164 3802 3222 hacvita.

596 3256 615 3290 ι
662 3238 964 3296 Custodivit
994 3244 1169 3298 anima
1195 3261 1312 3300 mea
1340 3247 1646 3302 testimonia
1675 3256 1787 3314 tua,
1812 3259 1868 3304 et
1889 3249 2078 3304 dilexit
2108 3267 2170 3305 ea

597 3350 616 3383 ‹
659 3333 1023 3390 vehementer.
1073 3335 1317 3392 Servavi
1343 3340 1591 3394 mandata
1638 3350 1726 3395 tua
1771 3351 1826 3396 et
1867 3343 2172 3399 testimonia

595 3441 614 3474 ι
665 3430 774 3488 tua,
806 3426 933 3496 quia
957 3441 1146 3484 omnes
1164 3428 1264 3484 via:
1291 3445 1423 3485 mea:
1453 3430 1505 3485 in
1538 3444 1827 3502 conspectu
1861 3442 1972 3489 tuo.
2005 3455 2023 3488 ι

1163 3563 1600 3624 ENARRATIO.

663 3701 862 3758 Vulnus
888 3703 1104 3772 animai,
1144 3716 1426 3776 peccatum
1463 3718 1569 3766 est.
1611 3711 1715 3766 Iste
1751 3713 1916 3784 igitur
1949 3716 2039 3785 qui
2085 3717 2172 3773 hic

588 3794 723 3865 agit,
747 3795 1000 3864 intelligit
1021 3798 1126 3854 hoc
1146 3799 1287 3869 quod
1312 3801 1462 3856 multi
1495 3816 1893 3874 persequuntur
1919 3817 1974 3864 et
2005 3810 2173 3865 trihu-

588 3883 702 3939 lant
739 3902 882 3953 eum,
915 3890 1016 3944 sibi
1048 3906 1166 3946 esse
1201 3895 1357 3961 quasi
1387 3897 1736 3966 emplastrum
1771 3899 1835 3954 ad
1873 3902 2171 3962 curandum

588 3976 784 4032 vulnus
819 3979 1033 4047 animae,
1070 3983 1197 4052 quia
1231 3983 1359 4040 licet
1390 3987 1444 4041 in
1489 3996 1699 4043 tantum
1742 3992 1998 4048 virtutum
2039 4009 2170 4050 con-

591 4067 870 4122 scenderit
894 4085 1098 4138 arcem,
1132 4078 1470 4144 recognoscit
1496 4087 1674 4136 tamen
1703 4097 1762 4137 se
1786 4099 1891 4138 non
1916 4099 2034 4140 esse
2056 4090 2174 4144 sine

587 4159 853 4227 peccatis,
898 4177 1018 4232 quae
1069 4169 1508 4235 persecutoribus
1559 4171 1612 4224 in
1663 4186 1729 4226 eo
1763 4185 2080 4246 purgantur.
2107 4179 2175 4234 Et

585 4261 908 4320 praesentem
937 4255 1339 4313 tribulationem
1363 4260 1606 4317 dicitsihi
1635 4271 1834 4318 tantam
1859 4281 1978 4321 esse
2001 4270 2170 4324 medi-

582 4341 870 4407 cinam,ut
915 4354 1166 4416 respectu
1188 4346 1382 4404 futurae
1404 4366 1574 4420 pinna:
1611 4350 1726 4420 jam
1771 4369 1876 4410 non
1923 4356 2173 4415 formidet

583 4430 859 4498 instantia,
910 4435 1007 4491 sed
1052 4437 1231 4506 potius
1280 4437 1492 4494 laetetur
1530 4441 1598 4498 de
1644 4444 2000 4514 promissione
2050 4449 2165 4514 Dei,

581 4535 702 4588 quae
739 4536 834 4587 per
860 4521 1049 4579 dentes
1081 4525 1433 4596 significatttr.

654 4607 924 4681 Principes
945 4616 1200 4682 persecuti
1220 4627 1339 4672 sunt
1363 4634 1460 4672 me.
1487 4617 1634 4674 Multi
1659 4632 2053 4692 persequuntur
2073 4643 2161 4682 me

580 4707 636 4752 et
665 4699 921 4755 tribulant
945 4719 1052 4767 me,
1075 4721 1178 4760 non
1202 4707 1627 4780 qualescunque,
1651 4712 1744 4766 sed
1766 4713 1865 4783 ipsi
1893 4716 2159 4786 principes

583 4791 764 4846 saeculi
799 4811 812 4846 :
843 4795 985 4862 quod
1027 4797 1156 4851 mihi
1195 4807 1278 4854 est
1307 4816 1468 4870 super
1496 4802 1716 4868 vulnus,
1748 4805 1802 4859 id
1835 4815 1947 4873 est,
1985 4809 2155 4864 medi-

579 4891 907 4938 camentum.
931 4885 995 4939 Et
1018 4887 1119 4942 hoc
1140 4887 1379 4945 fecerunt
1396 4894 1578 4961 gratis,
1601 4895 1756 4950 idest
1782 4896 2007 4963 frustra,
2029 4902 2155 4970 quia

578 4987 686 5026 non
717 4983 1008 5042 potuerunt
1036 4991 1124 5029 me
1161 4976 1461 5035 deflectere.
1494 4981 1590 5036 Vel
1619 4986 1802 5052 gratis,
1826 4986 1878 5042 id
1904 4997 2005 5051 est,
2043 4991 2162 5045 sine

577 5079 766 5130 causa,
799 5066 900 5122 hoc
931 5075 1035 5129 est,
1066 5067 1183 5122 sine
1209 5069 1362 5138 culpa
1392 5085 1407 5124 :
1437 5072 1562 5140 quia
1600 5074 1726 5130 licet
1752 5077 1964 5142 vulnus,
1997 5080 2048 5133 id
2076 5090 2160 5134 est

579 5159 814 5230 culpam,
857 5160 1084 5216 habeam
1125 5172 1313 5217 contra
1343 5165 1532 5230 Deum,
1568 5183 1688 5237 qttte
1724 5179 1944 5225 sanatur
1969 5188 2154 5227 eorum

577 5251 954 5322 persecutione
979 5292 994 5317 ,
1045 5262 1222 5308 tamen
1261 5264 1523 5322 quantum
1562 5257 1629 5311 ad
1671 5257 1794 5313 illos
1830 5259 1949 5315 sine
1999 5262 2154 5332 culpa

576 5358 716 5398 sum.
767 5343 832 5397 Et
873 5344 999 5398 dum
1042 5352 1255 5413 paterer
1292 5352 1347 5399 et
1391 5342 1738 5402 formidarem
1786 5364 1974 5418 ptenas
2021 5369 2156 5421 pra:-

575 5443 776 5499 sentes,
825 5451 916 5490 cor
947 5452 1118 5490 meum
1155 5436 1451 5505 formidavit
1496 5454 1529 5491 a
1574 5439 1738 5494 verbis
1785 5442 1927 5505 tuis,-
1967 5445 2161 5512 quibus

577 5525 775 5580 dicitur
805 5544 818 5580 :
855 5546 873 5579 ‹
910 5526 1044 5582 Eum
1072 5527 1250 5598 potius
1292 5527 1499 5595 timete,
1528 5529 1622 5599 qui
1663 5539 1840 5600 potest
1878 5547 2071 5601 corpus
2107 5545 2160 5589 et

578 5618 814 5676 animam
844 5618 1068 5688 perdere
1089 5619 1142 5674 in
1163 5621 1463 5691 gehennam
1489 5620 1704 5692 (Matth.
1742 5624 1819 5689 χ).
1852 5643 1871 5676 ι
1904 5624 2114 5680 Etalibi
2143 5641 2156 5679 :

584 5728 602 5771 ι
649 5706 748 5774 Qui
794 5724 878 5762 me
904 5711 1180 5767 erubuerit
1216 5721 1270 5768 et
1305 5727 1585 5770 sermones
1623 5729 1791 5784 meos,
1827 5716 1966 5772 hunc
1995 5717 2158 5774 Filius

2196 4496 2244 4556 υ

2273 3267 2393 3321 qua:
2414 3260 2614 3323 septem
2635 3254 2842 3309 dierum
2873 3271 3098 3310 numero
3121 3256 3359 3314 volvitur
3389 3278 3402 3312 :
3431 3257 3514 3312 vel
3540 3272 3628 3328 per
3649 3262 3804 3322 septem

2273 3341 2434 3398 horas
2471 3359 2606 3413 quas
2630 3345 2777 3399 omni
2803 3345 2890 3400 die
2919 3347 3280 3403 celebramus.
3325 3347 3424 3402 Vel
3472 3349 3541 3402 ita
3572 3366 3582 3399 :
3623 3345 3804 3414 Egopo-

2274 3433 2410 3488 situs
2438 3433 2490 3486 in
2528 3433 2630 3498 die,
2664 3433 2718 3488 id
2753 3443 2860 3500 est,
2893 3435 2947 3489 in
2979 3435 3098 3490 luce
3131 3438 3418 3505 virtutum,
3449 3438 3641 3506 septies,
3669 3433 3708 3488 id
3727 3440 3802 3490 est.

2272 3535 2370 3592 per
2398 3521 2762 3593 septiformem
2787 3524 3014 3596 gratiam
3047 3524 3286 3596 Spiritus
3314 3527 3485 3582 sancti
3519 3523 3704 3579 laudem
3721 3519 3802 3572 dixi

2273 3613 2384 3679 tibi,
2417 3623 2682 3671 contuens
2715 3633 2871 3686 super
2907 3617 3113 3686 judicia
3137 3617 3372 3689 justitia:
3413 3629 3537 3688 tute,
3567 3617 3613 3670 id
3638 3622 3722 3676 est,
3743 3611 3798 3663 itt-

2276 3705 2518 3777 telligens
2534 3707 2682 3777 justo
2697 3708 2903 3778 judicio
2923 3719 3014 3764 tuo
3041 3725 3125 3765 me
3147 3710 3237 3768 hic
3251 3710 3530 3782 ﬂagellari.
3555 3707 3661 3762 Pax
3677 3703 3797 3758 multa

2271 3796 2604 3868 diligentibus
2643 3797 2802 3869 legem
2832 3809 3000 3854 tuam.
3043 3799 3209 3868 Quasi
3254 3802 3454 3872 aliquis
3497 3790 3789 3855 diceret:'fn

2272 3888 2406 3944 dicis
2444 3897 2496 3944 te
2540 3887 2708 3961 legem
2755 3891 2967 3946 Domini
3007 3891 3295 3960 dilexisse,
3348 3893 3444 3949 sed
3481 3893 3579 3946 hoc
3615 3901 3704 3942 non
3722 3883 3792 3935 im-

2270 3997 2413 4051 pune
2445 3981 2608 4052 :quia
2639 3982 2824 4038 multis
2855 3984 3356 4053 perturbationibus
3386 3984 3617 4056 agitaris,
3645 3974 3795 4033 nullam

2272 4069 2478 4125 habens
2503 4086 2712 4140 pacem.
2739 4071 2819 4127 Ad
2851 4073 2954 4128 hoc
2994 4076 3284 4144 respondet
3309 4093 3322 4129 :
3360 4074 3474 4130 Non
3504 4079 3687 4127 tantum
3711 4064 3796 4118 ideo

2271 4177 2389 4218 sum
2413 4161 2530 4217 sine
2559 4176 2714 4232 pacm,
2738 4165 2862 4234 quia
2886 4166 3052 4220 multa
3079 4182 3183 4236 pax
3206 4176 3292 4221 est
3318 4164 3646 4238 diligentibus
3666 4158 3794 4225 legem

2273 4261 2438 4306 tuam.
2466 4253 2661 4308 Anima
2682 4267 2868 4310 eorum
2909 4255 2998 4310 hic
3037 4254 3151 4325 jam
3174 4266 3258 4312 est
3302 4258 3357 4312 in
3393 4253 3646 4328 paradiso.
3671 4242 3793 4299 ΜυΙω

2269 4344 2485 4414 quidem
2509 4361 2615 4415 pax
2648 4354 2732 4401 est
2765 4348 2866 4413 eis,
2891 4348 2985 4402 sed
3006 4363 3114 4402 non
3139 4348 3470 4414 omnimoda,
3497 4358 3608 4416 quae

2271 4437 2374 4492 erit
2403 4438 2456 4492 in
2494 4437 2696 4497 futuro.
2726 4437 2835 4494 Sed
2863 4439 2908 4495 si
2936 4440 3225 4511 aliquando
3271 4452 3399 4497 sunt
3420 4441 3471 4496 in
3505 4431 3698 4493 tristitia
3727 4427 3790 4480 ltic

2271 4529 2508 4597 interim,
2540 4548 2643 4586 non
2669 4531 2871 4586 eriteis
2897 4531 2948 4586 in
2985 4532 3316 4597 scandalum,
3358 4533 3408 4588 id
3430 4539 3529 4596 est,
3575 4527 3622 4580 in
3660 4515 3789 4575 offen-

2267 4621 2470 4676 sionem
2516 4623 2741 4692 peccati,
2770 4631 2831 4676 ut
2869 4637 2967 4694 per
3012 4625 3379 4681 suborientem
3408 4619 3659 4678 tristitiam
3692 4621 3786 4678 pec-

2265 4721 2391 4766 cent
2419 4711 2726 4782 aliquando.
2755 4711 2846 4766 Vel
2867 4729 2970 4768 non
2991 4725 3064 4768 est
3091 4716 3423 4779 scandalum,
3455 4720 3511 4766 ut
3536 4724 3624 4780 pro
3643 4702 3782 4767 aliti"a

2265 4802 2608 4860 tribulatione
2621 4804 2932 4860 erubescant
2951 4805 3194 4866 confiteri
3214 4794 3777 4872 Cliristnmerucifiwm.

2262 4895 2356 4950 sed
2382 4895 2435 4949 in
2473 4897 2730 4966 patientia
2780 4906 3146 4965 perseverant.
3197 4895 3561 4969 Exspectabam
3578 4884 3779 4984 salutare

2264 4996 2432 5052 tuum,
2458 4986 2697 5042 Domine.
2726 4989 2790 5042 Et
2816 4990 2941 5058 quia
2965 4989 3121 5054 dilexi
3145 4990 3314 5061 legem
3341 5000 3500 5050 tuam,
3524 4998 3554 5040 ο
3575 4982 3774 5071 Domine.

2261 5090 2358 5145 per
2387 5076 2492 5130 hoc
2519 5077 2878 5146 exspectabam
2903 5079 3134 5133 salutare
3169 5090 3334 5144 tuum,
3371 5079 3422 5133 id
3449 5084 3544 5138 est,
3571 5069 3775 5126 salvatio-

2262 5185 2385 5224 nem
2413 5185 2574 5239 quam
2605 5169 2758 5226 dabis
2786 5172 2841 5225 in
2872 5173 3053 5228 futuro
3087 5174 3427 5245 diligentibus
3451 5171 3606 5240 legem
3639 5169 3769 5215 tuam.

2261 5261 2330 5316 Et
2354 5269 2576 5332 propter
2613 5277 2766 5334 spem
2810 5262 2956 5318 illam
3007 5281 3158 5320 novae
3208 5266 3358 5336 legis,
3405 5261 3646 5332 praacepla
3680 5255 3772 5315 (1⁸³³⁸

2264 5353 2610 5421 superaddita
2647 5363 2772 5409 sunt
2808 5357 3092 5425 praeceptis
3125 5357 3333 5414 Veteris
3376 5342 3686 5409 Testamentl.
3718 5344 3767 5386 ει

2265 5441 2550 5496 dilectione
2577 5443 2882 5499 observavi.
2914 5443 3200 5501 Custodivit
3229 5448 3400 5502 anima
3444 5455 3564 5510 mea.
3591 5433 3678 5487 PFO
3701 5437 3768 5478 ei"

2264 5533 2385 5587 dem
2415 5533 2577 5588 etiam
2614 5548 2708 5605 spe
2730 5535 2912 5589 anima
2944 5552 3062 5591 mea
3089 5539 3376 5594 custodivit
3402 5523 3659 5589 testimonia
3675 5527 3762 5572 tua,

2262 5624 2316 5679 id
2347 5633 2453 5689 est,
2482 5627 2682 5680 veteris
2721 5625 3166 5699 legisrprtecepta,
3198 5645 3316 5698 qua:
3357 5622 3670 5710 testificantur
3692 5614 3762 5710 no-

2261 5730 2400 5770 vam.
2436 5715 2500 5770 Et
2522 5716 2651 5771 dicit
2694 5717 2931 5772 animam
2967 5734 3119 5772 suam
3158 5733 3218 5774 ea
3251 5715 3547 5775 custodisse,
3574 5706 3673 5773 quia
3698 5706 3753 5744 se-
