4034 6416
223 321 336 378 765

1372 325 1913 385 ENARRATIONES
1948 326 2020 384 IN
2053 325 2394 385 PSALMOS.

3390 327 3493 380 ’76ίὶ

223 434 468 490 cundum
497 450 716 498 carnem
743 451 808 493 ea
851 439 1122 495 custodire
1161 454 1268 498 non
1298 455 1418 496 esse
1463 440 1687 495 multum
1719 457 1733 495 :
1763 449 1809 494 et
1840 446 1888 505 Α
1915 440 2305 512 hymnizabunt
2329 443 2426 498 tibi
2457 444 2596 508 apud
2621 455 2728 508 me,
2754 442 2846 498 sed
2880 451 3055 497 tamen
3085 441 3136 497 in
3169 457 3323 498 voce.
3356 441 3496 497 Pra-

223 525 395 579 dilezri
415 543 496 597 ea,
521 527 731 583 scilicet
761 529 1094 596 testimonia,
1124 531 1466 597 vehementer,
1492 532 1546 586 id
1575 539 1678 598 est,
1705 547 1817 587 om-

223 618 319 673 nis
351 619 665 676 intentionis
712 620 941 680 fervore.
988 623 1202 679 Servavi
1245 625 1517 684 mandata.
1565 625 1634 681 Et
1673 625 1818 696 quod

223 726 334 781 ego
362 711 523 766 dilexi
549 713 800 780 mandata
826 725 919 768 tua
949 729 1106 778 nova,
1131 715 1381 772 custodivi
1407 716 1700 770 testimonia
1727 726 1818 769 tua

226 813 418 858 vetera
445 823 458 858 :
487 821 594 872 non
620 806 750 860 mihi
778 808 1016 874 ascribo,
1045 809 1138 864 sed
1171 810 1290 864 ideo
1319 809 1410 864 illa
1435 809 1668 874 servavi,
1695 810 1820 879 quia

227 911 415 950 omnes
437 897 536 952 uile
564 914 693 952 mea:
719 899 834 954 sive
864 900 1167 968 cogitando,
1200 901 1315 955 sive
1343 899 1638 970 operando,
1663 908 1821 954 erant

226 985 288 1039 in
320 998 599 1057 conspectu
635 999 748 1058 tuo,
792 988 844 1043 id
892 1001 998 1056 est,
1028 992 1082 1052 in
1131 991 1467 1062 beueplacito
1517 1001 1572 1046 et
1619 991 1822 1047 auxilio

227 1085 353 1130 tuo.

307 1171 444 1228 Τιιιι.
473 1204 543 1213 -
575 1193 594 1226 ι
648 1176 1059 1246 Appropinquct
1097 1176 1406 1247 deprecatio
1447 1191 1566 1231 mea
1604 1175 1658 1230 in
1693 1191 1824 1232 cou—

239 1286 259 1314 ι
310 1272 497 1333 specto
530 1273 640 1331 tuo,
665 1266 914 1332 Domine,
935 1267 1090 1338 juxta
1117 1267 1389 1336 eloquium
1415 1274 1565 1323 tuum
1594 1265 1660 1320 da
1688 1265 1822 1320 mihi

239 1371 258 1405 ι
309 1353 661 1410 intellectum.
687 1356 1159 1426 lntretpostulatio
1182 1373 1302 1413 mea
1324 1358 1376 1412 in
1397 1365 1688 1427 conspectu
1709 1365 1820 1422 tuo,

238 1466 257 1497 ς
307 1447 604 1503 secundum
645 1449 916 1520 eloquium
972 1458 1120 1505 tuum
1159 1451 1309 1520 eripe
1337 1465 1440 1504 me.
1490 1450 1824 1505 Eructabunt

239 1559 257 1592 ο
305 1538 448 1596 labia
479 1557 596 1596 mea
634 1543 890 1614 hymnum
921 1558 1044 1599 cum
1075 1545 1323 1600 docueris
1365 1560 1451 1599 me
1482 1543 1826 1614 justiflcatio—

239 1653 257 1685 ι
309 1651 407 1691 nes
432 1643 571 1690 tuas.
601 1636 978 1694 Pronuntiabit
1001 1637 1177 1710 lingua
1200 1655 1319 1694 mea
1347 1639 1616 1709 eloquium
1648 1648 1823 1700 tuum,

239 1747 260 1780 ε
309 1728 440 1799 quia
467 1730 650 1784 omnia
683 1731 936 1786 mandata
971 1740 1059 1785 tua
1088 1730 1334 1801 mquitas.
1358 1729 1479 1784 Fiat
1508 1743 1700 1784 manus
1732 1739 1822 1784 tua

1915 532 2177 587 nun‘tiabit
2206 533 2386 603 lingua
2414 550 2549 588 mea.
2575 534 2642 589 Et
2662 548 2769 588 non
2803 543 3011 588 tantum
3040 534 3180 603 apud
3210 550 3294 590 me
3323 535 3496 605 ipsum

1915 623 1971 677 in
2001 624 2310 678 summitate
2333 623 2598 679 labiorum
2635 639 2701 679 ex
2729 625 3014 680 saturitate
3045 626 3240 680 mentis
3269 625 3500 683 laudabo

1917 721 1992 780 te,
2022 715 2118 770 sed
2139 716 2302 771 etiam
2325 715 2505 786 lingua
2531 733 2646 770 mea
2665 716 3024 787 pronuntiabit
3045 717 3309 788 eloquium
3332 729 3496 782 tuum,

1917 809 2037 864 aliis
2066 807 2430 880 praedicando.
2463 809 2529 863 Et
2551 825 2655 864 non
2683 811 2946 865 erubesco
2972 810 3319 882 Evangelium
3354 821 3502 866 tuum

1919 899 2276 965 annuntiare,
2314 900 2440 970 quia
2490 902 2666 956 omnia
2715 902 2970 956 mandata
3021 911 3112 956 tua
3152 903 3405 974 quuitas,
3451 903 3504 957 id

1919 1001 2022 1056 est,
2052 1007 2180 1047 vera
2207 992 2419 1059 etjusta
2453 1000 2596 1046 sunt.
2640 991 2763 1046 Fiat
2794 1009 2980 1047 manus
3011 1003 3121 1047 tua.
3153 992 3220 1048 Et
3249 993 3504 1063 quoniam

1897 1097 2020 1154 ego
2047 1098 2152 1138 non
2207 1084 2538 1140 erubescens
2585 1084 2948 1153 pronuntiabo
2996 1083 3268 1152 eloquium
3318 1093 3506 1148 tuum,

1923 1176 2039 1230 scio
2069 1189 2157 1228 me
2197 1173 2364 1228 multa
2404 1189 2692 1244 passurum
2733 1175 3002 1230 adversa:
3043 1175 3137 1230 sed
3167 1191 3356 1229 manus
3394 1185 3508 1237 tua,

1922 1267 1978 1321 id
2003 1274 2105 1332 est,
2129 1265 2398 1337 protectio
2424 1273 2538 1331 tua,
2580 1266 2677 1335 ﬁat
2707 1281 2872 1337 super
2899 1283 3008 1332 me,
3037 1276 3093 1321 ut
3120 1267 3283 1322 salve!
3309 1283 3411 1331 me,
3445 1282 3511 1320 ne

1922 1357 1977 1414 in
2030 1359 2468 1415 tribulationibus
2524 1359 2890 1414 succumbam.
2957 1358 3185 1414 Aliter:
3246 1357 3510 1427 Quoniam

1925 1464 2118 1521 magna
2146 1448 2434 1504 multitudo
2465 1447 2758 1504 visibilium
2800 1457 2854 1502 et
2882 1447 3232 1503 invisibilium
3269 1447 3512 1502 inimico-

1925 1557 2046 1597 rum
2073 1557 2160 1596 me
2185 1550 2407 1612 propter
2447 1541 2647 1612 eloquii
2679 1541 2752 1595 tui
2796 1539 3293 1611 pronuntiationem
3337 1539 3513 1609 impu—

1925 1634 2132 1706 gnabit,
2161 1633 2256 1704 ﬁat
2298 1639 2487 1688 manus
2523 1644 2636 1698 tua,
2681 1633 2733 1687 id
2783 1643 2903 1698 est,
2946 1633 3234 1688 multitudo
3278 1631 3518 1687 ccclesiis

1926 1725 2138 1780 militize‘
2165 1725 2347 1780 veniat
2375 1724 2507 1778 mihi
2537 1724 2602 1779 ad
2628 1723 2856 1779 salutem
2886 1732 3075 1779 contra
3121 1723 3518 1779 multitudinem

307 1828 371 1876 ut
399 1821 574 1876 salvet
623 1837 727 1886 me,
760 1821 1015 1893 quoniam
1056 1822 1315 1877 mandata
1361 1830 1451 1876 tua
1490 1821 1647 1892 elegi.
1683 1819 1825 1875 Con-
1855 1821 1899 1880 Β
1927 1818 2355 1889 impugnantem.
2382 1817 2450 1872 Et
2471 1818 2592 1873 ideo
2618 1817 2711 1872 fiat
2741 1833 2934 1873 manus
2963 1824 3051 1872 tu‘a
3081 1818 3147 1872 ad
3179 1817 3517 1889 salvandum,

307 1914 489 1984 cupivi
529 1912 768 1969 salutare
811 1923 984 1980 tuum,
1015 1914 1264 1979 Domine,
1297 1923 1352 1969 et
1387 1915 1476 1969 lex
1516 1922 1605 1968 tua
1656 1912 1824 1968 medi-

236 2027 257 2059 ι
312 2009 450 2063 tatio
477 2023 594 2063 mea
625 2016 728 2064 est.
758 2007 917 2064 Vivet
948 2009 1128 2064 anima
1160 2024 1279 2064 mea
1304 2019 1357 2063 et
1383 2008 1626 2064 laudabit
1657 2016 1745 2062 te:
1771 2015 1827 2062 et

239 2120 257 2151 ι
301 2098 508 2168 judicia
535 2110 623 2155 tua
665 2099 999 2170 adiuvabunt
1033 2114 1139 2156 me.
1177 2102 1364 2156 Erravi
1389 2101 1530 2157 sicut
1561 2100 1678 2156 ovis
1709 2113 1829 2169 quae

239 2214 259 2246 ι
309 2192 514 2264 periit:
563 2209 743 2263 quaere
788 2209 1007 2250 servum
1064 2202 1213 2250 tuum
1280 2195 1406 2265 quia
1455 2193 1709 2249 mandata
1738 2201 1826 2247 tua

241 2306 258 2341 ι
309 2303 417 2342 non
443 2303 562 2342 sum
591 2286 810 2344 oblitus.
845 2306 862 2338 ι

807 2375 1263 2438 ΕΝΑΒΒΑΤΙΟ.

310 2472 514 2528 Fidelis
537 2473 640 2528 iste
668 2471 757 2542 qui
781 2471 867 2526 hic
893 2471 1148 2542 loquitur,
1180 2480 1236 2527 et
1261 2472 1313 2526 in
1345 2479 1551 2526 tantam
1573 2486 1831 2528 conscen-

239 2563 321 2617 dit
346 2561 753 2624 sublimitatem,
776 2561 1086 2617 considerat
1111 2575 1168 2616 se
1196 2562 1248 2617 in
1275 2562 1446 2617 Adam
1475 2563 1756 2617 aberrasse
1779 2569 1833 2616 et

242 2653 373 2706 dum
397 2653 462 2707 ab
481 2651 776 2708 Jerusalem
801 2652 1190 2719 descendisset,
1209 2653 1463 2708 incidisse
1488 2653 1539 2706 in
1563 2653 1827 2717 latrones,

249 2754 306 2801 et
333 2744 454 2799 licet
483 2759 646 2799 verus
683 2753 870 2814 pastor
899 2743 1012 2813 jam
1051 2746 1342 2815 nonaginta
1380 2759 1573 2799 novem
1617 2761 1745 2799 oves
1779 2745 1830 2799 in

249 2839 460 2895 deserto
505 2838 829 2910 reliquisset,
879 2847 933 2894 et
969 2838 1114 2893 illam
1149 2854 1269 2910 qua:
1316 2839 1555 2909 perierat
1593 2839 1834 2893 humeris

247 2933 556 3006 impositam
588 2942 922 3002 reportasset
968 2931 1120 3003 (Luc.
1152 2929 1243 3004 xv)
1266 2972 1280 2996 ,
1326 2941 1507 2986 tamen
1545 2930 1670 3000 quia
1703 2946 1836 2984 non-

245 3028 376 3082 dum
405 3026 552 3080 videt
577 3039 636 3079 se
665 3025 720 3079 in
746 3024 834 3079 illa
863 3023 1195 3094 perfectione
1223 3023 1364 3078 unde
1390 3023 1688 3084 exciderat,
1716 3029 1839 3077 orat

243 3137 302 3180 se
327 3122 384 3176 in
417 3121 702 3192 pristinum
736 3130 934 3175 statum
964 3136 1136 3190 usque
1169 3119 1455 3190 reportari.
1485 3120 1541 3174 In
1572 3118 1836 3188 superiori

1925 1913 2176 1983 quoniam
2215 1926 2326 1981 pra:
2354 1911 2607 1967 omnibus
2631 1910 2760 1982 elegi
2789 1913 3042 1965 mandata
3083 1921 3196 1965 tua.
3237 1909 3520 1974 Concupivi

1927 2002 2180 2058 salutare.
2217 2001 2345 2056 ldeo
2372 2000 2537 2057 etiam
2566 2002 2726 2057 debet
2762 2017 2958 2056 manus
2987 2009 3080 2055 tua
3120 1999 3234 2053 fieri
3266 2008 3322 2051 ut
3349 1997 3523 2052 salvet

1929 2109 2037 2166 me,
2059 2095 2297 2160 Domine,
2313 2095 2569 2163 quoniam
2595 2093 2864 2164 concupivi
2884 2092 3118 2147 salutare
3146 2102 3315 2154 tuum,
3340 2089 3392 2144 id
3418 2099 3521 2152 est,

1929 2187 2287 2244 salvationem
2328 2200 2493 2256 quam
2538 2193 2595 2239 tu
2629 2185 2854 2240 daturus
2883 2198 2942 2239 es
2979 2201 2992 2237 :
3043 2191 3096 2238 et
3128 2182 3201 2236 ita
3240 2178 3524 2250 concupivi

1933 2294 1992 2336 ut
2013 2280 2197 2347 debui,
2227 2279 2351 2350 quia
2379 2278 2464 2334 (ea:
2493 2287 2585 2333 tua
2610 2278 2883 2332 meditatio
2911 2293 3025 2330 mea
3062 2285 3136 2330 est
3161 2291 3178 2330 :
3204 2282 3259 2330 et
3289 2289 3355 2328 ex
3382 2287 3523 2342 prae-

1931 2373 2286 2430 meditatione
2309 2369 2573 2442 complevi
2599 2370 2772 2442 legem
2803 2379 2972 2424 tuam.
3009 2365 3152 2422 Vivet
3181 2366 3358 2420 anima
3387 2380 3524 2418 mea.

1911 2466 2047 2536 'Ego
2069 2464 2353 2534 concupivi
2381 2463 2622 2519 salutare
2645 2470 2818 2526 tuum,
2843 2468 2898 2515 et
2925 2475 3052 2515 vere
3075 2458 3256 2514 veniet
3282 2455 3413 2510 mihi
3437 2472 3451 2508 :
3475 2462 3531 2507 et

1933 2561 2039 2617 hoc
2071 2568 2155 2615 est
2206 2558 2348 2630 quod
2384 2557 2554 2623 dicit,
2605 2557 2761 2612 Vivet
2813 2556 2995 2610 anima
3041 2569 3158 2608 mea
3197 2562 3244 2606 et
3291 2549 3530 2604 laudabit

1935 2665 2026 2709 te:
2078 2654 2218 2708 sicut
2269 2651 2396 2706 alibi
2421 2650 2621 2706 dicitur
2647 2690 2662 2714 ,
2710 2648 2780 2703 In
2824 2646 3020 2703 srecula
3058 2644 3374 2701 swculorum
3411 2640 3532 2695 lau-

1936 2743 2134 2799 dabunt
2183 2753 2232 2798 te
2283 2740 2401 2814 (Ps.
2446 2741 2722 2812 Lxxxut):
2771 2749 2819 2794 et
2861 2739 3073 2810 judicia
3118 2748 3210 2791 tua
3242 2776 3257 2800 ,
3309 2735 3363 2790 id
3408 2725 3529 2797 est,

1937 2836 2142 2908 ﬂagella
2193 2851 2312 2904 qua:
2355 2834 2502 2904 justo
2540 2832 2744 2904 judicio
2799 2840 2890 2884 tuo
2939 2827 3532 2901 patior,’adjuvabunt

1938 2947 2058 2994 me,
2105 2938 2165 2984 ut
2226 2928 2374 2982 vivat
2424 2927 2604 2981 anima
2653 2940 2773 2980 mea
2817 2943 2830 2978 :
2888 2931 2946 2979 et
2999 2931 3058 2976 ut
3101 2921 3411 2992 perveniam
3463 2919 3532 2972 ad

1938 3023 2200 3094 patriam,
2225 3020 2578 3092 expurgando
2605 3018 2814 3074 scilicet
2848 3017 3039 3072 sordes
3087 3015 3153 3070 de
3179 3011 3459 3085 prmterito
3481 3018 3537 3064 et

1942 3113 2217 3168 reddendo
2245 3122 2464 3166 cantum
2513 3111 2580 3165 de
2621 3109 2826 3174 futuro,
2864 3123 2932 3162 ne
2976 3106 3202 3160 ulterius
3243 3101 3532 3158 ollendam.

243 3191 594 3286 etiamparte
622 3212 784 3282 hujus
821 3212 1010 3284 psalmi
1048 3213 1137 3267 ubi
1171 3213 1392 3276 dicitur,
1427 3210 1660 3265 Adltresit
1694 3210 1838 3279 pavi-
1866 3191 1910 3250 C
1944 3199 2135 3255 Erravi
2164 3202 2298 3256 sicut
2333 3202 2460 3255 ovis.
2508 3199 2580 3255 Ut
2607 3199 2786 3253 anima
2840 3211 2959 3251 mea
2991 3196 3208 3250 tandem
3253 3193 3325 3247 ibi
3369 3192 3534 3256 vivat.

242 3317 420 3375 mento
446 3306 623 3360 anima
647 3323 783 3370 mea,
826 3305 1052 3359 habetur
1088 3304 1277 3357 erravit
1308 3315 1327 3353 .°
1356 3303 1449 3357 sed
1501 3302 1571 3354 ibi
1621 3308 1839 3354 notatur

236 3414 404 3462 error
457 3410 578 3468 post
626 3398 975 3468 baptismum,
1018 3395 1106 3449 hic
1133 3409 1262 3449 vero
1314 3401 1440 3448 ante
1490 3391 1834 3462 baptismum.

245 3489 381 3548 Orat
406 3505 539 3558 ergo
567 3488 670 3544 sibi
698 3488 813 3542 dari
861 3503 888 3540 a
919 3486 1027 3540 Deo
1076 3484 1404 3540 intellectum
1457 3482 1700 3538 veritatis
1733 3498 1746 3534 :
1787 3487 1841 3535 et

249 3585 402 3659 ponit
432 3584 534 3638 hoc
564 3582 775 3652 signum
805 3595 918 3635 sua:
957 3577 1342 3640 exauditionis,
1380 3576 1523 3646 quod
1551 3573 1840 3630 exauditus

252 3677 696 3750 pronuntiaturus
731 3682 786 3730 et
810 3680 1153 3728 eructaturns
1184 3671 1254 3725 sit
1297 3668 1556 3740 hymnum
1592 3665 1836 3720 Domino.

324 3767 709 3839 Appropinquet
772 3762 1064 3833 deprecatio
1146 3777 1283 3815 mea.
1335 3759 1380 3815 Ο
1438 3757 1696 3822 Domine,
1747 3756 1840 3826 qui

250 3860 464 3916 servavi
508 3857 759 3912 mandata
801 3865 891 3909 tua
939 3863 996 3908 et
1027 3851 1332 3908 testimonia
1364 3859 1474 3915 tua,
1519 3863 1616 3903 oro
1643 3857 1701 3902 ut
1742 3848 1838 3902 dc-

249 3952 494 4024 precatio
544 3964 660 4004 mea
710 3947 891 4003 habita
936 3947 992 3999 in
1019 3953 1294 4013 conspectu
1352 3951 1464 4007 tuo,
1498 3941 1550 3995 id
1596 3943 1701 4004 est,
1740 3953 1841 4009 pro

250 4044 338 4098 his
389 4045 456 4097 de
493 4041 689 4111 quibus
733 4047 817 4094 est
863 4039 1260 4108 deprecandum
1309 4034 1699 4104 appropinquet
1744 4031 1839 4084 tibi

250 4137 355 4191 hoc
387 4134 614 4197 scilicet,
662 4139 720 4186 ut
755 4131 852 4186 des
884 4130 1010 4184 mihi
1037 4128 1355 4184 intellectum
1369 4126 1530 4198 juxta
1571 4112 1839 4194 eloquium

251 4238 424 4292 tuum,
459 4227 510 4281 id
544 4236 648 4291 est,
685 4224 978 4280 secundum
1008 4222 1152 4292 quod
1183 4225 1454 4291 praecepta
1486 4225 1578 4271 tua
1604 4213 1836 4271 servavi.

253 4321 426 4374 Aliter
451 4337 463 4373 :
490 4318 877 4390 Appmpinquet
899 4314 1190 4385 deprecatio
1215 4328 1351 4375 mea,
1377 4311 1427 4365 id
1449 4317 1554 4375 est,
1571 4307 1736 4363 faciat
1757 4322 1843 4360 me

253 4411 687 4483 apprOpinquare
718 4409 854 4462 bene
881 4406 1109 4461 vivendo
1136 4405 1203 4459 ad
1237 4403 1491 4473 patriam,
1519 4401 1662 4455 unde
1698 4398 1844 4468 juste

253 4501 503 4568 aberravi
531 4516 627 4571 per
647 4499 776 4554 Adae
803 4507 857 4556 et
900 4498 1024 4552 Evae
1071 4494 1488 4550 inobedentiam.
1539 4492 1707 4546 Intret
1746 4508 1833 4561 po-

252 4595 468 4649 stulalio
524 4610 661 4656 mea.
710 4593 766 4646 In
813 4589 1065 4661 praesenti
1115 4588 1184 4642 da
1243 4587 1370 4639 mihi
1409 4583 1759 4646 intellectum,
1797 4593 1843 4634 et

255 4692 312 4746 in
342 4688 526 4744 futuro
554 4689 710 4743 intret
737 4684 1018 4756 postulatio
1061 4699 1176 4738 mea
1214 4680 1304 4734 ubi
1347 4677 1566 4742 dicitur,
1604 4676 1758 4729 Intra
1790 4677 1846 4729 in

255 4779 510 4852 gaudium
554 4776 763 4839 Domini
804 4775 880 4828 tui
910 4773 1125 4842 (Matth.
1156 4769 1286 4841 xxv)
1329 4771 1385 4823 in
1429 4777 1705 4838 conspectu
1737 4777 1847 4828 tuo,

256 4873 470 4943 scilicet
495 4870 676 4925 habita
705 4867 785 4928 vel
809 4865 972 4932 facta,
997 4866 1206 4921 scilicet
1236 4865 1288 4918 in
1317 4862 1479 4918 corde
1501 4861 1590 4915 ubi
1618 4868 1670 4913 tu
1702 4858 1851 4914 solus

259 4963 572 5033 conspicis;
607 4963 724 5026 haec
764 4959 988 5023 scilicet,
1019 4966 1077 5011 ut
1118 4954 1405 5011 secundum
1434 4951 1849 5023 promissionem

265 5065 413 5114 tuam
444 5069 604 5124 quam
628 5060 896 5122 praecepta
925 5059 1015 5103 tua
1041 5047 1453 5109 observantibus
1483 5041 1701 5106 dedisti,
1743 5041 1853 5096 eri-

261 5146 383 5224 pias
410 5161 490 5199 me
513 5143 582 5197 ab
608 5145 711 5196 hac
742 5156 899 5212 poma
923 5139 1150 5210 peccati,
1180 5138 1231 5192 id
1261 5146 1366 5200 est,
1395 5151 1425 5190 a
1446 5134 1775 5190 mortalitate
1797 5143 1852 5186 et

264 5235 624 5307 passibilitate
649 5276 662 5296 ,
694 5241 750 5288 et
797 5233 1144 5296 damnatione
1183 5238 1465 5299 perpetua.
1522 5225 1850 5280 Eructabunt

267 5328 407 5386 labia
436 5344 571 5381 mea.
607 5327 678 5383 Da
723 5325 850 5390 mihi
887 5323 1248 5386 intellectum,
1293 5320 1416 5390 quia
1455 5335 1574 5372 cum
1615 5317 1856 5370 docueris

269 5439 350 5492 me
363 5420 773 5490 justiﬁcationes
801 5428 941 5480 tuas,
966 5416 1018 5470 id
1039 5423 1144 5479 est,
1165 5429 1290 5468 cum
1317 5411 1532 5466 dederis
1563 5409 1692 5464 mihi
1727 5423 1855 5478 per-

273 5514 411 5567 fecte
432 5513 572 5567 scire
593 5521 646 5566 et
673 5510 894 5579 exsequi
921 5509 1170 5564 mandata
1195 5518 1301 5566 tua,
1327 5504 1656 5567 eructabunt,
1685 5503 1736 5557 id
1753 5511 1856 5564 cst,

274 5604 603 5670 abundantia
637 5602 1021 5657 beneficiorum
1067 5598 1346 5671 proferent
1369 5596 1506 5650 labia
1546 5608 1664 5648 mea
1711 5593 1859 5664 Itym-

277 5715 422 5762 num,
448 5697 499 5750 id
533 5707 634 5761 est,
667 5696 878 5750 laudem
914 5694 1026 5757 tibi,
1061 5694 1162 5748 hoc
1191 5701 1273 5747 est
1299 5690 1442 5746 illam
1471 5687 1859 5759 plenitudinem

278 5792 414 5859 legis
443 5800 568 5854 tuac,
601 5805 721 5874 qua:
752 5798 828 5846 est
865 5788 916 5850 in
957 5785 1118 5844 corde
1159 5799 1280 5840 meo
1309 5798 1323 5838 :
1362 5781 1500 5837 labia
1549 5779 1712 5835 etiam
1745 5794 1861 5834 mea

1943 3305 2000 3348 ut
2025 3295 2277 3349 desidero
2311 3303 2364 3350 et
2387 3293 2600 3350 confido
2628 3308 2694 3348 ex
2739 3288 3112 3345 misericordia
3141 3296 3249 3351 tua,
3279 3301 3384 3340 non
3415 3293 3536 3337 tan-

1927 3397 2056 3442 tum
2089 3384 2374 3440 multitudo
2405 3383 2648 3455 angelica
2673 3382 2854 3437 veniat
2879 3389 2940 3434 ut
2975 3378 3147 3433 salvet
3176 3391 3283 3439 me,
3332 3375 3425 3428 sed
3481 3381 3538 3425 tu

1945 3478 2059 3548 ipse
2098 3477 2318 3546 require
2356 3490 2441 3530 me
2485 3474 2551 3529 ad
2600 3473 2819 3528 modum
2867 3470 2994 3526 boni
3033 3467 3292 3540 pastoris.
3333 3465 3398 3519 Et
3436 3463 3539 3518 hoc

1943 3569 2076 3624 mihi
2108 3568 2476 3624 necessarium
2502 3573 2604 3630 est,
2642 3566 2766 3636 quia
2797 3561 3047 3620 aberravi
3093 3561 3234 3616 sicut
3263 3557 3381 3614 ovis
3403 3571 3525 3626 qute

1944 3662 2200 3732 perierat.
2231 3658 2480 3727 Quaesisti
2524 3655 2658 3726 jam.
2701 3656 2788 3710 Et\
2807 3669 2945 3725 Opus
2979 3660 3065 3708 est
3107 3658 3166 3704 ut
3206 3662 3422 3717 semper
3451 3661 3539 3701 me

1944 3751 2193 3823 requiras
2221 3749 2458 3821 quandiu
2498 3746 2590 3803 hic
2617 3747 2835 3801 vivitur.
2869 3744 2935 3798 Et
2981 3743 3103 3797 ideo
3143 3749 3198 3794 tu
3238 3739 3405 3794 debes
3455 3749 3542 3790 rc-

1942 3845 2158 3915 quirere
2186 3841 2311 3913 quia
2343 3855 2530 3896 servus
2565 3847 2687 3893 tuus
2717 3852 2836 3894 sum
2864 3853 2877 3890 :
2909 3845 2956 3890 et
2987 3833 3111 3906 quia
3149 3830 3404 3886 mandata
3447 3840 3542 3884 tua

1943 3952 2046 3990 non
2076 3911 2454 3999 sum—oblitus,
2498 3931 2552 3986 id
2595 3939 2710 3994 est,
2758 3943 2826 3984 ex
2857 3942 2964 3997 quo
3014 3924 3220 3982 credidi
3263 3911 3318 3978 et
3347 3921 3544 3993 agnovi

1944 4026 2203 4080 mandata
2254 4033 2390 4078 tua:
2433 4021 2664 4077 fideliter
2699 4027 2990 4076 exsecutus
3017 4032 3135 4072 sum
3184 4013 3328 4086 quod
3379 4028 3534 4067 man-

1944 4115 2105 4172 dasti.

2467 4198 2794 4258 PSALMUS
2846 4197 3034 4255 CXIX.

2380 4308 2718 4350 CANTICUM
2777 4303 3106 4346 GRADUUM.

2021 4410 2040 4443 ι
2078 4391 2158 4445 Ad
2189 4389 2474 4443 Dominum
2508 4401 2630 4441 cum
2682 4382 2974 4438 tribularer
3002 4375 3262 4438 clamavi,
3292 4383 3345 4427 et
3374 4386 3542 4426 exan-

1953 4503 1972 4536 ι
2017 4484 2152 4538 divit
2183 4497 2286 4536 me.
2335 4480 2580 4542 Domine,
2607 4477 2776 4532 libera
2810 4473 3046 4528 animam
3095 4485 3270 4523 mcam
3314 4482 3342 4519 a
3385 4464 3546 4518 labiis

1957 4600 1974 4629 ‹
2020 4577 2219 4646 iniquis
2247 4585 2300 4630 ct
2345 4589 2376 4627 a
2423 4572 2607 4642 lingua
2643 4569 2846 4624 dolosa.
2896 4565 3038 4633 Quid
3077 4554 3239 4617 detur
3289 4559 3415 4622 tibi,
3453 4566 3548 4610 aut

1961 4688 1978 4720 ι
2025 4669 2153 4740 quid
2185 4674 2487 4737 apponatur
2512 4661 2605 4717 tibi
2634 4662 2700 4716 ad
2745 4659 2982 4730 linguam
3011 4651 3285 4710 dolosam?
3315 4649 3543 4720 Sagitta:

1962 4783 1980 4815 ι
2025 4762 2264 4833 potentis
2297 4766 2501 4823 acutar,
2532 4771 2652 4810 cum
2682 4749 3011 4808 carbonibus
3037 4743 3400 4803 dcsolatoriis.
3433 4741 3546 4794 llcu

1963 4876 1980 4908 ι
2027 4856 2158 4911 mihi
2193 4853 2318 4924 quia
2368 4849 2634 4906 incolatns
2682 4861 2835 4900 meus
2862 4843 3214 4915 prolongatus
3240 4847 3350 4897 cst,
3397 4835 3550 4888 habi-

1961 4969 1978 5001 ι
2025 4948 2132 5002 tavi
2160 4962 2290 5002 cum
2338 4941 2709 4999 habitantibus
2748 4937 2942 5001 Cedar,
2974 4933 3198 4989 multum
3232 4927 3403 4984 incola
3453 4925 3553 4978 fuit

1960 5062 1977 5091 ε
2022 5040 2202 5093 anima
2252 5050 2391 5090 mea.
2441 5033 2576 5089 Cum
2618 5032 2703 5086 his
2747 5030 2837 5100 qui
2869 5015 3111 5083 'odcrunt
3150 5037 3369 5093 pacem,
3401 5034 3549 5072 eram

1963 5151 1979 5181 ι
2028 5128 2330 5201 pacificus:
2365 5140 2489 5180 cum
2534 5121 2800 5192 loquebar
2846 5118 2990 5182 illis,
3035 5111 3421 5184 impugnabant
3467 5121 3553 5162 me

1965 5247 1981 5274 ‹
2031 5221 2218 5294 gratis.
2260 5239 2276 5269 ι

2536 5299 2980 5360 ΕΝΑΒΒΑΤΙΟ.

2033 5413 2089 5467 ιιι
2120 5409 2310 5482 primis
2346 5405 2636 5461 videndum
2660 5411 2764 5465 est,
2795 5412 2962 5469 quare
2987 5394 3186 5466 gradus
3219 5390 3303 5444 his
3329 5384 3554 5457 psalmis

1963 5474 2252 5573 designati,
2292 5497 2546 5553 dicantur
2572 5507 2689 5548 esse
2721 5486 3028 5558 quindecim
3058 5483 3236 5552 potius
3271 5492 3430 5547 quam
3459 5474 3524 5527 de

1964 5567 2205 5652 ccmvaut
2229 5589 2443 5660 viginti.
2485 5587 2542 5640 In
2572 5582 2771 5652 templo
2799 5577 3104 5634 Salomonis
3145 5579 3302 5626 erant
3332 5567 3559 5639 quinde-

1964 5689 2071 5743 cim
2121 5657 2320 5755 gradus
2371 5677 2648 5749 dispositi,
2697 5689 2796 5744 per
2838 5685 2974 5741 quos
3013 5675 3131 5723 erat
3187 5675 3440 5718 ascensus
3475 5657 3557 5710 'ad

1969 5753 2168 5835 Sancta
2224 5781 2534 5829 sanctorum
2582 5763 2823 5839 pontiﬁci
2880 5760 3046 5819 semel
3101 5760 3150 5813 in
3202 5770 3342 5811 anno
3394 5753 3558 5808 intro:
