4034 6474
535 345 639 404 767

1166 341 1431 401 REMIGII
1464 338 2125 403 ANTISSIODOBENSIS
2159 337 2315 398 OPP.
2354 337 2555 396 PARS.
2596 337 2726 395 1.-
2746 336 3186 397 EXEGETICA.
3770 335 3865 390 τω.

535 454 686 514 eunti
710 453 906 528 (Exod.
932 470 1036 514 xxx
1060 494 1076 521 ,
1109 454 1273 511 Hebr.
1303 455 1405 528 Ix).
1436 454 1719 528 Templum
1747 454 1877 510 illud
1905 462 1992 510 est
2012 451 2116 507 Εε-
2141 452 2191 513 A
2217 449 2479 504 canticum
2511 448 2795 521 graduum,
2829 449 2883 504 id
2907 457 3012 515 est,
3033 462 3205 504 unus
3235 445 3317 502 de
3341 442 3552 501 multis
3580 442 3853 517 gradibus:

538 546 720 610 clesia,
753 546 807 601 in
834 561 940 616 qua
976 560 1166 603 omnes
1201 547 1390 617 ﬁdeles
1408 558 1537 603 sunt
1555 546 1853 604 secundum
1886 544 2012 601 ﬁdei
2036 560 2124 601 sa-

539 649 840 697 cramenta.
870 639 1083 697 Gradus
1105 640 1184 697 illi
1204 641 1447 709 ,virtutes
1471 648 1618 705 sunt,
1644 655 1743 713 per
1767 655 1903 710 quas
1932 639 2128 694 anima:

541 729 730 786 ﬁdeles
765 729 1067 787 ascendunt
1093 737 1150 786 et
1176 739 1569 802 promoventur.
1590 732 1659 809 ad
1686 746 1815 787 vera
1841 736 2029 786 sancta
2073 727 2129 783 in

540 821 758 877 domum
785 836 892 878 non
919 820 1314 901 manul‘actam,
1340 810 1669 879 manentem
1707 822 1763 879 in
1802 821 1993 889 caelis,
2037 820 2129 878 ubi

540 910 803 968 Dominus
844 910 1001 989 Jesus
1041 910 1158 982 jam
1199 911 1494 969 collocatus
1538 922 1623 969 est
1671 912 1725 968 in
1770 913 1995 969 dextera
2034 911 2131 968 Dei

540 1000 722 1061 Patris
747 1020 760 1058 :
791 1017 900 1077 quo
924 1001 1072 1060 solus
1106 1002 1352 1068 intravit,
1378 1003 1634 1073 quoniam
1678 1002 2007 1075 singularem
2034 1018 2131 1059 su-

540 1092 917 1153 blimationem
940 1093 1169 1165 accepit,
1186 1093 1544 1167 singulariter
1560 1094 1788 1161 exaltari
1807 1096 2125 1166 promeruit.

541 1182 672 1239 llluc
710 1184 875 1244 etiam
907 1174 1196 1264 multitudo
1242 1184 1480 1241 ﬁdelium
1520 1200 1620 1257 per
1672 1187 1775 1243 bos
1821 1184 2132 1256 quindecim

541 1275 741 1347 gradus
779 1277 1060 1357 ascendit,
1110 1277 1366 1347 quoniam
1414 1287 1621 1348 quanto
1674 1276 2037 1347 promotiores
2078 1288 2135 1333 et

542 1363 763 1421 altiores
784 1364 839 1420 in
856 1365 1145 1443 virtutibus
1166 1377 1316 1432 sunt,
1339 1373 1491 1423 tanto
1505 1381 1766 1438 supernas
1787 1367 1979 1438 patria;
1999 1366 2135 1422 vici-

543 1455 727 1513 niores
742 1464 868 1512 sunt
884 1475 898 1512 :
919 1464 1068 1512 tanto
1082 1458 1254 1530 magis
1267 1458 1333 1513 ad
1354 1459 1555 1523 Sancta
1572 1467 1881 1514 sanctorum
1896 1473 2003 1513 non
2017 1457 2137 1513 loco

545 1545 641 1603 sed
668 1547 1021 1603 similitudine
1053 1547 1178 1603 vita:
1227 1549 1516 1605 accedunt.
1558 1546 1955 1616 Quindenarius
2002 1563 2134 1604 con—

543 1648 658 1693 stat
686 1654 751 1694 ex
784 1639 1065 1695 octonario
1083 1647 1138 1719 et
1160 1641 1486 1710 septenario.
1521 1613 1625 1696 Sed
1648 1613 1747 1710 per
1770 1638 2135 1710 septenarium

547 1730 871 1803 intelligitur
898 1730 1068 1789 Vetus
1092 1732 1499 1788 Testamentum
1527 1773 1542 1800 ,
1573 1740 1799 1804 propter
1833 1730 2131 1788 Sabbatum

2227 539 2319 609 qui
2348 539 2471 595 ideo
2506 539 2756 597 dicuntur
2783 541 2992 596 cantica
3016 581 3031 607 ,
3060 537 3370 612 quoniam
3398 538 3602 593 omnia
3631 536 3721 592 illa
3759 554 3867 610 quas

2229 630 2285 686 in
2312 631 2395 686 bis
2420 630 2642 701 psalmis
2674 631 3044 703 designantur,
3078 634 3377 702 spectant
3413 627 3490 682 ad
3522 626 3758 683 futuram
3783 644 3855 686 re.

2202 778 2203 781 η
2230 722 2686 788 munerationem,
2714 723 2806 778 ubi
2837 721 3022 779 lietitia
3049 719 3354 794 perennis
3398 728 3513 777 est.
3554 718 3713 788 Quod
3748 736 3861 778 vero

2230 811 2514 884 pluraliter
2560 813 2694 869 dicit
2719 813 3023 885 graduum,
3066 801 3366 884 designat
3415 809 3856 881 multiplicitatetv

2230 906 2492 962 virtutum
2523 916 2578 962 et
2614 905 3053 975 coniunctionem
3094 914 3162 961 et
3199 903 3654 968 cohaerentiam,
3684 918 3851 972 quous

2232 1013 2338 1069 que
2365 999 2712 1069 perveniatur
2756 999 2825 1055 ad
2867 1008 3055 1055 sancta
3111 1006 3518 1063 sanctorum,
3563 997 3633 1051 ad
3668 1005 3860 1053 aeterna:

2232 1089 2420 1162 gloria:
2449 1104 2696 1162 regnum.
2724 1090 2805 1145 Illi
2830 1090 2996 1161 igitur
3016 1088 3227 1146 ﬁdeles
3252 1103 3512 1160 quorum
3542 1090 3859 1144 conversatio

2234 1181 2289 1237 in
2322 1181 2477 1237 oculis
2501 1193 2585 1237 est
2613 1180 2782 1254 (Phil.
2819 1180 2928 1254 ut),
2953 1181 3047 1253 qui
3071 1181 3205 1254 jam
3240 1188 3645 1252 pervenerunt
3684 1179 3761 1234 ad
3786 1196 3855 1236 suo

2232 1287 2482 1345 premum
2508 1274 2759 1343 gradum,
2799 1288 3062 1330 ascensus
3104 1272 3205 1329 sui
3260 1270 3487 1343 gradus
3520 1280 3580 1326 et
3620 1270 3852 1326 virtutum

2208 1363 2629 1434 ,promotionem
2673 1364 2797 1421 aliis
2843 1363 2935 1420 bic
2979 1363 3292 1429 referunt,
3348 1370 3420 1417 ut
3464 1377 3567 1416 eos
3598 1362 3653 1415 in
3695 1376 3851 1416 ascea-

2235 1457 2412 1515 dendo
2451 1466 2768 1529 sequantur,
2819 1465 2877 1513 et
2921 1472 3017 1514 eos
3069 1459 3125 1513 in
3193 1455 3573 1528 promotione
3622 1456 3846 1511 virtutum

2206 1592 2211 1595 -
2235 1550 2541 1618 imitentur,
2569 1551 2740 1607 donec
2760 1550 2891 1606 illud
2915 1551 2968 1607 in
2992 1551 3074 1607 eis
3100 1550 3436 1623 impleatur
3457 1548 3609 1620 quod
3634 1549 3849 1617 superius

2236 1642 2439 1700 dicitur
2474 1661 2488 1698 :
2542 1663 2561 1696 ι
2593 1643 2751 1700 lbunt
2796 1645 2864 1699 de
2889 1644 3092 1699 virtute
3120 1643 3184 1700 in
3217 1643 3505 1698 virtutem
3544 1656 3562 1696 :
3608 1640 3843 1697 videbitur

2237 1737 2382 1794 Deus
2425 1736 2658 1792 Deorum
2710 1737 2766 1792 in
2814 1735 2945 1791 Sion
3004 1734 3125 1806 (Ps.
3175 1733 3464 1803 Lxxxm).
3511 1752 3533 1785 ι
3585 1730 3841 1787 Sciendum

545 1822 616 1879 de
643 1822 798 1894 cujus
835 1825 1219 1883 observatione
1258 1835 1588 1898 praeceptum
1636 1834 1722 1883 est
1766 1826 1821 1883 in
1867 1824 2128 1903 lege..Ve|
2158 1818 2205 1879 Β
2233 1837 2413 1886 autem
2440 1829 2585 1901 quod
2611 1829 2905 1901 aliquando
2929 1829 2990 1884 ﬁt
3018 1829 3241 1900 gradus
3273 1829 3351 1882 de
3385 1825 3597 1882 virtute
3631 1823 3682 1878 in
3703 1822 3835 1877 aliam

546 1932 646 1988 per
672 1927 900 1989 septem,
938 1921 1173 1978 mundus
1202 1921 1304 1977 iste
1331 1929 1512 1992 potest
1558 1920 1754 1993 accipi,
1798 1921 1890 1992 qui
1929 1929 2135 1992 septem

548 2007 738 2065 diebus
763 2010 1000 2066 volvitur
1021 2027 1052 2067 a
1084 2012 1350 2084 principio
1399 2011 1505 2067 sui.
1544 2011 1615 2067 Et
1649 2012 1907 2084 quoniam
1943 2013 2134 2068 obser-

547 2102 729 2161 vantia
758 2103 973 2160 Veteris
998 2102 1337 2178 Testamenti
1362 2104 1430 2159 ad
1463 2104 1812 2174 temporalem
1871 2113 1927 2159 et
1964 2113 2139 2161 trans-

550 2190 772 2249 itoriam
820 2194 1314 2251 remunerationem
1365 2195 1679 2265 spectabat,
1716 2210 1814 2265 pro
1843 2195 2136 2265 sospitate,

554 2296 655 2352 pro
686 2283 1045 2339 diuturnitate
1099 2285 1219 2340 vita:
1242 2325 1258 2350 ,
1296 2300 1396 2355 pro
1427 2285 1828 2357 multiplicitate
1850 2286 2137 2353 ﬁliorum,

550 2390 652 2449 pro
690 2376 916 2432 victoria
960 2386 1016 2434 et
1060 2394 1160 2449 pro
1205 2377 1328 2434 aliis
1378 2360 1793 2450 temporalibus.
1821 2378 2026 2445 ﬁebat,
2071 2379 2140 2434 ad

551 2472 916 2543 septenarium
943 2482 1000 2529 et
1023 2473 1091 2528 ad
1112 2488 1173 2529 ea
1213 2488 1335 2544 qua:
1371 2474 1556 2530 surculi
1584 2471 1746 2542 hujus
1771 2481 1918 2540 stmt,
1951 2473 2140 2530 Testa-

555 2570 800 2618 mentum
818 2563 998 2641 ertus
1017 2564 1343 2634 pertinebat.
1361 2565 1427 2620 Et
1454 2567 1576 2621 ideo
1596 2566 1791 2621 merito
1815 2581 1913 2636 per
1935 2576 2141 2638 septem

557 2652 843 2725 accipitur.
871 2653 976 2709 Per
995 2656 1334 2711 octonarium
1356 2671 1487 2731 vero
1512 2654 1719 2711 Novum
1739 2655 2139 2713 Testamentum

554 2745 896 2816 signiﬁcatur
923 2755 1145 2817 propter
1168 2754 1416 2823 octavam
1446 2747 1588 2803 diem
1631 2746 1684 2802 in
1735 2763 1841 2819 qua
1884 2746 2143 2803 Dominus

556 2849 743 2896 noster
762 2842 1098 2907 resurrexit,
1124 2841 1214 2897 ubi
1240 2841 1344 2897 fuit
1364 2841 1689 2912 principium
1717 2850 1773 2897 et
1800 2842 2143 2897 conﬁrmatio

561 2931 695 2988 Novi
721 2931 1079 2989 Testamenti.
1112 2933 1213 3002 Qui
1247 2933 1371 2991 ideo
1415 2933 1617 2989 dicitur
1646 2934 2015 2989 resurrexisse
2056 2934 2146 2989 die

556 3030 772 3086 octava,
806 3037 910 3079 non
954 3024 1171 3093 prima:
1203 3024 1328 3092 quia
1372 3038 1478 3079 non
1521 3022 1757 3078 surrexit
1800 3022 1868 3078 ad
1896 3022 1995 3078 bos
2030 3023 2145 3078 dies

558 3113 653 3185 qui
676 3113 969 3169 volvuntur
992 3128 1090 3184 per
1115 3114 1482 3184 septenarium
1505 3128 1815 3181 numerum,
1841 3114 1936 3170 sed
1964 3114 2145 3185 potius

560 3205 616 3259 in
643 3213 850 3261 aeterna
887 3212 945 3261 et
966 3203 1315 3260 indefectibili
1343 3205 1452 3260 vita
1480 3221 1497 3260 :
1533 3205 1586 3259 in
1612 3204 1917 3260 aeternitate
1937 3204 2145 3260 scilicet

559 3302 618 3350 et
638 3293 691 3350 in
720 3302 909 3351 octava
941 3293 1048 3353 die.
1080 3309 1200 3365 qua:
1226 3302 1348 3363 post
1393 3293 1686 3355 transitum
1716 3294 1908 3351 borum
1939 3302 2145 3363 septem

563 3385 773 3441 dierum
802 3396 889 3443 est
913 3385 1127 3452 futura,
1159 3402 1279 3457 qua:
1305 3402 1412 3442 non
1443 3387 1550 3443 erit
1577 3387 1683 3443 alia
1713 3387 1820 3446 nisi
1848 3386 2143 3444 aeternitas.

562 3475 660 3534 Vel
703 3478 824 3534 ideo
879 3494 976 3549 per
1017 3480 1357 3538 octonarium
1405 3494 1693 3551 numerum
1743 3487 1922 3551 potest
1975 3478 2147 3550 accipi

563 3564 773 3628 Novum
804 3567 1235 3634 Testamentum,
1267 3568 1525 3639 quoniam
1561 3568 1739 3623 omnis
1784 3567 1939 3624 labor
1964 3578 2151 3622 noster

560 3666 618 3719 et
647 3657 826 3717 omnis
846 3660 1092 3729 operatio
1138 3669 1323 3716 nostra
1356 3661 1497 3717 bona
1517 3700 1532 3724 ,
1560 3659 1769 3715 scilicet
1795 3658 1928 3714 Novi
1959 3659 2153 3713 Testa-

563 3749 732 3811 menti
760 3749 1126 3817 observantia,
1153 3752 1219 3809 ad
1257 3762 1502 3808 octavam
1547 3759 1604 3808 et
1629 3750 1863 3808 futuram
1903 3763 2151 3806 remune-

562 3844 829 3905 rationem
863 3853 1091 3917 spectat.
1121 3845 1412 3921 Exsccutio
1442 3846 1611 3918 igitur
1638 3845 2014 3901 mandatorum
2042 3841 2151 3900 Ve-

561 3934 699 3994 teris
719 3935 929 3995 scilicet
948 3945 1006 3992 et
1034 3935 1189 4002 Novi,
1213 3952 1311 4006 per
1334 3936 1643 4006 quindecim
1669 3935 1869 4005 gradus
1896 3934 2148 4006 designa-

564 4035 676 4093 tur,
728 4042 826 4097 per
867 4043 1004 4098 quos
1065 4029 1132 4083 ad
1178 4043 1303 4082 vera
1358 4035 1546 4084 sancta
1600 4035 1910 4082 sanctorum
1959 4026 2153 4079 anima:

563 4118 709 4175 ﬁdeli
736 4119 898 4174 datur
920 4133 1200 4174 ascensus.
1227 4119 1332 4175 Per
1356 4129 1561 4190 septem
1581 4120 1744 4174 etiam
1778 4118 2153 4189 perveniemus

562 4211 633 4266 ad
660 4219 807 4277 octo,
828 4210 1087 4282 quoniam
1113 4224 1213 4282 per
1234 4210 1417 4266 omnia
1444 4212 1584 4266 bona
1615 4221 1800 4267 nostra
1837 4224 2002 4280 opera
2032 4226 2154 4281 quae

565 4306 705 4360 ﬁunt
732 4305 784 4359 in
817 4305 921 4361 bac
949 4303 1232 4376 temporali
1263 4304 1394 4367 vita,
1422 4304 1802 4375 perveniemus
1832 4304 2047 4358 tandem
2083 4302 2152 4359 ad

561 4404 807 4452 octavam
824 4395 989 4461 diem,
1008 4395 1062 4450 id
1079 4404 1187 4462 est,
1199 4395 1267 4451 ad
1283 4394 1517 4451 caelestis
1530 4395 1719 4465 patriae
1730 4395 2148 4465 perennitatem.

560 4486 778 4544 Gradus
817 4488 957 4558 apud
989 4502 1088 4543 nos
1138 4496 1248 4542 tam
1289 4487 1610 4544 descensum
1646 4501 1811 4557 quam
1859 4499 2147 4544 ascensum

562 4578 869 4650 signiﬁcat:
898 4578 1020 4634 ideo
1050 4594 1147 4649 per
1168 4578 1391 4653 gradum
1434 4593 1542 4633 non
1567 4577 1827 4647 debemus
1853 4576 2151 4644 intelligere

562 4669 909 4736 descensum,
933 4669 1027 4725 sed
1051 4669 1389 4725 solummodo
1403 4685 1716 4725 ascensum.
1740 4668 1939 4726 Psalmi
1967 4677 2151 4725 autem

563 4760 655 4817 isti
679 4759 774 4831 qui
815 4759 1070 4816 dicuntur
1099 4761 1308 4815 cantica
1332 4761 1593 4830 graduum
1616 4800 1635 4828 ,
1663 4768 1719 4817 et
1759 4769 1888 4817 sunt
1919 4760 2151 4831 quinde-

563 4853 694 4916 cim,
725 4866 829 4906 non
860 4850 929 4909 ad
954 4849 1313 4909 imitationem
1340 4850 1553 4905 illorum
1580 4849 1842 4921 graduum
1873 4851 1965 4920 qui
1995 4857 2154 4905 erant

564 4944 620 5000 in
659 4941 858 5013 templo
899 4940 1207 4998 Salomonis
1248 4940 1375 4996 facti
1421 4950 1589 5006 sunt,
1622 4956 1747 4996 cum
1786 4940 1951 4995 David
1994 4940 2154 5010 longe

563 5043 691 5090 ante
713 5032 880 5088 ﬁlium
901 5032 1263 5103 praecesserit,
1282 5031 1491 5103 hosque
1510 5032 1744 5103 psalmos
1768 5031 1909 5087 sicut
1928 5039 1985 5088 et
2012 5030 2150 5087 alios

564 5126 620 5181 in
651 5123 811 5180 laude
835 5124 932 5180 Dei
962 5110 1372 5180 decantaverit:
1408 5124 1503 5180 sed
1526 5125 1725 5196 gradus
1770 5123 1848 5179 illi
1878 5138 1975 5195 per
2000 5122 2151 5178 Salo-

565 5230 781 5272 monem
806 5214 875 5270 ad
906 5214 1264 5269 imitationem
1286 5214 1598 5270 earumdem
1624 5216 1906 5278 virtutum,
1931 5227 2052 5286 quae
2092 5212 2149 5266 in

564 5321 897 5380 psa.morum
954 5306 1184 5362 istorum
1244 5321 1475 5363 numero
1529 5305 1877 5373 designantur
1903 5343 1920 5370 ,
1987 5302 2149 5374 positi

567 5412 718 5470 sunt,
745 5403 873 5476 quia
915 5402 1058 5460 idem
1087 5402 1313 5475 spiritus
1341 5402 1432 5472 qui
1465 5400 1632 5457 David
1660 5399 1843 5459 docuit
1871 5400 1973 5456 bos
2006 5399 2151 5471 psal-

570 5512 686 5553 mos
723 5498 778 5551 in
823 5496 1085 5566 mysterio
1131 5493 1445 5567 angelorum
1491 5493 1823 5558 decantare,
1864 5491 2053 5569 docuit
2094 5498 2151 5547 et

570 5584 915 5641 Salomoncm
938 5585 1228 5656 quamdam
1252 5600 1431 5642 rerum
1452 5583 1938 5656 praeﬁgurationem
1960 5583 2148 5640 eadem

568 5686 827 5757 mysteria
852 5687 907 5742 in
932 5686 1094 5743 domo
1118 5686 1237 5754 Dei,
1262 5702 1382 5757 qua:
1407 5695 1492 5742 est
1520 5685 1780 5752 Ecclesia,
1810 5684 2150 5757 postmodum

573 5785 779 5858 agenda
828 5798 1267 5858 pramonstrare.
1302 5787 1545 5845 Psalmus
1591 5794 1772 5843 autem
1818 5787 1920 5843 iste
1958 5785 2183 5842 dicitur-

2216 1923 2516 1987 »virtutem,
2547 1922 2843 1994 aliquando
2872 1922 2928 1978 in
2964 1924 3164 1977 eadem
3196 1921 3424 1976 virtute
3472 1918 3832 1973 fundamento:

2236 2017 2364 2089 quia
2407 2018 2461 2074 in
2510 2032 2837 2089 unaquaque
2867 2023 2925 2072 et
2955 2016 3133 2087 magis
3193 2007 3259 2070 et
3293 2014 3491 2069 minus
3536 2009 3735 2066 remissi
3766 2010 3827 2064 vol

2238 2109 2436 2165 inteusi
2459 2123 2582 2165 esse
2611 2123 2925 2181 possumus.
2949 2107 3177 2164 Primus
3200 2095 3428 2176 gradus
3457 2111 3547 2158 est
3570 2102 3736 2157 oratio
3753 2115 3827 2170 pro

2239 2194 2365 2257 ﬁdei
2407 2201 2776 2265 fundamento,
2799 2201 2891 2271 qui
2924 2198 3046 2255 talis
3087 2213 3225 2255 esse
3257 2197 3518 2259 videtur,
3566 2202 3622 2247 ut
3662 2192 3730 2247 illi
3750 2192 3821 2262 qui

2233 2295 2344 2365 jam
2368 2294 2568 2349 suntin
2604 2294 2821 2364 templo,
2852 2292 2903 2348 in
2935 2291 3181 2347 Ecclesia
3217 2289 3324 2345 Dei
3352 2303 3461 2358 per
3497 2285 3671 2348 ﬁdem,
3692 2291 3817 2339 orent

2238 2385 2340 2440 sibi
2372 2384 2488 2441 dari
2519 2385 2763 2440 notitiam
2788 2383 3208 2453 Scripturarum
3259 2387 3323 2435 et
3353 2377 3697 2433 autoritatem
3716 2389 3814 2428 san-

2239 2485 2449 2532 ctorum
2478 2477 2719 2539 Patrum,
2748 2473 3332 2532 ad‘conﬁrmationem
3366 2469 3496 2524 ﬁdei
3528 2482 3634 2523 sua:
3665 2472 3812 2520 contra

2239 2570 2524 2640 perﬁdiam
2555 2570 2997 2640 blasphemarqu
3029 2575 3084 2623 et
3120 2562 3613 2638 impugnationem
3633 2555 3798 2613 haustiE

2241 2676 2449 2717 corum.
2701 2716 2705 2720 ἢ

2311 2750 2393 2804 Ad
2417 2750 2699 2805 Dominum
2727 2765 2850 2804 cum
2886 2747 3178 2804 tribularer
3206 2746 3478 2802 clantavi.
3519 2742 3642 2799 Cum
3662 2736 3800 2793 anxia.

2243 2856 2332 2899 rer
2356 2840 2688 2912 blasphemis
2703 2839 2886 2896 verbis
2909 2837 3297 2894 inﬁdeliumet
3321 2832 3709 2907 impugnatione
3722 2828 3796 2880 lia-

2242 2936 2561 3001 reticorum,
2577 2935 2670 3006 qui
2684 2933 2821 2989 mibi
2841 2948 3027 2988 veram
3055 2931 3222 2988 ﬁdem
3247 2930 3623 2986 moliebantur
3640 2928 3794 2977 excute

2246 3046 2327 3097 re,
2350 3029 2571 3084 clamavi
2591 3029 2662 3083 ad
2685 3027 2969 3083 Dominum
2987 3024 3079 3097 qui
3104 3039 3197 3080 me
3221 3030 3454 3096 poterat
3477 3016 3786 3074 corroborat;

2245 3128 2301 3175 et
2330 3135 2434 3174 non
2460 3133 2580 3175 sum
2608 3119 2919 3181 frustratus,
2962 3115 3089 3185 quia
3127 3111 3421 3169 exaudivit
3446 3124 3549 3163 me.
3579 3104 3682 3160 Hoc
3702 3098 3793 3155 dicit

2226 3210 2476 3281 quadam
2505 3208 2911 3279 anticipatione,
2944 3214 3003 3260 ut
3039 3204 3330 3259 auditores
3357 3198 3533 3271 magis
3569 3187 3795 3281 incitetul

2249 3279 2614 3361 clamandum.
2646 3314 2710 3355 ac
2735 3298 2783 3354 si
2823 3297 2969 3353 dicat
2999 3314 3014 3350 :
3047 3294 3184 3352 Cum
3226 3286 3554 3363 hujusmodi
3580 3279 3800 3340 tribulatio

2249 3394 2533 3465 ingruerit,
2560 3392 2808 3464 exemplo
2832 3404 2952 3446 meo
2986 3388 3246 3453 clamate,
3276 3395 3337 3442 et
3385 3381 3638 3438 Dominus
3672 3386 3797 3432 ειη

2249 3486 2362 3543 diet
2379 3486 2505 3542 vos:
2532 3485 2773 3549 Domine,
2799 3483 2961 3539 libera
2980 3482 3215 3537 animum
3239 3495 3442 3535 meam.
3468 3468 3797 3534 Clamavicrgo

2249 3578 2326 3634 ita
2360 3578 2547 3634 dicens
2575 3596 2589 3631 :
2627 3575 2674 3632 0
2701 3575 2939 3641 Domine,
2967 3575 3058 3645 qui
3078 3583 3265 3643 potens
3290 3588 3369 3637 es,
3406 3568 3633 3623 animam
3661 3568 3791 3614 meum

2249 3667 2306 3724 in
2342 3667 2667 3724 rectitudine
2706 3664 2831 3720 ﬁdei
2872 3663 3218 3729 existentem,
3258 3670 3318 3717 et
3364 3674 3463 3729 per
3512 3652 3627 3710 ﬁdei
3656 3658 3792 3705 sum

2249 3767 2492 3815 mentum
2514 3757 2626 3829 jam
2656 3756 2947 3819 viventem,
2979 3754 3149 3810 libera
3174 3752 3400 3822 a_labiis
3422 3746 3630 3819 iniquis,
3652 3740 3785 3795 idest.

2250 3868 2283 3909 a
2310 3850 2640 3923 blasphemis
2661 3849 2845 3906 verbis
2872 3847 3225 3919 perﬁdorum,
3249 3844 3349 3916 qui
3380 3828 3787 3900 manifesteﬁdeﬂ

2252 3952 2402 4000 tuam
2426 3945 2761 4014 impugnant.
2788 3939 2870 3995 Et
2896 3958 2929 3995 α
2971 3938 3151 4009 lingua
3181 3936 3393 4002 dolosa,
3436 3933 3491 3989 id
3523 3933 3779 4014 est,aiver-

2251 4034 2337 4090 bis
2374 4010 2772 4096 lueretieorum,
2803 4046 2873 4085 ne
2898 4028 3114 4085 occulto
3141 4042 3335 4083 eorum
3376 4036 3582 4079 veneno
3610 4010 3782 4071 inﬁciab

2252 4122 2346 4190 qui
2391 4120 2557 4175 multa
2608 4135 2739 4176 vera
2782 4127 2838 4174 et
2869 4117 3020 4174 utilia
3050 4116 3274 4176 falsitati
3306 4113 3645 4171 intersean
3674 4109 3784 4155 ιιιεο

2253 4213 2466 4271 facilius
2487 4211 2782 4283 decipiant.
2812 4209 2955 4278 Quid
2974 4210 3130 4283 detur
3164 4208 3280 4265 tibi.
3313 4206 3609 4275 Antequam
3631 4194 3782 4251 clama-

2260 4325 2376 4366 rem
2406 4348 2423 4373 ο
2477 4316 2768 4378 antequam
2817 4305 3103 4363 Dominum
3171 4315 3231 4360 ut
3287 4305 3541 4360 liberaret
3581 4303 3780 4349 orarem.

2255 4401 2329 4462 ita
2377 4416 2587 4457 mecum
2634 4399 2982 4473 deliberando
3026 4396 3331 4454 meditabar
3353 4437 3369 4463 ,
3419 4391 3668 4449 admirans
3711 4392 3778 4449 pe-

2255 4491 2410 4549 riculi
2456 4490 2901 4563 magnitudinem,
2945 4497 3001 4546 et
3022 4488 3209 4544 dicens
3234 4504 3257 4542 εν
3296 4486 3341 4542 0
3382 4494 3460 4549 tu,
3489 4479 3651 4537 anima
3672 4482 3775 4563 mea.

2251 4583 2379 4654 quid
2406 4562 2567 4638 detur,
2584 4581 2676 4636 tibi
2695 4581 2764 4635 ad
2790 4579 3026 4651 linguam
3049 4578 3309 4651 ἀοιοιαυμ,
3339 4576 3389 4632 id
3416 4582 3515 4638 est,
3536 4579 3642 4639 qua:
3660 4562 3772 4654 arma.

2253 4644 2461 4745 possint
2490 4673 2584 4729 tibi
2619 4672 2736 4728 dari
2772 4671 2839 4731 ad
2868 4644 3518 4738 devincendamlinguam
3552 4644 3773 4751 dolosatn?

2253 4777 2344 4825 aut
2375 4767 2420 4822 si
2451 4783 2558 4823 non
2581 4766 2705 4822 data
2743 4764 2841 4820 tibi
2865 4764 3068 4821 fuerint
3087 4763 3284 4833 quibus
3309 4758 3479 4832 possis
3497 4766 3604 4809 eam
3628 4745 3768 4833 detin‘

2251 4873 2401 4924 cere,
2428 4857 2618 4913 saltem
2656 4854 2805 4927 quid,
2852 4854 2904 4909 id
2941 4861 3047 4919 est,
3077 4854 3221 4923 quod
3268 4850 3618 4921 tegimentum,

2257 4961 2424 5007 natur
2440 4950 2532 5005 tibi
2560 4964 2628 5005 ne
2655 4947 2960 5006 occidaris?
2983 4947 3110 5002 Ideo
3139 4954 3318 5002 autem
3343 4938 3524 5014 quaerit
3546 4931 3763 5028 metumet:

2257 5052 2453 5101 contra
2469 5041 2706 5112 linguam
2729 5039 2974 5097 dolosam
2994 5038 3397 5101 haereticorum,
3414 5027 3530 5101 quia
3552 5014 3765 5112 maius?

2255 5100 2328 5192 illi
2373 5100 2703 5205 pericuium,
2739 5140 2797 5188 et
2846 5129 3021 5200 major
3056 5127 3340 5186 difficultas
3377 5100 3760 5205 defendendligw

2256 5202 2441 5283 dolose
2466 5224 2666 5297 agitur,
2695 5239 2858 5294 quam
2888 5222 2981 5278 ubi
3008 5220 3295 5277 manifeste
3322 5216 3437 5289 quis

2257 5284 2767 5388 Sagittaupotenti-s.
2816 5312 2951 5370 Cum
3004 5310 3311 5382 huiusmodi
3341 5284 3485 5363 arma
3528 5289 3638 5353 mihi
3924 5298 3929 5387 ί

2255 5364 2487 5481 possint,
2516 5364 2846 5479 excogitavi,
2870 5364 3303 5474 scilicetuagiua:
3321 5390 3521 5471 potentis
3539 5364 3753 5481 animiin?

2256 5469 2363 5566 est,
2390 5469 2684 5556 sententia;
2698 5469 2870 5557 sacrae
2889 5469 3187 5567 Scriptura:
3202 5502 3259 5550 et
3278 5469 3496 5562 cognitio
3526 5469 3750 5567 νεῲωξυξξπ

2257 5558 2376 5657 Deiri
2410 5608 2530 5663 (Ιιιω
2555 5599 2685 5647 sunt
2719 5597 2879 5647 acuta
2905 5595 2962 5644 et
2988 5558 3057 5663 ad
3089 5558 3492 5654 transﬁgendutn

2261 5685 2526 5743 micorum
2549 5682 2790 5742 eﬁicacia
2822 5701 2834 5736 :
2868 5690 2925 5737 et
2946 5658 3057 5736 non
3085 5686 3292 5739 tantum
3320 5673 3541 5783 respectu:
3565 5652 3743 5783 suis“:

2460 5781 2469 5783 “
2561 5780 2570 5783 “
2711 5776 2760 5783 ⁸·
2972 5774 2984 5783 ·
3178 5780 3186 5783 -
3305 5781 3311 5783 -
3382 5765 3433 5783 .s-
3499 5755 3524 5783 :.
3581 5761 3628 5783 ,ις
3690 5768 3702 5783 ,

2264 5790 2345 5850 ta,
2377 5781 2471 5839 sed
2500 5780 2665 5837 etiam
2711 5776 2854 5843 ideo,
2893 5774 3022 5846 quia
3066 5780 3195 5830 sunt
3229 5765 3453 5842 potentis,
3498 5752 3542 5812 id
3581 5750 3702 5803 ostii
