4034 6484
162 482 217 537 7
232 484 353 542 69

166 595 601 666 ounripotenti
626 596 740 650 Deo
769 594 993 651 directa.
1041 596 1252 652 Dictum
1290 605 1376 652 est
1409 598 1479 653 ab
1510 597 1599 651 illa
1636 596 1825 652 simili-
1855 606 1900 663 Α

171 691 476 757 tudine,
522 690 649 759 quia
693 689 739 742 si
798 687 993 758 aliquis
1049 689 1257 759 peritus
1315 689 1607 759 sagittandi
1660 687 1831 742 mittit

168 784 493 852 sagittas,
522 778 771 835 elﬁcaces
811 788 936 833 sunt
978 779 1046 833 ad
1091 778 1547 834 interﬁciendum.
1598 776 1656 832 Si
1702 790 1832 832 vero

172 869 532 942 isnperitus
566 870 749 933 mittit,
786 868 911 923 licet
962 869 1113 923 bona:
1144 870 1254 923 sint
1324 879 1582 939 quantum
1624 869 1691 922 ad
1736 883 1829 933 se,

178 969 424 1015 tamen
441 967 567 1015 sunt
594 959 911 1013 ineﬂicaces.
929 957 1169 1029 Sagittw,
1189 960 1433 1028 inquam,
1458 960 1683 1029 potentis
1710 974 1832 1029 pos-

172 1066 273 1105 su
286 1060 365 1106 nt
380 1051 513 1104 mihi
527 1051 591 1105 da
601 1050 644 1103 ri
658 1065 774 1103 cum
792 1049 1104 1104 carbonibus
1118 1066 1225 1105 non
1238 1051 1543 1115 exstinctis,
1570 1051 1662 1106 sed
1683 1051 1835 1105 deso-

176 1143 473 1209 latoriis,
508 1142 561 1197 id
587 1149 691 1207 est,
725 1141 1093 1195 vastatoribus
1131 1150 1186 1195 et
1214 1142 1688 1205 succendentibus,
1731 1142 1832 1195 hoc

177 1234 337 1297 est,
374 1234 488 1288 vita
514 1241 569 1286 et
597 1233 892 1287 auctoritas
926 1242 1241 1287 sanctorum
1287 1232 1531 1299 Patrum,
1560 1232 1831 1302 apostolo—

182 1339 353 1377 rum
411 1324 620 1380 scilicet
658 1335 714 1380 et
760 1324 988 1380 aliorum
1042 1327 1360 1391 doctorum,
1416 1330 1505 1395 qui
1555 1342 1660 1381 non
1706 1336 1832 1381 sunt

180 1408 491 1471 exstincti
529 1418 794 1472 carbones
852 1417 921 1471 ab
976 1417 1378 1487 impugnatioue
1427 1419 1828 1483 hzereticorum,

189 1501 325 1562 sed
362 1520 495 1563 sunt
524 1509 647 1579 igne
687 1508 859 1563 sancti
910 1507 1149 1579 Spiritus
1193 1510 1470 1573 ardentes,
1519 1518 1573 1563 et
1614 1524 1830 1564 onmem

188 1600 489 1659 hmresim
516 1601 863 1655 incendentes
886 1608 939 1655 et
967 1601 1330 1657 devastantes.
1356 1600 1507 1667 Quod
1529 1602 1572 1657 si
1604 1613 1830 1672 utraque

193 1689 350 1745 haec
376 1689 475 1744 tibi
506 1691 620 1745 dari
651 1705 756 1743 non
780 1698 1028 1759 possunt,
1059 1692 1324 1755 tranima,
1362 1691 1579 1755 saltem,
1606 1693 1659 1745 id
1686 1693 1829 1761 quod

197 1774 424 1836 utilius
455 1790 559 1847 est,
588 1781 883 1835 auctoritas
925 1791 1238 1837 sanctorum
1281 1782 1501 1837 Patrum
1546 1783 1599 1837 in
1645 1784 1831 1839 delen-

201 1874 447 1929 sionem
479 1874 577 1929 t'tbi
613 1883 935 1944 apponatur.
987 1873 1107 1928 Heu
1160 1875 1308 1929 mihi.
1354 1875 1545 1931 Adhuc
1593 1876 1830 1931 ostendit

202 1964 667 2035 magnitudinem
719 1964 966 2034 periculi.
1016 1964 1269 2030 Clamavi,
1328 1966 1570 2037 inquam.
1627 1968 1695 2022 Et
1732 1967 1901 2026 ne-B

207 2071 388 2111 cosse
416 2066 502 2111 est
528 2065 587 2111 ut
608 2072 694 2111 me
717 2058 981 2113 exaudias
1015 2067 1071 2114 et
1103 2058 1300 2114 liberes
1333 2060 1457 2130 quia
1486 2060 1608 2127 heu,
1642 2063 1694 2116 id
1721 2073 1823 2127 est,

208 2142 388 2205 dolor
413 2150 541 2204 mihi
574 2159 677 2216 est,
716 2151 839 2220 quia
864 2151 1126 2205 incolatus
1153 2168 1320 2216 meus,
1353 2153 1409 2207 id
1434 2162 1537 2219 est,
1588 2155 1830 2226 peregri-

211 2246 385 2298 natio
436 2260 575 2311 mea,
620 2245 672 2298 in
712 2261 817 2315 qua
864 2245 1083 2299 differor
1125 2262 1154 2299 a
1205 2246 1400 2317 patria,
1428 2248 1643 2302 videtur
1695 2248 1828 2304 mihi

220 2335 402 2390 nimis
446 2351 567 2391 esse
608 2336 943 2406 prolongata.
1000 2335 1110 2392 Nec
1163 2346 1342 2393 tamen
1393 2350 1614 2409 propter
1653 2339 1827 2395 solum

220 2427 527 2482 incolatum
560 2427 734 2493 doleo,
759 2430 853 2484 sed
898 2430 1023 2499 quia
1051 2430 1287 2485 habitavi
1324 2447 1441 2484 cum
1472 2432 1827 2488 habitantibus

226 2520 437 2583 Cedar,
472 2518 523 2571 id
552 2528 656 2583 est,
683 2533 804 2573 cum
850 2518 957 2573 illis
985 2519 1076 2589 qui
1122 2519 1372 2575 tenebras
1404 2520 1725 2591 ignorantia:
1748 2524 1827 2578 sic

221 2611 543 2680 patiuntur,
581 2619 641 2665 ut
686 2611 737 2665 in
784 2611 890 2667 illis
938 2620 1293 2681 permaneant
1327 2621 1383 2667 et
1426 2615 1577 2681 quasi
1613 2614 1825 2668 inhabi-

225 2711 371 2758 teut.
398 2702 461 2756 Et
487 2718 552 2757 ne
577 2701 771 2772 aliquis
797 2712 1015 2772 putaret
1039 2718 1162 2759 eum
1209 2705 1274 2759 de
1304 2704 1540 2760 incolatu
1572 2707 1819 2776 corporis

235 2794 445 2857 dicere,
475 2792 666 2847 addit:
702 2792 927 2847 Multum
975 2793 1147 2848 incola
1193 2794 1293 2864 fuit
1354 2796 1531 2849 anima
1581 2813 1718 2861 mea,
1773 2797 1823 2851 itl

226 2891 341 2949 est,
386 2892 673 2954 antequam
725 2884 1015 2939 clamarent
1053 2893 1108 2939 et
1154 2884 1529 2941 liberationem
1578 2902 1819 2952 orarem,

224 2973 393 3044 longe
421 2982 627 3027 remota
653 2972 754 3027 fuit
778 2988 808 3025 a
838 2973 1027 3043 patria.
1065 2974 1130 3027 Et
1157 2982 1212 3027 ut
1240 2974 1307 3029 ad
1345 2990 1529 3029 veram
1579 2985 1825 3030 sanctam

221 3073 549 3120 sanctorum
582 3073 636 3117 et
661 3064 727 3118 ad
751 3065 984 3135 patriam
1017 3066 1271 3120 omnibus
1308 3064 1553 3121 ﬁdelibus
1597 3067 1825 3136 promis-

223 3177 349 3218 sam
400 3161 755 3227 accederem,
810 3160 1176 3214 necessarium
1239 3160 1339 3214 fuit
1384 3160 1517 3214 mihi
1567 3159 1821 3225 clamare,

225 3255 467 3325 sagittas
493 3263 679 3308 acutas
717 3263 772 3307 et
799 3252 1064 3308 carbones
1112 3252 1470 3308 desolatorios
1513 3252 1734 3317 habere,
1764 3261 1825 3306 ut

226 3347 418 3401 anima
451 3360 570 3401 mea
600 3360 630 3399 a
656 3354 802 3399 tanta
843 3344 925 3398 sui
964 3344 1132 3414 ipsius
1171 3344 1441 3399 oblivione
1482 3344 1550 3398 ad
1593 3344 1825 3411 seipsam
1853 3329 1898 3391 C

226 3439 459 3502 rediret,
487 3446 543 3493 et
567 3436 754 3493 oculos
774 3452 903 3491 suos
928 3437 997 3490 ab
1023 3436 1181 3507 hujus
1206 3436 1391 3491 mundi
1422 3435 1829 3503 deceptionibus

226 3528 494 3593 elevatus,
543 3527 609 3582 ad
656 3543 839 3582 veram
892 3527 1122 3597 patriam
1180 3527 1507 3593 intenderet,
1557 3536 1613 3581 et
1656 3526 1828 3596 magis

228 3619 514 3690 magisque
538 3620 603 3674 ad
644 3618 788 3672 illam
816 3618 1118 3673 accederet.
1160 3617 1415 3673 Omnium
1458 3619 1675 3687 quidem
1711 3619 1829 3673 ani-

234 3724 341 3764 ma:
374 3710 461 3764 hic
488 3720 613 3763 sunt
643 3708 852 3775 incolae,
883 3708 936 3762 id
971 3718 1053 3762 cst
1090 3709 1425 3778 peregrinae:
1474 3708 1567 3761 sed
1598 3722 1826 3777 quorum

228 3802 574 3857 conversatio
595 3802 649 3856 in
678 3800 829 3857 etelis
854 3811 937 3856 est
964 3800 1131 3873 (Phil.
1164 3801 1247 3873 ιιι)
1277 3818 1380 3855 non
1407 3801 1541 3856 adeo
1590 3801 1827 3872 peregri-

233 3903 437 3949 nantur
458 3902 517 3947 ut
543 3894 795 3947 aliorum.
836 3891 968 3947 Cum
1006 3892 1085 3946 his
1122 3893 1213 3963 qui
1252 3894 1473 3947 oderunt
1519 3910 1720 3963 pacem.
1757 3894 1827 3948 Et

233 4001 342 4041 non
372 3993 579 4038 tantum
602 3984 702 4039 heu
728 3983 857 4037 mihi
886 3998 983 4053 pro
1004 3983 1106 4038 hoc
1127 3983 1270 4054 quod
1296 3983 1534 4038 habitavi
1565 3998 1689 4038 cum
1720 3983 1824 4049 eis,

239 4077 332 4131 sed
368 4075 492 4145 quia
520 4075 753 4129 oderunt
792 4090 897 4139 me,
942 4090 1064 4127 cum
1096 4082 1273 4128 tamen
1312 4089 1413 4144 ego
1447 4087 1568 4129 cum
1615 4073 1695 4129 eis
1741 4088 1829 4130 es-

240 4184 351 4223 sem
391 4168 673 4237 paciﬁcus,
704 4168 847 4237 quod
882 4167 1043 4222 nimis
1070 4176 1154 4222 est
1180 4166 1413 4222 diﬁicile.
1437 4167 1502 4221 Et
1522 4183 1628 4223 non
1651 4166 1826 4222 solum

236 4262 490 4327 oderunt,
520 4262 614 4317 sed
644 4263 807 4317 etiam
854 4263 1307 4333 impugnaverunt
1343 4277 1424 4315 me
1454 4261 1661 4327 verbis,
1697 4262 1825 4332 quia

238 4358 476 4411 nondum
516 4357 805 4412 conscendi
856 4358 921 4412 ad
965 4366 1255 4412 tormenta.
1300 4358 1365 4410 Et
1400 4358 1506 4413 hoc
1551 4356 1741 4427 gratis,
1771 4356 1825 4411 id

236 4457 341 4512 εει,
373 4449 490 4504 sine
516 4464 700 4514 causa,
744 4449 891 4504 nullo
939 4452 1097 4504 modo
1134 4449 1453 4504 commerui.
1493 4448 1594 4505 Vel
1637 4448 1825 4519 gratis,

237 4541 294 4595 id
319 4548 423 4606 est,
448 4539 668 4605 frustra,
697 4541 958 4610 quoniam
1000 4556 1086 4596 me
1114 4541 1333 4595 vincere
1360 4554 1470 4595 non
1510 4547 1822 4610 potuerunt.

235 4633 371 4689 Cum
417 4621 665 4703 loquebar
700 4632 830 4699 illis,
877 4634 929 4688 id
966 4643 1069 4699 est,
1123 4633 1339 4704 quando
1386 4632 1592 4687 monita
1634 4629 1826 4687 salutis

238 4729 454 4784 dabam.

774 4820 1093 4877 PSALMUS
1132 4819 1294 4876 CXX.

742 4928 1009 4967 CANTICUI
1047 4927 1320 4969 οιιρωυυιι.

314 5022 330 5053 ι
373 5003 566 5057 Levavi
588 5001 774 5057 oculos
800 5018 946 5055 meos
968 5003 1020 5055 in
1044 5011 1274 5066 montes,
1302 5000 1443 5055 unde
1473 5000 1652 5055 veniet
1675 4998 1828 5053 auxi-

248 5112 265 5143 ι
311 5094 443 5147 lium
478 5092 630 5147 mihi.
661 5093 937 5146 Auxilium
986 5108 1165 5147 meum
1199 5108 1226 5147 a
1276 5092 1525 5157 Domino,
1557 5091 1650 5161 qui
1698 5090 1829 5147 t'ecit

246 5204 263 5236 ι
308 5184 507 5239 cadum
529 5193 586 5239 et
607 5194 829 5239 terram.
855 5183 970 5239 Non
992 5183 1082 5239 det
1107 5184 1159 5238 in
1183 5184 1603 5239 commotionem
1633 5183 1824 5253 pedem

248 5295 266 5326 ι
311 5285 481 5340 ιιιιιιιι,
512 5290 687 5345 neque
739 5276 971 5330 dormiet
1014 5275 1106 5346 qui
1153 5276 1389 5331 custodit
1420 5285 1492 5330 te.
1543 5275 1682 5330 Ecce
1718 5290 1826 5329 non

251 5390 267 5422 ι
314 5370 627 5427 dormitabit
662 5385 837 5438 neque
866 5368 1099 5423 dormiet
1124 5368 1216 5438 qui
1246 5368 1484 5423 custodit
1506 5365 1689 5423 Israel.
1724 5367 1829 5422 Do-

251 5480 268 5513 ι
311 5461 489 5515 minus
527 5460 760 5515 custodit
813 5469 897 5523 te,
943 5458 1203 5512 Dominus
1243 5458 1510 5527 protectio
1548 5467 1636 5512 tua
1664 5474 1828 5528 super

252 5571 270 5604 ι
311 5566 530 5606 manum
571 5552 851 5606 dexteram
910 5559 1081 5604 tuam.
1123 5548 1228 5603 Per
1262 5549 1405 5603 diem
1440 5548 1521 5603 sol
1562 5564 1667 5603 non
1708 5558 1830 5603 uret

251 5664 269 5695 ι
316 5651 390 5707 ιε,
414 5656 588 5712 neque
611 5640 735 5694 luna
764 5656 858 5710 per
879 5648 1114 5695 noctem.
1148 5637 1406 5693 Dominus
1424 5638 1659 5693 custodit
1684 5647 1734 5692 te
1760 5639 1828 5692 ab

253 5752 271 5784 ι
310 5731 460 5787 omni
488 5729 646 5794 malo,
679 5729 1205 5784 custodiatanimam
1248 5736 1392 5781 tuam
1416 5725 1697 5781 Dominus.
1728 5726 1829 5779 Do-

255 5845 273 5876 s
319 5824 496 5879 minus
524 5822 792 5877 custodiat
823 5821 1096 5875 introitum
1132 5828 1280 5873 tuum
1324 5828 1378 5874 et
1401 5819 1605 5875 exitum
1656 5826 1826 5885 tuum,

256 5940 273 5971 ι
316 5933 384 5973 ex
415 5917 515 5971 hoc
534 5931 686 5970 nunc
709 5923 762 5968 et
792 5928 959 5984 usque
991 5911 1347 5968 in'saeculum.
1380 5930 1402 5967 ι

1374 481 1909 541 ENARRATIONES
1947 481 2013 537 IN
2051 482 2389 541 PSALMOS.

3402 489 3506 544 770

2500 594 2792 668 ENARRA
2805 598 2948 657 rto.

2003 688 2061 742 In
2095 689 2267 759 priori
2304 692 2472 761 gradu
2508 692 2715 761 positus
2757 692 2809 746 in
2840 693 3103 763 periculo,
3132 709 3232 765 pro
3271 695 3374 751 ﬁde
3403 697 3520 752 cla—

1934 778 2128 834 mavit.
2160 779 2217 834 in
2235 781 2337 836 hoc
2360 796 2487 836 vero
2512 783 2955 852 consecutusjam
2978 785 3353 839 certitudinem
3370 784 3515 852 ﬁdei,

1932 870 2064 924 dicit
2114 886 2173 929 se
2202 871 2515 926 exauditam
2563 886 2719 939 esse,
2769 882 2825 929 et
2871 875 2927 929 in
2985 874 3295 945 cognitione
3347 891 3518 932 sacra:

1934 964 2249 1033 Scripturaz,
2279 976 2335 1022 et
2368 968 2422 1023 in
2448 982 2759 1023 sanctorum
2789 968 3006 1024 Patrum
3036 973 3357 1027 auctoritate

2001 1053 2191 1109 Levavi
2221 1056 2400 1111 oculos
2425 1075 2585 1112 meos.
2618 1060 2728 1128 Ego
2758 1061 2847 1131 qui
2880 1060 2931 1114 in
2976 1061 3416 1119 tribulationibus
3450 1064 3519 1120 ad

1931 1143 2216 1199 Dominum
2268 1146 2519 1213 clamavi,
2554 1149 2862 1215 exauditus,
2906 1148 3068 1204 levavi
3108 1150 3284 1205 oculos
3324 1154 3525 1209 mentis

1931 1250 2085 1301 meae,
2119 1236 2268 1305 prius
2296 1238 2596 1308 ignorantia
2627 1248 2682 1295 et
2729 1242 2909 1311 inopia
2949 1242 3180 1313 exempli
3209 1244 3516 1313 depressos,

1929 1327 1984 1381 in
2013 1338 2235 1394 montes,
2269 1329 2321 1383 id
2352 1339 2454 1396 εει,
2484 1331 2536 1384 in
2572 1333 2873 1386 doctrinam
2908 1333 2989 1387 vel
3035 1334 3199 1387 vitam
3229 1336 3516 1402 tuentium,

1930 1419 1983 1473 id
2013 1429 2115 1485 est,
2141 1422 2535 1491 prophetarum
2568 1433 2622 1478 et
2650 1424 3037 1493 apostolorum,
3071 1440 3099 1479 a
3132 1426 3330 1495 quibus
3356 1428 3517 1481 auxi—

1929 1508 2058 1561 lium
2091 1510 2218 1563 mihi
2256 1512 2401 1565 venit
2430 1520 2485 1567 et
2516 1514 2899 1581 superveniet:
2934 1515 3059 1585 quia
3089 1516 3269 1572 nullus
3303 1526 3515 1571 tantum

1929 1598 1981 1650 in
2017 1598 2197 1652 divina
2237 1600 2434 1670 pagina
2484 1601 2719 1671 proﬁcit,
2767 1604 2897 1672 quin
2947 1618 3162 1675 semper
3208 1604 3379 1676 magis
3404 1621 3519 1662 ma-

1928 1690 2117 1758 gisque
2145 1690 2408 1758 proﬁcere
2452 1692 2643 1761 possit.
2685 1693 2957 1747 Auxilium
3002 1711 3174 1748 meum
3204 1712 3236 1748 a
3263 1695 3514 1751 Domino.

1927 1778 2079 1834 Licet
2125 1781 2353 1834 dixerim
2395 1783 2537 1851 quod
2590 1785 2658 1837 ab
2690 1784 2774 1838 his
2817 1785 2949 1838 mihi
2999 1785 3181 1839 veniat
3230 1786 3515 1851 auxilium,

1930 1881 2105 1927 tamen
2156 1874 2413 1927 auxilium
2461 1891 2686 1929 meuma
2717 1876 2942 1929 Domino
2981 1878 3162 1947 potius
3195 1887 3277 1933 est
3325 1879 3519 1934 dicen-

1931 1968 2077 2031 dum,
2109 1968 2199 2035 qui
2232 1967 2355 2036 fecit
2390 1968 2572 2023 ctelum
2614 1980 2663 2024 et
2700 1979 2912 2034 terram,
2945 1971 3000 2025 id
3035 1981 3137 2037 est,
3178 1971 3271 2041 qui
3308 1971 3439 2027 fecit
3465 1980 3520 2026 et

1930 2073 2026 2113 eos
2056 2058 2252 2112 caelum
2297 2069 2350 2112 et
2386 2075 2471 2115 me
2515 2069 2737 2115 terram.
2784 2060 2873 2116 Vel
2902 2062 2992 2131 qui
3026 2062 3153 2117 iecit
3201 2063 3432 2133 majores
3464 2074 3519 2117 et

1931 2151 2187 2229 minores.
2242 2150 2367 2205 Non
2414 2154 2497 2205 det
2547 2153 2601 2205 in
2641 2154 3060 2207 commotionem.
3116 2153 3272 2208 Modo
3314 2154 3518 2209 faciens

1928 2241 2339 2296 conversionem
2385 2242 2453 2295 ad
2479 2242 2762 2297 auditores
2795 2244 2877 2296 vel
2902 2243 2967 2296 ad
3012 2243 3272 2313 seipsum,
3305 2253 3426 2298 orat
3459 2253 3520 2298 ut

1928 2333 2070 2387 Deus
2107 2332 2275 2387 faciat
2305 2349 2428 2387 eum
2468 2342 2809 2388 constantem
2840 2335 2891 2387 in
2923 2334 3333 2391 conﬁrmatione
3369 2335 3516 2403 ﬁdei,

1926 2426 2113 2479 dicens
2159 2442 2172 2479 :
2220 2425 2481 2479 Dominus
2530 2443 2634 2480 non
2680 2427 2788 2493 det,
2841 2426 2894 2480 id
2942 2436 3027 2482 est
3064 2442 3169 2482 non
3218 2429 3515 2498 permittat,

1924 2518 2107 2587 pedem
2129 2525 2276 2570 tuum
2304 2518 2359 2572 in
2389 2519 2807 2585 commotionem,
2832 2518 2885 2574 id
2914 2527 3020 2583 est,
3045 2519 3408 2587 allec-tionem,
3431 2521 3517 2576 vel

1926 2610 2086 2666 ﬁdem
2113 2621 2258 2668 tuam
2290 2627 2396 2668 non
2425 2612 2663 2682 patiatur
2687 2614 3035 2668 commutari.
3066 2614 3133 2667 Et
3171 2616 3260 2685 qui
3287 2616 3517 2669 custodit

1925 2711 1975 2756 te
2013 2704 2309 2757 secundum
2355 2704 2843 2772 perseverantiam,
2894 2719 3000 2757 non
3038 2704 3303 2770 dormitet,
3330 2705 3382 2759 id
3412 2713 3517 2769 est,

1928 2810 2038 2850 non
2070 2796 2347 2865 permittat
2399 2803 2449 2849 te
2491 2794 2747 2849 vacillare
2790 2804 2844 2849 et
2890 2794 3138 2849 hebetem
3169 2811 3290 2851 esse
3317 2795 3369 2849 in
3403 2796 3518 2866 ipsa

1927 2886 2050 2940 ﬁde.
2091 2885 2229 2939 Ecce
2270 2903 2374 2939 non
2404 2885 2729 2939 dormitabit.
2778 2884 2931 2940 Sicut
2958 2887 3130 2949 oravi,
3171 2886 3243 2940 ita
3281 2887 3385 2941 erit
3416 2902 3517 2957 pro

1924 2986 2095 3032 certo.
2125 2977 2217 3030 ille
2243 2977 2332 3047 qui
2358 2975 2581 3030 custodit
2638 2974 2833 3040 Israel,
2859 2974 3102 3030 videntes
3140 2984 3193 3030 et
3231 2976 3283 3030 in
3315 2992 3374 3031 se
3397 2992 3519 3032 cre-

1924 3069 2134 3133 dentes,
2165 3085 2303 3134 ecce,
2353 3068 2407 3123 id
2450 3076 2556 3133 est,
2601 3070 2655 3122 in
2688 3067 2939 3139 praesenti
2987 3078 3041 3122 et
3073 3066 3317 3133 indilate,
3370 3070 3515 3139 quod

1923 3160 2139 3230 probari
2167 3167 2345 3229 potest
2369 3168 2423 3214 et
2446 3159 2685 3231 agnosci,
2717 3176 2820 3213 non
2849 3158 3174 3223 dormitabit,
3201 3159 3252 3213 id
3275 3169 3382 3224 est,
3410 3174 3516 3213 non

1926 3251 2205 3321 permittet
2248 3262 2299 3305 te
2325 3260 2537 3316 nutare,
2567 3267 2730 3321 neque
2773 3250 3015 3317 dormiet,
3050 3250 3101 3305 id
3133 3260 3236 3315 est,
3280 3267 3385 3305 non
3425 3266 3520 3321 pa-

1932 3341 2096 3394 tietur
2127 3340 2253 3394 tein
2287 3340 2724 3395 tribulationibus
2768 3340 3018 3395 deﬁcere.
3060 3341 3315 3395 Dominus
3341 3352 3515 3395 custo-

1929 3432 2005 3485 dit
2057 3442 2125 3486 te.
2155 3430 2297 3486 Vere
2334 3432 2571 3486 custodit
2602 3441 2673 3496 te,
2711 3432 2854 3499 quod
2889 3430 3016 3486 inde
3059 3431 3274 3501 probari
3319 3440 3516 3501 potest,

1927 3522 2062 3589 Quia
2094 3523 2209 3593 ipse
2230 3522 2486 3576 Dominus
2513 3530 2598 3577 est
2626 3522 2679 3576 in
2707 3523 2868 3577 rebus
2897 3531 3093 3592 potens
3117 3524 3183 3576 ad
3212 3523 3516 3577 faciendum

1928 3616 2049 3679 hoc,
2084 3624 2139 3668 et
2167 3614 2283 3684 ipse
2302 3624 2385 3669 est
2412 3614 2664 3684 protectio
2689 3624 2804 3678 tua,
2841 3623 3028 3669 contra
3060 3615 3511 3685 impugnationes.

1925 3704 1996 3759 Et
2023 3721 2127 3759 non
2155 3712 2363 3758 tantum
2391 3705 2763 3759 corroboravit
2795 3714 2845 3759 te
2872 3705 2923 3760 in
2953 3704 3077 3771 ﬁde,
3107 3709 3199 3761 sed
3226 3708 3330 3761 erit
3350 3707 3514 3762 etiam

1926 3795 2164 3849 existens
2195 3810 2353 3863 super
2387 3810 2601 3848 manum
2634 3798 2904 3848 dexteram
2935 3806 3103 3860 tuam,
3134 3796 3185 3850 id
3218 3804 3319 3861 est,
3352 3812 3519 3868 super

1926 3885 2242 3956 patientiam
2266 3894 2322 3939 et
2354 3885 2512 3939 ﬁdem
2539 3894 2710 3949 tuam,
2742 3899 2842 3955 pro
2862 3900 2967 3955 qua
2999 3893 3054 3939 tu
3079 3885 3436 3941 collocaberis
3458 3886 3514 3940 in

1926 3980 2145 4033 dextera
2177 3978 2317 4033 Dei:
2356 3992 2476 4047 quae
2508 3986 2595 4031 tua
2644 3978 2863 4041 dicitur,
2898 3978 3022 4048 quia
3075 3986 3131 4031 tu
3180 3977 3373 4032 frueris
3402 3977 3512 4033 illa.

1926 4068 2022 4124 Vel
2045 4068 2284 4124 existens
2304 4084 2460 4138 super
2478 4084 2713 4132 manum,
2742 4066 2793 4121 id
2817 4076 2900 4122 est
2921 4083 3084 4138 super
3104 4069 3473 4139 operationem
3496 4085 3512 4121 :

1927 4163 2114 4219 ethoc
2142 4162 2493 4224 determinat,
2524 4161 2735 4216 scilicet
2778 4160 3047 4215 dexteram
3097 4171 3267 4226 tuam,
3315 4160 3366 4216 id
3406 4168 3514 4231 est,

1925 4268 2089 4323 super
2112 4255 2307 4307 bonam
2334 4251 2727 4320 Operationem,
2756 4250 2812 4304 in
2842 4265 2947 4319 qua
2980 4258 3223 4321 prmeget
3250 4259 3303 4305 te
3324 4265 3516 4305 secun-

1925 4346 2052 4400 dum
2089 4344 2568 4415 perseverantiam.
2610 4342 2716 4397 Per
2756 4343 2894 4397 diem
2921 4342 3001 4397 sol
3037 4359 3140 4396 non
3185 4354 3297 4396 uret
3337 4354 3402 4397 te.
3436 4343 3514 4397 Ita

1926 4437 2193 4493 custodiet
2228 4446 2301 4501 te,
2340 4436 2483 4506 quod
2511 4433 2590 4488 sol
2632 4450 2737 4488 non
2763 4442 2877 4487 uret
2913 4444 2962 4487 te
3005 4449 3098 4503 per
3127 4433 3286 4496 diem,
3324 4433 3376 4485 id
3407 4442 3510 4498 est,

1925 4527 2177 4584 Christus
2205 4526 2297 4596 qui
2323 4534 2408 4580 est
2436 4540 2600 4579 verus
2628 4522 2707 4579 sol
2736 4522 3035 4577 secundum
3068 4521 3515 4575 illutninationent

1929 4620 2246 4685 divinitatis,
2278 4633 2384 4672 non
2410 4614 2695 4672 oﬁ'uscabit
2728 4624 2806 4679 te,
2860 4613 2913 4669 id
2941 4620 3047 4678 est,
3091 4628 3196 4667 non
3238 4612 3519 4682 permittet

1854 4687 1904 4746 Ῑ)
1932 4721 1985 4766 ιε
2024 4709 2378 4766 scandalizari
2428 4709 2482 4763 in
2514 4707 2620 4762 ﬁde
2646 4718 2703 4761 et
2750 4704 3029 4761 intellectu
3076 4703 3378 4759 divinitatis
3405 4719 3518 4758 sua:

1930 4802 2059 4874 qttin
2112 4817 2244 4857 sane
2273 4801 2341 4855 de
2375 4814 2439 4854 ea
2491 4799 2737 4854 sentias:
2772 4810 2934 4866 neque
2972 4793 3122 4860 luna,
3160 4795 3212 4849 id
3251 4804 3355 4860 est,
3400 4794 3517 4865 ipse

1930 4896 2072 4950 idem
2096 4894 2369 4956 Christus,
2401 4891 2493 4960 qui
2524 4890 2649 4944 luna
2683 4887 2885 4944 dicitur
2909 4896 3159 4955 respectu
3189 4901 3301 4941 suae
3327 4886 3518 4939 huma-

1929 4987 2136 5051 nitatis,
2180 5000 2302 5055 qua:
2346 4982 2446 5037 fuit
2490 4980 2740 5036 mortalis
2778 4987 2834 5034 et
2874 4977 3168 5049 passibilis,
3201 4986 3320 5031 uret
3345 4987 3398 5029 te
3425 4992 3518 5045 per

1932 5086 2153 5140 noctem,
2206 5075 2257 5129 id
2288 5081 2390 5138 est,
2430 5073 2482 5126 in
2512 5071 2617 5125 ﬁde
2656 5068 3031 5133 immanitatis,
3076 5082 3143 5121 ne
3190 5064 3393 5135 aliquid
3442 5064 3519 5117 si-

1931 5170 2157 5225 nistram
2179 5167 2248 5222 de
2275 5174 2505 5235 utraque
2536 5173 2729 5217 natura
2752 5161 2975 5217 sentias.
3011 5159 3267 5213 Dominus
3290 5156 3515 5210 custodit

1929 5270 1979 5315 te
2006 5258 2071 5314 ab
2100 5258 2244 5312 omni
2280 5254 2442 5309 malo.
2476 5252 2547 5309 Et
2579 5268 2688 5309 non
2731 5260 2943 5307 tantum
2980 5249 3241 5304 Dominus
3283 5245 3519 5301 custodit

1931 5364 1984 5409 te
2008 5354 2076 5407 ab
2098 5350 2313 5417 haeresi,
2343 5362 2464 5420 qua:
2483 5348 2554 5403 sit
2581 5347 2650 5403 de
2671 5354 2865 5401 natura
2908 5340 3216 5398 divinitatis
3243 5347 3299 5395 et
3325 5339 3519 5393 huma-

1931 5442 2118 5499 nitatis
2143 5456 2277 5507 suae,
2315 5440 2411 5495 sed
2439 5437 2603 5493 etiam
2634 5438 2701 5492 ab
2736 5434 2884 5491 omni
2921 5432 3082 5498 malo,
3109 5430 3319 5486 scilicet
3358 5426 3520 5498 hujus

1932 5537 2136 5599 mundi,
2170 5534 2253 5589 vel
2283 5534 2496 5596 hteresi,
2519 5531 2603 5585 vel
2630 5530 2807 5598 aliqua
2834 5526 3080 5598 perﬁdia,
3107 5534 3167 5579 ut
3193 5522 3328 5578 nihil
3354 5535 3519 5591 prave

1929 5630 2131 5684 sentias
2160 5643 2334 5696 neque
2370 5627 2435 5680 de
2462 5622 2817 5679 sacramentis
2843 5618 3117 5681 Ecclesiae,
3142 5631 3317 5685 neque
3342 5614 3408 5669 de
3432 5627 3519 5668 re—

1931 5721 2267 5777 surrectione
2300 5725 2635 5771 mortuorum
2657 5721 2713 5766 et
2739 5711 2972 5766 caeteris.
3006 5710 3072 5764 Et
3101 5709 3147 5763 si
3173 5708 3301 5777 quid
3325 5720 3518 5761 secun-

1931 5811 2057 5866 dum
2085 5823 2283 5878 corpus
2305 5804 2527 5876 patieris
2547 5817 2646 5873 pro
2672 5802 2794 5855 ﬁdei
2826 5800 3231 5864 observatione,
3260 5796 3517 5850 Dominus

1932 5905 2162 5961 animum
2184 5911 2330 5956 tuam
2353 5896 2620 5956 custodiet
2643 5911 2655 5948 :
2682 5893 2940 5947 Dominus
2963 5889 3222 5945 custodiat
3248 5884 3517 5941 introitum
