4034 6476
519 471 618 526 ’ἶῗι

1164 467 1422 524 REMlGll
1459 463 2114 522 ANTISSIODORENSIS
2153 463 2302 519 OPP.
2342 463 2522 520 PARS
2559 463 2601 519 Ι.
2642 493 2710 505 -
2749 454 3176 522 EXEGETICA.
3753 473 3836 527 πῖ

520 594 688 634 tuum.
721 577 789 647 Et
814 577 954 633 sicut
981 577 1275 642 enuntiavi,
1303 578 1381 632 sic
1410 575 1521 630 ﬁat.
1557 576 1809 629 Dominus
1838 574 2097 629 custodiat
2127 579 2172 638 Α
2202 573 2341 628 hanc
2377 575 2757 630 certitudinem
2780 574 2953 631 habeo
2983 577 3132 646 quod
3167 577 3395 630 ibimus
3423 581 3484 630 an
3509 577 3725 632 domum
3749 581 3836 637 Do-

519 670 788 725 introitum
831 678 1004 734 tuum,
1037 669 1106 724 ‘id
1155 675 1240 722 est
1288 669 1443 723 ﬁdem
1476 675 1644 732 tuam,
1682 681 1780 736 per
1817 681 1980 735 quam
2023 666 2102 719 in-

521 765 675 820 trasti
697 765 752 818 in
778 762 1079 820 Ecclesiam
1113 781 1129 818 :
1157 773 1207 818 et
1239 763 1438 817 exitum
1475 771 1626 816 tuum
1655 778 1686 817 a
1731 762 1836 817 ﬁde
1875 762 1928 816 in
1960 777 2103 816 mor-

521 867 652 922 tem,
685 857 738 911 id
765 865 868 922 est,
895 856 1132 912 maxime
1163 863 1216 911 te
1247 856 1520 911 custodiat
1560 857 1612 909 in
1649 854 1927 920 extremis,
1975 855 2101 924 quia

522 949 758 1003 maxime
803 949 948 1004 circa
981 947 1142 1004 ﬁnem
1185 948 1520 1019 gravissimae
1558 947 1733 1002 solent
1769 961 1889 1002 esse
1930 954 2103 1001 tenta-

522 1041 717 1096 tiones.
749 1039 1046 1106 Custodiat,
1069 1040 1312 1111 inquam,
1344 1040 1607 1110 incipiens
1636 1040 1776 1093 hanc
1800 1037 2101 1093 custodiam

519 1148 585 1187 ea:
607 1131 702 1186 hoc
732 1149 892 1197 nunc,
930 1131 982 1187 id
1012 1141 1115 1197 εει,
1145 1148 1188 1199 ,a
1231 1132 1481 1203 praesenti
1521 1146 1684 1196 nunc,
1723 1138 1777 1185 et
1809 1129 1883 1184 ita
1921 1144 2104 1199 perse-

520 1231 671 1278 veret
695 1240 858 1280 usaue
878 1224 932 1278 in
958 1224 1231 1290 swculum,
1269 1224 1319 1278 id
1350 1231 1454 1290 est,
1485 1238 1656 1294 usque
1686 1224 1751 1278 ad
1783 1223 1944 1278 ﬁnem
1968 1237 2103 1292 pra:-

522 1317 693 1372 scntis
720 1317 865 1370 vitae.

1048 1384 1368 1441 PSALMUS
1403 1384 1589 1440 CXXI.

943 1493 1284 1536 CANTICUI
1323 1493 1656 1536 GRADUUM.

599 1591 618 1622 ο
659 1571 900 1627 ιίειειυε
930 1586 1049 1625 sum
1074 1571 1128 1624 in
1155 1570 1240 1626 his
1266 1585 1386 1641 quae
1407 1572 1550 1627 dicta
1578 1580 1702 1627 sunt
1727 1569 1858 1626 mihi
1885 1587 1898 1624 :
1923 1569 1978 1624 lu
2004 1569 2104 1626 do-

526 1681 544 1712 ι
585 1677 735 1715 mum
767 1661 975 1716 Domini
1015 1661 1230 1718 ibimus.
1261 1661 1479 1718 Stantes
1517 1672 1672 1717 erant
1715 1664 1878 1734 pedes
1933 1662 2104 1717 nostri

526 1773 544 1805 ε
594 1755 647 1808 in
672 1755 826 1809 atriis
850 1754 954 1809 tuis
977 1752 1295 1809 Jerusalem.
1337 1754 1659 1820 Jerusalem,
1715 1771 1835 1826 quae
1875 1755 2109 1810 aediﬁca-

525 1865 544 1896 ς
587 1854 678 1900 tur
700 1854 761 1900 ut
786 1845 1180 1916 civitas,°cujus
1204 1843 1551 1916 participatio
1581 1845 1697 1916 ejus
1717 1845 1772 1900 in
1817 1845 1872 1900 id
1909 1845 2104 1915 ipsum.

2204 667 2354 732 mini,
2378 667 2429 721 id
2460 677 2545 723 est
2575 668 2628 722 in
2673 670 3117 741 supercoelestem
3171 667 3546 734 Jerusalem,
3588 672 3711 741 quia
3756 679 3834 730 tri-

2203 757 2299 811 bus
2334 772 2454 828 quae
2475 766 2600 813 sunt
2624 735 2862 827 ejusdem
2891 759 3244 815 conditionis
3297 769 3360 814 et
3421 735 3833 831 conspersionis,

2203 849 2356 919 cujus
2412 858 2468 904 et
2519 865 2636 917 nos,
2672 849 2797 904 illuc
2840 851 3207 906 ascenderunt
3266 865 3289 903 :
3356 851 3496 922 quia
3559 866 3833 925 sequuntur

2204 956 2400 1012 agnum
2430 956 2751 1011 quocunque
2787 942 2910 996 ierit
2941 943 3125 1015 (Apoc.
3161 945 3324 1015 xw).
3362 945 3436 999 Et
3464 962 3577 1000 non
3606 949 3832 1016 quaelibet

2206 1033 2416 1098 tribus,
2464 1033 2555 1087 sed
2604 1034 2769 1087 tribus
2819 1033 3071 1102 Domini,
3140 1037 3250 1105 qui
3309 1043 3446 1090 erat
3495 1038 3828 1092 testimonium

2203 1119 2394 1186 Israel,
2427 1122 2479 1176 id
2508 1131 2592 1177 est
2639 1122 2731 1192 qui
2785 1133 3014 1179 testatus
3063 1134 3155 1181 εει
3205 1124 3402 1182 Jacob
3433 1168 3449 1192 ,
3506 1128 3751 1184 homines
3787 1133 3827 1184 in

2203 1213 2373 1270 caelos
2404 1229 2746 1281 ascensuros,
2795 1233 2891 1286 per
2934 1218 3212 1274 Visionem
3265 1219 3486 1285 scalae,
3539 1238 3637 1294 per
3689 1241 3824 1294 quam

2211 1305 2337 1360 vidit
2395 1307 2658 1378 angelos,
2700 1309 3056 1364 ascendentes
3090 1319 3151 1364 et
3207 1311 3642 1367 descendentes
3691 1313 3822 1384 (Cen.

2211 1395 2417 1468 xxvm).
2445 1397 2511 1451 Et
2535 1398 2953 1454 determinat'ad
2995 1399 3122 1469 quid
3191 1401 3396 1455 tribus
3458 1402 3819 1470 ascenderunt,

2209 1487 2418 1543 scilicet
2450 1487 2742 1545 utlaudem
2773 1490 2964 1546 darent
2990 1492 3179 1563 gloria:
3215 1492 3351 1557 Dei,
3387 1508 3520 1563 qua:
3566 1495 3741 1550 videre
3777 1508 3821 1551 et

2207 1576 2429 1634 laudare
2452 1594 2659 1635 summa
2685 1590 2770 1636 est
2789 1581 2869 1636 cis
2892 1581 3060 1653 gloria
3105 1592 3167 1637 ct
3230 1583 3497 1654 requies.
3552 1583 3687 1650 Quia
3732 1586 3819 1639 illic

2205 1669 2464 1729 sederunt.
2546 1671 2719 1726 Etiam
2771 1673 2873 1729 hoc
2913 1657 3002 1729 est
3057 1675 3200 1730 mihi
3263 1687 3664 1747 argumentum
3713 1679 3816 1734 illuc

2208 1762 2554 1828 ascendendi,
2581 1764 2705 1832 quia
2735 1765 2842 1817 illic
2871 1765 3117 1819 sederunt
3141 1766 3316 1820 sedes
3347 1767 3407 1820 in
3423 1766 3658 1837 judicio,
3678 1766 3724 1822 id
3749 1775 3814 1822 est

2210 1854 2262 1909 in
2294 1853 2497 1910 cmlesti
2523 1854 2818 1911 Jerusalem
2835 1856 2947 1926 jam
2970 1857 3326 1928 quieverunt
3375 1857 3480 1921 illi,
3534 1857 3624 1928 qui
3671 1857 3806 1913 futuri

526 1957 546 1988 α
583 1937 715 1994 Illuc
745 1936 889 1992 enim
919 1939 1283 1993 ascenderunt
1312 1939 1506 2005 tribus,
1537 1938 1710 1993 tribus
1767 1937 1981 1993 Domini
2029 1946 2108 1992 te—
2138 1940 2181 1998 B
2212 1957 2337 2004 sunt
2365 1949 2532 2015 sedes,
2566 1950 2617 2004 id
2646 1960 2728 2005 est
2749 1949 2960 2019 judiees
2991 1952 3043 2005 in
3085 1951 3292 2007 futuro
3347 1951 3590 2023 judicio,
3635 1952 3805 2006 scilicet

526 2047 546 2081 ι
587 2031 898 2088 stimonium
928 2031 1112 2097 Israel,
1139 2031 1205 2086 ad
1231 2031 1593 2087 conﬁtendum
1632 2031 1836 2087 nomini
1873 2030 2104 2085 Domini.

525 2143 543 2173 ι
589 2123 725 2191 Quia
759 2123 869 2178 illic
898 2123 1156 2179 sederunt
1188 2123 1343 2178 sedes
1368 2125 1420 2179 in
1463 2124 1685 2194 judicio,
1737 2123 1891 2178 sedes
1947 2136 2110 2191 super

525 2231 544 2264 ε
586 2213 805 2268 domum
831 2213 1019 2268 David.
1051 2214 1256 2285 Regale
1280 2229 1400 2284 quae
1430 2215 1495 2268 ad
1538 2229 1726 2284 pacem
1783 2223 1909 2268 sunt
1954 2211 2109 2267 Jeru-

525 2322 544 2354 ε
591 2304 784 2367 salem,
820 2313 878 2360 et
903 2305 1236 2361 abundantia
1263 2306 1610 2377 diligentibus
1647 2315 1718 2360 te.
1773 2305 1895 2360 Fiat
1918 2320 2021 2374 pax
2053 2305 2106 2358 in

527 2415 547 2446 ι
584 2396 783 2452 virtute
811 2405 923 2462 tua,
951 2410 1008 2453 et
1025 2397 1354 2453 abundantia
1386 2398 1439 2452 in
1464 2399 1701 2452 turribus
1728 2399 1852 2454 tuis.
1883 2397 2110 2468 Propter

526 2506 546 2539 ι
586 2488 782 2545 fratres
803 2505 953 2546 meos
974 2499 1031 2546 et
1059 2491 1335 2562 proximos
1380 2505 1548 2557 meos,
1605 2491 1866 2560 loquebar
1921 2506 2106 2560 pacem

528 2601 546 2633 ‹
588 2583 655 2637 de
679 2590 752 2637 te.
778 2581 1007 2654 Propter
1023 2584 1244 2639 domum
1273 2582 1482 2638 Domini
1504 2582 1597 2637 Dei
1631 2583 1800 2638 nostri
1836 2623 1852 2650 ,
1886 2584 2105 2653 quaesivi

529 2694 548 2726 ι
594 2675 732 2732 bona
768 2676 883 2730 tibi.
915 2695 936 2729 ι

1083 2745 1528 2802 ENARRATIO.

591 2836 698 2892 lste
720 2839 1094 2893 conscendens
1118 2846 1237 2908 post
1289 2837 1413 2892 ﬁdei
1445 2837 1933 2902 conﬁrmationem,
1979 2836 2110 2892 dicit

522 2940 581 2981 se
605 2927 984 2982 conscendisse
1005 2941 1177 2996 usque
1201 2927 1269 2982 ad
1300 2942 1450 2996 spem
1471 2967 1486 2992 ,
1539 2942 1646 2982 non
1693 2927 1834 2996 quod
1865 2942 1988 2996 spes
2039 2927 2110 2983 sit

523 3023 683 3078 altior
711 3025 908 3094 gradus
928 3037 1091 3093 quam
1115 3022 1268 3089 ﬁdes,
1299 3023 1392 3078 sed
1414 3023 1665 3092 quoniam
1685 3023 1892 3078 habens
1903 3029 2109 3077 utrum-

522 3128 648 3182 que,
678 3113 732 3167 id
759 3124 842 3168 est
872 3113 1030 3168 tidem
1056 3121 1112 3168 et
1136 3127 1287 3183 spem
1312 3152 1328 3178 ,
1358 3111 1519 3167 altior
1566 3122 1650 3168 est
1682 3128 1749 3167 eo
1795 3113 1886 3182 qui
1943 3129 2106 3168 unum

525 3205 718 3258 horum
743 3211 952 3258 tantum
976 3203 1158 3259 habet.
1191 3202 1345 3271 Quod
1367 3203 1433 3258 de
1477 3203 1689 3258 caeteris
1725 3203 1982 3272 gradibus
2015 3216 2108 3256 ac-

525 3296 830 3367 cipiendum
859 3305 963 3352 est.

595 3387 829 3443 Lanatus
845 3404 981 3442 sum.
1007 3386 1298 3458 Postquam
1325 3386 1461 3442 adeo
1489 3385 1731 3440 munitus
1759 3384 1834 3439 lui
1884 3385 1938 3438 in
1977 3383 2101 3444 ﬁde.

527 3490 586 3534 ut
618 3495 724 3536 non
755 3481 928 3536 solum
959 3495 1063 3536 non
1087 3481 1394 3544 deﬁcerem,
1428 3481 1522 3534 sed
1565 3480 1728 3534 etiam
1767 3479 2111 3548 hlasphemos

525 3583 582 3628 et
610 3573 894 3629 haereticos
917 3574 1315 3644 impugnarem,
1348 3572 1556 3627 laetatus
1575 3589 1714 3636 sum,
1765 3572 1818 3626 id
1870 3579 1956 3626 est
2009 3585 2108 3624 au-

526 3671 855 3733 gmentatam
875 3678 1026 3732 spem
1058 3663 1241 3728 habui,
1263 3664 1319 3717 in
1339 3663 1420 3717 Itis
1443 3679 1561 3733 qua:
1610 3663 1750 3716 dicta
1798 3671 1917 3715 sunt
1957 3660 2108 3723 mihi,

527 3756 581 3810 id
609 3756 776 3812 estin
806 3757 1240 3811 consideratione
1261 3755 1636 3825 promissionis
1683 3753 1813 3807 mihi
1871 3754 2027 3807 facta
2079 3767 2108 3805 a

525 3847 804 3916 prephetis
829 3857 885 3902 et
916 3847 1192 3917 apostolis,
1221 3847 1446 3916 aliisque
1479 3844 1685 3900 sanctis
1724 3844 1872 3907 viris,
1925 3844 2108 3898 dicen-

530 3939 674 3993 tibus
705 3957 718 3992 :
750 3938 816 3993 In
840 3940 1050 3993 domum
1081 3939 1290 3993 Domini
1315 3939 1527 4002 ibimus,
1553 3938 1606 3992 id
1635 3947 1719 3992 est
1735 3936 1804 3990 ad
1831 3935 2108 3991 caelestem

531 4025 826 4085 Jerusalem
856 4031 1250 4097 perveniemus.
1277 4028 1411 4082 Cum
1440 4028 1596 4092 dixit,
1638 4028 1792 4092 mihi,
1844 4028 2108 4082 unitatem

529 4121 771 4174 omnium
795 4119 1033 4174 ﬁdelium
1066 4119 1358 4174 denotavit.
1388 4119 1521 4173 Cum
1554 4132 1684 4172 vero
1714 4117 1869 4182 dixit,
1897 4117 2108 4182 ibimus,

532 4209 929 4264 multitudinem
995 4209 1470 4266 conscendentium
1541 4207 1826 4264 intellexit.
1903 4205 2110 4262 Stantes

531 4307 806 4352 erant:et
861 4299 1130 4352 intantum
1159 4298 1293 4353 certi
1320 4297 1520 4353 luimus
1549 4313 1648 4353 nos
1696 4299 1866 4352 ituros
1920 4299 1973 4352 in
2024 4299 2112 4353 do-

531 4405 676 4446 mum
701 4389 936 4454 Domini,
969 4374 1111 4458 quod
1141 4388 1294 4458 pedes
1325 4389 1511 4451 nostri,
1565 4388 1616 4442 id
1663 4397 1748 4442 est
1799 4386 2112 4443 affectiones

530 4488 731 4534 nostra).
750 4488 807 4534 et
835 4480 1192 4549 cogitationes
1213 4488 1431 4542 nostra,
1461 4488 1658 4532 stantes
1699 4488 1872 4543 erant,
1925 4479 1977 4533 id
2028 4487 2112 4533 est

534 4569 763 4623 ﬁrmiter
782 4569 1090 4632 manebant,
1113 4570 1168 4622 in
1193 4569 1344 4623 atriis
1368 4569 1495 4632 tuis,
1519 4583 1548 4620 o
1568 4566 1863 4621 Jerusalem
1880 4607 1895 4632 ,
1934 4567 1986 4621 id
2027 4575 2111 4622 εει

535 4662 588 4715 in
617 4661 967 4730 amplitudine
992 4660 1174 4732 gloria:
1219 4669 1343 4724 tute,
1399 4660 1488 4714 ubi
1540 4658 1716 4712 nullus
1772 4659 2111 4727 possessione

534 4749 758 4804 alterius
779 4749 1178 4819 angustabitur,
1207 4749 1302 4803 sed
1325 4762 1516 4803 omnes
1540 4747 1779 4816 spatiose
1801 4757 1858 4799 et
1898 4746 2114 4816 e0piose

535 4856 762 4911 regnum
792 4841 1158 4912 possidebunt.
1208 4839 1519 4901 Jerusalem,
1559 4855 1676 4910 qua:
1704 4838 2012 4906 aediﬁcatur.
2037 4836 2115 4891 Nc

535 4933 731 5002 aliquis
749 4941 963 5003 putaret
988 4932 1137 4987 illum
1191 4933 1373 4988 dicere
1416 4932 1483 4986 de
1527 4941 1738 4987 terrena
1793 4929 2113 4994 Jerusalem,

536 5026 860 5082 determinat
881 5026 946 5081 de
965 5040 1070 5095 qua
1107 5025 1271 5080 dicat.
1318 5024 1386 5078 In
1435 5024 1588 5078 atriis
1637 5024 1778 5078 illius
1820 5021 2116 5077 Jerusalem

536 5116 678 5178 dico,
711 5131 828 5186 qua:
851 5114 1148 5184 aediﬁcatur
1175 5115 1351 5170 adhuc
1383 5113 1622 5182 quotidie
1645 5123 1697 5167 ut
1725 5113 1930 5176 civitas,
1960 5111 2010 5166 id
2037 5122 2117 5166 est

537 5208 603 5262 ad
631 5208 847 5263 modum
875 5205 1105 5276 alicujus
1126 5215 1355 5262 terrena:
1383 5206 1645 5268 civitatis,
1673 5207 1798 5275 quia
1822 5205 1966 5260 sicut
2021 5203 2116 5257 ali-

538 5313 644 5367 qua
672 5299 862 5354 civitas
891 5297 1192 5353 aediﬁcatur
1228 5311 1296 5353 ex
1349 5295 1660 5350 inanimatis
1713 5295 1998 5365 lapidibus,
2046 5294 2117 5350 ita

538 5389 628 5445 illa
655 5405 722 5446 ex
747 5389 902 5454 vivis,
932 5389 1026 5460 qui
1047 5389 1289 5458 quotidie
1328 5387 1456 5444 illuc
1510 5388 1966 5442 transmittuntur.
2019 5387 2117 5444 Fa-

536 5492 626 5538 cta
651 5482 1138 5546 determinatione,
1187 5480 1533 5535 commendat
1593 5479 1763 5550 ipsam
1821 5479 2115 5534 civitatem.

538 5575 706 5646 Cujus
732 5575 1062 5645 partieipatio
1082 5583 1165 5629 est
1191 5574 1306 5643 ejus
1337 5572 1435 5635 rei,
1467 5588 1586 5640 qua:
1605 5581 1690 5627 est
1721 5571 1944 5626 tendens
1969 5572 2024 5625 in
2065 5572 2120 5624 id

539 5670 732 5737 ipsum,
761 5668 811 5723 id
844 5679 927 5724 est
958 5669 1010 5722 in
1041 5669 1325 5730 unitatem,
1357 5666 1408 5720 id
1454 5673 1536 5720 est
1574 5678 1763 5719 omnes
1809 5663 1899 5733 qui
1952 5663 2120 5732 parti-

542 5761 788 5830 cipanlur
809 5761 918 5824 illa,
959 5761 1203 5815 eamdem
1253 5773 1369 5814 rem
1412 5764 1684 5828 quaerunt,
1732 5755 1782 5809 id
1835 5763 1919 5810 est
1965 5753 2120 5809 Chri-

543 5859 706 5913 stum,
735 5849 824 5918 qui
852 5850 958 5904 erit
983 5864 1250 5902 summum
1274 5849 1491 5913 bonum,
1530 5855 1583 5902 et
1627 5862 1817 5902 omnes
1869 5847 2117 5902 eumdem

549 5939 807 6010 recipient
853 5937 1152 5993 denarium.
1208 5937 1344 5991 Illuc
1384 5939 1518 5991 enim
1566 5938 1931 5992 ascenderunt.
1995 5936 2118 5994 Ideo

2145 4558 2208 4867 l

2211 2043 2439 2113 apostoli
2465 2053 2519 2099 et
2544 2046 2723 2100 caeteri
2753 2047 2927 2100 sancti
2955 2060 2969 2100 :
2996 2063 3156 2118 super
3189 2048 3431 2101 domum
3477 2047 3660 2111 David,
3689 2047 3797 2112 dico,

2209 2131 2355 2185 sedes
2383 2133 2667 2199 sedebunt,
2693 2133 2747 2189 id
2769 2143 2852 2190 est
2879 2135 2978 2205 ipsi
3007 2137 3099 2205 qui
3131 2147 3276 2192 sunt
3311 2138 3487 2192 sedes
3519 2137 3634 2201 Dei,
3679 2138 3797 2191 sede-

2210 2222 2344 2276 hunt
2375 2221 2666 2291 iudicaturi
2698 2224 2911 2295 ﬁdeles;
2957 2243 3079 2281 nam
3129 2228 3406 2284 inﬁdeles
3447 2226 3562 2296 jam
3608 2227 3792 2298 judicati

2211 2323 2354 2367 sunt.
2386 2313 2492 2370 Per
2513 2316 2698 2382 tribus,
2733 2318 2911 2372 minus
2929 2317 3210 2388 perfectos
3239 2337 3254 2372 :
3291 2335 3400 2388 per
3442 2320 3608 2382 sedes,
3653 2319 3790 2388 perle-

2210 2414 2326 2460 ctos
2354 2407 2650 2476 accipimus
2676 2425 2689 2461 :
2726 2406 2925 2478 Rogate
2950 2427 3067 2480 qua:
3096 2411 3170 2464 ad
3202 2427 3407 2482 parem
3438 2421 3564 2466 sunt
3604 2409 3781 2464 Jerusa-

2209 2493 2330 2550 lem.
2351 2495 2640 2567 Postquam
2672 2499 2758 2554 isti
2790 2499 3249 2568 conscendentes,
3269 2501 3370 2570 qui
3397 2501 3773 2556 adhortationem

2211 2587 2518 2644 auditorum
2543 2589 2631 2645 hic
2657 2602 2840 2662 agunt,
2866 2591 3264 2647 certitudinem
3291 2593 3416 2662 spei
3445 2607 3575 2658 sum,
3609 2591 3760 2645 scilicet

2211 2677 2263 2733 in
2286 2677 2582 2735 Jerusalem
2616 2683 2985 2752 perveniendi,
3013 2683 3398 2739 ostenderant
3427 2701 3440 2738 :
3472 2693 3580 2738 tum
3600 2691 3760 2752 propter

2211 2776 2402 2842 tribus,
2453 2786 2562 2832 tum
2613 2787 2832 2849 propter
2877 2780 3032 2835 sedes
3079 2795 3207 2850 quae
3256 2779 3380 2849 jam
3447 2779 3764 2839 ascenderunt,

2209 2869 2370 2924 modo
2400 2869 2542 2939 ipsas
2573 2871 2744 2926 tribus
2768 2880 2822 2925 et
2844 2871 2997 2926 sedes
3014 2879 3175 2925 orant
3203 2882 3321 2942 'pro
3355 2885 3420 2926 se
3472 2867 3762 2924 intercedere.

2212 2968 2270 3012 nt.
2296 2968 2349 3013 ct
2381 2961 2477 3028 ipsi
2509 2962 2833 3032 quandoque
2861 2961 2986 3016 illuc
3009 2962 3335 3031 perveniat,
3392 2960 3661 3016 dicentes:
3691 2955 3761 3008 llo-

2209 3059 2326 3120 gate
2353 3067 2470 3121 (μιαν
2499 3050 2568 3104 ad
2592 3069 2772 3120 pacem
2798 3062 2918 3106 sunt
2950 3047 3287 3117 Jerusalem,
3345 3050 3400 3106 id
3453 3057 3536 3106 est
3584 3043 3763 3101 valenti:

2210 3139 2274 3192 ad
2305 3141 2542 3208 quietem
2593 3142 2876 3196 ducentem
2930 3156 3029 3197 nos
3072 3143 3124 3196 in
3173 3142 3518 3207 Jerusalem,
3561 3141 3652 3195 hoc
3695 3145 3766 3195 est.

2210 3234 2459 3302 precibus
2487 3237 2623 3303 apud
2649 3233 2812 3288 Deum
2845 3234 3160 3299 obtineatis,
3207 3243 3272 3288 ut
3333 3234 3494 3288 nobis
3539 3232 3622 3286 det
3671 3227 3766 3281 talia

2135 3303 2180 3362 (ἶ
2215 3325 2422 3387 merita,
2456 3325 2653 3395 quibus
2688 3325 2824 3380 bene
2849 3326 3125 3395 operando
3157 3339 3487 3380 mereamur
3516 3323 3567 3376 in
3588 3319 3765 3374 Jerusa-

2213 3415 2313 3468 lem
2340 3415 2611 3469 cmlcstem
2642 3415 3023 3470 conscendere.
3078 3415 3133 3470 In
3168 3431 3284 3486 quo
3339 3413 3558 3469 hmresis
3595 3409 3762 3464 illorum

2212 3505 2531 3571 destruitur,
2569 3506 2660 3575 qui
2696 3506 2948 3560 dixerunt
2984 3506 3190 3562 sanctis
3223 3521 3336 3562 non
3371 3519 3493 3561 esse
3510 3500 3766 3572 supplican-

2212 3597 2360 3662 dum,
2397 3598 2648 3667 quoniam
2687 3597 2956 3651 nescirent
3001 3597 3128 3667 quid
3179 3597 3274 3653 hic
3335 3597 3482 3652 circa
3534 3592 3754 3663 pulverem

2212 3707 2397 3746 eorum
2431 3699 2702 3762 ageretur,
2735 3705 2857 3744 cum
2888 3689 3050 3744 etiam
3073 3688 3359 3745 daemones
3406 3695 3566 3742 tanta:
3610 3679 3756 3734 levita-

2214 3784 2282 3837 tis
2309 3795 2362 3838 et
2384 3781 2687 3836 velocitatis
2727 3781 2854 3846 sint,
2903 3791 2966 3834 ut
3014 3795 3120 3834 uno
3168 3795 3313 3852 pene
3366 3779 3648 3844 eodemque
3676 3781 3748 3823 mo,

2213 3885 2416 3938 mento,
2447 3884 2500 3928 et
2520 3875 2607 3929 hic
2629 3883 2682 3930 et
2710 3874 2763 3928 in
2789 3872 3078 3943 Babylonia
3117 3873 3250 3927 sint.
3308 3871 3416 3926 Sed
3447 3859 3750 3928 multomagis

2213 3965 2329 4020 haec
2354 3963 2587 4020 eﬁicacia
2618 3964 2880 4019 credenda
2909 3963 3065 4018 estin
3108 3963 3406 4017 animabus
3450 3963 3748 4014 sanctorum:

2213 4074 2333 4128 qua:
2357 4069 2560 4130 quanto
2590 4057 2925 4113 dremonibus
2974 4065 3100 4112 sunt
3156 4055 3453 4118 beatiores,
3497 4058 3633 4106 tanto
3659 4050 3754 4098 sunt

2213 4151 2656 4222 perspicaciores.
2700 4149 2768 4203 Et
2799 4150 3125 4204 abundantia
3173 4148 3510 4220 diligentibus
3555 4151 3614 4195 te.
3659 4133 3749 4194 Vos.

2217 4244 2455 4312 inquam,
2487 4242 2660 4297 sancti
2696 4240 2810 4305 Dei,
2836 4250 3014 4310 rogate
3043 4239 3256 4295 nobisa
3289 4239 3401 4293 Deo
3447 4227 3666 4290 exhiberi
3705 4236 3750 4277 ea

2213 4349 2328 4402 qua-
2355 4333 2425 4384 ad
2453 4348 2631 4402 pacem
2657 4341 2799 4395 sunt,
2832 4340 2885 4386 et
2917 4331 3331 4392 beatitudinem,
3365 4342 3483 4398 quae
3529 4324 3576 4376 in
3602 4329 3750 4386 sum"

2215 4421 2420 4477 ccelesti
2457 4423 2628 4491 patria
2655 4431 2760 4484 est,
2790 4421 3226 4490 consequendam
3252 4427 3381 4476 sunt
3402 4413 3636 4471 valentia.
3662 4407 3743 4459 llos

2217 4530 2404 4586 gamus
2421 4515 2582 4569 etiam
2609 4523 2662 4567 et
2690 4527 2787 4567 nos
2819 4528 2914 4582 pro
2944 4511 3098 4567 nobis
3140 4521 3196 4566 et
3240 4526 3342 4582 pro
3394 4504 3628 4563 omnibus
3655 4493 3746 4549 aliis

2216 4608 2290 4664 ita
2325 4627 2338 4662 :
2367 4606 2412 4663 Ο
2435 4605 2754 4668 Jerusalem,
2787 4604 3041 4659 omnibus
3063 4605 3153 4673 qui
3177 4614 3229 4659 te
3251 4603 3492 4671 diligunt,
3514 4596 3576 4650 sit
3613 4589 3742 4643 abun-

2217 4699 2396 4753 dantia
2426 4699 2592 4767 pacis,
2623 4697 2674 4751 id
2697 4706 2779 4750 est
2804 4695 3064 4765 quidquid
3087 4696 3350 4750 bonorum
3379 4696 3477 4751 est,
3519 4683 3613 4738 illis
3647 4688 3742 4746 pro-

2217 4791 2418 4850 veniat,
2453 4789 2543 4857 qni
2570 4802 2694 4840 vera
2723 4786 3009 4841 dilectione
3039 4794 3092 4841 te
3123 4783 3424 4838 inhabitare
3471 4770 3735 4847 pmpmm'

2218 4877 2342 4933 Fiat
2377 4895 2481 4949 pax
2508 4879 2560 4930 in
2585 4880 2769 4932 virtute
2789 4888 2899 4932 tua.
2927 4876 3082 4933 Modo
3111 4874 3331 4947 exponit
3365 4870 3445 4926 cui
3490 4864 3557 4921 rei
3604 4859 3736 4956 abun-

2217 4971 2455 5027 dantiam
2482 4969 2754 5040 deposcat.
2785 4968 2928 5034 Fiat,
2977 4969 3171 5039 inquit,
3229 4983 3353 5038 pax,
3405 4961 3453 5016 id
3499 4963 3572 5010 est
3612 4955 3729 5016 quies

2218 5078 2364 5126 vera,
2389 5062 2443 5116 in
2469 5063 2657 5115 virtute
2680 5071 2795 5125 tua,
2824 5061 2876 5116 id
2896 5070 2980 5116 est
3015 5061 3070 5114 in
3095 5059 3310 5115 Christo
3339 5054 3422 5124 qui
3465 5056 3541 5104 est
3586 5043 3732 5094 auctor

2218 5163 2274 5208 et
2304 5154 2476 5208 virtus
2505 5161 2615 5216 tua,
2651 5152 2744 5206 ﬁat
2769 5152 2926 5206 nobis
2971 5165 3071 5220 pax
3128 5151 3234 5212 ita,
3281 5155 3338 5202 ut
3393 5135 3728 5196 conformem"r

2219 5245 2267 5300 ei
2297 5263 2312 5313 ;
2345 5256 2391 5300 et
2423 5245 2746 5299 abundantia
2776 5244 2986 5299 scilicet
3017 5245 3069 5296 in
3097 5244 3326 5296 turribus
3350 5237 3466 5298 tuis,
3495 5229 3541 5284 id
3578 5227 3647 5279 εει
3669 5226 3726 5316 li"

2219 5338 2285 5392 lis
2303 5353 2405 5407 pax
2433 5337 2520 5390 ﬁat
2548 5336 2721 5401 nobis,
2749 5336 2924 5406 qualis
2947 5333 3048 5390 fuit
3069 5335 3125 5388 in
3147 5333 3370 5388 turribus
3396 5325 3506 5386 tuis,
3532 5317 3660 5372 idest
3681 5319 3719 5357 In

2220 5430 2496 5500 θροεῑοῖίε·
2529 5428 2679 5495 Quod
2705 5437 2788 5485 εει
2817 5417 3455 5498 perfectissimorurn,qui
3479 5415 3612 5466 istam
3653 5412 3719 5452 ras

2223 5530 2421 5584 tionem
2455 5527 2737 5584 eﬁ‘nndunt
2776 5531 2840 5583 ad
2878 5528 3286 5584 instructionem
3323 5511 3637 5575 aliorumi‘"
3675 5502 3714 5547 ⁸⁸

2223 5631 2323 5699 ipsi
2379 5645 2475 5700 ρον
2530 5632 2830 5686 orationem
2881 5629 3261 5685 conscendant.
3335 5617 3534 5684 Propter
3567 5605 3713 5702 fratres

2221 5744 2379 5782 meos.
2428 5728 2524 5784 llic
2543 5732 2778 5786 ostendit
2805 5730 3063 5786 orationis
3085 5744 3194 5782 suae
3214 5721 3544 5782 intentionem.
3584 5701 3706 5766 011³³³

2222 5828 2366 5883 dicat
2396 5844 2410 5882 :
2439 5829 2482 5886 Ο
2513 5829 2835 5897 Jerusalem,
2864 5845 2966 5902 ego
2987 5844 3151 5900 agens
3181 5828 3244 5883 de
3266 5836 3312 5880 te
3333 5813 3566 5890 loq'l‘b“"
3587 5800 3627 5858 id
3645 5799 3706 5902 es?

2221 5935 2534 5991 annuntiavi
2557 5953 2736 6006 pacem
2768 5948 2887 6006 quae
2914 5944 2999 5990 est
3023 5936 3073 5988 in
3102 5943 3172 6000 te,
3199 5948 3298 5988 non
3323 5928 3509 5999 propter
3529 5923 3609 5968 me,
3631 5894 3700 5954 50“
