3868 5618
33 404 141 470 '773

1171 407 1703 465 ENARRATIONES
1741 407 1808 463 IN
1851 406 2188 463 PSALMOS.

3204 407 3308 464 774

44 535 242 599 propter
264 524 465 595 fratres
490 529 656 588 meos,
682 522 891 578 scilicet
919 520 1053 576 alios
1080 520 1268 576 fideles
1288 522 1463 575 minus
1508 536 1632 590 per-
1662 530 1705 585 Α
1735 529 1820 574 rat
1869 522 1919 573 in
1951 532 2175 589 regnum
2211 509 2473 570 libertatis
2519 517 2650 568 sum.
2693 510 2939 570 Miserere
2968 518 3153 579 nostri,
3195 516 3308 574 Do-

45 619 228 681 fectos,
256 625 306 670 et
333 615 615 685 proximos
664 629 826 678 meos,
881 612 934 666 id
978 621 1062 668 est
1115 612 1285 683 magis
1337 611 1627 681 perfecws,

47 719 219 764 mutua
249 707 534 762 charitate
571 719 656 760 me
685 703 989 776 diligentes,
1037 711 1094 757 et
1137 704 1438 758 imitatores
1482 718 1631 758 meos

48 801 94 853 in
131 799 270 852 bono
289 805 512 866 propter
531 793 747 848 domum
778 793 1014 847 Domini.
1062 790 1310 849 Ostendit
1335 807 1506 862 quare
1538 790 1629 846 Je-

45 889 271 943 rusalem
309 887 458 941 bona
488 885 792 956 quaesierit,
817 884 1026 940 scilicet
1059 883 1183 954 quia
1205 883 1395 939 domus
1419 883 1628 938 Domini

46 990 138 1034 est.
177 978 255 1034 Ac
276 978 322 1032 si
344 975 540 1032 dicat:
580 976 805 1047 Propter
829 977 1045 1030 domum
1069 975 1282 1029 Domini
1323 975 1423 1030 Dei
1464 977 1630 1030 nostri

48 1068 434 1131 aedificandam,
461 1067 519 1122 id
551 1075 636 1122 est
657 1075 880 1137 pr0pter
906 1064 1092 1120 fideles
1133 1079 1203 1119 ex
1253 1065 1448 1135 quibus
1503 1080 1631 1120 con—

50 1157 267 1210 struitur
307 1156 508 1210 domus
536 1154 773 1218 Domini,
795 1153 930 1208 etin
950 1152 1145 1222 quibus
1181 1153 1296 1223 ipse
1340 1153 1630 1220 inhabitat,

50 1245 246 1316 quaesivi
273 1245 367 1299 tibi
397 1244 569 1309 bona,
597 1258 630 1297 ο
659 1242 983 1308 Jerusalem,
1015 1243 1067 1297 id
1095 1251 1180 1298 est
1221 1242 1490 1298 adducere
1535 1243 1630 1298 tibi

52 1341 184 1393 cives
210 1337 454 1392 laboravi
498 1353 511 1388 :
549 1334 692 1388 unde
735 1334 988 1404 gaudium
1041 1334 1190 1388 fieret
1227 1342 1630 1403 augmentatum

53 1431 111 1484 ad
144 1431 402 1485 honorem
426 1424 850 1494 magnificentiae
877 1432 1000 1489 tuae,
1028 1423 1172 1493 quod
1196 1423 1394 1478 bonum
1420 1432 1521 1478 est.

538 1515 862 1571 PSALMUS
900 1515 1106 1570 CXXII.

535 1621 810 1662 CANTICUI
847 1621 1121 1661 GRADUUH.

117 1719 133 1750 ι
172 1699 250 1753 Ad
281 1708 332 1752 te
357 1697 539 1751 levavi
563 1695 748 1752 oculos
778 1711 946 1759 meos,
988 1697 1078 1765 qui
1105 1695 1317 1750 habitas
1355 1695 1408 1750 in
1453 1694 1627 1749 caelis.

63 1812 76 1839 1
115 1791 246 1844 Ecce
275 1789 419 1844 sicut
446 1787 625 1844 oculis
647 1801 924 1842 servorum
981 1785 1037 1840 in
1084 1786 1330 1841 manibus
1386 1784 1630 1841 don'tino-

57 1899 75 1930 't
117 1896 228 1933 rum
283 1893 510 1934 suorum
553 1894 570 1930 :

63 1993 76 2022 ι
117 1973 334 2026 domina:
355 1986 491 2035 suae,
520 1970 596 2024 ita
619 1967 760 2024 oculi
791 1967 960 2023 nostri
1009 1966 1075 2021 ad
1125 1967 1410 2021 Dominum
1459 1967 1625 2021 Deum

64 2082 78 2112 t
117 2071 344 2115 nostrum
367 2059 546 2115 donec
573 2060 898 2114 misereatur
928 2057 1120 2113 nostri.
1150 2057 1407 2112 Miserere
1434 2058 1624 2118 nostri,

65 2151 325 2205 «Domine
353 2192 368 2216 ,
417 2149 684 2204 miserere
739 2150 942 2214 nostri,
995 2149 1118 2217 quia
1170 2148 1393 2202 multum
1441 2148 1627 2218 repleti

69 2264 81 2292 ι
121 2259 294 2297 sumus
315 2242 694 2312 despectione.
718 2242 852 2308 Quia
876 2241 1100 2295 multum
1124 2241 1322 2310 repleta
1346 2250 1429 2295 est
1449 2241 1627 2294 anima

71 2352 84 2382 ι
122 2344 313 2399 nostra,
340 2333 702 2404 opprobrium
727 2332 1128 2387 abundantibus
1158 2342 1215 2387 et
1241 2333 1514 2404 despectio
1537 2348 1630 2388 su-

70 2444 84 2473 ι
126 2425 302 2495 perbis.
339 2447 359 2478 ι

611 2515 1057 2572 ENARRATIO.

123 2608 240 2662 Post
261 2609 648 2664 certitudinem
679 2623 801 2678 Spes
825 2609 1072 2677 sequitur
1093 2609 1290 2680 gradus
1321 2619 1380 2664 ut
1405 2625 1630 2679 speran-

65 2709 136 2750 tes
155 2714 208 2752 se
225 2700 498 2768 pervenire
532 2701 587 2754 in
619 2700 895 2754 caelestem
919 2697 1235 2765 Jerusalem,
1265 2701 1448 2756 oculos
1477 2718 1628 2756 nen-

68 2789 125 2842 tis
145 2805 269 2858 quos
293 2793 444 2861 prius
470 2793 540 2847 ad
573 2801 787 2846 montes
827 2791 1156 2856 levaverant,
1197 2793 1264 2846 ad
1305 2792 1478 2860 ipsum
1522 2793 1627 2846 Do-

72 2880 250 2934 minum
301 2893 356 2936 et
412 2883 480 2937 ad
538 2881 849 2938 voluntates
905 2882 1043 2952 regis
1097 2881 1335 2949 ejusdem
1400 2882 1630 2936 civitatis

70 2974 388 3043 muplendas
410 2975 678 3048 dirigant.
719 2974 868 3029 Unde
892 2974 994 3029 iste
1030 2975 1204 3029 fidelis
1252 2975 1353 3031 sub
1402 2990 1627 3046 persona

70 3063 280 3117 omnium
306 3064 533 3136 loquens
555 3064 816 3130 fidelium,
837 3072 896 3118 ut
913 3066 1159 3120 ostendat
1183 3066 1235 3119 in
1256 3066 1442 3121 eodem
1459 3067 1624 3136 gradu

69 3164 188 3215 esse,
212 3151 335 3207 dicit
366 3171 378 3207 :
1196 3155 1201 3162 '

127 3240 199 3294 Ad
220 3252 266 3296 te
297 3245 460 3298 levavi
483 3244 665 3298 oculos
690 3261 850 3309 meos,
905 3246 994 3315 qui
1041 3245 1242 3300 habitas
1269 3247 1324 3300 in
1376 3247 1535 3300 cwlis.
1581 3247 1624 3302 Ο

72 3329 287 3400 Domine,
319 3336 409 3404 qui
437 3337 584 3407 regis
606 3346 663 3390 et
687 3336 953 3390 inhabilas
976 3335 1222 3392 cwlestes
1244 3346 1521 3392 creaturas
1547 3337 1625 3392 vcl

73 3436 259 3480 sanctos
281 3428 548 3494 homines,
571 3439 661 3482 tua
695 3430 867 3498 gratia
917 3429 1100 3492 caelos,
1142 3437 1198 3482 ut
1239 3430 1306 3485 ad
1343 3445 1528 3500 pacem
1571 3440 1626 3484 et

73 3517 480 3586 supercmlestem
509 3519 902 3575 habitationem
931 3521 1270 3589 pervenirem
1292 3561 1307 3586 ,
1353 3521 1422 3575 ad
1458 3531 1506 3575 te
1553 3520 1624 3574 le-

76 3609 166 3660 vavi
185 3610 352 3665 oculos
384 3628 546 3678 meos,
573 3613 628 3667 id
658 3623 740 3666 est
767 3612 1032 3667 rationem
1060 3613 1253 3668 mentis
1275 3629 1408 3668 mea:
1435 3623 1624 3668 ctom-

82 3699 472 3757 nesaﬂ‘cctiones
500 3717 651 3758 meas
677 3718 707 3757 a
738 3703 1126 3773 temporalibus
1175 3706 1479 3774 phantasiis
1529 3707 1628 3760 hu-

72 3787 144 3855 jus
171 3794 361 3857 ntundi,
416 3796 485 3849 ad
520 3795 817 3864 explendas
872 3796 1174 3852 voluntates
1230 3807 1348 3854 tuas
1400 3799 1621 3854 intendi.

77 3877 189 3934 Ecce
211 3885 335 3937 sicut
365 3888 502 3940 oculi
529 3903 816 3941 servarunt.
862 3887 1019 3941 Modo
1055 3889 1424 3960 singulariter,
1465 3891 1625 3948 modo

75 3969 325 4036 pluraliter
357 3988 525 4048 agunt
557 3979 644 4032 isti
680 3980 1143 4035 conscendentes:
1176 3988 1232 4036 et
1275 3981 1456 4051 plures
1503 3992 1628 4037 sunt

74 4068 114 4111 et
156 4079 327 4119 unum.
367 4067 597 4135 Plures,
650 4070 940 4124 secundum
991 4086 1340 4140 personarum
1397 4073 1619 4128 diversi-

76 4157 218 4206 tatem
278 4174 289 4208 :
338 4173 541 4224 unum,
607 4158 902 4214 secundum
958 4161 1114 4215 fidem
1161 4171 1215 4216 et
1263 4162 1622 4218 dilectionem.

79 4235 194 4295 Vere
221 4244 391 4299 oculos
419 4264 560 4302 meos
596 4245 758 4302 levavi
797 4250 864 4302 ad
897 4259 975 4315 te,
1014 4251 1138 4320 quia
1167 4268 1311 4314 ecce,
1370 4253 1420 4306 id
1461 4263 1541 4308 est
1572 4255 1624 4308 in
1655 4241 1662 4246 ”

76 4336 298 4395 praesenti
335 4336 417 4391 vel
451 4339 505 4393 in
547 4339 834 4394 manifesto
860 4379 876 4404 ,
909 4339 1046 4393 oculi
1081 4345 1242 4394 nostri
1271 4381 1286 4406 ,
1318 4342 1624 4410 interiores,

77 4421 136 4474 ila
172 4436 288 4480 sunt
322 4431 485 4485 erecti
511 4431 581 4484 ad
620 4432 897 4484 Dominum
921 4430 1088 4485 Deum
1110 4443 1365 4499 nostrum,
1392 4447 1628 4508 eousque

77 4511 217 4567 donec
231 4519 533 4574 misereatur
549 4521 737 4586 nostri,
753 4521 804 4575 id
818 4531 900 4576 est
911 4521 1081 4576 donec
1096 4537 1192 4578 nos
1214 4523 1279 4578 ab
1294 4525 1395 4578 hac
1409 4525 1623 4581 miseria

77 4600 294 4661 absolvat
329 4611 508 4665 sazeuli
546 4599 848 4680 praesentis,
891 4625 946 4666 et
987 4612 1153 4667 faciat
1199 4615 1532 4680 recumbere,
1566 4626 1622 4670 et

83 4694 650 4758 transiens‘ministret
717 4705 872 4759 nobis
927 4718 942 4756 :
992 4704 1067 4757 ita
1116 4705 1256 4768 dico,
1315 4715 1440 4760 sunt
1484 4707 1624 4762 oculi

81 4787 228 4839 nostri
279 4791 344 4844 ad
379 4790 664 4848 Dominum
719 4795 935 4862 directi,
983 4797 1114 4850 sicut
1154 4797 1292 4850 oculi
1334 4814 1622 4864 servorum,

82 4876 393 4938 speculantes
444 4883 684 4954 diligenti
725 4888 1040 4951 attentione,
1078 4887 1132 4940 in
1165 4886 1406 4942 manibus
1455 4889 1626 4942 domi-

85 4979 248 5018 norum
307 4988 537 5028 suorum.
584 4975 795 5031 Dictum
856 4993 886 5031 a
936 4977 1281 5032 similitudine
1342 4993 1622 5034 servorum

84 5051 539 5130 disciplinatorum,
579 5067 670 5136 qui
705 5082 895 5138 magna
935 5068 1207 5140 diligentia
1245 5068 1536 5137 inspiciunt
1569 5068 1621 5121 in

89 5156 259 5201 manus
297 5151 648 5223 dominorum,
691 5167 750 5213 ut
777 5175 898 5214 cum
947 5161 1097 5231 signa
1143 5159 1388 5214 dederint
1421 5159 1624 5229 aliquid

90 5238 282 5304 aﬂendi,
330 5259 451 5300 mox
497 5249 879 5319 obsequantur.
935 5252 1091 5308 Sicut
1145 5251 1283 5305 oculi
1321 5251 1527 5307 ancillte
1568 5251 1621 5303 in

93 5328 302 5420 inanibus
343 5335 560 5392 domina:
602 5357 728 5394 sure.
761 5341 882 5395 ldeo
925 5343 1075 5411 ponit
1116 5343 1356 5405 ancillas,
1392 5345 1516 5414 quia
1567 5341 1621 5395 in

94 5411 182 5469 illis
235 5432 311 5476 est
351 5422 515 5493 major
559 5429 826 5502 diligentia
878 5440 933 5486 et
973 5433 1148 5489 cultus
1200 5447 1327 5503 erga
1376 5411 1620 5490 dominas

93 5518 220 5573 suas,
255 5525 408 5580 quam
444 5516 497 5570 in
527 5522 716 5574 servis.
751 5521 824 5573 lta
851 5523 989 5578 oculi
1017 5521 1185 5578 nostri
1229 5524 1294 5576 ad
1322 5523 1621 5593 huiusmodi
1648 5515 1650 5518 ’

621 1878 764 1932 sicut
828 1875 968 1930 oculi
1021 1874 1227 1930 ancilla:
1283 1876 1337 1929 in
1382 1875 1629 1929 manibus
1660 1871 1704 1930 Β

1653 4577 1702 4635 D

1733 611 1889 664 mine.
1920 610 1986 664 Et
2014 610 2090 663 ita
2115 607 2304 672 facias,
2344 604 2591 668 Domine,
2629 606 2873 660 miserere
2904 608 3067 660 nostri
3097 626 3111 664 :
3138 624 3310 678 quan-

1730 699 1906 768 doque
1952 698 2198 754 ducendo
2240 697 2292 751 in
2345 695 2672 751 libertatem.
2715 695 2784 752 Et
2823 697 3022 766 repetit
3066 699 3310 753 miserere

1731 792 1916 854 nostri,
1945 791 2072 860 quia
2105 803 2211 843 non
2233 784 2429 842 suﬂicit
2457 784 2624 841 semel
2649 785 2829 841 dicere
2853 788 2996 856 quod
3023 787 3185 842 nimis
3210 789 3307 844 de-

1729 883 1932 938 siderat
1957 881 2195 936 evenire.
2225 880 2292 934 Et
2321 892 2541 934 necesse
2569 885 2626 930 ut
2651 877 2977 944 miserearis,
3007 879 3133 949 quia
3168 879 3310 932 mut-

1730 988 1841 1040 tum
1872 993 2052 1030 sumus
2081 973 2436 1044 despicabiles
2465 971 2603 1041 apud
2642 971 2887 1026 homines
2913 972 3004 1041 qui
3041 987 3139 1028 nos
3167 972 3308 1028 ludi-

1728 1066 1846 1121 brio
1891 1065 2088 1120 habent
2117 1073 2172 1119 et
2208 1063 2484 1133 despectui
2515 1080 2527 1115 :
2560 1061 2685 1131 quia
2732 1060 2955 1114 multum
2999 1061 3194 1126 repleta
3232 1073 3308 1117 est

1730 1158 1909 1209 anima
1940 1164 2139 1209 nostra.
2180 1153 2296 1208 Non
2337 1161 2542 1207 tantum
2569 1152 2864 1207 secundum
2893 1166 3092 1221 corpus
3131 1153 3309 1222 despi-

1729 1248 2072 1304 cabileszscd
2099 1247 2278 1300 anima
2295 1255 2474 1300 nostra
2505 1244 2727 1298 multum
2746 1243 2946 1313 repleta
2984 1252 3069 1300 est
3117 1244 3310 1314 despe-

1730 1343 1927 1404 ctioue,
1959 1342 2086 1411 quia
2116 1355 2215 1394 nos
2243 1338 2436 1393 stultus
2461 1347 2514 1392 et
2543 1337 2757 1391 insanos
2781 1344 3050 1405 reputant.
3074 1336 3308 1407 Exponit

1729 1436 1997 1507 quomodo
2042 1433 2153 1489 sint
2195 1431 2470 1502 despectui
2518 1447 2533 1484 :
2583 1431 2656 1484 ita
2705 1429 2913 1484 scilicet
2956 1431 3098 1498 quod
3127 1429 3306 1484 anima

1730 1536 1913 1582 nostra
1952 1527 2288 1596 opprobrium
2313 1533 2395 1579 est
2429 1522 2834 1586 abundantibus,
2865 1522 2918 1577 id
2938 1531 3042 1586 est,
3075 1521 3310 1591 locuple-

1731 1621 1872 1676 tibus
1908 1620 2065 1690 hujus
2101 1618 2302 1682 saeculi,
2337 1633 2458 1672 cum
2494 1615 2739 1669 viderent
2785 1629 2883 1669 nos
2925 1629 3190 1683 pauperes
3219 1632 3230 1668 τ
3261 1624 3310 1666 et

1729 1713 1986 1782 despectio
2035 1711 2292 1779 superbis,
2342 1709 2431 1778 qui
2482 1722 2582 1762 nos
2621 1722 2719 1776 pro
2763 1706 3067 1781 humilitate
3116 1716 3300 1760 nostra

1729 1810 2188 1874 contempserunt.

2215 1888 2534 1945 PSALMUS
2569 1888 2799 1945 CXXIII.

2151 1997 2489 2040 CANTICUII
2545 1997 2880 2037 GRADUUM.

1806 2098 1825 2131 α
1872 2077 1984 2132 Nisi
2024 2077 2150 2146 quia
2195 2077 2456 2132 Dominus
2497 2083 2618 2129 erat
2659 2074 2713 2127 in
2755 2072 2932 2135 nobis,
2979 2072 3126 2127 dicat
3171 2086 3313 2126 nunc

1736 2188 1754 2219 ι
1799 2168 1987 2234 Israel,
2022 2169 2125 2223 nisi
2157 2168 2281 2236 quia
2313 2166 2574 2220 Dominus
2602 2173 2721 2218 erat
2745 2164 2797 2217 in
2843 2163 3018 2218 nobis.
3056 2162 3189 2218 Cum
3214 2177 3313 2217 ex-

1735 2281 1752 2314 ι
1801 2270 2085 2333 surgerent
2104 2261 2353 2314 homines
2380 2259 2432 2312 in
2464 2273 2582 2322 nos,
2611 2256 2752 2311 forte
2775 2257 2928 2311 vivos
2957 2255 3313 2326 deglulissent

1734 2371 1754 2406 ι
1803 2370 1924 2410 nos.
1947 2352 2080 2408 Cum
2110 2352 2437 2407 irasceretur
2467 2349 2618 2404 furor
2644 2364 2829 2404 eorum
2855 2349 2906 2402 in
2934 2363 3056 2413 nos,
3089 2348 3314 2403 forsitan

1701 2462 1754 2495 ηε
1800 2459 1941 2512 aqua
1991 2442 2363 2498 absorbuisset
2425 2455 2542 2494 nos.
2603 2439 2920 2494 Torrentem
2971 2437 3315 2507 pertransivit

1736 2553 1752 2586 ι
1797 2535 1975 2589 anima
1999 2543 2179 2588 nostra
2212 2551 2225 2586 :
2257 2531 2482 2588 forsitan
2514 2531 2897 2600 pertransisset
2919 2530 3098 2584 anima
3121 2537 3303 2584 nostra

1735 2644 1751 2676 ι
1798 2640 1992 2693 aquam
2046 2623 2455 2678 intolerabilem.
2517 2621 2837 2676 Benedictus
2890 2621 3168 2687 Dominus,
3219 2620 3312 2690 qui

1733 2733 1751 2764 ι
1799 2730 1902 2767 non
1927 2713 2073 2767 dedit
2095 2728 2190 2767 nos
2215 2713 2265 2766 in
2290 2712 2592 2780 captionem
2615 2709 2864 2764 dentibus
2883 2724 3093 2764 eorum.
3116 2710 3310 2764 Anima

1734 2823 1752 2856 ‹
1801 2813 1983 2860 nostra
2035 2805 2176 2868 sicut
2206 2819 2392 2874 passer
2437 2810 2622 2872 erepta
2667 2809 2750 2856 est
2777 2801 2842 2855 de
2873 2803 3065 2871 laqueo
3113 2817 3314 2857 venan-

1733 2915 1751 2948 ι
1800 2897 1953 2950 tium.
1977 2895 2232 2965 Laqueus
2251 2894 2520 2949 contritus
2547 2901 2648 2956 est,
2667 2899 2719 2946 et
2747 2907 2847 2947 nos
2868 2891 3076 2948 liberati
3101 2907 3308 2947 sunms.

1733 3011 1751 3041 ι
1795 2991 2136 3060 Adjutorium
2166 2999 2407 3045 nostrum
2444 2989 2496 3044 in
2535 2988 2754 3043 nomine
2781 2986 3018 3052 Domini,
3047 2988 3141 3058 qui
3183 2986 3311 3042 fecit

1733 3102 1750 3134 ‹
1800 3082 1996 3138 caelum
2029 3091 2085 3137 et
2115 3090 2338 3136 terram.
2372 3099 2391 3132 ι

2283 3167 2736 3224 ΕΝΑΠΒΑΤΙΟ.

1799 3265 1897 3320 llic
1947 3264 2140 3318 iterum
2188 3262 2425 3331 noquitnr
2475 3261 2663 3315 eadem
2706 3259 2996 3315 multitudo
3047 3261 3305 3323 fidelium,

1729 3373 1831 3411 non
1855 3357 1966 3426 jam
1989 3353 2294 3422 exemplum
2335 3367 2641 3422 proponens
2668 3351 2807 3406 sicut
2837 3368 3025 3424 supra,
3054 3352 3148 3407 sed
3177 3353 3311 3407 sim-

1725 3449 1937 3518 pliciter
1976 3446 2275 3499 admonens
2328 3453 2388 3496 ut
2439 3452 2722 3512 postquam
2775 3443 2973 3512 aliquis
3038 3444 3106 3498 ad
3159 3459 3308 3513 spem

1724 3536 2116 3599 conscenderit,
2164 3542 2220 3590 et
2264 3533 2620 3602 completione
2662 3535 3040 3590 mandatorum
3085 3534 3181 3589 Dei
3232 3534 3307 3590 ita

1725 3638 1979 3684 constans
2026 3625 2319 3689 exstiterit,
2371 3634 2430 3678 ut
2465 3625 2591 3680 inde
2639 3641 2744 3680 non
2800 3625 2972 3695 possit
3018 3625 3304 3688 dimoveri,

1725 3719 1851 3774 licet
1873 3717 2024 3772 multi
2054 3718 2166 3773 sint
2186 3721 2510 3772 devocantes
2533 3731 2655 3769 eum
2679 3715 3104 3781 corrosionihus,
3133 3717 3304 3785 ipsam

1724 3810 2086 3864 constantiam
2137 3807 2366 3863 Domino
2422 3806 2679 3869 ascribat,
2740 3821 2846 3860 non
2909 3807 3117 3863 viribus
3171 3808 3302 3862 suis.

1727 3899 1988 3955 Memores
2025 3897 2198 3953 sancti
2249 3895 2594 3952 confessores
2634 3895 2857 3960 Christi,
2889 3895 3032 3964 quod
3070 3897 3308 3965 pericula

1727 3993 1952 4049 Domino
1974 3991 2268 4045 miserante
2287 3989 2437 4044 velut
2457 3989 2712 4058 impetum
2734 3989 2990 4043 torrentis
3009 3990 3307 4054 evaserint,

1728 4083 1965 4137 fatentur
2013 4095 2072 4137 se
2101 4080 2216 4134 sola
2265 4079 2356 4134 Dei
2410 4078 2783 4134 misericordia
2828 4078 2894 4134 de
2940 4087 3020 4133 tot
3055 4081 3312 4136 aerumnis

1727 4173 2003 4236 liberatos,
2038 4180 2094 4226 et
2123 4171 2311 4226 dicunt
2341 4187 2356 4224 :

1797 4259 1918 4315 Nisi
1962 4262 2086 4332 quia
2129 4260 2380 4314 Dominus
2420 4269 2532 4314 erat
2557 4259 2610 4314 in
2660 4259 2828 4315 nobis.
2865 4257 3182 4328 Quicunque
3225 4269 3311 4316 est

1728 4351 1918 4413 Israel,
1955 4350 2007 4403 id
2043 4359 2148 4416 est,
2196 4350 2385 4404 videns
2413 4349 2603 4414 Deum,
2641 4349 2714 4403 ita
2744 4357 2802 4401 ut
2829 4349 2900 4403 sit
2927 4360 3207 4417 promotus
3237 4352 3306 4404 ad

1726 4443 1959 4512 patriam
1993 4440 2097 4495 fide
2121 4449 2177 4496 et
2203 4440 2552 4494 exsecutione
2590 4440 2964 4494 mandatorum
2990 4440 3106 4506 Dei,
3140 4441 3306 4506 dicat,

1730 4531 1784 4586 id
1803 4541 1906 4597 est,
1933 4530 2132 4601 cogitet
2153 4540 2208 4585 et
2233 4529 2496 4600 intelligat
2521 4530 2661 4600 apud
2689 4545 2747 4584 se
2777 4547 2934 4596 nunc,
2968 4531 3020 4584 id
3046 4539 3131 4586 est
3165 4531 3308 4587 indi-

1724 4623 1831 4678 late
1854 4640 1869 4676 :
1889 4623 2012 4693 quia
2036 4623 2136 4676 nisi
2159 4621 2415 4676 Dominus
2437 4629 2581 4676 esset
2603 4622 2656 4674 in
2680 4622 2828 4676 nobis
2849 4623 3157 4694 gubernans
3180 4640 3305 4690 nos,

1724 4724 1780 4769 et
1807 4713 2118 4768 confortans
2146 4714 2200 4768 in
2230 4713 2633 4783 impngnatione
2666 4722 2722 4767 et
2753 4713 2956 4768 lumine
2994 4731 3092 4770 suo
3134 4718 3302 4771 ratio-

1724 4817 1849 4857 nem
1880 4813 2123 4860 nostram
2160 4801 2530 4865 illuminanda,
2572 4811 2808 4858 mentem
2843 4814 3082 4859 nostram
3115 4821 3306 4863 corro-

1727 4894 1884 4950 boret
1911 4913 1924 4926 ·
1948 4911 2068 4950 cum
2089 4893 2348 4960 homines,
2375 4893 2672 4950 secundum
2694 4909 2915 4951 carnem
2938 4896 3303 4962 ambulantes,

1724 4995 2061 5058 exsurgerent
2107 4987 2164 5041 in
2209 5001 2342 5048 nos,
2391 4982 2600 5041 blandis
2646 4993 2702 5040 et
2753 4987 3071 5057 deceptoriis
3125 4989 3311 5044 verbis

1727 5077 2068 5148 degtutissent
2101 5095 2191 5132 nos
2220 5078 2386 5144 vivos,
2415 5075 2470 5132 id
2495 5082 2607 5141 est,
2626 5076 3062 5149 incorporassent
3084 5091 3181 5130 nos
3205 5078 3314 5135 sibi

1726 5172 2021 5236 prudentes
2045 5179 2100 5225 et
2123 5169 2356 5225 scientes
2383 5186 2397 5225 :
2423 5166 2551 5241 quia
2572 5172 2822 5236 quamvis
2843 5170 3100 5227 sciremus
3119 5182 3317 5228 eorum

1725 5269 1932 5317 sectam
1996 5275 2118 5314 esse
2162 5259 2585 5320 exsecrabilem,
2637 5267 2818 5314 tamen
2885 5256 3321 5318 consentirentus

1724 5350 1832 5410 illis
1856 5374 1870 5412 :
1899 5355 2044 5431 quod
2067 5356 2401 5427 contingeret
2425 5353 2564 5408 sicut
2589 5349 2679 5404 illa
2705 5366 2792 5407 res
2817 5369 2936 5423 quae
2956 5351 3087 5419 forte
3106 5353 3318 5418 evenit,

1725 5441 1781 5496 id
1806 5457 1917 5516 est,
1950 5456 2158 5502 temere
2199 5450 2255 5498 et
2296 5437 2594 5512 improvide
2635 5449 2900 5506 quantum
2929 5439 2996 5492 ad
3043 5437 3317 5496 homines.

1724 5530 1882 5594 Licet
1906 5539 2056 5598 enim
2078 5549 2319 5591 essemus
2339 5530 2658 5603 prudentes,
2694 5537 2876 5585 tamen
2907 5543 3009 5583 non
3033 5541 3340 5606 possemus
