4034 6424
284 397 384 466 777'

1395 398 1921 457 ENARRATIONES
1963 400 2029 455 ΙΝ
2068 399 2401 459 PSALMOS.

2004 222 2029 241 9

3424 416 3526 469 778

285 538 303 569 ‹
337 524 601 579 nostrum,
623 520 677 569 et
697 510 878 582 lingua
904 517 1085 565 nostra
1105 509 1476 565 exsultatione.
1503 510 1653 566 Tunc
1674 511 1855 566 dicent
1884 515 1927 573 Α
1958 508 2195 563 Domine.
2227 510 2555 567 Convertunt
2581 528 2638 568 se
2686 516 2752 569 ad
2795 516 3113 584 orationem,
3148 529 3205 579 ut
3231 523 3523 591 quemlibet

283 627 304 659 ε
340 610 481 661 inter
498 612 683 676 gentes
708 623 720 657 :
746 602 1104 674 Magniﬁcavit
1135 601 1389 656 Dominus
1411 601 1589 656 facere
1609 615 1733 655 cum
1754 601 1852 655 eis.

281 716 302 746 ι
340 693 703 764 Magniﬁcavit
742 692 999 746 Dominus
1032 690 1214 745 facere
1248 691 1555 752 nobiscum;
1604 688 1730 743 facti
1762 681 1853 742 su-

282 804 305 835 ι
340 800 460 839 mus
488 784 747 837 lactantes.
782 780 1068 843 Converte,
1094 779 1338 841 Domine,
1370 778 1732 845 captivitatem
1761 792 1856 830 no—

282 894 306 925 ‹
337 882 507 929 stram
530 912 545 937 ,
592 873 733 927 sicut
781 879 990 925 torrens
1037 870 1090 922 in
1128 877 1329 921 austro.
1367 867 1467 932 Qui
1510 867 1773 921 seminant
1801 868 1853 921 in

283 980 305 1013 ι
342 961 634 1031 lacrymis,
683 959 738 1013 in
786 957 1142 1013 exsultatione
1200 965 1422 1010 mctent.
1467 956 1668 1010 Euntes
1709 956 1857 1010 ibant

287 1070 305 1101 ι
340 1059 392 1105 et
404 1049 622 1111 ﬂebant,
639 1047 910 1101 mittentes
924 1046 1129 1100 semina
1146 1060 1261 1100 sua.
1277 1045 1566 1099 Venientes
1580 1054 1757 1100 autem
1771 1060 1858 1100 vc-

285 1156 307 1190 ι
346 1139 627 1193 nientcum
642 1135 1310 1203 exsultatione,portantes
1328 1134 1624 1204 manipulos
1648 1150 1790 1190 suos.
1830 1155 1849 1188 ι

858 1222 1295 1278 ENARRATIO.

357 1317 485 1374 Post
530 1323 893 1383 contemptum
935 1313 1304 1383 temporalium
1356 1313 1531 1369 adhuc
1574 1314 1733 1369 altior
1774 1324 1857 1370 est

278 1409 508 1479 gradus,
540 1414 600 1460 ut
636 1406 797 1460 etiam
840 1411 964 1473 post
995 1404 1319 1471 captivitatis
1347 1405 1751 1459 conversionem
1789 1404 1854 1458 li-

281 1501 475 1554 berum
521 1505 576 1551 et
615 1496 907 1567 jucundum
952 1494 1022 1548 sit
1052 1494 1131 1549 eis
1163 1494 1297 1549 bene
1325 1510 1501 1565 agere.
1534 1495 1683 1550 Multi
1714 1496 1856 1550 enim

280 1598 415 1645 sunt
453 1588 634 1642 omnia
684 1585 998 1654 temporalia
1044 1593 1426 1654 postponentcs
1457 1593 1513 1639 et
1556 1587 1695 1640 bene
1730 1600 1857 1656 Ope-

280 1688 469 1734 rantes
499 1679 692 1748 quibus
726 1688 902 1732 tamen
951 1692 1055 1732 non
1088 1687 1173 1732 est
1199 1675 1496 1744 jucundum
1531 1685 1586 1731 et
1621 1677 1853 1732 delecta-

280 1772 393 1827 bile
424 1771 559 1825 bene
586 1785 763 1840 agere,
795 1769 921 1839 quia
950 1768 1213 1834 fortassis,
1258 1769 1302 1823 si
1330 1783 1488 1838 poena
1515 1778 1570 1824 et
1601 1785 1852 1826 remune-

1955 603 2329 658 ascendentem
2379 608 2729 662 exhortantur
2797 610 2851 664 in
2916 610 3142 680 idipsum
3173 654 3187 678 ,
3237 615 3522 673 dicentes:

1954 688 1998 744 Ο
2027 689 2259 753 Domine,
2293 704 2526 749 converte
2566 697 2911 765 captivitatem
2960 710 3191 754 nostram
3223 703 3273 755 in
3310 703 3525 758 liberta-

1956 786 2084 832 tem.
2127 780 2201 834 Ne
2230 782 2423 851 aliquis
2460 793 2671 854 putaret
2703 788 2841 841 hanc
2866 790 3192 857 captivitatis
3222 796 3529 848 conversio-

1956 880 2076 919 nem
2127 867 2195 920 ita
2247 867 2440 923 lactant
2485 880 2545 925 ut
2585 888 2689 927 non
2736 884 2917 943 posset
2962 877 3165 932 intendi
3215 888 3271 935 et
3318 884 3524 952 augeri,

1957 957 2119 1010 addit.
2149 957 2404 1022 Quamvis
2433 960 2673 1018 dicamus
2710 965 2850 1034 quod
2877 967 3048 1036 facere
3076 979 3247 1035 tuum,
3280 971 3526 1037 Domine,

1957 1044 2221 1098 nobiscum
2267 1049 2732 1118 magniﬁcaberis,
2782 1064 2956 1110 tamen
3003 1072 3250 1124 oramus,
3295 1074 3531 1115 converte

1954 1136 2126 1203 magis
2156 1145 2209 1190 et
2254 1139 2422 1206 magis
2466 1142 2809 1210 captivitatem
2840 1158 3068 1200 nostram
3114 1149 3166 1203 in
3195 1150 3528 1217 libertatem,

1955 1228 2077 1297 quia
2107 1230 2336 1296 quandiu
2368 1231 2419 1283 in
2465 1232 2563 1286 hac
2588 1234 2694 1286 vita
2725 1236 3086 1303 subsistimus,
3119 1255 3329 1309 semper
3358 1244 3527 1313 magis

1956 1326 2010 1372 et
2036 1317 2206 1386 magis
2234 1318 2286 1370 in
2329 1318 2631 1376 libertatem
2680 1326 2920 1379 converti
2954 1327 3247 1394 indigemus
3276 1347 3288 1382 ε
3321 1330 3530 1383 liberta-

1956 1413 2056 1457 tem
2077 1406 2216 1469 dico,
2242 1408 2559 1462 existentem
2582 1411 2712 1463 sicut
2737 1422 2935 1466 torrens
2959 1415 3011 1468 in
3038 1425 3233 1469 austro.
3266 1415 3529 1487 Tempore

1954 1492 2130 1548 ﬂantis
2160 1496 2328 1549 austri
2375 1498 2572 1567 glacies
2601 1509 2651 1551 ct
2684 1501 2768 1553 nix
2802 1503 3085 1556 resolvitur
3121 1504 3173 1556 in
3211 1514 3524 1569 torrentem,

1956 1584 2081 1654 quia
2125 1590 2300 1638 omnia
2354 1588 2565 1656 repellit
2607 1591 2879 1645 obstantia
2914 1610 2926 1644 :
2962 1593 3034 1646 ita
3065 1602 3119 1647 et
3148 1595 3308 1649 (δοιὼ
3348 1595 3526 1650 calore

1956 1673 2126 1725 sancti
2160 1673 2391 1742 Spiritus
2438 1675 2613 1729 alllata
2652 1679 2996 1735 resolvuntur
3021 1697 3048 1734 a
3080 1682 3248 1752 glacie
3278 1685 3524 1738 vitiorum

1958 1758 2011 1813 in
2045 1761 2347 1817 libertatem
2393 1765 2518 1833 quia
2564 1768 2744 1821 omnia
2789 1770 2949 1839 hujus
2998 1772 3176 1826 smculi
3221 1774 3527 1843 prOpcllens

285 1864 429 1918 ratio
474 1877 580 1916 non
631 1870 966 1930 sequeretur,
1000 1874 1031 1914 a
1058 1862 1195 1917 bene
1223 1861 1429 1931 agendo
1467 1872 1758 1917 cessarent.
1796 1861 1852 1916 ln
1886 1842 1930 1899 Β
1959 1850 2357 1921 impedimenta.
2382 1856 2431 1908 νί
2456 1857 2687 1910 minima
2714 1860 2818 1912 Γυίι
2847 1861 2911 1913 ad
2944 1863 3193 1930 Dalriam-
3225 1863 3389 1930 0035i
3427 1866 3522 1918 3“-

282 1953 604 2023 quibusdam
634 1966 760 2006 vero
799 1952 915 2007 istis
948 1952 1200 2021 gradibus
1244 1966 1301 2006 se
1341 1960 1545 2020 ponunt
1585 1951 1637 2005 in
1677 1966 1855 2005 exem-

283 2044 455 2113 plum,
488 2043 540 2096 in
569 2042 886 2111 quibusdam
916 2040 1229 2111 simpliciter
1256 2040 1631 2122 adhortantur,
1661 2040 1714 2094 in
1742 2039 1858 2108 qui-

283 2135 387 2188 bus
415 2143 703 2200 utrumque
737 2131 940 2186 faciunt
973 2131 1027 2185 hi
1057 2130 1502 2186 conscendentes.

354 2222 423 2276 In
457 2221 796 2276 conuertenda
840 2220 1123 2285 Dominus,
1169 2220 1224 2275 id
1256 2228 1339 2275 est
1365 2220 1489 2274 dum
1522 2226 1862 2274 converteret

287 2312 547 2367 Dominus
574 2310 925 2380 captivitatem
957 2310 1107 2374 Sion,
1136 2310 1189 2365 id
1215 2319 1298 2365 est
1321 2310 1637 2367 servitutem
1665 2311 1855 2373 nostri,

285 2403 401 2471 qui,
424 2402 575 2471 prius
594 2401 660 2455 ad
684 2402 900 2457 modum
924 2401 1276 2471 captivorum,
1305 2400 1477 2456 coacti
1505 2408 1561 2455 et
1584 2415 1650 2454 ex
1674 2415 1859 2455 neces-

283 2494 447 2549 citate
472 2494 789 2548 servivimus
810 2493 863 2547 in
886 2493 1187 2549 libertatem
1216 2500 1269 2547 et
1292 2492 1584 2562 jucundam
1610 2491 1858 2546 volunta-

286 2594 417 2640 tem.
459 2583 637 2639 Nostri
665 2585 803 2646 dico,
845 2583 1231 2653 speculantinm
1269 2583 1478 2645 futura,
1518 2582 1646 2650 facti
1679 2596 1859 2636 sumus

285 2678 421 2729 sicut
471 2674 742 2728 consolati.
787 2673 1080 2743 Captivitas
1119 2672 1247 2727 Sion
1281 2672 1400 2735 fuit,
1432 2672 1647 2741 quando
1675 2670 1861 2726 Eccle-

286 2765 424 2820 siam
452 2763 545 2817 Dei
575 2778 693 2831 quae
718 2763 967 2833 primitus
994 2762 1048 2816 in
1088 2761 1273 2831 paucis
1310 2770 1427 2816 erat
1450 2769 1859 2830 persecutorum

284 2853 563 2923 premebat
599 2852 871 2923 iniquitas.
910 2851 1017 2907 Sed
1040 2866 1300 2907 conversa
1327 2860 1409 2906 est
1440 2851 1490 2905 in
1531 2852 1855 2917 libertatem,

283 2941 505 3013 quando
548 2956 643 3011 per
682 2941 876 2995 divinae
922 2940 1302 2995 misericordiae
1344 2949 1645 3010 respectum
1694 2944 1858 2999 etiam

288 3035 392 3105 ipsi
419 3034 687 3105 principes
716 3040 1035 3102 receperunt
1074 3032 1267 3099 ﬁdem,
1306 3031 1525 3103 jamque
1555 3034 1704 3088 licuit
1743 3049 1860 3091 cre-

286 3127 540 3183 dentibus
567 3126 737 3181 libere
777 3124 992 3180 Christo
1037 3125 1292 3180 exhibere
1320 3126 1654 3181 servitutem.
1694 3124 1859 3194 Cujus

286 3216 615 3286 captivitatis
640 3214 919 3269 conversio
949 3222 1058 3268 tam
1100 3214 1363 3282 jucundos
1412 3222 1467 3269 et
1517 3215 1858 3271 delectabiles

288 3308 520 3363 reddidit
545 3306 822 3375 plurimos,
862 3313 922 3358 ut
959 3302 1070 3371 jam
1112 3304 1267 3372 quasi
1314 3319 1377 3358 ex
1421 3302 1592 3359 libero
1636 3304 1859 3360 arbitrio

290 3396 429 3451 bene
455 3396 665 3466 operari
697 3395 1110 3450 delectarentur.
1139 3393 1207 3448 Et
1232 3393 1347 3463 ipsa
1376 3392 1607 3448 tristitia:
1635 3395 1860 3451 remotio

289 3486 382 3540 hic
418 3486 613 3540 dicitur
640 3484 956 3539 consolatio.
990 3482 1144 3538 Unde
1183 3482 1270 3538 hic
1309 3482 1506 3539 dicitur
1546 3501 1559 3536 :
1591 3481 1745 3538 Facti
1772 3500 1863 3539 su-

288 3590 405 3628 mus
434 3574 564 3627 sicut
597 3571 876 3636 consolati,
906 3570 1055 3640 quia,
1082 3578 1496 3641 quantacunque
1524 3570 1613 3625 hic
1640 3571 1711 3627 sit
1732 3588 1860 3627 con-

288 3662 503 3725 solatio,
532 3669 617 3717 est
642 3660 794 3731 quasi
825 3660 1014 3714 umbra
1044 3666 1100 3713 et
1143 3659 1388 3728 quaedam
1427 3666 1633 3713 tantum
1675 3660 1861 3714 simili-

290 3752 421 3806 tudo
465 3751 656 3805 futurae
704 3748 1088 3804 consolationis
1127 3764 1142 3803 :
1188 3747 1332 3802 Tunc
1374 3746 1622 3817 repletum
1652 3757 1749 3802 est.
1796 3748 1862 3803 Et

291 3856 400 3896 non
428 3839 598 3896 solum
630 3838 833 3895 similes
859 3837 984 3907 {acti
1012 3854 1190 3892 sumus
1220 3836 1511 3891 consolatis
1537 3836 1589 3890 in
1620 3836 1707 3891 illa
1734 3850 1860 3891 con-

287 3929 536 3984 versione
576 3926 901 3996 captivitatis
931 3927 986 3981 in
1024 3926 1348 3989 libertatem,
1377 3924 1470 3979 sed
1502 3924 1664 3977 etiam
1712 3932 1857 3989 tunc,

292 4018 348 4072 id
373 4024 457 4072 est
481 4016 667 4072 eodem
702 4022 941 4083 tempore
984 4012 1374 4075 conversionis,
1406 4026 1463 4065 os
1495 4021 1727 4066 nostrum
1755 4013 1861 4067 sci-

290 4106 418 4160 licet
465 4104 689 4158 interius
732 4103 993 4175 repletum
1036 4110 1111 4156 est
1138 4102 1349 4171 gaudio.
1400 4099 1466 4153 Et
1493 4100 1670 4170 lingua
1698 4101 1860 4155 etiam

293 4204 471 4249 nostra
500 4192 753 4248 exteriori
782 4192 1127 4246 exsultatione
1168 4190 1296 4245 illud
1333 4190 1509 4245 celare
1536 4204 1640 4244 non
1671 4191 1859 4259 potuit.

293 4282 437 4335 Tunc
466 4282 634 4334 dicent
663 4283 794 4335 inter
819 4289 1009 4349 gentes.
1057 4277 1163 4333 Sed
1214 4277 1338 4331 mali
1384 4293 1488 4332 non
1532 4286 1863 4347 cognoscunt

292 4380 500 4425 tantam
530 4371 827 4425 libertatem
858 4378 913 4424 et
939 4370 1166 4440 gratiam
1193 4370 1280 4423 hic
1314 4370 1468 4423 nobis
1495 4384 1615 4423 esse
1643 4384 1863 4424 conces-

292 4475 428 4515 sam.
458 4458 563 4515 Sed
590 4470 727 4523 tunc,
752 4460 804 4514 id
834 4459 994 4514 estin
1022 4457 1202 4512 futuro
1228 4457 1313 4512 ubi
1340 4471 1443 4511 non
1472 4464 1724 4526 poterunt
1753 4456 1862 4511 dis-

290 4549 571 4616 simulare,
598 4549 766 4602 dicent
794 4549 929 4602 inter
952 4556 1144 4618 gentes,
1174 4548 1226 4602 id
1252 4554 1334 4601 est
1372 4546 1468 4615 ipsi
1496 4547 1586 4615 qui
1617 4547 1704 4601 hic
1732 4562 1860 4617 gen-

292 4641 460 4695 tiliter
482 4638 767 4703 vixerunt,
811 4638 923 4693 sive
954 4637 1076 4692 mali
1106 4636 1431 4700 Christiani,
1462 4637 1573 4689 sive
1612 4652 1718 4690 non
1745 4652 1859 4691 cre—

292 4733 500 4785 dentes.
548 4729 640 4783 Vel
672 4729 832 4783 etiam
866 4729 984 4794 hic,
1024 4728 1187 4798 aliqui
1230 4728 1364 4781 inter
1389 4734 1581 4796 gentes,
1610 4726 1855 4781 conside:

292 4829 477 4873 rantes
519 4818 832 4889 religionem
880 4819 935 4873 in
979 4817 1172 4888 populo
1216 4815 1522 4872 Christiano
1565 4815 1774 4880 ﬂorere,
1807 4826 1862 4870 ct

293 4909 505 4962 diversa
535 4908 824 4978 gratiarum
852 4907 992 4961 bona
1016 4907 1069 4960 in
1099 4905 1299 4961 sanctis
1326 4905 1621 4969 abundare,
1649 4906 1857 4958 dicent:

294 4994 405 5049 Nos
437 4995 556 5049 illos
582 4996 886 5065 putavimus
918 4994 1135 5049 insanos
1175 4992 1322 5065 (Sap.
1357 4993 1441 5063 v),
1478 4994 1573 5049 sed
1605 4993 1861 5047 Dominus

294 5087 647 5156 magniﬁcavit
673 5101 826 5141 suum
858 5086 1029 5153 facere
1059 5101 1175 5138 cum
1216 5086 1308 5139 eis.
1363 5085 1505 5139 Bene
1532 5084 1659 5138 facit
1686 5085 1863 5138 Domi-

297 5191 398 5231 nus
422 5192 542 5231 cum
573 5177 705 5241 suis,
734 5184 935 5245 quanto
972 5183 1033 5230 ut
1073 5176 1209 5232 bene
1253 5188 1539 5245 operentur
1562 5176 1744 5241 eﬁicit,
1772 5177 1864 5232 sed

299 5266 607 5336 magniﬁcat
634 5276 757 5319 tunc
783 5280 937 5319 suum
968 5266 1137 5335 facere
1180 5282 1297 5319 cum
1340 5268 1413 5319 eis
1434 5304 1450 5331 ,
1490 5269 1701 5335 quando
1728 5268 1865 5322 bene

297 5358 509 5427 Operari
538 5357 697 5412 etlicit
722 5357 802 5412 eis
822 5357 1115 5426 jucundum
1150 5366 1205 5411 et
1241 5366 1593 5425 spontaneum
1624 5357 1866 5427 Magniﬁ-

296 5449 431 5500 cavit
478 5447 750 5501 Dominus.
800 5446 890 5500 Sic
918 5446 1125 5499 dicetur
1153 5446 1287 5497 inter
1329 5454 1518 5514 gentes.
1570 5446 1638 5500 Et
1680 5461 1866 5500 revera

295 5534 554 5591 Dominus
603 5537 945 5606 magniﬁcavit
991 5551 1144 5589 suum
1186 5536 1355 5602 facere
1384 5536 1647 5589 uobiscum
1681 5552 1866 5606 quem-

298 5626 583 5681 admodum
616 5628 687 5681 illi
718 5628 927 5690 dicunt,
976 5626 1099 5694 facti
1124 5642 1305 5679 sumus
1332 5626 1471 5680 sicut
1497 5626 1731 5683 ltetantes
1751 5669 1765 5694 ,
1811 5630 1864 5685 id

300 5726 379 5771 est
406 5732 469 5772 ex
502 5719 678 5773 laetitia
710 5717 914 5771 Domini
943 5715 1273 5785 complemus
1296 5717 1563 5770 mandata.
1597 5716 1863 5787 Converte,

698 5812 967 5873 ΡΑτιιοι.
1003 5807 1287 5869 CXXXI.

1960 1940 2079 2009 quis
2107 1941 2308 1997 diceret
2346 1962 2358 1995 :
2393 1944 2469 1997 Tu
2506 1960 2628 2000 oras
2672 1947 2971 2003 libertatem
3013 1966 3116 2018 qua
3148 1951 3408 2020 plurimas
3435 1968 3528 2022 pa-

1961 2029 2113 2085 tieris
2162 2031 2536 2088 tribulationes
2568 2050 2582 2087 :
2610 2036 2728 2100 vel,
2775 2038 2946 2107 qualis
2975 2049 3056 2093 cst
3088 2040 3172 2093 illa
3201 2041 3439 2106 libertas,
3477 2042 3526 2095 in

1961 2133 2064 2187 qua
2097 2128 2173 2173 tot
2200 2122 2569 2179 tribulationes
2600 2126 2871 2182 sustines?
2912 2128 2991 2182 Ad
3037 2130 3140 2184 hoc
3186 2133 3480 2199 respondes
3514 2149 3526 2184 :

1960 2208 2090 2275 Quae
2111 2211 2274 2264 cura?
2300 2212 2355 2265 Si
2387 2216 2643 2269 seminem
2674 2217 2727 2270 in
2750 2216 3013 2287 lacrymis,
3038 2221 3089 2272 in
3113 2221 3305 2290 gaudio
3331 2232 3528 2276 metam

1959 2301 2083 2371 quia
2119 2318 2327 2367 omnes,
2370 2307 2456 2374 qui
2500 2307 2755 2361 seminant
2789 2309 2840 2362 in
2872 2310 3164 2381 lacrymis,
3215 2314 3267 2368 id
3312 2322 3395 2368 est
3438 2315 3531 2383 qui

1958 2401 2251 2459 operantur
2273 2391 2409 2447 bene
2436 2394 2487 2447 in
2519 2395 2967 2462 tribulationibus,
2996 2398 3193 2455 facient
3222 2417 3449 2457 messem
3475 2404 3529 2456 in

1960 2479 2321 2547 exsultatione,
2351 2483 2402 2536 id
2451 2494 2533 2538 est
2578 2484 2809 2541 fructum
2856 2490 3008 2543 bonae
3036 2493 3366 2560 operationis
3395 2495 3532 2549 reci-

1959 2569 2112 2637 pient
2145 2586 2244 2640 pro
2282 2586 2347 2625 eo
2376 2574 2516 2641 quod
2550 2574 2636 2628 hic
2680 2575 3076 2632 laboraverunt.
3124 2579 3321 2635 Euntes
3366 2582 3531 2636 ibant.

1960 2659 2027 2713 Et
2056 2668 2113 2713 ut
2138 2662 2464 2715 seminemns
2489 2663 2543 2715 in
2574 2663 2841 2735 lacrymis,
2870 2667 3127 2724 habemus
3154 2671 3526 2725 auctoritatem

1963 2749 2016 2803 in
2044 2752 2475 2806 antecessoribus
2496 2792 2509 2815 ,
2559 2753 2613 2806 id
2660 2763 2742 2808 est
2776 2756 2825 2808 in
2859 2758 3060 2811 sanctis
3087 2760 3411 2829 martyribus
3441 2761 3531 2830 qui

1961 2838 2177 2894 fuerunt
2205 2849 2394 2895 euntes
2426 2842 2492 2896 ad
2522 2851 2770 2897 mortem.
2817 2845 2883 2899 Et
2915 2846 3238 2902 determinat
3267 2852 3534 2918 quomodo

1960 2936 2136 2983 euntes
2163 2942 2180 2979 :
2208 2927 2362 2984 Ibant
2391 2939 2440 2983 et
2468 2931 2693 2999 flebant,
2724 2934 2826 2987 hoc
2862 2943 2946 2989 est
2983 2935 3235 2991 mittentes
3266 2940 3317 2991 in
3359 2939 3531 3008 lacry-

1962 3018 2066 3071 mis
2092 3019 2291 3073 semina
2320 3036 2438 3084 sua,
2481 3020 2534 3074 id
2561 3030 2643 3075 est
2671 3021 2839 3078 bonas
2865 3027 3221 3094 operationes.
3262 3028 3532 3085 Venientes

1963 3118 2155 3162 autem.
2195 3108 2272 3163 Ita
2319 3108 2533 3164 fuerunt
2575 3122 2751 3166 euntes
2797 3114 2863 3168 ad
2912 3124 3164 3180 mortem,
3194 3126 3253 3171 ut
3281 3118 3530 3183 diximus,

1885 3177 1929 3238 (ἶ
1960 3196 2076 3260 sed,
2104 3197 2359 3252 uenientes
2390 3200 2455 3254 de
2484 3210 2657 3255 morte
2684 3201 2751 3255 ad
2778 3202 2966 3269 vitam,
3002 3177 3204 3259 venient
3230 3222 3334 3262 non
3363 3210 3534 3277 quali-

1962 3294 2277 3355 tercunque,
2300 3289 2396 3343 sed
2423 3306 2541 3342 cum
2562 3290 2905 3346 exsultatione
2932 3304 3119 3349 contra
3146 3296 3246 3351 hoc
3273 3300 3413 3366 quod
3443 3300 3531 3355 hic

1958 3370 2177 3439 ﬂebant,
2213 3384 2477 3444 portantes
2508 3378 2800 3447 manipulos
2839 3398 2982 3448 suos,
3023 3384 3076 3438 id
3101 3394 3184 3439 est
3213 3388 3531 3455 recipientes

1964 3465 2444 3519 remunerationem
2473 3467 2735 3522 bonorum
2765 3484 3006 3539 operum.

2454 3564 2772 3622 PSALMUS
2808 3568 3021 3625 CXXVI
3027 3608 3040 3624 .

2325 3670 2591 3711 CANTICUI
2618 3670 2867 3712 GRADUUI
2897 3674 3155 3717 ελιοιιοιοι

2035 3761 2055 3793 ι
2086 3741 2198 3797 Nisi
2229 3743 2483 3800 Dominus
2504 3746 2853 3802 aediﬁcaverit
2878 3749 3119 3817 domum,
3148 3753 3202 3807 in
3228 3768 3421 3810 vanum
3455 3757 3531 3812 la-

1969 3850 1987 3884 ‹
2016 3832 2339 3889 boraverunt
2362 3836 2455 3905 qui
2481 3837 2750 3893 aediﬁcant
2771 3854 2912 3894 eam.
2934 3840 3047 3897 Nisi
3076 3843 3333 3901 Dominus
3354 3858 3535 3903 custo-

1966 3941 1987 3973 ί
2016 3924 2178 3979 dierit
2204 3925 2476 3982 civitatem
2501 3965 2517 3992 ,
2559 3927 2757 3984 frustra
2790 3930 2975 4000 vigilat
3006 3932 3098 4001 qui
3126 3936 3360 3991 custodit
3385 3953 3528 3993 eam.

1967 4034 1986 4066 ι
2014 4014 2226 4071 Vanum
2271 4026 2354 4073 est
2409 4020 2562 4075 vobis
2610 4031 2734 4077 ante
2780 4023 2952 4079 lucem
3000 4039 3222 4099 surgere
3259 4048 3271 4083 :
3307 4032 3531 4103 surgite,

1966 4122 1987 4155 ε
2016 4114 2301 4175 postquam
2324 4107 2593 4174 sederitis,
2614 4111 2704 4179 qui
2728 4114 3064 4171 manducatis
3088 4132 3280 4186 panem
3308 4120 3530 4176 doloris.

1966 4213 1986 4246 ι
2017 4194 2150 4250 Cum
2173 4197 2377 4251 dederit
2406 4196 2616 4253 dilectis
2658 4201 2770 4256 suis
2796 4216 3064 4269 somnum,
3091 4222 3218 4262 ecce
3245 4209 3534 4265 haereditas

1968 4299 1987 4332 ε
2018 4284 2252 4348 Domini,
2275 4284 2397 4350 ﬁlii;
2425 4301 2654 4351 merces,
2676 4286 2886 4345 fructus
2907 4293 3128 4347 ventris.
3150 4294 3300 4349 Sicut
3328 4297 3537 4365 sagittas

1968 4389 1987 4421 ι
2017 4373 2069 4431 in
2105 4388 2263 4427 manu
2286 4374 2521 4442 potentis
2543 4412 2558 4438 ,
2606 4376 2677 4429 ita
2709 4377 2801 4430 ﬁlii
2833 4394 3202 4435 excussorum.
3232 4382 3425 4438 Beatus
3453 4386 3537 4438 vir

1969 4479 1988 4512 ί
2019 4463 2109 4531 qui
2135 4462 2374 4532 implevit
2392 4465 2711 4520 desiderium
2735 4482 2889 4523 suum
2914 4483 2981 4523 ex
3005 4470 3153 4538 ipsis,
3181 4486 3287 4526 non
3312 4472 3538 4529 confun-

1970 4570 1988 4603 ι
2016 4553 2172 4607 detur
2200 4568 2321 4607 cum
2354 4553 2602 4622 loquetur
2631 4556 2862 4613 inimicis
2888 4559 2999 4614 suis
3025 4560 3077 4615 in
3107 4570 3281 4629 porta.
3314 4581 3333 4613 ι

2529 4640 2679 4695 ENA
2688 4643 2821 4697 RRA
2831 4645 2974 4701 T10.

2035 4729 2179 4785 Istud
2205 4732 2463 4785 canticum
2486 4733 2745 4802 graduum
2774 4744 2858 4791 est
2885 4741 3353 4797 commonitorium
3383 4743 3537 4800 Salo-

1964 4822 2131 4874 monis
2149 4861 2163 4885 ,
2208 4821 2262 4875 id
2290 4830 2375 4877 est
2398 4831 2791 4892 reprtesentans
2817 4827 2885 4882 ad
2914 4831 3228 4885 memoriam
3255 4848 3440 4888 casum
3474 4835 3538 4888 il-

1964 4909 2087 4964 lius.
2118 4908 2367 4965 Salomon
2394 4911 2538 4967 enim
2565 4921 2725 4968 tanta:
2751 4913 2853 4970 fuit
2880 4916 3246 4983 sublimitatis,
3278 4930 3337 4974 ut
3366 4921 3539 4990 Spiri-

1967 5008 2051 5053 tus
2102 5006 2319 5054 sanctus
2369 5016 2466 5069 per
2514 5016 2576 5057 os
2620 5005 2738 5073 ejus
2786 5005 3130 5075 loqueretur,
3181 5018 3235 5063 et
3280 5011 3535 5079 templum

1966 5089 2177 5143 Domini
2228 5090 2520 5146 aediﬁcaret
2596 5093 2652 5148 in
2723 5095 2984 5165 sapientia
3028 5112 3232 5169 omnes
3294 5099 3537 5156 homines

1965 5178 2275 5247 praecellens
2318 5196 2331 5232 :
2374 5187 2429 5233 et
2495 5188 2675 5237 tamen
2730 5184 2924 5239 cecidit
2975 5194 3029 5240 et
3074 5202 3179 5239 non
3237 5188 3535 5254 quomodo-

1968 5284 2226 5349 cunqueg,
2297 5271 2389 5325 sed
2466 5270 2520 5325 in
2590 5272 2965 5329 idololatriam.
3044 5276 3195 5342 Quod
3282 5277 3536 5332 admonet

1967 5375 2064 5429 per
2138 5362 2361 5415 istorum
2439 5379 2558 5433 quae
2642 5365 2730 5419 hic
2795 5374 3026 5436 aguntur
3106 5368 3533 5423 exhortationem

1969 5448 2279 5521 quemlibet,
2319 5462 2378 5506 ut
2425 5452 2551 5508 licet
2590 5463 2709 5523 post
2758 5465 3121 5524 c0ntemptum
3162 5456 3533 5525 temporalium

1970 5542 2233 5597 intantum
2260 5544 2605 5609 conscendat,
2638 5555 2698 5598 ut
2724 5560 2789 5599 ex
2815 5545 3099 5600 dilectione
3124 5546 3259 5599 bene
3281 5554 3537 5614 operetur

1969 5633 2110 5702 (Gal.
2142 5634 2216 5703 v),
2251 5649 2355 5687 non
2388 5643 2562 5687 tamen
2608 5644 2895 5703 praesumat
2935 5635 3044 5688 ullo
3080 5635 3237 5687 modo
3267 5635 3320 5688 in
3350 5649 3407 5689 se
3433 5636 3536 5689 sibi

1967 5724 2280 5791 promittere
2336 5723 2698 5788 securitatem,
2747 5724 2848 5780 nisi
2887 5725 3178 5782 sessionem
3218 5724 3367 5793 prius
3408 5739 3532 5794 per-

3022 5817 3098 5876 9.5
