4034 6420
523 511 625 565 779

1119 503 1402 558 ‘BEMIGII
1440 493 2092 556 ANTISSIODORENSIS
2131 494 2280 550 OPP.
2323 492 2502 546 PARS
2541 491 2577 544 Ι.
2641 519 2692 532 --
2726 487 3127 544 EXEGETICA.

3657 488 3782 543 780

527 619 686 692 gerit,
736 613 784 671 id
821 622 923 681 est,
957 613 1056 669 nisi
1095 613 1448 667 humilitatem
1493 625 1644 664 suam
1690 608 1757 662 ad
1801 621 2095 678 congruum
2124 616 2171 670 Α
2202 603 2314 671 ipsa
2346 601 2498 671 quies
2525 608 2580 656 et
2613 601 2993 663 remuneratio,
3017 598 3139 667 quia
3168 608 3635 670 quantumcunque
3661 600 3787 655 dif-

528 712 689 765 llnem
717 705 1046 776 perduxerit,
1079 719 1202 757 cum
1236 701 1500 771 przecipue
1523 700 1608 753 vir
1630 706 1790 752 tanta
1818 694 2098 766 dignitatis

525 810 581 856 et
617 796 895 867 sapientia:
928 794 1007 849 sic
1039 791 1393 846 criminaliter
1431 790 1717 845 corruerit.
1757 787 1880 842 ldeo
1918 779 2096 838 autem

527 892 613 946 hic
640 890 692 943 in
724 895 914 942 octavo
943 884 1108 954 gradu
1146 883 1320 954 agitur
1345 883 1409 935 de
1435 881 1759 944 securitate,
1791 878 1912 946 quia
1945 891 2097 931 secu-

526 981 658 1034 ritas
689 977 830 1030 nulla
855 985 938 1030 cst
964 974 1275 1044 priusquam
1307 973 1649 1042 perveniatur
1676 971 1742 1024 ad
1772 979 2036 1023 octavam.

599 1067 720 1121 Nisi
745 1064 1002 1118 Dominus
1039 1063 1371 1131 aediﬁcaverit
1407 1063 1641 1115 domum.
1686 1060 1884 1123 Iidem,
1919 1057 2009 1126 qui
2045 1066 2099 1109 et

525 1170 707 1224 supra,
731 1153 1022 1221 loquuntur
1047 1151 1134 1204 hic
1161 1153 1227 1204 ad
1251 1149 1656 1204 instructionem
1685 1148 2011 1210 auditorum,
2036 1159 2100 1199 ac

526 1249 569 1303 si
599 1247 779 1302 dicant
805 1263 817 1298 :
859 1244 1151 1313 Postquam
1183 1243 1337 1307 adeo,
1369 1251 1427 1296 ut
1456 1242 1656 1296 dictum
1697 1248 1798 1303 est,
1843 1253 2101 1292 conscen-

524 1337 733 1400 deritis,
777 1334 940 1388 nolite
983 1346 1306 1401 praesumere
1336 1331 1400 1384 de
1425 1329 1662 1384 custodia
1689 1335 1899 1391 vestra,
1947 1324 2101 1394 quasi

524 1441 622 1482 vos
650 1425 870 1496 possitis
896 1423 1166 1479 custodire
1196 1423 1392 1476 bonum
1423 1422 1564 1490 quod
1596 1420 1647 1473 in
1679 1418 1829 1472 vobis
1853 1427 1953 1481 cst,
1979 1431 2100 1470 cum

525 1531 627 1572 nec
647 1516 798 1587 prius
827 1515 957 1568 illud
987 1513 1201 1583 operari
1225 1512 1474 1583 possetis,
1503 1512 1604 1566 nisi
1629 1511 1769 1566 Deus
1790 1517 2105 1579 operaretur

526 1609 579 1661 in
607 1606 779 1670 vobis,
812 1604 938 1674 quia
979 1603 1079 1657 nisi
1116 1601 1369 1655 Dominus
1403 1601 1732 1669 a'diﬁcaverit
1767 1599 2013 1662 domum,
2051 1597 2102 1652 id

525 1703 629 1759 est,
659 1696 774 1763 ipse
813 1692 986 1762 primo
1029 1691 1262 1760 aliquem
1291 1690 1658 1744 constituisset
1683 1687 1785 1741 sibi
1817 1687 2100 1741 habitacu-

527 1785 659 1848 lum,
684 1791 738 1838 et
767 1782 1001 1835 animam
1033 1781 1222 1850 ipsius,
1253 1793 1370 1848 qua:
1405 1779 1596 1832 domus
1623 1775 1715 1830 Dei
1753 1790 1873 1830 esse
1914 1770 2099 1836 debet,

524 1889 620 1943 per
650 1873 801 1927 initia
831 1872 1088 1925 bonorum
1112 1885 1332 1938 operum
1363 1867 1701 1932 aedificasset,
1731 1866 1925 1920 frustra
1953 1865 2101 1918 labo-

2195 691 2421 757 feratur,
2447 700 2627 746 tamen
2648 701 2908 761 quantum
2943 689 3006 744 ad
3035 690 3136 745 hoc
3159 690 3300 760 quod
3326 699 3508 760 postea
3533 707 3635 746 non
3669 707 3789 745 va-

2198 783 2443 845 riabitur,
2480 780 2595 850 jam
2629 781 2911 836 dicendum
2955 789 3073 834 est:
3112 796 3260 844 ecce,
3310 781 3456 848 quia,
3509 781 3609 834 etsi
3655 781 3790 835 sim.

2197 882 2412 927 centum
2438 872 2522 926 vel
2549 871 2692 926 mille
2725 871 2849 924 anni
2868 911 2882 935 ,
2916 871 3024 924 cito
3061 880 3238 924 tamen
3263 871 3365 924 erit
3393 872 3458 924 ad
3488 886 3789 942 compara-

2199 963 2399 1017 tionem
2429 961 2765 1015 teternitatis.
2795 960 2926 1013 Cum
2965 974 3092 1030 ergo
3133 959 3328 1012 dederit
3356 959 3609 1014 Dominus
3634 960 3792 1014 dila-

2199 1053 2292 1106 ctis
2310 1052 2420 1105 suis
2447 1067 2706 1115 somnum,
2736 1049 2786 1103 id
2809 1057 2913 1113 est,
2937 1049 3174 1117 requiem
3206 1059 3327 1117 post
3351 1048 3506 1117 hujus
3524 1050 3644 1102 vita:
3666 1049 3792 1102 mi-

2199 1141 2404 1206 serias,
2449 1156 2565 1194 ecce
2603 1139 2883 1193 hereditas
2934 1138 3141 1191 Domini
3172 1138 3353 1191 statim
3384 1137 3682 1207 apparebit,
3727 1146 3793 1191 et

2201 1231 2315 1285 haec
2346 1231 2626 1284 hwreditas
2656 1244 2760 1284 non
2786 1227 3174 1298 qualiscunque
3196 1229 3298 1281 erit
3321 1229 3414 1282 sed
3436 1245 3623 1282 merces
3646 1228 3788 1296 ﬁlii,

2203 1317 2254 1371 id
2276 1326 2378 1381 est,
2414 1316 2535 1371 talis
2575 1317 2680 1371 erit
2715 1315 3078 1368 remuneratio
3113 1330 3211 1369 suo
3245 1316 3434 1378 modo,
3479 1315 3651 1384 qualis
3693 1325 3790 1368 est

2203 1408 2347 1463 illius
2363 1409 2452 1478 qui
2481 1408 2692 1478 proprie
2719 1407 2884 1462 Filius
2913 1408 3127 1473 dicitur,
3149 1409 3249 1462 hoc
3276 1417 3382 1472 est,
3404 1409 3646 1463 eamdem
3674 1423 3786 1464 suo

2204 1498 2362 1552 modo
2389 1495 2846 1552 immortalitatem
2890 1505 2945 1550 et
2991 1496 3474 1566 impassibilitatem
3501 1498 3788 1552 habebunt

2204 1602 2367 1657 quam
2392 1587 2562 1642 Filius
2584 1587 2699 1652 Dei,
2726 1601 2888 1656 quam
2921 1595 3098 1640 tamen
3125 1602 3221 1655 per
3258 1587 3430 1656 ipsum
3451 1585 3644 1640 Filium
3675 1587 3785 1640 ha-

2203 1679 2425 1734 bebunt.
2462 1677 2528 1732 Et
2552 1678 2654 1734 hoc
2684 1666 3003 1746 intelligitur
3040 1677 3127 1730 ubi
3159 1677 3549 1730 deterlniuatur
3579 1676 3645 1730 de
3669 1691 3786 1744 quo

2205 1767 2316 1822 lilio
2359 1767 2591 1822 dicatur.
2633 1764 2765 1820 Filii
2807 1765 2958 1830 dico,
3003 1765 3204 1834 fructus
3233 1766 3450 1830 ventris,
3495 1765 3546 1819 id
3574 1773 3693 1828 est,
3722 1765 3788 1818 il-

2207 1859 2311 1914 lius
2337 1857 2461 1912 Filii
2500 1857 2592 1927 qui
2637 1856 2896 1912 dicendus
2935 1864 3019 1910 est
3053 1856 3246 1910 merito
3284 1855 3492 1911 fructus
3532 1857 3781 1920 ventris,

527 1939 768 2013 rarerunt
798 1951 886 2028 qui
915 1958 1177 2026 aediﬁcant
1205 1974 1338 2020 eam,
1374 1957 1424 2009 id
1463 1965 1548 2010 est
1575 1956 1790 2008 domum
1810 1994 1825 2018 ,
1854 1954 1956 2008 hoc
1984 1962 2099 2018 est,
2131 1939 2177 1999 Β
2206 1949 2258 2002 id
2304 1957 2388 2002 est
2408 1987 2424 2014 ,
2470 1945 2776 2001 fructuosus
2819 1954 3004 2015 partus
3035 1946 3176 2000 uteri
3219 1945 3530 2014 virginalis,
3565 1961 3634 2000 ex
3672 1960 3783 2015 qua

527 2050 729 2104 frustra
769 2049 1101 2102 laborassem
1132 2055 1185 2099 et
1239 2044 1442 2114 praelati
1486 2045 1840 2114 praedicantes
1883 2050 1937 2096 et
1980 2042 2106 2096 sub-

521 2137 650 2206 jecti
718 2133 1049 2189 obedieutcs.
1091 2130 1272 2201 Neque
1338 2134 1426 2202 qui
1485 2131 1685 2200 plantat
1747 2139 1820 2183 est
1874 2128 2101 2198 aliquid,

527 2241 690 2296 neque
707 2225 796 2294 qui
827 2225 982 2292 rigat,
1012 2221 1100 2276 sed
1129 2221 1218 2292 qui
1245 2221 1616 2274 incrementum
1649 2221 1738 2273 dat
1767 2217 1820 2290 (1
1847 2216 1972 2272 Cor.
2000 2218 2106 2286 ιιι).

532 2309 652 2368 Nisi
693 2314 946 2367 Dominus
991 2311 1306 2366 custodierit
1333 2311 1610 2365 civitatem.
1646 2309 1934 2377 Postquam
1979 2322 2109 2363 vero

529 2404 776 2460 aedificati
827 2401 1068 2465 fueritis,
1117 2409 1173 2455 et
1226 2400 1619 2454 multitudinem
1657 2399 1912 2452 virtutum
1955 2397 2106 2467 quasi

529 2493 777 2547 concives
806 2491 1287 2561 congrega'veritis,
1329 2489 1526 2554 nolite,
1563 2497 1622 2542 ut
1665 2489 1862 2544 dictum
1890 2499 2005 2554 est,
2042 2488 2110 2542 de

533 2581 724 2634 harum
753 2579 996 2634 custodia
1030 2579 1081 2632 in
1112 2577 1260 2632 vobis
1293 2592 1651 2647 praesumere,
1690 2578 1814 2646 quia
1856 2577 1958 2630 nisi
2003 2576 2112 2631 Do-

529 2669 703 2721 minus
729 2667 1028 2720 custodierit
1071 2665 1358 2728 cieitatem,
1405 2665 1455 2718 id
1494 2673 1603 2728 est,
1631 2665 1890 2730 animam,
1921 2665 1974 2718 in
2007 2673 2111 2734 qua

529 2758 758 2812 virtutes
800 2757 946 2812 velut
986 2759 1131 2810 cives
1175 2755 1547 2819 continentur,
1588 2754 1786 2824 frustra
1817 2755 1991 2826 vigilat
2023 2757 2110 2826 qui

531 2846 756 2899 custodit
782 2861 920 2909 eam,
948 2844 998 2897 id
1032 2852 1137 2908 est,
1163 2843 1216 2896 in
1245 2858 1441 2897 vanum
1473 2843 1736 2898 sollicitus
1762 2852 1916 2898 estet
1936 2845 2111 2899 curio-

531 2949 627 2989 sus
653 2935 742 3004 qui
775 2933 1003 2988 intendit
1027 2948 1144 2987 eam
1171 2933 1444 2987 custodire
1473 2948 1574 3003 ope
1603 2949 1696 2987 sua
1715 2973 1730 2996 ,
1778 2933 1891 2987 sive
1921 2935 2114 3001 przedi-

531 3034 702 3087 calor,
733 3025 846 3077 sive
881 3023 1220 3090 prmdicatus.
1252 3020 1456 3074 Vanum
1484 3032 1556 3075 est
1590 3022 1746 3075 vobis.
1776 3021 1839 3075 Et
1861 3023 2112 3089 quoniam

533 3114 726 3170 civitas
760 3129 864 3167 non
894 3121 1068 3182 potest
1093 3113 1347 3167 custodiri
1388 3113 1490 3167 nisi
1517 3128 1547 3166 a
1578 3113 1836 3178 Domino,
1868 3129 1998 3184 ergo
2023 3130 2115 3167 va-

534 3218 658 3255 num
689 3213 763 3256 est
790 3203 939 3256 vobis
965 3218 1196 3271 surgere,
1236 3201 1286 3256 id
1314 3210 1418 3265 est,
1450 3201 1792 3256 securitatem
1815 3202 1966 3257 vobis
1991 3217 2112 3272 pro~

537 3291 752 3346 mittere
777 3302 897 3345 ante
926 3290 1113 3355 lucem,
1146 3291 1198 3344 id
1225 3299 1327 3354 est,
1361 3299 1486 3343 ante
1509 3289 1833 3344 luculentam
1863 3299 1918 3344 et
1943 3291 2115 3345 omni-

537 3379 639 3434 bus
666 3381 1012 3448 conspicuam
1051 3381 1539 3434 remunerationem
1578 3395 1698 3449 qua:
1739 3380 1843 3433 erit
1880 3380 1933 3434 in
1969 3394 2116 3435 com-

539 3470 685 3523 muni
735 3469 1150 3524 resurrectione.
1201 3469 1268 3522 Et
1311 3485 1376 3523 ne
1418 3468 1540 3538 quis
1579 3477 1793 3538 putaret
1821 3471 1963 3539 quod
1999 3471 2116 3524 haec

537 3558 766 3627 dejectio
803 3571 1023 3627 semper
1064 3556 1284 3612 deberet
1328 3573 1580 3621 manere,
1629 3559 1813 3613 addit:
1873 3557 2111 3628 Surgite,

536 3656 809 3718 postquam
835 3648 1088 3711 sederitis,
1122 3647 1176 3701 id
1201 3655 1304 3710 est,
1330 3655 1458 3700 tunc
1487 3647 1661 3701 securi
1689 3655 1879 3711 estote,
1902 3649 2114 3715 quando

538 3737 655 3790 haec
698 3735 867 3790 sessio
909 3744 968 3788 et
1009 3733 1236 3802 dejectio
1276 3743 1452 3788 vestra
1495 3733 1702 3789 scilicet
1735 3733 2035 3789 mortalitas
2061 3743 2115 3788 ct

537 3823 868 3892 passibilitas
899 3830 1118 3891 peracta
1144 3820 1328 3875 fuerit.
1364 3821 1425 3875 Et
1452 3829 1628 3876 tamen
1661 3836 1765 3876 non
1793 3822 1923 3878 dicit
1953 3831 2012 3876 ut
2036 3823 2116 3876 vel

544 3923 674 3968 tunc
695 3915 901 3983 possint
928 3927 1048 3967 esse
1071 3913 1246 3968 securi
1271 3913 1371 3968 nisi
1395 3912 1646 3968 custoditi
1679 3927 1706 3966 a
1736 3913 1983 3969 Domino.
2009 3915 2114 3969 Sed

541 4003 630 4057 illa
665 4003 906 4058 custodia
949 4002 1105 4072 longe
1138 4003 1390 4057 differens
1420 4003 1524 4057 erit
1566 4002 1634 4057 ab
1679 4004 1812 4069 ista,
1860 4004 2114 4073 quoniam

542 4097 614 4149 ita
641 4094 942 4149 conllrmati
975 4102 1102 4147 tunc
1131 4101 1290 4147 erunt
1318 4102 1375 4147 ut
1413 4108 1518 4148 non
1548 4093 1619 4148 sit
1647 4094 1728 4149 eis
1751 4094 2003 4149 voluntas
2033 4095 2116 4149 vel

541 4186 866 4242 desiderium
898 4185 1152 4255 peccandi
1181 4185 1319 4240 sicut
1346 4199 1444 4239 nec
1468 4185 1692 4256 angelis.
1735 4183 1891 4251 Quod
1935 4195 2114 4240 autem

542 4277 717 4347 ponit,
743 4276 961 4346 surgite,
987 4285 1262 4345 postquam
1295 4275 1551 4339 sederitis,
1590 4274 1786 4330 dicitur
1811 4290 1842 4329 a
1867 4275 2120 4330 similitu-

541 4367 666 4421 dine
691 4367 1067 4421 damnatorum
1103 4367 1193 4436 qui
1235 4366 1286 4420 in
1319 4366 1493 4419 medio
1529 4365 1726 4434 placito
1748 4365 2005 4436 jubentur
2033 4380 2117 4422 se-

541 4458 669 4512 dere
695 4457 748 4510 in
783 4465 923 4511 terra
943 4496 956 4521 ,
987 4457 1155 4511 donec
1181 4456 1246 4511 de
1277 4456 1398 4511 aliis
1424 4457 1586 4511 etiam
1620 4457 1778 4512 detur
1815 4460 2079 4513 sententia
2099 4499 2115 4523 ,

545 4559 603 4601 ut
649 4547 895 4602 similiter
924 4547 1264 4602 damnentur.
1303 4547 1452 4602 Tunc
1496 4549 1639 4613 dico,
1669 4549 1884 4618 surgite,
1916 4549 1969 4604 id
1997 4558 2081 4604 est

543 4637 719 4692 securi
747 4645 940 4703 estote,
983 4654 1076 4693 vos
1111 4638 1313 4693 scilicet
1340 4639 1428 4706 qui
1456 4641 1784 4694 ntanducatis
1811 4657 1998 4710 panem
2025 4645 2119 4695 do-

544 4726 690 4778 loris.
739 4725 817 4780 Ac
863 4727 908 4780 sl
959 4727 1138 4781 dicat:
1178 4725 1286 4781 Nec
1328 4736 1453 4780 tunc
1492 4727 1746 4782 omnibus
1773 4719 2117 4784 securitatem

545 4816 814 4883 promitto,
865 4817 957 4872 sed
996 4816 1148 4872 vobis
1195 4826 1398 4871 tantum
1439 4818 1527 4886 qui
1568 4818 1897 4872 manducatis
1933 4835 2119 4888 panem

544 4902 766 4967 doloris,
813 4905 863 4960 id
894 4914 996 4970 est,
1040 4906 1233 4975 quibus
1259 4906 1360 4960 ista
1391 4921 1626 4976 praesens
1653 4919 1709 4962 et
1741 4909 1996 4963 continua
2026 4909 2118 4963 tri-

545 4995 766 5059 bulatio,
804 5006 1046 5065 respectu
1074 5011 1453 5065 supernorum,
1482 4996 1820 5052 delectationi
1847 5007 1931 5054 est
1954 5008 2007 5054 et
2036 5014 2124 5054 re-

545 5085 764 5139 fectioni
795 5085 938 5140 velut
981 5086 1136 5155 panis
1177 5086 1268 5154 qui
1317 5086 1604 5142 continuus
1648 5094 1731 5142 est
1771 5087 1944 5142 cibus.
1990 5086 2119 5141 Cum

545 5186 744 5239 dederit
767 5185 966 5240 dilectis
995 5187 1104 5239 suis
1128 5200 1386 5238 somnum.
1416 5184 1482 5239 Et
1507 5187 1660 5254 quasi
1707 5202 1804 5256 pro
1841 5196 2120 5255 exspecta-

545 5285 708 5339 tionis
731 5284 1083 5339 diuturnitate
1112 5283 1324 5338 solliciti
1355 5284 1614 5339 dicercnt.
1660 5285 1726 5338 Et
1769 5285 1982 5354 quando
2019 5284 2122 5338 erit

548 5395 607 5438 ut
650 5393 867 5454 peracta
919 5384 1158 5438 sessione
1204 5383 1472 5454 possimus
1515 5385 1776 5455 surgere?
1813 5385 1924 5438 ait:
1971 5383 2122 5439 Tunc

550 5502 664 5538 cum
690 5484 889 5538 dilectis
931 5486 1057 5548 suis,
1091 5485 1142 5539 id
1173 5492 1276 5551 est,
1307 5485 1372 5539 ad
1401 5485 1568 5539 vitam
1603 5484 2006 5554 prmordinatis,
2035 5483 2124 5537 de-

548 5586 682 5638 derit
717 5600 974 5650 somnum,
1003 5585 1054 5638 id
1084 5592 1184 5649 est,
1215 5593 1471 5639 :eteruam
1499 5584 1754 5654 quietem.
1779 5583 1844 5637 Et
1866 5583 1952 5638 illa
1972 5584 2124 5653 quies

551 5699 658 5738 non
689 5684 952 5748 differtur,
981 5684 1074 5738 sed
1099 5700 1232 5749 erce,
1269 5683 1323 5738 id
1355 5693 1470 5749 est,
1504 5684 1558 5737 in
1588 5685 1835 5754 proximo
1875 5692 1930 5740 et
1971 5684 2127 5752 quasi

556 5785 609 5837 in
655 5783 1213 5853 maniieslo,gscilicet
1238 5793 1322 5840 est
1344 5786 1623 5840 hereditas
1649 5785 1892 5851 Domini,
1925 5787 1975 5842 id
2009 5796 2124 5853 est,

2101 4589 2115 4615 ’
2151 4595 2195 4652 Ι)

2206 2037 2475 2091 maximus
2502 2035 2750 2105 provenit
2778 2033 3017 2098 fructus,
3066 2043 3123 2088 et
3168 2033 3401 2087 maxima
3428 2033 3636 2089 utilitas
3686 2035 3789 2089 bu-

2207 2143 2364 2182 mano
2387 2127 2590 2196 generi.
2621 2125 2894 2180 Hilarius:
2931 2143 2950 2175 ι
2978 2123 3292 2179 Ostenditur
3309 2125 3526 2193 quando
3547 2125 3785 2180 debeant

2206 2231 2428 2286 surgere
2455 2216 2543 2284 qui
2573 2215 2722 2284 prius
2739 2213 2873 2285 jussi
2905 2222 3034 2268 sunt
3052 2214 3241 2268 sedere
3264 2254 3280 2280 ,
3303 2213 3395 2270 illo
3413 2214 3626 2270 scilicet
3649 2225 3787 2269 tem-

2206 2321 2339 2378 pore
2377 2321 2497 2359 cum
2556 2305 2742 2359 ﬁdeles
2774 2304 3137 2372 suscipiuntur
3167 2305 3220 2358 in
3268 2305 3543 2372 requiem,
3587 2306 3789 2374 quibus

2208 2410 2356 2449 mors
2376 2409 2598 2449 somnus
2619 2404 2700 2447 est
2725 2403 2780 2446 et
2808 2407 2996 2448 secura
3019 2393 3286 2462 pausatio.
3313 2413 3330 2443 ι
3350 2393 3484 2447 Ecce
3502 2395 3789 2450 luereditas

2209 2487 2452 2550 Domini,
2485 2486 2583 2550 ﬁlii
2602 2527 2616 2550 ,
2649 2486 2856 2540 scilicet
2885 2485 3172 2548 Ecclesia,
3206 2499 3272 2540 ex
3298 2501 3441 2554 aqua
3476 2496 3530 2540 et
3577 2485 3787 2555 Spiritu

2209 2587 2398 2632 sancto
2444 2576 2778 2645 regenerati,
2826 2585 2882 2629 et
2920 2575 3007 2628 isti
3051 2575 3148 2643 ﬁlii
3171 2585 3296 2630 sunt
3341 2592 3538 2630 merces
3579 2576 3786 2644 fructus

2209 2668 2422 2730 ventris,
2471 2666 2524 2720 id
2557 2673 2672 2731 est,
2700 2664 2869 2718 uteris
2897 2663 3174 2733 virginalis
3213 2671 3418 2733 partus.
3453 2663 3647 2718 Merces
3694 2675 3786 2719 est

2203 2757 2387 2813 omnis
2423 2755 2539 2825 ejus
2568 2755 2848 2810 hereditas
2873 2794 2888 2818 ,
2940 2755 3033 2822 qui
3087 2768 3372 2825 resurgens
3422 2754 3477 2807 in
3524 2755 3790 2808 ctelorunn

2210 2847 2604 2918 possessionem
2645 2845 2896 2908 mittitur,
2922 2855 2977 2899 et
3002 2853 3205 2898 attenta
3230 2859 3359 2899 cum
3404 2846 3635 2900 Domino
3671 2845 3790 2898 feli-

2211 2939 2374 2994 citate
2397 2937 2670 3008 gaudebit.
2698 2936 2901 2990 Merces
2939 2950 3085 2988 enim
3122 2935 3439 2989 humanitati
3473 2935 3691 2989 reddita
3712 2937 3792 2989 di-

2211 3031 2374 3093 citur,
2402 3031 2468 3084 de
2494 3041 2600 3098 qua
2625 3035 2679 3080 et
2709 3025 2974 3081 secundus
2992 3024 3230 3095 psalmus
3254 3025 3328 3078 ait
3353 3043 3365 3077 :
3397 3022 3628 3079 Postulo
3658 3042 3695 3078 a
3718 3042 3792 3078 nu

2211 3127 2258 3173 et
2285 3117 2420 3170 dabo
2439 3116 2530 3170 tibi
2553 3123 2724 3185 gentes
2766 3113 3122 3167 hwreditatem
3163 3122 3329 3165 tuam.
3357 3112 3634 3166 Caeterum
3663 3113 3794 3166 divi-

2217 3210 2358 3264 nitas
2395 3205 2514 3276 ejus
2538 3204 2672 3260 nihil
2691 3205 2899 3273 accepit
2921 3204 3061 3258 unde
3085 3211 3378 3258 cresceret.
3409 3201 3561 3256 Sicut
3589 3205 3795 3273 sagittae

2216 3301 2270 3352 in
2288 3314 2448 3351 manu
2469 3296 2714 3366 potentis.
2731 3294 2998 3361 Quoniam
3013 3294 3263 3363 superius
3289 3293 3576 3346 dixeratin
3604 3309 3793 3346 vanum

2213 3388 2540 3443 aedificantes
2563 3387 2812 3441 laborare
2838 3394 2894 3440 et
2934 3385 3297 3440 custodientes
3323 3384 3520 3451 frustra
3547 3384 3794 3454 vigilare,

2214 3495 2281 3534 ne
2309 3479 2694 3548 pradieatores
2722 3477 2942 3531 omnino
2973 3476 3208 3544 depressi
3237 3483 3292 3528 et
3320 3474 3451 3528 nihil
3484 3474 3671 3530 valere
3715 3476 3795 3528 vi-

2213 3569 2463 3630 deantur,
2490 3575 2545 3621 et
2569 3564 2841 3620 dissolutis
2866 3564 3114 3618 manibus
3142 3563 3301 3631 tepidi
3317 3560 3644 3626 efﬁciantur,
3666 3579 3796 3618 con-

2211 3658 2415 3712 solatur
2443 3671 2537 3711 eos
2585 3657 2656 3710 ita
2695 3674 2706 3709 :
2743 3656 3000 3723 Quamvis
3031 3654 3258 3708 dixerim
3287 3669 3478 3708 vanum
3527 3664 3604 3707 est
3653 3656 3796 3708 nobis

2214 3757 2334 3801 ante
2379 3747 2546 3801 lucem
2576 3761 2790 3816 surgere
2817 3745 2914 3815 ﬁlii
2961 3754 3139 3798 tamen
3169 3758 3542 3807 excusserunt,
3585 3743 3639 3796 id
3678 3753 3792 3806 est,

2213 3838 2581 3906 expeditorum
2604 3835 2672 3890 ad
2698 3835 3048 3891 excutiendas
3076 3833 3308 3904 praedas,
3329 3832 3431 3886 hoc
3451 3838 3557 3893 est,
3578 3842 3800 3900 aposto-

2213 3931 2385 3984 lorum
2421 3928 2750 3989 imitatores,
2809 3926 2884 3978 ita
2915 3925 3049 3978 sicut
3095 3923 3300 3992 sagitta:
3344 3929 3467 3975 sunt
3502 3920 3698 3990 posita
3737 3921 3793 3972 in

2216 4035 2374 4072 manu
2396 4017 2616 4086 potentis
2633 4055 2648 4079 ,
2677 4015 2931 4068 subaudis
2959 4012 3242 4082 sagittarii,
3263 4011 3386 4080 quia
3403 4011 3476 4064 ibi
3499 4018 3631 4065 sunt
3653 4009 3794 4064 mul-

2218 4119 2328 4161 tum
2360 4105 2624 4162 elﬁcaces.
2675 4105 3007 4159 Excussores
3047 4103 3264 4172 proprie
3307 4101 3558 4155 dicuntur
3582 4103 3676 4170 qui
3708 4117 3797 4156 cu-

2215 4197 2458 4252 stodiunt
2478 4197 2622 4250 circa
2650 4194 2870 4249 castella
2894 4194 2958 4247 ad
2973 4193 3180 4262 prazdas
3195 4191 3517 4254 liberandas,
3545 4199 3600 4245 et
3627 4205 3796 4246 excu-

2216 4287 2446 4340 tiendas.
2469 4285 2547 4338 lta
2567 4285 2942 4354 praadicatores
2953 4281 3228 4336 constituti
3255 4289 3378 4334 sunt
3403 4279 3470 4332 ad
3489 4280 3798 4348 eripiendas

2219 4375 2426 4428 animas
2447 4391 2475 4426 a
2503 4381 2770 4442 potestate
2800 4371 2997 4425 diaboli
3019 4386 3138 4438 quae
3164 4371 3232 4423 ab
3254 4378 3320 4423 eo
3338 4377 3463 4423 sunt
3481 4369 3792 4437 eaptivatr.

2224 4465 2339 4530 Vel,
2364 4477 2680 4519 excussores
2711 4469 2834 4516 sunt
2849 4463 3188 4515 trituratores
3217 4457 3542 4513 frumentum
3574 4473 3605 4510 a
3628 4458 3798 4528 paleis

2221 4553 2573 4608 excutientes.
2604 4550 2755 4617 Quod
2778 4548 3025 4604 similiter
3047 4547 3278 4602 refertur
3306 4550 3372 4600 ad
3390 4546 3793 4616 praedicatores;

2223 4642 2416 4696 Beatus
2442 4643 2519 4696 vir
2547 4641 2635 4710 qui
2665 4638 2889 4707 implevit
2917 4638 3230 4692 desiderium
3254 4654 3406 4692 suum
3442 4636 3684 4706 eat-ipsis.
3712 4638 3796 4699 Et,

2223 4735 2347 4804 quia
2374 4732 2472 4801 ﬁlii
2493 4745 2825 4785 excussorum
2851 4737 2978 4782 sunt
3007 4729 3136 4781 sicut
3164 4729 3366 4796 sagitta:
3379 4726 3433 4780 in
3459 4743 3623 4779 manu
3642 4729 3799 4796 periti

2225 4821 2524 4893 sagittarii,
2554 4819 2694 4873 beati
2722 4827 2865 4872 sunt.
2897 4817 2960 4870 Et
2993 4833 3098 4870 non
3126 4814 3447 4884 tantumipsi
3474 4826 3603 4868 sunt
3632 4817 3796 4877 beati,

2223 4911 2316 4965 sed
2331 4911 2490 4962 etiam
2507 4909 2683 4961 beatus
2699 4915 2777 4960 est
2800 4907 2878 4958 vir
2892 4905 3120 4974 quisque
3136 4905 3227 4973 qui
3258 4904 3451 4958 bonam
3468 4906 3802 4959 voluntatem

2223 5012 2537 5074 conceptam
2553 5016 2614 5054 ex
2633 5000 2778 5070 ipsis,
2797 4999 2849 5052 id
2865 5007 2968 5063 est,
2981 4998 3241 5066 exemplis
3255 5007 3308 5050 et
3329 4997 3576 5052 doctrina
3588 5014 3797 5063 eorum,

2223 5096 2406 5164 implet
2430 5095 2720 5148 secundum
2735 5091 3121 5160 operationem.
3153 5089 3218 5143 Et
3241 5091 3378 5143 hanc
3406 5089 3799 5143 beatitudinem

2224 5193 2458 5249 ostendit
2483 5207 2547 5245 ex
2575 5202 2753 5260 parte,
2780 5191 2906 5260 quia
2939 5205 3042 5243 non
3084 5188 3432 5257 confundetur
3463 5187 3573 5241 ullo
3601 5189 3762 5242 modo
3785 5228 3799 5250 ,

2224 5309 2338 5346 cum
2365 5291 2601 5359 loquetur
2626 5288 2848 5342 inimicis
2878 5289 3009 5352 suis,
3036 5286 3086 5340 id
3117 5294 3228 5350 est,
3257 5285 3526 5339 litereticis
3549 5285 3636 5338 vel
3675 5300 3798 5354 per-

2227 5387 2590 5452 secutoribus,
2655 5387 2970 5456 ueterisque
3029 5386 3137 5438 Deo
3188 5384 3687 5439 contradicentibus
3744 5386 3796 5436 in

2225 5495 2409 5556 porta,
2444 5484 2494 5537 id
2517 5492 2630 5549 est,
2659 5483 2711 5536 in
2747 5481 2958 5552 publico
2985 5499 2998 5535 :
3025 5481 3224 5535 dictum
3254 5497 3284 5533 a
3315 5479 3673 5534 similitudine
3699 5481 3802 5534 for-

2229 5587 2299 5641 tis
2325 5585 2613 5654 militisqui
2637 5583 2889 5638 audacter
2914 5583 2979 5636 ad
2997 5582 3544 5658 portasinimicorum
3578 5583 3799 5644 veniret,

2231 5698 2286 5744 ει
2325 5688 2398 5742 ibi
2447 5687 2754 5756 loqueretur
2779 5701 2901 5738 cum
2930 5685 3027 5740 eis.
3062 5683 3159 5738 Vel
3185 5684 3237 5737 in
3262 5694 3449 5749 porta,
3504 5684 3555 5737 id
3597 5694 3681 5738 est
3701 5723 3717 5746 ,
3749 5685 3798 5735 in

2233 5785 2451 5844 Christo
2479 5787 2588 5854 ip<e
2618 5801 2858 5850 manens,
2881 5793 2934 5839 et
2956 5799 3017 5838 ea
3047 5799 3166 5853 qua:
3194 5783 3403 5853 Christi
3417 5793 3542 5837 sunt
3562 5784 3794 5853 loquens.
