4034 6424
230 488 337 543 781

719 570 1033 647 'rsauuus
1070 587 1324 643 cxxvn.

743 694 1009 735 CANTICUM
1049 692 1324 734 GRADUUM.

312 792 333 826 s
362 773 511 828 Beati
550 779 737 825 omnes
752 769 840 838 qui
864 769 1055 821 timent
1084 767 1395 828 Dominum,
1418 764 1508 833 qui
1541 762 1817 816 ambulant

247 882 262 915 ι
307 863 361 917 ἰη
391 862 492 915 viis
532 860 665 929 ejus.
702 858 938 913 Labores
972 870 1222 909 manuum
1254 864 1466 907 tuarum
1505 853 1631 921 quia
1662 867 1813 905 man—

238 970 257 1003 ι
302 948 563 1012 ducabis,
606 947 797 1001 beatus
842 960 935 1009 es,
971 954 1026 998 et
1050 943 1186 997 bene
1226 942 1320 995 tibi
1368 942 1490 994 erit.
1526 940 1673 995 Uxor
1725 948 1814 992 tua

242 1062 260 1094 s
307 1043 450 1098 sicut
492 1039 906 1095 vitisabundans
952 1037 1003 1089 in
1027 1034 1283 1089 lateribus
1312 1033 1501 1087 domus
1541 1040 1662 1084 tute.
1694 1028 1815 1083 Filii

237 1148 257 1185 ι
307 1135 385 1189 tui
418 1133 557 1188 sicut
578 1129 801 1185 novellae
823 1125 1176 1190 olivarum,in
1204 1124 1429 1179 circuitu
1461 1136 1658 1176 mensae
1690 1130 1813 1175 tuae.

237 1244 256 1275 s
306 1222 449 1278 Ecce
483 1221 561 1276 sic
586 1218 931 1274 benedicetur
977 1217 1169 1279 homo,
1196 1214 1287 1282 qui
1319 1214 1470 1266 timet
1510 1210 1814 1264 Dominum.

237 1332 257 1366 ι
304 1314 599 1369 Benedieat
643 1310 733 1364 tibi
769 1309 1039 1363 Dominus
1076 1321 1143 1369 ex
1180 1304 1340 1369 Sion,
1374 1312 1428 1357 et
1463 1302 1646 1357 videas
1676 1302 1816 1355 bona

237 1424 257 1455 ι
316 1402 615 1458 Jerusalem
629 1400 879 1455 omnibus
899 1396 1219 1452 diebusvitte
1238 1404 1360 1449 tuae.
1395 1393 1654 1448 Etvideas
1680 1391 1819 1448 ﬁlios

237 1510 259 1546 ι
312 1493 545 1547 ﬁliorum
582 1501 796 1544 tuorum
827 1526 842 1553 ,
873 1501 1058 1557 pacem
1088 1500 1249 1554 super
1272 1484 1461 1539 Israel.
1492 1500 1509 1533 ι

812 1582 1258 1649 ENARRATIO.

310 1700 509 1766 lterum
537 1690 611 1762 illi
642 1704 1219 1773 fideles,quietsupra,
1241 1710 1540 1772 aguntcum
1565 1699 1671 1754 illis
1685 1713 1820 1769 quos

227 1808 619 1873 promoverunt
646 1797 711 1851 ad
734 1797 876 1850 hunc
899 1794 1121 1865 gradum
1150 1801 1209 1846 ut
1241 1806 1512 1860 nunquam
1542 1789 1644 1844 sibi
1665 1802 1819 1843 secu-

231 1894 451 1947 ritatem
478 1884 1060 1958 promittant,’quandiu
1076 1891 1201 1937 sunt
1221 1882 1272 1935 in
1297 1883 1400 1935 hac
1420 1880 1527 1933 vita
1553 1887 1606 1933 et
1624 1878 1819 1933 exbor-
1853 1919 1898 1978 Β

231 1989 422 2033 tantur
449 1978 566 2032 illos
590 1976 657 2030 ad
679 1976 919 2029 altiorem
937 1969 1393 2042 gradum,scilicet
1418 1969 1627 2030 timere,
1646 1966 1697 2020 id
1716 1973 1819 2030 est,

233 2069 407 2125 Deum
446 2068 685 2138 diligere.
712 2065 776 2119 Et
801 2065 914 2119 haec
936 2062 1152 2117 dilectio
1175 2074 1282 2115 non
1310 2061 1467 2114 debet
1494 2073 1612 2113 esse
1626 2057 1818 2120 otiosa,

231 2158 333 2213 sed
377 2156 651 2210 ambulent
683 2153 735 2208 in
766 2152 886 2207 viis.
914 2151 983 2206 Et
1011 2150 1195 2205 dicunt
1247 2156 1508 2217 quantum
1559 2146 1683 2215 quis
1724 2159 1822 2215 per

230 2248 355 2304 lucc
393 2253 754 2314 consequatur
781 2241 1186 2302 beatitudinem,
1220 2247 1274 2294 et
1302 2238 1410 2301 hic,
1430 2245 1485 2291 et
1509 2237 1563 2289 in
1594 2234 1795 2289 futuro.

311 2322 463 2391 Beati
492 2349 666 2388 omnes
692 2333 781 2402 qui
805 2332 984 2385 timent
1011 2328 1326 2392 Dominum,
1349 2326 1440 2395 qui
1473 2322 1743 2377 ambulant
1764 2323 1821 2375 in

232 2428 337 2481 viis
366 2426 498 2494 eius.
524 2424 725 2480 Omnes
750 2422 838 2491 qui
868 2423 1059 2476 timent
1080 2418 1364 2473 Dominum
1396 2430 1524 2469 vero
1566 2422 1623 2468 et
1669 2422 1820 2467 casto

236 2518 435 2571 timore
453 2530 595 2579 ,vera
612 2512 816 2568 scilicet
832 2511 1117 2565 dilectione
1132 2506 1557 2577 supradictorum
1575 2512 1816 2572 respectu

235 2607 649 2667 beneﬁciorum,
681 2612 736 2658 et
761 2603 831 2656 ita
854 2610 913 2656 ut
935 2601 1045 2657 sint
1072 2599 1411 2653 ambulantes
1438 2605 1495 2651 et
1522 2609 1580 2650 se
1606 2606 1819 2663 promo-

234 2704 428 2750 ventes
476 2695 527 2748 in
562 2693 845 2763 praeceptis
881 2691 1029 2760 ejus,
1070 2682 1204 2742 beati
1241 2693 1383 2740 sant.
1431 2682 1656 2737 Labores
1704 2694 1819 2735 ma-

237 2801 404 2839 nuum
431 2796 660 2839 tuarum.
694 2782 893 2837 Probat
914 2794 1009 2836 eos
1035 2792 1154 2835 esse
1179 2778 1393 2841 beatos,
1422 2773 1571 2842 quia,
1604 2780 1659 2825 tu
1690 2770 1815 2839 qui-

234 2877 322 2930 vis
344 2892 398 2929 es
430 2876 607 2928 beatus
629 2872 878 2944 praesenti
925 2870 1275 2926 beatitudine.
1319 2867 1387 2920 Et
1434 2870 1559 2919 bene
1619 2861 1713 2918 tibi
1760 2858 1817 2916 In

239 2966 422 3018 futura
457 2964 786 3017 beatitudine
817 2962 949 3026 erit,
996 2961 1119 3030 quia
1167 2959 1368 3011 labores
1414 2958 1663 3009 manuum
1698 2961 1815 3006 tua-

239 3071 360 3107 rum
382 3054 745 3115 mandarabis,
788 3052 839 3107 id
862 3060 945 3105 est
962 3090 977 3116 ,
1003 3047 1342 3105 delectationi
1368 3045 1465 3100 tibi
1492 3052 1651 3100 erunt
1676 3042 1816 3097 bona

238 3157 405 3213 opera
444 3157 560 3211 quae
581 3142 670 3197 liic
705 3140 959 3196 laborasti
987 3178 1001 3206 ,
1032 3140 1135 3193 hoe
1161 3147 1239 3192 est
1265 3175 1280 3199 ,
1317 3135 1610 3205 perfrueris
1637 3146 1815 3188 remu-

243 3234 523 3287 neratione
552 3233 817 3287 bonorum
849 3245 1096 3300 operum,
1126 3228 1178 3282 in
1209 3227 1403 3296 quibus
1424 3226 1511 3279 hic
1541 3224 1813 3278 studiosus
1842 3270 1885 3331 Ο

422 3321 477 3331 ..Α
541 3320 552 3331 .
636 3330 641 3331 κ
1075 3317 1086 3328 .
1125 3316 1158 3331 -.
1293 3314 1395 3331 ,η
1669 3310 1810 3331 Lm,

244 3336 390 3377 eras.
421 3321 486 3375 Et
510 3320 647 3375 sicut
678 3335 866 3375 omnes
892 3318 969 3372 illi
998 3317 1088 3386 qui
1124 3316 1310 3370 timent
1337 3313 1639 3375 Dominum,
1669 3310 1814 3365 beati

244 3420 394 3476 sunt,
427 3410 497 3465 ita
530 3420 584 3465 et
613 3420 666 3464 tu
690 3409 935 3479 quilibet,
968 3420 1125 3476 quem
1153 3405 1435 3464 admoneo,
1468 3401 1513 3456 si
1537 3399 1815 3463 timueris,

245 3502 437 3554 beatus
462 3515 538 3554 es.
568 3498 714 3553 Uxor
750 3508 840 3551 tua
867 3498 999 3551 sicut
1031 3496 1167 3549 vitis.
1195 3492 1427 3563 Exponit
1464 3491 1731 3559 quomodo
1762 3488 1815 3543 in

249 3572 499 3659 priesenti
557 3591 627 3645 sit
672 3590 899 3659 quisque
951 3589 1161 3651 beatus,
1189 3585 1265 3640 ita
1296 3582 1502 3638 scilicet
1534 3581 1658 3650 quia
1686 3593 1819 3633 uxor

246 3691 360 3745 tua,
412 3680 461 3733 id
512 3691 615 3744 est,
668 3678 987 3733 sensualitas
1039 3685 1127 3730 tua
1180 3689 1338 3743 quam
1390 3673 1602 3726 ratione
1656 3668 1819 3723 mari-

248 3779 415 3825 tatam
456 3772 591 3825 bene
628 3770 906 3839 suliegisti,
931 3769 1036 3822 erit
1064 3769 1196 3821 sicut
1227 3766 1342 3819 vitis
1371 3764 1645 3818 abundans
1684 3759 1821 3814 titill-

247 3862 527 3931 tiplieitate
553 3862 812 3916 bonorum
845 3872 1066 3928 operum
1112 3856 1165 3909 in
1205 3853 1453 3908 lateribus
1480 3852 1666 3905 domus
1692 3858 1816 3914 tute,

247 3953 303 4006 id
336 3960 438 4017 est,
475 3953 527 4005 in
574 3950 823 4006 omnibus
870 3946 1124 4002 membris
1173 3942 1533 4000 exterioribus
1580 3937 1821 4008 corporis

250 4044 351 4108 tui,
399 4045 530 4098 sicut
574 4044 689 4097 vitis
722 4042 876 4112 juxta
924 4041 1138 4094 domum
1175 4037 1411 4108 plantata
1459 4033 1735 4090 fecundior
1768 4042 1823 4085 et

249 4131 607 4186 abundantior
645 4139 728 4186 est
783 4129 992 4184 caeteris
1042 4127 1167 4182 alibi
1224 4126 1500 4196 plantatis.
1564 4122 1691 4175 Filii
1744 4122 1822 4174 tui

249 4221 384 4275 sicut
415 4220 625 4274 novella:
669 4219 944 4273 olivarum.
970 4216 1274 4271 Secundum
1315 4217 1417 4270 hoc
1449 4214 1610 4268 etiam
1633 4213 1823 4266 beatus

248 4327 312 4367 es
342 4312 395 4365 in
429 4308 696 4381 prtesenti,
726 4309 849 4379 quia
892 4308 991 4376 ﬁlii
1020 4308 1120 4373 tui,
1156 4307 1209 4362 id
1237 4314 1343 4372 est,
1372 4320 1532 4377 opera
1574 4315 1660 4358 tua
1699 4308 1826 4357 sunt

251 4401 617 4455 excrescentia
646 4399 699 4454 in
730 4409 1043 4470 perpetuam
1071 4412 1278 4466 pacem,
1309 4396 1440 4450 sicut
1470 4393 1684 4448 novella
1719 4392 1821 4445 oli-

252 4502 431 4543 varum
461 4496 712 4544 crescunt
755 4488 807 4542 in
841 4486 1133 4557 perfectam
1173 4485 1367 4540 olivam
1399 4497 1496 4553 per
1522 4497 1682 4551 quam
1719 4496 1823 4550 pax

1355 472 1883 532 ENARRATIONES
1922 471 1986 526 lN
2030 467 2363 527 PSAIMOS.

1833 592 1878 645 Α
1912 580 2142 642 talione,
2190 580 2395 632 faciunt
2436 578 2736 631 orationem
2788 576 2857 628 ita
2893 595 2904 629 :
2939 575 3180 640 Diximus
3237 578 3363 646 quia
3415 580 3490 631 sic

3384 465 3484 531 783
3502 480 3503 483 ‘

1918 669 2236 723 benedicitur
2260 670 2433 733 homo,
2464 676 2521 721 ut
2550 668 2751 721 dictum
2778 675 2879 723 est.
2915 666 2980 719 Et
3006 676 3064 720 ut
3091 666 3163 719 ita
3195 666 3305 730 iiat,
3338 668 3487 721 bene-

1915 758 2054 811 dicat
2082 758 2175 810 tibi
2204 756 2475 819 Dominus,
2505 756 2557 809 id
2585 764 2686 818 est,
2726 754 2979 809 sublimet
3008 764 3057 808 te
3087 754 3492 823 multiplicando

1916 856 1970 901 et
2005 845 2328 901 intendendo
2356 846 2406 900 in
2437 855 2488 901 te
2514 846 2649 899 bona
2688 859 2870 914 opera.
2905 844 2970 899 Et
3005 846 3107 898 hoc
3144 860 3210 897 ex
3248 858 3332 907 eo,
3367 845 3491 913 quia

1916 945 1971 991 tu
2000 936 2110 1005 jam
2134 949 2194 990 es
2215 933 2365 999 Sion,
2395 936 2445 989 id
2469 945 2569 998 est,
2595 934 2877 1002 speculans
2903 943 2958 988 et
2984 935 3271 987 attendens
3292 933 3492 996 futura,

1915 1038 1971 1084 et
1997 1044 2101 1082 non
2126 1038 2276 1097 potes
2301 1028 2558 1083 custodiri
2586 1043 2681 1096 per
2708 1036 2778 1081 te.
2807 1027 2872 1080 Et
2904 1027 3005 1081 hoc
3029 1027 3187 1080 modo
3214 1026 3494 1081 benedicat

1917 1127 1992 1182 ie,
2036 1128 2087 1171 ut
2131 1120 2301 1173 videas
2353 1120 2484 1172 bona
2524 1117 2837 1181 Jerusalem,
2865 1118 2915 1171 id
2952 1126 3053 1180 est,
3098 1124 3155 1170 ut
3201 1115 3495 1184 experiaris

1917 1226 1978 1264 ea
2008 1209 2146 1262 bona
2175 1224 2293 1277 quae
2334 1210 2600 1277 pertinent
2635 1210 2699 1262 ad
2741 1209 3013 1262 caelestem
3041 1206 3356 1269 Jerusalem,
3385 1205 3493 1260 scid

1917 1296 2045 1352 licet
2079 1299 2216 1352 bona
2267 1310 2448 1366 Opera,
2480 1296 2715 1348 omnibus
2760 1296 2937 1349 diebus
2976 1296 3091 1348 vita:
3119 1305 3241 1358 tam,
3289 1294 3342 1348 id
3388 1302 3492 1358 est,

1918 1388 2151 1456 quandiu
2190 1386 2405 1439 vixeris.
2442 1384 2503 1437 Et
2546 1384 2717 1437 videas
2746 1384 2904 1451 ﬁlios.
2938 1385 3001 1436 Et
3028 1398 3093 1437 eo
3124 1384 3279 1436 modo
3312 1393 3362 1437 te
3396 1382 3491 1436 be-

1918 1476 2155 1539 nedicat,
2182 1485 2240 1529 ut
2297 1474 2593 1543 experiaris
2642 1474 2778 1527 iilios
2802 1473 3031 1541 ﬁliorum
3058 1482 3285 1537 tuorum,
3313 1474 3364 1527 id
3386 1479 3490 1534 est,

1920 1564 2411 1618 remunerationem
2446 1562 2711 1616 bonorum
2744 1576 2988 1648 operum,
3016 1561 3261 1614 videlicet
3302 1560 3495 1629 imper-

1920 1652 2236 1707 turbabilem
2262 1668 2439 1720 pacem
2466 1651 2589 1708 dico
2613 1667 2767 1721 super
2794 1651 2980 1715 Israel,
3008 1650 3214 1705 scilicet
3239 1650 3494 1713 futuram.

1920 1742 2001 1796 vel
2031 1742 2335 1796 tendentem
2366 1756 2527 1810 super
2556 1736 2739 1805 Israel,
2771 1741 2823 1795 id
2853 1749 2957 1805 est,
2983 1741 3330 1795 excedentem
3364 1739 3493 1794 fide-

1918 1829 1998 1887 les
2017 1830 2133 1893 Dei,
2162 1831 2285 1899 quia
2310 1847 2414 1884 non
2434 1839 2656 1899 possunt
2678 1846 2793 1885 eam
2816 1832 3019 1886 viribus
3040 1833 3150 1887 suis
3176 1832 3491 1901 promereri.

2394 1940 2710 1996 PSALMUS
2757 1940 3029 1996 CXXVIII.

2421 2047 2687 2087 CANTICUI
2718 2047 2984 2088 GRADUUH.

1997 2142 2014 2173 ι
2062 2122 2214 2192 Saepe
2234 2132 2673 2193 eXpugnaverunt
2703 2138 2788 2178 me
2817 2139 2844 2177 a
2870 2112 3149 2194 juventute
3181 2140 3320 2190 mea,
3352 2125 3499 2180 dicat

1926 2230 1942 2261 ι
1990 2227 2131 2266 nunc
2157 2211 2341 2268 Israel.
2368 2211 2521 2282 Saepe
2546 2223 2988 2282 expugnaverunt
3015 2228 3100 2266 me
3139 2230 3170 2267 a
3207 2213 3495 2283 juventute

1925 2320 1942 2350 ι
1988 2316 2106 2356 mea
2140 2303 2379 2357 :etenim
2409 2317 2516 2357 non
2544 2311 2837 2372 potuerunt
2891 2302 3041 2356 mihi.
3075 2303 3246 2372 Supra
3277 2302 3495 2360 dorsum

1924 2410 1941 2442 ι
1990 2406 2169 2446 meum
2212 2390 2616 2447 fabricaverunt
2663 2402 2994 2460 peccatores,
3041 2392 3498 2462 prolongaverunt

1923 2495 1939 2532 ι
1989 2482 2327 2551 iniquitatem
2372 2498 2545 2537 suam.
2590 2482 2847 2537 Dominus
2883 2482 3061 2552 justus
3104 2484 3337 2539 concidit
3380 2500 3472 2540 cer

1922 2583 1941 2622 ι
1990 2572 2135 2627 vices
2178 2581 2550 2642 peccatorum,
2590 2574 2989 2628 confundantur
3021 2584 3076 2628 et
3110 2585 3482 2632 eonvertantm

1921 2681 1938 2713 ι
1984 2671 2280 2717 retrorsum
2320 2678 2511 2718 omnes
2545 2663 2634 2733 qui
2683 2665 2915 2718 oderunt.
2961 2664 3110 2719 Sion.
3148 2664 3306 2720 Fiant
3351 2667 3495 2721 sicut

1922 2769 1939 2803 ι
1985 2750 2166 2807 fenum
2199 2761 2461 2807 tectorum
2487 2752 2649 2822 quod,
2694 2754 3003 2822 priusquam
3045 2753 3322 2817 evellatur,
3367 2770 3496 2809 exa-

1921 2862 1936 2891 ‹
1984 2842 2110 2896 ruit.
2134 2841 2209 2897 De
2247 2858 2354 2913 quo
2379 2856 2484 2897 non
2514 2841 2751 2911 implerit
2780 2857 2995 2895 manum
3022 2858 3177 2896 suam
3201 2844 3290 2911 qui
3317 2844 3493 2909 metit,

1920 2951 1937 2984 ‹
1983 2942 2035 2988 et
2060 2932 2239 2988 sinum
2264 2948 2418 2987 suum
2442 2933 2532 3003 qui
2557 2932 2857 3001 manipulos
2878 2932 3097 3001 colligit.
3127 2932 3191 2987 Et
3213 2948 3319 2988 non
3342 2934 3496 2990 dixe-

1920 3042 1938 3074 ι
1987 3033 2111 3079 runt
2142 3026 2233 3095 qui
2270 3024 2619 3094 praeteribant
2658 3042 2669 3077 :
2720 3022 3031 3079 Benedictio
3077 3023 3290 3099 Domini
3335 3039 3494 3093 super

1921 3130 1937 3163 ι
1984 3128 2097 3179 vos,
2130 3114 2503 3169 benediximus
2533 3114 2683 3168 vobis
2709 3115 2760 3166 in
2788 3114 3001 3168 nomine
3028 3114 3255 3168 Domini.
3294 3135 3312 3166 ι

2482 3224 2922 3278 ENARRATIU.

1988 3316 2277 3385 Postquam
2327 3315 2415 3369 isti
2462 3315 2884 3369 conscendentes
2921 3325 3047 3369 sunt
3075 3330 3140 3370 eo
3188 3317 3347 3371 modo
3384 3333 3492 3387 quo

1916 3406 2026 3461 dixi
2058 3405 2342 3459 Dominum
2368 3405 2643 3470 timentes,
2672 3405 2870 3459 debent
2898 3420 2956 3459 se
2986 3406 3058 3459 ita
3082 3414 3494 3476 contemperare

1918 3504 1995 3560 ut,
2026 3495 2081 3550 in
2124 3494 2425 3550 constantia
2467 3494 2841 3557 tribulationis,
2888 3496 3095 3565 possint
3139 3496 3320 3550 dicere
3362 3498 3488 3565 quia

1917 3587 1984 3639 ab
2013 3584 2447 3654 impugnantibus
2473 3598 2577 3637 non
2603 3584 2710 3638 sint
2735 3584 2990 3652 superati.
3019 3584 3084 3637 Et
3109 3583 3228 3639 ideo
3264 3585 3495 3640 invitant

1918 3677 2052 3730 alios
2075 3686 2133 3728 ut
2156 3675 2237 3729 sui
2265 3673 2511 3742 exemplo
2537 3675 2671 3733 bene
2699 3684 3005 3742 operentur,
3037 3684 3110 3739 et,
3141 3675 3185 3729 si
3217 3675 3492 3731 tribulatio

1917 3769 1997 3822 eis
2024 3767 2146 3822 inde
2174 3768 2453 3838 ingruerit,
2483 3782 2588 3821 non
2616 3767 2889 3822 deiiciant.
2920 3767 3088 3834 Quam
3128 3769 3487 3821 constantiam

1918 3856 2007 3913 hic
2032 3858 2229 3929 gradus
2250 3858 2562 3927 exsequitur
2588 3872 2608 3911 :

1989 3945 2140 4015 Sitne
2164 3956 2585 4016 expugnaverunt
2612 3962 2711 4001 me.
2743 3946 3059 4018 Quicunque
3088 3956 3172 4002 est
3220 3947 3409 4012 Israel,
3441 3947 3497 4003 id

1918 4046 2022 4103 est,
2049 4038 2141 4107 qui
2174 4038 2437 4092 intantum
2468 4039 2782 4096 conscendit
2807 4050 2863 4094 ut
2907 4041 3068 4095 corde
3114 4041 3293 4096 videat
3320 4042 3489 4095 Deum

1918 4130 2056 4183 dicat
2084 4146 2241 4196 nunc,
2267 4128 2318 4185 id
2347 4137 2447 4195 est,
2476 4132 2530 4185 in
2560 4132 2804 4200 proximo
2834 4146 2893 4187 se
2916 4132 2987 4185 ita
3012 4130 3227 4186 ai’feetet
3257 4139 3314 4185 et
3351 4146 3491 4200 pra:-

1919 4230 2073 4291 paret
2101 4230 2159 4274 ut
2196 4220 2366 4288 possit
2395 4220 2575 4275 dicere
2605 4238 2618 4274 :
2651 4219 2799 4290 Saepe
2821 4229 3264 4290 expugnaverunt,
3308 4220 3359 4274 id
3388 4229 3493 4285 est,

1922 4307 2370 4379 impugnaverunt
2390 4324 2475 4364 me
2505 4310 2799 4364 adversarii
2824 4311 2948 4364 mei.
2979 4310 3044 4362 Et
3073 4310 3187 4362 hac
3215 4310 3495 4379 impugna-

1923 4397 1998 4451 tio
2026 4398 2287 4466 processit
2312 4413 2345 4450 a
2368 4398 2637 4466 juventute
2679 4414 2816 4462 mea,
2852 4398 2905 4453 id
2933 4406 3039 4461 est,
3065 4412 3133 4452 ex
3158 4411 3224 4452 eo
3256 4407 3495 4466 tempore

1922 4503 1988 4542 ex
2032 4504 2139 4558 quo
2183 4489 2469 4542 innovatus
2518 4504 2656 4552 sum,
2700 4488 2781 4542 vel
2828 4497 3047 4557 propter
3092 4487 3495 4542 innovationem

251 4578 581 4648 designatur.
602 4574 730 4629 Filii
753 4577 847 4640 tui,
868 4576 989 4630 dico
1012 4574 1303 4630 existentes
1317 4572 1371 4625 in
1392 4571 1613 4623 circuitu
1632 4582 1822 4623 mensa:
1852 4601 1902 4660 Β
1927 4592 2100 4632 meam
2122 4578 2567 4648 impugnaverunl
2588 4592 2690 4634 me,
2715 4575 2861 4646 δωρε
2879 4587 3319 4647 expugnaverunt,
3344 4576 3496 4643 Quod

252 4682 383 4735 tum,
413 4669 465 4722 id
494 4677 595 4731 est,
634 4667 687 4721 in
737 4675 981 4736 respectu
1027 4663 1229 4719 Christi
1270 4663 1359 4731 qui
1408 4668 1490 4716 est
1538 4674 1741 4725 mensa,
1771 4659 1823 4713 id

253 4763 358 4821 est,
388 4756 610 4811 refectio
654 4757 846 4810 animae
892 4764 1108 4818 nostrae,
1156 4753 1356 4806 dictum
1402 4766 1432 4803 a
1477 4747 1825 4803 similitudine

254 4844 483 4914 alicujus
510 4844 676 4913 patris
711 4858 930 4898 uxorem
960 4831 1121 4897 fetam
1153 4838 1421 4902 habentis,
1469 4836 1560 4905 qui
1598 4834 1826 4889 multum

254 4934 322 4989 de
374 4934 495 4988 filiis
558 4949 797 4988 mensam
855 4947 1006 4986 suam
1071 4928 1543 4986 circumstantibus
1594 4924 1827 4979 laetatur.

261 5022 395 5078 Ecce
457 5024 533 5078 sic
593 5025 918 5078 benedicatur
957 5024 1130 5076 homo.
1181 5020 1435 5089 Exposita
1498 5016 1829 5074 beatitudine

256 5129 418 5185 quam
464 5122 862 5183 consequentur
905 5112 1155 5166 timentes
1202 5109 1512 5173 Dominum,
1559 5106 1825 5175 apponit:

260 5205 395 5259 Ecce
446 5205 521 5257 sic
576 5203 918 5262 benedicetur.
966 5202 1020 5256 id
1062 5209 1178 5265 est,
1223 5200 1315 5255 tali
1366 5199 1734 5254 benedictione
1774 5204 1829 5253 et

260 5293 591 5350 beatitudine
629 5292 1023 5348 beatiﬁcabitur
1051 5302 1105 5346 et
1132 5290 1507 5345 sublimabitur
1536 5290 1699 5343 homo
1741 5288 1829 5359 qui

262 5390 405 5440 timet
434 5385 735 5448 Dominum,
760 5384 813 5439 id
842 5392 945 5448 est,
974 5382 1065 5452 qui
1102 5381 1276 5451 diligit
1304 5380 1608 5436 Dominum.
1637 5381 1702 5434 Et
1729 5381 1831 5435 hoc

263 5493 397 5543 ecce,
428 5477 480 5532 id
507 5488 612 5539 est,
640 5476 692 5529 in
723 5477 993 5546 praesenti.
1024 5477 1102 5529 Ae
1131 5474 1176 5529 si
1221 5474 1364 5528 dicat
1392 5490 1407 5526 :
1440 5473 1718 5542 PrOposita
1750 5479 1831 5527 est

263 5567 414 5623 vobis
458 5566 758 5632 beatitudo,
808 5566 966 5621 modo
1015 5565 1191 5620 videte
1238 5578 1306 5617 an
1360 5563 1540 5618 velitis
1586 5565 1833 5619 amittere

264 5666 471 5711 tantum
502 5657 699 5711 bonum
729 5657 870 5724 quod
894 5656 1118 5725 potestis
1158 5656 1359 5710 habere
1398 5670 1496 5724 pro
1524 5656 1825 5709 dilectione.

262 5748 388 5804 Ideo
426 5748 672 5817 proponit
698 5748 778 5801 eis
807 5748 1185 5802 beatitudinem
1232 5756 1290 5800 ut
1329 5746 1500 5816 magis
1538 5746 1733 5801 alliciat
1762 5747 1830 5800 ad

265 5836 627 5893 dilectionem.
660 5836 941 5894 Benedicat
980 5838 1071 5893 tibi
1101 5836 1374 5892 Dominus.
1410 5837 1577 5893 Facta
1633 5837 1821 5891 exhor-

1928 4670 2208 4737 repetitur,
2239 4669 2303 4723 ad
2343 4669 2803 4724 conﬁrmationem
2855 4669 3169 4724 assertionis
3216 4670 3293 4722 tit.
3345 4670 3498 4739 δινρε

1926 4770 2344 4829 expugnaverunt
2394 4775 2473 4813 me
2520 4775 2555 4812 a
2595 4758 2862 4827 jauentute
2899 4774 3033 4812 mea.
3077 4759 3143 4813 Et
3180 4759 3298 4813 ideo
3328 4774 3490 4825 saape.

1928 4849 2052 4917 quia
2086 4864 2188 4902 non
2233 4858 2510 4913 potuerunt
2541 4850 2669 4903 mihi
2700 4849 3008 4919 praevalere.
3042 4848 3097 4903 Si
3143 4850 3285 4902 enim
3331 4849 3496 4903 semel

1929 4946 2345 5007 expugnassent,
2403 4954 2508 4994 non
2564 4941 2800 4994 secundo
2852 4939 2935 4993 vel
2981 4941 3141 4993 tertio
3189 4940 3497 5006 impugnas-

1930 5035 2069 5081 sent.
2104 5027 2277 5095 Supra
2325 5027 2538 5081 dorsum
2566 5046 2737 5084 meum
2766 5030 3149 5098 fabricaverunt
3175 5039 3493 5097 peccatores.

1930 5119 2262 5174 Determinat
2296 5121 2565 5187 quomodo
2608 5129 3024 5190 expugnassent.
3061 5120 3282 5171 horsum
3327 5134 3496 5170 nicum

1930 5209 2098 5264 sedem
2132 5209 2234 5264 sibi
2283 5209 2526 5264 fecerunt
2554 5209 2887 5281 ilatgeilando.
2918 5211 2974 5263 In
2999 5224 3104 5276 qua
3146 5206 3235 5259 fab

1927 5297 2381 5367 prolongaverunt,
2411 5297 2463 5352 id
2489 5306 2591 5362 est,
2616 5298 2954 5353 adduxerunt
2979 5295 3299 5366 iniquitatem
3322 5309 3497 5358 suam,

1930 5393 1985 5440 et
2008 5401 2073 5440 ex
2098 5387 2345 5455 opposito
2364 5385 2631 5456 justitiam
2658 5402 2853 5443 meam.
2885 5384 3035 5451 Quod
3057 5382 3187 5437 dicit
3214 5384 3279 5436 ad
3309 5397 3500 5437 conso-

1930 5476 2184 5531 lationem
2215 5477 2515 5531 auditorum
2556 5492 2623 5530 ne
2668 5476 2771 5529 illis
2814 5474 3036 5529 molesta
3087 5473 3156 5526 sit
3205 5471 3496 5532 tribulatio,

1934 5580 2055 5619 cum
2077 5562 2285 5632 justitia
2337 5580 2430 5619 sua
2461 5565 2583 5618 inde
2620 5573 2850 5619 crescat.
2882 5563 3135 5616 Dominus
3158 5562 3334 5630 justus
3377 5576 3495 5613 con-

1934 5655 2079 5707 cidit.
2120 5653 2246 5719 lpsi,
2276 5654 2514 5722 inquam,
2540 5654 2897 5707 extenderunt
2947 5652 3280 5720 iniquitatem
3324 5664 3498 5712 suam,

1934 5760 2030 5813 pro
2054 5760 2160 5813 quo
2196 5744 2472 5804 Dominus.
2503 5743 2591 5810 qui
2645 5743 2821 5812 justus
2849 5750 2929 5799 est
2957 5742 3143 5810 judex,
3174 5739 3417 5801 concidit,
3448 5738 3503 5791 id

1932 5843 2033 5900 est,
2060 5830 2358 5901 confringet
2376 5833 2614 5898 centius,
2634 5833 2686 5887 id
2702 5840 2804 5898 est,
2828 5831 3129 5902 superbiam
3150 5836 3499 5899 peccatorum.
