4034 6446
652 500 754 558 785

1282 502 1534 562 REMIGII
1569 503 2222 561 ANTISSIODORENSIS
2263 504 2412 560 OPP.
2454 507 2635 561 PARS
2671 508 2710 560 1.
2747 538 2816 548 -
2852 507 3254 565 EXEGETICA.
3744 518 3816 572 γει

650 612 716 671 Et
745 633 807 671 ex
837 616 1081 686 opposito
1109 616 1344 689 intellige
1378 621 1519 689 quod
1543 620 1916 674 remunerabit
1941 619 2214 673 humilita—
2246 623 2289 680 Α
2326 639 2343 671 ε
2389 621 2670 674 Dominum
2701 622 3088 685 misericordia,
3121 632 3176 676 et
3212 621 3421 690 copiosa
3462 624 3591 692 apud
3631 639 3729 678 eum
3761 645 3818 681 re-

652 718 757 763 tcm
789 725 982 772 meam,
1026 718 1077 762 et
1119 709 1238 764 ideo
1281 710 1403 779 jure
1449 712 1704 766 debemus
1733 725 1851 766 esse
1888 718 2219 765 constantes.

649 800 810 853 Facta
842 809 1016 852 autem
1036 801 1407 854 exhortatione
1425 802 1492 856 ad
1513 802 1954 866 conscendentes,
1983 811 2103 854 orat
2126 816 2223 869 pro

649 892 1084 959 persecutoribus
1129 893 1202 945 ita
1237 910 1250 944 :
1281 893 1347 945 Et
1397 909 1464 947 ne
1513 893 1615 963 ipsi
1668 894 1888 948 omnino
1937 895 1988 947 in
2040 892 2222 946 futuro

656 981 1040 1047 concidantur,
1085 981 1287 1034 utinam
1336 998 1510 1035 omnes
1564 984 1652 1053 qui
1700 983 1917 1036 oderunt
1969 982 2117 1046 Sion,
2168 982 2221 1036 id

648 1080 752 1133 est,
781 1069 870 1137 qui
915 1070 1038 1121 odio
1095 1077 1299 1123 tantum
1349 1080 1745 1139 persequuntur
1771 1071 1954 1126 ﬁdeles
1997 1071 2220 1140 confun-

647 1160 842 1211 dantur
867 1173 930 1212 ex
958 1173 1024 1212 eo
1061 1160 1202 1227 quod
1231 1161 1446 1214 fuerunt
1484 1162 1744 1227 odientes,
1777 1173 1821 1216 et
1861 1173 2226 1216 convertantur

646 1248 950 1313 retrorsum,
967 1249 1030 1302 'id
1059 1258 1163 1315 est,
1196 1250 1328 1304 fiant
1354 1265 1613 1320 sequaces
1639 1261 1693 1305 et
1717 1252 2014 1306 imitatores
2038 1267 2222 1306 eorum

645 1353 782 1408 quos
806 1340 1059 1395 volebant
1087 1343 1408 1410 praecedere.
1443 1341 1490 1394 F
1493 1347 1601 1396 iant
1635 1343 1772 1396 sicut
1811 1344 1989 1412 fenum
2017 1357 2037 1394 :
2071 1344 2223 1410 Quod

643 1429 691 1503 si
724 1429 998 1506 noluerint.
1016 1432 1251 1484 converti
1279 1447 1310 1484 a
1337 1432 1601 1502 pravitate
1630 1448 1748 1497 sua,
1771 1433 2007 1487 concedo
2033 1433 2225 1487 divina:

641 1517 864 1586 justitim
898 1527 956 1572 ut
985 1519 1116 1572 fiant
1156 1519 1293 1574 sicut
1333 1521 1512 1574 fenum
1543 1530 1816 1585 tectorum,
1861 1522 1911 1574 id
1963 1531 2065 1584 est,
2097 1522 2227 1575 fiant

648 1608 1037 1683 comparabiles
1066 1609 1186 1683 feno
1213 1611 1416 1679 absque
1461 1610 1694 1664 utilitate
1725 1611 1777 1664 in
1810 1619 1952 1664 tecto
1981 1612 2225 1666 nascenti

648 1697 940 1750 secundum
965 1696 1065 1750 hoc
1091 1682 1294 1752 scilicet
1319 1706 1377 1750 ut
1397 1698 1713 1752 e‘xardescat
1739 1699 1791 1750 iu
1814 1698 1892 1752 eis
1916 1699 2227 1767 priusquam

653 1787 722 1841 de
780 1787 883 1841 hac
910 1788 1018 1840 vita
1049 1772 1325 1842 eleventur
1377 1787 1636 1857 quidquid
1668 1788 1914 1842 utilitatis
1967 1797 2022 1842 et
2079 1789 2230 1844 boni-

643 1876 774 1930 tatis
812 1885 930 1930 erat
978 1877 1030 1929 in
1076 1877 1174 1931 eis.
1210 1863 1284 1930 De
1312 1894 1411 1947 quo
1442 1895 1545 1930 non
1571 1877 1818 1946 implevit,
1875 1878 1967 1932 tali
2022 1879 2229 1934 scilicet

2333 729 2351 761 ι
2395 707 2649 779 demptio.
2675 711 2744 765 Et
2767 711 2878 782 ipse
2902 712 3129 766 redimet
3151 711 3314 767 lsrael
3335 727 3399 766 ex
3423 713 3651 768 omnibus
3669 715 3818 785 iniqui-

2332 818 2350 851 ι
2400 801 2599 854 tatibus
2633 799 2764 866 ejus.
2802 819 2822 851 ι

2891 889 2937 942 Ε
2945 887 2996 942 Ν
2999 889 3265 943 ΛΠΒΑΤΙ
3272 889 3337 944 0.

2395 976 2524 1032 Post
2557 979 2823 1047 inceptam
2847 978 3279 1033 tribulationibus
3299 978 3654 1043 constantiam,
3675 981 3822 1036 deterit

2327 1081 2578 1138 reputare
2605 1069 2786 1123 ﬁdeles
2810 1069 2922 1123 suis
2950 1083 3008 1123 se
3035 1069 3240 1124 viribus
3262 1069 3557 1125 nullomodo
3572 1085 3710 1140 posse
3731 1073 3820 1126 sub-

2325 1156 2551 1218 sistere,
2596 1156 2688 1210 sed
2757 1157 2964 1210 meritis
3013 1170 3197 1210 eorum
3250 1158 3466 1211 omnino
3508 1159 3695 1229 agitur,
3735 1160 3822 1215 licet

2327 1257 2534 1303 tantum
2561 1245 2672 1316 jam
2702 1248 3131 1312 conscenderint,
3163 1247 3418 1303 deficiant
3461 1258 3512 1303 et
3539 1265 3631 1303 non
3669 1252 3819 1318 possint

2323 1350 2704 1406 perseverare;
2733 1343 3118 1406 recognoscant
3145 1335 3212 1388 de
3257 1336 3386 1404 ipsis
3415 1335 3668 1404 profundis
3703 1338 3803 1390 tribu

2326 1423 2588 1478 lationum
2618 1425 2684 1478 ad
2714 1424 2881 1478 Deum
2927 1437 3048 1479 esse
3082 1423 3444 1488 clamandum,
3473 1434 3525 1478 et
3558 1424 3764 1490 clament,
3785 1435 3821 1477 ut

2326 1514 2608 1581 Dominus,
2639 1515 2780 1569 sicut
2823 1515 3100 1584 prtecepit,
3142 1524 3450 1569 constantes
3494 1530 3580 1570 eos
3613 1531 3750 1585 usque
3776 1518 3820 1570 ad

2327 1614 2542 1660 noctem
2593 1606 2784 1660 mortis
2837 1606 3125 1672 custodiat.
3158 1604 3546 1660 Pceniteutialis
3589 1607 3722 1660 etiam
3749 1608 3818 1660 iste

2325 1694 2565 1766 psalmus
2604 1695 2850 1750 habetur.
2902 1695 3010 1750 Sed
3055 1704 3184 1750 tunc
3228 1711 3334 1751 non
3373 1705 3634 1765 reputatur
3661 1697 3818 1766 gradus.

2328 1785 2481 1852 Quod
2508 1800 2612 1840 non
2643 1793 2726 1840 est
2773 1786 3099 1851 mirandum,
3137 1786 3182 1840 si
3211 1799 3353 1839 unus
3381 1785 3614 1854 idemque
3651 1784 3821 1853 psalmus

2330 1874 2544 1928 diverso
2571 1873 2730 1928 modo
2757 1874 3076 1942 accipiatur,
3111 1888 3233 1928 cum
3264 1872 3518 1942 quidquid
3551 1875 3666 1926 bene
3698 1882 3739 1926 et
3763 1887 3818 1926 se-

647 1962 773 2016 feno
820 1963 927 2018 sint
958 1964 1380 2032 cnmparahiles,
1439 1965 1504 2018 de
1542 1982 1644 2035 quo
1684 1978 1790 2019 non
1843 1967 2073 2036 implevit
2114 1984 2227 2020 ma-
2257 1971 2300 2029 Β
2327 1964 2560 2017 cundum
2585 1963 2740 2017 fidem
2771 1962 2939 2032 possit
2962 1963 3156 2032 exponi
3183 1962 3237 2016 in
3263 1961 3484 2030 singulis
3504 1960 3709 2030 psalmis,
3728 1959 3816 2013 Pro-

650 2062 774 2104 num
807 2069 957 2105 suout
986 2053 1074 2122 qui
1101 2054 1242 2116 metit
1269 2068 1289 2108 :
1317 2053 1420 2107 hoc
1467 2061 1570 2119 est,
1603 2055 1744 2122 quod
1804 2055 1979 2110 nullus
2023 2064 2229 2111 metere

644 2150 818 2194 curat.
873 2141 1026 2207 Quod
1079 2149 1254 2195 autem
1297 2143 1563 2211 sequitur,
1608 2156 1708 2197 nec
1759 2145 1932 2197 sinum
1961 2156 2114 2198 suum
2143 2147 2233 2216 qui

643 2230 942 2300 manipulos
997 2230 1181 2300 colligit
1209 2271 1224 2294 ,
1275 2230 1435 2286 iidem
1477 2241 1602 2286 sunt
1628 2241 1682 2287 et
1708 2233 1800 2302 qui
1829 2241 2034 2287 metunt
2059 2243 2114 2288 et
2142 2237 2234 2303 qui

649 2319 951 2388 manipulos
982 2319 1257 2388 colligunt,
1287 2321 1494 2374 scilicet
1529 2322 1698 2375 sancti
1729 2321 1900 2391 angeli
1933 2322 2022 2390 qui
2054 2322 2233 2390 quoti-

644 2407 734 2460 'dle
759 2408 1032 2462 abducunt
1054 2408 1236 2462 fideles
1263 2409 1330 2462 ab
1355 2411 1456 2463 hac
1481 2410 1589 2462 vita
1618 2409 1671 2462 in
1697 2424 1920 2480 regnum
1945 2411 2228 2465 caelorum.

648 2499 705 2552 In
748 2511 906 2552 manu
939 2512 1067 2553 vero
1099 2508 1152 2553 et
1199 2501 1320 2555 sinu
1367 2501 1456 2569 qui
1504 2501 1759 2569 capacior
1803 2509 1904 2568 est,
1947 2500 2235 2556 diversitas

650 2585 876 2655 majoris
903 2596 958 2641 et
987 2587 1212 2643 minoris
1241 2589 1516 2658 dignitatis
1542 2589 1821 2658 accipitur.
1851 2587 1928 2643 Ac
1956 2588 2002 2642 si
2031 2589 2174 2644 dicat
2217 2606 2231 2643 :

649 2677 834 2731 Sancti
860 2677 1056 2748 angeli,
1105 2677 1196 2746 qui
1230 2689 1497 2733 messores
1525 2688 1649 2733 sunt
1677 2679 1731 2733 in
1758 2677 1866 2733 ﬁne
1892 2678 2101 2744 mundi»,
2128 2687 2232 2733 non

646 2764 947 2835 implebunt
972 2765 1040 2821 de
1070 2766 1150 2821 eis
1176 2783 1387 2820 manuni
1417 2767 1500 2822 vel
1531 2767 1726 2832 sinum,
1760 2768 1812 2822 id
1839 2777 1944 2834 est,
1970 2784 2076 2823 non
2117 2769 2229 2823 cot-

645 2851 813 2924 ligent
837 2869 929 2908 eos
955 2855 1008 2909 in
1037 2870 1262 2909 numero
1286 2856 1464 2910 minus
1485 2855 1842 2925 perfectorum
1863 2857 1955 2926 qui
1977 2858 2236 2926 recipient

647 2943 982 2998 tricesimum
1003 2944 1086 2999 vel
1109 2946 1504 3015 sexagesimum
1530 2945 1787 3011 fructum,
1815 2961 1913 3001 nec
1936 2947 1985 3000 in
2012 2957 2236 3000 numero

647 3033 822 3102 magis
857 3031 1220 3100 perfectorum
1266 3035 1356 3103 qui
1408 3035 1668 3103 recipient
1717 3035 2072 3090 centesimum
2123 3035 2237 3088 fru-

651 3132 799 3176 ctum
845 3121 1060 3194 (Matt'h.
1108 3125 1251 3193 xm).
1294 3123 1364 3177 Et
1417 3139 1520 3177 non
1579 3124 1819 3178 dixerunt
1879 3125 1968 3193 qui
2020 3135 2236 3192 pra’ter-

649 3213 816 3265 ibant.
843 3213 910 3266 Et
941 3213 1059 3267 idco
1083 3229 1188 3267 non
1236 3215 1554 3284 colligentur
1601 3215 1669 3269 ab
1705 3213 1929 3284 angelis,
1959 3214 2082 3283 quia
2108 3214 2234 3270 huic

2330 2052 2548 2120 phetam
2575 2051 2856 2106 credamus
2878 2051 2983 2105 hoc
3004 2049 3356 2105 intellexisse.

2402 2140 2481 2195 De
2499 2141 2774 2211 profundis
2802 2139 3043 2194 clamavi.
3081 2139 3216 2194 Cum
3241 2145 3605 2210 persecutores
3623 2138 3736 2191 omni
3755 2151 3816 2205 sev

2331 2244 2463 2286 uere
2505 2230 2911 2286 tribulationum
2961 2229 3227 2284 instarent
3251 2239 3308 2285 et
3354 2245 3439 2284 me
3462 2229 3678 2284 omnibus
3702 2227 3817 2280 modis

2333 2323 2661 2377 devocarent
2684 2361 2699 2385 ,
2739 2335 2874 2390 ego,
2899 2321 3108 2389 positus
3156 2321 3210 2374 in
3239 2320 3434 2392 abysso
3462 2319 3814 2378 tribulationum,

2333 2413 2400 2466 de
2427 2413 2561 2465 meis
2590 2409 2796 2464 viribus
2829 2408 3032 2464 difﬁsus
3058 2450 3072 2475 ,
3107 2409 3331 2463 clamavi
3356 2410 3425 2463 ad
3454 2419 3500 2463 te
3521 2450 3536 2475 ,
3573 2404 3817 2471 Domine,“

2333 2517 2494 2572 quem
2540 2501 2880 2555 clamandum
2917 2510 3042 2564 est,
3081 2501 3207 2570 quia
3250 2510 3311 2556 tu
3335 2515 3395 2556 es
3425 2500 3654 2554 Dominus
3686 2505 3817 2567 potens

2335 2589 2604 2644 auxiliari.
2637 2589 2705 2643 Et
2752 2598 2805 2642 tu
2827 2627 2843 2653 ,
2871 2604 2904 2643 ο
2930 2588 3172 2654 Domine,
3196 2590 3395 2644 exaudi
3420 2605 3582 2645 vocem
3605 2603 3755 2649 meam,
3782 2584 3816 2636 id

2335 2690 2417 2736 est
2442 2719 2458 2745 ,
2493 2680 2787 2734 clamorem
2811 2694 2944 2734 voce
2969 2678 3261 2749 prolatum.
3291 2679 3452 2733 Fiant
3477 2695 3612 2732 aures
3648 2687 3726 2729 tua:
3758 2675 3813 2725 in-

2333 2771 2615 2824 tend-entes.
2643 2770 2708 2823 Et
2731 2778 2790 2823 ut
2813 2784 2914 2840 ego
2938 2770 2991 2823 in
3018 2769 3308 2824 clamando
3339 2779 3584 2824 extensus
3615 2766 3703 2829 fui,
3740 2765 3813 2824 ita,

2333 2859 2560 2914 Domine
2587 2875 2739 2912 aures
2774 2867 2878 2913 tua:
2909 2859 2962 2912 id
2987 2867 3098 2923 est,
3149 2859 3395 2927 potentia
3420 2869 3474 2912 et
3495 2857 3686 2912 facilitas
3705 2868 3813 2908 enu-

2333 2945 2554 3001 ditionis
2575 2955 2680 3000 tua:
2710 2946 2802 2999 fiat
2839 2945 3052 3000 intensa
3077 2947 3132 2999 in
3159 2962 3336 3000 vocem
3364 2943 3695 3016 deprecationis
3716 2953 3812 2998 mea.

2337 3037 2666 3092 conferendo
2712 3037 2762 3090 id
2804 3037 2946 3105 quod
2991 3036 3238 3106 designat
3271 3053 3375 3090 vox
3405 3036 3504 3090 mei
3529 3028 3811 3104 deprecantis:

2336 3129 2380 3181 si
2408 3127 2704 3195 iniquitates
2749 3126 3081 3180 observabis.
3128 3125 3346 3180 Exaudi
3375 3166 3390 3191 ,
3436 3125 3631 3193 inquam
3654 3160 3667 3179 .
3703 3129 3814 3171 vocem

2338 3235 2506 3274 meam
2531 3259 2548 3285 ,
2597 3226 2654 3274 et
2698 3235 2802 3274 non
2835 3219 3080 3272 attendas
3119 3231 3298 3286 neque
3327 3217 3569 3271 observes
3602 3209 3814 3279 iniquitates

651 3302 798 3368 feno,
833 3305 883 3357 id
914 3314 1018 3369 est,
1046 3305 1241 3360 taiibus
1271 3322 1373 3359 non
1400 3306 1647 3360 dixerunt
1678 3306 1730 3359 hi
1759 3306 1862 3374 qui
1893 3306 2035 3359 viam
2081 3304 2238 3372 hujus
2265 3305 2310 3366 ς,
2343 3327 2522 3376 meas,
2551 3311 2674 3381 quia
2706 3307 2751 3363 si
2785 3319 2839 3363 tu
2863 3350 2876 3371 ,
2908 3309 3130 3362 Domine
3155 3347 3169 3374 ,
3196 3309 3500 3378 iniquitates
3524 3295 3814 3360 observaverit.

613 3425 615 3432 ‹
661 3393 843 3448 δωρηιί
866 3402 924 3448 et
936 3397 1249 3466 temporalia
1267 3403 1391 3450 sunt
1406 3404 1814 3466 prsetereuntes,
1837 3403 1891 3450 et
1909 3395 1977 3450 ad
1999 3395 2230 3466 patriam

659 3484 938 3538 tendentes
985 3501 998 3536 :
1039 3484 1341 3538 Benedictio
1405 3485 1615 3538 Domini
1665 3501 1824 3553 super
1873 3501 1983 3549 vos,
2026 3485 2080 3538 id
2130 3491 2234 3550 est,

656 3591 763 3630 non
809 3576 1104 3630 effecerunt
1149 3577 1294 3631 dicto
1321 3587 1373 3630 et
1414 3577 1795 3646 praedicatione
1841 3591 1940 3631 sua
1970 3585 2029 3629 ut
2073 3576 2238 3630 bene—

655 3665 821 3719 dictio
867 3665 990 3718 fidei
1033 3674 1088 3718 et
1118 3666 1446 3734 Operationis
1496 3664 1960 3718 sublimarentur:
2003 3663 2103 3718 hoc
2130 3672 2236 3728 est,

658 3769 763 3806 non
807 3753 1005 3823 profuit
1049 3753 1129 3808 eis
1177 3754 1485 3823 praedicatio
1517 3769 1725 3808 eorum.
1770 3753 1880 3808 Nec
1925 3753 2178 3806 dixerunt
2221 3767 2237 3805 :

656 3843 1028 3897 Benediximus
1079 3845 1220 3897 vobis
1252 3845 1305 3896 in
1362 3844 1568 3896 nomine
1599 3843 1830 3906 Domini,
1905 3843 1958 3897 id
2003 3851 2106 3906 est,
2143 3857 2238 3896 sua

664 3935 1043 4003 praedicatione
1098 3949 1202 3987 non
1229 3932 1544 3997 effecerunt,
1589 3943 1646 3986 ut
1695 3932 1789 3996 illi,
1832 3932 1924 4001 qui
1973 3930 2240 3985 benedicti

657 4033 714 4078 et
759 4024 1030 4079 sublimati
1077 4033 1230 4078 erant
1277 4024 1403 4088 fide,
1427 4024 1680 4092 degentes
1723 4031 1906 4077 essent
1939 4022 2000 4074 in
2035 4021 2242 4074 nomine

664 4117 896 4179 Domini,
929 4116 983 4170 id
1028 4125 1130 4181 est,
1175 4126 1236 4169 ut
1285 4117 1422 4170 bene
1467 4116 1741 4185 Operando
1782 4116 1972 4171 darent
2017 4113 2240 4185 gloriam

660 4206 866 4260 nomini
896 4205 1127 4259 Domini.
1151 4206 1315 4272 Quasi
1339 4206 1606 4260 dicerent:
1626 4205 2000 4258 Benediximus
2023 4203 2239 4273 quidem

659 4297 822 4361 vobis,
850 4296 942 4349 sed
971 4312 1076 4349 non
1103 4299 1156 4349 in
1184 4297 1390 4350 nomine
1416 4295 1644 4359 Domini,
1670 4303 1729 4348 ut
1751 4295 1958 4350 caeteris
1985 4293 2238 4348 fundatis.

603 4409 605 4412 ⁴
661 4385 812 4452 Quod
859 4388 925 4440 de
980 4386 1130 4440 falsis
1171 4386 1496 4441 Christianis
1539 4386 1912 4455 accipiendum
1955 4393 2056 4449 est,
2103 4385 2244 4439 sicut

667 4479 818 4546 prior
848 4478 1003 4545 hujus
1033 4494 1219 4532 versus
1257 4495 1381 4548 pars
1409 4479 1474 4533 de
1516 4477 1837 4533 infidelibus.
1873 4477 2074 4534 Omnes
2099 4477 2242 4530 enim

663 4580 991 4638 peccatores,
1037 4579 1129 4624 aut
1167 4571 1314 4639 impii
1362 4578 1506 4630 sunt,
1536 4580 1629 4623 aut
1676 4569 1943 4633 infideles,
1985 4576 2078 4622 aut
2122 4567 2240 4621 falsi

661 4635 976 4713 Christiani.
1033 4635 1270 4728 Apostoii
1322 4675 1448 4714 vero
1499 4660 1772 4737 omnibus,
1818 4667 1924 4712 tam
1971 4657 2242 4712 salvandis
2274 4636 2319 4694 D
2348 4647 3140 4722 nobisproposuisti:Dimittite
3169 4655 3214 4698 et
3239 4635 3651 4737 dimitteturvobis

666 4766 827 4819 quam
859 4767 964 4804 non
1023 4751 1294 4806 salvandis
1333 4752 1739 4820 praedicabant.-
1781 4749 1887 4804 Sed
1922 4748 2042 4803 aliis
2087 4760 2242 4802 erant

662 4841 796 4894 odor
819 4841 935 4894 vita:
958 4842 1013 4894 in
1062 4841 1239 4908 vitam,
1264 4841 1383 4895 aliis
1409 4840 1540 4894 odor
1567 4841 1748 4894 mortis
1797 4840 1853 4893 in
1901 4848 2114 4893 mortem
2153 4836 2239 4908 (11

664 4929 788 4985 Cor.
821 4929 907 4999 tt).

1167 5021 1483 5077 PSALMUS
1509 5021 1744 5075 (LXXIX.

1090 5129 1437 5170 CANTICUM
1481 5127 1820 5169 GBADUUII.

743 5222 761 5254 ‹
804 5205 882 5259 De
907 5203 1189 5273 profundis
1225 5205 1452 5258 clamavi
1493 5205 1558 5256 ad
1593 5213 1662 5266 te,
1695 5201 1921 5256 Domine
1952 5219 1966 5254 :
2001 5201 2243 5261 Domine,

673 5313 690 5343 ‹
740 5295 933 5348 exaudi
957 5307 1143 5348 vocem
1175 5310 1372 5348 meam.
1398 5294 1551 5347 Fiant
1581 5307 1742 5346 aures
1777 5301 1882 5345 tua:
1911 5291 2249 5345 intendentes

675 5402 694 5433 α
741 5385 793 5438 in
825 5399 1007 5439 vocem
1037 5385 1427 5454 deprecationis
1457 5401 1607 5439 metu.
1642 5383 1699 5438 Si
1727 5383 2036 5452 iniquitates
2058 5383 2246 5438 obser-

678 5490 696 5522 ι
741 5461 970 5536 vaveris,
1014 5473 1238 5528 Domine
1269 5490 1280 5526 :
1314 5474 1557 5538 Domine,
1605 5475 1727 5543 quis
1765 5473 2084 5529 sustinebit?
2109 5471 2246 5537 Quia

677 5581 696 5612 ς
742 5564 881 5632 apud
905 5573 956 5617 te
976 5564 1285 5633 pmpitiatio
1311 5573 1487 5629 est,et
1506 5575 1723 5634 propter
1743 5564 1912 5634 legem
1953 5573 2098 5616 tuam
2129 5576 2247 5614 sus-

677 5674 696 5702 ι
746 5656 876 5708 tinui
895 5664 963 5719 te,
987 5655 1229 5711 Domine.
1248 5655 1703 5711 Sustinuitanima
1722 5672 1839 5710 mea
1857 5656 1909 5708 in
1931 5655 2094 5709 verbo
2109 5653 2245 5721 ejus,

679 5747 718 5793 ι’
743 5745 980 5811 speravit
1003 5745 1180 5799 anima
1197 5761 1312 5800 mea
1329 5747 1381 5799 in
1397 5747 1699 5802 Domino.A
1721 5745 1962 5799 custodia
1985 5743 2249 5797 matutina

679 5852 701 5883 ι
747 5849 918 5903 usque
935 5836 1001 5889 ad
1018 5845 1250 5900 noctem,
1267 5846 1447 5906 speret
1463 5837 1625 5892 Israel
1642 5838 1692 5891 in
1707 5834 2093 5900 Domino.Quia
2109 5832 2250 5904 apud

2341 3399 2398 3454 id
2443 3409 2526 3454 est
2551 3439 2565 3463 ,
2611 3399 2665 3453 in
2714 3397 2976 3451 memoria
3008 3396 3300 3461 habueris,
3341 3407 3399 3450 ut
3439 3395 3658 3450 districto
3681 3382 3815 3457 judicio

2339 3488 2530 3557 punire
2583 3486 2716 3540 velis
2754 3485 2835 3540 vel
2868 3499 3051 3550 meas,
3077 3486 3158 3537 vel
3189 3484 3445 3548 aliorum,
3485 3481 3674 3535 Domine
3711 3475 3816 3529 bone.

2339 3579 2455 3648 quis
2475 3575 2764 3636 sustinebit,
2794 3574 2846 3628 id
2865 3581 2947 3628 est
2962 3610 2977 3637 ,
3010 3573 3132 3642 quis
3149 3573 3380 3628 sufferre
3401 3568 3620 3642 poterit?
3644 3557 3814 3628 Vetusi:

2339 3667 2610 3722 sustinebit
2637 3707 2649 3729 ,
2680 3667 2731 3720 id
2755 3673 2838 3720 est
2857 3704 2872 3729 ,
2901 3665 3022 3733 quis
3043 3658 3414 3733 exspectabit?
3441 3661 3494 3717 Si
3525 3668 3572 3713 tu
3599 3652 3818 3722 iniquitates

2339 3757 2692 3818 observares,
2740 3753 2918 3808 nullus
2949 3751 3224 3808 sufferret.
3263 3752 3370 3807 Sed
3396 3747 3624 3820 quamvis
3661 3735 3816 3795 diserill

2339 3850 2454 3921 quis
2479 3845 2767 3907 sustinebit,
2789 3843 2983 3915 aliquis
3011 3852 3190 3897 tamen
3211 3841 3511 3898 sustinebit.
3537 3837 3598 3890 Et
3615 3835 3696 3888 hoc
3713 3829 3749 3881 in
3765 3834 3819 3878 me

2342 3939 2558 4009 probari
2584 3945 2778 4008 potest.
2809 3937 2922 4006 Ego
2950 3945 2998 3989 te
3028 3971 3043 4000 ,
3089 3933 3336 3999 Domine,
3363 3930 3609 3989 sustinui,
3637 3923 3677 3977 id
3700 3925 3819 4009 (35ιᾷι

2342 4039 2394 4083 te
2416 4025 2900 4081 remunerationem
2915 4038 3036 4077 cum
3053 4023 3312 4092 patientia
3330 4015 3630 4088 exspectavi,
3647 4022 3725 4063 non
3734 4012 3819 4092 qui"

2342 4131 2428 4171 me
2456 4115 2808 4185 intelligerem
2851 4119 3190 4182 peccatorum
3219 4125 3364 4174 esse,
3391 4117 3443 4162 et
3468 4107 3562 4160 hoc
3587 4087 3821 4185 nullotnftd0

2342 4183 2703 4275 promeruisse
2723 4243 2738 4267 ,
2768 4203 2861 4256 sed
2887 4201 3040 4264 ideo,
3064 4200 3193 4270 quia
3221 4198 3364 4268 apud
3394 4207 3469 4260 te,
3504 4195 3550 4247 id
3569 4197 3674 4251 est,
3708 4183 3747 4236 in
3765 4187 3819 4274 ι¹ξ²

2342 4303 2536 4348 natura
2575 4300 2650 4346 est
2696 4291 3028 4361 prOpitiatio,
3092 4288 3144 4342 id
3193 4297 3312 4352 est,
3363 4275 3819 4368 misericordiadtluli

2345 4356 2774 4438 misericorditer
2793 4356 2928 4450 agis,
2961 4395 3064 4433 non
3090 4379 3385 4433 observans
3403 4374 3669 4442 iniquitates
3690 4356 3822 4450 quibus

2344 4472 2611 4529 defectum
2635 4441 2870 4541 patimuvr
2893 4441 2991 4534 ;-et
3019 4470 3181 4524 etiam
3227 4476 3437 4536 propter
3475 4441 3616 4530 legem
3639 4465 3748 4506 ’καθ’
3763 4441 3823 4495 Ob‘

2347 4572 2616 4618 servatam
2655 4561 2686 4615 a
2725 4575 2844 4624 me,
2873 4559 2929 4613 id
2957 4567 3038 4613 est
3058 4598 3073 4624 ,
3102 4567 3324 4627 propter
3354 4550 3678 4610 conditionem
3714 4542 3820 4605 quam

2349 4653 2501 4697 nobis
2514 4650 2867 4697 nmmsuisti:
2888 4647 3140 4697 Dimittite
3169 4655 3214 4697 et
3239 4635 3651 4697 dimitteturvobis
3666 4625 3762 4697 (ιιι
3773 4631 3820 4676 "v

3716 4638 3762 4676 κε
3774 4638 3820 4676 “s

2351 4746 2471 4813 vn).
2493 4714 2584 4798 \iel
2603 4714 2661 4796 ut
2682 4738 2971 4795 universali
2981 4747 3060 4792 ter
3075 4737 3307 4800 dicatur,
3322 4740 3522 4803 propter
3540 4728 3692 4795 legem.
3709 4714 3822 4813 ίάξξίι

2344 4799 2611 4909 praecepta
2639 4843 2728 4887 tua
2755 4833 3058 4886 observata.
3089 4828 3201 4882 Hoc
3231 4799 3351 4882 ideo
3391 4799 3596 4909 apponit
3611 4823 3704 4909 ,_ne

2345 4897 2496 4983 retur
2517 4897 2829 4992 desperare,
2853 4920 3040 4974 etideo
3067 4917 3245 4972 minus
3281 4914 3516 4969 alliceret
3541 4905 3598 4959 ad
3615 4897 3824 4992 clamore?

2355 5017 2473 5071 illos
2504 5031 2640 5084 quos
2667 5014 2756 5068 hic
2804 5010 3015 5066 invitat.
3061 5007 3325 5064 Sustinuit
3359 5003 3529 5057 animo
3572 5007 3682 5047 mea.

2351 5068 2704 5162 converti-tiae
2731 5104 2799 5157 ad
2827 5100 3102 5155 auditores
3128 5097 3202 5153 ita
3230 5114 3243 5149 :
3283 5093 3398 5148 Non
3432 5097 3620 5144 tantum
3652 5068 3825 5130 sustinui

2350 5205 2572 5267 propter
2603 5192 3040 5264 propitiationem
3061 5188 3178 5257 ejus
3218 5195 3273 5242 et
3299 5191 3512 5256 propter
3539 5163 3826 5267 legem

2353 5251 2530 5342 satam
2554 5327 2568 5351 ,
2603 5251 2879 5340 sedetiam
2907 5283 2961 5335 in
2987 5281 3138 5334 verbo
3165 5279 3300 5348 ejus,
3329 5277 3380 5330 id
3401 5280 3515 5334 est,
3541 5267 3587 5321 in
3607 5251 3824 5351 considera“

2355 5381 2500 5434 tione
2529 5375 2906 5448 promissionis
2937 5371 3084 5440 ejus,
3142 5386 3245 5440 qua
3268 5378 3322 5424 et
3349 5368 3654 5432 receptorqu

2353 5433 2598 5540 promisit
2624 5465 3022 5537 paenitentibus-
3046 5473 3101 5518 et
3132 5457 3504 5529 indulgentiam
3529 5433 3822 5540 (ιυεετῖυίίδῗζ

2354 5524 2409 5616 et
2455 5524 2843 5629 sempiternam
2905 5555 3130 5624 gloriam
3180 5543 3605 5623 ριόῐηθΐϐιὶῑίδηθο

2355 5651 2530 5704 anima
2547 5616 2684 5712 mea,
2709 5647 2913 5701 scilicet
2944 5645 3090 5698 illum
3107 5646 3547 5697 remuneratorem
3565 5616 3824 5720 moleste?

2355 5740 2669 5794 certatione.
2695 5737 2758 5790 Et
2778 5749 2916 5791 bene
2951 5735 3081 5790 dicit
3102 5734 3334 5788 animam
3359 5738 3500 5782 suam
3525 5717 3718 5810 spirasse

2357 5838 2415 5886 ut
2464 5828 2709 5899 quzedam
2760 5827 2989 5882 virtutes
3033 5823 3246 5896 proprie
3295 5826 3414 5875 sunt
3457 5801 3668 5877 corporis
3731 5796 3808 5841 5"“
