4034 6422
226 282 334 346 7βᾶ

1358 285 1882 342 ΕΜΒΒΑΤΙΟΝΕΞ
1920 288 1986 342 ΙΝ
2021 289 2350 348 PSALMOS.

3356 298 3458 352 786

220 392 466 461 jejunare
484 390 754 479 uvigilare
775 433 790 459 ,
817 375 888 448 ita
913 394 1044 450 ﬁdes
1068 436 1082 459 ,
1110 407 1264 463 spes,
1298 395 1554 460 Charitas,
1578 397 1790 465 pr0prie
1819 398 1866 458 Α
1896 405 2005 450 tum
2037 399 2223 454 dillero
2243 400 2311 454 ab
2336 401 2457 455 aliis
2485 404 2573 470 qui
2606 412 2730 456 sunt
2766 404 3068 472 superiores
3090 419 3174 459 me
3213 405 3263 458 iu
3291 408 3458 462 virtu-

226 484 480 550 dicuntur
493 483 704 538 animae.
731 481 985 553 Speravit,
1002 486 1239 553 inquam,
1262 486 1436 538 anima
1457 501 1592 550 mea,
1616 501 1719 539 non
1742 487 1794 554 in
1811 491 1822 500 ‘

226 569 502 637 quolibet,
539 571 634 624 sed
666 573 719 624 in
743 571 995 636 Domino,
1054 574 1104 627 id
1134 582 1215 628 est
1237 613 1251 636 ,
1283 575 1334 626 in
1371 574 1798 640 consideratione

223 656 628 724 omnipotentiic
667 658 802 725 ejus.
849 660 889 712 A
917 661 1150 730 custodia
1178 662 1453 724 matutina.
1501 661 1629 727 Quae
1676 677 1799 731 spes

226 743 330 796 fuit
359 745 620 814 incipiens
643 764 673 798 a
695 748 930 800 custodia
962 751 1218 802 matutina
1238 790 1251 810 ,
1276 749 1328 802 id
1358 760 1471 812 est,
1503 765 1530 802 a
1562 761 1800 818 tempore

228 831 640 886 illutninationis
663 835 747 895 vel
769 837 1138 891 consensionis
1163 852 1294 890 mere
1311 878 1326 900 ,
1351 839 1450 894 hoc
1471 847 1551 890 est
1571 879 1585 902 ,
1609 853 1636 890 a
1655 839 1801 907 prin-

227 922 374 996 cipio
405 923 707 980 sanctitatis
753 941 884 980 meae
907 967 920 990 ,
961 935 1015 982 et
1044 930 1114 981 ita
1159 928 1521 995 perseverabit
1548 945 1706 997 usque
1731 929 1799 982 ad

226 1021 432 1064 noctem
461 1052 476 1076 ,
507 1011 560 1082 id
583 1022 699 1076 est,
756 1014 824 1068 ad
874 1024 1120 1084 mortem.
1166 1015 1281 1080 Vel,
1327 1017 1468 1070 sicut
1493 1018 1543 1070 in
1579 1017 1800 1071 Hebraeo

230 1099 494 1172 habetur,
522 1117 550 1154 a
582 1102 761 1171 vigilia
794 1105 1056 1159 matutina
1084 1121 1254 1174 usque
1287 1107 1351 1160 ad
1381 1107 1598 1176 vigilam
1633 1116 1800 1161 matu-

226 1191 398 1244 tinam
425 1207 438 1253 ;
466 1191 517 1245 id
548 1201 653 1255 est,
681 1193 749 1265 ab
783 1193 1070 1262 incipiente
1101 1196 1192 1250 hic
1217 1197 1602 1251 illuminatione
1624 1213 1802 1266 perse-

225 1282 467 1338 verando
489 1298 657 1353 usque
688 1284 752 1336 ad
783 1300 972 1338 verum
1002 1288 1321 1341 matutinum
1351 1289 1492 1357 quod
1522 1299 1642 1358 post
1665 1289 1802 1344 hanc

224 1368 398 1422 vitam
417 1369 634 1440 incipiet
649 1370 941 1426 lucescere.
963 1373 1030 1426 Et
1043 1375 1182 1428 sicut
1196 1389 1293 1445 ego
1303 1390 1460 1444 spero
1476 1375 1526 1429 in
1544 1375 1766 1430 Domino
1784 1416 1801 1446 ι

226 1461 312 1516 sic
340 1462 516 1517 omnis
553 1462 721 1518 Israel
748 1476 911 1531 speret
935 1467 988 1518 in
1023 1465 1267 1521 Domino.
1296 1467 1433 1532 Quia
1457 1470 1596 1537 apud
1620 1469 1802 1522 Domi-

229 1569 378 1605 num.
413 1553 479 1607 Et
504 1554 696 1609 merito
726 1557 902 1610 omnis
930 1555 1134 1622 Israel,
1181 1558 1235 1611 id
1266 1568 1384 1623 est,
1417 1559 1592 1613 omnis
1634 1559 1804 1612 lldelis

229 1643 474 1710 sperabit
522 1645 575 1698 in
615 1645 836 1699 Domino
865 1686 879 1709 ,
916 1647 1039 1716 quia
1098 1647 1238 1716 apud
1287 1647 1460 1716 ipsum
1492 1656 1574 1702 est
1605 1649 1804 1701 miseri-

230 1731 417 1801 cordia
439 1771 455 1797 ,
492 1732 544 1787 id
573 1743 685 1796 est,
708 1734 824 1804 ipse
843 1734 1157 1788 naturaliter
1175 1743 1257 1790 est
1281 1736 1608 1791 misericors.
1641 1733 1706 1788 Et
1737 1751 1804 1790 ne
1834 1720 1879 1777 Β

231 1823 359 1890 quis
403 1823 652 1894 desperet
687 1825 1029 1880 multitudine
1059 1827 1292 1895 peccati,
1335 1827 1475 1893 apud
1519 1825 1802 1880 Dominum

230 1923 320 1982 est
349 1917 557 1985 copiosa
585 1918 864 1987 redemptio
882 1959 896 1984 ,
935 1927 1043 1972 tam
1074 1917 1412 1987 originalium
1439 1933 1598 1987 quam
1626 1927 1808 1972 actua-

231 2005 368 2076 iium
419 2005 724 2068 criminum,
759 2017 868 2060 tam
900 2007 1260 2062 criminalium
1311 2021 1469 2075 quam
1498 2006 1805 2060 venialium.

237 2092 333 2147 Vel
356 2095 561 2162 copiosa
581 2096 876 2164 redemptio,
894 2104 1000 2150 tam
1023 2097 1259 2166 gentium
1284 2111 1443 2164 quam
1469 2094 1773 2149 Judteorum
1793 2136 1808 2161 ,

234 2181 306 2253 Et
330 2182 440 2250 ipse
461 2183 692 2236 redimet.
715 2183 812 2238 ilic
838 2186 1044 2252 capiosa
1065 2193 1148 2238 est
1171 2185 1310 2252 apud
1338 2184 1484 2237 illum
1507 2183 1808 2252 redemptio,

236 2272 364 2340 quia
385 2272 624 2341 quotidie
655 2283 869 2341 peccata
901 2274 1138 2327 dimittit.
1159 2273 1225 2328 Et
1250 2275 1301 2327 in
1327 2274 1508 2329 futuro
1536 2274 1678 2327 idem
1702 2275 1810 2342 ipse

237 2364 454 2416 redimet
508 2362 674 2416 Israel
719 2381 782 2416 ea:
829 2364 1064 2418 omnibus
1116 2365 1476 2434 iniquitatibus
1501 2365 1641 2433 ejus,
1687 2364 1812 2432 quia

239 2453 418 2524 nullus
443 2455 659 2520 omnino
687 2457 802 2510 sine
837 2457 1045 2524 macula
1074 2457 1139 2510 de
1193 2448 1294 2526 hoc
1335 2457 1534 2511 mundo
1561 2456 1815 2510 transibit

241 2545 335 2613 qui
393 2545 447 2599 in
493 2547 762 2602 oblatione
815 2547 1068 2603 sacriﬁcii
1100 2555 1152 2602 et
1187 2547 1524 2604 orationibus
1576 2547 1814 2618 indigeat

239 2635 470 2706 absolvi.

739 2729 1056 2786 PSALMUS
1092 2729 1304 2786 CXXX.

667 2834 1010 2874 CANTICUII
1056 2833 1396 2875 GRADUUI.

321 2928 339 2957 ι
375 2908 599 2962 Domine
625 2949 638 2972 ,
697 2918 912 2963 non'est
942 2911 1234 2980 exaltatum
1273 2925 1367 2964 cor
1399 2922 1573 2963 meum
1602 2949 1617 2974 ,
1643 2923 1818 2978 neque

247 3018 264 3049 ι
309 2999 436 3052 elati
455 2998 736 3067 suntgoculi
767 3000 889 3052 mei.
909 2999 1089 3068 Neque
1104 2997 1364 3053 ambulavi
1397 2998 1449 3050 in
1471 2998 1702 3068 magnis,
1723 3012 1818 3051 ne-

249 3109 268 3139 ‹
302 3102 411 3158 que
463 3087 517 3141 in
571 3087 904 3142 mirabilibus
961 3067 1122 3156 super
1164 3103 1269 3142 me.
1300 3086 1357 3141 Si
1387 3101 1494 3142 non
1544 3067 1817 3140 humiliter
1843 3067 1890 3130 C

248 3199 267 3228 ι
320 3178 651 3242 sentiebam,
707 3178 799 3232 sed
849 3177 1081 3232 exaltavi
1140 3177 1375 3230 animam
1422 3191 1617 3230 meam.
1666 3175 1817 3230 Sicut

250 3289 270 3320 ι
321 3268 618 3324 ablactatus
644 3277 726 3324 est
757 3283 918 3338 super
968 3278 1140 3322 matre
1169 3283 1285 3331 sua,
1322 3267 1394 3320 ita
1449 3266 1732 3320 retributio
1761 3266 1816 3319 in

253 3378 271 3409 ι
324 3359 500 3413 anima
518 3373 656 3413 inea.
689 3359 882 3428 Speret
910 3358 1070 3413 Israel
1093 3359 1146 3412 in
1174 3358 1421 3422 Domino,
1449 3369 1517 3411 ex
1543 3357 1646 3414 hoc
1675 3369 1822 3412 nunc

252 3468 285 3507 c,
320 3459 374 3506 et
397 3465 565 3522 usque
595 3451 647 3504 in
679 3450 953 3513 saeuiunt.
1005 3469 1022 3500 ι
1083 3523 1085 3525 _

817 3538 1264 3595 ENARRATIO.

323 3630 378 3683 iu
422 3630 523 3685 hoc
548 3630 756 3699 psalmo
802 3630 988 3685 ﬁdeles
1019 3631 1125 3684 alta
1176 3631 1598 3687 conscendentes
1627 3629 1823 3684 iterum

249 3734 382 3774 suos
419 3720 708 3774 admonent
734 3727 1027 3774 sectatores
1049 3729 1126 3784 ut,
1152 3719 1276 3774 dum
1303 3736 1367 3774 eo
1396 3735 1566 3789 usque
1594 3719 1823 3788 promoti

251 3809 453 3864 fuerint
487 3809 626 3878 quod
665 3810 732 3864 ad
774 3810 1054 3863 Dominum
1097 3826 1194 3878 pro
1248 3811 1550 3866 constantia
1597 3811 1824 3865 tribula-

251 3899 417 3953 tionis
450 3898 702 3962 clament,
736 3900 910 3953 adlmc
941 3901 1007 3953 ad
1037 3900 1225 3954 altiora
1262 3902 1652 3964 'conscendant,
1680 3903 1828 3956 vide-

250 3993 384 4062 licet
406 4000 466 4046 ut
494 4007 615 4048 cum
643 3992 879 4046 exauditi
907 3992 1104 4046 fuerint
1137 3993 1190 4046 in
1223 3993 1322 4046 hac
1352 4009 1428 4051 re.
1453 4009 1558 4046 non
1591 3993 1826 4062 glorien-

253 4093 346 4151 tur
370 4081 421 4134 in
452 4081 754 4149 semetipsis
780 4081 1099 4136 rcﬂectendo
1126 4081 1310 4136 oculos
1337 4097 1463 4136 suos
1500 4083 1567 4135 ad
1600 4082 1828 4138 virtutes

251 4187 382 4227 suas
406 4173 548 4226 unde
592 4180 812 4240 possent
839 4172 1138 4242 superbire,
1170 4172 1287 4234 sed,
1320 4172 1667 4226 ascendentes
1709 4188 1830 4242 gra-

254 4262 382 4315 dum
408 4261 727 4315 humilitatis
771 4261 887 4330 ipsa
918 4261 1184 4331 magnalia
1227 4276 1345 4330 quae
1371 4262 1422 4315 in
1458 4277 1517 4317 se
1546 4271 1701 4333 sunt,
1722 4278 1829 4318 non

254 4366 372 4410 sua.
405 4351 501 4405 sed
527 4350 620 4404 Dei
648 4357 973 4420 cognoscant
997 4365 1141 4415 esse,
1174 4351 1244 4404 ita
1268 4351 1528 4405 dicentes.

325 4441 546 4497 Domine
573 4459 674 4496 non
701 4451 775 4495 est
817 4441 1102 4496 exaltatum
1141 4457 1232 4494 cor
1263 4458 1454 4495 meum.
1511 4441 1556 4498 0
1587 4441 1828 4508 Domine,

254 4541 378 4601 post
424 4532 680 4587 beneﬁcia
741 4540 830 4585 tua
877 4531 1215 4601 supradicta,
1258 4547 1351 4585 cor
1393 4547 1564 4584 meum
1609 4549 1711 4586 non
1758 4540 1832 4586 est

257 4621 573 4688 exaltatum,
631 4623 683 4676 id
730 4631 806 4676 esl
833 4663 846 4685 ,
898 4621 954 4675 in
1004 4629 1183 4674 mente
1228 4634 1347 4674 mea
1387 4635 1492 4673 non
1538 4619 1830 4688 superbivi,

260 4728 419 4780 neque
447 4711 569 4765 elati
617 4722 735 4764 sunt
763 4710 1042 4777 oculimq’,
1119 4710 1170 4764 id
1226 4717 1336 4774 est,
1385 4707 1600 4762 nullam'
1630 4709 1835 4762 extrin—

259 4815 416 4855 secus
491 4801 796 4869 superbiam
861 4799 1098 4864 ostendi,
1161 4813 1279 4866 quze
1326 4796 1558 4851 maxime
1617 4796 1834 4851 nutibus

257 4897 314 4945 et
337 4888 568 4944 elatione
613 4889 890 4953 oculorum
941 4888 1376 4957 deprehenditur.
1419 4886 1595 4956 Neque
1655 4886 1834 4939 ambu-

261 4981 363 5034 lavi
424 4981 478 5033 ia
516 4981 738 5049 magnis.
815 4979 931 5033 Non
975 4987 1181 5033 tantum
1240 4995 1346 5034 non
1397 4976 1690 5047 superbivi,
1741 4976 1833 5030 sed

261 5072 424 5128 etiam
459 5071 512 5123 in
554 5071 638 5124 his
684 5069 737 5124 in
785 5070 981 5139 quibus
1036 5067 1367 5123 solummodo
1412 5067 1563 5120 locus
1598 5065 1828 5128 videtur,

261 5160 468 5215 scilicet
494 5161 548 5213 in
582 5160 784 5229 magnis
811 5169 865 5214 et
887 5158 1230 5220 mirabilibus,
1261 5157 1353 5212 sed
1389 5172 1495 5211 non
1527 5156 1580 5208 iu
1612 5170 1697 5209 me
1721 5154 1832 5224 glo-

264 5251 475 5315 riando,
503 5258 560 5304 ut
586 5264 960 5304 conservarem
991 5248 1344 5303 humilitatem
1384 5261 1578 5309 meam,
1603 5245 1706 5300 hoc
1729 5252 1834 5327 est,

265 5341 319 5394 in
343 5339 631 5394 virtutibus
665 5346 978 5408 provectum
1021 5337 1202 5401 habui,
1238 5351 1356 5405 quae
1393 5343 1547 5390 erant
1576 5342 1682 5388 tam
1723 5349 1840 5387 ma-

265 5445 382 5501 gna:
407 5438 468 5484 ut
494 5437 674 5483 essent
697 5427 861 5482 etiam
902 5425 1198 5490 mirabiles,
1230 5425 1322 5480 sed
1347 5439 1450 5477 non
1484 5424 1556 5476 ita
1592 5431 1652 5476 ut
1689 5423 1836 5492 ipsas

265 5519 494 5573 virtutes
543 5516 899 5578 attenderem,
955 5515 1181 5570 dicendo
1218 5512 1358 5580 apud
1407 5525 1530 5565 me:
1572 5521 1840 5580 quatenus

266 5623 407 5675 sum,
425 5621 585 5676 quam
612 5606 875 5676 gloriosus
893 5620 1034 5670 sum,
1057 5603 1149 5659 sed
1179 5602 1346 5674 magis
1365 5600 1606 5655 dicebam
1633 5617 1645 5654 :
1669 5616 1839 5669 quau-

1901 488 2061 543 tibus.
2093 489 2158 544 Et
2194 490 2293 545 hoc
2320 491 2438 545 ideo
2465 491 2585 555 feci,
2609 493 2733 560 quia
2758 503 2914 546 erant
2948 511 3102 562 super
3123 511 3225 558 me,
3269 497 3318 550 id
3352 505 3462 562 est,

1898 580 2126 648 desuper
2163 582 2291 636 mihi
2339 583 2544 650 collata:
2574 585 3006 646 suntaDomino.
3042 586 3104 642 Si
3134 603 3237 639 non
3290 567 3460 654 timui?

1897 667 2015 721 liter
2060 671 2361 736 sentiebam,
2391 673 2520 724 sicut
2570 672 2879 728 ablactatur.
2934 673 3088 730 Modo
3139 674 3287 742 ponit
3340 690 3458 730 sese

1898 759 1998 812 sub
2052 759 2331 814 devotione
2389 761 2639 840 quadam.
2686 760 2746 815 Si
2803 779 2904 816 non
2958 763 3222 819 Immiliter
3277 765 3462 823 sentie-

1899 851 2048 921 bam,_
2082 850 2131 905 id
2163 860 2266 917 est,
2300 852 2342 906 si
2392 868 2494 913 non
2547 869 2757 923 semper
2800 855 2851 908 in
2884 855 3182 910 humilitate
3221 873 3306 910 me
3333 873 3460 914 con-

1899 941 2134 994 tinebant
2165 951 2285 1010 post
2329 958 2516 1009 omnes
2567 945 2763 1013 gradus
2800 946 3156 1013 supradictos,
3194 947 3284 998 sed
3323 947 3467 1001 exal-

1899 1029 2002 1094 tari
2035 1031 2262 1082 animam
2295 1047 2460 1084 meam
2487 1033 2863 1100 superbiendo,
2907 1042 3030 1087 tunc
3066 1033 3137 1086 ita
3171 1035 3349 1088 veniat
3377 1051 3456 1087 re-

1900 1119 2112 1171 tributio
2144 1121 2197 1172 in
2239 1121 2472 1190 animam
2512 1137 2704 1186 meam,
2731 1123 2935 1178 scilicet
2975 1132 3033 1177 ut
3087 1139 3304 1192 peream
3330 1125 3461 1177 sicut

1900 1208 2100 1277 periret
2133 1224 2268 1277 puer
2297 1209 2606 1274 ablactatus,
2654 1213 2776 1278 quia
2826 1211 3000 1270 adhuc
3042 1211 3262 1267 deberet
3314 1229 3471 1280 super

1902 1309 2126 1354 matrem
2171 1316 2322 1356 suam
2365 1303 2700 1367 incumbere;
2741 1305 2785 1357 si
2826 1311 3086 1368 remotus,
3118 1318 3221 1363 non
3253 1311 3468 1365 susten—

1905 1396 2108 1441 taretur
2147 1396 2238 1442 aut
2270 1391 2456 1444 matris
2491 1400 2582 1444 aut
2614 1391 2834 1446 alterius
2860 1406 2980 1460 ope.
3023 1391 3144 1444 Ideo
3177 1391 3303 1444 facit
3331 1391 3473 1445 hanc

1904 1479 2261 1545 devotionem,
2292 1489 2349 1533 ut
2389 1497 2485 1550 per
2523 1482 2888 1550 paenitentiam
2919 1497 3079 1552 quam
3109 1482 3210 1536 sibi
3248 1481 3476 1549 imperat

1905 1567 2174 1635 adjutores
2221 1585 2249 1622 a
2298 1571 2545 1639 superbia
2602 1581 2889 1627 removeat.
2936 1570 3113 1641 Speret
3154 1570 3342 1624 Israel.
3411 1571 3478 1623 Et

1907 1659 2212 1729 quicunque
2241 1669 2321 1714 est
2363 1660 2544 1723 Israel,
2608 1662 2685 1716 sic
2737 1671 2899 1728 speret
2944 1663 2998 1716 in
3044 1661 3291 1726 Domino,
3338 1661 3480 1715 sicut

1906 1765 2005 1820 ego
2033 1751 2298 1804 humiliter
2335 1753 2570 1807 sentiens
2598 1755 2806 1824 speravi
2842 1754 2926 1809 vel
2968 1756 3107 1811 sicut
3151 1771 3250 1825 ego
3283 1756 3334 1808 in
3365 1771 3478 1806 ma-

1906 1839 2019 1911 gnis
2048 1852 2098 1894 et
2121 1841 2446 1894 mirabilibus
2473 1857 2579 1895 non
2607 1844 2878 1912 superbivi
2912 1860 2924 1896 ι
2959 1845 3036 1898 sic
3065 1844 3238 1898 omnis
3274 1845 3362 1912 qui
3396 1852 3481 1896 est

1909 1927 2078 1982 Israel
2130 1930 2253 1983 dum
2311 1930 2363 1982 in
2407 1930 2598 1984 talibus
2660 1938 2769 1992 est,
2829 1947 2930 1984 non
2980 1932 3255 2000 superbiat
3310 1940 3359 1985 et
3403 1931 3480 1983 sic

1908 2030 2072 2089 speret
2103 2007 2154 2072 in
2189 2019 2430 2085 Domino,
2482 2021 2740 2090 incipiens
2781 2039 2845 2075 ea:
2870 2022 2966 2076 hoc
2997 2039 3152 2087 nunc,
3187 2022 3238 2076 id
3285 2029 3385 2086 est,
3413 2036 3477 2073 cx

1909 2110 2160 2179 praesenti
2184 2127 2339 2175 nunc,
2369 2119 2417 2163 et
2444 2119 2750 2180 perseveret
2777 2128 2934 2182 usque
2969 2114 3021 2165 in
3052 2111 3320 2166 scerulum.

2402 2221 2718 2278 PSALMUS
2751 2223 2984 2277 CXXXI.

2334 2327 2671 2367 CANTICUII
2699 2326 3039 2367 GRADUUIL

1987 2435 2018 2470 ‹
2052 2421 2342 2485 Memento,
2372 2423 2612 2486 Domine,
2655 2423 2839 2486 David,
2865 2433 2920 2477 et
2960 2424 3135 2476 ounnis
3174 2431 3452 2475 mansuem

1920 2530 1938 2562 ί
1983 2511 2122 2566 diuis
2150 2510 2284 2580 ejus.
2314 2512 2464 2566 Sicut
2485 2513 2686 2582 juravit
2712 2513 2958 2577 Domino,
2986 2523 3165 2567 votum
3190 2513 3338 2567 vovit
3375 2513 3485 2569 Deo

1921 2616 1940 2650 ι
1985 2597 2170 2654 Jacoh.
2214 2599 2271 2655 Si
2300 2601 2555 2656 introiere
2585 2602 2637 2654 in
2678 2600 3082 2656 tabernaculum
3111 2601 3304 2657 domus
3330 2616 3484 2668 meas,

1922 2707 1945 2740 ι
1989 2689 2033 2743 si
2065 2689 2356 2744 ascendero
2380 2690 2431 2742 in
2461 2689 2657 2743 lectum
2680 2690 2835 2743 strati
2869 2690 2994 2744 mei.
3036 2689 3092 2743 Si
3121 2670 3326 2744 dedere
3347 2706 3490 2744 soni-

1923 2797 1947 2835 t
1987 2792 2112 2831 num
2141 2777 2312 2832 oculis
2331 2777 2485 2841 meis,
2501 2785 2554 2830 et
2569 2777 2837 2846 palpebris
2863 2778 2998 2832 meis
3017 2779 3487 2842 dormitationem;

1924 2886 1944 2918 ι
1987 2875 2041 2919 et
2099 2866 2338 2934 requiem
2389 2864 2716 2934 temporibus
2763 2865 2896 2922 meis
2926 2906 2942 2932 ,
2997 2867 3167 2920 donec
3221 2868 3488 2921 inveniam

1925 2972 1944 3005 ι
1989 2954 2163 3008 locum
2213 2953 2462 3018 Domino,
2512 2953 2911 3007 tabernaculum
2961 2955 3070 3009 Deo
3118 2953 3302 3010 Iacob.
3355 2955 3492 3009 Ecce

1925 3060 1944 3093 ι
1987 3043 2288 3097 audivimus
2337 3057 2457 3096 eam
2507 3042 2558 3095 in
2612 3043 2869 3111 Ephrata,
2918 3043 3219 3097 invenimus
3264 3059 3384 3098 eam
3439 3045 3491 3097 in

1924 3150 1942 3183 ι
1985 3131 2189 3200 campis
2220 3131 2397 3186 Silvae.
2431 3130 2776 3186 lntroibimus
2823 3132 2876 3186 in
2911 3132 3312 3187 tabernaculum
3354 3131 3492 3199 ejus.

1925 3244 1942 3276 ι
1991 3225 2333 3279 adorabimus
2388 3226 2439 3277 in
2507 3224 2625 3278 loco
2673 3225 2763 3278 ubi
2813 3232 3084 3278 steterunt
3143 3223 3306 3292 pedes
3354 3221 3488 3290 ejus.

1925 3336 1942 3366 ι
1991 3315 2180 3384 Surge,
2213 3316 2454 3380 Domine,
2489 3317 2540 3369 in
2571 3315 2810 3384 requiem
2839 3324 3004 3377 tuam,
3045 3325 3096 3367 tu
3121 3321 3176 3368 et
3199 3329 3324 3367 arca
3366 3328 3493 3368 san-

1925 3424 1945 3460 ι
1989 3407 2326 3462 ctiﬁcationis
2348 3415 2468 3460 tuae.
2488 3406 2805 3461 Sacerdotes
2828 3405 2902 3459 tui
2925 3405 3492 3472 induantur-justitiam

1926 3517 1950 3557 v
1990 3511 2045 3554 et
2085 3499 2257 3552 sancti
2315 3499 2389 3552 tui
2439 3498 2727 3552 exsultent.
2777 3496 3006 3564 Propter
3059 3496 3227 3551 David
3279 3511 3492 3550 servum

1927 3605 1950 3651 ι,
1993 3597 2162 3652 tuum,
2193 3603 2297 3640 non
2329 3597 2540 3641 avertas
2570 3586 2760 3641 faciem
2788 3585 2978 3640 christi
3018 3585 3111 3637 tui.
3145 3582 3356 3638 Iuravit
3394 3583 3494 3638 Do-

1929 3696 1952 3732 ι
1992 3678 2171 3732 minus
2200 3677 2368 3732 David
2389 3677 2694 3740 veritatem,
2737 3685 2793 3729 et
2832 3690 2938 3728 non
2968 3673 3315 3728 frustrabitur
3347 3689 3493 3737 eam,

1930 3785 1951 3820 ι
1993 3767 2060 3822 de
2080 3768 2253 3822 fructu
2283 3767 2487 3821 ventris
2520 3766 2592 3819 tui
2621 3779 2814 3835 ponam
2841 3779 3005 3834 super
3029 3764 3210 3819 sedem
3236 3772 3404 3826 tuam.
3437 3763 3496 3818 Si

1932 3875 1951 3910 ι
1995 3856 2349 3912 custodierint
2379 3855 2472 3909 ﬁlii
2501 3856 2582 3922 tui.
2611 3863 2991 3914 testamentum
3019 3868 3222 3922 meum,
3262 3861 3318 3908 et
3348 3853 3500 3918 testi:

1933 3967 1952 4002 ι
1997 3950 2176 4004 monia
2227 3963 2345 4002 mea
2397 3948 2508 4012 haec
2543 3963 2661 4016 qua:
2701 3946 2904 4001 docebo
2932 3953 3132 4013 cos,ret
3182 3943 3279 4009 lilii.
3312 3957 3505 3999 eorum.

1935 4062 1951 4091 ι
1997 4056 2167 4108 usque
2211 4040 2262 4094 in
2317 4039 2568 4094 saeculum
2619 4037 2882 4097 sedebunt
2919 4049 3080 4104 super
3122 4036 3303 4090 sedem
3331 4043 3500 4094 tuam.

1936 4148 1954 4180 ι
2000 4130 2266 4195 Quoniam
2288 4128 2450 4199 elegit
2479 4129 2734 4182 Dominus
2763 4127 2913 4188 Sion,
2947 4125 3102 4195 elegit
3142 4141 3261 4179 eam
3309 4126 3364 4179 in
3412 4125 3501 4188 ha;

1937 4240 1955 4270 α
2001 4220 2315 4274 hitationem
2339 4219 2462 4274 sibi.
2493 4218 2616 4274 Haec
2644 4218 2858 4286 requies
2886 4232 3002 4271 mea
3034 4218 3086 4270 in
3114 4215 3363 4282 swculum
3404 4229 3504 4268 833-.-

1937 4328 1958 4360 ι
2002 4309 2130 4375 culi,
2180 4309 2269 4376 hic
2320 4309 2574 4374 habitabo
2622 4308 2873 4376 quoniam
2919 4306 3060 4375 elegi.
3096 4320 3236 4358 eam.
3278 4304 3504 4366 Viduam

1855 4401 1908 4460 D
1940 4417 1957 4449 ι
2001 4397 2116 4466 ejus
2171 4397 2494 4451 benedicens
2539 4395 2872 4459 benedicam,
2913 4405 3175 4463 pauperes
3200 4389 3317 4458 ejus
3356 4398 3505 4444 satu-

1942 4507 1962 4540 ‹
2013 4489 2143 4542 rabo
2177 4489 2422 4557 panibus.
2453 4486 2770 4541 Sacerdotes
2800 4483 2914 4552 ejus
2942 4483 3155 4537 induam
3182 4482 3428 4546 salutari,
3451 4490 3507 4536 et

1945 4597 1963 4630 ι
2008 4579 2178 4633 sancti
2206 4577 2320 4646 ejus
2362 4576 2718 4634 exsultatione
2754 4575 3112 4629 exsultabunt.
3143 4571 3272 4626 Illuc
3311 4571 3508 4641 produ—

1943 4693 1964 4734 t
2010 4687 2127 4726 cam
2158 4684 2322 4730 cornu
2360 4666 2548 4729 David,
2579 4666 2762 4735 paravi
2794 4665 3064 4718 lucernam
3111 4662 3325 4716 Christo
3366 4675 3504 4715 meo.

1944 4782 1962 4815 ι
2007 4760 2257 4814 inimicos
2307 4757 2422 4824 ejus
2468 4757 2682 4809 induam
2735 4753 3072 4818 confusione,
3121 4765 3280 4822 super
3336 4752 3506 4821 ipsum

1943 4871 1963 4904 ι
2009 4860 2187 4905 autem
2214 4847 2476 4904 elllorebit
2501 4844 2856 4900 sanctiﬁcatio
2877 4857 3018 4897 mea.
3063 4861 3082 4894 ›

2506 4953 2960 5020 ENARRATIO.

2009 5049 2272 5106 Fidelium
2301 5047 2585 5120 multitudo
2612 5053 2892 5114 postquam
2926 5041 2980 5096 in
3011 5048 3217 5096 tantum
3250 5052 3509 5094 conscenr

1939 5143 2048 5208 dit,
2099 5150 2159 5196 ut
2197 5139 2344 5194 nullo
2387 5137 2544 5192 modo
2587 5133 2860 5207 superbiat
2901 5133 3208 5194 virtutibus,
3255 5139 3376 5184 orat
3421 5128 3511 5182 hic

1939 5234 2106 5288 vitam
2148 5231 2495 5301 apostolicam
2537 5227 2741 5288 scilicet
2781 5233 2838 5278 ut
2880 5224 3025 5277 vivat
3060 5222 3113 5275 in
3156 5219 3416 5273 societate
3459 5228 3512 5271 ct

1941 5324 2228 5380 concordia
2272 5322 2498 5376 fratrum
2541 5334 2646 5372 non
2677 5317 2777 5372 sub
2812 5330 2910 5369 suo
2942 5314 3085 5383 jure,
3129 5311 3224 5366 sed
3252 5311 3352 5364 sub
3382 5309 3516 5362 alte.-

1938 5415 2052 5484 rius
2089 5421 2370 5484 potestate.
2411 5411 2508 5474 Et,
2545 5409 2671 5477 quia
2710 5406 2870 5460 nullis
2905 5402 3114 5457 meritis
3149 5400 3262 5455 suis
3298 5407 3512 5468 reputat

1939 5519 1998 5559 se
2029 5504 2157 5557 illud
2188 5516 2344 5570 posse
2379 5497 2668 5566 consequi,
2710 5495 2834 5549 licet
2879 5500 3084 5546 tantum
3119 5489 3508 5551 conscenderit,

1941 5605 2160 5668 propter
2206 5590 2406 5656 David,
2456 5589 2510 5643 id
2557 5594 2670 5653 est,
2720 5595 2938 5656 propter
2984 5582 3258 5639 Christum
3301 5586 3355 5636 et
3399 5579 3514 5649 ejus
