3868 5590
520 310 620 363 787

1159 307 1412 368 REMlGlI
1450 302 2105 364 ANTISSIODORENSIS
2142 302 2289 358 Ol’P.
2329 303 2527 358 PARS.
2560 305 2598 358 l.
2624 336 2690 345 —
2733 304 3129 376 EXEGETICA.
3693 297 3776 353 €88

521 425 881 480 obedientiam
920 433 1040 479 orat
1077 423 1292 478 Patrem
1331 438 1572 494 surgere,
1612 421 1665 476 id
1700 430 1811 486 est,
1852 420 1953 474 hoc
1989 416 2098 472 eﬁl-
2126 419 2174 479 Α
2202 420 2537 474 bernaculum
2565 424 2701 492 ejus,
2747 423 2797 476 id
2830 431 2933 488 est,
2979 423 3030 477 in
3079 420 3268 476 militia
3313 420 3434 489 ejus
3476 431 3542 474 nt
3592 429 3778 475 stemus

521 529 666 570 cere.
702 515 765 569 Et
794 516 880 570 hic
907 517 1104 587 gradus
1133 516 1452 568 desiderium
1484 514 1697 566 dicitur.

596 605 876 672 Memento,
934 605 1173 662 Domine.
1217 606 1408 667 David,
1445 618 1477 658 ο
1519 605 1737 660 Domine
1777 605 1952 671 Pater,
1996 622 2105 667 meg-

523 702 694 746 mento
725 692 776 746 in
807 692 962 747 nobis
989 692 1177 756 David,
1205 693 1255 746 id
1282 700 1384 755 est,
1412 691 1611 746 Christi
1641 693 1868 748 viriliter
1894 693 2102 764 agentis

525 799 622 853 per
647 785 845 839 omnia.
880 783 947 837 Et
982 785 1144 838 omnis
1180 783 1591 836 mansuetudinis
1620 785 1754 854 ejus,
1787 784 1838 838 id
1868 793 1972 850 est,
2003 800 2099 854 pa-

525 873 726 928 tientia:
748 881 803 928 et
821 871 1136 928 obedientim
1156 869 1289 938 ejus,
1307 873 1437 925 sicut
1457 871 1657 939 juravit
1676 871 1928 937 Domino;
1953 889 2103 926 man-

521 963 812 1019 suetudinis
841 964 974 1032 ejus,
1007 961 1147 1026 dico,
1189 972 1461 1026 memento,
1493 961 1564 1016 ita
1606 977 1702 1031 per
1730 962 1909 1016 omnia
1950 961 2102 1016 exhi-

522 1051 648 1106 bita:
677 1050 817 1105 sicut
855 1050 969 1119 ipse
1006 1050 1174 1106 Filius
1206 1049 1297 1104 Dei
1340 1049 1448 1102 Deo
1486 1048 1629 1103 Patri
1661 1049 1886 1119 juravit,
1914 1049 1967 1104 id
1995 1057 2100 1116 est,

515 1139 868 1210 jurejurando
902 1139 1264 1194 conﬁrmavit.
1310 1139 1375 1194 Et
1414 1141 1555 1194 sicut
1591 1149 1760 1193 votum
1811 1139 1942 1193 vovit
1991 1138 2102 1194 Deo

519 1229 707 1292 Jacob,
757 1230 806 1284 id
845 1237 959 1294 est,
1002 1228 1353 1292 luctantium,
1393 1231 1516 1298 quia
1553 1238 1608 1284 et
1657 1229 1770 1298 ipse
1807 1229 2100 1283 secundum

522 1323 809 1375 humanam
852 1328 1097 1374 naturam
1139 1319 1348 1374 luctans
1384 1328 1521 1374 erat.
1557 1317 1784 1384 Jurare,
1825 1329 1878 1373 et
1915 1327 2115 1374 votum-

520 1423 738 1473 vovere,
777 1424 882 1472 non
924 1409 1100 1462 verbis
1134 1407 1251 1472 hic,
1293 1409 1383 1460 sed
1426 1408 1518 1476 Dei
1560 1408 1713 1463 ﬁrma
1754 1407 2101 1481 dispositione

520 1499 1054 1570 accipitur,.dictum
1103 1514 1132 1552 a
1179 1498 1526 1553 similitudine
1575 1500 1851 1555 hominum
1898 1499 2099 1569 aliquid

513 1590 814 1658 jnrantium
844 1598 900 1644 et
930 1590 1156 1644 ﬁrmiter
1186 1591 1510 1644 voventium.
1544 1589 1602 1644 Si
1629 1591 1898 1644 introiero.
1929 1589 1986 1645 Si
2011 1591 2100 1645 de-

521 1684 647 1736 dero
675 1699 912 1737 somnum
939 1682 1102 1736 oculis
1131 1693 1175 1735 et
1203 1683 1428 1752 requiem
1458 1682 1772 1751 temporibus
1806 1684 1953 1736 meis.
1991 1681 2095 1736 Ju-

522 1775 673 1839 ravit,
703 1774 774 1829 ita
807 1773 1023 1839 dicens:
1050 1773 1108 1848 Si
1131 1775 1376 1827 introicro
1411 1775 1462 1828 in
1489 1773 1882 1829 tabernaculum
1915 1776 2098 1828 domus

520 1879 667 1930 mete,
701 1863 751 1917 id
779 1871 859 1919 est
881 1904 895 1929 ,
925 1863 977 1922 in
1010 1862 1392 1920 habitationem
1425 1863 1718 1918 mansionis
1748 1877 1906 1927 mete,
1940 1873 1998 1916 ut
2030 1878 2096 1926 ex

520 1951 874 2007 delectatione
909 1953 1120 2021 corpori
1165 1965 1284 2005 meo
1323 1951 1664 2021 acquiescam
1701 1952 1753 2005 in
1793 1951 1991 2022 aliquo.
2035 1951 2100 2004 Et

517 2042 562 2093 si
587 2041 868 2095 ascendero
905 2042 960 2095 in
998 2041 1187 2110 lectum
1216 2040 1368 2094 strati
1403 2040 1521 2092 mei.
1561 2039 1625 2092 Et
1657 2041 1703 2092 si
1739 2040 1927 2092 dedero
1965 2055 2098 2092 som-

522 2148 646 2186 num
701 2130 864 2185 oculis
915 2133 1074 2207 meis,
1113 2132 1251 2199 quod
1305 2133 1481 2187 minus
1527 2141 1609 2192 est
1657 2147 1816 2199 qnam
1867 2139 2097 2185 stratum

518 2224 830 2279 ascendere.
882 2221 948 2276 Et
986 2223 1243 2292 palpebris
1283 2225 1406 2275 meis
1445 2223 1892 2292 dormitationcm,
1933 2232 1979 2276 et
2021 2239 2097 2276 reo

521 2313 695 2382 quiem
732 2312 1046 2381 temporibus
1084 2313 1206 2365 meis
1247 2325 1265 2363 :
1304 2313 1444 2381 quod
1492 2311 1550 2366 ﬁt
1598 2311 1812 2381 quando
1859 2320 2096 2381 tempora

524 2411 814 2473 gravantur
859 2401 927 2456 ad
974 2417 1243 2466 somnum.
1295 2401 1410 2464 Hoc
1439 2402 1584 2468 nullo
1650 2402 1806 2455 modo
1843 2402 2098 2472 quievero

527 2502 620 2547 aut
647 2509 929 2550 cessavcro
961 2495 1123 2555 donec
1151 2494 1408 2550 inveniam
1431 2495 1601 2548 locum
1639 2494 1880 2559 Domino,
1912 2495 1962 2548 id
1993 2504 2094 2560 est,

523 2584 657 2641 tales
699 2585 751 2640 in
799 2585 992 2654 quibus
1046 2586 1300 2640 Dominus
1346 2585 1539 2641 habeat
1575 2585 1744 2640 locum
1783 2594 1835 2639 et
1873 2585 2096 2656 requiem

519 2693 693 2742 suam,
724 2685 778 2731 et
801 2677 966 2734 donec
1003 2677 1257 2731 inveniant
1289 2676 1701 2742 tabernaculum,
1739 2677 1788 2730 id
1819 2686 1918 2740 est,
1953 2676 2096 2730 mili-

521 2775 700 2822 tantes
740 2765 846 2822 Deo
869 2764 1057 2836 Iacob,
1089 2765 1142 2825 id
1181 2774 1294 2829 est,
1327 2765 1648 2821 luctatorum
1683 2766 1962 2831 subaudis,
1993 2783 2094 2821 non

519 2873 614 2910 ero
657 2857 956 2925 promissor
997 2872 1183 2920 verax,
1229 2856 1313 2910 vel
1363 2855 1565 2925 aliquid
1612 2853 1915 2925 hujusmodi
1955 2855 2096 2924 quod

518 2946 676 3017 digne
705 2947 875 3015 possit
903 2946 1209 3002 subaudire.

593 3039 746 3105 Quod
785 3037 947 3101 dicit,
986 3041 1030 3091 si
1073 3038 1319 3096 introiero
1363 3039 1416 3090 in
1468 3035 1859 3097 tabernaculum
1907 3035 2094 3090 domus

523 3147 682 3192 metu,
729 3129 928 3183 dictum
961 3137 1044 3184 est
1081 3144 1110 3182 a
1153 3129 1500 3183 similitudine
1541 3127 1725 3182 militis
1755 3127 1978 3198 alicujus
2021 3127 2093 3182 ita

520 3221 698 3274 devoti
749 3233 877 3292 erga
926 3220 1203 3278 dominum
1250 3235 1406 3274 suum
1454 3231 1510 3273 ut
1558 3235 1826 3290 nunquam
1880 3221 2096 3274 domum

524 3325 677 3364 suam
715 3310 918 3364 intrare
954 3310 1098 3372 velit,
1130 3311 1298 3365 donec
1337 3326 1431 3380 per
1465 3311 1882 3367 destructionem
1922 3311 2098 3366 inimi-

523 3413 707 3454 corum
745 3399 812 3453 ad
838 3399 1167 3461 voluntatem
1208 3399 1409 3456 domini
1445 3403 1526 3455 sui
1567 3399 1778 3456 militet.
1817 3400 1967 3469 Quod
2005 3417 2102 3457 au-

525 3503 633 3547 :em
670 3493 831 3558 dicit,
869 3495 926 3548 in
959 3493 1145 3548 lectum
1185 3495 1370 3556 strati,
1411 3495 1598 3550 lectum
1638 3497 1723 3550 hic
1762 3497 1891 3551 dicit
1930 3498 2097 3568 ipsam

523 3583 792 3651 lecticam,
823 3593 1048 3641 stratum
1073 3600 1220 3653 vero,
1250 3587 1392 3656 quod
1421 3587 1652 3656 desuper
1695 3589 1930 3658 ponitur,
1959 3588 2101 3644 sicut

523 3675 770 3741 culcitra,
799 3677 1068 3746 pulvinar,
1108 3685 1162 3732 et
1199 3686 1414 3732 cetera.
1457 3674 1591 3732 Ecce
1629 3679 1923 3734 audivimus
1960 3695 2095 3734 eam.

527 3765 638 3821 lloc
686 3766 886 3823 dictum
939 3777 1051 3833 est,
1099 3767 1297 3837 juravit
1343 3768 1534 3833 David,
1585 3768 1638 3823 id
1683 3779 1788 3833 est,
1845 3768 2100 3824 Dominus

523 3857 702 3922 .lcsns,
734 3868 788 3913 et
815 3860 952 3917 sicut
979 3859 1240 3929 promisit,
1273 3874 1401 3914 ecce
1428 3857 1749 3928 completum
1774 3858 2016 3914 videmus
2046 3859 2100 3912 in

524 3949 775 4016 praesenti
822 3959 876 4004 et
922 3949 974 4004 in
1015 3947 1318 4013 manifesto,
1367 3948 1492 4018 quia
1539 3947 1834 4017 audivimus
1867 3964 2000 4012 eam,
2048 3945 2100 4001 id

525 4048 629 4102 cst,
663 4039 842 4092 sedem
871 4037 954 4113 vel
984 4038 1303 4102 Ecclesiam,
1337 4053 1498 4108 quam
1536 4037 1686 4106 prius
1717 4037 1988 4107 prmdixit,
2024 4037 2100 4091 lo-

525 4143 670 4187 cum.
702 4128 757 4180 in
783 4125 1034 4196 Ephrata,
1067 4126 1118 4180 id
1150 4135 1251 4189 est,
1283 4127 1334 4180 in
1357 4125 1580 4184 Iudaico
1607 4127 1800 4197 populo
1829 4141 1988 4195 quem
2011 4125 2100 4180 hic

525 4217 893 4289 intelligimus,
922 4225 1032 4272 tum
1073 4233 1168 4287 per
1203 4217 1376 4274 locum
1417 4218 1505 4288 qui
1545 4228 1627 4274 est
1663 4220 1715 4273 in
1753 4217 1957 4280 Judtea,
1993 4217 2100 4273 alio

530 4307 747 4362 nomine
775 4309 976 4362 dictum
1015 4307 1322 4373 Bethleem,
1367 4318 1477 4363 tum
1505 4319 1724 4379 propter
1749 4307 1981 4363 nominis
2021 4308 2100 4362 in-

522 4396 983 4465 terpretationem.
1034 4396 1265 4466 Ephrata
1298 4397 1443 4450 enim
1495 4397 1876 4465 interpretatur
1918 4413 2099 4466 specu-

523 4486 652 4538 lum.
685 4485 836 4551 Quod
871 4487 1007 4541 bene
1035 4485 1234 4541 Jutltnis
1265 4487 1516 4550 convenit
1544 4486 1633 4556 qui
1669 4486 1767 4541 sub
1799 4487 1984 4541 umbra
2024 4487 2097 4544 le-

523 4576 605 4646 gis
631 4577 782 4645 quasi
817 4592 911 4646 per
945 4578 1216 4645 speculum
1258 4578 1308 4630 in
1347 4577 1629 4648 aenigmate
1665 4579 2098 4648 contemplabatu-

522 4677 612 4721 tur
639 4683 758 4736 qua:
789 4685 928 4723 nunc
970 4668 1104 4724 facie
1132 4671 1198 4724 ad
1230 4670 1420 4726 faciem
1450 4671 1699 4726 videntur
1723 4671 1775 4740 (I
1799 4669 1920 4727 Cor.
1952 4673 2094 4744 xm).

527 4759 592 4813 Et
620 4759 764 4827 quod
792 4759 1006 4824 dicitur,
1037 4760 1328 4821 audivimus
1353 4777 1466 4815 eam
1492 4761 1547 4816 in
1573 4760 1828 4830 Ephrata,
1855 4763 1929 4816 illi
1958 4763 2096 4831 parti

525 4847 841 4902 attribuitur
876 4863 1010 4916 quze
1041 4848 1130 4902 hic
1163 4864 1228 4903 ex
1267 4849 1514 4919 gentibus
1551 4848 1805 4917 loqultnr.
1855 4851 1919 4903 Et
1954 4851 2095 4918 quod

530 4939 792 5004 sequitur,
843 4938 1127 4991 invenimus
1175 4953 1291 4991 eum
1341 4938 1396 4990 in
1444 4938 1638 5006 eampis
1674 4935 1850 5001 Silvtv,
1899 4935 2098 5008 Iudaeis

527 5025 837 5102 ascribitnr.
867 5025 946 5080 Ac
969 5025 1014 5080 si
1041 5026 1222 5103 dicant
1245 5024 1413 5096 Judaei
1447 5042 1462 5079 ε
1500 5024 1610 5078 Nos
1643 5026 1929 5080 invenimus
1959 5043 2096 5090 eam,

527 5116 580 5170 id
607 5125 708 5179 est,
751 5117 1045 5172 Ecclesium
1083 5118 1244 5172 etiam
1281 5118 1335 5170 in
1372 5117 1566 5185 campis
1605 5115 1784 5180 sum,
1815 5118 1868 5171 id
1897 5127 2001 5181 est,
2041 5103 2095 5190 in

527 5205 612 5258 his
643 5205 732 5272 qui
770 5205 901 5259 silva
943 5207 1179 5268 fuerunt,
1217 5209 1309 5260 sed
1343 5205 1454 5275 jam
1495 5205 1619 5260 facti
1658 5215 1784 5261 sunt
1816 5207 2012 5276 campi,
2045 5208 2099 5264 id

526 5301 629 5358 est,
666 5294 949 5351 fructiferi.
991 5296 1146 5360 Eam,
1178 5312 1282 5350 non
1317 5305 1401 5351 est
1437 5296 1715 5352 relativum
1756 5301 1823 5352 ad
1865 5300 2099 5372 aliquam

529 5399 712 5439 vocem
737 5399 856 5452 quae
882 5386 934 5439 in
963 5385 1101 5439 libro
1123 5385 1194 5440 sit
1219 5385 1415 5454 posita,
1443 5383 1536 5439 sed
1561 5387 1627 5439 ad
1655 5387 2100 5456 signiﬁcationem

531 5472 632 5514 Ioni
680 5473 1005 5525 intrnihimus
1033 5473 1088 5527 in
1112 5465 1524 5527 tabernaculum.
1555 5473 1711 5530 Modo
1743 5485 2014 5544 exponunt
2046 5477 2100 5530 in

1657 5574 1703 5585 ευ-
1758 5574 1831 5590 Ain
1897 5574 2100 5590 ΑΑΕΙΣΑΑΔ

2121 3093 2169 3157 C

2204 510 2510 576 adorantes,
2545 511 2594 565 id
2625 520 2726 573 est,
2760 522 3074 569 venerantes
3098 528 3219 567 eum
3254 513 3309 565 in
3343 510 3482 574 loco,
3514 511 3572 563 id
3608 520 3712 566 est.
3738 511 3776 562 in

2202 617 2268 657 eo
2306 612 2449 658 statu
2496 605 2582 658 ubi
2625 614 2871 658 steterunt
2912 605 3063 673 pedes
3101 605 3232 674 ejus,
3281 604 3337 660 id
3379 613 3486 667 est,
3538 603 3774 671 apostoli.

2203 689 2545 762 Quasidicat.
2567 692 2621 747 in
2635 693 3010 753 conformitate
3024 693 3413 764 apostolorum,
3430 699 3491 745 ut
3503 691 3778 745 (inanimes

2201 781 2370 838 simus
2419 783 2710 852 voluntate,
2773 784 2824 840 in
2878 801 2982 854 qua
3033 786 3129 854 ipsi
3187 785 3418 838 ﬁrmiter
3467 795 3777 852 persevera-

2201 882 2392 927 Vcrunt
2421 874 2557 940 (Act.
2597 878 2678 946 tt).
2720 877 2783 930 Et
2821 878 2885 930 ad
2924 878 3026 932 hoc
3063 878 3425 939 adorabimus,
3463 877 3516 930 id
3557 885 3667 937 est,
3702 891 3778 941 [ﬁt

2201 963 2499 1020 orationem
2533 980 2629 1019 nos
2665 967 2716 1019 id
2749 967 2981 1022 facturos
3021 967 3404 1036 disposuimus.
3451 965 3656 1034 Surge,
3693 963 3775 1015 Dc-

2202 1055 2356 1109 mine.
2390 1053 2496 1109 Nos
2524 1056 2853 1127 disponimus
2883 1057 3104 1112 introire
3149 1057 3200 1110 in
3233 1055 3605 1124 apostolicam
3635 1056 3774 1107 vitam

2201 1156 2254 1200 et
2300 1148 2546 1201 adorare.
2602 1148 2665 1202 Et
2709 1157 2768 1202 ut
2811 1149 3076 1218 possimus
3125 1148 3370 1210 introire,
3430 1155 3491 1199 tu
3555 1146 3772 1204 Domine,

2201 1253 2383 1309 surge,
2413 1239 2462 1292 id
2489 1248 2592 1302 est,
2624 1247 2810 1308 potens
2836 1255 3032 1308 appare
3058 1239 3231 1292 eundo
3263 1240 3318 1291 in
3351 1239 3594 1306 requiem
3629 1249 3770 1290 tam.

2201 1325 2444 1384 faciemlo
2484 1344 2580 1383 nos
2612 1328 2764 1393 tales,
2810 1329 2862 1382 in
2892 1329 3082 1398 quibus
3115 1329 3430 1398 requiescas
3465 1335 3522 1381 et
3564 1326 3772 1380 delecta-

2201 1417 2362 1472 beris.
2404 1418 2470 1472 Et
2499 1428 2626 1477 tunc
2653 1427 2704 1474 le
2732 1428 3006 1494 surgente,
3035 1429 3216 1489 surgat
3243 1429 3290 1471 et
3328 1434 3464 1472 arca
3495 1416 3771 1483 sanctiﬁcse

2201 1509 2354 1563 tionis
2383 1519 2506 1573 tua',
2535 1509 2586 1564 id
2612 1518 2713 1574 est,
2741 1525 2838 1564 nos
2864 1510 2976 1582 qui,
3003 1509 3321 1564 sanctiﬁcati
3347 1515 3403 1562 et
3431 1506 3706 1577 puriﬁcati
3733 1507 3768 1558 is

2201 1599 2520 1670 baptismate
2559 1615 2744 1654 sumus
2775 1616 2900 1654 arca
2941 1609 3055 1659 tua,
3093 1606 3377 1668 portantes
3421 1597 3484 1652 in
3519 1597 3680 1651 nobis
3711 1605 3768 1648 ts.

2201 1693 2488 1758 bernaeula
2530 1701 2967 1752 teStamentorum
2989 1732 3004 1757 ,
3037 1691 3088 1746 id
3118 1700 3230 1755 est,
3271 1697 3560 1759 praecepta
3591 1686 3769 1740 Veteris

2200 1793 2254 1838 et
2281 1783 2412 1838 Novi
2445 1783 2804 1850 Testamenti,
2837 1791 2894 1838 et
2919 1797 3133 1846 manna,
3167 1779 3216 1834 id
3254 1788 3358 1842 est,
3394 1778 3686 1846 Christum
3709 1777 3764 1828 ei-

2199 1874 2324 1930 bum
2357 1873 2668 1945 angelorum
2697 1881 2753 1928 et
2780 1887 2972 1944 panem
2997 1871 3119 1926 vitae
3146 1879 3202 1926 et
3226 1868 3577 1930 intellectus,
3608 1877 3660 1919 et
3683 1867 3764 1917 viro

2198 1979 2319 2032 gam
2348 1962 2552 2026 Aaron,
2584 1961 2635 2016 id
2665 1969 2766 2026 est»,
2789 1960 3225 2030 gubernationem
3253 1966 3508 2013 nostram
3534 1956 3762 2024 ipsorum,

2201 2054 2254 2107 in
2286 2068 2389 2122 qua
2417 2052 2759 2107 dominamur
2799 2050 2996 2105 illicitis
3023 2048 3276 2103 motibus.
3324 2045 3656 2102 Sacerdotes
3694 2043 3763 2092 tri.

2199 2146 2353 2204 Modo
2379 2143 2598 2213 exponit
2626 2142 2895 2212 quomodo
2922 2148 3076 2196 orent
3119 2147 3176 2192 ut
3217 2145 3472 2208 surgant,
3520 2151 3647 2188 arca
3671 2150 3763 2184 m-

2200 2233 2550 2303 ctiﬁcationis,
2587 2232 2667 2287 sic
2707 2230 2932 2294 scilicet,
2969 2227 3213 2294 Domine,
3259 2237 3318 2278 ut
3369 2224 3680 2278 sacerdotes
3710 2223 3763 2271 tn‘

2198 2323 2486 2378 induantur
2507 2321 2796 2390 justitiam,
2827 2317 2880 2372 id
2909 2325 3011 2382 est,
3037 2331 3134 2370 nos
3153 2314 3246 2384 qui
3278 2328 3476 2367 sumus
3515 2311 3682 2381 regale
3703 2326 3762 2360 se-

2198 2413 2485 2468 cerdotium
2514 2411 2564 2481 (1
2599 2409 2739 2464 Petr.
2772 2409 2855 2476 ιι),
2890 2422 2986 2462 nos
3024 2407 3165 2476 ipsos
3193 2401 3552 2457 immolantes
3589 2399 3760 2453 inborn

2198 2503 2367 2568 simus
2392 2499 2720 2572 operatione.
2766 2495 2834 2562 Et
2862 2496 3028 2552 sancti
3054 2494 3128 2547 tui
3158 2491 3441 2552 exsultent,
3479 2490 3538 2542 id
3575 2498 3671 2549 est,
3692 2501 3759 2538 nos

2200 2593 2298 2663 ipsi
2327 2607 2422 2662 per
2450 2601 2499 2646 te.
2525 2588 2866 2652 sanctiﬁcati,
2893 2586 3179 2640 secundum
3211 2583 3513 2654 puritatem
3548 2582 3758 2634 innocen-

2201 2686 2286 2740 tize
2313 2685 2482 2738 simus
2507 2681 2858 2737 exsultantes.
2885 2675 3106 2745 Propter
3132 2673 3320 2728 David.
3358 2673 3425 2726 Et
3459 2673 3574 2725 hoc
3606 2669 3756 2723 nostris

2199 2776 2406 2832 meritis
2434 2790 2537 2830 non
2562 2787 2801 2837 oramus,
2845 2771 2934 2826 sed
2978 2768 3154 2838 potius
3184 2778 3396 2837 propter
3427 2764 3613 2819 David
3640 2776 3754 2832 que-

2198 2847 2470 2931 dilexisti,
2507 2865 2597 2934 qui
2638 2873 2720 2920 est
2757 2875 2944 2918 servus
2986 2869 3126 2922 tuus,
3166 2858 3259 2910 tibi
3301 2871 3404 2926 per
3439 2855 3633 2909 omnia
3667 2851 3755 2905 obe-

2196 2958 2350 3014 diens
2377 2977 2390 3012 :
2423 2965 2544 3027 post
2565 2956 2758 3011 bonam
2787 2952 3152 3024 operationem
3184 2958 3238 3010 et
3277 2947 3654 3001 innocentiam
3684 2959 3755 2994 seu

2198 3058 2398 3104 avertas
2438 3045 2624 3116 faciem
2667 3044 2846 3098 christi
2892 3042 3000 3112 tui,
3048 3041 3099 3093 id
3143 3048 3248 3101 est,
3291 3037 3695 3106 speciositatem
3719 3038 3756 3084 et

2199 3137 2675 3212 pulchritudinem,
2707 3135 2757 3190 id
2785 3142 2885 3197 est,
2932 3130 3366 3187 contormitatem
3400 3128 3525 3197 ejus
3553 3143 3584 3179 a
3617 3124 3754 3178 nobis.

2198 3233 2266 3290 Et
2293 3233 2395 3287 hoc
2424 3238 2643 3302 propter
2669 3229 2863 3297 ipsum,
2892 3225 3032 3280 sicut
3061 3222 3312 3292 superius
3340 3221 3505 3283 dixit,
3537 3216 3755 3272 Memento

2197 3321 2611 3380 mansuetudinis
2635 3320 2768 3390 ejus.
2789 3318 2987 3388 juravit
3010 3315 3263 3368 Dominus
3297 3312 3476 3366 David
3506 3312 3747 3365 ueritatem.

2197 3412 2361 3482 Quasi
2391 3411 2585 3482 aliquis
2607 3411 2809 3464 diceret
2836 3427 2848 3462 :
2879 3408 2991 3471 Qua
3022 3405 3216 3460 ﬁducia
3247 3404 3423 3457 audes
3449 3399 3747 3457 conformiu—

2201 3513 2306 3560 tem
2333 3503 2531 3557 Christi
2560 3499 2753 3555 orate?
2788 3498 2860 3553 Ea
2896 3497 3128 3560 scilicet,
3167 3495 3292 3566 quia
3341 3493 3603 3548 Dominus
3622 3487 3754 3541 Pater

2191 3593 2415 3662 juravit,
2444 3591 2494 3645 id
2522 3599 2624 3655 est,
2652 3588 2876 3645 ﬁrmiter
2898 3586 3158 3656 disposuit
3187 3583 3269 3636 vel
3301 3582 3562 3652 promisit
3600 3576 3754 3631 David.

2202 3684 2255 3739 id
2284 3691 2386 3746 est,
2415 3680 2640 3734 Domino
2666 3677 2794 3734 Jesu
2835 3677 3049 3733 Christo
3087 3675 3196 3729 ﬁlio
3225 3675 3368 3744 ejus,
3399 3673 3694 3728 veritatem.
3719 3666 3755 3718 id

2199 3781 2316 3838 est,
2356 3773 2468 3841 ipse
2507 3771 2680 3840 ipsum
2718 3768 2808 3840 qui
2834 3775 2917 3822 est
2947 3766 3177 3822 Veritas.
3211 3763 3278 3816 Et
3312 3779 3422 3816 non
3453 3758 3757 3842 frustrabitsr

2198 3879 2335 3927 eam,
2374 3860 2430 3919 id
2466 3868 2566 3923 est,
2605 3873 2712 3914 non
2751 3856 2979 3925 decipiet
3015 3869 3136 3908 eum
3170 3854 3222 3906 in
3250 3852 3356 3906 hac
3384 3849 3753 3921 promissione:

2198 3953 2266 4010 Et
2301 3950 2427 4020 quid
2462 3948 2699 4018 juravit?
2743 3946 2819 4000 De
2847 3946 3021 4015 fructu
3057 3943 3245 3998 ventris
3282 3943 3362 3995 tui
3405 3957 3606 4012 ponam
3640 3951 3756 4000 super

2197 4041 2369 4097 sedem
2405 4049 2572 4104 tuam,
2603 4038 2654 4092 id
2681 4045 2786 4108 est,
2815 4036 3096 4106 quosdam,
3125 4048 3192 4088 ex
3221 4033 3306 4086 his
3335 4048 3482 4102 quos
3507 4025 3755 4101 generalis

2201 4134 2254 4189 in
2285 4133 2408 4198 ﬁde,
2441 4132 2634 4188 faciam
2677 4132 2862 4186 eadem
2907 4130 3234 4185 beatitudine
3271 4125 3696 4182 immortalitatis
3717 4130 3752 4172 et

2200 4222 2644 4294 impassibilitatis
2680 4223 2733 4276 in
2767 4235 2930 4291 regno
2960 4229 3048 4274 tuo
3077 4231 3251 4274 tecum
3284 4218 3520 4288 perfrui.
3555 4217 3662 4270 iloc
3683 4213 3752 4266 Da-

2201 4315 2290 4369 vid
2318 4295 2640 4383 promissum
2661 4320 2746 4367 est
2767 4313 2832 4366 de
2853 4311 3064 4366 Christo
3093 4309 3391 4365 secundum
3417 4323 3658 4367 carnem,
3681 4304 3752 4357 hoc

2201 4403 2417 4461 Christo
2443 4404 2507 4459 de
2536 4402 2776 4458 ﬁdelibus
2799 4404 3088 4458 secundum
3117 4401 3390 4472 spiritum.
3439 4399 3505 4454 Si
3528 4395 3750 4451 custodis.

2202 4492 2304 4547 rint
2336 4491 2457 4561 ﬁlii.
2489 4491 2637 4546 Tunc
2674 4491 2878 4547 scilicet
2918 4489 3009 4544 ﬁlii
3041 4489 3115 4542 tui
3142 4488 3396 4542 sedebant
3433 4504 3597 4556 super
3617 4484 3750 4539 sedc!!!

2200 4589 2375 4646 tuam,
2407 4581 2453 4635 si
2479 4579 2818 4634 custodierint
2843 4586 3200 4632 testamentum
3228 4593 3424 4639 meum,
3465 4577 3518 4629 id
3548 4587 3658 4636 est,
3683 4586 3750 4641 pa.

2200 4678 2346 4727 ctum
2375 4670 2426 4724 in
2460 4669 2725 4740 baptismo
2756 4667 2882 4722 mihi
2919 4667 3262 4752 pro.missum,
3301 4673 3351 4717 et
3379 4664 3688 4724 testimonio,
3715 4657 3749 4711 id

2198 4767 2315 4824 est,
2355 4768 2616 4829 praecepta
2655 4775 2789 4819 mea,
2832 4759 2942 4812 lucc
2972 4750 3175 4813 scilicet
3202 4772 3320 4822 qua:
3355 4757 3555 4809 docebo
3589 4770 3687 4814 eas,
3715 4750 3746 4800 ἱιΙ

2203 4857 2307 4913 est,
2334 4863 2454 4918 quae
2481 4863 2580 4918 ego
2611 4847 2880 4918 injnngam
2921 4848 3018 4902 eis.
3057 4847 3122 4901 Et
3163 4861 3266 4901 non
3312 4855 3530 4900 tantum
3563 4845 3656 4912 [itii
3677 4842 3746 4900 tsi.

2204 4939 2256 5005 id
2294 4947 2405 5005 est,
2445 4938 2668 5008 apostoli
2711 4947 2765 4992 et
2808 4937 2987 4992 czeteri
3025 4936 3306 5008 pritnitivi,
3346 4936 3444 4990 sed
3486 4937 3645 4990 etiam
3678 4929 3750 4994 ﬁlii
3816 4978 3823 5008 7.

2201 5044 2397 5102 eorum,
2427 5027 2479 5083 id
2506 5036 2608 5091 est,
2639 5027 2935 5082 imitatores
2959 5042 3144 5081 eorum
3173 5026 3425 5080 sedebant
3455 5043 3616 5093 super
3639 5039 3748 5077 ess:-

2203 5117 2320 5170 dem
2363 5117 2534 5172 sedem
2575 5133 2734 5186 usque
2777 5118 2831 5169 in
2881 5115 3152 5180 sarculum,
3199 5115 3250 5168 id
3289 5124 3396 5176 est.
3432 5113 3744 5169 mternaliter.

2203 5205 2394 5260 Aliter.
2437 5204 2708 5272 Quosdam
2755 5220 2820 5258 ex
2865 5203 3198 5276 regeneratis
3229 5203 3321 5273 qui
3360 5212 3528 5258 erunt
3569 5203 3662 5269 ﬁlii
3690 5211 3743 5248 nu

2205 5292 2398 5349 faciam
2430 5309 2600 5365 reges,
2631 5295 2681 5348 id
2706 5303 2810 5360 est,
2846 5295 3050 5364 seipsos
3078 5302 3133 5348 et
3169 5292 3304 5346 alios
3333 5301 3602 5361 regentes.
3635 5290 3690 5344 Et
3711 5289 3742 5337 sl

2206 5385 2668 5451 perseveraverint
2724 5384 2776 5436 in
2834 5383 3114 5452 prmoeptis
3167 5381 3300 5436 meis
3352 5380 3602 5450 ﬁliosque
3647 5389 3742 5430 suos

2206 5489 2553 5543 perseverare
2583 5474 2828 5537 fecerint,
2873 5474 2970 5542 ipsi
3005 5484 3061 5529 et
3085 5471 3176 5526 ﬁlii
3209 5487 3396 5526 eorum
3429 5471 3520 5524 hic
3547 5479 3598 5523 et
3620 5477 3744 5524 :etcr:

3537 5573 3652 5585 ...σε

2206 5564 2400 5590 nalis..-
2426 5563 2667 5590 --J-L....o
2707 5581 2856 5590 -.η-ρ..
2899 5566 3062 5590 -..ΔΑΨ
3110 5575 3204 5590 ρ-.-.,
