  <div class='ocr_page' id='page_1' title='image "/cluster/home/n/w/nwhite01/storage/ocr_20150623/131/hvd.32044015471725/400.png"; bbox 0 0 3868 5604; ppageno 0'>
   <div class='ocr_carea' id='block_1_1' title="bbox 144 230 291 288">
    <p class='ocr_par' dir='ltr' id='par_1_1' title="bbox 144 230 291 288">
     <span class='ocr_line' id='line_1_1' title="bbox 144 230 291 288; baseline -0.048 1"><span class='ocrx_word' id='word_1_1' title='bbox 144 230 291 288; x_wconf 65' lang='lat'><strong>789-,</strong></span> 
     </span>
    </p>
   </div>
   <div class='ocr_carea' id='block_1_2' title="bbox 1286 231 2287 292">
    <p class='ocr_par' dir='ltr' id='par_1_2' title="bbox 1286 231 2287 292">
     <span class='ocr_line' id='line_1_2' title="bbox 1286 231 2287 292; baseline -0.001 -1"><span class='ocrx_word' id='word_1_2' title='bbox 1286 231 1813 291; x_wconf 75' lang='lat' dir='ltr'><strong>ENARRATIONES</strong></span> <span class='ocrx_word' id='word_1_3' title='bbox 1853 234 1917 288; x_wconf 82' lang='lat' dir='ltr'><strong>IN</strong></span> <span class='ocrx_word' id='word_1_4' title='bbox 1959 236 2287 292; x_wconf 77' lang='lat' dir='ltr'><strong>PSALMOS.</strong></span> 
     </span>
    </p>
   </div>
   <div class='ocr_carea' id='block_1_3' title="bbox 3328 236 3427 293">
    <p class='ocr_par' dir='ltr' id='par_1_3' title="bbox 3328 236 3427 293">
     <span class='ocr_line' id='line_1_3' title="bbox 3328 236 3427 293; baseline 0 -2"><span class='ocrx_word' id='word_1_5' title='bbox 3328 236 3427 293; x_wconf 82' lang='lat'><strong>790</strong></span> 
     </span>
    </p>
   </div>
   <div class='ocr_carea' id='block_1_4' title="bbox 136 341 3427 417">
    <p class='ocr_par' dir='ltr' id='par_1_4' title="bbox 136 341 3427 417">
     <span class='ocr_line' id='line_1_4' title="bbox 136 341 3427 417; baseline 0.002 -22"><span class='ocrx_word' id='word_1_6' title='bbox 136 343 344 398; x_wconf 79' lang='lat' dir='ltr'><strong>minus</strong></span> <span class='ocrx_word' id='word_1_7' title='bbox 375 342 521 399; x_wconf 88' lang='lat' dir='ltr'><strong>Sion.</strong></span> <span class='ocrx_word' id='word_1_8' title='bbox 559 343 696 400; x_wconf 80' lang='lat' dir='ltr'><strong>Vere</strong></span> <span class='ocrx_word' id='word_1_9' title='bbox 732 346 1066 417; x_wconf 85' lang='lat' dir='ltr'><strong>regnabuut,</strong></span> <span class='ocrx_word' id='word_1_10' title='bbox 1108 345 1361 415; x_wconf 86' lang='lat' dir='ltr'><strong>quoniam</strong></span> <span class='ocrx_word' id='word_1_11' title='bbox 1402 344 1654 398; x_wconf 80' lang='lat' dir='ltr'><strong><em>Dominus</em></strong></span> <span class='ocrx_word' id='word_1_12' title='bbox 1684 341 1751 396; x_wconf 89' lang='lat' dir='ltr'><strong>ad</strong></span> <span class='ocrx_word' id='word_1_13' title='bbox 1778 348 1823 402; x_wconf 76' lang='grc' dir='ltr'><strong>Α</strong></span> <span class='ocrx_word' id='word_1_14' title='bbox 1860 363 1877 395; x_wconf 73' lang='grc' dir='ltr'><strong>ι</strong></span> <span class='ocrx_word' id='word_1_15' title='bbox 1927 344 2122 401; x_wconf 78' lang='lat' dir='ltr'><strong>fratres</strong></span> <span class='ocrx_word' id='word_1_16' title='bbox 2149 345 2203 400; x_wconf 94' lang='lat' dir='ltr'><strong>in</strong></span> <span class='ocrx_word' id='word_1_17' title='bbox 2230 359 2416 399; x_wconf 91' lang='lat' dir='ltr'><strong>unum.</strong></span> <span class='ocrx_word' id='word_1_18' title='bbox 2440 344 2591 400; x_wconf 89' lang='lat' dir='ltr'><strong>Sicut</strong></span> <span class='ocrx_word' id='word_1_19' title='bbox 2618 353 2947 415; x_wconf 78' lang='lat' dir='ltr'><strong>unguentum</strong></span> <span class='ocrx_word' id='word_1_20' title='bbox 2976 345 3029 400; x_wconf 93' lang='lat' dir='ltr'><strong>in</strong></span> <span class='ocrx_word' id='word_1_21' title='bbox 3061 345 3256 415; x_wconf 86' lang='lat' dir='ltr'><strong>capite,</strong></span> <span class='ocrx_word' id='word_1_22' title='bbox 3284 349 3427 416; x_wconf 77' lang='lat' dir='ltr'><strong>quod</strong></span> 
     </span>
    </p>
   </div>
   <div class='ocr_carea' id='block_1_5' title="bbox 134 433 1749 507">
    <p class='ocr_par' dir='ltr' id='par_1_5' title="bbox 134 433 1749 507">
     <span class='ocr_line' id='line_1_5' title="bbox 134 433 1749 507; baseline -0.002 -17"><span class='ocrx_word' id='word_1_23' title='bbox 134 433 269 491; x_wconf 86' lang='lat' dir='ltr'><strong>hoc</strong></span> <span class='ocrx_word' id='word_1_24' title='bbox 316 434 464 503; x_wconf 78' lang='lat' dir='ltr'><strong>elegit</strong></span> <span class='ocrx_word' id='word_1_25' title='bbox 500 435 631 491; x_wconf 96' lang='lat' dir='ltr'><strong>Sion</strong></span> <span class='ocrx_word' id='word_1_26' title='bbox 667 451 787 506; x_wconf 66' lang='lat' dir='ltr'><strong>quae</strong></span> <span class='ocrx_word' id='word_1_27' title='bbox 829 437 1125 507; x_wconf 82' lang='lat' dir='ltr'><strong>speculatio</strong></span> <span class='ocrx_word' id='word_1_28' title='bbox 1161 437 1377 501; x_wconf 87' lang='lat' dir='ltr'><strong>dicitur,</strong></span> <span class='ocrx_word' id='word_1_29' title='bbox 1424 436 1475 490; x_wconf 92' lang='lat' dir='ltr'><strong>id</strong></span> <span class='ocrx_word' id='word_1_30' title='bbox 1505 444 1611 500; x_wconf 89' lang='lat' dir='ltr'><strong>est,</strong></span> <span class='ocrx_word' id='word_1_31' title='bbox 1649 434 1749 488; x_wconf 81' lang='lat' dir='ltr'><strong>Ec—</strong></span> 
     </span>
    </p>
   </div>
   <div class='ocr_carea' id='block_1_6' title="bbox 133 523 1749 596">
    <p class='ocr_par' dir='ltr' id='par_1_6' title="bbox 133 523 1749 596">
     <span class='ocr_line' id='line_1_6' title="bbox 133 523 1749 596; baseline -0.001 -15"><span class='ocrx_word' id='word_1_32' title='bbox 133 524 389 581; x_wconf 81' lang='lat' dir='ltr'><strong>clesiam</strong></span> <span class='ocrx_word' id='word_1_33' title='bbox 426 542 543 595; x_wconf 72' lang='lat' dir='ltr'><strong>qua:</strong></span> <span class='ocrx_word' id='word_1_34' title='bbox 579 528 888 596; x_wconf 86' lang='lat' dir='ltr'><strong>speculatur</strong></span> <span class='ocrx_word' id='word_1_35' title='bbox 924 526 1104 582; x_wconf 81' lang='lat' dir='ltr'><strong>futura</strong></span> <span class='ocrx_word' id='word_1_36' title='bbox 1142 526 1311 595; x_wconf 83' lang='lat' dir='ltr'><strong>gratis</strong></span> <span class='ocrx_word' id='word_1_37' title='bbox 1348 526 1463 581; x_wconf 91' lang='lat' dir='ltr'><strong>sine</strong></span> <span class='ocrx_word' id='word_1_38' title='bbox 1499 523 1749 580; x_wconf 89' lang='lat' dir='ltr'><strong>omnibus</strong></span> 
     </span>
    </p>
   </div>
   <div class='ocr_carea' id='block_1_7' title="bbox 134 616 1751 689">
    <p class='ocr_par' dir='ltr' id='par_1_7' title="bbox 134 616 1751 689">
     <span class='ocr_line' id='line_1_7' title="bbox 134 616 1751 689; baseline -0.001 -19"><span class='ocrx_word' id='word_1_39' title='bbox 134 618 380 674; x_wconf 89' lang='lat' dir='ltr'><strong>meritis</strong></span> <span class='ocrx_word' id='word_1_40' title='bbox 418 619 840 688; x_wconf 59' lang='lat' dir='ltr'><strong>praecedentibus</strong></span> <span class='ocrx_word' id='word_1_41' title='bbox 878 619 1169 689; x_wconf 87' lang='lat' dir='ltr'><strong>assumpsit</strong></span> <span class='ocrx_word' id='word_1_42' title='bbox 1208 619 1275 672; x_wconf 91' lang='lat' dir='ltr'><strong>de</strong></span> <span class='ocrx_word' id='word_1_43' title='bbox 1309 632 1484 673; x_wconf 84' lang='lat' dir='ltr'><strong>massa</strong></span> <span class='ocrx_word' id='word_1_44' title='bbox 1516 616 1751 687; x_wconf 77' lang='lat' dir='ltr'><strong>perdito-</strong></span> 
     </span>
    </p>
   </div>
   <div class='ocr_carea' id='block_1_8' title="bbox 134 706 1749 780">
    <p class='ocr_par' dir='ltr' id='par_1_8' title="bbox 134 706 1749 780">
     <span class='ocr_line' id='line_1_8' title="bbox 134 706 1749 780; baseline -0.002 -18"><span class='ocrx_word' id='word_1_45' title='bbox 134 722 322 774; x_wconf 55' lang='lat' dir='ltr'><strong>rum;</strong></span> <span class='ocrx_word' id='word_1_46' title='bbox 352 710 500 780; x_wconf 81' lang='lat' dir='ltr'><strong>elegit</strong></span> <span class='ocrx_word' id='word_1_47' title='bbox 529 710 745 780; x_wconf 86' lang='lat' dir='ltr'><strong>quidem</strong></span> <span class='ocrx_word' id='word_1_48' title='bbox 776 726 891 764; x_wconf 89' lang='lat' dir='ltr'><strong>eam</strong></span> <span class='ocrx_word' id='word_1_49' title='bbox 929 712 984 765; x_wconf 88' lang='lat' dir='ltr'><strong>in</strong></span> <span class='ocrx_word' id='word_1_50' title='bbox 1018 709 1387 763; x_wconf 74' lang='lat' dir='ltr'><strong>habitationem</strong></span> <span class='ocrx_word' id='word_1_51' title='bbox 1415 707 1533 770; x_wconf 91' lang='lat' dir='ltr'><strong>sibi,</strong></span> <span class='ocrx_word' id='word_1_52' title='bbox 1564 706 1616 761; x_wconf 91' lang='lat' dir='ltr'><strong>id</strong></span> <span class='ocrx_word' id='word_1_53' title='bbox 1643 714 1749 779; x_wconf 86' lang='lat' dir='ltr'><strong>est,</strong></span> 
     </span>
    </p>
   </div>
   <div class='ocr_carea' id='block_1_9' title="bbox 133 798 1749 869">
    <p class='ocr_par' dir='ltr' id='par_1_9' title="bbox 133 798 1749 869">
     <span class='ocr_line' id='line_1_9' title="bbox 133 798 1749 869; baseline -0.002 -15"><span class='ocrx_word' id='word_1_54' title='bbox 133 814 329 869; x_wconf 87' lang='lat' dir='ltr'><strong>quam</strong></span> <span class='ocrx_word' id='word_1_55' title='bbox 356 800 679 856; x_wconf 85' lang='lat' dir='ltr'><strong>inhabitaret</strong></span> <span class='ocrx_word' id='word_1_56' title='bbox 709 809 764 856; x_wconf 90' lang='lat' dir='ltr'><strong>et</strong></span> <span class='ocrx_word' id='word_1_57' title='bbox 787 802 990 857; x_wconf 81' lang='lat' dir='ltr'><strong>coleret</strong></span> <span class='ocrx_word' id='word_1_58' title='bbox 1027 801 1317 854; x_wconf 90' lang='lat' dir='ltr'><strong>secundum</strong></span> <span class='ocrx_word' id='word_1_59' title='bbox 1358 798 1749 867; x_wconf 88' lang='lat' dir='ltr'><strong>promotionem</strong></span> 
     </span>
    </p>
   </div>
   <div class='ocr_carea' id='block_1_10' title="bbox 134 887 1749 960">
    <p class='ocr_par' dir='ltr' id='par_1_10' title="bbox 134 887 1749 960">
     <span class='ocr_line' id='line_1_10' title="bbox 134 887 1749 960; baseline 0.001 -23"><span class='ocrx_word' id='word_1_60' title='bbox 134 889 447 953; x_wconf 70' lang='lat' dir='ltr'><strong>Virtutum,</strong></span> <span class='ocrx_word' id='word_1_61' title='bbox 489 890 559 943; x_wconf 90' lang='lat' dir='ltr'><strong>ita</strong></span> <span class='ocrx_word' id='word_1_62' title='bbox 590 890 777 946; x_wconf 87' lang='lat' dir='ltr'><strong>dicens</strong></span> <span class='ocrx_word' id='word_1_63' title='bbox 807 905 822 944; x_wconf 89' lang='lat'><strong>:</strong></span> <span class='ocrx_word' id='word_1_64' title='bbox 858 889 986 945; x_wconf 75' lang='lat' dir='ltr'><strong>Ilwc</strong></span> <span class='ocrx_word' id='word_1_65' title='bbox 1017 890 1213 960; x_wconf 89' lang='lat' dir='ltr'><strong>requies</strong></span> <span class='ocrx_word' id='word_1_66' title='bbox 1242 906 1378 953; x_wconf 89' lang='lat' dir='ltr'><strong>mea,</strong></span> <span class='ocrx_word' id='word_1_67' title='bbox 1421 889 1471 942; x_wconf 92' lang='lat' dir='ltr'><strong>id</strong></span> <span class='ocrx_word' id='word_1_68' title='bbox 1502 896 1604 952; x_wconf 96' lang='grc' dir='ltr'><em>εει,</em></span> <span class='ocrx_word' id='word_1_69' title='bbox 1638 887 1749 940; x_wconf 78' lang='lat' dir='ltr'><strong>Iure</strong></span> 
     </span>
    </p>
   </div>
   <div class='ocr_carea' id='block_1_11' title="bbox 137 978 1749 1050">
    <p class='ocr_par' dir='ltr' id='par_1_11' title="bbox 137 978 1749 1050">
     <span class='ocr_line' id='line_1_11' title="bbox 137 978 1749 1050; baseline -0.001 -17"><span class='ocrx_word' id='word_1_70' title='bbox 137 978 293 1033; x_wconf 76' lang='lat' dir='ltr'><strong>Sion</strong></span> <span class='ocrx_word' id='word_1_71' title='bbox 336 982 439 1034; x_wconf 89' lang='lat' dir='ltr'><strong>erit</strong></span> <span class='ocrx_word' id='word_1_72' title='bbox 480 983 679 1050; x_wconf 83' lang='lat' dir='ltr'><strong>requies</strong></span> <span class='ocrx_word' id='word_1_73' title='bbox 721 998 855 1045; x_wconf 88' lang='lat' dir='ltr'><strong>mea,</strong></span> <span class='ocrx_word' id='word_1_74' title='bbox 889 982 991 1036; x_wconf 90' lang='lat' dir='ltr'><strong>hoc</strong></span> <span class='ocrx_word' id='word_1_75' title='bbox 1030 991 1132 1044; x_wconf 89' lang='lat' dir='ltr'><strong>est,</strong></span> <span class='ocrx_word' id='word_1_76' title='bbox 1164 981 1322 1035; x_wconf 81' lang='lat' dir='ltr'><strong>talem</strong></span> <span class='ocrx_word' id='word_1_77' title='bbox 1364 979 1507 1034; x_wconf 87' lang='lat' dir='ltr'><strong>illam</strong></span> <span class='ocrx_word' id='word_1_78' title='bbox 1546 978 1749 1033; x_wconf 83' lang='lat' dir='ltr'><strong>consti-</strong></span> 
     </span>
    </p>
   </div>
   <div class='ocr_carea' id='block_1_12' title="bbox 137 1069 1748 1139">
    <p class='ocr_par' dir='ltr' id='par_1_12' title="bbox 137 1069 1748 1139">
     <span class='ocr_line' id='line_1_12' title="bbox 137 1069 1748 1139; baseline 0.002 -21"><span class='ocrx_word' id='word_1_79' title='bbox 137 1079 335 1132; x_wconf 84' lang='lat' dir='ltr'><strong>tuam,</strong></span> <span class='ocrx_word' id='word_1_80' title='bbox 371 1078 424 1121; x_wconf 91' lang='lat' dir='ltr'><strong>ut</strong></span> <span class='ocrx_word' id='word_1_81' title='bbox 457 1070 507 1122; x_wconf 92' lang='lat' dir='ltr'><strong>in</strong></span> <span class='ocrx_word' id='word_1_82' title='bbox 540 1085 602 1123; x_wconf 89' lang='lat' dir='ltr'><strong>ea</strong></span> <span class='ocrx_word' id='word_1_83' title='bbox 640 1069 875 1125; x_wconf 90' lang='lat' dir='ltr'><strong>delecter</strong></span> <span class='ocrx_word' id='word_1_84' title='bbox 901 1081 956 1125; x_wconf 92' lang='lat' dir='ltr'><strong>et</strong></span> <span class='ocrx_word' id='word_1_85' title='bbox 997 1071 1355 1139; x_wconf 87' lang='lat' dir='ltr'><strong>requiescam,</strong></span> <span class='ocrx_word' id='word_1_86' title='bbox 1396 1085 1500 1123; x_wconf 91' lang='lat' dir='ltr'><strong>non</strong></span> <span class='ocrx_word' id='word_1_87' title='bbox 1541 1077 1748 1122; x_wconf 86' lang='lat' dir='ltr'><strong>tantum</strong></span> 
     </span>
    </p>
   </div>
   <div class='ocr_carea' id='block_1_13' title="bbox 135 1159 1748 1226">
    <p class='ocr_par' dir='ltr' id='par_1_13' title="bbox 135 1159 1748 1226">
     <span class='ocr_line' id='line_1_13' title="bbox 135 1159 1748 1226; baseline 0.004 -18"><span class='ocrx_word' id='word_1_88' title='bbox 135 1160 264 1218; x_wconf 84' lang='lat' dir='ltr'><strong>hic,</strong></span> <span class='ocrx_word' id='word_1_89' title='bbox 306 1162 397 1213; x_wconf 77' lang='lat' dir='ltr'><strong>sed</strong></span> <span class='ocrx_word' id='word_1_90' title='bbox 438 1162 491 1212; x_wconf 89' lang='lat' dir='ltr'><strong>in</strong></span> <span class='ocrx_word' id='word_1_91' title='bbox 531 1160 779 1214; x_wconf 71' lang='lat' dir='ltr'><strong>sa&#39;culum</strong></span> <span class='ocrx_word' id='word_1_92' title='bbox 816 1161 1014 1215; x_wconf 70' lang='lat' dir='ltr'><strong>surculi.</strong></span> <span class='ocrx_word' id='word_1_93' title='bbox 1045 1161 1167 1226; x_wconf 78' lang='lat' dir='ltr'><strong>llic,</strong></span> <span class='ocrx_word' id='word_1_94' title='bbox 1206 1162 1255 1215; x_wconf 88' lang='lat' dir='ltr'><strong>id</strong></span> <span class='ocrx_word' id='word_1_95' title='bbox 1282 1170 1385 1226; x_wconf 88' lang='lat' dir='ltr'><strong>est,</strong></span> <span class='ocrx_word' id='word_1_96' title='bbox 1418 1162 1471 1215; x_wconf 91' lang='lat' dir='ltr'><strong>in</strong></span> <span class='ocrx_word' id='word_1_97' title='bbox 1500 1160 1587 1215; x_wconf 87' lang='lat' dir='ltr'><strong>illa</strong></span> <span class='ocrx_word' id='word_1_98' title='bbox 1616 1159 1748 1215; x_wconf 82' lang='lat' dir='ltr'><strong>Sion</strong></span> 
     </span>
    </p>
   </div>
   <div class='ocr_carea' id='block_1_14' title="bbox 136 1249 1769 1321">
    <p class='ocr_par' dir='ltr' id='par_1_14' title="bbox 136 1249 1769 1321">
     <span class='ocr_line' id='line_1_14' title="bbox 136 1249 1769 1321; baseline 0.006 -21"><span class='ocrx_word' id='word_1_99' title='bbox 136 1250 429 1315; x_wconf 84' lang='lat' dir='ltr'><strong>habitabo,</strong></span> <span class='ocrx_word' id='word_1_100' title='bbox 463 1260 518 1304; x_wconf 92' lang='lat' dir='ltr'><strong>et</strong></span> <span class='ocrx_word' id='word_1_101' title='bbox 545 1252 631 1317; x_wconf 80' lang='lat' dir='ltr'><strong>hic</strong></span> <span class='ocrx_word' id='word_1_102' title='bbox 656 1260 709 1306; x_wconf 92' lang='lat' dir='ltr'><strong>et</strong></span> <span class='ocrx_word' id='word_1_103' title='bbox 745 1253 797 1305; x_wconf 87' lang='lat' dir='ltr'><strong>in</strong></span> <span class='ocrx_word' id='word_1_104' title='bbox 830 1251 1031 1306; x_wconf 81' lang='lat' dir='ltr'><strong>futuro.</strong></span> <span class='ocrx_word' id='word_1_105' title='bbox 1067 1250 1327 1318; x_wconf 80' lang='lat' dir='ltr'><strong>Quoniam</strong></span> <span class='ocrx_word' id='word_1_106' title='bbox 1355 1250 1485 1321; x_wconf 85' lang='lat' dir='ltr'><strong>elegi</strong></span> <span class='ocrx_word' id='word_1_107' title='bbox 1524 1266 1638 1305; x_wconf 87' lang='lat' dir='ltr'><strong>eam</strong></span> <span class='ocrx_word' id='word_1_108' title='bbox 1680 1249 1769 1309; x_wconf 87' lang='lat' dir='ltr'><strong>ad</strong></span> 
     </span>
    </p>
   </div>
   <div class='ocr_carea' id='block_1_15' title="bbox 140 1339 1745 1411">
    <p class='ocr_par' dir='ltr' id='par_1_15' title="bbox 140 1339 1745 1411">
     <span class='ocr_line' id='line_1_15' title="bbox 140 1339 1745 1411; baseline -0.002 -16"><span class='ocrx_word' id='word_1_109' title='bbox 140 1339 289 1403; x_wconf 78' lang='lat' dir='ltr'><strong>hoc,</strong></span> <span class='ocrx_word' id='word_1_110' title='bbox 334 1351 391 1394; x_wconf 92' lang='lat' dir='ltr'><strong>ut</strong></span> <span class='ocrx_word' id='word_1_111' title='bbox 436 1340 728 1397; x_wconf 89' lang='lat' dir='ltr'><strong>iuhahitem</strong></span> <span class='ocrx_word' id='word_1_112' title='bbox 758 1342 808 1396; x_wconf 93' lang='lat' dir='ltr'><strong>in</strong></span> <span class='ocrx_word' id='word_1_113' title='bbox 839 1357 922 1397; x_wconf 88' lang='lat' dir='ltr'><strong>ea.</strong></span> <span class='ocrx_word' id='word_1_114' title='bbox 960 1341 1185 1396; x_wconf 81' lang='lat' dir='ltr'><strong>Viduam</strong></span> <span class='ocrx_word' id='word_1_115' title='bbox 1215 1341 1349 1411; x_wconf 89' lang='lat' dir='ltr'><strong>ejus.</strong></span> <span class='ocrx_word' id='word_1_116' title='bbox 1390 1340 1591 1394; x_wconf 82' lang='lat' dir='ltr'><strong>Probat</strong></span> <span class='ocrx_word' id='word_1_117' title='bbox 1622 1339 1745 1402; x_wconf 91' lang='lat' dir='ltr'><strong>hoc,</strong></span> 
     </span>
    </p>
   </div>
   <div class='ocr_carea' id='block_1_16' title="bbox 138 1428 1748 1501">
    <p class='ocr_par' dir='ltr' id='par_1_16' title="bbox 138 1428 1748 1501">
     <span class='ocr_line' id='line_1_16' title="bbox 138 1428 1748 1501; baseline 0.002 -22"><span class='ocrx_word' id='word_1_118' title='bbox 138 1431 306 1495; x_wconf 82' lang='lat' dir='ltr'><strong>quod</strong></span> <span class='ocrx_word' id='word_1_119' title='bbox 334 1430 497 1495; x_wconf 87' lang='lat' dir='ltr'><strong>dixit,</strong></span> <span class='ocrx_word' id='word_1_120' title='bbox 539 1432 622 1485; x_wconf 83' lang='lat' dir='ltr'><strong>hic</strong></span> <span class='ocrx_word' id='word_1_121' title='bbox 660 1432 924 1497; x_wconf 82' lang='lat' dir='ltr'><strong>habitabo,</strong></span> <span class='ocrx_word' id='word_1_122' title='bbox 960 1432 1032 1486; x_wconf 89' lang='lat' dir='ltr'><strong>ita</strong></span> <span class='ocrx_word' id='word_1_123' title='bbox 1066 1449 1079 1485; x_wconf 90' lang='lat'>:</span> <span class='ocrx_word' id='word_1_124' title='bbox 1120 1430 1346 1483; x_wconf 85' lang='lat' dir='ltr'><strong>Viduam</strong></span> <span class='ocrx_word' id='word_1_125' title='bbox 1372 1431 1509 1501; x_wconf 86' lang='lat' dir='ltr'><strong>ejus,</strong></span> <span class='ocrx_word' id='word_1_126' title='bbox 1540 1428 1748 1483; x_wconf 85' lang='lat' dir='ltr'><strong>scilicet</strong></span> 
     </span>
    </p>
   </div>
   <div class='ocr_carea' id='block_1_17' title="bbox 142 1516 1747 1590">
    <p class='ocr_par' dir='ltr' id='par_1_17' title="bbox 142 1516 1747 1590">
     <span class='ocr_line' id='line_1_17' title="bbox 142 1516 1747 1590; baseline 0.001 -19"><span class='ocrx_word' id='word_1_127' title='bbox 142 1516 316 1585; x_wconf 79' lang='lat' dir='ltr'><strong>Sion,</strong></span> <span class='ocrx_word' id='word_1_128' title='bbox 362 1520 414 1579; x_wconf 88' lang='lat' dir='ltr'><strong>id</strong></span> <span class='ocrx_word' id='word_1_129' title='bbox 451 1526 553 1586; x_wconf 92' lang='lat' dir='ltr'><strong>est,</strong></span> <span class='ocrx_word' id='word_1_130' title='bbox 593 1520 687 1590; x_wconf 87' lang='lat' dir='ltr'><strong>qui</strong></span> <span class='ocrx_word' id='word_1_131' title='bbox 727 1522 780 1574; x_wconf 90' lang='lat' dir='ltr'><strong>in</strong></span> <span class='ocrx_word' id='word_1_132' title='bbox 820 1536 883 1576; x_wconf 90' lang='lat' dir='ltr'><strong>ea</strong></span> <span class='ocrx_word' id='word_1_133' title='bbox 920 1520 1147 1575; x_wconf 89' lang='lat' dir='ltr'><strong>desolati</strong></span> <span class='ocrx_word' id='word_1_134' title='bbox 1187 1530 1314 1575; x_wconf 88' lang='lat' dir='ltr'><strong>sunt</strong></span> <span class='ocrx_word' id='word_1_135' title='bbox 1351 1520 1627 1589; x_wconf 79' lang='lat' dir='ltr'><strong>temporali</strong></span> <span class='ocrx_word' id='word_1_136' title='bbox 1659 1520 1747 1590; x_wconf 76' lang='lat' dir='ltr'><strong>ju—</strong></span> 
     </span>
    </p>
   </div>
   <div class='ocr_carea' id='block_1_18' title="bbox 141 1610 1741 1676">
    <p class='ocr_par' dir='ltr' id='par_1_18' title="bbox 141 1610 1741 1676">
     <span class='ocr_line' id='line_1_18' title="bbox 141 1610 1741 1676; baseline 0.003 -14"><span class='ocrx_word' id='word_1_137' title='bbox 141 1610 458 1676; x_wconf 85' lang='lat' dir='ltr'><strong>cunditate,</strong></span> <span class='ocrx_word' id='word_1_138' title='bbox 491 1612 794 1667; x_wconf 72' lang='lat' dir='ltr'><strong>benedicens</strong></span> <span class='ocrx_word' id='word_1_139' title='bbox 831 1612 921 1666; x_wconf 88' lang='lat' dir='ltr'><strong>hic</strong></span> <span class='ocrx_word' id='word_1_140' title='bbox 957 1612 1296 1669; x_wconf 83' lang='lat' dir='ltr'><strong>sublimando</strong></span> <span class='ocrx_word' id='word_1_141' title='bbox 1335 1613 1387 1667; x_wconf 91' lang='lat' dir='ltr'><strong>in</strong></span> <span class='ocrx_word' id='word_1_142' title='bbox 1433 1613 1741 1675; x_wconf 85' lang='lat' dir='ltr'><strong>virtutibus,</strong></span> 
     </span>
    </p>
   </div>
   <div class='ocr_carea' id='block_1_19' title="bbox 143 1701 1749 1774">
    <p class='ocr_par' dir='ltr' id='par_1_19' title="bbox 143 1701 1749 1774">
     <span class='ocr_line' id='line_1_19' title="bbox 143 1701 1749 1774; baseline 0.004 -20"><span class='ocrx_word' id='word_1_143' title='bbox 143 1701 463 1756; x_wconf 83' lang='lat' dir='ltr'><strong>benedicam</strong></span> <span class='ocrx_word' id='word_1_144' title='bbox 492 1702 882 1774; x_wconf 79' lang='lat' dir='ltr'><strong>gloriﬁcatione</strong></span> <span class='ocrx_word' id='word_1_145' title='bbox 910 1704 1110 1759; x_wconf 88' lang='lat' dir='ltr'><strong>futura.</strong></span> <span class='ocrx_word' id='word_1_146' title='bbox 1139 1705 1235 1761; x_wconf 81' lang='lat' dir='ltr'><strong>Vel</strong></span> <span class='ocrx_word' id='word_1_147' title='bbox 1262 1705 1563 1769; x_wconf 78' lang='lat' dir='ltr'><strong>benedicens</strong></span> <span class='ocrx_word' id='word_1_148' title='bbox 1593 1706 1749 1761; x_wconf 54' lang='lat' dir='ltr'><strong>benee</strong></span> 
     </span>
    </p>
   </div>
   <div class='ocr_carea' id='block_1_20' title="bbox 141 1791 1746 1865">
    <p class='ocr_par' dir='ltr' id='par_1_20' title="bbox 141 1791 1746 1865">
     <span class='ocr_line' id='line_1_20' title="bbox 141 1791 1746 1865; baseline 0.003 -22"><span class='ocrx_word' id='word_1_149' title='bbox 141 1791 356 1855; x_wconf 82' lang='lat' dir='ltr'><strong>dicam,</strong></span> <span class='ocrx_word' id='word_1_150' title='bbox 392 1792 442 1846; x_wconf 89' lang='lat' dir='ltr'><strong>id</strong></span> <span class='ocrx_word' id='word_1_151' title='bbox 472 1802 575 1857; x_wconf 89' lang='lat' dir='ltr'><strong>est,</strong></span> <span class='ocrx_word' id='word_1_152' title='bbox 607 1793 836 1848; x_wconf 89' lang='lat' dir='ltr'><strong>multum</strong></span> <span class='ocrx_word' id='word_1_153' title='bbox 878 1793 1199 1849; x_wconf 89' lang='lat' dir='ltr'><strong>sublimabo.</strong></span> <span class='ocrx_word' id='word_1_154' title='bbox 1230 1793 1498 1865; x_wconf 85' lang='lat' dir='ltr'><strong>Pauperes</strong></span> <span class='ocrx_word' id='word_1_155' title='bbox 1524 1795 1658 1864; x_wconf 88' lang='lat' dir='ltr'><strong>ejus,</strong></span> <span class='ocrx_word' id='word_1_156' title='bbox 1694 1795 1746 1848; x_wconf 93' lang='lat' dir='ltr'><strong>id</strong></span> 
     </span>
    </p>
   </div>
   <div class='ocr_carea' id='block_1_21' title="bbox 139 1882 1751 1956">
    <p class='ocr_par' dir='ltr' id='par_1_21' title="bbox 139 1882 1751 1956">
     <span class='ocr_line' id='line_1_21' title="bbox 139 1882 1751 1956; baseline 0.002 -18"><span class='ocrx_word' id='word_1_157' title='bbox 139 1892 265 1949; x_wconf 86' lang='lat' dir='ltr'><strong>est,</strong></span> <span class='ocrx_word' id='word_1_158' title='bbox 310 1882 462 1949; x_wconf 87' lang='lat' dir='ltr'><strong>Sion,</strong></span> <span class='ocrx_word' id='word_1_159' title='bbox 495 1886 545 1939; x_wconf 92' lang='lat' dir='ltr'><strong>id</strong></span> <span class='ocrx_word' id='word_1_160' title='bbox 574 1896 680 1951; x_wconf 90' lang='lat' dir='ltr'><strong>est,</strong></span> <span class='ocrx_word' id='word_1_161' title='bbox 710 1901 805 1941; x_wconf 88' lang='lat' dir='ltr'><strong>eos</strong></span> <span class='ocrx_word' id='word_1_162' title='bbox 844 1886 934 1956; x_wconf 90' lang='lat' dir='ltr'><strong>qui</strong></span> <span class='ocrx_word' id='word_1_163' title='bbox 978 1895 1103 1942; x_wconf 89' lang='lat' dir='ltr'><strong>sunt</strong></span> <span class='ocrx_word' id='word_1_164' title='bbox 1127 1887 1422 1942; x_wconf 84' lang='lat' dir='ltr'><strong>existentes</strong></span> <span class='ocrx_word' id='word_1_165' title='bbox 1449 1887 1501 1941; x_wconf 90' lang='lat' dir='ltr'><strong>in</strong></span> <span class='ocrx_word' id='word_1_166' title='bbox 1530 1887 1751 1942; x_wconf 89' lang='lat' dir='ltr'><strong>humili-</strong></span> 
     </span>
    </p>
   </div>
   <div class='ocr_carea' id='block_1_22' title="bbox 146 1977 1746 2050">
    <p class='ocr_par' dir='ltr' id='par_1_22' title="bbox 146 1977 1746 2050">
     <span class='ocr_line' id='line_1_22' title="bbox 146 1977 1746 2050; baseline 0.002 -23"><span class='ocrx_word' id='word_1_167' title='bbox 146 1983 293 2038; x_wconf 84' lang='lat' dir='ltr'><strong>tate,</strong></span> <span class='ocrx_word' id='word_1_168' title='bbox 318 1977 458 2031; x_wconf 87' lang='lat' dir='ltr'><strong>sicut</strong></span> <span class='ocrx_word' id='word_1_169' title='bbox 477 1978 565 2045; x_wconf 86' lang='lat' dir='ltr'><strong>qui</strong></span> <span class='ocrx_word' id='word_1_170' title='bbox 592 1978 876 2033; x_wconf 89' lang='lat' dir='ltr'><strong>attendunt</strong></span> <span class='ocrx_word' id='word_1_171' title='bbox 900 1988 1270 2050; x_wconf 78' lang='lat' dir='ltr'><strong>paupertatem</strong></span> <span class='ocrx_word' id='word_1_172' title='bbox 1297 1994 1471 2044; x_wconf 87' lang='lat' dir='ltr'><strong>suam,</strong></span> <span class='ocrx_word' id='word_1_173' title='bbox 1499 1979 1746 2034; x_wconf 85' lang='lat' dir='ltr'><strong>saturabo</strong></span> 
     </span>
    </p>
   </div>
   <div class='ocr_carea' id='block_1_23' title="bbox 143 2065 1745 2136">
    <p class='ocr_par' dir='ltr' id='par_1_23' title="bbox 143 2065 1745 2136">
     <span class='ocr_line' id='line_1_23' title="bbox 143 2065 1745 2136; baseline 0.004 -22"><span class='ocrx_word' id='word_1_174' title='bbox 143 2065 404 2130; x_wconf 76' lang='lat' dir='ltr'><strong>panibus,</strong></span> <span class='ocrx_word' id='word_1_175' title='bbox 439 2066 490 2119; x_wconf 92' lang='lat' dir='ltr'><strong>id</strong></span> <span class='ocrx_word' id='word_1_176' title='bbox 520 2075 633 2132; x_wconf 91' lang='lat' dir='ltr'><strong>est,</strong></span> <span class='ocrx_word' id='word_1_177' title='bbox 663 2066 1058 2136; x_wconf 88' lang='lat' dir='ltr'><strong>multiplicitate</strong></span> <span class='ocrx_word' id='word_1_178' title='bbox 1094 2067 1399 2131; x_wconf 89' lang='lat' dir='ltr'><strong>intellectus</strong></span> <span class='ocrx_word' id='word_1_179' title='bbox 1437 2077 1745 2129; x_wconf 85' lang='lat' dir='ltr'><strong>sanctarum</strong></span> 
     </span>
    </p>
   </div>
   <div class='ocr_carea' id='block_1_24' title="bbox 147 2151 1745 2226">
    <p class='ocr_par' dir='ltr' id='par_1_24' title="bbox 147 2151 1745 2226">
     <span class='ocr_line' id='line_1_24' title="bbox 147 2151 1745 2226; baseline 0.003 -22"><span class='ocrx_word' id='word_1_180' title='bbox 147 2151 564 2221; x_wconf 83' lang='lat' dir='ltr'><strong>Scripturarum</strong></span> <span class='ocrx_word' id='word_1_181' title='bbox 615 2174 628 2209; x_wconf 72' lang='grc' dir='ltr'><strong>ε</strong></span> <span class='ocrx_word' id='word_1_182' title='bbox 680 2156 803 2225; x_wconf 87' lang='lat' dir='ltr'><strong>quia</strong></span> <span class='ocrx_word' id='word_1_183' title='bbox 855 2157 944 2226; x_wconf 89' lang='lat' dir='ltr'><strong>qui</strong></span> <span class='ocrx_word' id='word_1_184' title='bbox 994 2157 1174 2211; x_wconf 86' lang='lat' dir='ltr'><strong>omnia</strong></span> <span class='ocrx_word' id='word_1_185' title='bbox 1226 2156 1543 2226; x_wconf 85' lang='lat' dir='ltr'><strong>temporalia</strong></span> <span class='ocrx_word' id='word_1_186' title='bbox 1594 2164 1745 2226; x_wconf 91' lang='lat' dir='ltr'><strong>post—</strong></span> 
     </span>
    </p>
   </div>
   <div class='ocr_carea' id='block_1_25' title="bbox 146 2245 1746 2317">
    <p class='ocr_par' dir='ltr' id='par_1_25' title="bbox 146 2245 1746 2317">
     <span class='ocr_line' id='line_1_25' title="bbox 146 2245 1746 2317; baseline 0.003 -23"><span class='ocrx_word' id='word_1_187' title='bbox 146 2252 367 2310; x_wconf 87' lang='lat' dir='ltr'><strong>ponunt</strong></span> <span class='ocrx_word' id='word_1_188' title='bbox 428 2246 493 2299; x_wconf 90' lang='lat' dir='ltr'><strong>ad</strong></span> <span class='ocrx_word' id='word_1_189' title='bbox 558 2245 961 2317; x_wconf 91' lang='lat' dir='ltr'><strong>intelligendum</strong></span> <span class='ocrx_word' id='word_1_190' title='bbox 1019 2246 1255 2316; x_wconf 80' lang='lat' dir='ltr'><strong>expediti</strong></span> <span class='ocrx_word' id='word_1_191' title='bbox 1316 2256 1458 2302; x_wconf 91' lang='lat' dir='ltr'><strong>sunt.</strong></span> <span class='ocrx_word' id='word_1_192' title='bbox 1518 2246 1746 2302; x_wconf 86' lang='lat' dir='ltr'><strong>Easdem</strong></span> 
     </span>
    </p>
   </div>
   <div class='ocr_carea' id='block_1_26' title="bbox 148 2339 1746 2408">
    <p class='ocr_par' dir='ltr' id='par_1_26' title="bbox 148 2339 1746 2408">
     <span class='ocr_line' id='line_1_26' title="bbox 148 2339 1746 2408; baseline 0.003 -21"><span class='ocrx_word' id='word_1_193' title='bbox 148 2351 290 2395; x_wconf 79' lang='lat' dir='ltr'><strong>vero</strong></span> <span class='ocrx_word' id='word_1_194' title='bbox 332 2351 590 2405; x_wconf 87' lang='lat' dir='ltr'><strong>personas</strong></span> <span class='ocrx_word' id='word_1_195' title='bbox 634 2352 734 2408; x_wconf 91' lang='lat' dir='ltr'><strong>pro</strong></span> <span class='ocrx_word' id='word_1_196' title='bbox 775 2339 1003 2394; x_wconf 83' lang='lat' dir='ltr'><strong>diversis</strong></span> <span class='ocrx_word' id='word_1_197' title='bbox 1047 2341 1229 2395; x_wconf 85' lang='lat' dir='ltr'><strong>causis</strong></span> <span class='ocrx_word' id='word_1_198' title='bbox 1273 2348 1429 2394; x_wconf 91' lang='lat' dir='ltr'><strong>vocat</strong></span> <span class='ocrx_word' id='word_1_199' title='bbox 1460 2339 1667 2394; x_wconf 81' lang='lat' dir='ltr'><strong>viduam</strong></span> <span class='ocrx_word' id='word_1_200' title='bbox 1698 2349 1746 2393; x_wconf 90' lang='lat' dir='ltr'><strong>et</strong></span> 
     </span>
    </p>
   </div>
   <div class='ocr_carea' id='block_1_27' title="bbox 147 2425 1747 2497">
    <p class='ocr_par' dir='ltr' id='par_1_27' title="bbox 147 2425 1747 2497">
     <span class='ocr_line' id='line_1_27' title="bbox 147 2425 1747 2497; baseline 0.005 -22"><span class='ocrx_word' id='word_1_201' title='bbox 147 2441 429 2497; x_wconf 63' lang='lat' dir='ltr'><strong>pauperes.</strong></span> <span class='ocrx_word' id='word_1_202' title='bbox 463 2425 771 2481; x_wconf 78' lang='lat' dir='ltr'><strong>Sacerdotes</strong></span> <span class='ocrx_word' id='word_1_203' title='bbox 803 2428 938 2496; x_wconf 82' lang='lat' dir='ltr'><strong>ejus.</strong></span> <span class='ocrx_word' id='word_1_204' title='bbox 971 2427 1093 2481; x_wconf 91' lang='lat' dir='ltr'><strong>Illos</strong></span> <span class='ocrx_word' id='word_1_205' title='bbox 1129 2443 1344 2497; x_wconf 87' lang='lat' dir='ltr'><strong>quoque</strong></span> <span class='ocrx_word' id='word_1_206' title='bbox 1372 2427 1461 2496; x_wconf 88' lang='lat' dir='ltr'><strong>qui</strong></span> <span class='ocrx_word' id='word_1_207' title='bbox 1495 2443 1599 2489; x_wconf 89' lang='lat' dir='ltr'><strong>non</strong></span> <span class='ocrx_word' id='word_1_208' title='bbox 1628 2436 1747 2483; x_wconf 87' lang='lat' dir='ltr'><strong>tan-</strong></span> 
     </span>
    </p>
   </div>
   <div class='ocr_carea' id='block_1_28' title="bbox 151 2515 1743 2585">
    <p class='ocr_par' dir='ltr' id='par_1_28' title="bbox 151 2515 1743 2585">
     <span class='ocr_line' id='line_1_28' title="bbox 151 2515 1743 2585; baseline 0.004 -22"><span class='ocrx_word' id='word_1_209' title='bbox 151 2522 273 2565; x_wconf 86' lang='lat' dir='ltr'><strong>tum</strong></span> <span class='ocrx_word' id='word_1_210' title='bbox 324 2523 451 2568; x_wconf 91' lang='lat' dir='ltr'><strong>sunt</strong></span> <span class='ocrx_word' id='word_1_211' title='bbox 500 2516 761 2581; x_wconf 85' lang='lat' dir='ltr'><strong>humiles,</strong></span> <span class='ocrx_word' id='word_1_212' title='bbox 814 2518 907 2570; x_wconf 91' lang='lat' dir='ltr'><strong>sed</strong></span> <span class='ocrx_word' id='word_1_213' title='bbox 954 2518 1114 2570; x_wconf 88' lang='lat' dir='ltr'><strong>etiam</strong></span> <span class='ocrx_word' id='word_1_214' title='bbox 1167 2517 1371 2585; x_wconf 87' lang='lat' dir='ltr'><strong>seipsos</strong></span> <span class='ocrx_word' id='word_1_215' title='bbox 1418 2515 1743 2583; x_wconf 76' lang='lat' dir='ltr'><strong>sacrificium</strong></span> 
     </span>
    </p>
   </div>
   <div class='ocr_carea' id='block_1_29' title="bbox 142 2605 1743 2676">
    <p class='ocr_par' dir='ltr' id='par_1_29' title="bbox 142 2605 1743 2676">
     <span class='ocr_line' id='line_1_29' title="bbox 142 2605 1743 2676; baseline 0.003 -17"><span class='ocrx_word' id='word_1_216' title='bbox 142 2605 377 2675; x_wconf 69' lang='lat' dir='ltr'><strong>justitia:</strong></span> <span class='ocrx_word' id='word_1_217' title='bbox 406 2606 715 2672; x_wconf 69' lang='lat' dir='ltr'><strong>offerentes,</strong></span> <span class='ocrx_word' id='word_1_218' title='bbox 748 2609 964 2676; x_wconf 85' lang='lat' dir='ltr'><strong>induam</strong></span> <span class='ocrx_word' id='word_1_219' title='bbox 992 2609 1236 2674; x_wconf 88' lang='lat' dir='ltr'><strong>salutari,</strong></span> <span class='ocrx_word' id='word_1_220' title='bbox 1268 2610 1319 2665; x_wconf 88' lang='lat' dir='ltr'><strong>id</strong></span> <span class='ocrx_word' id='word_1_221' title='bbox 1360 2620 1475 2675; x_wconf 92' lang='lat' dir='ltr'><strong>est,</strong></span> <span class='ocrx_word' id='word_1_222' title='bbox 1505 2611 1743 2674; x_wconf 81' lang='lat' dir='ltr'><strong>Christo,</strong></span> 
     </span>
    </p>
   </div>
   <div class='ocr_carea' id='block_1_30' title="bbox 152 2697 1744 2769">
    <p class='ocr_par' dir='ltr' id='par_1_30' title="bbox 152 2697 1744 2769">
     <span class='ocr_line' id='line_1_30' title="bbox 152 2697 1744 2769; baseline 0.004 -20"><span class='ocrx_word' id='word_1_223' title='bbox 152 2697 265 2751; x_wconf 90' lang='lat' dir='ltr'><strong>hoc</strong></span> <span class='ocrx_word' id='word_1_224' title='bbox 294 2706 397 2763; x_wconf 91' lang='lat' dir='ltr'><strong>est,</strong></span> <span class='ocrx_word' id='word_1_225' title='bbox 433 2698 811 2754; x_wconf 81' lang='lat' dir='ltr'><strong>conformitatc</strong></span> <span class='ocrx_word' id='word_1_226' title='bbox 848 2698 1164 2763; x_wconf 88' lang='lat' dir='ltr'><strong>Salvatoris,</strong></span> <span class='ocrx_word' id='word_1_227' title='bbox 1199 2700 1337 2754; x_wconf 86' lang='lat' dir='ltr'><strong>bona</strong></span> <span class='ocrx_word' id='word_1_228' title='bbox 1376 2700 1581 2755; x_wconf 86' lang='lat' dir='ltr'><strong>scilicet</strong></span> <span class='ocrx_word' id='word_1_229' title='bbox 1618 2716 1744 2769; x_wconf 87' lang='lat' dir='ltr'><strong>ope—</strong></span> 
     </span>
    </p>
   </div>
   <div class='ocr_carea' id='block_1_31' title="bbox 150 2786 1745 2858">
    <p class='ocr_par' dir='ltr' id='par_1_31' title="bbox 150 2786 1745 2858">
     <span class='ocr_line' id='line_1_31' title="bbox 150 2786 1745 2858; baseline 0.003 -20"><span class='ocrx_word' id='word_1_230' title='bbox 150 2786 389 2841; x_wconf 77' lang='lat' dir='ltr'><strong>ratione.</strong></span> <span class='ocrx_word' id='word_1_231' title='bbox 440 2786 507 2841; x_wconf 86' lang='lat' dir='ltr'><strong>Et</strong></span> <span class='ocrx_word' id='word_1_232' title='bbox 547 2788 715 2842; x_wconf 88' lang='lat' dir='ltr'><strong>sancti</strong></span> <span class='ocrx_word' id='word_1_233' title='bbox 763 2788 898 2858; x_wconf 83' lang='lat' dir='ltr'><strong>ejus,</strong></span> <span class='ocrx_word' id='word_1_234' title='bbox 943 2788 1148 2843; x_wconf 80' lang='lat' dir='ltr'><strong>scilicet</strong></span> <span class='ocrx_word' id='word_1_235' title='bbox 1196 2788 1347 2854; x_wconf 89' lang='lat' dir='ltr'><strong>Sion,</strong></span> <span class='ocrx_word' id='word_1_236' title='bbox 1400 2789 1745 2845; x_wconf 72' lang='lat' dir='ltr'><strong>exsultatione</strong></span> 
     </span>
    </p>
   </div>
   <div class='ocr_carea' id='block_1_32' title="bbox 149 2877 1744 2951">
    <p class='ocr_par' dir='ltr' id='par_1_32' title="bbox 149 2877 1744 2951">
     <span class='ocr_line' id='line_1_32' title="bbox 149 2877 1744 2951; baseline 0.003 -20"><span class='ocrx_word' id='word_1_237' title='bbox 149 2877 511 2943; x_wconf 71' lang='lat' dir='ltr'><strong>exsultabant,</strong></span> <span class='ocrx_word' id='word_1_238' title='bbox 555 2880 622 2935; x_wconf 91' lang='lat' dir='ltr'><strong>de</strong></span> <span class='ocrx_word' id='word_1_239' title='bbox 652 2878 890 2949; x_wconf 79' lang='lat' dir='ltr'><strong>perlecta</strong></span> <span class='ocrx_word' id='word_1_240' title='bbox 923 2879 1229 2935; x_wconf 82' lang='lat' dir='ltr'><strong>innocentia</strong></span> <span class='ocrx_word' id='word_1_241' title='bbox 1279 2882 1603 2951; x_wconf 89' lang='lat' dir='ltr'><strong>gaudebunt.</strong></span> <span class='ocrx_word' id='word_1_242' title='bbox 1657 2881 1744 2936; x_wconf 77' lang='lat' dir='ltr'><strong>Vi-</strong></span> 
     </span>
    </p>
   </div>
   <div class='ocr_carea' id='block_1_33' title="bbox 148 2971 1815 3082">
    <p class='ocr_par' dir='ltr' id='par_1_33' title="bbox 148 2971 1815 3082">
     <span class='ocr_line' id='line_1_33' title="bbox 148 2971 1815 3082; baseline 0.002 -55"><span class='ocrx_word' id='word_1_243' title='bbox 148 2971 320 3027; x_wconf 85' lang='lat' dir='ltr'><strong>duam</strong></span> <span class='ocrx_word' id='word_1_244' title='bbox 345 2979 399 3026; x_wconf 89' lang='lat' dir='ltr'><strong>et</strong></span> <span class='ocrx_word' id='word_1_245' title='bbox 440 2990 713 3043; x_wconf 85' lang='lat' dir='ltr'><strong>pauperes,</strong></span> <span class='ocrx_word' id='word_1_246' title='bbox 753 2974 1067 3030; x_wconf 87' lang='lat' dir='ltr'><strong>sacerdotes</strong></span> <span class='ocrx_word' id='word_1_247' title='bbox 1102 2983 1153 3030; x_wconf 90' lang='lat' dir='ltr'><strong>et</strong></span> <span class='ocrx_word' id='word_1_248' title='bbox 1195 2984 1432 3042; x_wconf 87' lang='lat' dir='ltr'><strong>sanctos,</strong></span> <span class='ocrx_word' id='word_1_249' title='bbox 1464 2990 1559 3032; x_wconf 87' lang='lat' dir='ltr'><strong>eos</strong></span> <span class='ocrx_word' id='word_1_250' title='bbox 1598 2979 1741 3047; x_wconf 83' lang='lat' dir='ltr'><strong>ipsos</strong></span> <span class='ocrx_word' id='word_1_251' title='bbox 1765 3014 1815 3082; x_wconf 67' lang='grc' dir='ltr'>Ο</span> 
     </span>
    </p>
   </div>
   <div class='ocr_carea' id='block_1_34' title="bbox 148 3062 1739 3137">
    <p class='ocr_par' dir='ltr' id='par_1_34' title="bbox 148 3062 1739 3137">
     <span class='ocr_line' id='line_1_34' title="bbox 148 3062 1739 3137; baseline 0.004 -21"><span class='ocrx_word' id='word_1_252' title='bbox 148 3062 250 3133; x_wconf 88' lang='lat' dir='ltr'><strong>qui</strong></span> <span class='ocrx_word' id='word_1_253' title='bbox 281 3062 335 3117; x_wconf 91' lang='lat' dir='ltr'><strong>in</strong></span> <span class='ocrx_word' id='word_1_254' title='bbox 366 3064 466 3120; x_wconf 92' lang='lat' dir='ltr'><strong>hoc</strong></span> <span class='ocrx_word' id='word_1_255' title='bbox 496 3065 702 3133; x_wconf 90' lang='lat' dir='ltr'><strong>psalmo</strong></span> <span class='ocrx_word' id='word_1_256' title='bbox 730 3065 1045 3135; x_wconf 87' lang='lat' dir='ltr'><strong>loquuntur,</strong></span> <span class='ocrx_word' id='word_1_257' title='bbox 1072 3067 1368 3136; x_wconf 82' lang='lat' dir='ltr'><strong>accipimus</strong></span> <span class='ocrx_word' id='word_1_258' title='bbox 1392 3068 1521 3123; x_wconf 83' lang='lat' dir='ltr'><strong>illuc</strong></span> <span class='ocrx_word' id='word_1_259' title='bbox 1541 3070 1739 3137; x_wconf 87' lang='lat' dir='ltr'><strong>produ-</strong></span> 
     </span>
    </p>
   </div>
   <div class='ocr_carea' id='block_1_35' title="bbox 149 3158 1743 3223">
    <p class='ocr_par' dir='ltr' id='par_1_35' title="bbox 149 3158 1743 3223">
     <span class='ocr_line' id='line_1_35' title="bbox 149 3158 1743 3223; baseline 0.006 -14"><span class='ocrx_word' id='word_1_260' title='bbox 149 3173 291 3221; x_wconf 76' lang='lat' dir='ltr'><strong>cam,</strong></span> <span class='ocrx_word' id='word_1_261' title='bbox 327 3158 417 3212; x_wconf 92' lang='lat' dir='ltr'><strong>hic</strong></span> <span class='ocrx_word' id='word_1_262' title='bbox 457 3173 551 3212; x_wconf 91' lang='lat' dir='ltr'><strong>eos</strong></span> <span class='ocrx_word' id='word_1_263' title='bbox 581 3158 657 3213; x_wconf 85' lang='lat' dir='ltr'><strong>ita</strong></span> <span class='ocrx_word' id='word_1_264' title='bbox 698 3159 1052 3223; x_wconf 84' lang='lat' dir='ltr'><strong>sublimando,</strong></span> <span class='ocrx_word' id='word_1_265' title='bbox 1100 3161 1152 3214; x_wconf 93' lang='lat' dir='ltr'><strong>in</strong></span> <span class='ocrx_word' id='word_1_266' title='bbox 1186 3160 1367 3215; x_wconf 81' lang='lat' dir='ltr'><strong>futuro</strong></span> <span class='ocrx_word' id='word_1_267' title='bbox 1392 3170 1571 3217; x_wconf 89' lang='lat' dir='ltr'><strong>autem</strong></span> <span class='ocrx_word' id='word_1_268' title='bbox 1617 3162 1743 3218; x_wconf 89' lang='lat' dir='ltr'><strong>illuc</strong></span> 
     </span>
    </p>
   </div>
   <div class='ocr_carea' id='block_1_36' title="bbox 145 3248 1738 3317">
    <p class='ocr_par' dir='ltr' id='par_1_36' title="bbox 145 3248 1738 3317">
     <span class='ocr_line' id='line_1_36' title="bbox 145 3248 1738 3317; baseline 0.004 -18"><span class='ocrx_word' id='word_1_269' title='bbox 145 3248 440 3316; x_wconf 84' lang='lat' dir='ltr'><strong>producant</strong></span> <span class='ocrx_word' id='word_1_270' title='bbox 470 3266 633 3303; x_wconf 89' lang='lat' dir='ltr'><strong>cornu</strong></span> <span class='ocrx_word' id='word_1_271' title='bbox 678 3249 866 3314; x_wconf 86' lang='lat' dir='ltr'><strong>David,</strong></span> <span class='ocrx_word' id='word_1_272' title='bbox 915 3251 966 3304; x_wconf 91' lang='lat' dir='ltr'><strong>id</strong></span> <span class='ocrx_word' id='word_1_273' title='bbox 994 3261 1095 3316; x_wconf 92' lang='lat' dir='ltr'><strong>est,</strong></span> <span class='ocrx_word' id='word_1_274' title='bbox 1130 3251 1181 3305; x_wconf 91' lang='lat' dir='ltr'><strong>in</strong></span> <span class='ocrx_word' id='word_1_275' title='bbox 1212 3251 1428 3309; x_wconf 83' lang='lat' dir='ltr'><strong>eosdem</strong></span> <span class='ocrx_word' id='word_1_276' title='bbox 1454 3253 1738 3317; x_wconf 73' lang='lat' dir='ltr'><strong>extendam</strong></span> 
     </span>
    </p>
   </div>
   <div class='ocr_carea' id='block_1_37' title="bbox 146 3342 1739 3407">
    <p class='ocr_par' dir='ltr' id='par_1_37' title="bbox 146 3342 1739 3407">
     <span class='ocr_line' id='line_1_37' title="bbox 146 3342 1739 3407; baseline 0.002 -10"><span class='ocrx_word' id='word_1_277' title='bbox 146 3342 538 3397; x_wconf 88' lang='lat' dir='ltr'><strong>sublimitatem</strong></span> <span class='ocrx_word' id='word_1_278' title='bbox 586 3354 641 3398; x_wconf 90' lang='lat' dir='ltr'><strong>et</strong></span> <span class='ocrx_word' id='word_1_279' title='bbox 691 3343 1123 3400; x_wconf 85' lang='lat' dir='ltr'><strong>conformitatem</strong></span> <span class='ocrx_word' id='word_1_280' title='bbox 1172 3343 1383 3397; x_wconf 87' lang='lat' dir='ltr'><strong>Domini</strong></span> <span class='ocrx_word' id='word_1_281' title='bbox 1434 3344 1581 3407; x_wconf 73' lang='lat' dir='ltr'><strong>Jesu,</strong></span> <span class='ocrx_word' id='word_1_282' title='bbox 1636 3361 1739 3400; x_wconf 92' lang='lat' dir='ltr'><strong>non</strong></span> 
     </span>
    </p>
   </div>
   <div class='ocr_carea' id='block_1_38' title="bbox 147 3434 1739 3504">
    <p class='ocr_par' dir='ltr' id='par_1_38' title="bbox 147 3434 1739 3504">
     <span class='ocr_line' id='line_1_38' title="bbox 147 3434 1739 3504; baseline 0.001 -16"><span class='ocrx_word' id='word_1_283' title='bbox 147 3442 335 3489; x_wconf 85' lang='lat' dir='ltr'><strong>tamen</strong></span> <span class='ocrx_word' id='word_1_284' title='bbox 379 3434 471 3497; x_wconf 88' lang='lat' dir='ltr'><strong>ita,</strong></span> <span class='ocrx_word' id='word_1_285' title='bbox 506 3442 565 3487; x_wconf 91' lang='lat' dir='ltr'><strong>ut</strong></span> <span class='ocrx_word' id='word_1_286' title='bbox 590 3449 652 3488; x_wconf 88' lang='lat' dir='ltr'><strong>ea</strong></span> <span class='ocrx_word' id='word_1_287' title='bbox 690 3435 923 3504; x_wconf 74' lang='lat' dir='ltr'><strong>puritate</strong></span> <span class='ocrx_word' id='word_1_288' title='bbox 957 3443 1011 3489; x_wconf 91' lang='lat' dir='ltr'><strong>et</strong></span> <span class='ocrx_word' id='word_1_289' title='bbox 1048 3436 1351 3504; x_wconf 87' lang='lat' dir='ltr'><strong>quantitate</strong></span> <span class='ocrx_word' id='word_1_290' title='bbox 1379 3436 1611 3491; x_wconf 87' lang='lat' dir='ltr'><strong>debeant</strong></span> <span class='ocrx_word' id='word_1_291' title='bbox 1647 3453 1739 3492; x_wconf 89' lang='lat' dir='ltr'><strong>su-</strong></span> 
     </span>
    </p>
   </div>
   <div class='ocr_carea' id='block_1_39' title="bbox 145 3524 1738 3588">
    <p class='ocr_par' dir='ltr' id='par_1_39' title="bbox 145 3524 1738 3588">
     <span class='ocr_line' id='line_1_39' title="bbox 145 3524 1738 3588; baseline 0.001 -11"><span class='ocrx_word' id='word_1_292' title='bbox 145 3524 388 3588; x_wconf 84' lang='lat' dir='ltr'><strong>blimari,</strong></span> <span class='ocrx_word' id='word_1_293' title='bbox 432 3527 523 3579; x_wconf 87' lang='lat' dir='ltr'><strong>sed</strong></span> <span class='ocrx_word' id='word_1_294' title='bbox 562 3542 660 3582; x_wconf 84' lang='lat' dir='ltr'><strong>suo</strong></span> <span class='ocrx_word' id='word_1_295' title='bbox 699 3526 880 3581; x_wconf 89' lang='lat' dir='ltr'><strong>modo.</strong></span> <span class='ocrx_word' id='word_1_296' title='bbox 930 3525 1123 3579; x_wconf 80' lang='lat' dir='ltr'><strong>Paravi</strong></span> <span class='ocrx_word' id='word_1_297' title='bbox 1161 3526 1302 3580; x_wconf 87' lang='lat' dir='ltr'><strong>enim</strong></span> <span class='ocrx_word' id='word_1_298' title='bbox 1342 3541 1435 3580; x_wconf 91' lang='lat' dir='ltr'><strong>eos</strong></span> <span class='ocrx_word' id='word_1_299' title='bbox 1472 3526 1738 3581; x_wconf 82' lang='lat' dir='ltr'><strong>lucernam</strong></span> 
     </span>
    </p>
   </div>
   <div class='ocr_carea' id='block_1_40' title="bbox 144 3620 1736 3692">
    <p class='ocr_par' dir='ltr' id='par_1_40' title="bbox 144 3620 1736 3692">
     <span class='ocr_line' id='line_1_40' title="bbox 144 3620 1736 3692; baseline 0.001 -17"><span class='ocrx_word' id='word_1_300' title='bbox 144 3621 360 3675; x_wconf 83' lang='lat' dir='ltr'><strong>Christo</strong></span> <span class='ocrx_word' id='word_1_301' title='bbox 404 3638 538 3686; x_wconf 88' lang='lat' dir='ltr'><strong>meo,</strong></span> <span class='ocrx_word' id='word_1_302' title='bbox 581 3622 631 3675; x_wconf 93' lang='lat' dir='ltr'><strong>id</strong></span> <span class='ocrx_word' id='word_1_303' title='bbox 668 3631 780 3681; x_wconf 83' lang='lat' dir='ltr'><strong>est,</strong></span> <span class='ocrx_word' id='word_1_304' title='bbox 816 3620 1021 3692; x_wconf 64' lang='lat' dir='ltr'><strong>iaciam</strong></span> <span class='ocrx_word' id='word_1_305' title='bbox 1060 3635 1155 3675; x_wconf 90' lang='lat' dir='ltr'><strong>eos</strong></span> <span class='ocrx_word' id='word_1_306' title='bbox 1200 3635 1584 3691; x_wconf 79' lang='lat' dir='ltr'><strong>recognoscere</strong></span> <span class='ocrx_word' id='word_1_307' title='bbox 1630 3637 1736 3676; x_wconf 83' lang='lat' dir='ltr'><strong>non</strong></span> 
     </span>
    </p>
   </div>
   <div class='ocr_carea' id='block_1_41' title="bbox 143 3712 1739 3781">
    <p class='ocr_par' dir='ltr' id='par_1_41' title="bbox 143 3712 1739 3781">
     <span class='ocr_line' id='line_1_41' title="bbox 143 3712 1739 3781; baseline 0.003 -16"><span class='ocrx_word' id='word_1_308' title='bbox 143 3727 210 3765; x_wconf 88' lang='lat' dir='ltr'><strong>se</strong></span> <span class='ocrx_word' id='word_1_309' title='bbox 264 3712 438 3767; x_wconf 91' lang='lat' dir='ltr'><strong>lucem</strong></span> <span class='ocrx_word' id='word_1_310' title='bbox 496 3728 657 3779; x_wconf 89' lang='lat' dir='ltr'><strong>esse,</strong></span> <span class='ocrx_word' id='word_1_311' title='bbox 714 3712 806 3768; x_wconf 89' lang='lat' dir='ltr'><strong>sed</strong></span> <span class='ocrx_word' id='word_1_312' title='bbox 863 3712 1172 3777; x_wconf 86' lang='lat' dir='ltr'><strong>lucernam,</strong></span> <span class='ocrx_word' id='word_1_313' title='bbox 1233 3712 1285 3765; x_wconf 90' lang='lat' dir='ltr'><strong>id</strong></span> <span class='ocrx_word' id='word_1_314' title='bbox 1342 3722 1463 3777; x_wconf 89' lang='lat' dir='ltr'><strong>est,</strong></span> <span class='ocrx_word' id='word_1_315' title='bbox 1521 3721 1739 3781; x_wconf 90' lang='lat' dir='ltr'><strong>portare</strong></span> 
     </span>
    </p>
   </div>
   <div class='ocr_carea' id='block_1_42' title="bbox 143 3802 1737 3874">
    <p class='ocr_par' dir='ltr' id='par_1_42' title="bbox 143 3802 1737 3874">
     <span class='ocr_line' id='line_1_42' title="bbox 143 3802 1737 3874; baseline 0.004 -18"><span class='ocrx_word' id='word_1_316' title='bbox 143 3804 204 3858; x_wconf 87' lang='lat' dir='ltr'><strong>in</strong></span> <span class='ocrx_word' id='word_1_317' title='bbox 229 3817 287 3857; x_wconf 90' lang='lat' dir='ltr'><strong>se</strong></span> <span class='ocrx_word' id='word_1_318' title='bbox 313 3802 588 3858; x_wconf 87' lang='lat' dir='ltr'><strong>Christum</strong></span> <span class='ocrx_word' id='word_1_319' title='bbox 615 3804 706 3874; x_wconf 90' lang='lat' dir='ltr'><strong>qui</strong></span> <span class='ocrx_word' id='word_1_320' title='bbox 737 3812 818 3859; x_wconf 87' lang='lat' dir='ltr'><strong>est</strong></span> <span class='ocrx_word' id='word_1_321' title='bbox 848 3803 939 3857; x_wconf 90' lang='lat' dir='ltr'><strong>lux</strong></span> <span class='ocrx_word' id='word_1_322' title='bbox 971 3818 1116 3865; x_wconf 86' lang='lat' dir='ltr'><strong>vera,</strong></span> <span class='ocrx_word' id='word_1_323' title='bbox 1154 3812 1210 3857; x_wconf 93' lang='lat' dir='ltr'><strong>ct</strong></span> <span class='ocrx_word' id='word_1_324' title='bbox 1257 3804 1324 3857; x_wconf 89' lang='lat' dir='ltr'><strong>ab</strong></span> <span class='ocrx_word' id='word_1_325' title='bbox 1367 3818 1435 3861; x_wconf 89' lang='lat' dir='ltr'><strong>eo</strong></span> <span class='ocrx_word' id='word_1_326' title='bbox 1485 3804 1737 3872; x_wconf 87' lang='lat' dir='ltr'><strong>splendo-</strong></span> 
     </span>
    </p>
   </div>
   <div class='ocr_carea' id='block_1_43' title="bbox 144 3892 1735 3964">
    <p class='ocr_par' dir='ltr' id='par_1_43' title="bbox 144 3892 1735 3964">
     <span class='ocr_line' id='line_1_43' title="bbox 144 3892 1735 3964; baseline 0.002 -18"><span class='ocrx_word' id='word_1_327' title='bbox 144 3907 264 3947; x_wconf 86' lang='lat' dir='ltr'><strong>rem</strong></span> <span class='ocrx_word' id='word_1_328' title='bbox 295 3893 564 3963; x_wconf 86' lang='lat' dir='ltr'><strong>accipere,</strong></span> <span class='ocrx_word' id='word_1_329' title='bbox 595 3909 701 3964; x_wconf 89' lang='lat' dir='ltr'><strong>quo</strong></span> <span class='ocrx_word' id='word_1_330' title='bbox 734 3903 789 3948; x_wconf 91' lang='lat' dir='ltr'><strong>et</strong></span> <span class='ocrx_word' id='word_1_331' title='bbox 825 3892 925 3963; x_wconf 90' lang='lat' dir='ltr'><strong>ipsi</strong></span> <span class='ocrx_word' id='word_1_332' title='bbox 976 3892 1329 3957; x_wconf 88' lang='lat' dir='ltr'><strong>illustrentur,</strong></span> <span class='ocrx_word' id='word_1_333' title='bbox 1369 3901 1423 3947; x_wconf 90' lang='lat' dir='ltr'><strong>et</strong></span> <span class='ocrx_word' id='word_1_334' title='bbox 1451 3894 1582 3949; x_wconf 90' lang='lat' dir='ltr'><strong>alios</strong></span> <span class='ocrx_word' id='word_1_335' title='bbox 1613 3895 1735 3949; x_wconf 88' lang='lat' dir='ltr'><strong>illu-</strong></span> 
     </span>
    </p>
   </div>
   <div class='ocr_carea' id='block_1_44' title="bbox 146 3982 1733 4053">
    <p class='ocr_par' dir='ltr' id='par_1_44' title="bbox 146 3982 1733 4053">
     <span class='ocr_line' id='line_1_44' title="bbox 146 3982 1733 4053; baseline 0.004 -19"><span class='ocrx_word' id='word_1_336' title='bbox 146 3982 361 4036; x_wconf 86' lang='lat' dir='ltr'><strong>minent</strong></span> <span class='ocrx_word' id='word_1_337' title='bbox 395 4000 407 4036; x_wconf 92' lang='lat'><strong>:</strong></span> <span class='ocrx_word' id='word_1_338' title='bbox 445 3982 682 4037; x_wconf 90' lang='lat' dir='ltr'><strong>inimicos</strong></span> <span class='ocrx_word' id='word_1_339' title='bbox 704 3984 837 4051; x_wconf 88' lang='lat' dir='ltr'><strong>ejus.</strong></span> <span class='ocrx_word' id='word_1_340' title='bbox 873 3982 995 4037; x_wconf 92' lang='lat' dir='ltr'><strong>Illos</strong></span> <span class='ocrx_word' id='word_1_341' title='bbox 1026 3983 1120 4047; x_wconf 92' lang='lat' dir='ltr'><strong>ita,</strong></span> <span class='ocrx_word' id='word_1_342' title='bbox 1152 3992 1211 4037; x_wconf 93' lang='lat' dir='ltr'><strong>ut</strong></span> <span class='ocrx_word' id='word_1_343' title='bbox 1239 3984 1369 4049; x_wconf 82' lang='lat' dir='ltr'><strong>dixi,</strong></span> <span class='ocrx_word' id='word_1_344' title='bbox 1409 3985 1733 4053; x_wconf 88' lang='lat' dir='ltr'><strong>sublimaho,</strong></span> 
     </span>
    </p>
   </div>
   <div class='ocr_carea' id='block_1_45' title="bbox 142 4071 1735 4143">
    <p class='ocr_par' dir='ltr' id='par_1_45' title="bbox 142 4071 1735 4143">
     <span class='ocr_line' id='line_1_45' title="bbox 142 4071 1735 4143; baseline 0.004 -20"><span class='ocrx_word' id='word_1_345' title='bbox 142 4071 390 4124; x_wconf 84' lang='lat' dir='ltr'><strong>inimicos</strong></span> <span class='ocrx_word' id='word_1_346' title='bbox 419 4080 600 4126; x_wconf 90' lang='lat' dir='ltr'><strong>autem</strong></span> <span class='ocrx_word' id='word_1_347' title='bbox 646 4074 781 4142; x_wconf 87' lang='lat' dir='ltr'><strong>ejus,</strong></span> <span class='ocrx_word' id='word_1_348' title='bbox 813 4072 864 4127; x_wconf 92' lang='lat' dir='ltr'><strong>id</strong></span> <span class='ocrx_word' id='word_1_349' title='bbox 908 4079 1011 4135; x_wconf 90' lang='lat' dir='ltr'><strong>est,</strong></span> <span class='ocrx_word' id='word_1_350' title='bbox 1047 4071 1268 4134; x_wconf 89' lang='lat' dir='ltr'><strong>Christi.</strong></span> <span class='ocrx_word' id='word_1_351' title='bbox 1316 4072 1522 4128; x_wconf 83' lang='lat' dir='ltr'><strong>scilicet</strong></span> <span class='ocrx_word' id='word_1_352' title='bbox 1553 4089 1735 4143; x_wconf 86' lang='lat' dir='ltr'><strong>perse-</strong></span> 
     </span>
    </p>
   </div>
   <div class='ocr_carea' id='block_1_46' title="bbox 142 4160 1730 4231">
    <p class='ocr_par' dir='ltr' id='par_1_46' title="bbox 142 4160 1730 4231">
     <span class='ocr_line' id='line_1_46' title="bbox 142 4160 1730 4231; baseline 0.001 -17"><span class='ocrx_word' id='word_1_353' title='bbox 142 4169 365 4215; x_wconf 87' lang='lat' dir='ltr'><strong>cutores</strong></span> <span class='ocrx_word' id='word_1_354' title='bbox 380 4160 461 4213; x_wconf 80' lang='lat' dir='ltr'><strong>vel</strong></span> <span class='ocrx_word' id='word_1_355' title='bbox 487 4162 787 4225; x_wconf 68' lang='lat' dir='ltr'><strong>hazreticos,</strong></span> <span class='ocrx_word' id='word_1_356' title='bbox 806 4161 896 4231; x_wconf 91' lang='lat' dir='ltr'><strong>qui</strong></span> <span class='ocrx_word' id='word_1_357' title='bbox 917 4162 964 4216; x_wconf 90' lang='lat' dir='ltr'><strong>ei</strong></span> <span class='ocrx_word' id='word_1_358' title='bbox 996 4162 1455 4216; x_wconf 87' lang='lat' dir='ltr'><strong>inimicabantur:</strong></span> <span class='ocrx_word' id='word_1_359' title='bbox 1488 4163 1730 4226; x_wconf 87' lang='lat' dir='ltr'><strong>induam,</strong></span> 
     </span>
    </p>
   </div>
   <div class='ocr_carea' id='block_1_47' title="bbox 143 4252 1733 4323">
    <p class='ocr_par' dir='ltr' id='par_1_47' title="bbox 143 4252 1733 4323">
     <span class='ocr_line' id='line_1_47' title="bbox 143 4252 1733 4323; baseline 0.002 -19"><span class='ocrx_word' id='word_1_360' title='bbox 143 4252 201 4305; x_wconf 87' lang='lat' dir='ltr'><strong>id</strong></span> <span class='ocrx_word' id='word_1_361' title='bbox 228 4261 330 4313; x_wconf 92' lang='lat' dir='ltr'><strong>est,</strong></span> <span class='ocrx_word' id='word_1_362' title='bbox 359 4252 704 4308; x_wconf 88' lang='lat' dir='ltr'><strong>circumdabo</strong></span> <span class='ocrx_word' id='word_1_363' title='bbox 737 4262 995 4323; x_wconf 90' lang='lat' dir='ltr'><strong>perpetua</strong></span> <span class='ocrx_word' id='word_1_364' title='bbox 1024 4252 1349 4321; x_wconf 77' lang='lat' dir='ltr'><strong>confusione,</strong></span> <span class='ocrx_word' id='word_1_365' title='bbox 1376 4254 1547 4318; x_wconf 77' lang='lat' dir='ltr'><strong>idest,</strong></span> <span class='ocrx_word' id='word_1_366' title='bbox 1580 4253 1733 4307; x_wconf 89' lang='lat' dir='ltr'><strong>dam-</strong></span> 
     </span>
    </p>
   </div>
   <div class='ocr_carea' id='block_1_48' title="bbox 1857 437 3427 507">
    <p class='ocr_par' dir='ltr' id='par_1_48' title="bbox 1857 437 3427 507">
     <span class='ocr_line' id='line_1_48' title="bbox 1857 437 3427 507; baseline 0.004 -18"><span class='ocrx_word' id='word_1_367' title='bbox 1857 456 1873 489; x_wconf 79' lang='grc' dir='ltr'><strong>ι</strong></span> <span class='ocrx_word' id='word_1_368' title='bbox 1920 438 2199 494; x_wconf 91' lang='lat' dir='ltr'><strong>descendit</strong></span> <span class='ocrx_word' id='word_1_369' title='bbox 2230 439 2285 493; x_wconf 92' lang='lat' dir='ltr'><strong>in</strong></span> <span class='ocrx_word' id='word_1_370' title='bbox 2301 437 2549 503; x_wconf 85' lang='lat' dir='ltr'><strong>barbam,</strong></span> <span class='ocrx_word' id='word_1_371' title='bbox 2567 437 2787 493; x_wconf 89' lang='lat' dir='ltr'><strong>barbam</strong></span> <span class='ocrx_word' id='word_1_372' title='bbox 2813 438 3185 507; x_wconf 80' lang='lat' dir='ltr'><strong>Aaron.Quod</strong></span> <span class='ocrx_word' id='word_1_373' title='bbox 3203 439 3427 495; x_wconf 84' lang='lat' dir='ltr'><strong>descen-</strong></span> 
     </span>
    </p>
   </div>
   <div class='ocr_carea' id='block_1_49' title="bbox 1857 529 3424 599">
    <p class='ocr_par' dir='ltr' id='par_1_49' title="bbox 1857 529 3424 599">
     <span class='ocr_line' id='line_1_49' title="bbox 1857 529 3424 599; baseline 0.004 -19"><span class='ocrx_word' id='word_1_374' title='bbox 1857 546 1874 579; x_wconf 74' lang='grc' dir='ltr'><strong>ι</strong></span> <span class='ocrx_word' id='word_1_375' title='bbox 1920 529 1997 582; x_wconf 91' lang='lat' dir='ltr'><strong>dit</strong></span> <span class='ocrx_word' id='word_1_376' title='bbox 2028 530 2077 583; x_wconf 93' lang='lat' dir='ltr'><strong>in</strong></span> <span class='ocrx_word' id='word_1_377' title='bbox 2108 544 2261 585; x_wconf 89' lang='lat' dir='ltr'><strong>oram</strong></span> <span class='ocrx_word' id='word_1_378' title='bbox 2308 530 2618 585; x_wconf 85' lang='lat' dir='ltr'><strong>vestimenti</strong></span> <span class='ocrx_word' id='word_1_379' title='bbox 2647 529 2782 599; x_wconf 89' lang='lat' dir='ltr'><strong>ejus,</strong></span> <span class='ocrx_word' id='word_1_380' title='bbox 2834 531 2974 586; x_wconf 84' lang='lat' dir='ltr'><strong>sicut</strong></span> <span class='ocrx_word' id='word_1_381' title='bbox 3021 546 3110 586; x_wconf 92' lang='lat' dir='ltr'><strong>ros</strong></span> <span class='ocrx_word' id='word_1_382' title='bbox 3166 530 3424 595; x_wconf 90' lang='lat' dir='ltr'><strong>llermon,</strong></span> 
     </span>
    </p>
   </div>
   <div class='ocr_carea' id='block_1_50' title="bbox 1856 620 3429 690">
    <p class='ocr_par' dir='ltr' id='par_1_50' title="bbox 1856 620 3429 690">
     <span class='ocr_line' id='line_1_50' title="bbox 1856 620 3429 690; baseline 0.004 -20"><span class='ocrx_word' id='word_1_383' title='bbox 1856 636 1874 670; x_wconf 77' lang='grc' dir='ltr'>σ</span> <span class='ocrx_word' id='word_1_384' title='bbox 1921 621 2012 690; x_wconf 90' lang='lat' dir='ltr'><strong>qui</strong></span> <span class='ocrx_word' id='word_1_385' title='bbox 2068 620 2346 675; x_wconf 88' lang='lat' dir='ltr'><strong>descendit</strong></span> <span class='ocrx_word' id='word_1_386' title='bbox 2399 621 2453 675; x_wconf 90' lang='lat' dir='ltr'><strong>in</strong></span> <span class='ocrx_word' id='word_1_387' title='bbox 2504 629 2739 676; x_wconf 90' lang='lat' dir='ltr'><strong>montem</strong></span> <span class='ocrx_word' id='word_1_388' title='bbox 2798 620 2951 676; x_wconf 91' lang='lat' dir='ltr'><strong>Sion.</strong></span> <span class='ocrx_word' id='word_1_389' title='bbox 2997 621 3261 688; x_wconf 87' lang='lat' dir='ltr'><strong>Quoniam</strong></span> <span class='ocrx_word' id='word_1_390' title='bbox 3318 622 3429 677; x_wconf 89' lang='lat' dir='ltr'><strong>illic</strong></span> 
     </span>
    </p>
   </div>
   <div class='ocr_carea' id='block_1_51' title="bbox 1856 711 3431 783">
    <p class='ocr_par' dir='ltr' id='par_1_51' title="bbox 1856 711 3431 783">
     <span class='ocr_line' id='line_1_51' title="bbox 1856 711 3431 783; baseline 0.004 -20"><span class='ocrx_word' id='word_1_391' title='bbox 1856 728 1876 762; x_wconf 74' lang='grc' dir='ltr'><strong>ι</strong></span> <span class='ocrx_word' id='word_1_392' title='bbox 1923 711 2200 766; x_wconf 85' lang='lat' dir='ltr'><strong>mandavit</strong></span> <span class='ocrx_word' id='word_1_393' title='bbox 2232 712 2492 767; x_wconf 89' lang='lat' dir='ltr'><strong>Dominus</strong></span> <span class='ocrx_word' id='word_1_394' title='bbox 2530 711 2963 768; x_wconf 87' lang='lat' dir='ltr'><strong>benedictionem</strong></span> <span class='ocrx_word' id='word_1_395' title='bbox 2985 722 3039 767; x_wconf 91' lang='lat' dir='ltr'><strong>et</strong></span> <span class='ocrx_word' id='word_1_396' title='bbox 3063 713 3229 768; x_wconf 86' lang='lat' dir='ltr'><strong>vitam</strong></span> <span class='ocrx_word' id='word_1_397' title='bbox 3260 730 3431 783; x_wconf 85' lang='lat' dir='ltr'><strong>usque</strong></span> 
     </span>
    </p>
   </div>
   <div class='ocr_carea' id='block_1_52' title="bbox 1854 802 2337 858">
    <p class='ocr_par' dir='ltr' id='par_1_52' title="bbox 1854 802 2337 858">
     <span class='ocr_line' id='line_1_52' title="bbox 1854 802 2337 858; baseline -0.002 -2"><span class='ocrx_word' id='word_1_398' title='bbox 1854 822 1873 856; x_wconf 77' lang='grc' dir='ltr'><strong>ι</strong></span> <span class='ocrx_word' id='word_1_399' title='bbox 1917 802 1969 857; x_wconf 90' lang='lat' dir='ltr'><strong>in</strong></span> <span class='ocrx_word' id='word_1_400' title='bbox 2001 803 2274 858; x_wconf 78' lang='lat' dir='ltr'><strong>saeculum.</strong></span> <span class='ocrx_word' id='word_1_401' title='bbox 2319 824 2337 855; x_wconf 77' lang='grc' dir='ltr'><strong>ι</strong></span> 
     </span>
    </p>
   </div>
   <div class='ocr_carea' id='block_1_53' title="bbox 2429 892 2873 950">
    <p class='ocr_par' dir='ltr' id='par_1_53' title="bbox 2429 892 2873 950">
     <span class='ocr_line' id='line_1_53' title="bbox 2429 892 2873 950; baseline 0.005 -4"><span class='ocrx_word' id='word_1_402' title='bbox 2429 892 2873 950; x_wconf 80' lang='lat' dir='ltr'><strong>ENARRATIO.</strong></span> 
     </span>
    </p>
   </div>
   <div class='ocr_carea' id='block_1_54' title="bbox 1920 980 3430 1057">
    <p class='ocr_par' dir='ltr' id='par_1_54' title="bbox 1920 980 3430 1057">
     <span class='ocr_line' id='line_1_54' title="bbox 1920 980 3430 1057; baseline 0.005 -24"><span class='ocrx_word' id='word_1_403' title='bbox 1920 980 2082 1034; x_wconf 90' lang='lat' dir='ltr'><strong>Iidem</strong></span> <span class='ocrx_word' id='word_1_404' title='bbox 2124 982 2225 1050; x_wconf 89' lang='lat' dir='ltr'><strong>ipsi</strong></span> <span class='ocrx_word' id='word_1_405' title='bbox 2283 982 2484 1047; x_wconf 80' lang='lat' dir='ltr'><strong>ﬁdeles,</strong></span> <span class='ocrx_word' id='word_1_406' title='bbox 2517 985 2607 1053; x_wconf 88' lang='lat' dir='ltr'><strong>qui</strong></span> <span class='ocrx_word' id='word_1_407' title='bbox 2642 985 2693 1039; x_wconf 91' lang='lat' dir='ltr'><strong>in</strong></span> <span class='ocrx_word' id='word_1_408' title='bbox 2726 986 2992 1055; x_wconf 89' lang='lat' dir='ltr'><strong>superiori</strong></span> <span class='ocrx_word' id='word_1_409' title='bbox 3049 986 3255 1057; x_wconf 86' lang='lat' dir='ltr'><strong>psalmo</strong></span> <span class='ocrx_word' id='word_1_410' title='bbox 3307 1002 3430 1043; x_wconf 88' lang='lat' dir='ltr'><strong>cum</strong></span> 
     </span>
    </p>
   </div>
   <div class='ocr_carea' id='block_1_55' title="bbox 1851 1071 3431 1147">
    <p class='ocr_par' dir='ltr' id='par_1_55' title="bbox 1851 1071 3431 1147">
     <span class='ocr_line' id='line_1_55' title="bbox 1851 1071 3431 1147; baseline 0.005 -22"><span class='ocrx_word' id='word_1_411' title='bbox 1851 1071 2150 1127; x_wconf 85' lang='lat' dir='ltr'><strong>humilitate</strong></span> <span class='ocrx_word' id='word_1_412' title='bbox 2208 1072 2642 1130; x_wconf 78' lang='lat' dir='ltr'><strong>conformitatem</strong></span> <span class='ocrx_word' id='word_1_413' title='bbox 2707 1076 2907 1132; x_wconf 88' lang='lat' dir='ltr'><strong>Christi</strong></span> <span class='ocrx_word' id='word_1_414' title='bbox 2963 1086 3017 1133; x_wconf 90' lang='lat' dir='ltr'><strong>et</strong></span> <span class='ocrx_word' id='word_1_415' title='bbox 3078 1079 3431 1147; x_wconf 82' lang='lat' dir='ltr'><strong>apostolicam</strong></span> 
     </span>
    </p>
   </div>
   <div class='ocr_carea' id='block_1_56' title="bbox 1852 1162 3430 1243">
    <p class='ocr_par' dir='ltr' id='par_1_56' title="bbox 1852 1162 3430 1243">
     <span class='ocr_line' id='line_1_56' title="bbox 1852 1162 3430 1243; baseline 0.009 -29"><span class='ocrx_word' id='word_1_416' title='bbox 1852 1162 2015 1216; x_wconf 88' lang='lat' dir='ltr'><strong>vitam</strong></span> <span class='ocrx_word' id='word_1_417' title='bbox 2079 1174 2419 1231; x_wconf 89' lang='lat' dir='ltr'><strong>oraverunt,</strong></span> <span class='ocrx_word' id='word_1_418' title='bbox 2483 1168 2661 1222; x_wconf 89' lang='lat' dir='ltr'><strong>adhuc</strong></span> <span class='ocrx_word' id='word_1_419' title='bbox 2737 1172 3125 1238; x_wconf 88' lang='lat' dir='ltr'><strong>promotiorem</strong></span> <span class='ocrx_word' id='word_1_420' title='bbox 3201 1174 3430 1243; x_wconf 87' lang='lat' dir='ltr'><strong>gradum</strong></span> 
     </span>
    </p>
   </div>
   <div class='ocr_carea' id='block_1_57' title="bbox 1849 1256 3434 1330">
    <p class='ocr_par' dir='ltr' id='par_1_57' title="bbox 1849 1256 3434 1330">
     <span class='ocr_line' id='line_1_57' title="bbox 1849 1256 3434 1330; baseline 0.006 -21"><span class='ocrx_word' id='word_1_421' title='bbox 1849 1256 2193 1320; x_wconf 88' lang='lat' dir='ltr'><strong>ascendunt;</strong></span> <span class='ocrx_word' id='word_1_422' title='bbox 2267 1258 2475 1313; x_wconf 88' lang='lat' dir='ltr'><strong>scilicet</strong></span> <span class='ocrx_word' id='word_1_423' title='bbox 2537 1268 2596 1313; x_wconf 92' lang='lat' dir='ltr'><strong>ut</strong></span> <span class='ocrx_word' id='word_1_424' title='bbox 2658 1268 2943 1330; x_wconf 88' lang='lat' dir='ltr'><strong>postquam</strong></span> <span class='ocrx_word' id='word_1_425' title='bbox 2996 1264 3273 1319; x_wconf 91' lang='lat' dir='ltr'><strong>consecuti</strong></span> <span class='ocrx_word' id='word_1_426' title='bbox 3307 1272 3434 1318; x_wconf 90' lang='lat' dir='ltr'><strong>sunt</strong></span> 
     </span>
    </p>
   </div>
   <div class='ocr_carea' id='block_1_58' title="bbox 1797 1347 3433 1417">
    <p class='ocr_par' dir='ltr' id='par_1_58' title="bbox 1797 1347 3433 1417">
     <span class='ocr_line' id='line_1_58' title="bbox 1797 1347 3433 1417; baseline 0.006 -19"><span class='ocrx_word' id='word_1_427' title='bbox 1797 1402 1809 1410; x_wconf 87' lang='lat'>_</span> <span class='ocrx_word' id='word_1_428' title='bbox 1849 1347 1991 1416; x_wconf 91' lang='lat' dir='ltr'><strong>quod</strong></span> <span class='ocrx_word' id='word_1_429' title='bbox 2020 1350 2354 1417; x_wconf 75' lang='lat' dir='ltr'><strong>qumrebant,</strong></span> <span class='ocrx_word' id='word_1_430' title='bbox 2380 1350 2432 1403; x_wconf 87' lang='lat' dir='ltr'><strong>In</strong></span> <span class='ocrx_word' id='word_1_431' title='bbox 2465 1366 2628 1404; x_wconf 90' lang='lat' dir='ltr'><strong>unum</strong></span> <span class='ocrx_word' id='word_1_432' title='bbox 2657 1352 2970 1407; x_wconf 69' lang='lat' dir='ltr'><strong>cohabitare</strong></span> <span class='ocrx_word' id='word_1_433' title='bbox 2994 1352 3295 1409; x_wconf 83' lang='lat' dir='ltr'><strong>voluntarie</strong></span> <span class='ocrx_word' id='word_1_434' title='bbox 3320 1362 3433 1408; x_wconf 85' lang='lat' dir='ltr'><strong>stu-</strong></span> 
     </span>
    </p>
   </div>
   <div class='ocr_carea' id='block_1_59' title="bbox 1848 1436 2034 1492">
    <p class='ocr_par' dir='ltr' id='par_1_59' title="bbox 1848 1436 2034 1492">
     <span class='ocr_line' id='line_1_59' title="bbox 1848 1436 2034 1492; baseline 0.005 -1"><span class='ocrx_word' id='word_1_435' title='bbox 1848 1436 2034 1492; x_wconf 86' lang='lat' dir='ltr'><strong>deant.</strong></span> 
     </span>
    </p>
   </div>
   <div class='ocr_carea' id='block_1_60' title="bbox 1918 1526 3430 1599">
    <p class='ocr_par' dir='ltr' id='par_1_60' title="bbox 1918 1526 3430 1599">
     <span class='ocr_line' id='line_1_60' title="bbox 1918 1526 3430 1599; baseline 0.004 -18"><span class='ocrx_word' id='word_1_436' title='bbox 1918 1526 2057 1582; x_wconf 81' lang='lat' dir='ltr'><strong>Ecce</strong></span> <span class='ocrx_word' id='word_1_437' title='bbox 2085 1545 2240 1599; x_wconf 82' lang='lat' dir='ltr'><strong>quant</strong></span> <span class='ocrx_word' id='word_1_438' title='bbox 2280 1529 2489 1585; x_wconf 86' lang='lat' dir='ltr'><strong>bonum.</strong></span> <span class='ocrx_word' id='word_1_439' title='bbox 2528 1530 2680 1597; x_wconf 85' lang='lat' dir='ltr'><strong>Quod</strong></span> <span class='ocrx_word' id='word_1_440' title='bbox 2709 1532 2985 1586; x_wconf 86' lang='lat' dir='ltr'><strong>oravimus</strong></span> <span class='ocrx_word' id='word_1_441' title='bbox 3018 1532 3290 1586; x_wconf 88' lang='lat' dir='ltr'><strong>consecuti</strong></span> <span class='ocrx_word' id='word_1_442' title='bbox 3337 1549 3430 1587; x_wconf 86' lang='lat' dir='ltr'><strong>su-</strong></span> 
     </span>
    </p>
   </div>
   <div class='ocr_carea' id='block_1_61' title="bbox 1851 1616 3432 1684">
    <p class='ocr_par' dir='ltr' id='par_1_61' title="bbox 1851 1616 3432 1684">
     <span class='ocr_line' id='line_1_61' title="bbox 1851 1616 3432 1684; baseline 0.003 -14"><span class='ocrx_word' id='word_1_443' title='bbox 1851 1630 1992 1671; x_wconf 90' lang='lat' dir='ltr'><strong>mus.</strong></span> <span class='ocrx_word' id='word_1_444' title='bbox 2025 1616 2162 1671; x_wconf 88' lang='lat' dir='ltr'><strong>Ecce</strong></span> <span class='ocrx_word' id='word_1_445' title='bbox 2191 1617 2496 1673; x_wconf 87' lang='lat' dir='ltr'><strong>habitamus</strong></span> <span class='ocrx_word' id='word_1_446' title='bbox 2527 1619 2582 1673; x_wconf 90' lang='lat' dir='ltr'><strong>in</strong></span> <span class='ocrx_word' id='word_1_447' title='bbox 2612 1635 2800 1684; x_wconf 89' lang='lat' dir='ltr'><strong>unum,</strong></span> <span class='ocrx_word' id='word_1_448' title='bbox 2835 1622 2937 1674; x_wconf 88' lang='lat' dir='ltr'><strong>hoc</strong></span> <span class='ocrx_word' id='word_1_449' title='bbox 2963 1629 3066 1683; x_wconf 88' lang='lat' dir='ltr'><strong>est,</strong></span> <span class='ocrx_word' id='word_1_450' title='bbox 3107 1620 3285 1675; x_wconf 90' lang='lat' dir='ltr'><strong>omnia</strong></span> <span class='ocrx_word' id='word_1_451' title='bbox 3333 1622 3432 1675; x_wconf 86' lang='lat' dir='ltr'><strong>ha-</strong></span> 
     </span>
    </p>
   </div>
   <div class='ocr_carea' id='block_1_62' title="bbox 1849 1709 3433 1774">
    <p class='ocr_par' dir='ltr' id='par_1_62' title="bbox 1849 1709 3433 1774">
     <span class='ocr_line' id='line_1_62' title="bbox 1849 1709 3433 1774; baseline 0.001 -9"><span class='ocrx_word' id='word_1_452' title='bbox 1849 1709 2039 1765; x_wconf 88' lang='lat' dir='ltr'><strong>bemus</strong></span> <span class='ocrx_word' id='word_1_453' title='bbox 2066 1711 2390 1774; x_wconf 88' lang='lat' dir='ltr'><strong>communia,</strong></span> <span class='ocrx_word' id='word_1_454' title='bbox 2425 1719 2482 1765; x_wconf 90' lang='lat' dir='ltr'><strong>et</strong></span> <span class='ocrx_word' id='word_1_455' title='bbox 2508 1711 2560 1765; x_wconf 92' lang='lat' dir='ltr'><strong>in</strong></span> <span class='ocrx_word' id='word_1_456' title='bbox 2598 1713 2786 1766; x_wconf 90' lang='lat' dir='ltr'><strong>eadem</strong></span> <span class='ocrx_word' id='word_1_457' title='bbox 2823 1711 3098 1767; x_wconf 87' lang='lat' dir='ltr'><strong>voluntate</strong></span> <span class='ocrx_word' id='word_1_458' title='bbox 3147 1712 3433 1767; x_wconf 82' lang='lat' dir='ltr'><strong>existimas</strong></span> 
     </span>
    </p>
   </div>
   <div class='ocr_carea' id='block_1_63' title="bbox 1849 1801 3430 1870">
    <p class='ocr_par' dir='ltr' id='par_1_63' title="bbox 1849 1801 3430 1870">
     <span class='ocr_line' id='line_1_63' title="bbox 1849 1801 3430 1870; baseline 0.001 -15"><span class='ocrx_word' id='word_1_459' title='bbox 1849 1801 2200 1870; x_wconf 88' lang='lat' dir='ltr'><strong>apostolicam</strong></span> <span class='ocrx_word' id='word_1_460' title='bbox 2214 1803 2381 1857; x_wconf 84' lang='lat' dir='ltr'><strong>vitam</strong></span> <span class='ocrx_word' id='word_1_461' title='bbox 2414 1804 2688 1860; x_wconf 89' lang='lat' dir='ltr'><strong>ducentes.</strong></span> <span class='ocrx_word' id='word_1_462' title='bbox 2727 1802 2880 1859; x_wconf 88' lang='lat' dir='ltr'><strong>Unde</strong></span> <span class='ocrx_word' id='word_1_463' title='bbox 2908 1812 2964 1858; x_wconf 90' lang='lat' dir='ltr'><strong>et</strong></span> <span class='ocrx_word' id='word_1_464' title='bbox 2991 1819 3109 1868; x_wconf 87' lang='lat' dir='ltr'><strong>vos,</strong></span> <span class='ocrx_word' id='word_1_465' title='bbox 3136 1803 3430 1866; x_wconf 86' lang='lat' dir='ltr'><strong>auditores,</strong></span> 
     </span>
    </p>
   </div>
   <div class='ocr_carea' id='block_1_64' title="bbox 1851 1893 3432 1964">
    <p class='ocr_par' dir='ltr' id='par_1_64' title="bbox 1851 1893 3432 1964">
     <span class='ocr_line' id='line_1_64' title="bbox 1851 1893 3432 1964; baseline 0 -17"><span class='ocrx_word' id='word_1_466' title='bbox 1851 1893 2062 1958; x_wconf 89' lang='lat' dir='ltr'><strong>discite,</strong></span> <span class='ocrx_word' id='word_1_467' title='bbox 2103 1909 2262 1962; x_wconf 86' lang='lat' dir='ltr'><strong>quam</strong></span> <span class='ocrx_word' id='word_1_468' title='bbox 2319 1894 2508 1948; x_wconf 88' lang='lat' dir='ltr'><strong>bonum</strong></span> <span class='ocrx_word' id='word_1_469' title='bbox 2565 1904 2611 1947; x_wconf 87' lang='lat' dir='ltr'><strong>et</strong></span> <span class='ocrx_word' id='word_1_470' title='bbox 2658 1910 2817 1957; x_wconf 88' lang='lat' dir='ltr'><strong>quam</strong></span> <span class='ocrx_word' id='word_1_471' title='bbox 2862 1894 3158 1964; x_wconf 87' lang='lat' dir='ltr'><strong>jucundum</strong></span> <span class='ocrx_word' id='word_1_472' title='bbox 3195 1902 3280 1948; x_wconf 90' lang='lat' dir='ltr'><strong>est</strong></span> <span class='ocrx_word' id='word_1_473' title='bbox 3331 1894 3432 1947; x_wconf 79' lang='lat' dir='ltr'><strong>Ita-</strong></span> 
     </span>
    </p>
   </div>
   <div class='ocr_carea' id='block_1_65' title="bbox 1849 1983 3431 2052">
    <p class='ocr_par' dir='ltr' id='par_1_65' title="bbox 1849 1983 3431 2052">
     <span class='ocr_line' id='line_1_65' title="bbox 1849 1983 3431 2052; baseline 0.001 -14"><span class='ocrx_word' id='word_1_474' title='bbox 1849 1984 2015 2038; x_wconf 89' lang='lat' dir='ltr'><strong>bitare</strong></span> <span class='ocrx_word' id='word_1_475' title='bbox 2073 1983 2267 2052; x_wconf 78' lang='lat' dir='ltr'><strong>fratres</strong></span> <span class='ocrx_word' id='word_1_476' title='bbox 2319 1985 2372 2038; x_wconf 88' lang='lat' dir='ltr'><strong>in</strong></span> <span class='ocrx_word' id='word_1_477' title='bbox 2402 2001 2586 2049; x_wconf 88' lang='lat' dir='ltr'><strong>unum,</strong></span> <span class='ocrx_word' id='word_1_478' title='bbox 2631 1985 2685 2039; x_wconf 90' lang='lat' dir='ltr'><strong>id</strong></span> <span class='ocrx_word' id='word_1_479' title='bbox 2738 1993 2842 2048; x_wconf 88' lang='lat' dir='ltr'><strong>est,</strong></span> <span class='ocrx_word' id='word_1_480' title='bbox 2871 1985 3123 2040; x_wconf 81' lang='lat' dir='ltr'><strong>concordi</strong></span> <span class='ocrx_word' id='word_1_481' title='bbox 3157 1984 3431 2039; x_wconf 86' lang='lat' dir='ltr'><strong>voluntate</strong></span> 
     </span>
    </p>
   </div>
   <div class='ocr_carea' id='block_1_66' title="bbox 1848 2074 3429 2145">
    <p class='ocr_par' dir='ltr' id='par_1_66' title="bbox 1848 2074 3429 2145">
     <span class='ocr_line' id='line_1_66' title="bbox 1848 2074 3429 2145; baseline -0.001 -16"><span class='ocrx_word' id='word_1_482' title='bbox 1848 2083 1909 2129; x_wconf 90' lang='lat' dir='ltr'><strong>ut</strong></span> <span class='ocrx_word' id='word_1_483' title='bbox 1931 2076 2070 2131; x_wconf 90' lang='lat' dir='ltr'><strong>idem</strong></span> <span class='ocrx_word' id='word_1_484' title='bbox 2109 2076 2296 2131; x_wconf 89' lang='lat' dir='ltr'><strong>velint.</strong></span> <span class='ocrx_word' id='word_1_485' title='bbox 2330 2074 2481 2143; x_wconf 83' lang='lat' dir='ltr'><strong>Quod</strong></span> <span class='ocrx_word' id='word_1_486' title='bbox 2508 2076 2697 2132; x_wconf 89' lang='lat' dir='ltr'><strong>melius</strong></span> <span class='ocrx_word' id='word_1_487' title='bbox 2725 2085 2782 2132; x_wconf 91' lang='lat' dir='ltr'><strong>et</strong></span> <span class='ocrx_word' id='word_1_488' title='bbox 2811 2075 3102 2144; x_wconf 86' lang='lat' dir='ltr'><strong>jucundius</strong></span> <span class='ocrx_word' id='word_1_489' title='bbox 3152 2085 3238 2131; x_wconf 93' lang='lat' dir='ltr'><strong>est</strong></span> <span class='ocrx_word' id='word_1_490' title='bbox 3270 2091 3429 2145; x_wconf 88' lang='lat' dir='ltr'><strong>quam</strong></span> 
     </span>
    </p>
   </div>
   <div class='ocr_carea' id='block_1_67' title="bbox 1849 2165 3434 2236">
    <p class='ocr_par' dir='ltr' id='par_1_67' title="bbox 1849 2165 3434 2236">
     <span class='ocr_line' id='line_1_67' title="bbox 1849 2165 3434 2236; baseline -0.001 -16"><span class='ocrx_word' id='word_1_491' title='bbox 1849 2175 1907 2220; x_wconf 90' lang='lat' dir='ltr'><strong>ut</strong></span> <span class='ocrx_word' id='word_1_492' title='bbox 1930 2167 2101 2235; x_wconf 89' lang='lat' dir='ltr'><strong>possit</strong></span> <span class='ocrx_word' id='word_1_493' title='bbox 2126 2183 2259 2222; x_wconf 90' lang='lat' dir='ltr'><strong>voce</strong></span> <span class='ocrx_word' id='word_1_494' title='bbox 2290 2167 2549 2236; x_wconf 83' lang='lat' dir='ltr'><strong>proﬁteri.</strong></span> <span class='ocrx_word' id='word_1_495' title='bbox 2584 2166 2733 2221; x_wconf 83' lang='lat' dir='ltr'><strong>Multi</strong></span> <span class='ocrx_word' id='word_1_496' title='bbox 2762 2168 3099 2230; x_wconf 88' lang='lat' dir='ltr'><strong>cohabitant,</strong></span> <span class='ocrx_word' id='word_1_497' title='bbox 3130 2175 3187 2219; x_wconf 94' lang='lat' dir='ltr'><strong>ut</strong></span> <span class='ocrx_word' id='word_1_498' title='bbox 3224 2165 3354 2221; x_wconf 91' lang='lat' dir='ltr'><strong>Cain</strong></span> <span class='ocrx_word' id='word_1_499' title='bbox 3380 2174 3434 2220; x_wconf 88' lang='lat' dir='ltr'><strong>et</strong></span> 
     </span>
    </p>
   </div>
   <div class='ocr_carea' id='block_1_68' title="bbox 1848 2256 3429 2321">
    <p class='ocr_par' dir='ltr' id='par_1_68' title="bbox 1848 2256 3429 2321">
     <span class='ocr_line' id='line_1_68' title="bbox 1848 2256 3429 2321; baseline -0.001 -12"><span class='ocrx_word' id='word_1_500' title='bbox 1848 2256 2002 2321; x_wconf 80' lang='lat' dir='ltr'><strong>Abel,</strong></span> <span class='ocrx_word' id='word_1_501' title='bbox 2034 2257 2173 2310; x_wconf 88' lang='lat' dir='ltr'><strong>Esau</strong></span> <span class='ocrx_word' id='word_1_502' title='bbox 2203 2266 2257 2311; x_wconf 92' lang='lat' dir='ltr'><strong>et</strong></span> <span class='ocrx_word' id='word_1_503' title='bbox 2284 2257 2473 2321; x_wconf 85' lang='lat' dir='ltr'><strong>Jacob,</strong></span> <span class='ocrx_word' id='word_1_504' title='bbox 2505 2256 2599 2311; x_wconf 89' lang='lat' dir='ltr'><strong>sed</strong></span> <span class='ocrx_word' id='word_1_505' title='bbox 2630 2271 2737 2310; x_wconf 90' lang='lat' dir='ltr'><strong>non</strong></span> <span class='ocrx_word' id='word_1_506' title='bbox 2773 2256 2824 2309; x_wconf 93' lang='lat' dir='ltr'><strong>in</strong></span> <span class='ocrx_word' id='word_1_507' title='bbox 2852 2272 3037 2310; x_wconf 90' lang='lat' dir='ltr'><strong>unum.</strong></span> <span class='ocrx_word' id='word_1_508' title='bbox 3082 2256 3242 2310; x_wconf 85' lang='lat' dir='ltr'><strong>Multa</strong></span> <span class='ocrx_word' id='word_1_509' title='bbox 3265 2256 3429 2311; x_wconf 90' lang='lat' dir='ltr'><strong>etiam</strong></span> 
     </span>
    </p>
   </div>
   <div class='ocr_carea' id='block_1_69' title="bbox 1848 2344 3429 2416">
    <p class='ocr_par' dir='ltr' id='par_1_69' title="bbox 1848 2344 3429 2416">
     <span class='ocr_line' id='line_1_69' title="bbox 1848 2344 3429 2416; baseline -0.004 -14"><span class='ocrx_word' id='word_1_510' title='bbox 1848 2357 1973 2402; x_wconf 90' lang='lat' dir='ltr'><strong>sunt</strong></span> <span class='ocrx_word' id='word_1_511' title='bbox 1999 2349 2160 2410; x_wconf 90' lang='lat' dir='ltr'><strong>bona,</strong></span> <span class='ocrx_word' id='word_1_512' title='bbox 2188 2356 2243 2402; x_wconf 86' lang='lat' dir='ltr'><strong>et</strong></span> <span class='ocrx_word' id='word_1_513' title='bbox 2272 2362 2375 2401; x_wconf 92' lang='lat' dir='ltr'><strong>non</strong></span> <span class='ocrx_word' id='word_1_514' title='bbox 2394 2346 2655 2416; x_wconf 88' lang='lat' dir='ltr'><strong>jucunda,</strong></span> <span class='ocrx_word' id='word_1_515' title='bbox 2687 2355 2745 2399; x_wconf 89' lang='lat' dir='ltr'><strong>ut</strong></span> <span class='ocrx_word' id='word_1_516' title='bbox 2768 2344 3034 2416; x_wconf 89' lang='lat' dir='ltr'><strong>jejunare,</strong></span> <span class='ocrx_word' id='word_1_517' title='bbox 3068 2346 3235 2399; x_wconf 88' lang='lat' dir='ltr'><strong>vitam</strong></span> <span class='ocrx_word' id='word_1_518' title='bbox 3262 2345 3429 2399; x_wconf 89' lang='lat' dir='ltr'><strong>casti-</strong></span> 
     </span>
    </p>
   </div>
   <div class='ocr_carea' id='block_1_70' title="bbox 1848 2436 3431 2511">
    <p class='ocr_par' dir='ltr' id='par_1_70' title="bbox 1848 2436 3431 2511">
     <span class='ocr_line' id='line_1_70' title="bbox 1848 2436 3431 2511; baseline -0.001 -18"><span class='ocrx_word' id='word_1_519' title='bbox 1848 2455 1999 2511; x_wconf 87' lang='lat' dir='ltr'><strong>gare.</strong></span> <span class='ocrx_word' id='word_1_520' title='bbox 2031 2437 2194 2493; x_wconf 82' lang='lat' dir='ltr'><strong>Multa</strong></span> <span class='ocrx_word' id='word_1_521' title='bbox 2221 2438 2595 2507; x_wconf 83' lang='lat' dir='ltr'><strong>verojucunda</strong></span> <span class='ocrx_word' id='word_1_522' title='bbox 2618 2447 2673 2493; x_wconf 88' lang='lat' dir='ltr'><strong>et</strong></span> <span class='ocrx_word' id='word_1_523' title='bbox 2701 2454 2807 2491; x_wconf 93' lang='lat' dir='ltr'><strong>non</strong></span> <span class='ocrx_word' id='word_1_524' title='bbox 2840 2438 3003 2499; x_wconf 89' lang='lat' dir='ltr'><strong>bona,</strong></span> <span class='ocrx_word' id='word_1_525' title='bbox 3033 2446 3092 2490; x_wconf 91' lang='lat' dir='ltr'><strong>ut</strong></span> <span class='ocrx_word' id='word_1_526' title='bbox 3110 2436 3431 2505; x_wconf 80' lang='lat' dir='ltr'><strong>voluptuose</strong></span> 
     </span>
    </p>
   </div>
   <div class='ocr_carea' id='block_1_71' title="bbox 1847 2526 3431 2585">
    <p class='ocr_par' dir='ltr' id='par_1_71' title="bbox 1847 2526 3431 2585">
     <span class='ocr_line' id='line_1_71' title="bbox 1847 2526 3431 2585; baseline -0.002 -1"><span class='ocrx_word' id='word_1_527' title='bbox 1847 2530 2048 2585; x_wconf 84' lang='lat' dir='ltr'><strong>vivere.</strong></span> <span class='ocrx_word' id='word_1_528' title='bbox 2096 2528 2205 2583; x_wconf 88' lang='lat' dir='ltr'><strong>Sed</strong></span> <span class='ocrx_word' id='word_1_529' title='bbox 2258 2530 2365 2584; x_wconf 81' lang='lat' dir='ltr'><strong>ista</strong></span> <span class='ocrx_word' id='word_1_530' title='bbox 2402 2528 2629 2583; x_wconf 81' lang='lat' dir='ltr'><strong>fratrum</strong></span> <span class='ocrx_word' id='word_1_531' title='bbox 2659 2528 2994 2584; x_wconf 86' lang='lat' dir='ltr'><strong>cohabitatio</strong></span> <span class='ocrx_word' id='word_1_532' title='bbox 3034 2544 3157 2582; x_wconf 89' lang='lat' dir='ltr'><strong>eum</strong></span> <span class='ocrx_word' id='word_1_533' title='bbox 3189 2526 3260 2582; x_wconf 89' lang='lat' dir='ltr'><strong>sit</strong></span> <span class='ocrx_word' id='word_1_534' title='bbox 3290 2528 3431 2581; x_wconf 86' lang='lat' dir='ltr'><strong>bona</strong></span> 
     </span>
    </p>
   </div>
   <div class='ocr_carea' id='block_1_72' title="bbox 1846 2617 3433 2690">
    <p class='ocr_par' dir='ltr' id='par_1_72' title="bbox 1846 2617 3433 2690">
     <span class='ocr_line' id='line_1_72' title="bbox 1846 2617 3433 2690; baseline -0.004 -15"><span class='ocrx_word' id='word_1_535' title='bbox 1846 2629 1901 2676; x_wconf 91' lang='lat' dir='ltr'><strong>et</strong></span> <span class='ocrx_word' id='word_1_536' title='bbox 1923 2620 2180 2690; x_wconf 88' lang='lat' dir='ltr'><strong>jucunda,</strong></span> <span class='ocrx_word' id='word_1_537' title='bbox 2218 2619 2411 2673; x_wconf 90' lang='lat' dir='ltr'><strong>merito</strong></span> <span class='ocrx_word' id='word_1_538' title='bbox 2457 2626 2539 2673; x_wconf 84' lang='lat' dir='ltr'><strong>est</strong></span> <span class='ocrx_word' id='word_1_539' title='bbox 2577 2617 2971 2688; x_wconf 87' lang='lat' dir='ltr'><strong>amplectenda.</strong></span> <span class='ocrx_word' id='word_1_540' title='bbox 3014 2617 3170 2672; x_wconf 87' lang='lat' dir='ltr'><strong>Modo</strong></span> <span class='ocrx_word' id='word_1_541' title='bbox 3198 2617 3433 2672; x_wconf 90' lang='lat' dir='ltr'><strong>ostendit</strong></span> 
     </span>
    </p>
   </div>
   <div class='ocr_carea' id='block_1_73' title="bbox 1846 2706 3432 2780">
    <p class='ocr_par' dir='ltr' id='par_1_73' title="bbox 1846 2706 3432 2780">
     <span class='ocr_line' id='line_1_73' title="bbox 1846 2706 3432 2780; baseline -0.002 -16"><span class='ocrx_word' id='word_1_542' title='bbox 1846 2726 1942 2780; x_wconf 89' lang='lat' dir='ltr'><strong>per</strong></span> <span class='ocrx_word' id='word_1_543' title='bbox 1970 2708 2376 2764; x_wconf 87' lang='lat' dir='ltr'><strong>similitudinem</strong></span> <span class='ocrx_word' id='word_1_544' title='bbox 2409 2708 2585 2777; x_wconf 89' lang='lat' dir='ltr'><strong>qualis</strong></span> <span class='ocrx_word' id='word_1_545' title='bbox 2610 2708 2680 2762; x_wconf 91' lang='lat' dir='ltr'><strong>sit</strong></span> <span class='ocrx_word' id='word_1_546' title='bbox 2706 2727 2717 2761; x_wconf 91' lang='lat'>:</span> <span class='ocrx_word' id='word_1_547' title='bbox 2750 2706 2899 2763; x_wconf 89' lang='lat' dir='ltr'><strong>Sicut</strong></span> <span class='ocrx_word' id='word_1_548' title='bbox 2928 2708 3432 2777; x_wconf 83' lang='lat' dir='ltr'><strong>unguentum.Vere</strong></span> 
     </span>
    </p>
   </div>
   <div class='ocr_carea' id='block_1_74' title="bbox 1845 2798 3430 2868">
    <p class='ocr_par' dir='ltr' id='par_1_74' title="bbox 1845 2798 3430 2868">
     <span class='ocr_line' id='line_1_74' title="bbox 1845 2798 3430 2868; baseline -0.002 -13"><span class='ocrx_word' id='word_1_549' title='bbox 1845 2808 1929 2855; x_wconf 88' lang='grc' dir='ltr'><strong>εει</strong></span> <span class='ocrx_word' id='word_1_550' title='bbox 1986 2800 2177 2853; x_wconf 88' lang='lat' dir='ltr'><strong>bonum</strong></span> <span class='ocrx_word' id='word_1_551' title='bbox 2224 2810 2270 2853; x_wconf 88' lang='lat' dir='ltr'><strong>et</strong></span> <span class='ocrx_word' id='word_1_552' title='bbox 2310 2799 2611 2868; x_wconf 87' lang='lat' dir='ltr'><strong>jucundum</strong></span> <span class='ocrx_word' id='word_1_553' title='bbox 2660 2800 2793 2853; x_wconf 86' lang='lat' dir='ltr'><strong>sicut</strong></span> <span class='ocrx_word' id='word_1_554' title='bbox 2844 2807 3165 2867; x_wconf 84' lang='lat' dir='ltr'><strong>unguentum</strong></span> <span class='ocrx_word' id='word_1_555' title='bbox 3227 2798 3282 2851; x_wconf 91' lang='lat' dir='ltr'><strong>in</strong></span> <span class='ocrx_word' id='word_1_556' title='bbox 3342 2814 3430 2853; x_wconf 89' lang='lat' dir='ltr'><strong>ca-</strong></span> 
     </span>
    </p>
   </div>
   <div class='ocr_carea' id='block_1_75' title="bbox 1843 2886 3426 2960">
    <p class='ocr_par' dir='ltr' id='par_1_75' title="bbox 1843 2886 3426 2960">
     <span class='ocr_line' id='line_1_75' title="bbox 1843 2886 3426 2960; baseline -0.001 -18"><span class='ocrx_word' id='word_1_557' title='bbox 1843 2891 1971 2960; x_wconf 86' lang='lat' dir='ltr'><strong>pite,</strong></span> <span class='ocrx_word' id='word_1_558' title='bbox 2005 2898 2190 2960; x_wconf 88' lang='lat' dir='ltr'><strong>utpote</strong></span> <span class='ocrx_word' id='word_1_559' title='bbox 2222 2888 2500 2958; x_wconf 89' lang='lat' dir='ltr'><strong>spirituale</strong></span> <span class='ocrx_word' id='word_1_560' title='bbox 2521 2889 2717 2943; x_wconf 88' lang='lat' dir='ltr'><strong>donum</strong></span> <span class='ocrx_word' id='word_1_561' title='bbox 2749 2903 2856 2957; x_wconf 86' lang='lat' dir='ltr'><strong>quo</strong></span> <span class='ocrx_word' id='word_1_562' title='bbox 2884 2886 3105 2957; x_wconf 80' lang='lat' dir='ltr'><strong>perfecti</strong></span> <span class='ocrx_word' id='word_1_563' title='bbox 3134 2896 3426 2957; x_wconf 87' lang='lat' dir='ltr'><strong>unguntur,</strong></span> 
     </span>
    </p>
   </div>
   <div class='ocr_carea' id='block_1_76' title="bbox 1845 2976 3428 3052">
    <p class='ocr_par' dir='ltr' id='par_1_76' title="bbox 1845 2976 3428 3052">
     <span class='ocr_line' id='line_1_76' title="bbox 1845 2976 3428 3052; baseline -0.004 -17"><span class='ocrx_word' id='word_1_564' title='bbox 1845 2989 1903 3035; x_wconf 91' lang='lat' dir='ltr'><strong>ut</strong></span> <span class='ocrx_word' id='word_1_565' title='bbox 1925 2996 2098 3052; x_wconf 84' lang='lat' dir='ltr'><strong>reges,</strong></span> <span class='ocrx_word' id='word_1_566' title='bbox 2117 2980 2448 3045; x_wconf 86' lang='lat' dir='ltr'><strong>sacerdotes,</strong></span> <span class='ocrx_word' id='word_1_567' title='bbox 2473 2980 2712 3034; x_wconf 77' lang='lat' dir='ltr'><strong>existens</strong></span> <span class='ocrx_word' id='word_1_568' title='bbox 2738 2980 2790 3033; x_wconf 89' lang='lat' dir='ltr'><strong>in</strong></span> <span class='ocrx_word' id='word_1_569' title='bbox 2813 2986 3079 3047; x_wconf 89' lang='lat' dir='ltr'><strong>potestate</strong></span> <span class='ocrx_word' id='word_1_570' title='bbox 3107 2976 3308 3031; x_wconf 89' lang='lat' dir='ltr'><strong>Christi</strong></span> <span class='ocrx_word' id='word_1_571' title='bbox 3336 2976 3428 3045; x_wconf 91' lang='lat' dir='ltr'><strong>qui</strong></span> 
     </span>
    </p>
   </div>
   <div class='ocr_carea' id='block_1_77' title="bbox 1847 3068 3430 3145">
    <p class='ocr_par' dir='ltr' id='par_1_77' title="bbox 1847 3068 3430 3145">
     <span class='ocr_line' id='line_1_77' title="bbox 1847 3068 3430 3145; baseline -0.006 -15"><span class='ocrx_word' id='word_1_572' title='bbox 1847 3086 1932 3131; x_wconf 87' lang='lat' dir='ltr'><strong>est</strong></span> <span class='ocrx_word' id='word_1_573' title='bbox 1960 3084 2121 3145; x_wconf 90' lang='lat' dir='ltr'><strong>caput</strong></span> <span class='ocrx_word' id='word_1_574' title='bbox 2145 3082 2409 3128; x_wconf 88' lang='lat' dir='ltr'><strong>nostrum.</strong></span> <span class='ocrx_word' id='word_1_575' title='bbox 2444 3073 2511 3127; x_wconf 86' lang='lat' dir='ltr'><strong>Et</strong></span> <span class='ocrx_word' id='word_1_576' title='bbox 2536 3072 2641 3127; x_wconf 90' lang='lat' dir='ltr'><strong>tale</strong></span> <span class='ocrx_word' id='word_1_577' title='bbox 2669 3072 2869 3127; x_wconf 91' lang='lat' dir='ltr'><strong>donum</strong></span> <span class='ocrx_word' id='word_1_578' title='bbox 2899 3070 3039 3140; x_wconf 88' lang='lat' dir='ltr'><strong>quod</strong></span> <span class='ocrx_word' id='word_1_579' title='bbox 3079 3068 3345 3123; x_wconf 86' lang='lat' dir='ltr'><strong>descendit</strong></span> <span class='ocrx_word' id='word_1_580' title='bbox 3374 3069 3430 3121; x_wconf 90' lang='lat' dir='ltr'><strong>in</strong></span> 
     </span>
    </p>
   </div>
   <div class='ocr_carea' id='block_1_78' title="bbox 1846 3162 3429 3232">
    <p class='ocr_par' dir='ltr' id='par_1_78' title="bbox 1846 3162 3429 3232">
     <span class='ocr_line' id='line_1_78' title="bbox 1846 3162 3429 3232; baseline -0.004 -12"><span class='ocrx_word' id='word_1_581' title='bbox 1846 3167 2084 3231; x_wconf 86' lang='lat' dir='ltr'><strong>barbam,</strong></span> <span class='ocrx_word' id='word_1_582' title='bbox 2116 3164 2168 3219; x_wconf 90' lang='lat' dir='ltr'><strong>id</strong></span> <span class='ocrx_word' id='word_1_583' title='bbox 2193 3174 2298 3231; x_wconf 71' lang='lat' dir='ltr'><strong>es“,</strong></span> <span class='ocrx_word' id='word_1_584' title='bbox 2335 3165 2386 3218; x_wconf 90' lang='lat' dir='ltr'><strong>in</strong></span> <span class='ocrx_word' id='word_1_585' title='bbox 2421 3164 2693 3228; x_wconf 85' lang='lat' dir='ltr'><strong>robustos,</strong></span> <span class='ocrx_word' id='word_1_586' title='bbox 2721 3162 2976 3232; x_wconf 90' lang='lat' dir='ltr'><strong>quoniam</strong></span> <span class='ocrx_word' id='word_1_587' title='bbox 3021 3162 3187 3215; x_wconf 84' lang='lat' dir='ltr'><strong>robur</strong></span> <span class='ocrx_word' id='word_1_588' title='bbox 3236 3167 3291 3213; x_wconf 90' lang='lat' dir='ltr'><strong>et</strong></span> <span class='ocrx_word' id='word_1_589' title='bbox 3340 3174 3429 3213; x_wconf 89' lang='lat' dir='ltr'><strong>sa-</strong></span> 
     </span>
    </p>
   </div>
   <div class='ocr_carea' id='block_1_79' title="bbox 1846 3252 3430 3327">
    <p class='ocr_par' dir='ltr' id='par_1_79' title="bbox 1846 3252 3430 3327">
     <span class='ocr_line' id='line_1_79' title="bbox 1846 3252 3430 3327; baseline -0.005 -16"><span class='ocrx_word' id='word_1_590' title='bbox 1846 3257 2045 3327; x_wconf 90' lang='lat' dir='ltr'><strong>pientia</strong></span> <span class='ocrx_word' id='word_1_591' title='bbox 2094 3272 2192 3327; x_wconf 90' lang='lat' dir='ltr'><strong>per</strong></span> <span class='ocrx_word' id='word_1_592' title='bbox 2245 3256 2467 3310; x_wconf 87' lang='lat' dir='ltr'><strong>barbam</strong></span> <span class='ocrx_word' id='word_1_593' title='bbox 2508 3254 2816 3308; x_wconf 87' lang='lat' dir='ltr'><strong>denotatur.</strong></span> <span class='ocrx_word' id='word_1_594' title='bbox 2871 3252 2937 3305; x_wconf 88' lang='lat' dir='ltr'><strong>Et</strong></span> <span class='ocrx_word' id='word_1_595' title='bbox 2969 3252 3284 3321; x_wconf 81' lang='lat' dir='ltr'><strong>exsequitur</strong></span> <span class='ocrx_word' id='word_1_596' title='bbox 3332 3264 3430 3318; x_wconf 87' lang='lat' dir='ltr'><strong>per</strong></span> 
     </span>
    </p>
   </div>
   <div class='ocr_carea' id='block_1_80' title="bbox 1842 3339 3427 3417">
    <p class='ocr_par' dir='ltr' id='par_1_80' title="bbox 1842 3339 3427 3417">
     <span class='ocr_line' id='line_1_80' title="bbox 1842 3339 3427 3417; baseline -0.006 -15"><span class='ocrx_word' id='word_1_597' title='bbox 1842 3356 2045 3417; x_wconf 88' lang='lat' dir='ltr'><strong>partes,</strong></span> <span class='ocrx_word' id='word_1_598' title='bbox 2077 3347 2145 3401; x_wconf 91' lang='lat' dir='ltr'><strong>de</strong></span> <span class='ocrx_word' id='word_1_599' title='bbox 2189 3346 2384 3415; x_wconf 89' lang='lat' dir='ltr'><strong>quibus</strong></span> <span class='ocrx_word' id='word_1_600' title='bbox 2422 3344 2569 3399; x_wconf 90' lang='lat' dir='ltr'><strong>dicat</strong></span> <span class='ocrx_word' id='word_1_601' title='bbox 2598 3343 2857 3405; x_wconf 87' lang='lat' dir='ltr'><strong>robustis,</strong></span> <span class='ocrx_word' id='word_1_602' title='bbox 2889 3342 3096 3396; x_wconf 85' lang='lat' dir='ltr'><strong>scilicet</strong></span> <span class='ocrx_word' id='word_1_603' title='bbox 3128 3342 3180 3394; x_wconf 91' lang='lat' dir='ltr'><strong>in</strong></span> <span class='ocrx_word' id='word_1_604' title='bbox 3211 3339 3427 3393; x_wconf 88' lang='lat' dir='ltr'><strong>barbam</strong></span> 
     </span>
    </p>
   </div>
   <div class='ocr_carea' id='block_1_81' title="bbox 1842 3429 3427 3504">
    <p class='ocr_par' dir='ltr' id='par_1_81' title="bbox 1842 3429 3427 3504">
     <span class='ocr_line' id='line_1_81' title="bbox 1842 3429 3427 3504; baseline -0.005 -13"><span class='ocrx_word' id='word_1_605' title='bbox 1842 3444 2042 3504; x_wconf 76' lang='lat' dir='ltr'><strong>Aaron,</strong></span> <span class='ocrx_word' id='word_1_606' title='bbox 2091 3437 2141 3492; x_wconf 89' lang='lat' dir='ltr'><strong>id</strong></span> <span class='ocrx_word' id='word_1_607' title='bbox 2186 3449 2271 3491; x_wconf 87' lang='lat' dir='ltr'><strong>est</strong></span> <span class='ocrx_word' id='word_1_608' title='bbox 2312 3437 2364 3491; x_wconf 92' lang='lat' dir='ltr'><strong>in</strong></span> <span class='ocrx_word' id='word_1_609' title='bbox 2396 3434 2666 3504; x_wconf 88' lang='lat' dir='ltr'><strong>apostolos</strong></span> <span class='ocrx_word' id='word_1_610' title='bbox 2708 3434 2799 3502; x_wconf 91' lang='lat' dir='ltr'><strong>qui</strong></span> <span class='ocrx_word' id='word_1_611' title='bbox 2850 3433 3026 3503; x_wconf 88' lang='lat' dir='ltr'><strong>primo</strong></span> <span class='ocrx_word' id='word_1_612' title='bbox 3055 3432 3176 3486; x_wconf 90' lang='lat' dir='ltr'><strong>loco</strong></span> <span class='ocrx_word' id='word_1_613' title='bbox 3209 3429 3427 3486; x_wconf 89' lang='lat' dir='ltr'><strong>Christo</strong></span> 
     </span>
    </p>
   </div>
   <div class='ocr_carea' id='block_1_82' title="bbox 1841 3520 3426 3587">
    <p class='ocr_par' dir='ltr' id='par_1_82' title="bbox 1841 3520 3426 3587">
     <span class='ocr_line' id='line_1_82' title="bbox 1841 3520 3426 3587; baseline -0.006 -5"><span class='ocrx_word' id='word_1_614' title='bbox 1841 3528 2108 3583; x_wconf 87' lang='lat' dir='ltr'><strong>sacerdoti</strong></span> <span class='ocrx_word' id='word_1_615' title='bbox 2138 3541 2351 3581; x_wconf 91' lang='lat' dir='ltr'><strong>summo</strong></span> <span class='ocrx_word' id='word_1_616' title='bbox 2372 3523 2739 3579; x_wconf 74' lang='lat' dir='ltr'><strong>adhzerebant.</strong></span> <span class='ocrx_word' id='word_1_617' title='bbox 2771 3523 2886 3587; x_wconf 76' lang='lat' dir='ltr'><strong>Vel,</strong></span> <span class='ocrx_word' id='word_1_618' title='bbox 2916 3521 3215 3576; x_wconf 86' lang='lat' dir='ltr'><strong>secundum</strong></span> <span class='ocrx_word' id='word_1_619' title='bbox 3253 3520 3426 3575; x_wconf 86' lang='lat' dir='ltr'><strong>nomi-</strong></span> 
     </span>
    </p>
   </div>
   <div class='ocr_carea' id='block_1_83' title="bbox 1841 3611 3425 3689">
    <p class='ocr_par' dir='ltr' id='par_1_83' title="bbox 1841 3611 3425 3689">
     <span class='ocr_line' id='line_1_83' title="bbox 1841 3611 3425 3689; baseline -0.008 -14"><span class='ocrx_word' id='word_1_620' title='bbox 1841 3622 1926 3675; x_wconf 82' lang='lat' dir='ltr'><strong>nis</strong></span> <span class='ocrx_word' id='word_1_621' title='bbox 1954 3619 2474 3689; x_wconf 90' lang='lat' dir='ltr'><strong>interpretationem,</strong></span> <span class='ocrx_word' id='word_1_622' title='bbox 2516 3617 2698 3669; x_wconf 80' lang='lat' dir='ltr'><strong>Aaron</strong></span> <span class='ocrx_word' id='word_1_623' title='bbox 2729 3613 2928 3669; x_wconf 88' lang='lat' dir='ltr'><strong>dicitur</strong></span> <span class='ocrx_word' id='word_1_624' title='bbox 2955 3629 3105 3666; x_wconf 84' lang='lat' dir='ltr'><strong>mons</strong></span> <span class='ocrx_word' id='word_1_625' title='bbox 3148 3611 3232 3665; x_wconf 91' lang='lat' dir='ltr'><strong>vel</strong></span> <span class='ocrx_word' id='word_1_626' title='bbox 3275 3626 3425 3665; x_wconf 81' lang='lat' dir='ltr'><strong>mon-</strong></span> 
     </span>
    </p>
   </div>
   <div class='ocr_carea' id='block_1_84' title="bbox 1839 3701 3421 3763">
    <p class='ocr_par' dir='ltr' id='par_1_84' title="bbox 1839 3701 3421 3763">
     <span class='ocr_line' id='line_1_84' title="bbox 1839 3701 3421 3763; baseline -0.008 0"><span class='ocrx_word' id='word_1_627' title='bbox 1839 3721 2015 3763; x_wconf 89' lang='lat' dir='ltr'><strong>tanus.</strong></span> <span class='ocrx_word' id='word_1_628' title='bbox 2061 3709 2127 3762; x_wconf 86' lang='lat' dir='ltr'><strong>Et</strong></span> <span class='ocrx_word' id='word_1_629' title='bbox 2159 3708 2407 3763; x_wconf 87' lang='lat' dir='ltr'><strong>Christus</strong></span> <span class='ocrx_word' id='word_1_630' title='bbox 2450 3705 2573 3759; x_wconf 91' lang='lat' dir='ltr'><strong>licet</strong></span> <span class='ocrx_word' id='word_1_631' title='bbox 2631 3704 2684 3757; x_wconf 93' lang='lat' dir='ltr'><strong>in</strong></span> <span class='ocrx_word' id='word_1_632' title='bbox 2724 3701 2923 3757; x_wconf 77' lang='lat' dir='ltr'><strong>saeculo</strong></span> <span class='ocrx_word' id='word_1_633' title='bbox 2982 3708 3421 3763; x_wconf 84' lang='lat' dir='ltr'><strong>conversaretur,</strong></span> 
     </span>
    </p>
   </div>
   <div class='ocr_carea' id='block_1_85' title="bbox 1837 3788 3424 3867">
    <p class='ocr_par' dir='ltr' id='par_1_85' title="bbox 1837 3788 3424 3867">
     <span class='ocr_line' id='line_1_85' title="bbox 1837 3788 3424 3867; baseline -0.006 -14"><span class='ocrx_word' id='word_1_634' title='bbox 1837 3813 2050 3867; x_wconf 85' lang='lat' dir='ltr'><strong>semper</strong></span> <span class='ocrx_word' id='word_1_635' title='bbox 2075 3806 2252 3850; x_wconf 83' lang='lat' dir='ltr'><strong>tamen</strong></span> <span class='ocrx_word' id='word_1_636' title='bbox 2283 3795 2396 3864; x_wconf 91' lang='lat' dir='ltr'><strong>ipse</strong></span> <span class='ocrx_word' id='word_1_637' title='bbox 2424 3809 2579 3848; x_wconf 88' lang='lat' dir='ltr'><strong>mons</strong></span> <span class='ocrx_word' id='word_1_638' title='bbox 2593 3793 2853 3856; x_wconf 88' lang='lat' dir='ltr'><strong>existens,</strong></span> <span class='ocrx_word' id='word_1_639' title='bbox 2872 3792 2924 3844; x_wconf 92' lang='lat' dir='ltr'><strong>in</strong></span> <span class='ocrx_word' id='word_1_640' title='bbox 2950 3798 3132 3846; x_wconf 89' lang='lat' dir='ltr'><strong>monte</strong></span> <span class='ocrx_word' id='word_1_641' title='bbox 3160 3788 3424 3844; x_wconf 90' lang='lat' dir='ltr'><strong>altissimo</strong></span> 
     </span>
    </p>
   </div>
   <div class='ocr_carea' id='block_1_86' title="bbox 1836 3878 3423 3955">
    <p class='ocr_par' dir='ltr' id='par_1_86' title="bbox 1836 3878 3423 3955">
     <span class='ocr_line' id='line_1_86' title="bbox 1836 3878 3423 3955; baseline -0.006 -12"><span class='ocrx_word' id='word_1_642' title='bbox 1836 3898 1891 3943; x_wconf 91' lang='lat' dir='ltr'><strong>et</strong></span> <span class='ocrx_word' id='word_1_643' title='bbox 1942 3888 1995 3942; x_wconf 92' lang='lat' dir='ltr'><strong>in</strong></span> <span class='ocrx_word' id='word_1_644' title='bbox 2054 3887 2352 3941; x_wconf 89' lang='lat' dir='ltr'><strong>munitione</strong></span> <span class='ocrx_word' id='word_1_645' title='bbox 2414 3883 2814 3955; x_wconf 77' lang='lat' dir='ltr'><strong>inexpugnabili</strong></span> <span class='ocrx_word' id='word_1_646' title='bbox 2886 3880 3206 3951; x_wconf 88' lang='lat' dir='ltr'><strong>permansit.</strong></span> <span class='ocrx_word' id='word_1_647' title='bbox 3269 3878 3423 3945; x_wconf 83' lang='lat' dir='ltr'><strong>Quod</strong></span> 
     </span>
    </p>
   </div>
   <div class='ocr_carea' id='block_1_87' title="bbox 1834 3971 3423 4043">
    <p class='ocr_par' dir='ltr' id='par_1_87' title="bbox 1834 3971 3423 4043">
     <span class='ocr_line' id='line_1_87' title="bbox 1834 3971 3423 4043; baseline -0.006 -10"><span class='ocrx_word' id='word_1_648' title='bbox 1834 3978 2096 4033; x_wconf 87' lang='lat' dir='ltr'><strong>descendit</strong></span> <span class='ocrx_word' id='word_1_649' title='bbox 2125 3978 2177 4030; x_wconf 87' lang='lat' dir='ltr'><strong>in</strong></span> <span class='ocrx_word' id='word_1_650' title='bbox 2203 3992 2371 4030; x_wconf 90' lang='lat' dir='ltr'><strong>oram.</strong></span> <span class='ocrx_word' id='word_1_651' title='bbox 2406 3974 2559 4040; x_wconf 84' lang='lat' dir='ltr'><strong>Quod</strong></span> <span class='ocrx_word' id='word_1_652' title='bbox 2584 3982 2905 4043; x_wconf 88' lang='lat' dir='ltr'><strong>unguentum</strong></span> <span class='ocrx_word' id='word_1_653' title='bbox 2934 3986 3038 4027; x_wconf 91' lang='lat' dir='ltr'><strong>non</strong></span> <span class='ocrx_word' id='word_1_654' title='bbox 3081 3979 3290 4026; x_wconf 88' lang='lat' dir='ltr'><strong>tantum</strong></span> <span class='ocrx_word' id='word_1_655' title='bbox 3327 3971 3423 4024; x_wconf 90' lang='lat' dir='ltr'><strong>de-</strong></span> 
     </span>
    </p>
   </div>
   <div class='ocr_carea' id='block_1_88' title="bbox 1832 4062 3419 4134">
    <p class='ocr_par' dir='ltr' id='par_1_88' title="bbox 1832 4062 3419 4134">
     <span class='ocr_line' id='line_1_88' title="bbox 1832 4062 3419 4134; baseline -0.005 -13"><span class='ocrx_word' id='word_1_656' title='bbox 1832 4068 2053 4131; x_wconf 83' lang='lat' dir='ltr'><strong>scendit,</strong></span> <span class='ocrx_word' id='word_1_657' title='bbox 2086 4068 2137 4121; x_wconf 92' lang='lat' dir='ltr'><strong>id</strong></span> <span class='ocrx_word' id='word_1_658' title='bbox 2160 4074 2262 4132; x_wconf 88' lang='lat' dir='ltr'><strong>est,</strong></span> <span class='ocrx_word' id='word_1_659' title='bbox 2294 4064 2548 4134; x_wconf 80' lang='lat' dir='ltr'><strong>proﬂuxit</strong></span> <span class='ocrx_word' id='word_1_660' title='bbox 2580 4065 2636 4117; x_wconf 90' lang='lat' dir='ltr'><strong>in</strong></span> <span class='ocrx_word' id='word_1_661' title='bbox 2666 4062 2880 4116; x_wconf 85' lang='lat' dir='ltr'><strong>barbam</strong></span> <span class='ocrx_word' id='word_1_662' title='bbox 2907 4063 3108 4126; x_wconf 80' lang='lat' dir='ltr'><strong>Aaron,</strong></span> <span class='ocrx_word' id='word_1_663' title='bbox 3141 4062 3235 4116; x_wconf 88' lang='lat' dir='ltr'><strong>sed</strong></span> <span class='ocrx_word' id='word_1_664' title='bbox 3257 4062 3419 4115; x_wconf 88' lang='lat' dir='ltr'><strong>etiam</strong></span> 
     </span>
    </p>
   </div>
   <div class='ocr_carea' id='block_1_89' title="bbox 1832 4153 3421 4225">
    <p class='ocr_par' dir='ltr' id='par_1_89' title="bbox 1832 4153 3421 4225">
     <span class='ocr_line' id='line_1_89' title="bbox 1832 4153 3421 4225; baseline -0.003 -14"><span class='ocrx_word' id='word_1_665' title='bbox 1832 4159 1887 4211; x_wconf 87' lang='lat' dir='ltr'><strong>in</strong></span> <span class='ocrx_word' id='word_1_666' title='bbox 1926 4175 2073 4211; x_wconf 87' lang='lat' dir='ltr'><strong>oram</strong></span> <span class='ocrx_word' id='word_1_667' title='bbox 2116 4158 2402 4211; x_wconf 84' lang='lat' dir='ltr'><strong>vestimenti</strong></span> <span class='ocrx_word' id='word_1_668' title='bbox 2432 4156 2569 4225; x_wconf 90' lang='lat' dir='ltr'><strong>ejus,</strong></span> <span class='ocrx_word' id='word_1_669' title='bbox 2604 4154 2655 4208; x_wconf 93' lang='lat' dir='ltr'><strong>id</strong></span> <span class='ocrx_word' id='word_1_670' title='bbox 2687 4162 2793 4217; x_wconf 90' lang='lat' dir='ltr'><strong>est,</strong></span> <span class='ocrx_word' id='word_1_671' title='bbox 2826 4153 2879 4206; x_wconf 90' lang='lat' dir='ltr'><strong>in</strong></span> <span class='ocrx_word' id='word_1_672' title='bbox 2926 4153 3296 4209; x_wconf 88' lang='lat' dir='ltr'><strong>summitatem</strong></span> <span class='ocrx_word' id='word_1_673' title='bbox 3328 4167 3421 4206; x_wconf 86' lang='lat' dir='ltr'><strong>ve-</strong></span> 
     </span>
    </p>
   </div>
   <div class='ocr_carea' id='block_1_90' title="bbox 1833 4243 3421 4318">
    <p class='ocr_par' dir='ltr' id='par_1_90' title="bbox 1833 4243 3421 4318">
     <span class='ocr_line' id='line_1_90' title="bbox 1833 4243 3421 4318; baseline -0.004 -14"><span class='ocrx_word' id='word_1_674' title='bbox 1833 4253 1995 4304; x_wconf 89' lang='lat' dir='ltr'><strong>stium</strong></span> <span class='ocrx_word' id='word_1_675' title='bbox 2039 4250 2181 4318; x_wconf 89' lang='lat' dir='ltr'><strong>ejus,</strong></span> <span class='ocrx_word' id='word_1_676' title='bbox 2205 4250 2329 4318; x_wconf 89' lang='lat' dir='ltr'><strong>quia</strong></span> <span class='ocrx_word' id='word_1_677' title='bbox 2361 4247 2542 4301; x_wconf 91' lang='lat' dir='ltr'><strong>unctio</strong></span> <span class='ocrx_word' id='word_1_678' title='bbox 2567 4246 2863 4315; x_wconf 82' lang='lat' dir='ltr'><strong>spiritualis</strong></span> <span class='ocrx_word' id='word_1_679' title='bbox 2892 4247 3066 4312; x_wconf 90' lang='lat' dir='ltr'><strong>primo</strong></span> <span class='ocrx_word' id='word_1_680' title='bbox 3092 4245 3158 4299; x_wconf 93' lang='lat' dir='ltr'><strong>de</strong></span> <span class='ocrx_word' id='word_1_681' title='bbox 3203 4243 3421 4299; x_wconf 89' lang='lat' dir='ltr'><strong>Christo</strong></span> 
     </span>
    </p>
   </div>
   <div class='ocr_carea' id='block_1_91' title="bbox 145 4333 3417 4428">
    <p class='ocr_par' dir='ltr' id='par_1_91' title="bbox 145 4333 3417 4428">
     <span class='ocr_line' id='line_1_91' title="bbox 145 4333 3417 4428; baseline -0.002 -34"><span class='ocrx_word' id='word_1_682' title='bbox 145 4342 387 4396; x_wconf 86' lang='lat' dir='ltr'><strong>natione.</strong></span> <span class='ocrx_word' id='word_1_683' title='bbox 440 4344 545 4399; x_wconf 88' lang='lat' dir='ltr'><strong>Sed</strong></span> <span class='ocrx_word' id='word_1_684' title='bbox 576 4344 924 4412; x_wconf 82' lang='lat' dir='ltr'><strong>sanctiﬁcatio</strong></span> <span class='ocrx_word' id='word_1_685' title='bbox 964 4361 1100 4408; x_wconf 88' lang='lat' dir='ltr'><strong>mea,</strong></span> <span class='ocrx_word' id='word_1_686' title='bbox 1153 4343 1204 4396; x_wconf 91' lang='lat' dir='ltr'><strong>id</strong></span> <span class='ocrx_word' id='word_1_687' title='bbox 1253 4351 1357 4407; x_wconf 84' lang='lat' dir='ltr'><strong>est,</strong></span> <span class='ocrx_word' id='word_1_688' title='bbox 1404 4343 1724 4398; x_wconf 85' lang='lat' dir='ltr'><strong>sanetilicati</strong></span> <span class='ocrx_word' id='word_1_689' title='bbox 1760 4371 1806 4428; x_wconf 73' lang='grc' dir='ltr'><strong>ι)</strong></span> <span class='ocrx_word' id='word_1_690' title='bbox 1834 4340 2085 4409; x_wconf 78' lang='lat' dir='ltr'><strong>proﬂuxit</strong></span> <span class='ocrx_word' id='word_1_691' title='bbox 2132 4340 2184 4392; x_wconf 89' lang='lat' dir='ltr'><strong>iu</strong></span> <span class='ocrx_word' id='word_1_692' title='bbox 2225 4336 2522 4405; x_wconf 87' lang='lat' dir='ltr'><strong>apostolos,</strong></span> <span class='ocrx_word' id='word_1_693' title='bbox 2553 4336 2707 4403; x_wconf 80' lang='lat' dir='ltr'><strong>quasi</strong></span> <span class='ocrx_word' id='word_1_694' title='bbox 2755 4336 2820 4388; x_wconf 87' lang='lat' dir='ltr'><strong>de</strong></span> <span class='ocrx_word' id='word_1_695' title='bbox 2863 4334 3030 4401; x_wconf 80' lang='lat' dir='ltr'><strong>capite</strong></span> <span class='ocrx_word' id='word_1_696' title='bbox 3077 4333 3131 4386; x_wconf 93' lang='lat' dir='ltr'><strong>in</strong></span> <span class='ocrx_word' id='word_1_697' title='bbox 3178 4333 3417 4397; x_wconf 90' lang='lat' dir='ltr'><strong>barbam,</strong></span> 
     </span>
    </p>
   </div>
   <div class='ocr_carea' id='block_1_92' title="bbox 145 4428 1726 4496">
    <p class='ocr_par' dir='ltr' id='par_1_92' title="bbox 145 4428 1726 4496">
     <span class='ocr_line' id='line_1_92' title="bbox 145 4428 1726 4496; baseline 0.003 -13"><span class='ocrx_word' id='word_1_698' title='bbox 145 4432 253 4485; x_wconf 88' lang='lat' dir='ltr'><strong>mei</strong></span> <span class='ocrx_word' id='word_1_699' title='bbox 292 4428 611 4487; x_wconf 82' lang='lat' dir='ltr'><strong>elllorebunt</strong></span> <span class='ocrx_word' id='word_1_700' title='bbox 657 4434 725 4487; x_wconf 90' lang='lat' dir='ltr'><strong>de</strong></span> <span class='ocrx_word' id='word_1_701' title='bbox 752 4432 1036 4487; x_wconf 77' lang='lat' dir='ltr'><strong>virtutejn</strong></span> <span class='ocrx_word' id='word_1_702' title='bbox 1066 4433 1342 4496; x_wconf 87' lang='lat' dir='ltr'><strong>virtutem,</strong></span> <span class='ocrx_word' id='word_1_703' title='bbox 1375 4433 1456 4486; x_wconf 85' lang='lat' dir='ltr'><strong>vel</strong></span> <span class='ocrx_word' id='word_1_704' title='bbox 1503 4432 1726 4487; x_wconf 82' lang='lat' dir='ltr'><strong>ﬂoribus</strong></span> 
     </span>
    </p>
   </div>
   <div class='ocr_carea' id='block_1_93' title="bbox 142 4523 1727 4593">
    <p class='ocr_par' dir='ltr' id='par_1_93' title="bbox 142 4523 1727 4593">
     <span class='ocr_line' id='line_1_93' title="bbox 142 4523 1727 4593; baseline 0 -18"><span class='ocrx_word' id='word_1_705' title='bbox 142 4523 409 4577; x_wconf 91' lang='lat' dir='ltr'><strong>honorum</strong></span> <span class='ocrx_word' id='word_1_706' title='bbox 437 4538 659 4593; x_wconf 89' lang='lat' dir='ltr'><strong>operum</strong></span> <span class='ocrx_word' id='word_1_707' title='bbox 688 4524 739 4577; x_wconf 91' lang='lat' dir='ltr'><strong>iu</strong></span> <span class='ocrx_word' id='word_1_708' title='bbox 776 4523 1143 4576; x_wconf 86' lang='lat' dir='ltr'><strong>maturitatem</strong></span> <span class='ocrx_word' id='word_1_709' title='bbox 1173 4530 1389 4576; x_wconf 79' lang='lat' dir='ltr'><strong>aeternae</strong></span> <span class='ocrx_word' id='word_1_710' title='bbox 1416 4536 1727 4577; x_wconf 86' lang='lat' dir='ltr'><strong>remunera-</strong></span> 
     </span>
    </p>
   </div>
   <div class='ocr_carea' id='block_1_94' title="bbox 140 4614 1724 4687">
    <p class='ocr_par' dir='ltr' id='par_1_94' title="bbox 140 4614 1724 4687">
     <span class='ocr_line' id='line_1_94' title="bbox 140 4614 1724 4687; baseline -0.001 -16"><span class='ocrx_word' id='word_1_711' title='bbox 140 4618 331 4681; x_wconf 86' lang='lat' dir='ltr'><strong>tionis,</strong></span> <span class='ocrx_word' id='word_1_712' title='bbox 363 4634 518 4686; x_wconf 89' lang='lat' dir='ltr'><strong>super</strong></span> <span class='ocrx_word' id='word_1_713' title='bbox 553 4619 720 4687; x_wconf 83' lang='lat' dir='ltr'><strong>ipsum</strong></span> <span class='ocrx_word' id='word_1_714' title='bbox 759 4616 1009 4671; x_wconf 88' lang='lat' dir='ltr'><strong>videlicet</strong></span> <span class='ocrx_word' id='word_1_715' title='bbox 1037 4615 1316 4671; x_wconf 87' lang='lat' dir='ltr'><strong>Christum</strong></span> <span class='ocrx_word' id='word_1_716' title='bbox 1348 4614 1578 4678; x_wconf 83' lang='lat' dir='ltr'><strong>fundati,</strong></span> <span class='ocrx_word' id='word_1_717' title='bbox 1608 4615 1724 4669; x_wconf 91' lang='lat' dir='ltr'><strong>sine</strong></span> 
     </span>
    </p>
   </div>
   <div class='ocr_carea' id='block_1_95' title="bbox 140 4705 1723 4778">
    <p class='ocr_par' dir='ltr' id='par_1_95' title="bbox 140 4705 1723 4778">
     <span class='ocr_line' id='line_1_95' title="bbox 140 4705 1723 4778; baseline -0.001 -17"><span class='ocrx_word' id='word_1_718' title='bbox 140 4724 252 4777; x_wconf 90' lang='lat' dir='ltr'><strong>quo</strong></span> <span class='ocrx_word' id='word_1_719' title='bbox 273 4707 405 4762; x_wconf 87' lang='lat' dir='ltr'><strong>nihil</strong></span> <span class='ocrx_word' id='word_1_720' title='bbox 431 4723 551 4764; x_wconf 90' lang='lat' dir='ltr'><strong>esse</strong></span> <span class='ocrx_word' id='word_1_721' title='bbox 579 4717 823 4778; x_wconf 65' lang='lat' dir='ltr'><strong>possunt:</strong></span> <span class='ocrx_word' id='word_1_722' title='bbox 856 4708 1027 4762; x_wconf 88' lang='lat' dir='ltr'><strong>Aliter</strong></span> <span class='ocrx_word' id='word_1_723' title='bbox 1052 4725 1065 4760; x_wconf 89' lang='lat'><strong>:</strong></span> <span class='ocrx_word' id='word_1_724' title='bbox 1098 4705 1259 4771; x_wconf 88' lang='lat' dir='ltr'><strong>Illuc,</strong></span> <span class='ocrx_word' id='word_1_725' title='bbox 1292 4706 1342 4759; x_wconf 89' lang='lat' dir='ltr'><strong>id</strong></span> <span class='ocrx_word' id='word_1_726' title='bbox 1372 4714 1479 4772; x_wconf 87' lang='lat' dir='ltr'><strong>est,</strong></span> <span class='ocrx_word' id='word_1_727' title='bbox 1510 4706 1576 4760; x_wconf 87' lang='lat' dir='ltr'><strong>ad</strong></span> <span class='ocrx_word' id='word_1_728' title='bbox 1598 4722 1723 4759; x_wconf 62' lang='lat' dir='ltr'><strong>sano</strong></span> 
     </span>
    </p>
   </div>
   <div class='ocr_carea' id='block_1_96' title="bbox 139 4795 1720 4867">
    <p class='ocr_par' dir='ltr' id='par_1_96' title="bbox 139 4795 1720 4867">
     <span class='ocr_line' id='line_1_96' title="bbox 139 4795 1720 4867; baseline -0.001 -14"><span class='ocrx_word' id='word_1_729' title='bbox 139 4807 259 4853; x_wconf 90' lang='lat' dir='ltr'><strong>ctos</strong></span> <span class='ocrx_word' id='word_1_730' title='bbox 287 4799 571 4867; x_wconf 85' lang='lat' dir='ltr'><strong>producam</strong></span> <span class='ocrx_word' id='word_1_731' title='bbox 595 4816 763 4852; x_wconf 78' lang='lat' dir='ltr'><strong>cornu</strong></span> <span class='ocrx_word' id='word_1_732' title='bbox 791 4798 977 4854; x_wconf 87' lang='lat' dir='ltr'><strong>David.</strong></span> <span class='ocrx_word' id='word_1_733' title='bbox 1005 4797 1074 4851; x_wconf 88' lang='lat' dir='ltr'><strong>Et</strong></span> <span class='ocrx_word' id='word_1_734' title='bbox 1116 4811 1222 4850; x_wconf 91' lang='lat' dir='ltr'><strong>non</strong></span> <span class='ocrx_word' id='word_1_735' title='bbox 1264 4806 1471 4850; x_wconf 86' lang='lat' dir='ltr'><strong>tantum</strong></span> <span class='ocrx_word' id='word_1_736' title='bbox 1500 4795 1566 4850; x_wconf 88' lang='lat' dir='ltr'><strong>ad</strong></span> <span class='ocrx_word' id='word_1_737' title='bbox 1607 4810 1720 4859; x_wconf 87' lang='lat' dir='ltr'><strong>eos,</strong></span> 
     </span>
    </p>
   </div>
   <div class='ocr_carea' id='block_1_97' title="bbox 140 4888 1721 4957">
    <p class='ocr_par' dir='ltr' id='par_1_97' title="bbox 140 4888 1721 4957">
     <span class='ocr_line' id='line_1_97' title="bbox 140 4888 1721 4957; baseline -0.001 -16"><span class='ocrx_word' id='word_1_738' title='bbox 140 4888 237 4942; x_wconf 86' lang='lat' dir='ltr'><strong>sed</strong></span> <span class='ocrx_word' id='word_1_739' title='bbox 266 4888 428 4941; x_wconf 88' lang='lat' dir='ltr'><strong>etiam</strong></span> <span class='ocrx_word' id='word_1_740' title='bbox 452 4890 710 4951; x_wconf 80' lang='lat' dir='ltr'><strong>inimicos,</strong></span> <span class='ocrx_word' id='word_1_741' title='bbox 746 4889 796 4942; x_wconf 93' lang='lat' dir='ltr'><strong>id</strong></span> <span class='ocrx_word' id='word_1_742' title='bbox 824 4896 925 4950; x_wconf 88' lang='lat' dir='ltr'><strong>est,</strong></span> <span class='ocrx_word' id='word_1_743' title='bbox 960 4895 1336 4957; x_wconf 89' lang='lat' dir='ltr'><strong>persecutores</strong></span> <span class='ocrx_word' id='word_1_744' title='bbox 1362 4888 1478 4957; x_wconf 89' lang='lat' dir='ltr'><strong>ejus</strong></span> <span class='ocrx_word' id='word_1_745' title='bbox 1500 4888 1721 4941; x_wconf 88' lang='lat' dir='ltr'><strong>induam</strong></span> 
     </span>
    </p>
   </div>
   <div class='ocr_carea' id='block_1_98' title="bbox 140 4976 1725 5047">
    <p class='ocr_par' dir='ltr' id='par_1_98' title="bbox 140 4976 1725 5047">
     <span class='ocr_line' id='line_1_98' title="bbox 140 4976 1725 5047; baseline 0 -16"><span class='ocrx_word' id='word_1_746' title='bbox 140 4976 448 5045; x_wconf 77' lang='lat' dir='ltr'><strong>confusione</strong></span> <span class='ocrx_word' id='word_1_747' title='bbox 476 4981 640 5044; x_wconf 88' lang='lat' dir='ltr'><strong>bona,</strong></span> <span class='ocrx_word' id='word_1_748' title='bbox 674 4989 731 5033; x_wconf 93' lang='lat' dir='ltr'><strong>ut</strong></span> <span class='ocrx_word' id='word_1_749' title='bbox 775 4980 1206 5047; x_wconf 82' lang='lat' dir='ltr'><strong>erubescentiam</strong></span> <span class='ocrx_word' id='word_1_750' title='bbox 1258 4994 1322 5032; x_wconf 86' lang='lat' dir='ltr'><strong>ex</strong></span> <span class='ocrx_word' id='word_1_751' title='bbox 1371 4994 1437 5035; x_wconf 87' lang='lat' dir='ltr'><strong>eo</strong></span> <span class='ocrx_word' id='word_1_752' title='bbox 1490 4979 1725 5034; x_wconf 90' lang='lat' dir='ltr'><strong>habeant</strong></span> 
     </span>
    </p>
   </div>
   <div class='ocr_carea' id='block_1_99' title="bbox 138 5068 1721 5139">
    <p class='ocr_par' dir='ltr' id='par_1_99' title="bbox 138 5068 1721 5139">
     <span class='ocr_line' id='line_1_99' title="bbox 138 5068 1721 5139; baseline 0.001 -17"><span class='ocrx_word' id='word_1_753' title='bbox 138 5068 286 5139; x_wconf 88' lang='lat' dir='ltr'><strong>quod</strong></span> <span class='ocrx_word' id='word_1_754' title='bbox 314 5072 580 5138; x_wconf 89' lang='lat' dir='ltr'><strong>persecuti</strong></span> <span class='ocrx_word' id='word_1_755' title='bbox 610 5079 735 5125; x_wconf 92' lang='lat' dir='ltr'><strong>sunt</strong></span> <span class='ocrx_word' id='word_1_756' title='bbox 762 5087 904 5124; x_wconf 89' lang='lat' dir='ltr'><strong>eum.</strong></span> <span class='ocrx_word' id='word_1_757' title='bbox 935 5070 1002 5125; x_wconf 85' lang='lat' dir='ltr'><strong>Et</strong></span> <span class='ocrx_word' id='word_1_758' title='bbox 1034 5087 1138 5127; x_wconf 89' lang='lat' dir='ltr'><strong>non</strong></span> <span class='ocrx_word' id='word_1_759' title='bbox 1172 5070 1341 5125; x_wconf 90' lang='lat' dir='ltr'><strong>solum</strong></span> <span class='ocrx_word' id='word_1_760' title='bbox 1372 5074 1721 5135; x_wconf 90' lang='lat' dir='ltr'><strong>erubescent,</strong></span> 
     </span>
    </p>
   </div>
   <div class='ocr_carea' id='block_1_100' title="bbox 1831 4423 3419 4500">
    <p class='ocr_par' dir='ltr' id='par_1_100' title="bbox 1831 4423 3419 4500">
     <span class='ocr_line' id='line_1_100' title="bbox 1831 4423 3419 4500; baseline -0.004 -15"><span class='ocrx_word' id='word_1_761' title='bbox 1831 4432 2023 4485; x_wconf 77' lang='lat' dir='ltr'><strong>deinde</strong></span> <span class='ocrx_word' id='word_1_762' title='bbox 2061 4446 2157 4500; x_wconf 89' lang='lat' dir='ltr'><strong>per</strong></span> <span class='ocrx_word' id='word_1_763' title='bbox 2186 4430 2400 4483; x_wconf 88' lang='lat' dir='ltr'><strong>barbam</strong></span> <span class='ocrx_word' id='word_1_764' title='bbox 2439 4429 2493 4481; x_wconf 90' lang='lat' dir='ltr'><strong>in</strong></span> <span class='ocrx_word' id='word_1_765' title='bbox 2530 4426 2934 4488; x_wconf 90' lang='lat' dir='ltr'><strong>vestimentum,</strong></span> <span class='ocrx_word' id='word_1_766' title='bbox 2969 4423 3017 4477; x_wconf 84' lang='lat' dir='ltr'><strong>id</strong></span> <span class='ocrx_word' id='word_1_767' title='bbox 3048 4432 3151 4488; x_wconf 90' lang='lat' dir='ltr'><strong>est,</strong></span> <span class='ocrx_word' id='word_1_768' title='bbox 3188 4423 3254 4477; x_wconf 90' lang='lat' dir='ltr'><strong>de</strong></span> <span class='ocrx_word' id='word_1_769' title='bbox 3284 4439 3419 4493; x_wconf 88' lang='lat' dir='ltr'><strong>apo-</strong></span> 
     </span>
    </p>
   </div>
   <div class='ocr_carea' id='block_1_101' title="bbox 1833 4514 3415 4588">
    <p class='ocr_par' dir='ltr' id='par_1_101' title="bbox 1833 4514 3415 4588">
     <span class='ocr_line' id='line_1_101' title="bbox 1833 4514 3415 4588; baseline -0.003 -14"><span class='ocrx_word' id='word_1_770' title='bbox 1833 4520 1985 4576; x_wconf 84' lang='lat' dir='ltr'><strong>stolis</strong></span> <span class='ocrx_word' id='word_1_771' title='bbox 2024 4520 2075 4573; x_wconf 91' lang='lat' dir='ltr'><strong>in</strong></span> <span class='ocrx_word' id='word_1_772' title='bbox 2126 4527 2414 4588; x_wconf 87' lang='lat' dir='ltr'><strong>martyres,</strong></span> <span class='ocrx_word' id='word_1_773' title='bbox 2446 4518 2537 4585; x_wconf 87' lang='lat' dir='ltr'><strong>qui</strong></span> <span class='ocrx_word' id='word_1_774' title='bbox 2592 4515 2753 4585; x_wconf 90' lang='lat' dir='ltr'><strong>primi</strong></span> <span class='ocrx_word' id='word_1_775' title='bbox 2805 4524 2929 4585; x_wconf 89' lang='lat' dir='ltr'><strong>post</strong></span> <span class='ocrx_word' id='word_1_776' title='bbox 2978 4514 3252 4585; x_wconf 84' lang='lat' dir='ltr'><strong>apostolos</strong></span> <span class='ocrx_word' id='word_1_777' title='bbox 3298 4531 3415 4570; x_wconf 89' lang='lat' dir='ltr'><strong>am-</strong></span> 
     </span>
    </p>
   </div>
   <div class='ocr_carea' id='block_1_102' title="bbox 1831 4612 3416 4679">
    <p class='ocr_par' dir='ltr' id='par_1_102' title="bbox 1831 4612 3416 4679">
     <span class='ocr_line' id='line_1_102' title="bbox 1831 4612 3416 4679; baseline -0.002 -9"><span class='ocrx_word' id='word_1_778' title='bbox 1831 4618 2042 4670; x_wconf 86' lang='lat' dir='ltr'><strong>bientes</strong></span> <span class='ocrx_word' id='word_1_779' title='bbox 2089 4622 2245 4669; x_wconf 88' lang='lat' dir='ltr'><strong>erant</strong></span> <span class='ocrx_word' id='word_1_780' title='bbox 2282 4612 2592 4677; x_wconf 87' lang='lat' dir='ltr'><strong>Christum,</strong></span> <span class='ocrx_word' id='word_1_781' title='bbox 2648 4621 2702 4665; x_wconf 90' lang='grc' dir='ltr'><strong>ει</strong></span> <span class='ocrx_word' id='word_1_782' title='bbox 2756 4612 2834 4667; x_wconf 91' lang='lat' dir='ltr'><strong>sic</strong></span> <span class='ocrx_word' id='word_1_783' title='bbox 2885 4614 2939 4666; x_wconf 87' lang='lat' dir='ltr'><strong>in</strong></span> <span class='ocrx_word' id='word_1_784' title='bbox 2985 4629 3151 4674; x_wconf 86' lang='lat' dir='ltr'><strong>oram,</strong></span> <span class='ocrx_word' id='word_1_785' title='bbox 3209 4614 3261 4668; x_wconf 91' lang='lat' dir='ltr'><strong>id</strong></span> <span class='ocrx_word' id='word_1_786' title='bbox 3300 4626 3416 4679; x_wconf 81' lang='lat' dir='ltr'><strong>est,</strong></span> 
     </span>
    </p>
   </div>
   <div class='ocr_carea' id='block_1_103' title="bbox 1832 4704 3416 4768">
    <p class='ocr_par' dir='ltr' id='par_1_103' title="bbox 1832 4704 3416 4768">
     <span class='ocr_line' id='line_1_103' title="bbox 1832 4704 3416 4768; baseline -0.001 -10"><span class='ocrx_word' id='word_1_787' title='bbox 1832 4707 1884 4758; x_wconf 90' lang='lat' dir='ltr'><strong>in</strong></span> <span class='ocrx_word' id='word_1_788' title='bbox 1941 4705 2339 4760; x_wconf 78' lang='lat' dir='ltr'><strong>extremitatem</strong></span> <span class='ocrx_word' id='word_1_789' title='bbox 2402 4704 2734 4768; x_wconf 83' lang='lat' dir='ltr'><strong>vestimenti,</strong></span> <span class='ocrx_word' id='word_1_790' title='bbox 2802 4704 2854 4759; x_wconf 92' lang='lat' dir='ltr'><strong>id</strong></span> <span class='ocrx_word' id='word_1_791' title='bbox 2919 4714 3043 4766; x_wconf 88' lang='lat' dir='ltr'><strong>est,</strong></span> <span class='ocrx_word' id='word_1_792' title='bbox 3109 4706 3161 4756; x_wconf 92' lang='lat' dir='ltr'><strong>in</strong></span> <span class='ocrx_word' id='word_1_793' title='bbox 3225 4720 3416 4759; x_wconf 88' lang='lat' dir='ltr'><strong>omnes</strong></span> 
     </span>
    </p>
   </div>
   <div class='ocr_carea' id='block_1_104' title="bbox 1832 4795 3420 4852">
    <p class='ocr_par' dir='ltr' id='par_1_104' title="bbox 1832 4795 3420 4852">
     <span class='ocr_line' id='line_1_104' title="bbox 1832 4795 3420 4852; baseline 0 -3"><span class='ocrx_word' id='word_1_794' title='bbox 1832 4796 2014 4851; x_wconf 86' lang='lat' dir='ltr'><strong>ﬁdeles</strong></span> <span class='ocrx_word' id='word_1_795' title='bbox 2044 4796 2313 4851; x_wconf 54' lang='lat' dir='ltr'><strong>Ecclesia‘.</strong></span> <span class='ocrx_word' id='word_1_796' title='bbox 2356 4795 2459 4850; x_wconf 89' lang='lat' dir='ltr'><strong>Per</strong></span> <span class='ocrx_word' id='word_1_797' title='bbox 2510 4797 2613 4850; x_wconf 91' lang='lat' dir='ltr'><strong>hoc</strong></span> <span class='ocrx_word' id='word_1_798' title='bbox 2644 4796 2872 4851; x_wconf 92' lang='lat' dir='ltr'><strong>multum</strong></span> <span class='ocrx_word' id='word_1_799' title='bbox 2901 4796 3243 4852; x_wconf 87' lang='lat' dir='ltr'><strong>commendat</strong></span> <span class='ocrx_word' id='word_1_800' title='bbox 3275 4798 3420 4851; x_wconf 91' lang='lat' dir='ltr'><strong>hunc</strong></span> 
     </span>
    </p>
   </div>
   <div class='ocr_carea' id='block_1_105' title="bbox 1831 4884 3417 4954">
    <p class='ocr_par' dir='ltr' id='par_1_105' title="bbox 1831 4884 3417 4954">
     <span class='ocr_line' id='line_1_105' title="bbox 1831 4884 3417 4954; baseline -0.002 -16"><span class='ocrx_word' id='word_1_801' title='bbox 1831 4885 2097 4954; x_wconf 83' lang='lat' dir='ltr'><strong>gradum,</strong></span> <span class='ocrx_word' id='word_1_802' title='bbox 2161 4885 2211 4938; x_wconf 91' lang='lat' dir='ltr'><strong>id</strong></span> <span class='ocrx_word' id='word_1_803' title='bbox 2260 4893 2373 4948; x_wconf 91' lang='lat' dir='ltr'><strong>est,</strong></span> <span class='ocrx_word' id='word_1_804' title='bbox 2436 4884 2892 4942; x_wconf 82' lang='lat' dir='ltr'><strong>cohabitationem</strong></span> <span class='ocrx_word' id='word_1_805' title='bbox 2933 4887 2990 4939; x_wconf 90' lang='lat' dir='ltr'><strong>in</strong></span> <span class='ocrx_word' id='word_1_806' title='bbox 3039 4901 3233 4948; x_wconf 86' lang='lat' dir='ltr'><strong>unum,</strong></span> <span class='ocrx_word' id='word_1_807' title='bbox 3289 4886 3417 4952; x_wconf 89' lang='lat' dir='ltr'><strong>quia</strong></span> 
     </span>
    </p>
   </div>
   <div class='ocr_carea' id='block_1_106' title="bbox 1834 4972 3425 5044">
    <p class='ocr_par' dir='ltr' id='par_1_106' title="bbox 1834 4972 3425 5044">
     <span class='ocr_line' id='line_1_106' title="bbox 1834 4972 3425 5044; baseline -0.003 -16"><span class='ocrx_word' id='word_1_808' title='bbox 1834 4983 1941 5028; x_wconf 90' lang='lat' dir='ltr'><strong>tam</strong></span> <span class='ocrx_word' id='word_1_809' title='bbox 1993 4974 2293 5043; x_wconf 66' lang='lat' dir='ltr'><strong>praecipuos</strong></span> <span class='ocrx_word' id='word_1_810' title='bbox 2342 4975 2508 5038; x_wconf 80' lang='lat' dir='ltr'><strong>viros,</strong></span> <span class='ocrx_word' id='word_1_811' title='bbox 2557 4972 2766 5028; x_wconf 85' lang='lat' dir='ltr'><strong>scilicet</strong></span> <span class='ocrx_word' id='word_1_812' title='bbox 2808 4974 3078 5044; x_wconf 86' lang='lat' dir='ltr'><strong>apostolos</strong></span> <span class='ocrx_word' id='word_1_813' title='bbox 3124 4980 3178 5023; x_wconf 92' lang='lat' dir='ltr'><strong>et</strong></span> <span class='ocrx_word' id='word_1_814' title='bbox 3214 4979 3425 5040; x_wconf 82' lang='lat' dir='ltr'><strong>marty-</strong></span> 
     </span>
    </p>
   </div>
   <div class='ocr_carea' id='block_1_107' title="bbox 1830 5062 3432 5130">
    <p class='ocr_par' dir='ltr' id='par_1_107' title="bbox 1830 5062 3432 5130">
     <span class='ocr_line' id='line_1_107' title="bbox 1830 5062 3432 5130; baseline -0.006 -11"><span class='ocrx_word' id='word_1_815' title='bbox 1830 5081 1939 5129; x_wconf 89' lang='lat' dir='ltr'><strong>res,</strong></span> <span class='ocrx_word' id='word_1_816' title='bbox 1988 5066 2040 5119; x_wconf 88' lang='lat' dir='ltr'><strong>in</strong></span> <span class='ocrx_word' id='word_1_817' title='bbox 2084 5080 2145 5118; x_wconf 91' lang='lat' dir='ltr'><strong>ea</strong></span> <span class='ocrx_word' id='word_1_818' title='bbox 2203 5062 2369 5120; x_wconf 83' lang='lat' dir='ltr'><strong>fuisse</strong></span> <span class='ocrx_word' id='word_1_819' title='bbox 2416 5076 2829 5121; x_wconf 85' lang='lat' dir='ltr'><strong>commemorat.</strong></span> <span class='ocrx_word' id='word_1_820' title='bbox 2886 5064 3035 5130; x_wconf 81' lang='lat' dir='ltr'><strong>Quod</strong></span> <span class='ocrx_word' id='word_1_821' title='bbox 3086 5070 3432 5126; x_wconf 87' lang='lat' dir='ltr'><strong>unguentum</strong></span> 
     </span>
    </p>
   </div>
   <div class='ocr_carea' id='block_1_108' title="bbox 1827 5156 3443 5230">
    <p class='ocr_par' dir='ltr' id='par_1_108' title="bbox 1827 5156 3443 5230">
     <span class='ocr_line' id='line_1_108' title="bbox 1827 5156 3443 5230; baseline -0.008 -14"><span class='ocrx_word' id='word_1_822' title='bbox 1827 5158 2082 5230; x_wconf 82' lang='lat' dir='ltr'><strong>proﬂuxit</strong></span> <span class='ocrx_word' id='word_1_823' title='bbox 2105 5158 2237 5210; x_wconf 87' lang='lat' dir='ltr'><strong>sicut</strong></span> <span class='ocrx_word' id='word_1_824' title='bbox 2276 5174 2359 5212; x_wconf 87' lang='lat' dir='ltr'><strong>ros</strong></span> <span class='ocrx_word' id='word_1_825' title='bbox 2401 5158 2653 5218; x_wconf 79' lang='lat' dir='ltr'><strong>llermon,</strong></span> <span class='ocrx_word' id='word_1_826' title='bbox 2696 5158 2747 5212; x_wconf 88' lang='lat' dir='ltr'><strong>id</strong></span> <span class='ocrx_word' id='word_1_827' title='bbox 2776 5170 2886 5225; x_wconf 85' lang='lat' dir='ltr'><strong>est,</strong></span> <span class='ocrx_word' id='word_1_828' title='bbox 2917 5165 3097 5225; x_wconf 88' lang='lat' dir='ltr'><strong>utpote</strong></span> <span class='ocrx_word' id='word_1_829' title='bbox 3126 5156 3443 5221; x_wconf 80' lang='lat' dir='ltr'><strong>gratuitum</strong></span> 
     </span>
    </p>
   </div>
   <div class='ocr_carea' id='block_1_109' title="bbox 1826 5240 3451 5317">
    <p class='ocr_par' dir='ltr' id='par_1_109' title="bbox 1826 5240 3451 5317">
     <span class='ocr_line' id='line_1_109' title="bbox 1826 5240 3451 5317; baseline -0.01 -10"><span class='ocrx_word' id='word_1_830' title='bbox 1826 5255 2026 5309; x_wconf 88' lang='lat' dir='ltr'><strong>donum</strong></span> <span class='ocrx_word' id='word_1_831' title='bbox 2057 5248 2278 5304; x_wconf 79' lang='lat' dir='ltr'><strong>exaltati</strong></span> <span class='ocrx_word' id='word_1_832' title='bbox 2334 5250 2574 5309; x_wconf 82' lang='lat' dir='ltr'><strong>luminis,</strong></span> <span class='ocrx_word' id='word_1_833' title='bbox 2621 5248 2671 5300; x_wconf 85' lang='lat' dir='ltr'><strong>id</strong></span> <span class='ocrx_word' id='word_1_834' title='bbox 2720 5260 2833 5317; x_wconf 90' lang='lat' dir='ltr'><strong>est,</strong></span> <span class='ocrx_word' id='word_1_835' title='bbox 2884 5245 3102 5306; x_wconf 85' lang='lat' dir='ltr'><strong>Christi,</strong></span> <span class='ocrx_word' id='word_1_836' title='bbox 3141 5240 3285 5309; x_wconf 80' lang='lat' dir='ltr'><strong>quia</strong></span> <span class='ocrx_word' id='word_1_837' title='bbox 3349 5245 3451 5297; x_wconf 92' lang='lat' dir='ltr'><strong>hoc</strong></span> 
     </span>
    </p>
   </div>
   <div class='ocr_carea' id='block_1_110' title="bbox 1825 5333 3451 5408">
    <p class='ocr_par' dir='ltr' id='par_1_110' title="bbox 1825 5333 3451 5408">
     <span class='ocr_line' id='line_1_110' title="bbox 1825 5333 3451 5408; baseline -0.01 -10"><span class='ocrx_word' id='word_1_838' title='bbox 1825 5340 2175 5408; x_wconf 87' lang='lat' dir='ltr'><strong>donum.ipse</strong></span> <span class='ocrx_word' id='word_1_839' title='bbox 2225 5338 2351 5392; x_wconf 87' lang='lat' dir='ltr'><strong>nulli</strong></span> <span class='ocrx_word' id='word_1_840' title='bbox 2402 5335 2629 5395; x_wconf 84' lang='lat' dir='ltr'><strong>contulit</strong></span> <span class='ocrx_word' id='word_1_841' title='bbox 2658 5346 2788 5391; x_wconf 89' lang='lat' dir='ltr'><strong>ante</strong></span> <span class='ocrx_word' id='word_1_842' title='bbox 2845 5333 3227 5395; x_wconf 79' lang='lat' dir='ltr'><strong>exultationem</strong></span> <span class='ocrx_word' id='word_1_843' title='bbox 3278 5343 3451 5386; x_wconf 82' lang='lat' dir='ltr'><strong>suam</strong></span> 
     </span>
    </p>
   </div>
   <div class='ocr_carea' id='block_1_111' title="bbox 1827 5419 3456 5496">
    <p class='ocr_par' dir='ltr' id='par_1_111' title="bbox 1827 5419 3456 5496">
     <span class='ocr_line' id='line_1_111' title="bbox 1827 5419 3456 5496; baseline -0.015 -9"><span class='ocrx_word' id='word_1_844' title='bbox 1827 5432 1965 5487; x_wconf 83' lang='lat' dir='ltr'><strong>sicut</strong></span> <span class='ocrx_word' id='word_1_845' title='bbox 2006 5428 2261 5496; x_wconf 88' lang='lat' dir='ltr'><strong>scriptum</strong></span> <span class='ocrx_word' id='word_1_846' title='bbox 2316 5438 2399 5483; x_wconf 91' lang='lat' dir='ltr'><strong>est</strong></span> <span class='ocrx_word' id='word_1_847' title='bbox 2442 5446 2455 5482; x_wconf 93' lang='lat'>:</span> <span class='ocrx_word' id='word_1_848' title='bbox 2506 5422 2760 5478; x_wconf 83' lang='lat' dir='ltr'><strong>Nondum</strong></span> <span class='ocrx_word' id='word_1_849' title='bbox 2809 5436 2923 5483; x_wconf 82' lang='lat' dir='ltr'><strong>erat</strong></span> <span class='ocrx_word' id='word_1_850' title='bbox 2978 5419 3208 5490; x_wconf 82' lang='lat' dir='ltr'><strong>Spiritus</strong></span> <span class='ocrx_word' id='word_1_851' title='bbox 3246 5422 3456 5477; x_wconf 70' lang='lat' dir='ltr'><strong>datus,</strong></span> 
     </span>
    </p>
   </div>
   <div class='ocr_carea' id='block_1_112' title="bbox 1826 5504 3460 5599">
    <p class='ocr_par' dir='ltr' id='par_1_112' title="bbox 1826 5504 3460 5599">
     <span class='ocr_line' id='line_1_112' title="bbox 1826 5504 3460 5599; baseline -0.01 -22"><span class='ocrx_word' id='word_1_852' title='bbox 1826 5525 1950 5591; x_wconf 88' lang='lat' dir='ltr'><strong>quia</strong></span> <span class='ocrx_word' id='word_1_853' title='bbox 2014 5521 2168 5574; x_wconf 82' lang='lat' dir='ltr'><strong>Jestts</strong></span> <span class='ocrx_word' id='word_1_854' title='bbox 2233 5520 2465 5572; x_wconf 87' lang='lat' dir='ltr'><strong>nondum</strong></span> <span class='ocrx_word' id='word_1_855' title='bbox 2520 5521 2635 5568; x_wconf 87' lang='lat' dir='ltr'><strong>erat</strong></span> <span class='ocrx_word' id='word_1_856' title='bbox 2685 5512 3020 5585; x_wconf 76' lang='lat' dir='ltr'><strong>gloriﬁcatus</strong></span> <span class='ocrx_word' id='word_1_857' title='bbox 3055 5504 3264 5599; x_wconf 66' lang='grc' dir='ltr'><strong>(Ιοαη.</strong></span> <span class='ocrx_word' id='word_1_858' title='bbox 3341 5506 3460 5571; x_wconf 81' lang='lat' dir='ltr'><strong>vlt).</strong></span> 
     </span>
    </p>
   </div>
   <div class='ocr_carea' id='block_1_113' title="bbox 138 5152 1722 5233">
    <p class='ocr_par' dir='ltr' id='par_1_113' title="bbox 138 5152 1722 5233">
     <span class='ocr_line' id='line_1_113' title="bbox 138 5152 1722 5233; baseline 0 -19"><span class='ocrx_word' id='word_1_859' title='bbox 138 5160 237 5214; x_wconf 85' lang='lat' dir='ltr'><strong>sed</strong></span> <span class='ocrx_word' id='word_1_860' title='bbox 253 5158 412 5212; x_wconf 90' lang='lat' dir='ltr'><strong>etiam</strong></span> <span class='ocrx_word' id='word_1_861' title='bbox 435 5170 618 5229; x_wconf 86' lang='lat' dir='ltr'><strong>postea</strong></span> <span class='ocrx_word' id='word_1_862' title='bbox 644 5159 771 5213; x_wconf 83' lang='lat' dir='ltr'><strong>facti</strong></span> <span class='ocrx_word' id='word_1_863' title='bbox 786 5152 1134 5227; x_wconf 82' lang='lat' dir='ltr'><strong>sanctiﬁcatio</strong></span> <span class='ocrx_word' id='word_1_864' title='bbox 1161 5176 1291 5222; x_wconf 89' lang='lat' dir='ltr'><strong>mea,</strong></span> <span class='ocrx_word' id='word_1_865' title='bbox 1314 5161 1367 5215; x_wconf 93' lang='lat' dir='ltr'><strong>in</strong></span> <span class='ocrx_word' id='word_1_866' title='bbox 1398 5162 1722 5233; x_wconf 82' lang='lat' dir='ltr'><strong>baptismate</strong></span> 
     </span>
    </p>
   </div>
   <div class='ocr_carea' id='block_1_114' title="bbox 138 5248 1747 5319">
    <p class='ocr_par' dir='ltr' id='par_1_114' title="bbox 138 5248 1747 5319">
     <span class='ocr_line' id='line_1_114' title="bbox 138 5248 1747 5319; baseline -0.002 -14"><span class='ocrx_word' id='word_1_867' title='bbox 138 5248 819 5314; x_wconf 84' lang='lat' dir='ltr'><strong>sauctilicati,elllorebunt</strong></span> <span class='ocrx_word' id='word_1_868' title='bbox 849 5249 898 5301; x_wconf 91' lang='lat' dir='ltr'><strong>in</strong></span> <span class='ocrx_word' id='word_1_869' title='bbox 924 5251 1259 5317; x_wconf 91' lang='lat' dir='ltr'><strong>promotione</strong></span> <span class='ocrx_word' id='word_1_870' title='bbox 1274 5249 1530 5307; x_wconf 81' lang='lat' dir='ltr'><strong>virtutum</strong></span> <span class='ocrx_word' id='word_1_871' title='bbox 1560 5264 1747 5319; x_wconf 26' lang='lat' dir='ltr'><strong>super.</strong></span> 
     </span>
    </p>
   </div>
   <div class='ocr_carea' id='block_1_115' title="bbox 140 5336 1128 5407">
    <p class='ocr_par' dir='ltr' id='par_1_115' title="bbox 140 5336 1128 5407">
     <span class='ocr_line' id='line_1_115' title="bbox 140 5336 1128 5407; baseline 0.014 -31"><span class='ocrx_word' id='word_1_872' title='bbox 140 5339 319 5380; x_wconf 56' lang='grc' dir='ltr'><em>ἠπ-ιι</em></span> <span class='ocrx_word' id='word_1_873' title='bbox 346 5337 545 5397; x_wconf 64' lang='lat' dir='ltr'><strong>fundali</strong></span> <span class='ocrx_word' id='word_1_874' title='bbox 580 5341 634 5395; x_wconf 79' lang='lat' dir='ltr'><strong>in</strong></span> <span class='ocrx_word' id='word_1_875' title='bbox 673 5336 923 5407; x_wconf 87' lang='lat' dir='ltr'><strong>operibus</strong></span> <span class='ocrx_word' id='word_1_876' title='bbox 953 5339 1128 5392; x_wconf 88' lang='lat' dir='ltr'><strong>bonis.</strong></span> 
     </span>
    </p>
   </div>
   <div class='ocr_carea' id='block_1_116' title="bbox 625 5424 1253 5483">
    <p class='ocr_par' dir='ltr' id='par_1_116' title="bbox 625 5424 1253 5483">
     <span class='ocr_line' id='line_1_116' title="bbox 625 5424 1253 5483; baseline -0.003 -3"><span class='ocrx_word' id='word_1_877' title='bbox 625 5427 706 5458; x_wconf 64' lang='grc' dir='ltr'><em>οε</em></span> <span class='ocrx_word' id='word_1_878' title='bbox 722 5427 745 5470; x_wconf 64' lang='grc' dir='ltr'><strong>Α</strong></span> <span class='ocrx_word' id='word_1_879' title='bbox 759 5424 942 5480; x_wconf 85' lang='lat' dir='ltr'><strong>LMUS</strong></span> <span class='ocrx_word' id='word_1_880' title='bbox 999 5426 1253 5483; x_wconf 80' lang='lat' dir='ltr'><strong>CXXXII.</strong></span> 
     </span>
    </p>
   </div>
   <div class='ocr_carea' id='block_1_117' title="bbox 978 5532 1212 5569">
    <p class='ocr_par' dir='ltr' id='par_1_117' title="bbox 978 5532 1212 5569">
     <span class='ocr_line' id='line_1_117' title="bbox 978 5532 1212 5569; baseline 0.004 -10"><span class='ocrx_word' id='word_1_881' title='bbox 978 5534 1004 5546; x_wconf 75' lang='grc'><strong>··</strong></span> <span class='ocrx_word' id='word_1_882' title='bbox 1022 5532 1212 5569; x_wconf 56' lang='lat' dir='ltr'><strong>imm“.</strong></span> 
     </span>
    </p>
   </div>
  </div>
