4038 6456
487 354 583 407 791

1129 351 1385 406 neuneu
1423 351 2074 410 ANTISSIODORENSIS
2112 355 2260 411 ore.
2303 356 2480 410 rans
2517 359 2556 412 1.
2597 322 2666 396 —;
2699 357 3108 429 EXEGETlCA.

3633 358 3751 414 εἷθὶ

474 485 677 524 eorum.
712 467 816 521 Bos
841 467 932 537 qui
969 467 1086 522 sine
1111 467 1292 522 labore
1317 467 1592 522 hominum
1620 467 1686 522 ad
1727 467 2057 524 fructiﬁcan-
2089 474 2137 532 Α
2163 466 2265 544 hoc
2301 483 2405 524 non
2443 468 2712 547 sutiiciunt
2753 469 2923 525 libero
2952 469 3208 532 arbitrio,
3243 477 3297 524 et
3333 482 3528 525 omnes
3573 483 3750 538 supra

474 557 600 611 dam
635 567 831 612 terram
860 558 1150 623 descendit,
1183 559 1472 627 gratuitum
1505 559 1699 612 donum
1725 559 1817 614 Dei
1853 562 2053 629 absque

480 642 674 706 merito
723 652 990 722 designat.
1041 651 1144 706 Ros
1191 653 1370 722 itaque
1418 651 1650 707 Hermon
1698 655 1957 709 descendit
1999 658 2053 711 in

477 752 703 796 montem
744 741 894 808 Sion,
937 743 1062 812 quia
1094 743 1260 814 gratia
1294 758 1412 812 quae
1454 743 1604 812 prius
1631 743 1822 798 collata
1851 755 1931 800 est
1964 745 2054 801 Ju-

475 836 642 900 daeis,
670 845 954 905 postquam
985 835 1083 904 ipsi
1125 835 1627 906 anathematizando
1653 835 1925 890 Christum
1962 817 2053 893 .Ie-

475 939 595 978 sum
624 964 640 988 ,
685 932 1070 994 separaverunt
1119 938 1178 976 se
1215 923 1281 977 ah
1324 938 1420 987 eo,
1469 924 1618 977 venit
1661 924 1714 978 in
1758 925 2054 979 Ecclesium

477 1013 716 1082 gentium
753 1027 870 1080 qua:
902 1021 1078 1065 mente
1105 1011 1410 1082 speculatur
1440 1012 1606 1066 Deum
1629 1053 1643 1076 ,
1681 1011 1792 1067 sive
1811 1053 1825 1078 ,
1854 1014 2056 1083 gratui-

482 1113 594 1156 tum
621 1102 817 1157 donum
843 1101 937 1156 Dei
964 1087 1160 1171 populo
1183 1102 1418 1172 gentium
1439 1101 1717 1167 collatum,
1745 1102 1884 1170 quod
1911 1103 2056 1172 prius

479 1193 582 1247 fuit
609 1193 915 1258 anathema,
946 1193 1094 1247 venit
1122 1191 1174 1246 in
1212 1191 1362 1257 Sion,
1394 1192 1608 1262 quando
1639 1191 1805 1266 Judmi
1831 1203 1886 1248 ct
1929 1209 2057 1263 gen-

480 1294 560 1338 tes
586 1284 640 1338 in
664 1284 868 1338 unitate
895 1283 1016 1338 ﬁdei
1045 1293 1168 1338 sunt
1197 1284 1488 1353 conjuncti.
1522 1283 1670 1348 Sive,
1701 1298 1796 1353 per
1824 1294 2055 1338 montem

477 1372 742 1438 Hermon,
776 1381 830 1427 et
859 1381 1082 1426 montem
1113 1371 1239 1427 Sion
1261 1414 1277 1438 ,
1315 1374 1698 1427 eminentiores
1727 1415 1741 1438 ,
1784 1382 1837 1428 et
1877 1373 2054 1443 perfe-

474 1461 673 1516 ctiores
723 1461 774 1514 in
837 1459 1077 1514 Ecclesia
1133 1460 1502 1530 accipiamus,
1557 1461 1610 1515 in
1667 1477 1800 1530 quos
1857 1462 2058 1532 largius

476 1551 751 1607 descendit
781 1552 956 1621 gratia
987 1549 1220 1620 Spiritus
1247 1551 1440 1607 sancti.
1479 1551 1739 1617 Quoniam
1777 1551 1884 1605 illic
1915 1570 2060 1607 man-

475 1641 617 1696 davit
657 1641 936 1696 Dominus.
966 1641 1032 1695 Et
1077 1642 1196 1696 ideo
1233 1643 1394 1697 etiam
1436 1644 1642 1707 bonum,
1678 1652 1734 1697 et
1764 1643 2058 1713 jucundum

476 1740 561 1788 est
589 1733 644 1786 in
681 1749 844 1787 unum
872 1719 1136 1798 habitare,
1165 1733 1418 1801 quoniam
1449 1732 1590 1798 illic,
1636 1732 1688 1786 id
1717 1741 1829 1798 est,
1867 1733 1920 1787 in
1966 1731 2056 1786 illa

2155 560 2326 636 dictos
2355 573 2646 613 consensus
2677 574 2797 613 esse
2823 575 2899 614 ex-
2921 559 3094 627 gratia
3125 558 3242 622 Dei,
3270 557 3620 628 singulariter
3644 571 3754 612 eos

2154 651 2497 722 alloquuntur
2523 653 2763 706 dicentes
2795 671 2808 714 :
2840 652 3090 706 Dominus
3117 650 3466 721 progrediens
3490 666 3559 703 ex
3587 647 3745 716 Sion,

2154 743 2207 798 id
2236 753 2337 808 est,
2367 745 2456 813 qui
2489 744 2628 799 Deus
2655 729 2711 798 et
2738 745 2898 799 homo
2927 753 3002 798 est
3022 783 3039 808 ,
3068 743 3335 796 benedicat
3372 751 3423 795 te
3449 751 3504 796 et
3533 742 3588 795 in
3619 755 3752 810 pro-

2154 835 2390 889 motione
2423 843 2477 891 et
2511 836 2561 889 in
2590 836 2834 890 custodia
2865 835 3243 905 promotionis.
3274 833 3566 896 Dominus,
3599 830 3751 897 dico,

2153 925 2244 995 qui
2273 935 2462 996 potens
2505 935 2587 1002 est
2612 969 2625 992 ,
2654 927 2744 997 qui
2774 926 2893 996 fecit
2932 925 3114 980 catum
3143 935 3192 980 et
3234 934 3430 996 terram
3455 963 3470 989 ,
3519 921 3576 978 id
3617 933 3704 977 εει
3733 961 3750 993 ,

2156 1014 2390 1085 majores
2413 1025 2467 1071 et
2492 1017 2749 1073 minores.

2625 1105 2942 1162 I‘SALMUS
2979 1105 3258 1162 CXXXIV.

2807 1213 3088 1252 ALLELUIA.

2234 1307 2251 1336 ε
2279 1287 2520 1343 Landate
2533 1303 2722 1344 nomen
2737 1288 2969 1354 Domini,
2991 1288 3223 1354 laudate,
3249 1287 3752 1353 servi,Dominum.

2163 1395 2181 1428 ε
2226 1377 2326 1449 Qui
2372 1380 2524 1434 statis
2581 1381 2634 1433 in
2676 1380 2835 1435 domo
2860 1363 3100 1444 Domini,
3136 1380 3188 1434 in
3221 1379 3377 1434 atriis
3403 1379 3601 1432 domus
3651 1377 3754 1432 Dei

2164 1485 2182 1517 ι
2231 1470 2422 1523 nostri.
2457 1469 2697 1525 Laudate
2746 1471 3058 1535 Dominum,
3089 1471 3215 1540 quia
3243 1471 3416 1525 bonus
3442 1469 3748 1533 Dominus;

2164 1573 2182 1605 ι
2227 1555 2440 1624 psallite
2470 1557 2673 1611 nomini
2703 1557 2841 1626 ejus,
2873 1559 3126 1628 quoniam
3154 1573 3316 1612 suave
3338 1567 3443 1612 est.
3475 1557 3753 1624 Quoniam

2164 1663 2183 1696 ι
2229 1644 2397 1702 Jacob
2421 1647 2580 1718 elegit
2615 1649 2716 1704 sibi
2759 1649 3037 1714 Dominus,
3072 1651 3235 1704 Israel
3263 1651 3314 1703 in
3343 1647 3754 1718 possessionem

2163 1753 2182 1788 t
2229 1736 2351 1791 sibi.
2375 1735 2508 1802 Quia
2555 1752 2656 1806 ego
2684 1739 2908 1807 cognovi
2940 1739 3082 1808 quod
3118 1754 3346 1809 magnus
3368 1747 3452 1792 est
3482 1737 3753 1791 Dominus

477 1824 878 1902 cohabitatione
901 1823 1281 1905 existentibus,
1312 1823 1578 1878 mandavit
1604 1864 1618 1889 ,
1651 1824 1704 1878 id
1733 1831 1838 1889 est,
1857 1823 2060 1892 legavit
2089 1828 2134 1887 Β
2167 1845 2186 1876 ί
2233 1834 2287 1881 et
2314 1825 2454 1882 Deus
2479 1839 2666 1883 noster
2695 1843 2804 1898 prae
2831 1829 3082 1884 omnibus
3119 1829 3240 1883 diis.
3271 1828 3466 1885 Omnia
3490 1843 3754 1897 quaecun-

479 1913 735 1968 Dominus
764 1927 864 1996 per
889 1913 1136 1968 doctores
1178 1927 1304 1969 suos
1327 1953 1340 1978 ,
1376 1913 1810 1978 benedictionem,
1853 1913 1904 1968 id
1938 1920 2022 1968 est
2045 1952 2061 1979 ,

479 2003 914 2068 sublimationem
963 2004 1136 2073 magis
1185 2018 1247 2057 ac
1287 2003 1478 2074 magis,
1532 2004 1810 2073 magisque
1851 2004 1904 2057 in
1948 2003 2063 2058 dies

479 2093 772 2150 secundum
801 2081 1195 2163 promotionem
1223 2094 1501 2158 virtutum,
1527 2104 1580 2148 et
1607 2109 1710 2147 non
1741 2101 1949 2148 tantum
1975 2107 2064 2148 su-

478 2179 843 2262 blimationem
876 2185 927 2239 in
961 2185 1062 2239 hac
1108 2185 1212 2238 vita
1233 2225 1246 2248 ,
1281 2185 1373 2239 sed
1407 2185 1568 2238 etiam
1606 2184 1762 2238 vitam
1809 2198 1974 2253 usque
2008 2183 2063 2235 in

481 2261 754 2343 saeculum,
787 2261 838 2332 id
865 2285 948 2332 est
974 2277 1277 2332 tendentem
1307 2290 1476 2344 usque
1501 2275 1555 2328 in
1585 2274 1963 2329 aeternitatem.

962 2365 1283 2422 PSALMUS
1321 2364 1598 2420 CXXXIII.

981 2470 1249 2511 CANTICUII
1290 2470 1559 2511 GRADUUM.

487 2548 489 2550 ’
557 2571 574 2602 α
611 2551 750 2606 Ecce
774 2565 916 2605 nunc
939 2549 1236 2604 benedicite
1253 2547 1556 2613 Dominum,
1583 2561 1770 2602 omnes
1795 2562 1935 2602 serv:
1962 2547 2066 2602 Do-

491 2663 507 2695 ι
545 2629 697 2698 mini.
730 2641 832 2709 Qui
862 2641 1016 2697 statis
1051 2641 1103 2696 in
1131 2641 1289 2695 domo
1324 2639 1558 2704 Domini,
1595 2639 1646 2692 in
1696 2638 1850 2692 atriis
1875 2638 2066 2697 domus

491 2755 509 2784 ‹
547 2733 640 2788 Dei
675 2732 865 2788 nostri.
902 2731 959 2785 In
1003 2731 1249 2786 noctibus
1286 2728 1525 2783 extollite
1556 2743 1747 2782 manus
1772 2736 1981 2782 vestras
2011 2728 2063 2781 in

489 2841 506 2871 ι
547 2831 765 2887 sancta,
797 2830 852 2876 et
879 2819 1180 2876 benedicile
1220 2819 1524 2874 Dominum.
1558 2817 1847 2872 Benedicat
1881 2825 1932 2872 te
1962 2817 2066 2871 Do-

494 2931 511 2963 ‹
549 2913 728 2968 minus
751 2926 815 2966 ex
849 2910 1000 2977 Sion,
1032 2911 1123 2980 qui
1157 2910 1285 2964 fecit
1317 2910 1509 2964 caelum
1538 2918 1591 2962 et
1619 2919 1834 2965 terram.
1866 2927 1884 2959 ι

856 2992 861 2996 ’
995 2998 998 3000 ⁷
1062 2999 1500 3054 ENARRATIO.

554 3091 710 3146 Nunc
752 3091 910 3156 iidem
960 3089 1143 3145 ﬁdeles
1178 3089 1407 3143 invitant
1444 3102 1631 3143 omnes
1664 3086 1753 3155 qui
1791 3102 1858 3142 eo
1895 3100 2065 3156 usque

2169 1936 2188 1967 ‹
2229 1931 2335 1985 que
2363 1917 2530 1972 voluit
2563 1917 2821 1973 Dominus
2843 1917 2972 1973 fecit
3001 1919 3053 1973 in
3085 1918 3243 1982 casio,
3269 1919 3321 1971 in
3348 1926 3515 1982 terra,
3550 1917 3605 1970 in
3637 1932 3752 1970 ma-

2170 2026 2187 2057 ι
2232 2007 2298 2071 ri,
2335 2017 2388 2062 et
2419 2008 2470 2062 in
2499 2009 2748 2063 omnibus
2796 2009 3022 2080 abyssis.
3058 2009 3304 2063 Educens
3334 2008 3508 2062 nubes
3543 2007 3614 2060 ab
3654 2021 3756 2060 ex-

2170 2118 2186 2148 c
2237 2109 2409 2154 tremo
2433 2108 2611 2165 terrae,
2645 2100 2854 2169 fulgura
2879 2101 2935 2154 in
2976 2100 3212 2171 pluviam
3244 2099 3388 2155 fecit.
3417 2098 3518 2166 Qui
3547 2099 3754 2168 produ-

2169 2207 2184 2236 ι
2233 2187 2307 2242 cit
2349 2196 2538 2240 ventos
2558 2189 2622 2242 de
2655 2189 2923 2243 thesauris
2957 2190 3088 2252 suis,
3119 2188 3209 2258 qui
3240 2188 3512 2256 percussit
3553 2188 3753 2255 Primo-

2171 2296 2186 2328 ι
2233 2279 2411 2348 genita
2445 2275 2662 2348 Egypti
2697 2279 2763 2333 ab
2791 2279 3008 2332 homine
3049 2293 3217 2346 usque
3237 2277 3303 2330 ad
3326 2291 3510 2345 pecus.
3556 2275 3752 2331 Emisit
3844 2263 3856 2276 ’

2169 2388 2187 2420 ς
2231 2370 2380 2440 signa
2408 2378 2460 2423 et
2487 2370 2730 2438 prodigia
2781 2369 2834 2423 in
2883 2369 3057 2424 medio
3086 2369 3183 2434 lui,
3211 2368 3460 2439 Egypte,
3505 2368 3560 2420 in
3602 2366 3748 2420 Pha-

2171 2481 2188 2510 ι
2232 2475 2450 2514 raonem
2504 2468 2560 2514 et
2606 2460 2658 2513 in
2702 2474 2890 2514 omnes
2946 2472 3132 2513 servos
3165 2457 3296 2525 ejus.
3326 2457 3429 2525 Qui
3477 2457 3753 2526 percussit

2170 2571 2188 2602 ι
2234 2560 2422 2622 gentes
2449 2550 2666 2615 multas,
2697 2559 2751 2604 et
2789 2549 2986 2606 occidit
3034 2564 3189 2619 reges
3215 2547 3402 2603 fortes.
3438 2546 3623 2602 Sehon
3653 2561 3743 2599 re-

2171 2659 2188 2691 c
2239 2655 2357 2711 gem
2387 2640 2846 2703 Amorrhzeorum,
2873 2647 2929 2692 et
2969 2637 3049 2708 0g
3102 2652 3281 2707 regem
3313 2635 3515 2701 Basan,
3547 2645 3603 2689 et
3631 2651 3749 2697 om:

2172 2749 2189 2781 ι
2239 2731 2325 2784 nia
2353 2745 2518 2801 regna
2543 2729 2821 2810 Chanaan.
2863 2729 2930 2783 Et
2955 2728 3102 2783 dedit
3131 2737 3333 2784 terram
3357 2741 3549 2782 eorum
3573 2727 3749 2780 haere-

2172 2841 2189 2873 ‹
2233 2822 2475 2886 ditatem,
2507 2822 2874 2876 haereditatem
2905 2820 3065 2875 Israel
3094 2819 3292 2890 poliulo
3327 2835 3443 2874 suo.
3498 2818 3750 2880 Domine,

2171 2932 2189 2963 ι
2236 2927 2427 2967 nomen
2483 2921 2631 2966 tuum
2675 2913 2727 2966 in
2785 2921 3071 2976 aeternum,
3119 2911 3362 2976 Domine,
3434 2908 3753 2964 memoriale

2173 3022 2189 3052 ι
2239 3010 2386 3055 tuum
2415 3003 2468 3056 in
2496 3001 2898 3072 generationem
2924 3012 2979 3055 et
3000 3001 3420 3071 generationem.
3445 2999 3584 3066 Quia
3603 2998 3752 3068 judi-

2173 3109 2192 3140 ‹
2235 3090 2376 3144 cabit
2405 3090 2668 3145 Dominus
2714 3089 2967 3159 populum
2997 3104 3176 3155 suum,
3216 3098 3270 3144 et
3312 3089 3364 3142 in
3417 3088 3594 3142 servis
3641 3087 3756 3140 suis

488 3182 847 3238 ascenderunt
882 3190 941 3235 ut
966 3195 1058 3236 cor
1087 3196 1250 3235 unum
1278 3187 1332 3236 et
1356 3179 1589 3234 animam
1621 3193 1782 3233 unam
1811 3177 2062 3245 habeant,
2092 3171 2137 3230 C
2176 3199 2194 3232 ι
2240 3181 2636 3250 deprecabitnr.
2672 3179 2973 3235 Simulacra
2997 3179 3234 3249 gentium
3261 3188 3546 3248 argentum
3573 3187 3627 3229 et
3651 3192 3752 3232 au.-

489 3281 548 3327 ut
584 3273 638 3326 in
667 3287 731 3327 eo
761 3258 1138 3340 perseverent,
1168 3270 1249 3325 vel
1274 3311 1288 3337 ,
1332 3271 1442 3326 Deo
1465 3268 1606 3338 quod
1633 3267 1865 3338 promoti
1907 3275 2063 3333 sunt,

468 3363 470 3366 ’
494 3379 596 3419 non
623 3364 838 3418 sibimet
863 3348 1155 3426 ascribunt,
1178 3371 1232 3416 et
1251 3361 1433 3417 omnia
1455 3375 1572 3430 quas
1596 3360 1799 3415 faciunt
1819 3368 2066 3429 respectu

487 3454 724 3511 caelestis
769 3441 1136 3510 retributionis
1187 3460 1388 3523 agant,
1439 3459 1493 3505 et
1537 3464 1635 3520 pro
1683 3449 1768 3504 his
1815 3449 2067 3505 omnibus

489 3548 656 3603 Deum
681 3547 1023 3602 benedicant.

563 3635 697 3690 Ecce
729 3652 864 3690 nunc
896 3635 1172 3689 benedicite
1212 3635 1514 3687 Dominum.
1541 3630 1586 3688 0
1614 3646 1706 3687 vos
1729 3647 1905 3686 omnes
1936 3632 2069 3686 servi

491 3726 722 3792 Domini,
755 3727 844 3796 qui
876 3725 929 3779 in
963 3713 1168 3778 tantum
1199 3723 1589 3779 conscendistis
1611 3763 1626 3788 ,
1667 3739 1782 3777 ecce
1807 3738 1948 3777 nunc
1973 3763 1988 3788 ,
2017 3723 2070 3777 id

489 3825 608 3881 est,
653 3815 708 3868 in
734 3814 988 3884 praesenti
1019 3829 1140 3868 cum
1171 3812 1303 3867 nihil
1345 3813 1496 3868 vobis
1522 3811 1666 3867 aliud
1703 3809 1816 3880 jam
1860 3820 2068 3876 restat,

492 3907 775 3961 benedicite
816 3905 1098 3959 Dominum
1138 3904 1431 3959 secundum
1470 3904 1954 3975 perseverantiam,
1985 3903 2068 3958 vel

491 4005 551 4049 ut
576 3995 686 4049 Deo
717 3993 1003 4048 ascribatis
1033 3993 1173 4062 quod
1203 3993 1482 4062 hucusque
1511 3991 1918 4047 conscendistis.
1966 3991 2069 4056 Qui

491 4085 641 4138 statis
670 4083 724 4137 in
760 4082 914 4136 domo
945 4071 1173 4134 Domini.
1206 4081 1404 4146 Vobis,
1445 4081 1593 4144 dico,
1624 4080 1797 4136 servis
1827 4077 2068 4145 Domini,

490 4176 582 4246 qui
609 4159 839 4229 statis'in
868 4174 1021 4226 domo
1051 4171 1292 4237 Domini,
1317 4171 1371 4226 id
1401 4179 1502 4236 est,
1533 4170 1585 4224 in
1627 4169 1899 4234 Ecclesia,
1930 4182 2070 4238 prte—

495 4264 668 4335 ceptis
693 4262 788 4317 Dei
817 4261 1125 4317 insistentes
1151 4269 1206 4314 et
1235 4259 1379 4315 nullo
1407 4260 1564 4314 modo
1602 4260 1866 4329 jacentes.
1907 4259 1973 4313 Et
2002 4260 2074 4314 sit

494 4372 656 4414 causa
692 4355 1114 4419 benedictionis,
1146 4353 1268 4423 quia
1307 4355 1456 4407 statis
1488 4354 1543 4407 in
1575 4354 1725 4406 atriis
1760 4353 1944 4407 domus
1975 4353 2072 4408 Dei

494 4453 686 4517 nostri,
718 4437 909 4514 idest,
941 4449 992 4502 in
1031 4448 1378 4518 amplitudine
1419 4448 1720 4504 dilectionis
1761 4449 2073 4504 deducentis

2175 3295 2193 3326 ι
2241 3291 2383 3340 rum,
2413 3289 2576 3344 opera
2609 3288 2862 3328 manuum
2889 3273 3188 3327 hominum.
3221 3269 3294 3325 Os
3316 3270 3541 3333 habent,
3565 3278 3620 3322 et
3646 3283 3755 3322 non

2176 3389 2193 3420 ε
2237 3368 2526 3438 loquentur
2552 3384 2566 3420 τ
2596 3365 2781 3421 oculos
2805 3365 3029 3430 habent,
3053 3372 3106 3418 et
3135 3377 3239 3417 non
3268 3362 3529 3415 videbunt
3554 3373 3570 3412 :
3594 3373 3760 3412 aures

2176 3477 2192 3508 ι
2243 3458 2458 3520 habent,
2505 3465 2561 3512 et
2591 3471 2696 3510 non
2727 3454 2942 3509 audient
2976 3471 2988 3505 :
3027 3465 3204 3520 neque
3229 3451 3372 3505 enim
3416 3458 3497 3506 est
3529 3449 3760 3518 spiritus

2176 3567 2193 3598 ι
2242 3550 2293 3602 ἱη
2321 3564 2414 3603 ore
2469 3549 2727 3618 ipsorum.
2772 3546 2988 3602 Similes
3017 3546 3122 3600 illis
3160 3543 3402 3612 Iiantqui
3432 3543 3640 3597 faciunt
3665 3556 3757 3604 ea,

2177 3657 2194 3690 t
2242 3647 2295 3694 et
2322 3654 2511 3692 omnes
2557 3638 2646 3708 qui
2675 3637 2953 3692 conﬁdunt
2991 3635 3042 3688 in
3073 3634 3172 3689 eis.
3205 3633 3404 3688 Domus
3440 3631 3634 3694 'lsrael,
3662 3631 3760 3686 bc.-

2179 3749 2195 3779 ε
2243 3729 2475 3784 nedicite
2521 3728 2748 3783 Domino
2787 3744 2800 3780 :
2835 3726 3026 3782 domus
3071 3726 3273 3788 Aaron,
3307 3722 3612 3778 benedicile
3647 3721 3759 3775 Do-

2176 3839 2194 3872 ι
2242 3820 2387 3875 mino
2417 3837 2432 3876 :
2464 3821 2654 3875 domus
2693 3819 2845 3882 Levi,
2894 3817 3197 3872 benedicite
3248 3815 3478 3873 Domino
3510 3831 3522 3865 :
3563 3812 3659 3882 qui
3693 3813 3760 3876 ti-
3795 3872 3798 3874 γ

2177 3929 2196 3962 ι
2243 3911 2402 3965 metis
2456 3909 2763 3974 Dominum,
2818 3907 3122 3963 benedicite
3149 3905 3398 3960 Domino.
3431 3904 3759 3957 Benedictus

2181 4018 2200 4052 σ
2249 3999 2508 4054 Dominus
2531 4014 2596 4053 ex
2629 3997 2779 4062 Sion,
2809 3997 2899 4066 qui
2934 3996 3141 4050 habitat
3167 3995 3219 4048 in
3250 3991 3574 4052 Jerusalem.
3601 4011 3637 4072 rs

2730 4087 3176 4144 ENARRATIO.

2244 4185 2300 4239 In
2325 4184 2428 4239 hoc
2467 4191 2676 4252 psatmo
2702 4181 2941 4251 loquitur
2972 4179 3240 4247 Propheta
3287 4177 3522 4231 invitans
3563 4191 3757 4232 omnes

2175 4285 2282 4330 tam
2313 4275 2380 4330 de
2403 4273 2601 4328 intimis
2634 4288 2792 4342 quam
2823 4271 2892 4325 de
2927 4270 3177 4340 gentibus
3205 4268 3274 4322 ad
3301 4265 3512 4321 laudem
3543 4265 3664 4327 Dei,
3691 4282 3757 4320 ex

2173 4364 2603 4420 consideratione
2651 4360 2910 4416 bonitatis
2959 4358 3146 4429 ipsius,
3185 4366 3296 4411 tum
3337 4357 3463 4424 quia
3516 4356 3759 4424 gratuito

2179 4455 2330 4524 plura
2377 4454 2517 4510 bona
2545 4453 2624 4507 eis
2655 4451 2902 4515 contulit,
2955 4458 3066 4503 tum
3123 4455 3369 4516 respectu
3421 4445 3756 4499 mirabilium

495 4559 596 4599 nos
625 4543 677 4596 in
703 4551 958 4607 aeternam
984 4527 1198 4594 domum
1227 4541 1319 4594 Dei
1343 4541 1531 4595 nostri.
1558 4539 1623 4595 In
1651 4541 1883 4594 noctibus
1908 4541 2066 4594 extol-

2177 4516 2296 4619 qure
2321 4547 2689 4618 multipliciter
2706 4551 2987 4600 enumerat
3011 4542 3062 4595 in
3087 4547 3318 4594 tractatu
3347 4538 3507 4607 hujus
3532 4538 3751 4606 psalmi.

497 4636 603 4688 lite.
630 4632 943 4698 Benedicite,
973 4633 1210 4700 inquam,
1241 4631 1546 4698 Dominum,
1564 4640 1614 4685 et
1637 4631 1864 4684 extollite
1885 4648 2071 4686 manus

497 4733 712 4786 uestras,
736 4722 788 4776 id
821 4731 927 4785 est,
956 4721 1116 4790 Opera
1144 4731 1318 4774 vestra
1348 4723 1402 4774 in
1429 4731 1632 4787 sancta,
1666 4722 1717 4775 id
1745 4730 1846 4792 est,
1890 4737 2073 4791 respe-

499 4824 588 4867 ctu
617 4803 915 4867 cmlestium
949 4809 1085 4863 bene
1110 4810 1406 4879 cperamini
1434 4811 1489 4863 in
1529 4810 1784 4871 noctibus,
1814 4811 1864 4863 id
1890 4819 1994 4874 est,
2023 4811 2075 4868 iu

500 4912 609 4959 tota
651 4903 750 4956 ista
781 4887 913 4965 vita,
953 4899 1042 4954 ubi
1073 4897 1198 4954 sunt
1223 4896 1370 4952 varii
1395 4897 1661 4963 defectus,
1698 4914 1816 4967 quae
1843 4899 1908 4952 ad
1937 4898 2078 4971 futu-g

503 5010 616 5048 ram
661 4978 826 5047 vitam
872 4981 1224 5060 icomparata,
1272 4988 1408 5043 nihil
1454 4988 1598 5042 aliud
1641 5003 1803 5058 quam
1849 5002 1954 5042 nox
1994 4997 2079 5060 est

503 5087 749 5142 dicenda.
782 5071 999 5139 Duobus
1041 5084 1212 5138 modis
1242 5081 1486 5137 homines
1514 5081 1567 5134 in
1598 5090 1753 5135 nocte
1778 5095 1896 5135 esse
1938 5081 2078 5136 acci-

505 5183 746 5251 piuntur,
791 5177 875 5232 vel
919 5177 1211 5233 secundum
1247 5181 1467 5244 peccata
1493 5211 1508 5236 ,
1549 5180 1609 5225 ut
1650 5180 1730 5226 est
1773 5171 1896 5226 illud
1927 5189 1940 5223 :
1977 5169 2078 5238 Qui

505 5271 793 5333 dormiunt,
845 5277 991 5321 nocte
1034 5266 1296 5319 dormiunt
1340 5263 1390 5332 (1
1417 5261 1612 5330 ,Ἤιδει
1637 5260 1712 5331 v).
1744 5260 1832 5314 Vel
1875 5261 2036 5314 etiam
2062 5300 2076 5324 ,

507 5360 628 5416 boni
651 5366 779 5414 sunt
809 5359 896 5412 hic
924 5357 975 5410 in
999 5364 1177 5414 nocte,
1208 5360 1467 5422 quantum
1494 5351 1559 5405 ad
1583 5351 1754 5404 lucem
1777 5360 1831 5404 et
1855 5350 2078 5421 gloriam

509 5449 697 5504 futurae
723 5435 864 5500 vine.
913 5445 976 5497 Et
1022 5442 1300 5495 benedicite
1330 5439 1607 5492 Dominum
1635 5478 1647 5500 ,
1686 5438 1736 5491 id
1776 5447 1891 5502 eSt,
1921 5453 1984 5490 ex
2016 5452 2081 5494 eo

507 5541 622 5609 Ipso
659 5539 798 5610 quod
836 5528 1027 5588 manus
1050 5532 1304 5588 extollitis
1332 5533 1385 5584 in
1425 5539 1607 5584 sancta
1646 5528 1859 5583 laudate
1903 5529 2082 5582 Domi-

513 5645 658 5686 num.
698 5627 975 5682 Benedicat
1008 5635 1054 5677 te
1085 5624 1358 5677 Dominus.
1390 5619 1544 5674 Modo
1571 5619 1662 5686 qui
1699 5619 1958 5671 hactenus
1987 5631 2081 5670 eos

509 5722 777 5781 exhortati
819 5727 941 5773 sunt
989 5715 1332 5786 generaliter,
1383 5720 1437 5764 nt
1487 5709 1796 5765 ostendatur
1845 5708 1969 5777 quia
2018 5708 2082 5760 ad

2247 4638 2486 4693 Laudate
2514 4653 2698 4690 nomen
2743 4633 2973 4688 Domini.
3002 4631 3046 4686 Ο
3075 4646 3192 4694 vos,
3217 4630 3348 4682 servi
3379 4627 3616 4690 Domini,
3639 4627 3757 4684 latt-

2178 4728 2298 4781 date
2321 4725 2602 4781 devotione
2643 4723 2823 4776 cordis
2864 4728 2917 4773 et
2946 4718 3074 4773 oris»
3109 4733 3293 4770 nomen
3341 4714 3468 4768 illud
3497 4716 3640 4782 quod
3673 4722 3758 4768 est

2179 4814 2460 4877 Dominus,
2483 4811 2569 4866 vel
2597 4810 2765 4880 gloria
2791 4807 3022 4863 Domini.
3048 4807 3152 4871 Qui
3183 4805 3333 4858 statis
3357 4805 3412 4856 in
3440 4803 3618 4866 domo,
3645 4812 3755 4857 etc.

2179 4901 2276 4956 Hic
2313 4915 2502 4955 versus
2549 4897 2900 4967 exponendas
2931 4903 3032 4959 est,
3066 4904 3124 4947 ut
3163 4907 3345 4961 supra.
3382 4888 3621 4944 Laudate
3649 4891 3760 4944 Do-

2179 4993 2376 5046 minum
2421 4988 2591 5060 (Psat.
2634 4986 2860 5055 cxxxiii)
2890 5003 2903 5039 :
2933 4984 3058 5039 Ideo
3099 4984 3260 5038 etiam
3312 4981 3525 5034 laudate
3572 4981 3758 5035 Domi-

2181 5096 2324 5140 num,
2345 5077 2470 5150 quia
2501 5076 2820 5129 naturaliter
2847 5075 3010 5127 bonus
3030 5072 3188 5126 estin
3215 5085 3293 5125 se.
3322 5070 3388 5122 Et
3413 5085 3518 5123 non
3548 5078 3757 5132 tantum

2181 5184 2311 5226 voce
2339 5167 2550 5226 taudate
2579 5181 2724 5227 cum,
2760 5165 2854 5218 sed
2891 5165 3052 5218 etiam
3092 5162 3298 5230 psallite
3320 5161 3517 5214 nomini
3539 5156 3679 5229 ejus,
3704 5159 3756 5213 id

2181 5265 2267 5329 est
2315 5257 2452 5310 bene
2497 5253 2791 5323 operamini
2826 5253 2892 5306 ad
2921 5251 3145 5322 gloriam
3188 5249 3420 5304 nominis
3449 5248 3566 5316 ejus
3614 5249 3760 5318 quod

2182 5358 2266 5400 est
2289 5345 2567 5416 Dominus,
2599 5343 2845 5414 quoniam
2889 5356 3082 5395 nomen
3134 5341 3254 5394 talis
3284 5339 3492 5392 Domini
3525 5354 3633 5415 non
3679 5347 3762 5393 cst

2189 5451 2437 5505 asperum
2477 5449 2651 5503 neque
2679 5433 2932 5487 acerbum
2984 5441 3042 5485 ut
3074 5432 3320 5494 aliorum,
3364 5430 3457 5484 sed
3501 5445 3660 5483 suave
3686 5440 3760 5482 est

2189 5533 2244 5578 et
2289 5523 2451 5577 nimis
2497 5522 2834 5585 delectabile.
2871 5522 2963 5575 Vel
3005 5519 3304 5589 jucundum
3357 5528 3413 5574 et
3465 5535 3630 5574 suave
3680 5528 3761 5572 est

2190 5615 2420 5684 psallere
2465 5615 2562 5672 illi.
2616 5613 2878 5678 Quoniam
2930 5611 3093 5664 Jacob
3125 5611 3296 5680 elegit.
3347 5609 3459 5664 Hoc
3493 5612 3655 5684 etiam
3692 5610 3760 5663 sit

2193 5706 2341 5758 vobis
2371 5705 2596 5758 materia
2625 5684 2817 5768 laudis,
2847 5702 3096 5772 quoniam
3141 5701 3393 5755 Dominus
3419 5685 3756 5754 eleait‘Jarob
