4038 6418
162 355 281 411 ⁵795

1307 356 1834 415 ENARRATIONES
1871 360 1934 413 IN
1975 360 2308 420 PSALMOS.

3319 370 3421 423 ’1111

161 471 299 535 sibi,
331 468 384 524 id
418 475 501 522 est
526 480 620 523 eos
646 466 737 537 qui
772 467 823 521 in
864 468 1015 523 vobis
1039 468 1216 525 minus
1237 468 1479 539 'perl'ecti
1507 471 1680 524 adhuc
1704 470 1754 522 in
1783 472 1830 530 Α
1861 471 1941 526 011
1969 487 2102 541 quos
2133 489 2273 542 reges
2302 474 2585 541 occiderit,
2616 475 2823 532 scilicet
2853 474 3045 543 Sehon,
3070 478 3123 533 id
3148 489 3231 535 est
3255 481 3421 537 vehe-

167 558 327 612 lucta
381 564 527 618 sunt,
569 554 737 624 gratis
764 556 1071 632 assumpsit.
1108 557 1169 609 lit
1198 554 1366 611 Israel
1392 558 1444 611 in
1473 558 1753 625 possessio-

161 643 293 707 neni
326 646 447 709 sibi,
475 645 526 698 id
551 652 634 698 est
663 642 1014 713 perfectiores
1044 647 1095 699 in
1137 646 1305 710 vobis,
1336 646 1551 715 quijam
1585 650 1751 702 Deum

163 735 347 789 corde
380 733 582 787 vident.
617 731 725 786 llos
748 747 936 788 omnes
958 734 1067 788 sola
1100 736 1463 797 misericordia
1486 753 1549 789 ex
1580 736 1754 805 perdi-

165 832 359 898 torum
390 836 566 879 massa
589 822 880 889 assumpsit
909 823 975 889 ad
1005 824 1123 887 hoc,
1148 839 1204 876 ut
1226 826 1565 895 possideatet
1594 840 1753 891 exco-

163 913 249 969 lat
279 928 398 977 eos,
445 912 599 984 quasi
654 912 850 982 aliquis
880 914 1249 975 hmreditatem
1280 930 1451 969 suam.
1481 915 1618 980 Quia
1660 932 1753 985 ego

168 1004 421 1073 cognovi.
460 1002 525 1056 Et
560 1003 754 1056 merito
781 1003 985 1058 debetis
1015 1004 1171 1059 talem
1205 1005 1486 1059 Dominum
1512 1006 1750 1071 laudare,

166 1092 437 1167 quoniam
484 1106 590 1145 non
622 1100 828 1145 tantum
860 1092 1030 1146 bonus
1074 1096 1167 1148 scd
1221 1112 1439 1165 magnus
1474 1106 1547 1149 est
1578 1105 1632 1149 et
1659 1110 1754 1165 po-

169 1193 297 1238 tens
331 1201 345 1239 :
376 1184 517 1253 quod
544 1199 642 1254 ego
665 1184 902 1261 plenaria
935 1187 1239 1258 cognitione
1264 1190 1510 1259 cognovi,
1543 1188 1750 1263 Spiritu

166 1284 368 1331 sancto
409 1274 535 1350 mihi
567 1275 857 1343 revelante.
894 1272 957 1327 Et
1007 1275 1142 1329 Deus
1191 1289 1364 1337 uoster
1410 1286 1494 1335 est
1535 1294 1637 1333 non
1669 1292 1757 1331 re-

168 1380 331 1432 cens,
360 1365 454 1422 sed
500 1366 841 1433 antiquorum
891 1374 1104 1435 patrum
1134 1366 1274 1420 Deus
1305 1366 1440 1428 talis,
1470 1376 1528 1420 ut
1549 1367 1617 1421 sit
1644 1383 1753 1439 pra:

169 1457 420 1509 omnibus
449 1457 571 1520 diis,
601 1457 714 1510 sive
741 1456 807 1510 ab
836 1472 900 1511 eo
956 1458 1325 1523 sanctiﬁcatis,
1353 1461 1463 1513 sive
1491 1459 1557 1515 al)
1583 1460 1754 1513 110011-

169 1545 338 1599 nibus
382 1544 514 1599 falso
545 1545 850 1613 assumptis.
878 1546 1068 1601 Omnia
1111 1565 1430 1619 quwcungue
1462 1550 1618 1602 voluit
1644 1549 1752 1601 Do-

167 1636 372 1688 minus.
417 1634 612 1689 Probat
640 1637 775 1706 quod
814 1654 1032 1708 magnus
1079 1641 1148 1693 sit
1184 1657 1293 1707 pra:
1336 1641 1594 1706 omnibus,
1627 1642 1752 1710 quia

170 1725 293 1794 ipse
318 1726 440 1795 fecit
493 1728 667 1782 omnia
715 1745 1035 1799 quacunque
1086 1731 1239 1789 voluit
1288 1732 1340 1786 in
1390 1733 1535 1799 caelo,
1594 1743 1640 1788 et
1696 1734 1749 1787 in

1852 569 2086 615 mentem
2113 563 2481 627 tentationem,
2514 579 2632 632 quae
2653 566 2787 620 adeo
2813 567 3103 623 vehemens
3124 568 3222 622 fuit
3244 577 3301 622 ut
3329 580 3424 624 aut

1843 650 1955 720 jam
2010 652 2351 720 111-1010100110
2384 664 2647 725 regnaret,
2682 665 2776 710 aut
2806 672 3032 727 regnare
3073 658 3186 728 jam
3218 660 3421 729 potuis-

1851 750 1950 794 set.
1985 738 2162 803 Sehou
2193 742 2579 811 interpretatur
2603 744 2777 798 calens
2799 747 3034 809 tentatio,
3058 748 3270 801 tentatio
3300 764 3423 800 ocu-

1851 830 2041 895 lorum,
2088 832 2201 887 sive
2246 833 2550 897 lassescens,
2610 834 2692 889 vel
2746 852 2953 905 germen
2981 837 3201 891 -inutile.
3232 838 3424 892 Amor-

1853 924 1981 977 rbaei
2010 924 2261 977 dicuntur
2288 928 2653 980 amaricantes.
2683 926 2781 994 Og,
2806 928 3068 982 conclusio
3098 930 3177 983 vel
3216 946 3425 984 coacer-

1852 1030 1996 1067 0005.
2031 1014 2227 1080 Basan,
2258 1018 2535 1086 pinguedo,
2581 1017 2663 1071 vel
2694 1018 2996 1087 ignominia,
3030 1020 3141 1074 sive
3163 1022 3422 1089 confusio.

1852 1100 2125 1167 Chanaan,
2172 1115 2342 1157 motus
2369 1121 2567 1169 eorum,
2600 1106 2715 1160 sive
2753 1118 2970 1175 paratus
3004 1110 3305 1175 humilitati,
3338 1110 3423 1164 vel

1851 1192 2145 1260 dejectioni.
2179 1192 2291 1246 Non
2328 1202 2503 1247 tamen
2537 1197 2755 1251 omnino
2782 1197 3047 1251 destruxit
3071 1199 3420 1253 tentationem

1853 1282 1982 1352 quin
2015 1283 2309 1352 impugnet,
2342 1285 2432 1337 sed
2457 1284 2508 1337 in
2537 1300 2601 1337 eo
2623 1285 2766 1354 quod
2792 1286 2925 1341 solet
2952 1302 3069 1342 esse
3096 1289 3131 1340 Α
3143 1291 3423 1341 0101111100-

1854 1386 1987 1431 rum,
2023 1369 2071 1422 id
2113 1377 2194 1425 est
2225 1372 2517 1424 secundum
2550 1372 2649 1426 hoc
2696 1376 2836 1443 quod
2889 1375 3023 1430 solet
3073 1376 3335 1429 dominari
3366 1386 3422 1431 et

1852 1465 2165 1541 pnevalere,
2215 1477 2476 1533 quantum
2530 1468 2594 1520 ad
2643 1483 2963 1523 consensum
3013 1470 3099 1526 his
3149 1471 3237 1540 qui
3298 1481 3425 1526 sunt

1852 1554 2177 1621 Amorrhrei,
2224 1556 2272 1609 id
2303 1566 2383 1610 est
2414 1559 2772 1618 amarit-antes
2818 1560 2981 1615 Deum
3038 1561 3090 1614 in
3137 1576 3420 1617 consensu.

1853 1644 2006 1715 Quod
2032 1654 2116 1698 est
2145 1645 2325 1699 dicere
2356 1661 2369 1699 :
2402 1646 2676 1703 Destruxit
2714 1657 2767 1702 et
2797 1649 3098 1705 debilitavit
3147 1651 3422 1721 impugna-

1855 1736 2056 1788 tionum
2089 1736 2508 1805 suggestionem,
2552 1748 2609 1791 ut
2658 1754 2763 1792 non
2824 1740 3259 1808 pervenirentad
3299 1756 3426 1796 eone

168 1824 340 1881 terra,
384 1815 436 1869 id
459 1826 542 1870 est
573 1816 625 1887 111
656 1816 889 1886 praelatis
940 1828 995 1874 et
1044 1822 1290 1888 subditis,
1335 1832 1515 1879 etnon
1542 1834 1747 1879 tantum
1784 1800 1825 1857 Β
1854 1838 2088 1883 sensum.
2118 1800 2280 1878 velvin
2314 1800 2510 1893 quibus
2543 1800 3190 1895 prmvaluit-condonavit.
3224 1827 3427 1883 Secun-

169 1908 228 1962 in
288 1906 465 1974 bonis,
503 1908 595 1963 sed
622 1909 782 1963 etiam
820 1910 873 1964 in
924 1911 1100 1977 malis,
1147 1914 1290 1983 quod
1331 1924 1412 1969 est
1442 1916 1494 1967 in
1524 1917 1678 1979 meri,
1703 1928 1751 1969 et

171 2014 285 2070 non
348 1998 521 2053 solum
570 1998 625 2052 in
686 1998 1145 2070 qualibuscunque
1204 2004 1381 2067 malis,
1417 2006 1509 2060 sed
1561 2006 1613 2060 in
1668 2006 1753 2061 his

172 2088 348 2163 etiam
383 2088 473 2157 qui
498 2098 652 2142 erant
682 2090 887 2161 abyssi,
916 2092 968 2145 id
998 2101 1078 2146 est
1105 2093 1194 2162 qui
1223 2093 1275 2148 in
1304 2095 1564 2164 profundo
1593 2096 1750 2152 vitio-

170 2192 296 2230 rum
348 2176 588 2244 l‘uerunt,
620 2179 738 2249 fecit
773 2198 1087 2252 gua'cunque
1139 2183 1319 2237 voluit.
1367 2185 1609 2239 Educens
1657 2203 1753 2240 nu-

166 2268 290 2333 bes.
324 2267 472 2322 Fecit
510 2271 563 2324 in
598 2270 724 2324 coelo
762 2258 903 2341 quod
966 2273 1146 2339 voluit,
1204 2275 1308 2329 hoc
1348 2275 1578 2341 scilicet,
1610 2276 1750 2345 quod

170 2356 296 2411 illos
324 2358 414 2426 qui
448 2367 605 2413 erant
651 2361 805 2431 quasi
835 2363 1060 2417 extremi
1111 2363 1249 2417 inter
1278 2364 1520 2426 homines
1561 2380 1753 2421 secun-

170 2447 302 2522 dum
341 2448 726 2517 ignobilitatem
756 2460 808 2505 et
850 2450 1106 2520 inepiam.
1157 2453 1389 2508 educcns
1426 2456 1493 2507 ab
1525 2454 1611 2508 illa
1652 2470 1745 2509 ex-

171 2539 472 2604 tremitate,
501 2540 620 2608 fecit
670 2542 826 2595 nubes
875 2543 939 2595 ad
972 2542 1233 2611 pluendos
1275 2544 1430 2598 alios.
1460 2545 1522 2599 Et
1544 2546 1664 2610 fecit
1699 2546 1750 2598 in

169 2630 259 2699 eis
307 2629 541 2700 fulgura,
582 2631 633 2684 id
669 2641 750 2685 est
796 2632 1237 2689 illuminationcm
1276 2636 1588 2689 50100ιὶ1010
1636 2635 1754 2704 pln-

172 2718 335 2782 viam,
365 2720 524 2773 111051
565 2720 617 2773 in
659 2722 977 2776 doctrinam.
1029 2724 1133 2778 Per
1179 2727 1337 2779 nubes
1367 2724 1620 2789 cilicium,
1657 2742 1752 2794 per

168 2805 404 2875 pluviam
436 2809 678 2863 doctrina
710 2810 1044 2881 designatur.
1091 2812 1242 2880 Quod
1274 2824 1355 2868 est
1380 2815 1594 2869 dicere:
1638 2815 1749 2869 Non

172 2903 385 2959 tantum
435 2896 663 2965 injunxit
712 2901 790 2955 eis
837 2901 1067 2957 0111011101
1118 2905 1464 2972 prmdicandi,
1498 2906 1591 2960 sed
1628 2904 1753 2959 fecit

171 2999 271 3039 eos
300 2985 471 3053 ipsum
498 2989 737 3065 exsequi.
772 2987 873 3053 Qui
912 2992 1149 3059 producit
1194 3004 1387 3046 ventos.
1416 2994 1602 3048 Adhuc
1631 3009 1754 3063 111οη

174 3076 274 3151 bat
303 3076 589 3131 Dominum
620 3094 868 3148 magnum
909 3095 1031 3137 esse
1068 3082 1158 3150 qui
1193 3083 1310 3136 talis
1339 3092 1420 3137 est
1450 3083 1590 3153 quod
1624 3099 1752 3152 pro-

174 3169 329 3223 ducit
358 3181 548 3234 ventos,
590 3173 639 3224 id
678 3182 761 3227 est
802 3174 1109 3242 spirituales
1158 3178 1372 3231 eosdem
1416 3194 1549 3246 quos
1594 3180 1751 3231 nubes

174 3260 335 3341 dixit,
366 3264 457 3314 sed
490 3263 646 3339 nubes
670 3274 886 3335 propter
914 3266 1166 3333 cilicium,
1199 3279 1371 3322 ventos
1406 3280 1623 3341 propter
1648 3271 1753 3338 Spi-

176 3350 550 3416 ritualitatem,
586 3355 649 3409 de
695 3356 950 3410 thesauris
979 3359 1108 3422 suis,
1142 3358 1193 3411 id
1215 3368 1297 3411 est
1323 3361 1387 3413 de
1416 3360 1624 3415 occulta
1654 3360 1755 3414 dis-

171 3440 443 3517 positione
472 3446 587 3505 sua,
622 3444 673 3496 in
708 3459 812 3510 qua
866 3444 1077 3500 fuerunt
1118 3457 1236 3501 an-‘e
1287 3449 1473 3501 mundi
1500 3450 1753 3501 constitu-

174 3531 371 3615 gionem
399 3529 448 3596 (1
476 3530 616 3583 Petr.
648 3531 707 3601 t).
738 3533 801 3586 Et
854 3532 905 3585 in
929 3547 993 3587 00
1015 3534 1310 3588 laudandus
1350 3544 1451 3599 est,
1486 3536 1607 3604 quia
1635 3552 1752 3603 per-

175 3622 339 3673 cussit
394 3623 763 3695 primogenita,
811 3624 862 3677 id
912 3633 997 3689 est
1039 3626 1319 3694 orlginalia
1352 3640 1595 3696 peccata,
1635 3643 1755 3697 qum

171 3710 351 3779 prima
378 3720 671 3765 nascuntur
696 3712 749 3766 in
772 3713 1097 3779 hominibus,
1122 3716 1409 3780 destruxit,
1432 3716 1672 3786 Ᾰῖῃωπὶ,
1700 3718 1751 3771 id

176 3788 263 3854 est
292 3812 479 3853 eorum
518 3800 609 3869 qui
639 3811 792 3855 erant
821 3802 873 3855 in
907 3802 1199 3868 dejectione
1236 3813 1289 3857 et
1336 3806 1571 3859 tenebris
1605 3805 1753 3874 igno-

179 3889 395 3955 rantia},
420 3890 484 3943 ab
529 3890 735 3944 homine
766 3907 925 3967 usque
968 3893 1035 3945 ad
1076 3909 1252 3961 pecus,
1284 3894 1333 3947 id
1363 3904 1443 3947 est
1472 3904 1525 3948 et
1563 3910 1749 3949 00111111

174 3970 267 4050 qui
296 3989 450 4035 erant
478 3982 747 4049 sapientes
771 3982 823 4035 in
850 3982 1218 4059 surcularibus,
1253 3994 1310 4037 ut
1339 3984 1641 4053 philosophi
1669 3985 1748 4038 vel

178 4069 352 4124 Judaei
382 4079 433 4124 et
463 4069 655 4135 Graeci,
687 4078 738 4124 01
769 4085 955 4124 eorum
987 4073 1076 4138 qui
1116 4076 1408 4127 secundum
1438 4073 1749 4142 simplicita-

180 4150 287 4215 tem
320 4160 614 4229 pecudibus
640 4170 794 4237 erant
815 4163 1221 4231 eomparabilcs,
1250 4165 1388 4218 sicut
1421 4165 1653 4219 barbari.
1687 4166 1751 4218 Et

180 4251 319 4303 misi!
352 4249 517 4318 signa.
548 4250 623 4304 Eo
651 4250 813 4320 igitur
846 4248 1005 4306 modo
1038 4263 1091 4306 et
1120 4254 1307 4307 ordine
1332 4254 1528 4323 delevit
1558 4256 1750 4319 primo-

172 4343 353 4412 genita
382 4341 619 4412 ngypti.
655 4343 720 4397 Et
747 4345 887 4408 misit
917 4346 1063 4414 signa
1093 4356 1137 4397 et
1177 4348 1433 4413 prodigia,
1460 4346 1510 4398 id
1542 4357 1621 4399 est
1654 4347 1753 4399 lni-

1853 1914 1977 1968 dum
2012 1914 2156 1969 iliam
2185 1915 2707 1983 interpretationem,
2751 1932 2853 1985 qua
2897 1917 3073 1973 Sehon
3104 1918 3425 1973 (1101101110-

1851 2004 1978 2057 tatio
2016 2004 2305 2067 oculorum,
2354 2018 2449 2074 per
2478 2006 2825 2059 tentationcm
2863 2005 3020 2074 hujus
3050 2021 3257 2070 sensus,
3290 2005 3417 2060 sub-

1854 2090 2208 2161 intelligimus
2230 2092 2552 2147 tentationes
2584 2094 2745 2148 totius
2767 2094 3151 2150 sensualitatis.
3193 2093 3423 2149 blaxinte

1851 2180 1994 2235 enim
2026 2195 2123 2251 per
2166 2182 2351 2236 oculos
2388 2192 2678 2249 tentamur,
2712 2192 2765 2237 et
2799 2185 2936 2240 sicut
2963 2185 3148 2239 beatus
3170 2185 3424 2254 Augusti-

1852 2286 1953 2324 IIIS
1979 2271 2075 2332 ait,
2110 2289 2129 2323 1
2169 2272 2268 2326 iste
2299 2273 2548 2327 convenit
2577 2274 2827 2329 omuilnts
2846 2274 2982 2329 aliis.
3008 2274 3153 2329 Solet
3175 2274 3314 2330 enim
3341 2276 3413 2329 dl-

1850 2360 1898 2415 ci
1931 2377 1945 2414 :
1976 2360 2106 2414 Vide
2129 2370 2385 2428 quantum
2455 2360 2719 2431 fragorem
2755 2362 2899 2418 fecit.
2932 2363 3063 2417 Vide
3092 2377 3250 2431 quam
3284 2365 3419 2418 bene

1850 2450 2044 2518 sapiat.
2076 2450 2206 2504 \‘ide
2248 2466 2410 2519 quam
2441 2450 2577 2507 bene
2615 2452 2870 2507 redoleat.
2907 2452 3036 2507 \‘idc
3065 2467 3225 2521 quam
3266 2467 3417 2520 aspe-

1852 2552 1968 2591 rum
2002 2537 2081 2592 vel
2113 2537 2229 2592 lene
2255 2538 2322 2591 sit
2369 2548 2533 2593 tactu.
2566 2557 2583 2591 1
2612 2538 2813 2594 Occidit
2852 2552 2897 2595 et
2928 2539 3007 2611 051
3031 2557 3196 2611 regem
3223 2539 3419 2594 Basan.

1852 2626 1954 2680 Per
1996 2625 2095 2695 Og,
2130 2626 2323 2679 malam
2357 2628 2724 2695 operationem
2775 2630 3122 2683 deducentem
3153 2630 3203 2683 in
3235 2628 3422 2683 confu-

1851 2717 2057 2771 sionem
2105 2716 2419 2783 accipimus.
2465 2717 2718 2784 quoniam
2776 2719 2841 2771 de
2882 2719 3197 2786 operatione
3250 2720 3418 2771 multo

1851 2804 2137 2869 difﬁcilius,
2170 2820 2329 2873 quam
2362 2806 2429 2860 de
2476 2820 2737 2861 0011500511
2775 2807 2972 2876 poterit
3002 2822 3059 2861 50
3088 2806 3314 2875 quisque
3341 2823 3427 2861 rc-

1850 2893 2073 2947 dimcre.
2126 2892 2229 2947 Sed
2280 2893 2539 2947 Dominus
2591 2894 2777 2947 occidit
2812 2893 2982 2949 Sehon
3032 2905 3078 2948 et
3113 2894 3211 2964 Og,
3247 2896 3297 2948 id
3341 2907 3425 2948 est

1850 2982 2245 3037 conclusionem
2289 2993 2439 3037 actus
2481 2996 2603 3037 cum
2656 2997 2921 3047 consensu
2973 2983 3259 3038 destruxit.
3287 2983 3424 3038 Cum

1853 3072 2000 3126 enim
2056 3086 2152 3141 per
2189 3086 2511 3126 consensum
2550 3073 2864 3141 pervcnitur
2913 3074 2981 3127 ad
3034 3073 3424 3143 operationem,

1780 3142 1823 3201 (ἶ
1858 3169 1987 3214 10110
2026 3160 2270 3214 homines
2318 3168 2442 3214 sunt
2474 3160 2712 3215 conclusi
2756 3170 2813 3214 et
2853 3142 3083 3225 irretiti,
3111 3169 3171 3215 ut
3200 3176 3304 3215 non
3347 3159 3426 3213 fa-

1856 3254 1959 3308 cile
1993 3252 2198 3323 possint
2222 3253 2390 3306 exire.
2436 3252 2564 3318 Quae
2609 3252 2884 3307 conclusio
2912 3252 3073 3307 habet
3105 3260 3424 3322 potestatem

1840 3342 2081 3397 ducendi
2111 3342 2356 3396 homines
2396 3342 2447 3395 in
2478 3340 2869 3406 confusionem,
2906 3341 2958 3395 id
2988 3351 3074 3395 est
3116 3342 3183 3396 de
3204 3341 3334 3396 vitio
3370 3341 3423 3394 in

1854 3430 2069 3493 vitium,
2095 3431 2333 3498 quaudiu
2372 3440 2498 3484 sunt
2539 3431 2589 3483 in
2626 3431 2727 3485 hac
2757 3431 2888 3495 vita,
2919 3440 2973 3483 et
2999 3430 3339 3499 postmodum
3368 3430 3423 3483 111

1853 3533 2111 3575 mternam
2153 3520 2574 3585 damnationem,
2603 3531 2658 3576 ct
2695 3536 2762 3576 ne
2800 3529 3022 3575 currant
3047 3536 3142 3590 per
3188 3521 3421 3589 singula,

1853 3611 2041 3663 occi'lit
2081 3611 2259 3663 omnia
2300 3627 2455 3681 regna
2478 3609 2751 3675 Chanaan,
2784 3612 2837 3666 id
2859 3619 2943 3665 est
2963 3625 3174 3666 omnem
3203 3626 3423 3680 pravam

1854 3699 2302 3753 consuetudinem
2334 3700 2617 3769 destruxit,
2657 3715 2754 3773 per
2796 3715 2955 3779 quam
2994 3700 3154 3754 homo
3190 3714 3427 3754 commo-

1852 3797 2030 3851 vetur,
2053 3796 2109 3841 et
2133 3802 2163 3841 a
2187 3788 2297 3841 Deo
2324 3789 2529 3843 recedit
2554 3789 2607 3842 111
2632 3790 2902 3858 regionem
2946 3788 3422 3853 dissimilitudinis,

1852 3885 2071 3944 paratus
2113 3877 2334 3933 obedire
2383 3878 2671 3933 humilitati
2718 3887 2773 3933 et
2816 3878 3125 3947 dejectioni.
3183 3879 3249 3932 Et
3303 3879 3425 3932 dedi

1852 3976 2043 4020 terram
2091 3984 2269 4022 eorum
2308 3951 2685 4024 hwredilatem.
2730 3969 2844 4024 Non
2876 3971 3048 4025 solum
3080 3971 3207 4026 vitia
3237 3987 3423 4027 secun-

1849 4059 1973 4110 dum
2000 4073 2323 4113 consensum
2349 4068 2402 4114 et
2452 4062 2825 4130 operationem
2868 4063 2921 4116 in
2969 4063 3083 4118 suis
3134 4062 3418 4125 destruxit,

1851 4151 1942 4204 sed
1974 4160 2028 4206 et
2048 4162 2244 4206 terram
2270 4168 2449 4206 eorum
2488 4152 2696 4209 scilicet
2727 4167 2936 4223 regum,
2969 4154 3173 4209 scilicet
3203 4168 3425 4208 sensua-

1854 4241 2057 4295 litatem
2088 4242 2269 4296 carnis
2298 4257 2418 4311 qua:
2446 4257 2511 4296 ex
2559 4257 2717 4311 poena
2767 4243 2973 4311 peccati
3007 4258 3217 4312 semper
3254 4256 3421 4310 prona

1854 4344 1937 4388 est
1962 4334 2029 4387 ad
2052 4334 2274 4399 malum,
2303 4344 2359 4389 et
2379 4350 2543 4403 prava
2575 4336 2814 4404 suggerit
2846 4334 3061 4399 rationi,
3089 4342 3143 4386 et
3178 4331 3265 4385 ubi
3291 4331 3419 4384 vitia

174 4424 369 4484 rabilia
405 4429 456 4482 in
484 4430 718 4498 publico.
750 4431 815 4485 Et
847 4433 947 4486 hoc
985 4449 1088 4486 non
1124 4434 1173 4485 in
1209 4434 1442 4502 qualibet
1476 4444 1627 4503 parte
1653 4436 1747 4498 tui,

1856 4425 2003 4492 prius
2032 4426 2328 4493 regnabant
2352 4426 2490 4478 dedit
2520 4424 2710 4492 populo
2734 4440 2829 4477 suo
2853 4424 3225 4477 hrereditatem.
3243 4422 3307 4474 Et
3337 4435 3423 4475 re-

173 4535 206 4573 o
245 4518 498 4587 Afgypte,
527 4520 618 4575 sed
656 4521 707 4572 in
736 4522 907 4574 medio
945 4525 1019 4575 1111
1052 4538 1069 4575 :
1096 4523 1217 4590 quia
1249 4536 1344 4588 per
1377 4530 1543 4575 totum
1588 4538 1742 4575 mun-

174 4609 304 4663 dum
339 4610 616 4678 contigere
664 4611 944 4675 miracula,
984 4613 1035 4665 in
1084 4612 1436 4673 Pharaonem,
1491 4613 1653 4666 idest
1691 4613 1743 4666 111

173 4697 449 4752 diabolum
491 4700 877 4754 destruendum
916 4702 1003 4769 qui
1058 4716 1180 4757 1010
1212 4701 1488 4770 dissipatio
1528 4700 1741 4755 dicitur.

172 4786 246 4843 Et
272 4790 328 4840 in
368 4804 542 4842 omnes
592 4806 765 4843 servos
805 4790 1007 4844 scilicet
1058 4791 1430 4852 destruendus,
1459 4790 1509 4842 id
1538 4800 1621 4843 est
1646 4789 1745 4842 mi—

174 4878 383 4933 nistros
412 4878 526 4946 ejus
555 4879 761 4934 scilicet
804 4880 1063 4948 malignos
1088 4880 1309 4948 spiritus
1334 4880 1433 4932 sibi
1478 4878 1746 4945 subjectos

177 4967 269 5037 qui
295 4967 545 5020 serviunt
573 4969 623 5020 ei
668 4968 719 5021 in
749 4968 1098 5037 dissipatione
1130 4970 1343 5037 generis
1372 4967 1610 5021 humani.
1642 4967 1745 5031 Qui

172 5057 431 5125 percussit
461 5068 632 5125 gentes
655 5058 866 5110 utullus.
902 5058 965 5110 Et
993 5074 1095 5111 non
1135 5046 1352 5111 tantum
1382 5057 1742 5125 primogenita,

174 5145 229 5198 id
258 5153 345 5197 est
372 5144 654 5214 originalia
699 5146 921 5200 erimina
970 5146 1165 5200 delevit
1212 5147 1265 5198 iu
1321 5147 1606 5215 baptismo,
1652 5146 1743 5200 sod

173 5231 343 5287 etiam
392 5235 641 5301 percussit
684 5246 856 5304 gentes
881 5236 1099 5299 multas,
1141 5236 1191 5288 id
1237 5245 1317 5290 est
1348 5236 1743 5290 multitudinem

177 5322 474 5377 actualium
502 5335 840 5394 peccatorum
870 5336 987 5396 post
1014 5327 1279 5397 baptisma
1304 5343 1397 5396 per
1425 5328 1748 5382 tentationes

176 5414 574 5468 occurrentium
606 5416 889 5479 destruxit,
920 5428 968 5469 et
992 5418 1177 5470 occidit
1215 5433 1355 5486 reges
1385 5418 1564 5485 fortes,
1591 5418 1640 5471 id
1669 5428 1747 5472 est

181 5502 310 5563 talia
341 5505 469 5558 vitia
518 5521 637 5574 quae
674 5506 849 5560 solent
897 5507 1108 5562 fortiter
1138 5523 1361 5577 regnare
1391 5519 1445 5563 et
1473 5510 1741 5563 dominari

178 5591 244 5661 in
261 5593 599 5661 quibusdam,
626 5606 678 5649 et
699 5604 900 5650 tantam
931 5599 1037 5651 vim
1060 5598 1258 5653 habere
1278 5605 1334 5652 ut
1361 5599 1445 5651 vix
1469 5614 1527 5653 se
1552 5599 1745 5667 aliquis

178 5683 249 5763 ab
276 5685 355 5738 eis
376 5687 626 5754 expediat
689 5687 857 5741 Srhon
888 5706 1051 5757 regem
1090 5690 1528 5744 Amorrhworum.
1576 5682 1741 5759 Expo-

1855 4515 2008 4583 petit,
2047 4516 2424 4578 hwredilatem,
2468 4523 2526 4566 ut
2569 4513 2889 4567 determinet
2940 4512 3024 4566 cui
3069 4511 3265 4581 p0pulo
3300 4526 3418 4565 eam

1852 4604 2082 4668 dederit,
2114 4605 2320 4658 scilicet
2357 4601 2545 4666 Israel,
2571 4603 2623 4656 id
2662 4611 2743 4656 est
2781 4601 3122 4656 credentibus
3157 4609 3209 4656 et
3231 4601 3421 4655 viden-

1860 4695 2003 4748 tibus
2032 4707 2109 4756 se,
2139 4703 2197 4746 ut
2223 4694 2357 4747 bene
2403 4707 2521 4745 eam
2548 4692 2877 4756 excolerent,
2901 4700 2955 4746 et
2982 4705 3050 4745 ex
3077 4701 3186 4746 1010
3222 4690 3419 4746 rationi

1852 4781 2218 4853 subjugarent,
2265 4782 2337 4835 ita
2378 4791 2436 4836 ut
2459 4782 2575 4850 ejus
2605 4780 2838 4835 fructum
2880 4782 3079 4836 bonum
3109 4780 3416 4836 redderent.

1850 4874 2068 4927 Domine
2110 4888 2294 4926 nomen
2340 4883 2506 4925 tuum.
2557 4870 2710 4926 Modo
2758 4871 3025 4925 convertit
3069 4885 3126 4925 50
3153 4870 3421 4939 Propheta

1848 4966 1915 5019 ad
1942 4964 2227 5018 Dominum
2269 4978 2391 5018 cum
2420 4963 2715 5033 gratiarum
2760 4963 2969 5017 actione
3012 4977 3110 5031 pro
3136 4961 3221 5015 his
3242 4962 3420 5015 omni-

1850 5059 1967 5118 bus,
1992 5055 2179 5109 dicens
2210 5073 2222 5108 :
2255 5053 2299 5110 0
2330 5054 2568 5117 Domine,
2599 5054 2687 5122 qui
2721 5054 2991 5122 prmterita
3033 5053 3175 5107 mala
3224 5051 3423 5107 condo-

1852 5144 2010 5207 uasti,
2038 5152 2092 5199 et
2121 5143 2172 5197 in
2197 5143 2446 5213 praesenti
2489 5145 2707 5199 deserto
2744 5158 2993 5198 securum
3019 5144 3272 5197 ducatum
3296 5156 3420 5195 con-

1854 5244 1932 5289 tra
1958 5237 2142 5290 hostes
2187 5245 2552 5299 occurrentes,
2602 5250 2786 5288 nomen
2834 5244 3001 5297 tuum,
3050 5233 3101 5287 id
3140 5242 3225 5286 est
3248 5231 3419 5301 gloria

1853 5336 1939 5380 tua
1972 5327 2305 5397 permanebit
2332 5327 2384 5380 in
2415 5337 2687 5389 internum,
2712 5327 2838 5395 quia
2871 5325 2994 5379 inde
3018 5323 3284 5394 gloriosus
3309 5322 3420 5377 eris

1850 5417 2175 5472 aiternaliter
2206 5416 2258 5469 in
2307 5416 2481 5470 nobis.
2514 5414 2579 5467 Et
2609 5414 2908 5468 ntetnoriale
2946 5422 3113 5475 tuum,
3139 5411 3192 5465 id
3235 5418 3320 5464 est
3344 5409 3417 5463 si-

1858 5507 2173 5577 gnificatum
2229 5506 2372 5560 illius
2448 5505 2589 5574 quod
2656 5504 2781 5557 ﬁliis
2843 5503 3007 5556 Israel
3064 5498 3421 5556 historialiter

1848 5608 2025 5653 actum
2062 5606 2165 5661 est,
2210 5596 2577 5666 perseverabit
2621 5594 2673 5647 in
2721 5592 2966 5661 prmscnti
3008 5591 3341 5661 generatione
3361 5598 3417 5643 et

1847 5688 2024 5741 futura
2081 5686 2447 5758 generatione.
2494 5684 2631 5749 Quia
2675 5682 2932 5753 ⁶111111001νὶ1
2977 5681 3251 5737 Dominus.
3292 5679 3416 5735 Ideo
