4038 6424
624 295 726 349 795

1252 295 1509 352 R‘EMlGll
1549 292 2210 353 ANTISSIODORENSIS

2317 291 2400 349 ?P.
2443 292 2621 350 PARS
2657 293 2700 348 Ι.
2743 324 2807 333 -
2842 292 3253 356 ΕΧΕΟΕΤΙΟΑρ

3774 297 3880 352 796

625 409 788 462 etiam
843 407 1014 478 gloria
1063 408 1272 464 Domini
1314 413 1420 464 erit
1469 412 1524 463 in
1569 420 1843 473 (uernum,
1893 409 2011 478 quia
2058 407 2196 478 judi-
2221 409 2271 468 Α
2304 425 2322 457 ι
2358 406 2470 461 rael
2493 421 2588 477 per
2615 407 2848 462 medium
2884 406 3020 476 ejus,
3051 409 3304 478 quoniam
3333 408 3393 462 in
3419 417 3688 464 aeternum
3719 410 3882 464 mise-

619 497 766 552 caliit
787 496 1036 566 populum
1059 514 1236 562 suum,
1270 500 1318 552 id
1346 510 1448 564 est,
1477 498 1660 554 ﬁdeles
1684 514 1808 554 suos
1831 496 2198 552 remunerabit

621 599 904 658 postquam
931 589 997 644 de
1025 588 1129 643 hac
1155 589 1263 645 vita
1296 591 1661 661 migraverint.
1693 590 1762 644 Et
1788 590 1922 644 adeo
1949 603 2198 644 remune-

622 680 791 734 rando
823 679 1156 746 suhlimabit,
1181 681 1320 749 quod
1351 682 1460 757 ipse
1491 680 1554 744 in,
1580 680 1740 734 servis
1764 681 1872 734 suis
1897 679 2195 750 deprecabi-

620 777 728 831 tur,
758 766 810 828 id
848 774 950 831 est,
983 768 1274 838 rogabitur,
1305 777 1365 822 ut
1401 768 1498 838 ipsi
1541 769 1651 823 sint
1679 769 2003 823 mediatores
2034 776 2088 822 et
2119 767 2208 825 in-.

622 863 949 911 tercessores
986 872 1082 925 pro
1121 857 1274 911 nobis
1309 857 1377 915 ad
1413 873 1535 921 eum
1560 899 1575 922 ,
1609 857 1748 912 sicut
1786 859 2024 928 quotidie
2054 856 2114 913 ﬁt
2144 858 2198 911 in

627 946 830 1000 sanctis
857 962 871 998 :
902 945 1102 1000 dictum
1132 961 1161 999 a
1189 946 1538 1002 similitudine
1564 946 1705 1002 illius
1729 947 1891 1012 servi,
1919 963 2078 1017 quem
2100 948 2198 1001 do-

626 1035 802 1089 minus
829 1050 958 1089 suus
987 1035 1061 1090 ita
1090 1035 1344 1090 sublimat
1373 1046 1430 1092 ut
1460 1053 1558 1107 pro
1585 1038 1704 1092 aliis
1733 1039 2008 1094 conservis
2037 1039 2202 1092 inter-

623 1123 814 1176 cedere
865 1122 1057 1178 valeat.
1124 1123 1420 1179 Simulacra
1476 1127 1725 1196 gentium.
1783 1125 2035 1180 Dominus
2084 1127 2201 1184 hazc

622 1211 801 1264 omnia
838 1199 958 1281 quae
996 1213 1137 1267 dicta
1186 1225 1310 1268 sunt
1345 1215 1499 1283 fecit,
1545 1222 1599 1269 et
1636 1214 1755 1268 ideo
1785 1214 1905 1268 talis
1944 1215 2202 1270 Dominus

624 1302 816 1356 merito
841 1301 1140 1358 laudandus
1176 1312 1275 1366 est,
1319 1321 1424 1358 non
1462 1306 1742 1364 simulacra
1780 1307 2044 1376 gentium,
2083 1321 2203 1376 quze

626 1400 832 1447 tantum
861 1404 988 1449 sunt
1026 1396 1406 1451 similitudines
1437 1412 1647 1459 rerum,
1691 1407 1745 1451 et
1785 1406 1908 1452 sunt
1934 1413 2123 1450 aurum
2152 1405 2208 1466 et,

623 1497 918 1553 argentum,
945 1487 1028 1541 vel
1052 1503 1117 1542 ex
1148 1488 1320 1542 viliori
1351 1490 1595 1545 materia.
1631 1489 1801 1560 Opera
1830 1505 2079 1542 manuum
2106 1489 2203 1544 Ito-

624 1579 824 1632 minum
843 1619 855 1641 ,
894 1579 944 1634 id
974 1588 1079 1645 est,
1112 1580 1465 1650 corporaliter
1490 1580 1558 1634 ab
1579 1579 1885 1635 hominibus
1909 1579 2068 1646 facta,
2093 1597 2200 1646 non

625 1669 919 1722 secundum
971 1669 1298 1726 intellectum
1347 1671 1552 1725 habita.
1603 1669 1755 1737 Qum,
1805 1686 1924 1724 cum
1972 1670 2203 1728 habeant

2307 520 2325 552 ι
2363 502 2589 557 ricordia
2631 499 2765 569 ejus.
2794 501 2860 556 Et
2897 503 3134 557 excussit
3157 501 3492 557 Pharaonem
3521 509 3579 556 et
3620 501 3880 556 virtutem

2305 612 2325 645 ι
2359 593 2475 663 ejus
2514 594 2566 648 in
2599 593 2732 648 mari
2765 595 2967 659 Rubro,
3003 593 3257 663 quoniam
3285 591 3338 646 in
3370 600 3636 647 aeternum
3673 591 3878 646 miseri-

2305 700 2324 735 ι
2360 683 2544 739 cordia
2566 683 2700 754 ejus.
2729 683 2831 750 Qui
2859 683 3096 738 traduxit
3116 683 3368 754 populum
3390 697 3547 748 suum
3573 696 3675 751 per
3703 683 3883 736 deser—

2304 793 2323 825 i
2361 781 2506 837 tum,
2535 773 2790 842 quoniam
2822 773 2874 828 in
2903 781 3162 829 :elernum
3196 772 3566 828 misericordia
3595 769 3743 840 ejus.
3788 770 3883 838 Qui

2303 882 2338 925 ι,
2361 863 2622 934 percussit
2656 877 2808 933 reges
2838 877 3078 934 magnos,
3104 862 3357 932 quoniam
3388 863 3440 916 in
3477 871 3756 917 internum
3787 861 3883 916 mi-

2305 975 2324 1008 ‹
2359 954 2649 1011 sericordia
2672 953 2805 1022 ejus.
2837 954 2903 1008 Et
2932 953 3127 1011 occidit
3153 969 3306 1027 reges
3331 952 3514 1016 fortes,
3546 951 3815 1021 quoniam
3838 951 3884 1004 in

2305 1061 2326 1094 ι
2356 1051 2616 1098 aeternum
2658 1043 3020 1099 misericordia
3065 1043 3200 1113 ejus.
3245 1041 3426 1098 Sehon
3471 1057 3662 1112 regem
3702 1041 3885 1096 Arnor-

2306 1149 2326 1184 ‹
2361 1133 2650 1196 rhceorum,
2677 1133 2929 1202 quoniam
2954 1132 3006 1186 in
3047 1141 3310 1187 aeternum
3345 1131 3731 1186 misericordia
3759 1129 3883 1198 ejus.

2305 1241 2324 1274 ‹
2361 1221 2430 1276 Ει
2453 1221 2532 1292 Og
2563 1235 2738 1293 regem
2783 1221 2977 1283 Basan,
3009 1220 3263 1290 quoniam
3296 1219 3349 1273 in
3380 1228 3651 1274 aeternum
3685 1218 3885 1271 miseri-

2307 1331 2324 1363 ι
2359 1311 2542 1365 cordia
2570 1311 2704 1382 ejus.
2747 1310 2811 1364 Et
2845 1309 2994 1365 dedit
3020 1318 3217 1368 terram
3247 1322 3434 1368 eorum
3470 1306 3882 1371 haereditatem,

2307 1400 2615 1469 «quoniam
2647 1400 2698 1454 in
2727 1409 2988 1454 aeternum
3021 1399 3386 1454 misericordia
3418 1395 3561 1466 ejus.
3597 1395 3886 1452 Περι-εὐίω-

2306 1512 2325 1544 ‹
2367 1503 2472 1549 tcm
2502 1492 2668 1548 lsrael
2704 1507 2861 1548 servo
2901 1505 3020 1557 suo,
3049 1491 3305 1561 quoniam
3334 1489 3388 1545 in
3427 1499 3707 1544 internum
3745 1489 3887 1543 mise-

2307 1602 2327 1634 ι
2367 1583 2595 1644 ricordia
2626 1581 2764 1652 ejus.
2783 1581 2928 1653 Quia
2948 1582 3001 1636 in
3025 1581 3330 1637 humilitate
3348 1591 3535 1635 nostra
3562 1595 3784 1635 memor
3805 1579 3888 1632 luit

2311 1693 2343 1738 (η
2367 1675 2560 1741 nostri,
2591 1676 2844 1747 quoniam
2881 1677 2932 1729 in
2967 1683 3226 1729 aeternum
3260 1671 3637 1728 misericordia
3668 1671 3807 1741 ejus.
3835 1672 3891 1724 Et

626 1756 830 1813 formas
892 1759 1246 1813 humanorum
1303 1761 1663 1815 membrorum
1686 1801 1700 1824 ν
1757 1760 1955 1814 nullius
2013 1775 2200 1815 eorum
2230 1759 2277 1818 B
2307 1785 2331 1824 ι
2366 1768 2592 1822 redemit
2621 1782 2718 1822 nos
2758 1765 2826 1821 ab
2855 1764 3084 1820 inimicis
3109 1762 3333 1827 nostris,
3361 1761 3627 1832 quoniam
3655 1761 3714 1815 in
3744 1768 3888 1814 teter-

628 1845 878 1902 fruuntur
906 1847 1100 1902 ollicio.
1139 1849 1320 1920 Neque
1349 1851 1486 1905 enim
1512 1862 1584 1905 est
1612 1851 1825 1920 spiritus
1857 1852 1913 1917 in
1945 1868 2033 1906 ore
2060 1853 2204 1922 ipso.-

627 1953 768 2000 rum,
803 1945 862 1990 ut
891 1939 1094 2006 possint
1121 1939 1204 1996 vel
1233 1941 1298 1994 ad
1339 1942 1555 1996 modum
1583 1942 1862 1996 brutorum
1892 1942 2203 1997 animalium

627 2040 843 2080 sonare.
898 2027 1021 2081 Haec
1068 2029 1478 2084 simulacrorum
1523 2031 1848 2102 vituperatio
1890 2040 2097 2103 spectat
2139 2033 2205 2087 ad

629 2114 840 2168 laudem
869 2116 981 2170 Dei.
1015 2117 1088 2171 Ac
1119 2118 1163 2172 si
1194 2118 1339 2173 dicat
1367 2137 1380 2173 :
1411 2119 1532 2174 ldeo
1571 2119 1650 2188 sic
1685 2120 1927 2189 deprime
1953 2119 2090 2175 Deos
2117 2136 2207 2176 eo-

631 2220 747 2258 rum
777 2214 835 2258 ut
858 2209 1110 2260 recedant
1133 2225 1160 2261 a
1189 2207 1398 2262 cultura
1428 2208 1632 2262 talium.
1662 2209 1813 2275 Quod
1840 2209 1883 2264 si
1914 2209 2207 2275 noluerint,

631 2297 868 2352 concedo
897 2297 1090 2352 divina:
1114 2297 1336 2365 justitia:
1363 2307 1420 2352 ιιι
1442 2299 1531 2369 qui
1555 2298 1752 2367 faciunt
1777 2315 1859 2360 ea,
1888 2308 1936 2352 et
1957 2299 2047 2368 qui
2071 2298 2207 2351 ﬁdu-

630 2388 767 2441 ciam
795 2398 1001 2456 ponunt
1029 2391 1083 2444 in
1108 2391 1181 2443 eis
1214 2389 1411 2444 similes
1439 2390 1542 2444 illis
1565 2391 1696 2460 ﬁant
1729 2391 1780 2445 in
1820 2391 2062 2446 interiori
2088 2407 2209 2457 suo,

631 2485 691 2532 ιιι
717 2479 904 2534 eodem
943 2480 1098 2532 modo
1129 2479 1235 2533 vim
1273 2481 1496 2535 rationis
1526 2481 1797 2546 amittant,
1831 2481 1971 2536 sicut
2006 2481 2090 2535 illa
2121 2498 2222 2542 ca-_

632 2577 754 2622 rent
797 2570 1068 2638 corporeis
1113 2570 1381 2626 sensibus.
1434 2571 1629 2626 Domus
1672 2571 1882 2638 Israel,
1932 2573 2212 2628 benedicite

631 2657 875 2712 Domino.
907 2660 1170 2729 Quidquid
1215 2671 1394 2716 autetn
1423 2663 1487 2717 de
1523 2663 1640 2717 istis
1676 2663 1789 2728 ﬁat,
1829 2679 1923 2718 vos
1956 2665 2046 2733 qui
2080 2665 2212 2720 estis

631 2752 817 2802 domus
851 2748 1039 2817 Israel,
1072 2751 1119 2804 id
1149 2759 1250 2816 est,
1283 2753 1467 2809 ﬁdeles
1494 2754 1689 2817 subditi
1719 2770 1784 2809 ex
1813 2753 2030 2820 Iudaeis,
2057 2755 2213 2810 bene-

632 2837 787 2892 dicite
825 2838 1045 2894 Domino
1075 2841 1357 2897 devotione
1395 2843 1611 2907 mentis,
1641 2852 1696 2899 et
1722 2844 1832 2898 oris
1855 2851 1909 2897 et
1949 2844 2216 2913 operatio-

635 2928 738 2982 nis.
769 2928 834 2982 Et
859 2943 964 2983 non
998 2939 1200 2985 tantttm
1228 2932 1446 2996 subditi,
1474 2933 1568 2987 sed
1589 2934 1750 2987 etiam
1781 2933 1965 2987 domus
1991 2933 2171 2988 Aaron
2197 2973 2212 2999 ,

633 3015 690 3071 id
713 3026 814 3081 est,
842 3019 1067 3086 praelati,
1097 3020 1376 3074 benedicite
1400 3020 1642 3076 Domino.
1668 3021 1945 3087 Dominus,
1972 3023 2212 3094 inquam,

2312 1875 2344 1920 ι,
2367 1872 2494 1911 num
2522 1855 2891 1928 misericordia
2918 1853 3053 1923 ejus.
3080 1853 3182 1932 Qui
3214 1853 3308 1907 dat
3330 1867 3512 1906 escam
3546 1851 3704 1904 omni
3733 1852 3888 1912 carni,

2313 1966 2340 2005 ι
2368 1947 2622 2017 quoniam
2671 1947 2725 2001 in
2766 1955 3027 2002 aeternum
3059 1942 3429 2000 misericordia
3471 1940 3614 2011 ejus.
3667 1941 3893 1995 Conﬁte-

2312 2059 2330 2090 ι
2369 2039 2499 2093 mini
2534 2038 2642 2094 Deo
2673 2037 2812 2102 cceli,
2841 2038 3092 2106 quoniam
3130 2037 3183 2090 in
3212 2044 3473 2090 mternum
3519 2033 3892 2088 misericordia

2313 2146 2330 2181 ι
2363 2125 2500 2196 ejus.
2528 2125 2864 2182 Conﬁtemini
2893 2125 3120 2179 Domino
3159 2123 3521 2187 dominorum,
3552 2122 3814 2192 quoniam
3848 2122 3894 2173 in

2313 2233 2334 2268 ι
2369 2224 2631 2283 aeternum
2666 2214 3038 2277 misericordia
3071 2212 3206 2284 ejus.
3240 2230 3259 2264 ι

2877 2300 3325 2357 ENARRATIO.

2379 2393 2582 2454 Eadem
2613 2394 2837 2450 materia
2862 2401 2947 2450 est
2987 2392 3040 2446 in
3086 2392 3190 2446 hoc
3225 2388 3468 2460 psalmo,
3496 2403 3624 2458 quae
3647 2387 3782 2442 etin
3808 2402 3894 2441 su-

2309 2483 2507 2554 periori
2531 2484 2860 2548 continetur,
2887 2482 2991 2536 nisi
3014 2480 3157 2551 quod
3175 2479 3446 2550 Propheta
3473 2479 3567 2534 hic
3594 2493 3792 2550 agens,
3815 2478 3897 2532 ali-

2310 2590 2413 2648 qua
2437 2577 2526 2632 hic
2545 2576 2783 2646 apponit,
2808 2590 2926 2644 qua:
2949 2575 3020 2629 ibi
3051 2589 3154 2627 non
3175 2573 3465 2636 habentur.

2351 2661 2713 2736 ’Conﬁtemini
2744 2665 2988 2728 Domino,
3020 2659 3482 2734 quoniamqbonus.
3521 2661 3568 2719 Ο
3593 2678 3698 2718 vos
3717 2677 3895 2716 omnes

2312 2761 2515 2826 ﬁdeles,
2541 2758 2859 2829 conﬁtemini
2881 2757 3130 2820 Domino,
3169 2756 3220 2811 id
3242 2764 3346 2821 est,
3367 2749 3591 2809 laudate
3616 2755 3893 2809 Dominum

2313 2850 2614 2915 devotione,
2654 2863 2787 2904 voce
2834 2856 2889 2903 et
2935 2862 3141 2917 opere:
3175 2854 3286 2900 tum
3328 2861 3390 2900 ea
3434 2845 3890 2902 consideratione.

2311 2942 2558 3012 quoniam
2583 2940 2758 2994 ‘bonus
2787 2949 2871 2994 est
2903 2937 3256 3004 naturaliter;
3284 2947 3394 2992 tum
3417 2938 3680 3008 quoniam
3707 2937 3894 2989 miseri-

2327 3030 2506 3083 cordia
2529 3029 2664 3098 ejus,
2689 3043 2848 3098 quam
2877 3028 3005 3082 fecit
3027 3028 3080 3082 itt
3096 3029 3329 3082 humano
3343 3039 3561 3096 genere,
3579 3039 3896 3095 permanens

637 3104 778 3171 Levi,
811 3107 862 3160 id
895 3115 997 3168 est,
1028 3109 1211 3162 Aaron
1235 3148 1249 3171 ,
1283 3109 1397 3164 sive
1437 3110 1528 3178 qui
1555 3111 1687 3164 estis
1722 3111 1774 3164 in
1803 3111 2102 3166 ministerio
2133 3127 2219 3166 sa-
2246 3103 2290 3164 C
2321 3120 2481 3173 estin
2507 3128 2760 3174 wternum
2788 3118 2955 3188 :lquia
2985 3133 3092 3186 non
3116 3117 3340 3172 desistet
3361 3130 3651 3190 quousque
3673 3130 3771 3169 vos
3789 3129 3896 3184 per-

637 3196 914 3250 cerdotum
970 3196 1220 3262 Domini,
1268 3199 1566 3252 Benedicite
1605 3199 1851 3254 Domino.
1902 3199 2212 3254 Benedictus

635 3286 910 3341 Dominus.
939 3287 1107 3343 Simul
1127 3305 1334 3352 omnes,
1361 3290 1642 3346 benedicite
1662 3279 1908 3356 Domino,
1933 3291 2173 3347 dicentes
2196 3309 2208 3344 :

635 3376 893 3432 Dominus
924 3379 1142 3433 veniens
1174 3396 1240 3434 ea:
1278 3379 1438 3446 Sion,
1471 3381 1522 3434 id
1564 3391 1646 3435 est
1668 3420 1683 3446 ,
1717 3390 1874 3435 natus
1903 3383 1968 3434 de
1991 3379 2215 3435 Judaico

635 3468 850 3538 populo,
881 3471 969 3541 qui
1001 3479 1180 3526 tantus
1212 3483 1314 3539 est,
1345 3473 1485 3541 quod
1511 3473 1710 3526 habitat
1739 3475 1790 3527 in
1820 3473 2132 3537 Jerusalem,
2161 3472 2215 3528 id

637 3567 721 3613 est
754 3568 940 3629 regnat
984 3561 1037 3615 in
1080 3561 1387 3620 ctelestibus
1415 3566 1715 3631 creaturis,
1767 3567 1836 3622 sit
1877 3566 2173 3621 benedictus
2195 3607 2212 3633 ,

637 3653 915 3720 subaudis,
946 3654 1000 3709 itt
1035 3655 1306 3711 omnibus.

1117 3744 1437 3802 PSALMUS
1475 3746 1733 3802 CXXXV.

1285 3852 1567 3894 ALLELUIA.

715 3941 733 3974 ι
766 3923 1106 3980 Conﬁtemini
1147 3927 1372 3983 Domino
1401 3929 1656 4000 quoniam
1699 3930 1872 3984 bonus
1899 3969 1914 3994 ,
1959 3930 2214 4001 quoniam

646 4033 664 4067 ‹
702 4015 756 4070 in
801 4024 1060 4072 aeternum
1110 4021 1475 4076 misericordia
1525 4022 1661 4090 ejus.
1715 4022 2053 4078 Conﬁtemini
2106 4023 2216 4078 Deo

647 4127 666 4160 ι
703 4109 955 4171 deorum,
1001 4111 1252 4180 quoniam
1288 4113 1341 4167 in
1377 4122 1638 4168 aeternum
1682 4113 2046 4168 misericordia
2079 4112 2212 4180 ejus.

646 4218 664 4251 ι
702 4198 1043 4255 Conﬁtemini
1071 4202 1295 4256 Domino
1321 4203 1681 4268 dominorum,
1705 4203 1959 4272 quoniam
1982 4204 2035 4257 in
2062 4212 2217 4258 aeter-

646 4310 664 4341 σ
701 4306 829 4346 num
859 4290 1226 4346 misericordia
1265 4293 1400 4362 ejus.
1429 4293 1529 4360 Qui
1559 4293 1686 4348 facit
1720 4293 1989 4348 mirabilia
2024 4309 2215 4364 magna

645 4402 663 4434 ι
699 4383 866 4448 solus,
893 4383 1146 4453 quoniam
1185 4384 1238 4437 in
1265 4394 1524 4439 aeternum
1557 4385 1924 4440 misericordia
1954 4383 2087 4452 ejus.
2115 4384 2216 4451 Qui

644 4492 662 4522 ι
700 4472 827 4527 fecit
851 4472 1019 4526 caelos
1044 4472 1096 4525 in
1128 4471 1419 4537 intellectu,
1447 4474 1700 4542 quoniam
1730 4473 1783 4528 in
1812 4482 2074 4527 aeternum
2114 4474 2217 4527 mi-

647 4579 666 4610 ‹
705 4561 993 4616 sericordia
1029 4563 1165 4632 ejus.
1195 4562 1296 4630 Qui
1328 4563 1560 4618 ﬁrmavit
1589 4573 1786 4618 terram
1830 4578 1992 4633 super
2015 4581 2217 4634 aquas,

647 4670 665 4700 ι
703 4651 958 4720 quoniam
993 4651 1048 4706 in
1085 4663 1344 4708 teternum
1385 4655 1754 4712 misericordia
1785 4656 1916 4724 ejus.
1950 4656 2051 4724 Qui
2095 4657 2222 4712 fecit

647 4760 665 4790 ι
703 4741 985 4796 luminaria
1017 4758 1232 4814 magna,
1259 4746 1513 4814 quoniam
1545 4746 1598 4800 in
1623 4756 1884 4802 aeternum
1915 4749 2222 4804 misericor-

650 4850 670 4886 ι
707 4831 792 4885 dia
831 4829 966 4898 ejus.
1012 4831 1191 4900 Solem
1232 4835 1284 4888 in
1327 4844 1644 4904 potestatem
1685 4839 1827 4904 diei,
1865 4841 2116 4908 quoniam
2168 4842 2221 4895 in

649 4941 669 4974 ι
704 4932 968 4978 aeternum
1013 4923 1377 4980 misericordia
1425 4925 1563 4995 ejus.
1601 4926 1806 4983 Lunam
1856 4937 1909 4983 et
1944 4929 2128 4983 stellas
2170 4930 2222 4983 in

651 5029 670 5070 ι
706 5019 1028 5082 potestatem
1056 5013 1252 5078 noctis,
1277 5016 1531 5083 quoniam
1558 5017 1612 5071 in
1638 5027 1896 5073 aeternum
1922 5018 2225 5072 misericor-

650 5122 670 5164 ί
707 5105 795 5160 dia
822 5104 954 5174 ejus.
977 5103 1078 5172 Qui
1106 5109 1373 5175 percussit
1394 5107 1686 5180 IEgyptum
1710 5127 1832 5166 cum
1856 5110 2226 5181 primogenitis

651 5213 671 5246 ι
708 5210 936 5262 eorum,
983 5197 1236 5266 quoniam
1279 5199 1333 5253 in
1376 5208 1636 5255 aeternum
1682 5202 2051 5257 misericordia
2086 5202 2224 5272 ejus.

655 5307 672 5338 ι
707 5287 809 5355 Qui
849 5289 1035 5344 eduxit
1073 5287 1235 5344 Israel
1278 5291 1343 5346 de
1389 5291 1568 5347 medio
1610 5306 1827 5358 eorum,
1872 5294 2127 5362 quoniam
2175 5293 2225 5345 in

655 5398 674 5430 ι
706 5386 968 5434 aeternum
1011 5379 1380 5435 misericordia
1423 5380 1560 5450 ejus.
1607 5381 1662 5436 ln
1714 5399 1872 5437 manu
1925 5383 2126 5451 potenti
2175 5391 2228 5434 et

656 5486 674 5518 ι
707 5470 930 5526 brachio
949 5470 1194 5536 excelso,
1215 5473 1466 5541 quoniam
1493 5473 1544 5526 in
1568 5483 1826 5528 internum
1855 5476 2134 5529 misericur
2155 5475 2222 5527 lia

655 5577 674 5610 ι
709 5557 846 5629 ejus.
877 5560 978 5626 Qui
1005 5561 1186 5617 divisit
1211 5577 1362 5618 mare
1391 5563 1632 5618 Rubrum
1670 5565 1720 5617 iu
1751 5564 2060 5628 divisiones,
2092 5580 2224 5634 quo-

659 5669 674 5702 ι
711 5652 936 5729 niam‘in
965 5663 1224 5711 mternum
1260 5654 1624 5711 misericordia
1655 5653 1786 5723 eius.
1828 5655 1892 5710 Et
1925 5657 2108 5710 eduxit
2147 5656 2218 5709 ls-

2313 3207 2473 3262 ducat
2509 3208 2559 3262 in
2588 3207 2968 3262 atternitatem.
2994 3205 3330 3276 Conﬁtemini
3369 3205 3478 3258 Deo
3512 3204 3756 3257 deorum.
3788 3203 3897 3258 Ideo

2312 3301 2477 3356 etiam
2500 3301 2714 3356 laudate
2729 3315 2852 3356 eum
2876 3301 3003 3372 quia
3027 3299 3142 3370 ipse
3169 3308 3251 3353 est
3272 3297 3414 3351 Deus
3443 3297 3702 3358 deorum,
3726 3296 3779 3350 id
3803 3309 3897 3358 est,

2313 3393 2582 3448 excedens
2651 3405 2842 3446 omnes
2886 3389 3187 3454 deiﬁcatos,
3232 3399 3286 3442 ct
3333 3387 3456 3456 quia
3503 3396 3587 3441 est
3648 3386 3901 3440 Dominus

2314 3485 2582 3542 excedens
2613 3498 2806 3540 omnes
2849 3492 3096 3538 terrenas
3142 3488 3456 3552 potestates,
3505 3487 3562 3534 et
3606 3479 3717 3533 hoc
3765 3478 3899 3540 ideo,

2311 3580 2560 3646 quoniam
2606 3577 2964 3632 misericordia
3009 3575 3145 3644 ejus,
3171 3589 3290 3643 qua:
3325 3573 3414 3629 hic
3440 3572 3495 3626 in
3527 3569 3691 3626 vobis
3713 3572 3896 3641 capit,

2314 3672 2368 3722 in
2397 3679 2648 3724 wternum
2677 3665 3033 3738 permanebit.
3079 3663 3186 3719 Ista
3228 3660 3492 3734 particula
3535 3660 3696 3730 quasi
3740 3660 3901 3714 inter-

2319 3760 2520 3815 calaris
2550 3776 2739 3815 versus
2767 3757 3114 3830 subjungitur
3140 3755 3366 3826 singulis
3388 3754 3645 3810 versibus
3669 3753 3740 3807 ad
3761 3768 3904 3807 eom-

2318 3851 2676 3905 mendandam
2723 3836 3149 3920 magnitudinem
3203 3844 3589 3915 misericordiae
3641 3845 3762 3899 Dei.
3805 3843 3902 3909 Qui

2317 3942 2436 4012 fecit
2471 3939 2758 4005 mirabilia,
2788 3938 2914 3993 licet
2941 3937 3193 4003 dixerim,
3221 3938 3444 3991 deorum
3467 3944 3524 3989 et
3543 3935 3900 3993 dominorum,

2318 4041 2497 4086 tamen
2529 4028 2673 4084 solus
2699 4037 2781 4083 est
2805 4027 2944 4083 Deus
2976 4036 3032 4081 et
3058 4027 3339 4091 Dominus,
3371 4023 3579 4079 faciens
3611 4023 3897 4082 mirabilia.

2319 4134 2424 4172 non
2458 4117 2877 4187 qualiacunque,
2929 4116 3021 4170 sed
3065 4131 3274 4185 magna,
3319 4114 3479 4182 idque
3503 4112 3666 4178 solus,
3705 4112 3786 4166 llli
3819 4112 3902 4164 tali

2313 4206 2648 4262 conﬁtemini
2677 4205 2930 4274 quoniam
2978 4205 3031 4258 in
3070 4211 3331 4274 aeternum
3368 4200 3744 4256 misericordia
3768 4199 3897 4268 ejus.

2321 4298 2426 4364 Qui
2477 4298 2599 4368 fecit
2663 4297 2837 4352 caelos.
2901 4295 3131 4365 Exponit
3176 4311 3296 4366 qua:
3343 4293 3610 4349 mirabilia
3666 4290 3801 4347 fecit
3852 4299 3900 4344 et

2323 4389 2535 4445 assidue
2557 4389 2708 4453 facit,
2730 4388 2937 4443 scilicet
2965 4387 3102 4450 hate,
3125 4386 3245 4455 fecit
3269 4383 3446 4449 caelos,
3473 4383 3524 4438 id
3548 4392 3654 4448 est,
3680 4393 3897 4452 aposto-

2323 4480 2403 4535 los
2427 4490 2481 4534 et
2503 4480 2636 4534 alios
2663 4479 2977 4548 spirituales
2997 4479 3165 4542 viros,
3190 4477 3447 4542 sublimes
3468 4476 3592 4530 vita:
3620 4476 3897 4546 dignitate.

2322 4572 2388 4627 Et
2416 4573 2516 4625 bos
2547 4570 2674 4624 fecit
2704 4570 2757 4623 in
2792 4569 3084 4630 intellectu,
3139 4566 3203 4621 id-
3238 4576 3341 4631 est,
3383 4567 3435 4620 in
3459 4566 3659 4634 seipso,
3690 4566 3786 4635 qui
3824 4573 3899 4619 est

2325 4664 2589 4734 sapientia
2653 4663 2829 4717 Patris
2877 4663 3024 4717 nullo
3069 4661 3409 4716 extrinsecus
3455 4659 3895 4714 adminiculante.

2325 4753 2426 4820 Qui
2457 4754 2682 4822 ﬁrmavit
2731 4734 2946 4818 terram,
2980 4753 3032 4808 id
3059 4760 3143 4806 est
3170 4752 3490 4813 Ecclesiam,
3535 4767 3698 4819 super
3737 4765 3895 4820 aqua:

2325 4845 2660 4914 baptismatis
2685 4845 2982 4908 fundatam,
3009 4843 3091 4898 vel
3115 4843 3445 4913 superiorem
3464 4841 3900 4910 persecutoribus

2326 4936 2560 4996 factam,
2613 4937 2702 5003 qui
2761 4933 3010 4988 ﬂuctibus
3065 4934 3497 5003 persecutionum
3557 4931 3900 4984 intendebant

2327 5043 2447 5082 eam
2483 5029 2846 5093 submergere.
2890 5025 2993 5090 Qui
3037 5024 3163 5093 facit
3216 5021 3504 5076 luminaria
3555 5037 3775 5090 magna.
3809 5018 3898 5072 [θεν

2328 5117 2406 5172 cit
2447 5115 2608 5172 etiam
2639 5117 2781 5170 unde
2836 5115 2996 5184 digne
3027 5113 3325 5167 laudandus
3368 5120 3481 5172 est,
3511 5111 3642 5181 quia
3675 5110 3799 5178 fecit
3821 5109 3913 5163 lu-_

2329 5206 2556 5262 minaria
2589 5223 2800 5278 magna,
2829 5206 2880 5260 id
2905 5213 3013 5268 est,
3038 5203 3300 5272 quosdam
3331 5217 3396 5256 ex
3423 5199 3674 5255 ﬁdelibus
3705 5197 3893 5255 illumi-

2335 5298 2488 5352 navit
2530 5296 2812 5365 sapientia,
2844 5295 3006 5348 alium
3036 5293 3174 5364 plus,
3207 5291 3370 5347 alium
3396 5290 3574 5344 minus
3603 5305 3619 5341 :
3649 5287 3894 5358 quosdam

2333 5386 2537 5441 faciens
2566 5389 2619 5438 in
2644 5394 2946 5454 potestatem
2978 5383 3094 5445 Dei,
3121 5392 3179 5437 ut
3221 5390 3406 5437 essent
3453 5387 3779 5449 potestatem
3809 5377 3894 5430 ba-

2333 5479 2520 5533 bentes
2572 5477 2623 5531 in
2675 5476 2939 5531 scientia:
2972 5486 3028 5530 et
3069 5474 3149 5530 sic
3195 5473 3366 5528 factas
3393 5471 3553 5526 solem
3586 5471 3642 5524 in
3665 5468 3888 5540 perfecta

2330 5570 2575 5627 claritate
2595 5578 2649 5622 et
2671 5566 3368 5631 illuminatione‘sapientim
3387 5582 3400 5617 :
3419 5562 3684 5632 quosdam
3709 5559 3894 5625 faciens

2329 5656 2532 5722 lunam,
2568 5655 2617 5710 id
2648 5665 2753 5720 est,
2780 5656 2956 5710 minus
2983 5662 3225 5710 tuccntcs
3257 5654 3308 5707 in
3349 5652 3594 5706 scientia.
3623 5648 3689 5702 Et
3712 5647 3897 5703 uelles.-
