3868 5528
62 288 146 342 ᾳθτ
1133 279 1664 338 ENARRATIONES
1701 283 1768 338 lN
1806 285 2138 345 ussuros.

3157 300 3258 352 798

62 392 215 454 idest,
239 389 404 442 adhuc
425 387 597 442 minus
619 388 870 452 scientes,
898 396 951 442 et
976 395 1153 441 tamen
1178 401 1367 442 omnes
1396 402 1585 457 magna
1614 392 1663 450 Δ
1691 394 1853 447 nostri
1899 395 1952 448 in
1990 397 2282 451 humilitate
2332 410 2507 452 nostra
2540 441 2553 463 ,
2604 399 2761 456 nullis
2808 402 3017 458 meritis
3056 404 3257 458 nostris

62 481 313 536 luminaria
350 480 639 534 existentes
665 498 677 533 :
704 487 763 533 ut
784 480 837 533 in
857 488 1159 549 potestatem
1192 481 1372 543 noctis,
1404 487 1585 533 essent

61 580 276 640 potentes
304 567 589 622 bistorialis
626 568 865 622 scientia:
902 576 957 619 et
988 567 1194 621 illarum
1232 582 1437 632 rerum,
1466 582 1586 637 qua:

62 660 299 730 pertinent
319 658 382 711 ad
411 657 568 710 ﬁnem
602 674 614 709 :
648 673 766 726 qua:
795 658 1017 711 scicntia
1051 672 1154 711 nox
1184 657 1402 723 dicitur,
1439 672 1586 711 com-

60 756 217 819 parata
271 747 334 801 ad
396 746 769 815 perfectiorem
826 748 1127 801 scientiam.
1184 746 1286 811 Qui
1334 748 1585 816 percussit

61 839 334 907 .Egyptum.
364 838 427 890 Et
455 854 550 907 per
575 838 741 893 solem
770 848 824 893 et
846 838 1026 893 lunam
1049 838 1315 893 destruxit
1337 839 1585 893 tenebras

62 928 342 997 ignorantiae
392 935 447 980 et
490 928 727 997 perﬁdiae
769 928 821 982 in
868 930 951 983 his
995 929 1084 997 qui
1131 936 1287 983 erant
1330 928 1583 981 mundum

62 1027 272 1072 amantes
302 1036 314 1072 :
346 1018 426 1072 vel
462 1020 691 1073 actualia
722 1030 957 1089 peccata,
987 1036 1105 1090 qua:
1136 1019 1374 1090 alliigunt
1413 1019 1587 1073 homi-

64 1123 140 1161 nes
173 1110 218 1162 in
252 1109 593 1171 conscientia,
630 1128 743 1163 cum
783 1110 1139 1180 primogenitis
1166 1127 1364 1173 eorum,
1395 1110 1445 1163 id
1478 1117 1579 1170 est,

62 1214 160 1251 cum
191 1198 524 1267 originalibus
554 1201 809 1268 peccatis.
844 1199 1145 1265 Quieduxit
1169 1200 1358 1253 Israel.
1383 1199 1585 1254 Deletis

62 1290 276 1357 pi‘Ci'ﬂliS,
318 1290 499 1344 ﬁdeles
526 1292 710 1359 eduxit
754 1293 819 1345 de
860 1292 1035 1346 medio
1076 1292 1307 1362 ipsorum
1340 1300 1585 1358 peccato-

63 1398 157 1436 rum
199 1382 273 1435 vel
318 1385 382 1437 de
412 1399 587 1438 massa
620 1385 947 1453 perditorum
984 1402 996 1437 :
1036 1385 1125 1439 ubi
1151 1385 1307 1437 datur
1335 1383 1582 1453 intelligi,

62 1470 175 1540 quod
216 1472 280 1525 ibi
327 1473 583 1541 quosdam
622 1473 1015 1542 dereliquisset.
1050 1473 1163 1527 Non
1196 1474 1338 1527 enim
1369 1487 1581 1536 omnes,

62 1560 134 1613 sed
161 1560 399 1630 quosdam
431 1563 722 1631 assumpsit
745 1564 796 1615 in
825 1580 980 1615 manu
1003 1562 1216 1631 potenti.
1260 1563 1457 1616 Eduxit
1490 1577 1583 1616 eos

63 1650 103 1702 in
148 1667 289 1704 manu
316 1653 523 1720 potenti,
551 1652 602 1706 id
652 1661 753 1716 est,
798 1654 850 1708 in
893 1655 1267 1720 cooperatione
1309 1652 1505 1718 valida,
1533 1662 1581 1706 et

1686 486 2142 553 praecedentibus,
2196 489 2288 542 sed
2325 488 2377 541 in
2406 490 2707 545 humilitate
2739 502 2793 545 et
2819 494 3116 563 dejectione
3162 510 3258 550 no-

1686 582 1799 627 stra
1831 574 2082 629 misertus
2111 583 2192 629 est
2218 577 2407 630 nostri.
2447 575 2515 629 Et
2558 580 2768 633 redemit
2798 598 2909 645 nos,
2944 582 2992 635 id
3026 591 3126 645 est,
3181 584 3254 637 ita

1686 679 1894 719 memor
1935 665 2034 719 fuit
2078 667 2281 727 nostri,
2332 676 2390 721 ut
2439 668 2725 723 redimeret
2758 685 2854 725 nos
2908 671 2971 723 ab
3029 673 3257 725 inimicis

1687 756 1877 808 nostris
1902 793 1916 816 ,
1962 770 1992 809 a
2032 755 2224 823 quibus
2277 756 2419 823 capti
2448 757 2781 811 tenebamur.
2821 757 2924 823 Qui
2968 760 3058 811 dat
3085 775 3256 812 escam

1685 845 1827 899 omni
1850 847 2014 898 curni.
2045 845 2166 899 Ideo
2186 846 2346 900 etiam
2372 846 2701 901 confitemini
2733 847 2828 910 illi,
2855 848 2980 916 quia
3009 849 3256 916 praetium

1688 933 1812 987 illud
1842 934 1983 1002 quod
2036 934 2183 987 dedit
2228 949 2325 1003 pro
2376 936 2741 1004 redemptione
2792 945 3009 1000 nostra,
3048 937 3257 992 scilicet

1685 1036 1878 1089 corpus
1906 1036 2086 1085 suum,
2110 1023 2199 1073 dat
2226 1022 2473 1076 omnibus
2502 1023 2811 1092 redemptis,
2835 1032 2892 1077 ut
2920 1031 3257 1079 sacramento

1686 1117 1926 1184 corporis
1962 1115 2042 1168 sui
2089 1115 2417 1169 reﬁciantur.
2466 1114 2795 1183 Conﬁtemini
2850 1116 2956 1170 Deo
3004 1115 3149 1179 cmli,
3196 1122 3257 1169 ut

1679 1205 1802 1276 jure
1849 1204 2053 1258 debetis
2099 1204 2336 1258 conﬁteri
2366 1222 2377 1257 :
2411 1205 2535 1272 quia
2569 1206 2707 1258 Deus
2754 1213 2835 1258 est
2886 1219 2991 1258 non
3042 1211 3252 1258 tantum

1685 1295 1903 1348 deorum
1923 1334 1937 1356 ,
1968 1302 2027 1346 ut
2055 1292 2197 1355 dixi,
2247 1294 2338 1347 sed
2364 1295 2526 1347 etiam
2550 1294 2701 1357 coeli,
2734 1295 2783 1347 id
2811 1303 2925 1358 est,
2956 1294 3254 1348 caelestium

1685 1392 2072 1437 creaturarum.
2103 1380 2431 1451 Con/itemini
2478 1382 2695 1435 Domino
2727 1383 3074 1436 dominorum.
3127 1381 3259 1437 Post

1683 1482 1995 1529 enumerata
2026 1472 2285 1526 beneﬁcia
2316 1472 2507 1541 repetit
2556 1474 2801 1542 superius
2835 1473 3031 1526 dictam
3060 1470 3257 1525 exhor-

1684 1563 1962 1618 tationem.
2014 1562 2176 1629 Quasi
2206 1560 2347 1615 dicat
2373 1579 2388 1615 :
2421 1561 2561 1630 Ergo
2590 1577 2685 1632 pro
2716 1560 3018 1630 bujusmodi
3048 1560 3253 1615 beneﬁ-

1684 1654 1783 1709 ciis
1823 1654 2141 1721 confitemini
2176 1652 2422 1717 Domino,
2448 1654 2694 1723 quoniam
2728 1656 2783 1707 in
2816 1664 3068 1708 ceternum
3102 1653 3258 1707 mise-

64 1739 238 1791 brachio
260 1739 473 1804 excelso,
501 1741 553 1796 id
596 1751 700 1804 est,
740 1743 791 1796 in
824 1742 1135 1797 fortitudine
1161 1742 1578 1812 supereminenti
1611 1742 1655 1800 Β
1684 1744 1909 1797 ricordia
1934 1743 2070 1812 ejus.

64 1843 215 1882 omnes
251 1831 394 1885 alios.
433 1829 536 1896 Qui
583 1834 761 1887 divisit
808 1850 950 1887 mare
997 1832 1251 1887 Rubrum.
1289 1832 1365 1886 Nc
1393 1846 1578 1887 omnes

67 1917 127 1969 illi
150 1918 226 1987 qui
257 1921 494 1974 exierunt
523 1920 835 1992 Egyptum,
863 1935 917 1977 et
945 1924 996 1977 in
1025 1923 1220 1992 quibus
1242 1931 1366 1977 sunt
1388 1923 1583 1992 primo-

65 2009 208 2076 genita
238 2008 516 2073 destructa.
547 2013 680 2067 certi
714 2013 819 2067 sint
854 2014 919 2067 de
955 2012 1128 2068 salute
1169 2015 1371 2081 absque
1414 2013 1581 2066 bono-

67 2110 160 2147 rum
186 2111 390 2165 operum
430 2102 801 2163 exsecutione,
832 2102 1049 2171 exponit
1073 2103 1340 2171 quomodo
1364 2116 1581 2171 percus-

68 2185 119 2237 sit
144 2186 425 2259 .‘Egyptum,
461 2192 531 2245 ita
574 2193 802 2257 scilicet,
830 2194 955 2263 quia
981 2194 1163 2249 divisit
1187 2210 1335 2248 mare
1364 2196 1417 2247 in
1447 2194 1582 2247 diei-

67 2275 216 2340 sioncs,
248 2279 293 2332 id
326 2290 423 2345 est,
454 2292 853 2337 sacramentum
884 2284 1221 2353 baptismatis
1251 2284 1372 2339 aliis
1402 2285 1466 2337 ad
1491 2300 1579 2337 sa-

67 2363 217 2429 lutem,
246 2368 356 2423 aliis
398 2373 671 2426 concessit
716 2374 781 2426 ad
818 2373 1231 2427 damnationem.
1268 2373 1321 2428 Si
1359 2375 1584 2430 dixisset

69 2454 375 2523 solummodo,
399 2460 597 2524 divisit,
631 2469 835 2515 tantum
886 2462 937 2515 iu
989 2465 1120 2517 duas
1150 2474 1330 2533 partes
1370 2466 1583 2533 accipe-

67 2564 229 2606 remus.
255 2552 353 2609 Sed
375 2571 493 2610 cum
521 2558 677 2620 dixit,
708 2558 892 2613 Divisit
921 2574 1065 2614 mare
1095 2561 1330 2615 Rubrum
1361 2565 1411 2615 iu
1452 2564 1586 2618 divi-

67 2642 218 2709 siones,
265 2646 604 2720 intelligimus
663 2651 982 2720 multiplices
1036 2654 1325 2709 divisiones
1370 2656 1580 2710 factas:

66 2734 162 2800 quia
199 2737 313 2806 ipsis
356 2740 514 2794 etiam
547 2742 871 2797 damnandis
896 2743 1158 2812 baptisma
1198 2745 1381 2799 multis
1404 2746 1579 2801 modis

66 2826 209 2880 estin
256 2829 671 2894 damnationem,
722 2833 840 2887 aliis
888 2849 984 2903 per
1026 2834 1294 2899 lueresim,
1346 2836 1465 2892 aliis
1493 2852 1589 2906 per

69 2916 362 2985 adulterium,
395 2921 514 2981 aliis
541 2938 643 2992 per
672 2925 1043 2979 homicidium.
1076 2927 1141 2980 Et
1194 2928 1381 2981 eodem
1430 2930 1587 2984 modo

71 3004 110 3057 in
138 3011 353 3075 apposito
382 3012 677 3080 poterimus
704 3014 882 3069 videre
906 3016 955 3068 in
985 3016 1273 3069 salvandis.
1308 3016 1376 3070 Et
1406 3018 1584 3072 eduxit

2142 1829 2460 1885 PSALMUS
2496 1831 2780 1886 CXXXVI.

2106 1936 2337 1975 PSALIUS
2374 1936 2533 1974 DAVID
2570 1935 2830 1974 ’EREM'IE-

1758 2028 1777 2063 ι
1824 2011 1996 2081 Super
2026 2009 2245 2065 ﬁumina
2292 2011 2577 2083 Babylonis
2622 2013 2727 2066 illic
2756 2012 2990 2066 sedimus
3019 2018 3073 2064 et
3101 2009 3254 2066 ﬁevi-

1691 2119 1710 2152 ‹
1750 2116 1899 2165 mus,
1931 2116 2051 2155 cum
2088 2102 2525 2166 recordaremur,
2571 2102 2721 2155 Sion.
2773 2101 2829 2155 In
2889 2101 3140 2155 salicibus
3189 2102 3243 2154 in

1691 2212 1710 2243 ι
1755 2192 1931 2245 medio
1978 2188 2126 2257 ejus,
2182 2192 2560 2259 suspendimus
2606 2205 2805 2260 organa
2857 2200 3058 2245 nostra.
3119 2190 3256 2256 Quia

1690 2301 1709 2331 ο
1756 2284 1865 2338 illic
1892 2284 2355 2352 interrogaverunt
2387 2299 2520 2345 nos,
2577 2284 2667 2352 qui
2701 2282 2945 2352 captivos
2987 2283 3256 2336 duxerunt

1693 2396 1712 2428 α
1754 2394 1880 2438 nos,
1911 2378 2075 2431 verba
2108 2377 2436 2431 cantionum.
2471 2377 2538 2429 Et
2587 2376 2678 2445 qui
2732 2376 3072 2429 abduxerunt
3123 2388 3253 2437 nos,

1694 2486 1715 2521 ι
1761 2469 2025 2539 Hymnum
2049 2477 2265 2525 cantate
2286 2470 2440 2523 nobis
2467 2468 2531 2523 de
2556 2468 2781 2523 canticis
2804 2466 2955 2522 Sion.
2979 2467 3257 2534 Quomodo

1694 2578 1713 2609 ί
1758 2558 2097 2613 cantabimus
2120 2558 2389 2612 canticum
2440 2556 2647 2611 Domini
2696 2556 2747 2609 iu
2782 2565 2923 2609 terra
2953 2555 3164 2609 aliena?
3196 2554 3255 2607 Si

1696 2666 1715 2699 ι
1763 2649 1962 2703 oblitus
2027 2648 2176 2703 luero
2233 2648 2340 2709 tui,
2393 2646 2724 2709 Jerusalem,
2782 2646 3036 2699 oblivioni
3099 2645 3257 2699 detur

1696 2756 1717 2789 ι
1761 2738 1979 2792 dextera
2006 2751 2144 2792 mea.
2173 2735 2457 2790 Adhaereat
2480 2734 2655 2802 lingua
2683 2749 2797 2789 mea
2824 2733 3067 2789 faucibus
3097 2733 3254 2798 meis,

1698 2846 1717 2881 ι
1757 2829 1799 2883 si
1826 2843 1929 2882 non
1959 2828 2254 2881 meminero
2281 2826 2375 2879 tui.
2404 2824 2461 2879 Si
2488 2839 2593 2879 non
2616 2837 2942 2893 proposuero
2956 2823 3252 2878 Jerusalem

1698 2937 1716 2971 ι
1762 2918 1813 2972 in
1856 2917 2118 2987 principio
2163 2916 2357 2969 laetitia:
2395 2930 2547 2969 meae.
2588 2913 2789 2967 Memor
2821 2923 2969 2976 esto,
3003 2913 3255 2975 Domine,

1700 3026 1719 3060 ι
1763 3008 1990 3061 ﬁliorum
2031 3006 2232 3068 Edom,
2287 3006 2339 3059 in
2379 3004 2466 3059 die
2516 3002 2829 3058 Jerusalem.
2875 3002 2975 3069 Qui
3024 3002 3254 3056 dicunt:

72 3093 225 3150 Israel.
253 3098 366 3153 Illos
395 3102 484 3169 qui
538 3100 754 3157 fuerunt
789 3104 948 3159 Israel
986 3104 1248 3169 innovati,
1274 3108 1459 3161 eduxit
1494 3124 1586 3177 per

1696 3119 1711 3151 ι
1756 3099 2042 3153 Exinanite
2064 3137 2079 3160 ,
2111 3096 2413 3160 exiuanite,
2447 3110 2618 3164 usque
2662 3095 2726 3146 ad
2755 3092 3160 3147 fundamentum
3203 3090 3258 3143 in

70 3187 252 3253 medium
279 3191 406 3258 ejus,
445 3192 497 3246 id
526 3200 629 3259 est,
664 3193 850 3257 maris,
892 3196 993 3248 hoc
1016 3203 1117 3261 est,
1160 3195 1225 3249 de
1253 3197 1428 3250 medio
1456 3197 1587 3265 bap-

74 3275 267 3332 tismatis
290 3282 519 3337 extraxit
549 3284 686 3339 alios
729 3285 796 3337 ab
824 3284 966 3349 aliis,
1015 3286 1297 3340 salvandos
1324 3287 1529 3341 scilicet
1556 3304 1584 3340 a

70 3365 355 3434 damnandis,
386 3381 444 3426 ut
472 3382 654 3427 essent
679 3373 967 3428 dissimiles
1005 3375 1243 3429 moribus
1270 3385 1323 3429 et
1365 3376 1473 3429 vita
1504 3376 1588 3430 bis

70 3457 137 3520 qui
160 3472 507 3527 remanserunt
530 3464 581 3516 in
606 3462 860 3533 Egypto.
895 3463 961 3517 Et
993 3465 1216 3519 excussit
1237 3465 1586 3529 Pharaonem,

70 3543 109 3596 id
132 3557 215 3609 est,
236 3549 411 3619 jugum
440 3561 493 3607 et
532 3554 830 3607 dominium
862 3552 1076 3619 diaboli,
1110 3565 1158 3608 et
1190 3556 1424 3609 virtutem
1451 3556 1583 3625 ejus,

70 3631 107 3682 il
143 3646 230 3699 est,
278 3650 486 3707 peccata
532 3658 655 3712 qum
693 3652 820 3697 sunt
866 3643 1036 3697 virtus
1083 3651 1137 3697 et
1176 3652 1413 3713 potestas
1451 3646 1589 3715 ejus,

69 3729 262 3781 t‘It‘llSSll
299 3731 362 3785 ab
403 3731 566 3786 Israel
620 3733 673 3785 in
730 3733 1015 3802 baptismo.
1055 3732 1157 3797 Qui
1208 3734 1442 3788 traduxit
1499 3752 1593 3788 uo-

69 3815 213 3879 pulum
243 3837 404 3879 suum.
444 3841 463 3875 ι
508 3822 576 3877 Ει
624 3839 728 3877 non
784 3833 988 3878 tantum
1018 3825 1361 3894 insequentes
1409 3826 1591 3880 hostes

70 3902 123 3957 ibi
150 3910 436 3977 submersit,
464 3914 555 3968 sed
593 3915 755 3967 etiam
792 3933 883 3984 per
925 3917 1184 3973 desertum
1216 3916 1374 3984 hujus
1412 3919 1589 3973 saeculi

68 4001 361 4060 postmodum
392 4005 629 4058 traduxit
652 4020 745 4059 eos
775 4006 826 4059 in
873 4007 1159 4060 securitate
1184 4018 1371 4062 contra
1403 4024 1594 4063 occur-

71 4095 216 4140 rentes
264 4090 607 4159 hostes.'Qui
653 4098 906 4165 percussit
946 4113 1086 4166 reges
1133 4113 1368 4168 magnos,
1407 4100 1459 4153 id
1489 4109 1590 4163 est,

68 4186 163 4227 cum
214 4179 393 4234 iterum
448 4192 567 4251 post
611 4186 876 4254 baptisma
933 4186 1274 4257 insurgerent
1330 4189 1461 4242 vitia
1526 4203 1589 4242 ex

68 4277 199 4327 Prava
250 4275 653 4337 consuetudine,
710 4276 977 4345 percussit
1043 4276 1440 4332 multitudinem
1509 4279 1590 4331 vi-

69 4353 229 4409 tiorum
258 4375 372 4427 quae
398 4363 522 4415 vitia
551 4374 675 4417 sunt
723 4364 885 4419 fortes
929 4372 984 4419 et
1029 4366 1379 4435 praevalentes
1411 4382 1592 4435 reges,

68 4441 117 4495 de
139 4448 313 4513 quibus
338 4452 497 4506 dicit:
526 4453 593 4507 Et
622 4457 871 4522 percussit
901 4472 1040 4523 reges
1079 4456 1237 4523 fortes
1256 4496 1270 4519 ,
1309 4457 1357 4509 id
1385 4467 1497 4522 est,
1539 4468 1593 4509 et

69 4532 136 4587 illa
164 4552 363 4605 peccata
401 4543 645 4612 quaajam
678 4546 887 4599 fortiter
912 4556 1193 4599 tetulerunt
1226 4546 1415 4615 ligatos
1440 4586 1454 4610 ,
1500 4547 1593 4599 de-

68 4627 188 4684 levit.
241 4634 405 4690 Sehon
453 4655 620 4709 regem
683 4639 1125 4705 Aman/urorum.
1178 4638 1407 4706 Exponit
1463 4653 1597 4707 quos

69 4729 194 4783 re88$
245 4728 529 4793 percussit,
576 4716 783 4785 sciliCet
824 4730 1172 4784 tentationem
1223 4730 1486 4785 calentem
1542 4738 1597 4783 et

71 4811 397 4872 vehementem
416 4858 430 4882 ,
461 4835 578 4888 quae
606 4818 705 4873 fuit
745 4834 1067 4890 regenerans
1098 4821 1148 4873 in
1181 4819 1597 4873 amaricantibus

70 4895 336 4960 Dominum.
367 4908 429 4962 Et
456 4910 653 4972 occidit
684 4911 1112 4973 conclusionem,
1161 4910 1210 4962 id
1236 4920 1348 4973 est,
1395 4909 1590 4963 malam

70 4993 398 5054 operationem
425 4999 706 5053 ducentem
752 5001 817 5053 ad
865 4998 1230 5053 confusionem
1280 5010 1593 5068 pneseutern

71 5080 114 5127 et
136 5076 347 5137 futuram
374 5104 386 5139 :
419 5097 464 5141 et
495 5088 636 5140 dedit
658 5096 847 5141 terram
869 5102 1045 5141 eorum
1067 5088 1440 5140 Iucreditutem.
1468 5085 1597 5139 Ter-

73 5178 167 5219 ram
193 5171 324 5227 illam
346 5191 500 5244 quam
534 5194 687 5247 reges
723 5176 1012 5247 supradicti
1041 5181 1423 5246 possederant,
1456 5179 1599 5248 ipsos

72 5253 283 5320 homines
338 5270 608 5332 carnales,
679 5270 883 5325 scilicet
932 5283 1117 5322 eorum
1173 5285 1400 5333 sensus,
1456 5270 1599 5323 dedit

73 5342 387 5409 hereditatem
416 5358 583 5412 Israel
610 5376 752 5412 servo
785 5376 881 5413 suo
900 5400 915 5423 ,
962 5357 1014 5412 id
1036 5367 1117 5412 est
1139 5399 1152 5421 ,
1186 5359 1427 5414 ﬁdelibus
1454 5358 1594 5421 suis,

75 5442 425 5501 utpossideant
449 5448 701 5516 eamjure
727 5450 900 5503 beato.
944 5446 1081 5511 Quia
1116 5448 1170 5499 in
1198 5448 1506 5515 humilitate.
1532 5445 1595 5501 Et

1692 3208 1710 3242 ι
1754 3205 1838 3244 ea.
1870 3190 2005 3243 Filia
2033 3188 2320 3258 Babylonis
2350 3187 2542 3240 misera
2583 3203 2596 3237 :
2628 3187 2817 3239 beatus
2860 3184 2951 3253 qui
2996 3182 3259 3237 retribuet

1691 3298 1711 3332 ι
1759 3281 1852 3335 tibi
1878 3280 2290 3334 retributionem
2326 3286 2502 3339 tuam,
2538 3290 2697 3344 quam
2731 3273 3023 3328 retribuisti
3080 3270 3256 3325 nobis.

1693 3388 1713 3423 ι
1756 3373 1991 3437 Beatus,
2039 3370 2128 3439 qui
2162 3368 2366 3423 tenebit
2410 3375 2465 3421 et
2499 3366 2682 3420 allidet
2728 3362 2982 3434 parvulos
3028 3376 3152 3417 suos
3190 3361 3256 3415 ad

1694 3480 1714 3514 ι
1761 3470 1992 3531 petram.
2034 3478 2053 3511 ›
2114 3446 2122 3453 ’

2238 3546 2691 3601 ENARRATIO.

1761 3644 1867 3699 iste
1894 3642 2134 3712 psalmus
2158 3640 2473 3695 attribuitur
2501 3639 2746 3694 ﬁdelibus
2766 3636 3019 3706 perfectis
3036 3675 3049 3698 ,
3093 3650 3257 3705 agen-

1691 3740 1834 3795 tibus
1859 3738 1946 3793 hic
1974 3746 2196 3807 propter
2223 3734 2510 3790 Jeremiam
2529 3774 2544 3799 ,
2596 3734 2648 3788 id
2672 3742 2785 3797 est,
2809 3732 2960 3801 juxta
3013 3729 3258 3785 Jeremize

1690 3829 2025 3900 prephetiam
2046 3869 2059 3891 ,
2086 3827 2185 3881 hoc
2210 3835 2327 3891 est,
2373 3826 2693 3880 habentibus
2738 3823 2983 3879 eumdem
3019 3821 3263 3876 intellec-

1695 3928 1803 3973 tum
1833 3921 1897 3973 de
1921 3917 2230 3986 captivitate
2259 3916 2473 3970 humani
2517 3916 2752 3986 generis,
2798 3929 2956 3984 quem
2995 3911 3262 3967 Jeremias

1693 4009 1958 4073 habebat,
1987 4024 2109 4062 cum
2159 4007 2533 4076 descripsisset
2563 4006 2975 4061 lamentationes
3025 4006 3091 4058 ad
3120 4003 3261 4057 litte-

1695 4114 1807 4153 ram
1832 4100 1896 4153 de
1925 4098 2235 4166 captivitate
2266 4097 2492 4151 ﬁliorum
2521 4096 2680 4152 Israel
2708 4097 2762 4150 in
2796 4094 3079 4164 Babylone.
3111 4093 3263 4147 Sicut

1695 4193 1837 4247 enim
1867 4193 1917 4245 in
1959 4192 2173 4260 negotio
2217 4189 2359 4244 illius
2384 4190 2713 4259 captivitatis
2740 4189 2988 4249 habetur,
3030 4185 3265 4254 qualiter

1696 4280 1787 4333 ﬁlii
1814 4280 1972 4333 lsrael
1996 4280 2330 4348 septuaginta
2356 4293 2527 4331 annos
2572 4276 2901 4330 deﬁeverunt
2926 4274 3169 4327 exsilium
3212 4278 3267 4325 et

1698 4368 2047 4437 dejectionem
2096 4383 2245 4421 suam
2272 4367 2322 4419 in
2349 4365 2669 4434 Babylonia,
2714 4371 2769 4417 et
2809 4364 2860 4415 in
2894 4359 3265 4416 recordatione

1700 4460 1972 4513 terrestris
2017 4458 2312 4513 Jerusalem
2367 4458 2739 4526 suspirahant,
2791 4462 2844 4510 et
2873 4454 3176 4509 desistendo
3235 4469 3265 4506 a

1698 4549 1854 4603 laude
1874 4548 1964 4602 Dei
1994 4563 2193 4615 organa
2216 4564 2308 4601 sua
2342 4546 2738 4616 suspendebant
2764 4564 2777 4599 :
2807 4546 2877 4599 ita
2907 4544 2957 4599 in
2986 4544 3070 4598 his
3093 4542 3271 4597 verbis

1699 4638 1941 4693 referunt
1967 4638 2149 4691 ﬁdeles
2176 4637 2446 4691 miseriam
2490 4644 2544 4691 et
2571 4635 2924 4704 dejectionem
2972 4647 3121 4688 suam
3147 4673 3160 4695 ,
3214 4631 3268 4684 in

1702 4746 1804 4800 qua
1865 4740 1988 4784 sunt
2043 4738 2148 4783 tota
2205 4729 2305 4782 hac
2353 4729 2461 4783 vita
2519 4743 2637 4796 qute
2679 4726 2912 4780 volvitur
2967 4722 3272 4794 septenario
3350 4757 3355 4789 ,

1704 4838 1949 4878 nurnero.
1993 4822 2055 4875 Et
2101 4820 2391 4875 ostendunt
2434 4817 2825 4874 vehementiam
2873 4816 3102 4887 gemitus
3149 4811 3270 4873 sui,

1700 4930 1858 4984 quem
1908 4915 2105 4968 habent
2149 4928 2249 4982 pro
2283 4911 2548 4967 desiderio
2571 4909 2806 4964 caelestis
2857 4904 3171 4961 Jerusalem.
3208 4899 3275 4952 Et

1704 5005 1805 5058 hoc
1822 5005 1980 5056 modo
2002 5002 2162 5056 verba
2188 5002 2305 5053 vitae
2325 5000 2656 5071 suspendunt
2675 5014 2701 5049 a
2727 4996 2934 5051 civibus
2956 4988 3275 5062 Babyloniae,

1703 5108 1839 5163 quos
1863 5094 2109 5163 indignos
2135 5090 2315 5144 vident
2358 5091 2627 5164 agnitione
2656 5088 2808 5141 verbi
2839 5084 3022 5140 divini.
3056 5081 3123 5135 Et
3164 5078 3282 5129 haec

1706 5183 1899 5238 relatio
1954 5183 2019 5239 ﬁt
2074 5184 2139 5236 ad
2193 5181 2597 5239 instructionem
2655 5176 2835 5229 minus
2885 5173 3283 5242 perfectontm.

1706 5283 1766 5329 ut
1807 5282 1862 5328 et
1898 5276 1997 5346 ipsi
2052 5272 2325 5328 miseriam
2355 5288 2508 5329 suam
2561 5272 2982 5337 cognoscentes,
3040 5254 3290 5316 similiter

1702 5376 1887 5422 8230i"

1775 5384 1887 5420 ειηι.

1738 5384 1944 5522 gSuper
1977 5454 2199 5524 ﬂumina
2232 5449 2534 5522 Babylonis.
2561 5447 2666 5501 Nos
2692 5457 3097 5502 commorantes
3138 5450 3292 5505 super
