4038 6456
579 331 685 387 799

1222 328 1481 386 REMlGll
1518 319 2178 382 ANTISSlODORENSlS
2214 321 2368 378 OPP.
2408 317 2591 378 PARS
2620 323 2661 376 l.
2689 351 2758 364 -οη
2786 321 3192 379 EXEGETICA.

3726 327 3838 400 suo

577 446 630 492 et
650 437 1258 508 praecipitanthomincs
1284 439 1336 490 in
1361 434 1769 496 confusionem,
1819 432 1891 485 ita
1936 439 2150 494 tamen,
2181 435 2359 497 Agua
2410 427 2652 496 faucibus
2705 430 2870 492 meis,
2925 429 2979 482 id
3031 439 3145 492 est,
3203 429 3383 499 lingua
3434 446 3554 486 mea
3606 431 3844 492 interior.

579 537 772 583 utnon
809 543 1052 584 essemus
1103 529 1156 582 in
1205 528 1310 581 illis
1341 525 1681 588 fluminibus,
1727 523 1819 577 sed
1847 521 2156 590 superiores

576 620 805 673 sedimus
840 619 948 672 illic
973 659 988 684 ,
1020 619 1070 673 id
1093 628 1210 682 est,
1254 620 1306 671 in
1330 633 1516 687 magna
1543 615 1842 685 dejectione
1863 622 1918 667 et
1939 612 2154 666 miseria

579 707 778 763 fuimus
823 709 879 763 in
905 709 1020 778 ipso
1047 709 1252 764 scilicet
1277 717 1421 762 statu
1456 707 1509 760 in
1545 722 1652 775 quo
1679 721 1894 760 eramus
1932 702 2155 774 periculi

581 797 862 852 vicinitate
885 839 900 860 ,
933 798 1060 852 licet
1090 800 1395 867 superiores
1423 811 1684 852 essemus.
1713 796 1782 849 Et
1807 797 2071 866 ﬂeuimus,
2102 795 2154 849 id

580 895 666 941 est
684 927 698 951 ,
724 902 974 958 maguum
1002 887 1243 941 dolorem
1269 887 1576 950 habuimus,
1607 886 1734 939 dum
1764 886 2157 939 recordaremur

582 976 692 1040 tui,
746 974 910 1030 Sion:
949 976 1073 1044 quia
1123 976 1237 1038 tui,
1294 990 1328 1030 ο
1356 975 1518 1039 Sion,
1544 974 1808 1029 recordati
1844 988 2062 1038 sumus,
2102 971 2156 1026 id

578 1071 694 1127 est,
719 1063 773 1116 in
799 1063 1230 1119 consideratione
1276 1063 1563 1118 habuimus
1593 1071 1702 1117 tam
1725 1062 1813 1117 diu
1852 1061 2156 1130 prolongari

580 1154 732 1208 nobis
756 1153 980 1224 gloriam
1009 1195 1024 1219 ,
1060 1170 1224 1224 quam
1259 1154 1313 1208 in
1362 1162 1414 1208 te
1447 1168 1633 1208 sumus
1657 1152 1929 1217 habituri,
1957 1151 2007 1206 id
2035 1159 2117 1206 est
2138 1191 2154 1217 ,

580 1243 634 1296 in
665 1243 934 1298 salicibus.
965 1243 1101 1298 Tum
1127 1244 1248 1300 ideo
1275 1245 1542 1313 ﬂeuimus,
1588 1244 1713 1313 quia
1763 1242 1874 1307 tui,
1919 1257 1952 1296 ο
1983 1241 2112 1296 Sion
2138 1281 2154 1307 ,

579 1335 1045 1391 recordabamnr:
1087 1344 1198 1390 tum
1249 1336 1374 1404 quia
1428 1335 1567 1388 inter
1615 1335 1807 1389 salices
1853 1333 2080 1398 fuimus,
2125 1349 2155 1387 a

576 1424 773 1492 quibus
804 1433 926 1478 erat
971 1426 1194 1480 verbum
1233 1424 1441 1478 Domini
1495 1423 1901 1478 removendum.
1940 1421 2036 1477 Vel
2082 1424 2154 1477 ita

575 1514 922 1568 contionetur
946 1528 961 1568 :
996 1513 1108 1568 Non
1135 1514 1305 1568 solum
1328 1514 1603 1579 llevimus,
1633 1514 1726 1568 sed
1755 1529 1952 1582 organa
1978 1522 2157 1566 nostra

578 1602 634 1655 in
690 1602 936 1656 salicibus
994 1604 1389 1673 suspendintus,
1449 1603 1503 1657 id
1563 1611 1674 1667 est,
1736 1603 2155 1658 admonitionem

577 1690 808 1745 dulciter
851 1700 900 1746 et
933 1692 1357 1747 misericorditer
1383 1707 1449 1746 ex
1491 1691 1774 1761 praeceptis
1815 1691 2043 1747 diversis
2073 1707 2157 1746 re-

2257 518 2530 572 adhaereat
2554 517 2800 586 faucibus
2831 519 2966 572 meis
2987 519 3370 592 interioribus,
3410 529 3468 574 ut
3514 536 3690 595 neque
3747 524 3844 580 hic

2255 609 2393 662 bene
2415 608 2645 678 cogitem
2679 610 2726 662 si
2762 610 2840 663 tui
2870 626 2972 663 non
3012 611 3324 676 meminero,
3372 612 3424 666 id
3470 621 3592 676 est,
3645 613 3690 667 si
3727 629 3844 680 non

2255 700 2648 754 annuntiavero
2681 699 2763 753 his
2811 699 3006 769 quibus
3038 709 3121 754 est
3171 701 3614 756 annuntiandum.
3649 703 3719 756 de
3762 712 3835 758 te.

2256 785 2350 840 Vel
2391 788 2465 841 ita
2509 788 2852 856 contionetur
2895 808 2906 842 :
2962 788 3020 844 Si
3051 790 3239 844 oblitus
3292 791 3441 860 fuero
3471 793 3572 855 tui,
3611 774 3842 846 Jerusa-V

2255 874 2376 940 lem,
2421 876 2666 930 oblivioni
2721 879 2874 933 detur
2925 879 3139 932 dextera
3192 896 3334 950 mea.
3385 881 3680 934 Auferatur
3708 882 3846 953 mihi,

2255 967 2474 1021 omnino
2538 965 2767 1023 facultas
2835 967 2972 1023 bene
3019 969 3434 1038 operandi,.et
3498 986 3607 1026 non
3666 971 3837 1025 solum

2255 1059 2548 1128 operandi,
2604 1059 2698 1113 sed
2749 1057 2914 1113 etiam
2971 1059 3255 1128 loquendi,
3312 1069 3367 1116 et
3411 1061 3514 1116 hoc
3576 1070 3666 1116 est
3701 1063 3844 1130 quod,

2257 1149 2542 1218 sequitur:
2590 1149 2868 1203 Adita:th
2919 1148 3100 1220 lingua
3141 1166 3257 1204 mea
3303 1151 3546 1220 faucibus
3591 1152 3743 1206 meis.
3779 1153 3843 1222 Et

2258 1240 2374 1295 haec
2428 1240 2694 1294 sententia
2745 1240 2936 1294 melior
2987 1240 3168 1309 priore
3216 1248 3320 1296 est.
3375 1240 3487 1296 Hic.
3522 1241 3842 1312 intelligitur

2256 1331 2479 1385 verbum
2502 1329 2596 1384 Dei
2625 1330 2692 1385 ab
2720 1328 2956 1400 indignis
2983 1343 3106 1384 esse
3133 1331 3518 1387 removendum
3535 1370 3554 1394 ,
3586 1339 3644 1384 et
3669 1331 3842 1399 dignis

2256 1419 2658 1490 proferendum.
2710 1418 2768 1474 Si
2835 1436 2938 1473 non
2991 1419 3456 1489 proposuero.lEt
3508 1428 3642 1475 tunc
3694 1420 3842 1482 detur.

2262 1491 2516 1563 oblivioni
2541 1509 2754 1562 dextera
2781 1525 2899 1562 mea
2925 1549 2938 1572 ,
2973 1524 3005 1562 0
3043 1508 3360 1573 Jerusalem,
3411 1510 3459 1562 si
3487 1517 3539 1562 te
3595 1526 3704 1562 non
3734 1526 3840 1577 pro:

2257 1616 2477 1669 posuero
2507 1600 2560 1653 in
2603 1600 2860 1669 principio
2895 1598 3090 1652 laetitia:
3137 1615 3292 1664 meae,
3354 1598 3405 1652 id
3429 1608 3512 1654 cst
3536 1639 3554 1664 ,
3598 1599 3668 1652 ad
3705 1599 3803 1653 hoc
3826 1639 3839 1660 ,

2257 1699 2318 1745 ut
2356 1691 2432 1745 sis
2469 1691 2793 1760 principium
2835 1690 3032 1745 laetitiae
3083 1705 3237 1746 meze.
3263 1691 3428 1758 Quasi
3462 1692 3656 1746 dicat:
3693 1690 3844 1762 Nulla

577 1797 861 1840 sonantem
908 1787 1312 1852 subtraximus,
1363 1787 1416 1841 in
1465 1787 1900 1842 consideratione
1940 1785 2154 1841 illorum
2183 1767 2232 1827 Β
2260 1790 2346 1838 εει
2389 1781 2519 1836 mihi
2560 1781 2612 1834 in
2653 1781 3034 1851 temporalibus
3073 1779 3399 1845 delectatio,
3437 1780 3506 1834 ad
3558 1794 3839 1849 compara-

575 1875 668 1942 qui
719 1884 876 1930 erant
917 1877 1132 1932 steriles
1177 1884 1231 1930 et
1285 1875 1634 1940 infructuosi,
1681 1876 1746 1930 de
1795 1875 1990 1944 quibus
2039 1883 2156 1930 erat

578 1967 736 2020 nobis
763 1967 1088 2037 desperatio,
1114 1967 1251 2022 sicut
1271 1968 1338 2022 de
1361 1966 1535 2023 fructu
1559 1967 1756 2021 salicis.
1781 1967 1845 2020 Et
1871 1967 1921 2020 in
1946 1975 2153 2019 tantum

576 2055 818 2121 steriles,
852 2064 912 2109 ut
936 2064 1117 2110 essent
1149 2057 1202 2109 in
1228 2057 1398 2109 medio
1427 2057 1574 2126 ejus,
1603 2056 1654 2110 id
1680 2064 1764 2110 est
1783 2096 1796 2119 ,
1837 2055 2152 2126 Babylonis,

575 2162 682 2202 non
734 2149 786 2202 iu
840 2158 1128 2212 extremo,
1175 2147 1270 2202 sed
1323 2147 1376 2201 in
1433 2146 1698 2217 profundo
1744 2147 2061 2217 dejectionis
2099 2153 2156 2201 et

576 2236 913 2293 confusionis
944 2254 959 2290 :
984 2237 1096 2305 jam
1146 2246 1304 2290 erant
1353 2237 1406 2291 in
1464 2245 1834 2291 consummata
1881 2236 2154 2305 nequitia,

573 2336 985 2382 contemnentes
1021 2326 1132 2395 jam
1175 2342 1399 2396 peccare
1423 2365 1442 2394 ,
1482 2343 1602 2396 qua:
1635 2328 1874 2396 nequitia
1912 2327 2062 2381 ducit
2087 2327 2154 2382 ad

576 2425 836 2472 aeternam
863 2415 1256 2472 confusionem.
1289 2417 1356 2470 Et
1407 2417 1530 2485 quia
1573 2416 1646 2473 ita
1675 2424 2031 2480 corruerant,
2073 2416 2150 2470 in-

577 2507 796 2576 dignum
843 2514 1045 2560 eratut
1075 2507 1155 2560 eis
1205 2506 1518 2575 praedicatio
1561 2507 1746 2570 fieret,
1792 2519 1860 2560 ne
1908 2519 2026 2559 eam
2054 2519 2155 2572 pro

578 2597 812 2652 ludibrio
856 2597 1136 2652 haberent.
1191 2595 1329 2662 Quia
1379 2596 1489 2649 illic
1536 2597 1984 2666 interrogaverunt
2037 2611 2148 2648 nos.

577 2685 741 2751 Quasi
765 2685 961 2755 aliquis
1007 2686 1245 2740 diceret:
1275 2685 1454 2752 Quare
1479 2685 1659 2740 dicitis
1689 2700 1782 2739 vos
1811 2686 2155 2754 suspendisse

574 2777 813 2846 organa?
842 2777 1081 2831 Erantue
1106 2777 1270 2846 aliqui
1325 2786 1627 2846 quaerentes
1657 2777 1898 2847 organa?
1938 2777 2019 2830 Ad
2053 2777 2154 2831 hoc

576 2865 894 2934 respondet:
919 2865 1060 2920 Vere
1083 2907 1096 2931 ,
1121 2867 1244 2936 quia
1273 2866 1382 2920 illic
1408 2907 1423 2933 ,
1451 2867 1504 2921 id
1547 2876 1630 2922 est
1654 2869 1705 2922 in
1733 2868 2004 2938 Babylone
2024 2909 2039 2932 ,
2067 2867 2153 2922 vel

577 2954 720 3015 inter
748 2953 931 3015 felices
951 2995 966 3019 ,
997 2956 1444 3025 interrogaverunt
1471 2973 1563 3010 nos
1597 2957 1686 3026 qui
1713 2958 1941 3025 captivos
1989 2957 2157 3009 duxe-

575 3056 696 3102 runt
725 3063 845 3112 nos,
893 3047 944 3100 id
998 3056 1110 3110 est,
1163 3047 1380 3117 maligni
1428 3048 1684 3116 spiritus,
1725 3048 1815 3115 qui
1868 3048 1920 3100 in
1976 3048 2151 3116 primo

575 3146 798 3204 parente
863 3153 962 3192 nos
1019 3137 1463 3206 captivaverant,
1516 3147 1842 3206 rogaverunt
1897 3153 1997 3193 nos
2059 3154 2155 3207 per

574 3225 798 3292 salices,
839 3229 890 3282 id
921 3237 1002 3283 est
1026 3267 1041 3293 ,
1081 3244 1178 3298 per
1210 3229 1486 3284 ministros
1518 3243 1644 3283 suos
1664 3229 1979 3299 organizare
2001 3229 2155 3282 verba

575 3319 877 3373 cantionum
895 3361 909 3384 ,
944 3320 997 3374 id
1025 3329 1129 3386 est,
1150 3319 1347 3375 divinae
1367 3319 1743 3374 modulationis
1764 3334 2060 3374 sermones.
2089 3319 2156 3372 Et

574 3408 664 3476 qui
686 3407 1012 3463 abduxerunt
1041 3425 1134 3462 nos
1152 3448 1168 3475 ,
1199 3409 1251 3464 id
1272 3416 1384 3473 est,
1422 3423 1453 3462 a
1482 3409 1591 3464 Deo
1612 3407 1864 3463 recedere
1888 3409 2151 3475 fecerunt,

576 3497 648 3550 illi
685 3499 817 3553 tales
843 3499 1174 3567 quaesierunt
1215 3514 1246 3552 a
1296 3499 1450 3554 nobis
1493 3500 1657 3553 verba
1703 3499 2046 3564 cantionum,
2098 3508 2157 3554 ut

579 3589 1024 3644 anmmtiaremus
1056 3591 1123 3645 de
1169 3591 1278 3644 vita
1301 3598 1532 3653 aeterna,
1566 3590 1634 3645 de
1662 3590 1749 3645 die
1771 3587 1960 3658 jndicii
1983 3632 1997 3655 ,
2035 3607 2154 3660 quae

575 3686 701 3732 sunt
723 3679 888 3736 verba
935 3678 1341 3743 delectationis,
1374 3695 1479 3734 non
1510 3691 1768 3748 quantum
1802 3679 1867 3734 ad
1896 3694 2017 3744 eos,
2057 3680 2153 3734 sed

575 3777 834 3836 quantum
857 3769 925 3824 ad
948 3784 1073 3837 nos,
1117 3770 1208 3838 qui
1241 3769 1292 3822 in
1321 3771 1401 3824 eis
1443 3783 1708 3824 summam
1737 3768 2153 3824 delectationem

573 3859 853 3916 habemus.
886 3860 1012 3915 Haec
1037 3877 1164 3931 ergo
1195 3861 1525 3930 quaesierunt
1555 3875 1586 3914 a
1625 3861 1809 3924 nobis,
1861 3861 1935 3914 ita
1972 3859 2154 3915 dicen-

573 3954 698 4004 tes:
741 3946 959 4001 Cantate
982 3949 1126 4002 nobis
1161 3947 1426 4018 llymnum
1451 3988 1466 4012 ,
1513 3948 1564 4001 id
1586 3956 1702 4012 est,
1735 3948 1818 4002 vel
1851 3964 2012 4001 unum
2042 3963 2156 4002 car-

572 4045 696 4085 men
723 4071 739 4096 ,
786 4033 850 4085 de
887 4034 1103 4086 canticis
1132 4033 1294 4097 Sion,
1321 4034 1372 4086 id
1399 4042 1504 4097 est,
1538 4035 1603 4088 de
1623 4035 1820 4088 divinis
1843 4035 2147 4104 praeceptis,

571 4135 694 4191 quae
721 4123 994 4191 pertinent
1017 4124 1084 4177 ad
1126 4123 1402 4178 caelestem
1423 4121 1754 4178 Jerusalem:
1784 4140 1852 4178 an
1879 4125 1950 4180 ibi
1991 4125 2150 4180 debe-

571 4230 693 4270 mus
722 4215 921 4271 habere
944 4229 1169 4279 uxores,
1201 4214 1339 4270 filios
1359 4254 1374 4280 ,
1423 4230 1614 4279 canes,
1647 4223 1702 4269 et
1741 4223 1937 4270 caetera
1967 4213 2153 4283 hujus-

571 4305 750 4359 modi?
780 4305 1054 4370 Quomodo
1105 4305 1452 4360 cantabimus.
1510 4306 1605 4360 His
1665 4305 1861 4361 talibus
1905 4305 2151 4362 dedimus

569 4408 907 4463 responsum.
968 4393 1274 4460 Quomodo,
1331 4393 1385 4448 id
1441 4402 1562 4459 est,
1613 4409 1720 4463 qua
1783 4395 1991 4449 ratione
2058 4396 2142 4449 vel

570 4485 801 4538 utilitate
825 4485 1149 4538 cantabimus
1179 4486 1468 4548 canticum,
1513 4485 1564 4540 id
1585 4494 1670 4539 est
1695 4493 1963 4554 praecepta
1989 4526 2004 4552 ,
2035 4486 2144 4540 Do—

569 4575 697 4626 mini
723 4574 777 4627 in
797 4583 937 4627 terra
967 4575 1137 4628 aliena
1155 4576 1182 4628 2
1209 4576 1259 4629 id
1287 4584 1391 4640 est,
1423 4577 1475 4629 in
1503 4576 1933 4632 consideratione
1956 4578 2141 4643 vestri,

570 4663 659 4732 qui
687 4664 818 4718 estis
846 4672 990 4717 terra
1011 4663 1218 4729 aliena,
1252 4681 1355 4720 non
1386 4674 1509 4734 apta
1541 4665 1684 4720 ferre
1712 4665 1943 4720 fructum
1966 4665 2142 4721 Domi-

569 4754 683 4810 nof
717 4754 797 4810 Ac
820 4754 866 4810 si
891 4755 1167 4810 dicerent:
1201 4756 1405 4813 Salices
1432 4760 1565 4813 estis
1591 4798 1606 4821 ,
1659 4768 1714 4812 et
1743 4758 1974 4812 fructum
2001 4757 2145 4814 ferre

567 4859 674 4901 non
703 4847 928 4915 potestis
955 4864 966 4899 :
1006 4847 1124 4901 ideo
1154 4862 1260 4902 non
1292 4847 1631 4902 cantabimus
1652 4849 1824 4903 vobis.
1849 4849 1908 4903 Si
1954 4847 2143 4902 oblitus

566 4935 735 5005 fuero.
761 4936 896 5006 Quia
929 4937 1180 4991 dixerunt
1225 4952 1285 4992 se
1336 4953 1367 4991 a
1397 4938 1650 4994 salicibus
1677 4954 1880 5010 organa
1920 4953 2150 5008 suspen-

567 5028 742 5091 disse,
784 5041 850 5081 ue
899 5027 1037 5082 forte
1085 5030 1377 5083 credantur
1401 5029 1566 5083 etiam
1617 5045 1647 5083 a
1700 5029 1856 5084 bouis
1892 5028 2145 5096 siluisse,

567 5119 731 5172 dicit:
757 5117 908 5172 Licet
931 5118 1126 5174 talibus
1154 5119 1471 5174 subtraham
1497 5120 1914 5175 admonitionem
1947 5133 2143 5184 meam,

567 5219 746 5263 tamen
777 5211 823 5263 si
854 5209 1044 5264 oblitus
1079 5211 1226 5279 fuero
1269 5212 1380 5275 tui,
1408 5227 1443 5267 ο
1484 5209 1812 5274 Jerusalem,
1856 5210 1907 5264 id
1935 5219 2048 5274 εει,
2097 5210 2143 5265 si

565 5312 670 5351 non
693 5297 867 5353 dicam
895 5315 1014 5368 quae
1054 5309 1183 5354 sunt
1222 5301 1447 5354 dicenda
1474 5307 1530 5355 et
1561 5301 1896 5369 praedicanda
1945 5301 2012 5354 de
2070 5309 2136 5365 te,

562 5386 776 5440 dextera
801 5428 815 5452 ,
844 5387 897 5443 id
926 5397 1042 5453 est,
1071 5388 1208 5442 bona
1234 5388 1475 5456 operatio
1498 5427 1512 5452 ,
1541 5404 1655 5442 mea
1692 5388 1846 5442 detur
1873 5389 2137 5457 oblivioni,

563 5476 620 5531 id
648 5486 732 5533 est
774 5479 826 5533 in
884 5478 1067 5534 futuro
1093 5479 1162 5535 sit
1187 5481 1582 5534 irremunerata
1601 5520 1616 5546 ,
1640 5481 1722 5536 vel
1746 5482 1982 5536 nesciam
2004 5481 2140 5536 bene

560 5568 795 5634 operari.
828 5569 1103 5624 Adhazreat
1131 5570 1329 5639 lingua.
1376 5571 1442 5625 Et
1471 5585 1576 5625 non
1612 5580 1816 5625 mutum
1867 5570 1918 5624 in
1958 5569 2137 5630 futuro

562 5659 746 5727 priver
773 5663 1206 5722 remuneratione
1231 5705 1245 5730 ,
1280 5665 1373 5721 sed
1409 5664 1496 5720 hic
1522 5664 1685 5721 ctiam
1722 5665 1985 5718 adiicerent
2039 5661 2137 5717 lin-

2210 1861 2216 1868 ’
2260 1871 2458 1926 tionem
2488 1869 2627 1923 illius
2655 1886 2814 1940 quam
2844 1870 2898 1923 in
2930 1869 3194 1924 tehabeo.
3231 1869 3434 1922 Memor
3458 1879 3591 1922 esto.
3621 1869 3694 1922 Et
3717 1869 3838 1939 quia

2255 1975 2356 2032 ego
2386 1976 2490 2016 non
2521 1961 2816 2016 obliviscar
2858 1960 2963 2025 tui,
3009 1975 3042 2014 ο
3095 1959 3417 2025 Jerusalem,
3466 1969 3523 2016 et
3553 1970 3606 2016 te
3644 1976 3840 2032 ponam

2256 2065 2525 2106 summum
2553 2049 2751 2104 laetitia:
2798 2065 2951 2114 mete,
2999 2050 3194 2103 omitas
3237 2050 3414 2120 patiar
3456 2050 3768 2106 anxietates
3811 2067 3840 2105 a

2256 2139 2381 2194 filiis
2419 2138 2609 2203 Edom,
2655 2139 2706 2192 id
2733 2146 2836 2202 est,
2886 2152 2917 2191 a
2965 2138 3089 2193 filiis
3141 2139 3306 2203 Esau,
3338 2139 3426 2208 qui
3450 2140 3632 2194 edulio
3686 2141 3841 2195 lentis

2256 2246 2288 2284 a
2321 2229 2490 2285 fratre
2518 2246 2614 2300 pro
2640 2229 3016 2300 primogenitis
3046 2238 3286 2299 accepto,
3320 2231 3495 2286 dictus
3543 2240 3630 2286 est
3676 2233 3838 2286 Edom

2256 2321 2407 2395 (Gen.
2454 2321 2664 2392 xxv"),
2709 2322 2760 2376 id
2788 2330 2870 2376 εει
2921 2323 3268 2392 sanguineus.
3316 2321 3481 2388 Cujus
3541 2320 3636 2374 lilii
3676 2323 3838 2375 etiam

2253 2413 2610 2476 historialiter
2671 2413 2897 2466 multum
2973 2411 3335 2480 impediebant
3413 2409 3556 2463 filios
3621 2409 3836 2470 Israel,

2255 2519 2324 2558 ne
2378 2502 2768 2556 remdilicarent
2811 2499 3158 2555 Jerusalem:
3199 2499 3339 2568 quod
3392 2498 3493 2553 fuit
3548 2497 3717 2566 hujus
3753 2499 3837 2553 rei

2255 2591 2688 2660 significativum.
2752 2589 2818 2642 Et
2873 2597 2969 2653 tu,
3039 2588 3289 2652 Domine,
3341 2603 3543 2641 memor
3595 2599 3709 2641 esto
3775 2588 3836 2655 ﬁ.

2255 2681 2444 2734 liorum
2492 2680 2681 2733 Edam.
2739 2679 2805 2734 Et
2855 2695 3140 2735 remuncra
3189 2694 3285 2733 nos
3322 2694 3422 2748 pro
3477 2677 3840 2734 tribulationi-

2253 2771 2353 2826 bus
2411 2785 2546 2840 quas
2596 2771 2832 2840 patimur
2887 2785 2917 2824 a
2985 2770 3294 2839 sanguineis
3355 2768 3741 2840 Babylonicis,
3791 2770 3839 2821 in

2254 2862 2338 2914 die
2394 2859 2734 2926 Jerusalem,
2794 2876 2897 2930 qua
2960 2860 3226 2930 plenarie.
3259 2859 3619 2914 :edilicabitur
3681 2859 3836 2913 Jeru-

2255 2951 2420 3005 salem
2447 2967 2676 3020 supcrna
2703 2966 2767 3005 ex
2792 2951 2966 3005 nobis.
2997 2950 3214 3004 Illorum
3237 2950 3356 3004 dico
3385 2949 3619 3004 filiorum
3649 2950 3837 3013 Edam,

2254 3047 2344 3115 qui
2378 3046 2558 3098 dicunt
2595 3045 2962 3109 exhortando,
3006 3043 3145 3098 alter
3170 3043 3238 3097 ad
3283 3043 3551 3096 alterum:
3577 3041 3837 3095 Exinani-

2256 3147 2326 3202 te,
2357 3137 2639 3202 exinanite,
2687 3137 2738 3191 id
2768 3146 2871 3200 εει,
2918 3145 3178 3190 evacuate
3210 3134 3468 3205 quidquid
3520 3134 3578 3188 in
3600 3149 3672 3188 ea
3712 3135 3833 3190 boni

2253 3233 2336 3279 est
2389 3234 2443 3279 et
2497 3225 2733 3290 virtutis,
2767 3242 2926 3294 usque
2970 3224 3039 3277 ad
3091 3224 3491 3292 fundamentum
3550 3224 3606 3277 in
3655 3240 3751 3286 ea,
3789 3223 3836 3277 id

2255 3323 2358 3378 est,
2391 3323 2449 3368 ut
2500 3329 2601 3369 ncc
2632 3314 2763 3368 fides
2803 3322 3082 3368 remaneat
3111 3314 3163 3367 in
3197 3312 3440 3367 fidelibus
3479 3311 3616 3379 ejus,
3651 3311 3706 3365 id
3736 3320 3836 3375 est,

2263 3407 2580 3462 Jerusalem.
2641 3405 2785 3459 Filia
2853 3405 3138 3476 Babylonis
3194 3406 3402 3458 misera.
3470 3403 3538 3457 Et
3590 3418 3663 3457 ne
3737 3403 3836 3456 hoc

2252 3499 2396 3568 quod
2441 3498 2610 3553 dicit:
2640 3497 2845 3552 Memor
2889 3504 3027 3560 esto,
3065 3495 3319 3558 Domine,
3371 3493 3604 3547 filiorum
3642 3493 3832 3552 Edon.

2252 3595 2502 3649 videatur
2543 3609 2706 3648 causa
2757 3590 3148 3646 malevolentiae
3185 3590 3410 3652 dictum,
3443 3588 3611 3643 vertit
3661 3603 3724 3642 se
3774 3588 3835 3640 ad

2254 3687 2398 3756 ipsos
2433 3686 2532 3740 sub
2560 3699 2792 3754 persona
2825 3683 2948 3736 ﬁliae
2990 3681 3303 3752 Babylonis,
3341 3694 3541 3748 eosque
3572 3677 3835 3732 feminino

2253 3794 2449 3850 genere
2499 3763 2668 3846 ponit,
2714 3785 2938 3844 propter
2978 3773 3348 3848 infirmitatem
3385 3786 3594 3836 eorum,
3629 3779 3686 3825 et
3712 3771 3832 3839 quia

2251 3869 2584 3924 fornicamur
2614 3867 2679 3921 ab
2701 3881 2898 3936 sponso
2932 3874 2986 3918 et
3017 3865 3211 3918 marito
3240 3879 3338 3917 suo
3367 3862 3616 3918 Christo.
3652 3861 3698 3918 Ο
3723 3863 3835 3929 [ilia

2251 3959 2533 4029 Babylonis
2580 3959 2789 4021 misera,
2860 3956 3058 4018 idest,
3091 3970 3124 4009 ο
3158 3970 3254 4009 vos
3311 3960 3695 4024 persecutores
3742 3951 3832 4004 lilii

2250 4050 2419 4104 Edom
2445 4046 2866 4116 sanguinolenti,
2896 4060 2996 4100 vos
3025 4047 3224 4114 putatis
3253 4059 3347 4098 vos
3377 4041 3544 4096 fortes
3565 4049 3622 4094 et
3649 4043 3834 4096 beatos

2251 4138 2304 4192 in
2326 4136 2701 4208 persecutione
2726 4143 2924 4199 vestra,
2949 4134 3044 4189 sed
3075 4132 3256 4187 miseri
3286 4132 3454 4196 estis;
3479 4131 3607 4199 quia
3624 4131 3832 4185 animas

2250 4237 2457 4284 vestras
2503 4227 2555 4280 in
2607 4242 2672 4281 eo
2721 4224 3018 4288 occidistis,
3064 4232 3119 4277 et
3148 4221 3407 4277 dissolute
3445 4231 3499 4274 et
3525 4220 3831 4275 effeminate

2251 4318 2432 4388 agitis,
2463 4315 2702 4385 nihilque
2755 4314 3027 4368 virilitatis
3077 4313 3128 4366 iu
3179 4312 3344 4366 vobis’
3364 4321 3468 4375 εει,
3500 4312 3631 4378 quia
3673 4313 3816 4365 omni

2249 4423 2428 4481 prava:
2476 4404 2800 4475 suggestioni
2845 4403 3198 4458 ceditiszsed
3245 4402 3332 4454 ille
3373 4401 3555 4454 beatus
3607 4409 3694 4455 est
3739 4402 3821 4470 qui

2246 4498 2490 4554 retribuet
2513 4495 2605 4548 tibi
2642 4493 3028 4547 retributionem
3054 4501 3220 4557 tuam,
3252 4490 3428 4552 idest,
3456 4489 3619 4543 talem
3661 4506 3815 4558 quam

2249 4583 2531 4640 retribuisti
2560 4581 2707 4636 nobis
2735 4598 2747 4633 :
2782 4588 2837 4633 tn
2868 4579 3005 4634 bene
3033 4579 3362 4633 merentibus
3389 4577 3545 4631 nobis
3573 4576 3716 4631 filios
3739 4593 3826 4630 au-

2249 4674 2390 4728 ferre
2436 4672 2779 4728 moliebaris:
2815 4672 3006 4726 beatus
3054 4670 3140 4724 ille
3172 4670 3262 4739 qui
3291 4668 3385 4723 tibi
3424 4667 3566 4723 male
3598 4668 3823 4722 merenti

2251 4765 2390 4821 filios
2420 4775 2538 4819 tuos
2584 4762 2891 4827 abstulerit,
2923 4778 2990 4818 ue
3018 4761 3242 4816 omnino
3271 4769 3534 4830 pereant:
3560 4759 3654 4812 ille
3689 4759 3822 4819 dico.

2249 4856 2473 4911 studens
2502 4864 2552 4910 te
2572 4855 2876 4918 exinanire,
2907 4854 3084 4918 idest,
3116 4853 3168 4906 in
3201 4868 3265 4906 eo
3303 4851 3445 4920 quod
3475 4850 3619 4904 mala
3650 4865 3711 4905 es
3732 4852 3810 4904 dc-

2252 4957 2482 5002 struere.
2516 4947 2707 5001 Beatus
2729 4948 2815 5016 qui
2840 4945 3049 5000 tenebit.
3077 4943 3312 5013 Exponit
3339 4944 3402 4997 de
3427 4956 3533 5011 qua
3563 4941 3715 4996 dicat
3747 4941 3821 4993 re-

2253 5037 2561 5091 tributione.
2608 5035 2805 5089 Beatus
2842 5035 2929 5105 qui
2973 5031 3237 5102 parvulos,
3267 5032 3318 5085 id
3348 5042 3451 5094 est,
3501 5030 3644 5084 ﬁlios
3701 5041 3812 5084 tuos

2248 5127 2374 5180 dum
2422 5127 2599 5180 adhuc
2652 5125 2813 5186 rudes
2861 5132 3007 5185 sunt,
3035 5132 3242 5177 etcum
3285 5121 3526 5174 converti
3570 5128 3817 5186 possunt,

2243 5219 2428 5272 tenebit
2453 5233 2521 5272 ne
2551 5217 2647 5271 tibi
2677 5216 3015 5270 consentiant
3042 5231 3054 5267 :
3088 5224 3133 5267 et
3159 5213 3337 5266 allidet
3389 5227 3482 5264 eos
3502 5211 3572 5262 ad
3592 5222 3814 5278 petram,

2245 5305 2300 5360 id
2328 5314 2434 5371 est,
2468 5306 2536 5360 ad
2577 5304 2850 5359 Christum
2891 5318 2984 5358 eos
3015 5301 3323 5372 conjunget,
3349 5299 3472 5368 quia
3502 5313 3604 5366 pro
3633 5311 3815 5354 eorum

2244 5394 2596 5448 conversione
2614 5393 2915 5447 mercedem
2938 5391 3193 5458 accipiet.
3223 5388 3398 5443 Aliter
3423 5405 3438 5443 :
3465 5388 3610 5442 Caro
3640 5397 3814 5441 nostra

2245 5498 2353 5553 non
2393 5482 2687 5552 incongrue
2727 5481 2992 5551 accipitur
3037 5479 3143 5533 lilia
3195 5477 3500 5549 Babylonis,
3547 5493 3674 5547 qua:
3722 5474 3813 5529 sibi

2246 5573 2644 5634 consentientes
2673 5571 2724 5625 in
2750 5571 3039 5625 maximam
3061 5568 3431 5626 confusionem
3455 5567 3694 5634 deducit.
3725 5566 3812 5618 Cu-

2240 5662 2328 5736 jus
2388 5659 2850 5730 concupiscentias
2899 5659 3208 5728 quicunque
3268 5657 3648 5733 ‘rcstringcudo
3701 5667 3807 5708 eam
