4038 6424
241 442 339 496 83!

1368 424 1898 486 ENARRATIONES
1935 424 2003 480 lN
2041 424 2377 484 PSALMOS.

3395 438 3503 494 802

240 548 537 611 aﬂlixerit,
567 542 926 615 parvulosque
974 540 1094 611 eius
1141 541 1407 611 cogitatus
1445 539 1510 593 ad
1548 537 1822 592 Christum
1851 538 1902 599 Α
1934 542 2041 589 tem
2071 536 2310 590 humano
2337 535 2522 605 generi
2569 537 2863 595 exhibuisti
2890 580 2906 606 ,
2949 541 3372 601 misericorditer
3400 548 3505 602 im-

233 639 500 699 alliserit,
533 651 603 690 ne
624 636 776 706 juxta
804 632 1187 687 delectationes
1212 644 1337 683 suas
1386 629 1438 680 in
1469 640 1632 694 opera
1659 640 1825 693 prava

242 726 595 790 convaleanl,
624 725 814 780 beatus
858 720 1233 792 praedicabitur
1262 737 1275 772 :
1303 719 1427 787 quia
1460 725 1675 771 aeternte
1703 714 1828 767 bea-

241 815 495 871 titudinis
534 812 974 870 remuneratione
1008 809 1316 863 donabitur.

710 898 1032 956 PSALMUS
1065 896 1368 953 CXXXVII.

756 1006 988 1047 PSALIUS
1013 1004 1112 1044 IPSI
1138 1004 1318 1043 DAVID.

333 1106 352 1139 ι
401 1084 716 1142 Confitebor
748 1082 840 1136 tibi
868 1121 882 1145 ,
916 1080 1143 1136 Domine
1169 1118 1185 1145 ,
1215 1078 1270 1131 in
1316 1084 1430 1131 toto
1466 1073 1627 1131 corde
1685 1086 1827 1135 meo,

248 1198 268 1230 ι
320 1178 574 1249 quoniam
606 1174 801 1229 audisti
832 1172 1013 1226 omnia
1063 1170 1228 1225 verba
1269 1167 1381 1222 oris
1419 1166 1547 1220 mei.
1600 1163 1656 1218 In
1696 1178 1829 1217 con-

250 1289 271 1321 ι
326 1277 517 1339 spectu
565 1266 879 1337 angelorum
926 1263 1151 1334 psallam
1190 1261 1308 1325 tibi,
1336 1258 1573 1314 adorabo
1607 1257 1672 1310 ad
1698 1265 1830 1311 tem-

247 1378 267 1409 ι
322 1360 470 1428 plum
523 1365 769 1412 sanctum
813 1364 995 1418 tuum,
1026 1360 1081 1407 et
1118 1351 1418 1406 conﬁtebor
1464 1346 1667 1402 nomini
1716 1354 1827 1398 tuo.

250 1468 272 1500 ο
324 1449 504 1518 Super
534 1445 908 1502 misericordia
935 1452 1027 1497 tua
1077 1450 1133 1497 et
1174 1441 1403 1495 veritate
1436 1446 1547 1503 tua,
1575 1435 1827 1507 quoniam

250 1556 268 1588 ι
321 1536 678 1605 magnificasti
718 1548 883 1603 super
921 1547 1082 1587 omne
1129 1544 1324 1584 nomen
1373 1536 1617 1583 sanctum
1657 1535 1826 1579 tuum.

250 1645 271 1677 ι
319 1627 378 1679 lu
409 1638 735 1695 quacunque
756 1626 843 1678 die
870 1623 1190 1677 invocavero
1217 1628 1288 1683 te,
1317 1618 1508 1673 exaudi
1541 1631 1626 1671 me
1653 1633 1667 1669 :
1696 1614 1832 1669 mul-

249 1736 268 1767 ι
322 1716 592 1784 tiplicabis
640 1715 692 1768 in
738 1713 922 1768 anima
966 1726 1086 1766 mea
1130 1712 1409 1765 virtutem.
1459 1708 1833 1763 Conﬁteantur

250 1825 271 1856 ι
322 1806 442 1871 tibi,
474 1805 731 1869 Domine,
752 1817 942 1858 omnes
976 1816 1131 1871 reges
1163 1809 1320 1855 terrae
1346 1838 1362 1864 ,
1393 1799 1517 1868 quia
1550 1797 1835 1851 audierunt

1926 626 2120 697 plendo
2148 627 2289 695 quod
2314 627 2631 696 promisisti.
2672 629 2738 684 Et
2764 632 3015 700 quoniam
3039 648 3294 705 magnum
3315 644 3511 692 ostena

1928 719 2050 773 disti
2092 720 2144 773 in
2187 720 2455 775 evidentia
2498 724 2915 779 resurrectionis
2971 736 3212 780 sanctum
3237 769 3251 792 ,
3309 729 3361 783 id
3386 738 3503 795 est,

1926 807 2217 876 gloriosum
2248 824 2443 863 nomen
2482 819 2628 863 tuum
2657 828 2813 879 super
2834 829 2984 868 omne
3010 832 3195 870 nomen
3225 820 3505 887 quodcun-

1927 910 2033 965 que
2067 897 2375 951 nominatur
2399 936 2413 962 ,
2437 899 2551 953 sive
2580 900 2653 953 dii
2682 940 2696 964 ,
2732 901 2847 955 sive
2870 903 3044 972 angeli
3074 944 3089 969 ,
3119 906 3175 959 in
3200 923 3511 978 quacunque

1918 989 2031 1041 'die.
2064 988 2129 1041 Et
2151 989 2275 1056 quia
2316 998 2509 1059 potens
2553 988 2727 1045 factus
2753 1007 2812 1045 es
2844 993 2895 1045 in
2929 998 3350 1063 resurrectione,
3383 1013 3505 1065 oro,

1928 1076 2120 1129 exaudi
2150 1092 2230 1131 me
2261 1076 2315 1130 in
2355 1092 2677 1147 quacunque
2720 1080 2806 1133 die
2834 1081 3139 1137 invocavero
3168 1094 3216 1138 te
3239 1123 3254 1150 ,
3305 1086 3357 1141 id
3382 1096 3504 1151 est,

1930 1163 1982 1217 in
2005 1165 2150 1219 omni
2181 1173 2423 1233 tempore
2450 1167 2716 1222 orationis
2743 1182 2896 1222 meae.
2930 1169 2996 1223 Et
3023 1170 3188 1227 debes
3215 1174 3501 1239 exaudire,

1928 1255 2055 1324 quia
2096 1254 2228 1308 illud
2268 1256 2436 1311 orabo
2465 1296 2479 1321 ,
2528 1265 2585 1311 ut
2628 1259 2950 1329 multiplices
2984 1263 3225 1317 virtutem
3255 1304 3269 1327 ,
3318 1281 3421 1322 non
3453 1268 3506 1321 in

1929 1362 2155 1417 corpore
2199 1363 2320 1401 meo
2344 1388 2359 1413 ,
2409 1348 2503 1403 sed
2539 1351 2595 1402 in
2636 1352 2815 1404 anima
2854 1366 2990 1405 mea.
3030 1352 3109 1408 Ac
3134 1354 3180 1409 si
3210 1355 3356 1409 dicat
3386 1375 3399 1410 :
3427 1356 3510 1410 Tu

1927 1448 2119 1509 potens
2140 1453 2201 1493 es
2221 1438 2479 1493 exaudire
2504 1478 2519 1503 ,
2547 1448 2600 1493 et
2624 1441 2727 1493 hoc
2752 1455 2850 1495 oro
2869 1480 2883 1505 ,
2913 1457 3013 1510 pro
3033 1443 3229 1512 quibus
3246 1443 3371 1513 jure
3391 1461 3510 1502 sum

1920 1522 2321 1583 exaudiendus.
2350 1526 2716 1597 Conﬁleantur
2735 1530 2848 1593 tibi,
2876 1531 3117 1586 Domine.
3144 1533 3301 1590 Modo
3329 1546 3515 1592 osten-

1930 1618 2010 1673 dit
2054 1617 2406 1671 intentionem
2453 1632 2606 1671 suam
2635 1658 2649 1682 ,
2681 1619 2889 1673 scilicet
2932 1621 2998 1675 ad
3026 1622 3169 1689 quod
3198 1624 3513 1693 supradicta

1928 1707 2318 1779 praemisisset,
2362 1707 2614 1762 videlicet
2656 1718 2711 1763 ut
2742 1710 2843 1763 hoc
2878 1712 3126 1781 exemplo
3148 1713 3517 1769 conﬁteantur

1935 1798 2029 1853 tibi
2054 1837 2071 1864 ,
2100 1798 2326 1853 Domine
2361 1796 2489 1853 Jesu
2513 1838 2529 1863 ,
2558 1816 2733 1853 omnes
2774 1817 2917 1870 reges
2942 1811 3099 1855 terra:
3124 1843 3139 1868 ,
3168 1805 3219 1858 id
3249 1815 3370 1869 est,
3400 1820 3516 1860 ma-

250 1914 273 1944 ι
319 1896 505 1950 omnia
538 1894 705 1947 verba
733 1893 846 1947 oris
878 1892 973 1945 tui.
1006 1890 1073 1945 Et
1103 1897 1323 1945 cantent
1354 1890 1407 1942 in
1436 1888 1539 1943 viis
1586 1886 1825 1952 Domini,
1857 1893 1906 1953 Β
1927 1886 2078 1956 iores
2109 1888 2162 1943 in
2192 1889 2394 1944 mundo
2418 1928 2433 1953 ,
2484 1903 2591 1943 non
2627 1890 2989 1959 despicientes
3024 1893 3073 1948 ei
3107 1895 3264 1949 subdi
3296 1896 3386 1965 qui
3414 1898 3513 1951 hu—

252 2004 272 2037 ι
318 1986 577 2055 quoniam
628 1998 823 2053 magna
883 1992 969 2037 est
1027 1976 1221 2052 gloria
1269 1980 1503 2033 Domini.
1562 1978 1827 2045 Quoniam

249 2095 271 2127 ι
320 2076 571 2131 excelsus
608 2074 864 2129 Dominus
901 2080 955 2126 et
985 2072 1207 2126 humilia
1250 2071 1507 2140 reSpicit,
1544 2078 1599 2123 et
1652 2069 1758 2123 alta
1799 2084 1832 2122 a

250 2188 271 2220 ε
320 2168 479 2237 longe
504 2166 803 2237 cognoscit.
836 2163 893 2219 Si
921 2162 1270 2218 arubulavero
1308 2162 1360 2216 in
1405 2161 1582 2215 medio
1604 2158 1829 2214 tribula-

251 2276 272 2307 ς
325 2256 517 2318 tionis,
552 2252 853 2307 viviﬁcabis
881 2266 966 2305 me
999 2269 1013 2306 :
1043 2259 1097 2305 et
1123 2266 1286 2319 super
1316 2251 1452 2304 iram
1484 2249 1831 2303 inimicorum

252 2365 273 2395 ι
322 2359 568 2398 meorum
612 2341 904 2397 extendisti
940 2356 1160 2395 manum
1192 2349 1338 2394 tuam
1360 2380 1375 2405 ,
1408 2348 1465 2394 et
1501 2339 1711 2394 salvum
1746 2352 1835 2393 me

248 2453 273 2485 ι
327 2433 460 2487 fecit
487 2433 709 2487 dextera
740 2434 850 2485 tua.
880 2432 1137 2485 Dominus
1163 2431 1428 2485 retribuet
1452 2444 1552 2499 pro
1581 2444 1668 2483 me
1692 2446 1705 2481 :
1732 2430 1838 2484 Do-

253 2544 272 2576 ι
322 2524 490 2595 mine,
538 2522 906 2577 misericordia
951 2530 1040 2576 tua
1091 2522 1144 2576 in
1189 2520 1667 2590 saeculum,opera
1718 2534 1836 2574 ma-

254 2633 275 2667 ι
322 2630 491 2669 nuum
529 2621 742 2668 tuarum
774 2628 843 2668 ne
873 2613 1160 2683 despicias.
1210 2631 1229 2665 ι

822 2701 1112 2756 ENARRA
1125 2700 1268 2756 T10.

324 2793 430 2848 Iste
475 2792 706 2863 psalmus
730 2792 1107 2847 attribuendus
1154 2803 1237 2846 est
1266 2791 1364 2861 ipsi
1390 2790 1595 2855 David;
1626 2790 1676 2845 id
1715 2800 1792 2846 est
1816 2830 1832 2855 ,

252 2885 486 2939 Domino
514 2882 640 2939 Jesu
669 2883 909 2950 Christo,
938 2898 1043 2938 non
1076 2884 1219 2952 quod
1249 2884 1362 2953 ipse
1390 2883 1640 2952 loquatur
1667 2884 1718 2937 in
1746 2898 1831 2948 eo,

251 2975 351 3029 sed
385 2974 526 3043 quod
569 2972 797 3043 perfecti
825 2973 917 3043 qui
956 2974 1043 3027 hic
1086 2973 1381 3041 loquuntur
1402 3013 1416 3038 ,
1450 2974 1689 3042 dirigunt
1718 2987 1831 3027 ser-

255 3081 452 3121 mones
498 3080 629 3121 suos
675 3067 744 3121 ad
791 3066 964 3135 ipsum
991 3104 1006 3130 ,
1046 3074 1408 3134 proponentes
1449 3080 1509 3121 se
1560 3065 1838 3135 exemplar

252 3158 437 3213 minus
484 3156 758 3227 perfectis,
795 3166 854 3211 ut
898 3157 1145 3226 exemplo
1194 3158 1275 3211 sui
1316 3158 1683 3212 conﬁteantur
1730 3157 1835 3211 Do-

1932 1980 2077 2035 milis
2102 1981 2376 2050 apparuit.
2404 1981 2471 2035 Et
2493 1981 2539 2035 si
2571 1998 2722 2051 reges
2746 2023 2760 2048 ,
2794 1992 2923 2039 tunc
2943 1986 3112 2041 multo
3138 1990 3311 2059 magis
3336 1990 3515 2044 mino-

1932 2086 2020 2126 res
2036 2070 2237 2125 debent
2263 2070 2314 2125 ei
2342 2069 2612 2125 confiteri.
2638 2070 2813 2126 Velut
2838 2072 3086 2128 dicamus
3106 2073 3172 2129 de
3194 2076 3518 2146 signiﬁcatis

1931 2158 2152 2226 regibus
2176 2197 2191 2221 ,
2246 2173 2389 2226 reges
2417 2197 2432 2222 ,
2473 2157 2524 2211 id
2555 2166 2639 2212 est
2663 2198 2677 2224 ,
2714 2174 2904 2214 omnes
2931 2162 3334 2218 sensualitatem
3358 2180 3513 2220 suam

1934 2257 2183 2318 regentes
2208 2288 2222 2313 ,
2247 2263 2368 2303 meo
2396 2250 2670 2317 provocati
2696 2251 2943 2321 exemplo
2964 2292 2979 2317 ,
3007 2254 3357 2322 conﬁteantur
3377 2256 3470 2312 tibi
3493 2299 3509 2324 ,

1936 2339 1988 2393 id
2015 2347 2099 2393 est
2117 2378 2132 2402 ,
2166 2338 2387 2393 laudent
2416 2348 2468 2393 te
2490 2379 2506 2404 ,
2538 2340 2665 2409 quia
2688 2341 2948 2397 Dominus
2972 2356 3052 2397 εε.
3079 2343 3144 2397 Ει
3166 2345 3233 2407 ab
3257 2345 3357 2400 hac
3385 2362 3521 2402 con-

1937 2427 2174 2484 fessione
2200 2443 2303 2483 non
2337 2437 2595 2497 poterunt
2622 2444 2683 2483 se
2710 2445 2975 2485 excusare
2998 2472 3013 2495 ,
3045 2432 3168 2501 quia
3186 2432 3299 2501 jam
3330 2436 3511 2489 omnia

1936 2519 2088 2571 verba
2113 2519 2218 2571 oris
2245 2518 2321 2571 tui
2349 2518 2633 2572 audierunt
2652 2559 2667 2584 ,
2696 2518 2750 2573 id
2778 2528 2896 2583 est,
2927 2528 2980 2575 te
3010 2520 3128 2589 ipso
3144 2523 3373 2578 docente
3399 2540 3521 2594 per-

1936 2618 2201 2679 ceperunt
2231 2624 2566 2679 quaecunque
2599 2611 2666 2664 ad
2699 2612 2859 2666 fidem
2899 2620 2955 2667 et
3000 2614 3068 2668 ad
3115 2628 3295 2670 mores
3339 2615 3511 2684 perti-

1939 2698 2120 2753 nentia
2173 2699 2494 2768 praecepisti.
2553 2699 2620 2753 Et
2662 2700 2785 2755 ideo
2831 2716 2939 2757 non
2984 2712 3070 2758 est
3113 2718 3335 2760 necesse
3363 2713 3421 2758 ut
3448 2704 3521 2759 ad

1938 2788 2041 2842 ista
2087 2776 2341 2843 discenda
2392 2801 2495 2859 ego
2533 2802 2628 2844 eos
2669 2789 2949 2844 exhorter.
2992 2790 3061 2843 Et
3098 2802 3307 2845 cantent
3338 2794 3392 2846 in
3425 2794 3520 2847 viis

1938 2876 2189 2941 Domini,
2221 2885 2278 2931 ει
2302 2891 2408 2929 non
2441 2884 2651 2931 tantum
2689 2878 3088 2945 conﬁteantur,
3116 2879 3212 2934 sed
3242 2880 3410 2935 etiam
3447 2882 3517 2935 ad

1939 2967 2044 3021 hoc
2087 2976 2510 3036 promoveantur
2545 2975 2605 3021 ut
2642 2977 2887 3034 cantent,
2933 2969 2986 3023 id
3031 2978 3157 3035 est,
3190 2978 3250 3024 ut
3282 2970 3519 3035 delecta-

1942 3057 2140 3112 tionem
2168 3057 2422 3122 babeant,
2442 3058 2496 3111 in
2518 3058 2612 3112 viis
2634 3057 2845 3112 Domini
2871 3098 2887 3125 ,
2915 3058 2970 3115 id
2997 3068 3114 3126 est,
3142 3061 3197 3115 in
3226 3063 3517 3132 praceptis

1942 3147 2137 3218 quibus
2168 3149 2276 3203 itur
2297 3150 2364 3205 ad
2390 3148 2711 3205 Dominum:
2736 3150 2820 3207 vel
2851 3151 2905 3206 in
2931 3152 3128 3221 quibus
3153 3153 3269 3222 ipse
3298 3168 3525 3222 praeces-

250 3253 404 3308 mino
441 3261 551 3307 tota
577 3251 895 3315 affectione,
934 3258 989 3305 et
1033 3250 1169 3304 bene
1211 3260 1508 3319 operentur
1554 3265 1618 3305 ea
1656 3249 1831 3303 inten—

1940 3241 2044 3305 sit,
2074 3243 2217 3310 quod
2247 3249 2455 3296 tantum
2482 3242 2846 3310 perfectorum
2866 3251 2969 3299 est.
3010 3244 3079 3298 Et
3102 3246 3300 3300 merito
3322 3246 3523 3303 debent

250 3344 426 3405 tione,
467 3351 526 3395 ut
558 3340 692 3394 nihil
729 3338 873 3393 aliud
907 3348 1155 3407 quaerant
1182 3354 1346 3408 quam
1383 3340 1692 3394 Dominum.

328 3431 625 3499 Confitebor
651 3430 774 3494 tibi,
814 3429 1055 3485 Domine.
1089 3428 1133 3485 Ο
1164 3430 1422 3495 Domine,
1454 3430 1555 3484 Fili
1588 3430 1719 3496 Dei,
1745 3431 1838 3500 qui

250 3519 537 3588 mqualitcr
591 3518 874 3573 Dominus,
902 3534 960 3573 es
1013 3533 1134 3573 cum
1183 3517 1378 3583 Patre,
1413 3518 1555 3587 quod
1599 3517 1740 3572 valet
1769 3517 1837 3570 ad

258 3610 382 3663 ﬁdei
422 3609 887 3662 conﬁrmationem
919 3622 932 3661 :
966 3607 1063 3662 tibi
1114 3609 1416 3663 conﬁtebor
1461 3608 1518 3661 in
1551 3617 1657 3661 toto
1683 3610 1837 3661 corde

253 3715 405 3764 meo,
447 3698 500 3752 id
534 3706 650 3762 est,
684 3706 797 3753 tota
843 3698 1038 3751 mentis
1075 3695 1359 3753 affectione
1395 3706 1447 3753 te
1477 3698 1729 3753 laudabo.
1773 3698 1840 3752 Et

254 3786 473 3849 merito,
516 3787 763 3856 quoniam
812 3785 1079 3839 exaudisti
1128 3785 1432 3841 orationem
1478 3801 1655 3840 meam
1706 3801 1838 3840 voce

253 3873 547 3944 prolatam.
575 3873 726 3939 Quod
749 3873 867 3941 plus
893 3882 1153 3942 estquam
1176 3875 1221 3928 si
1248 3875 1636 3929 determinaret
1659 3874 1711 3927 in
1733 3890 1837 3944 qua

255 3978 318 4018 re
350 3964 497 4017 illum
528 3964 839 4027 exaudiret;
874 3964 996 4031 quia
1022 3973 1199 4034 potest
1226 3964 1448 4035 intelligi
1482 3966 1839 4035 quodcunque

258 4061 495 4121 rogaret.
556 4051 621 4104 In
684 4061 959 4121 conspectu
1042 4053 1368 4122 angelorum.
1437 4053 1553 4107 Non
1627 4064 1834 4109 tantum

256 4144 545 4199 devotione
570 4143 800 4198 laudabo
820 4152 871 4199 te
886 4183 903 4209 ,
928 4143 1023 4198 sed
1048 4145 1210 4198 etiam
1231 4143 1475 4212 psallam,
1506 4144 1557 4198 id
1577 4154 1682 4209 est,
1702 4146 1839 4199 bene

256 4235 548 4303 operabor,
577 4234 692 4297 tibi,
721 4235 772 4287 id
800 4242 906 4299 est,
940 4234 1003 4287 ad
1028 4234 1254 4305 gloriam
1282 4244 1453 4298 tuam,
1486 4236 1536 4286 in
1561 4245 1837 4304 conspectu

260 4323 589 4393 angelorum,
619 4323 668 4376 id
690 4333 795 4388 εει,
826 4338 890 4376 ca
921 4323 1217 4378 intentione
1240 4340 1344 4391 qua
1372 4323 1582 4393 angeli,
1608 4324 1699 4392 qui
1724 4324 1837 4379 sola

260 4413 569 4477 dilectione,
601 4428 706 4467 non
731 4412 924 4467 timore
957 4421 1009 4465 te
1038 4411 1279 4466 laudant.
1314 4411 1410 4466 Vel
1438 4412 1557 4466 ideo
1580 4420 1632 4467 te
1659 4413 1838 4477 laudo,

185 4502 199 4519 '
262 4511 322 4557 ut
338 4502 552 4556 tandem
571 4503 673 4555 sim
690 4503 962 4572 positusin
984 4502 1225 4571 angelica
1244 4502 1468 4567 visione,
1486 4514 1544 4555 ut
1558 4502 1841 4558 manifeste

261 4605 587 4661 cognoscam
620 4598 674 4645 et
690 4568 903 4645 videam
927 4599 977 4645 te
1007 4568 1142 4644 facie
1171 4590 1237 4643 ad
1269 4589 1459 4643 faciem
1494 4591 1637 4645 sicut
1665 4591 1840 4661 angeli
1870 4568 1917 4627 Ῑ)

262 4691 316 4735 ιε
338 4681 559 4744 vident,
591 4679 674 4733 vel
706 4680 780 4733 ita
810 4681 1076 4748 operabor
1095 4719 1110 4745 ,
1143 4679 1284 4735 sicut
1305 4681 1397 4748 qui
1420 4693 1631 4749 semper
1656 4682 1842 4737 videor

260 4773 333 4827 ab
346 4771 575 4841 angelis,
594 4786 695 4841 per
708 4786 846 4840 quos
862 4770 959 4824 tibi
974 4771 1213 4841 quotidie
1229 4784 1349 4825 mea
1368 4770 1511 4826 facta
1532 4783 1721 4826 renuat
1732 4773 1844 4825 ian-

261 4873 370 4918 tur.
412 4863 678 4928 Adorabo,
709 4862 761 4917 id
782 4871 887 4926 εει,
920 4863 1269 4933 singulariter
1296 4862 1523 4932 dirigam
1554 4863 1843 4932 petitiones

260 4970 414 5010 meas
429 4954 496 5009 ad
525 4961 609 5019 te,
641 4954 867 5008 tendens
888 4954 955 5007 ad
985 4954 1115 5019 hoc,
1141 4964 1202 5008 ut
1228 4953 1589 5023 simtemplum
1603 4964 1843 5008 sanetum

259 5060 412 5101 tuum
436 5087 451 5111 ,
479 5047 530 5100 id
558 5056 672 5110 est,
711 5044 816 5099 tale
866 5044 1120 5113 templum
1159 5044 1303 5113 quod
1373 5053 1426 5099 te
1465 5044 1537 5099 sit
1582 5044 1800 5115 dignum
1825 5085 1840 5110 ,

260 5139 346 5191 vel
374 5138 440 5191 ad
467 5137 737 5192 hominem
765 5152 793 5187 a
819 5146 871 5190 te
893 5145 1229 5203 assumptum
1254 5174 1272 5201 ,
1323 5136 1415 5205 qui
1462 5143 1545 5190 est
1585 5136 1842 5205 templum

260 5238 318 5279 et
345 5226 709 5280 habitaculum
740 5225 1056 5279 divinitatis.
1099 5226 1167 5279 Et
1201 5240 1306 5278 non
1338 5233 1543 5280 tantum
1573 5226 1806 5279 adoraho
1827 5266 1842 5289 ,

262 5317 358 5370 sed
390 5316 553 5368 etiam
590 5314 877 5381 conﬁtebor
905 5314 1101 5367 nomini
1129 5324 1218 5367 tuo
1258 5315 1400 5383 quod
1427 5323 1512 5369 est
1551 5315 1839 5379 Dominus,

264 5404 320 5456 id
362 5412 446 5457 est
487 5402 716 5455 laudabo
740 5412 789 5456 le
817 5417 949 5456 voce
977 5412 1031 5456 et
1055 5417 1237 5470 opere.
1283 5401 1453 5472 Super
1482 5405 1843 5458 misericordia

267 5502 380 5545 tua.
416 5490 687 5550 Ostendit,
716 5505 833 5558 qua:
860 5492 931 5545 sit
971 5490 1338 5546 misericordia
1362 5491 1673 5547 conﬁtendi.
1708 5493 1849 5548 Con-

267 5579 466 5633 ﬁtebor
497 5587 674 5633 autem
707 5579 794 5634 hic
816 5619 832 5642 ,
865 5581 1105 5634 continet
1134 5579 1317 5634 omnia
1341 5580 1655 5648 supradicta
1685 5621 1701 5645 ,
1736 5582 1845 5635 sci-

269 5672 397 5725 licet
438 5672 729 5735 conﬁteri,
780 5671 1012 5741 psallere
1051 5711 1065 5735 ,
1096 5671 1349 5725 adorare.
1392 5670 1724 5737 Conﬁtebor,
1759 5671 1843 5724 in-

269 5779 432 5831 quam
457 5805 471 5831 ,
504 5764 596 5817 tibi
620 5778 782 5833 super
804 5765 932 5827 hoc,
963 5764 1089 5833 quia
1116 5761 1541 5818 misericordiam
1564 5772 1617 5816 et
1648 5762 1848 5816 verita-

1940 3331 2183 3386 confiteri
2208 3332 2438 3387 Domino
2463 3340 2518 3386 et
2544 3341 2797 3397 cantare,
2834 3334 3085 3402 quoniam
3111 3332 3282 3402 gloria
3309 3373 3325 3400 ,
3350 3334 3402 3389 id
3428 3344 3514 3389 est

1943 3421 2312 3476 remuneratio
2334 3460 2350 3487 ,
2377 3436 2541 3491 quam
2595 3422 2747 3477 dabit
2790 3422 3175 3478 conﬁtentibus
3200 3431 3257 3477 et
3291 3432 3520 3478 cantan-

1942 3512 2082 3567 tibus
2121 3511 2174 3564 in
2199 3510 2380 3568 futuro
2402 3552 2419 3578 ,
2474 3528 2667 3583 magna
2696 3513 2815 3567 erit.
2860 3514 3129 3578 Quoniam
3149 3514 3383 3569 excelsus
3410 3514 3522 3568 Do-

1938 3600 2131 3653 minus.
2176 3598 2293 3655 Non
2333 3608 2416 3655 εει
2442 3599 2740 3655 timendum
2766 3616 2943 3671 neque
2966 3600 3365 3656 formidandum
3396 3618 3522 3673 pro-

1940 3696 2063 3758 pter
2098 3688 2203 3743 hoc
2245 3704 2381 3757 opus
2410 3688 2658 3751 arduum,
2688 3689 2813 3757 quia
2838 3689 3094 3743 Dominus
3122 3690 3356 3744 excelsus
3393 3699 3478 3747 est
3506 3732 3522 3757 ,

1941 3779 1994 3832 id
2020 3788 2104 3833 est
2132 3780 2476 3848 omnipotens
2496 3820 2511 3845 ,
2540 3781 2609 3835 ad
2630 3780 2990 3850 adiuvandum
3014 3793 3224 3851 potens.
3248 3781 3317 3836 Et
3336 3798 3528 3852 quem-

1940 3869 2229 3924 admodum
2259 3878 2344 3923 est
2381 3878 2576 3939 potens
2602 3911 2617 3935 ,
2673 3871 2838 3926 etiam
2871 3872 3107 3940 respicit,
3143 3872 3199 3926 id
3229 3881 3347 3936 est,
3374 3870 3528 3940 adju-

1940 3968 2032 4014 vat
2057 3959 2278 4013 humilia
2305 3981 2322 4025 -,
2351 3960 2404 4015 id
2428 3968 2512 4015 est
2532 4000 2547 4023 ,
2574 3948 2694 4016 illas
2715 3960 2809 4030 qui
2832 3962 2897 4015 de
2926 3973 2985 4015 se
3014 3976 3121 4015 non
3149 3970 3518 4031 praesumunt,

1939 4059 1994 4104 et
2028 4064 2185 4104 suum
2212 4049 2473 4104 auxilium
2503 4050 2783 4106 humiliter
2824 4050 3135 4120 implorant.
3177 4051 3247 4106 Et
3285 4052 3398 4106 alta
3421 4093 3437 4118 ,
3470 4054 3522 4109 id

1940 4150 2025 4197 est
2048 4181 2063 4205 ,
2107 4143 2371 4211 superbos
2394 4143 2486 4211 qui
2517 4144 2583 4197 de
2631 4156 2691 4197 se
2723 4154 3131 4212 praesumuntur
3155 4182 3171 4207 ,
3208 4160 3241 4196 a
3269 4143 3418 4213 longe
3443 4161 3530 4197 co-

1938 4234 2137 4303 gnoscit
2161 4274 2175 4294 ,
2222 4234 2277 4288 id
2319 4242 2433 4299 est,
2475 4234 2789 4289 considerat
2827 4248 2935 4288 non
2981 4234 3133 4299 loco,
3170 4235 3265 4288 sed
3314 4235 3529 4288 subtra-

1941 4323 2122 4377 ctione
2147 4324 2356 4393 gratiae.
2405 4322 2485 4378 Ac
2533 4325 2579 4378 si
2633 4324 2779 4378 dicat
2825 4342 2837 4377 :
2876 4324 3030 4378 Licet
3068 4325 3185 4393 ipse
3213 4324 3286 4377 sit
3312 4322 3452 4379 altus
3473 4333 3529 4379 ει

1942 4413 2222 4478 excelsus,
2271 4413 2648 4468 misericordia
2688 4413 2808 4483 ejus
2853 4427 3020 4482 prope
3063 4421 3149 4467 est
3190 4413 3486 4468 humilibus
3512 4454 3527 4476 ,

1944 4504 2039 4559 sed
2074 4503 2232 4573 longe
2260 4512 2471 4558 remota
2493 4503 2563 4556 ab
2593 4505 2678 4558 his
2697 4504 2788 4573 qui
2818 4518 2878 4557 se
2898 4504 3161 4557 exaltant.
3203 4502 3265 4558 Si
3287 4504 3531 4558 ambula-

1943 4610 2080 4648 vero.
2121 4593 2279 4649 Modo
2312 4594 2507 4649 asserit
2547 4595 2693 4662 quod
2738 4593 3082 4658 enuntiavit,
3120 4604 3443 4654 convertens
3468 4613 3530 4653 se

1944 4684 2012 4738 ad
2045 4684 2333 4738 Dominum
2360 4723 2377 4747 ,
2418 4684 2653 4753 quadam
2706 4682 2994 4739 aﬂ'ectione
3029 4684 3254 4740 dicens:
3298 4685 3439 4743 Vere
3467 4696 3525 4742 tu

1944 4771 2172 4840 respicis
2202 4772 2426 4826 humilia
2451 4812 2466 4837 ,
2518 4774 2666 4842 quod
2693 4772 2747 4827 in
2776 4786 2863 4827 me
2905 4774 3124 4842 probari
3151 4784 3328 4844 potest
3356 4795 3370 4830 :
3403 4778 3530 4846 quia

1942 4860 1989 4914 si
2026 4860 2357 4915 ambulavero
2382 4900 2398 4927 ,
2439 4862 2491 4916 id
2534 4871 2651 4926 est,
2690 4876 3115 4933 perseveravero
3149 4865 3205 4918 in
3235 4867 3440 4931 medio,
3476 4868 3528 4921 id

1944 4959 2058 5015 est,
2084 4951 2135 5003 in
2165 4951 2433 5019 profundo
2460 4951 2816 5006 tribulationis
2840 4954 3178 5009 vehementis
3203 4962 3259 5007 et
3287 4969 3516 5023 magnae,

1946 5040 2229 5108 uiviﬁeabis
2278 5058 2396 5106 me,
2457 5041 2511 5096 id
2554 5050 2639 5097 est
2664 5082 2679 5107 ,
2713 5042 3003 5098 renovabis
3039 5058 3127 5097 me
3156 5043 3213 5096 in
3241 5044 3527 5107 interiori,

1948 5137 2423 5200 quantumcunque
2449 5134 2688 5187 exterior
2708 5132 2873 5188 homo
2895 5141 3300 5201 corrumpatur.
3330 5133 3398 5187 Et
3423 5135 3527 5189 hoc

1949 5220 2123 5289 ipsum
2144 5220 2285 5290 quod
2307 5235 2724 5288 perseveravero
2751 5262 2766 5287 ,
2799 5238 2905 5277 non
2935 5238 3003 5277 ex
3044 5236 3131 5276 me
3164 5223 3303 5287 erit,
3330 5222 3426 5277 sed
3455 5238 3522 5276 ex

1949 5319 2201 5379 respectu
2244 5312 2631 5367 misericordia:
2669 5321 2772 5367 tua:
2796 5353 2810 5378 ,
2860 5313 2913 5367 id
2941 5308 3057 5374 est,
3100 5322 3154 5365 te
3184 5311 3526 5375 viviﬁcante,

1950 5411 2114 5456 etme
2144 5402 2402 5457 humilem
2423 5403 2772 5472 respiciente.
2812 5402 2881 5455 Et
2904 5418 3011 5455 non
3043 5410 3250 5455 tantum
3287 5401 3367 5456 sic
3393 5402 3529 5455 vivi-

1950 5488 2145 5544 ficabisr
2166 5505 2284 5556 me,
2324 5501 2383 5545 ut
2413 5506 2520 5547 non
2550 5490 2810 5546 deﬁciens
2843 5490 3035 5559 aequali
3061 5506 3221 5545 manu
3258 5490 3327 5545 de
3348 5505 3528 5560 pugna

1951 5581 2243 5647 recedam,
2296 5583 2393 5637 sed
2443 5582 2611 5636 etiam
2660 5598 2874 5634 manum
2906 5581 3108 5636 auxilii
3158 5580 3234 5634 tui
3286 5581 3530 5651 extendes

1950 5687 2107 5740 super
2157 5672 2292 5725 iram
2338 5672 2671 5725 inimicorum
2718 5685 2952 5723 meorum
3016 5672 3101 5740 ut]
3126 5685 3224 5740 per
3266 5668 3528 5725 auxilium

1953 5773 2103 5819 tuum
2144 5764 2357 5819 vincam
2416 5763 2664 5818 inimicos
2713 5778 2881 5818 meos.
2924 5760 2992 5819 Et
3031 5762 3234 5817 salvum
3288 5777 3369 5817 me
3407 5761 3528 5833 fecit
