4038 6424
571 437 678 496 803

1202 430 1459 488 llliMlGII
1495 416 2147 488 ANTISSIODOBENSIS
2185 427 2333 486 OPP.
2377 426 2553 482 PARS
2591 427 2628 480 I.
2668 455 2737 465 -—
2774 410 3179 483 EXEGETICA.

3718 427 3837 481 804

574 559 789 606 dextera
846 556 955 611 tua,
996 545 1048 599 id
1084 554 1165 599 est
1190 585 1204 608 ,
1257 547 1470 599 tandem
1510 558 1609 612 pro
1656 542 1973 598 extensione
2024 557 2138 595 ma-
2169 558 2215 615 Α
2250 561 2268 589 ι
2310 550 2364 596 ει
2393 541 2529 595 scito
2556 554 2652 594 cor
2698 554 2875 592 meum
2915 558 2926 591 :
2963 540 3229 607 interroga
3276 551 3362 592 me
3387 576 3401 603 ,
3452 544 3507 591 et
3554 550 3839 607 cognosce

582 655 683 695 nus
730 638 932 692 salvum
977 651 1057 689 me
1087 636 1241 704 faciet
1271 635 1483 688 dextera
1514 642 1636 698 tua,
1669 633 1722 687 id
1752 641 1837 688 est
1860 672 1875 697 ,
1900 632 2140 702 potentia

575 742 688 786 tua.
728 729 986 783 Dominus
1029 727 1295 780 retribuet.
1336 725 1490 781 Modo
1534 724 1667 779 facit
1696 724 2050 779 assertionem
2078 723 2145 778 de

576 821 681 875 alia
716 828 888 888 parte.
931 818 1071 871 Vere
1109 816 1214 869 alta
1253 822 1541 884 cegnoscet
1600 816 1857 869 Dominus
1882 853 1896 878 ,
1939 813 1991 867 id
2016 822 2137 879 εει,

574 908 935 965 considerabit
964 908 1029 960 ad
1054 906 1382 975 puniendum
1410 945 1425 970 ,
1453 906 1542 974 qui
1568 921 1689 959 cum
1723 919 1807 959 me
1826 903 2031 958 salvum
2064 900 2142 957 fe-

576 999 714 1053 cerit
749 996 1060 1051 collocando
1093 996 1145 1048 in
1182 996 1402 1049 dextera
1428 1036 1442 1059 ,
1470 996 1584 1065 ipse
1614 995 1873 1049 Dominus
1900 993 2145 1046 retribuet

574 1101 669 1156 pro
696 1092 777 1138 nte
808 1085 937 1154 ipsis
964 1084 1199 1137 inimicis
1221 1092 1275 1137 et
1302 1085 1742 1153 persecutoribus
1770 1084 1934 1147 meis,
1959 1082 2011 1136 id
2041 1089 2145 1145 est,

575 1174 723 1226 dabit
750 1174 828 1226 eis
850 1188 1061 1239 pwnam
1085 1182 1306 1242 propter
1336 1188 1442 1236 me,
1476 1174 1578 1227 hoc
1607 1180 1688 1225 est
1711 1212 1724 1235 ,
1749 1170 1918 1225 vicem
1947 1183 2145 1233 meam,

576 1264 700 1331 quia
751 1256 850 1332 ego
897 1263 1040 1316 nolui
1098 1262 1373 1315 vindicare
1396 1301 1410 1326 ,
1439 1264 1531 1316 sed
1564 1260 1869 1329 exspectavi
1903 1273 2024 1312 eum
2055 1258 2145 1328 qui

576 1352 708 1405 dixit
740 1365 755 1404 :
786 1350 914 1405 mihi
933 1352 1221 1405 vindictam
1241 1360 1294 1405 et
1318 1365 1416 1419 ego
1434 1352 1725 1404 retribuam
1746 1349 1930 1420 (Deut.
1949 1348 2144 1418 xxxn).

578 1442 735 1496 Modo
778 1442 906 1495 facit
944 1443 1244 1496 orationem
1300 1444 1364 1497 de
1416 1443 1498 1496 bis
1538 1457 1656 1511 qua:
1689 1441 1937 1509 superius
1976 1441 2145 1506 dixit,

577 1532 650 1585 ita
702 1532 889 1585 dicens
928 1548 943 1585 :
976 1530 1195 1585 Domine
1221 1572 1235 1597 ,
1282 1533 1419 1606 sicut
1464 1532 1818 1586 misericordia
1856 1541 1945 1584 tua
1974 1540 2056 1585 est
2094 1532 2149 1583 in

576 1627 828 1681 sierulum
852 1668 867 1693 ,
893 1626 945 1680 id
986 1634 1070 1681 est
1100 1667 1114 1690 ,
1144 1626 1267 1696 quia
1298 1638 1354 1680 tu
1375 1642 1434 1681 es
1470 1627 1779 1681 misericors
1805 1623 2146 1689 naturaliter,

578 1716 652 1771 ita
704 1733 868 1785 apem:
918 1733 1165 1770 manuum
1221 1726 1429 1771 tuarum
1490 1734 1552 1771 ne
1606 1714 1860 1785 despicias
1913 1714 1965 1768 id
2027 1722 2147 1777 est,

576 1809 775 1863 bonum
811 1824 943 1878 opus
980 1809 1120 1877 quod
1148 1809 1199 1861 in
1228 1823 1314 1861 me
1338 1808 1605 1876 ineepisti,
1636 1806 1867 1861 deﬁcere
1914 1820 1982 1859 ne
2028 1817 2145 1873 per-

2251 648 2269 681 ι
2312 630 2534 685 semitas
2577 644 2743 683 meas.
2786 629 2852 684 Et
2892 630 3015 683 vide
3056 629 3101 683 si
3148 628 3231 680 via
3284 627 3585 696 iniquitatis
3629 627 3685 681 in
3738 641 3837 680 me

2249 737 2271 771 ι
2316 727 2419 784 εει,
2448 728 2503 773 ει
2530 719 2702 774 deduc
2732 734 2819 774 me
2847 719 2902 772 in
2929 719 3015 772 via
3050 726 3274 772 aeterna.
3309 736 3328 769 ο

2809 874 3251 931 ENARRATIO.

2317 1003 2603 1059 Tractatus
2653 1005 2755 1060 iste
2779 1006 3091 1059 attribuitur
3132 1006 3293 1075 capiti
3342 1014 3530 1061 nostro
3559 1022 3696 1059 vero
3727 1004 3835 1059 Da-

2245 1093 2358 1158 vid,
2388 1094 2531 1147 eunti
2556 1094 2608 1146 in
2627 1093 2804 1164 ﬁnem,
2828 1094 2881 1147 id
2907 1102 3009 1158 est,
3040 1095 3093 1148 in
3121 1096 3645 1149 consummationem
3673 1094 3839 1161 justi-

2248 1184 2337 1238 tiae
2368 1193 2422 1237 et
2453 1185 2708 1247 scientiae,
2734 1185 2819 1239 cui
2850 1196 3027 1239 tamen
3054 1184 3183 1239 nihil
3212 1184 3381 1238 defuit
3408 1187 3462 1239 in
3490 1183 3839 1254 perfectione

2249 1274 2529 1338 virtutum,
2564 1275 2655 1328 sed
2682 1289 2743 1327 ea
2775 1275 3072 1329 intentione
3099 1275 3183 1328 hic
3211 1274 3472 1343 loquitur.
3522 1284 3587 1327 ut
3616 1275 3834 1327 audito-

2252 1378 2339 1417 res
2386 1363 2503 1433 ejus
2550 1363 2797 1433 exemplo
2832 1362 3127 1433 provocati,
3176 1364 3426 1442 studeant
3465 1362 3571 1417 sibi
3619 1361 3839 1416 confor-

2249 1450 2423 1504 mari:
2453 1450 2581 1520 quia
2608 1451 2707 1505 etsi
2730 1449 2895 1521 ’prius
2928 1450 3322 1519 quodammodo
3365 1459 3628 1520 poterunt
3671 1464 3840 1504 excu—

2251 1540 2379 1603 sari,
2409 1540 2601 1593 amodo
2629 1541 2842 1609 penitus
2870 1551 3029 1594 erunt
3057 1539 3470 1603 inexcusabiles,
3500 1540 3549 1593 si
3578 1554 3691 1593 non
3716 1540 3840 1593 obc-

2253 1628 2471 1692 dierint,
2502 1644 2624 1682 cum
2646 1628 2943 1698 perfectum
2973 1629 3252 1699 exemplar
3286 1629 3511 1700 justitize
3540 1641 3597 1684 et
3633 1630 3840 1684 sancti-

2253 1725 2378 1778 tatis
2404 1724 2455 1777 in
2481 1724 2594 1792 ipso
2623 1725 2853 1778 habeant
2877 1722 3133 1793 positum.

2324 1811 2564 1876 Domine,
2594 1811 2822 1879 probasti
2849 1827 2947 1865 me.
2988 1809 3034 1867 0
3058 1810 3282 1865 Domine
3304 1809 3484 1875 Pater,
3517 1817 3574 1863 tu
3602 1810 3838 1879 probasti

578 1898 782 1960 mittas,
811 1898 902 1950 sed
932 1897 1087 1950 bonis
1112 1895 1391 1966 principiis
1411 1896 1473 1949 da
1520 1894 1770 1949 meliores
1806 1894 1985 1948 exitus
2006 1933 2021 1958 ,
2072 1890 2152 1946 fa-
2180 1890 2225 1948 Β
2253 1910 2351 1965 me,
2385 1901 2435 1955 id
2463 1911 2564 1963 est,
2604 1901 2796 1955 misisti
2826 1915 2909 1954 me
2955 1900 3006 1953 in
3029 1899 3417 1968 experientiam
3446 1900 3836 1953 mandatorum

577 1987 727 2041 ciens
778 2002 863 2041 me
910 2002 1257 2057 perseverare
1307 1988 1358 2040 in
1397 1987 1551 2040 bonis
1593 1986 1865 2055 operibus,
1891 1999 2010 2053 quae
2061 1992 2148 2038 tua

576 2088 721 2142 sunt,
759 2095 863 2132 non
894 2095 1028 2133 mea.
1063 2079 1213 2147 Quod
1240 2077 1340 2134 hac
1365 2079 1557 2133 fiducia
1596 2094 1693 2132 oro
1719 2117 1733 2143 ,
1771 2076 1897 2147 quia
1948 2075 2154 2131 miseris

579 2169 759 2223 cordia
790 2178 879 2223 tua
908 2170 1062 2225 estin
1096 2168 1345 2224 sarculum
1373 2182 1744 2239 permansura.

1020 2339 1340 2395 PSALMUS
1377 2339 1706 2395 CXXXVIII.

914 2490 979 2530 ιι(
1012 2490 1217 2530 FINEII
1250 2488 1549 2530 ΡεΑωιυε
1586 2489 1823 2529 υλνιυ.

554 2614 563 2619 ”
657 2628 675 2661 ι
722 2608 962 2671 Domine,
1010 2608 1246 2678 probasti
1293 2622 1379 2662 me
1426 2616 1479 2662 et
1507 2606 1803 2677 cognovisti
1840 2622 1944 2671 me,
1994 2612 2154 2663 tuco-

584 2717 603 2749 ι
651 2698 879 2769 gnovisti
950 2698 1241 2752 sessionem
1315 2711 1487 2750 meam
1562 2705 1616 2750 et
1698 2699 2152 2752 resurrectionem

586 2803 604 2835 ‹
651 2800 846 2839 meam.
911 2784 1223 2839 Intellexisti
1269 2785 1628 2852 cogitationes
1676 2800 1825 2839 nicas
1865 2785 1932 2838 de
1975 2785 2152 2855 longe,

586 2895 604 2927 ι
648 2877 893 2931 semitam
938 2891 1109 2931 meam
1149 2883 1204 2930 et
1250 2874 1548 2930 funiculum
1590 2892 1766 2931 meum
1800 2876 2154 2946 investigasti.

586 2984 605 3017 ι
648 2966 714 3019 Ει
739 2980 925 3020 omnes
952 2966 1067 3019 vias
1097 2981 1246 3020 meas
1272 2966 1587 3036 prtevidisti,
1616 2965 1741 3035 quia
1776 2980 1880 3019 non
1920 2974 2003 3020 est
2035 2980 2154 3019 ser—

586 3074 605 3106 ι
651 3071 738 3108 mo
770 3056 821 3109 in
875 3055 1053 3124 lingua
1095 3071 1231 3109 mea.
1316 3056 1453 3110 Ecce
1501 3054 1765 3119 Domine,
1820 3066 1911 3121 tu,
1962 3070 2158 3125 cogno-

586 3165 604 3195 ι
647 3144 769 3198 visti
828 3144 1007 3198 omnia
1061 3145 1349 3199 novissima
1402 3152 1456 3200 et
1512 3144 1770 3212 antiqua,
1845 3153 1897 3199 tu
1958 3144 2157 3199 forma-

587 3250 606 3283 ‹
655 3234 722 3287 sti
750 3247 856 3296 me,
889 3242 945 3287 et
973 3234 1197 3302 posuisti
1226 3249 1385 3304 super
1413 3250 1498 3288 me
1529 3249 1742 3288 manum
1780 3244 1947 3288 tuam.
1995 3235 2152 3288 Mira-
2181 3224 2225 3285 C

589 3342 606 3370 ν
652 3324 777 3379 bilis
800 3322 938 3378 facta
964 3334 1046 3379 est
1075 3325 1297 3379 scientia
1344 3335 1433 3379 tua
1461 3341 1528 3379 ex
1566 3340 1651 3379 me
1678 3342 1690 3377 :
1719 3324 2020 3379 confortata
2048 3334 2151 3391 est,

586 3432 603 3464 ι
649 3423 703 3468 ει
729 3428 833 3467 non
864 3423 1053 3482 potero
1094 3416 1160 3467 ad
1206 3431 1347 3469 eam.
1392 3414 1509 3481 Quo
1546 3415 1634 3469 ibo
1675 3430 1703 3467 a
1729 3416 1916 3483 spiritu
1947 3416 2074 3470 tuo?
2100 3425 2155 3470 et

587 3518 606 3551 ι
654 3515 760 3569 quo
788 3516 818 3554 a
849 3500 985 3555 facie
1016 3510 1104 3555 tua
1133 3501 1372 3569 fugiam?
1418 3503 1472 3557 Si
1507 3504 1803 3557 ascendere
1844 3503 1895 3556 in
1937 3504 2151 3568 caelum,

588 3609 606 3641 ‹
654 3601 707 3646 ιιι
754 3592 863 3645 illic
899 3607 996 3646 es:
1030 3592 1074 3647 si
1106 3592 1435 3647 descendero
1482 3594 1533 3646 in
1573 3593 1873 3658 infernum,
1907 3594 2055 3647 ades.
2096 3593 2153 3647 Si

587 3704 605 3735 ι
653 3699 933 3753 sumpsero
955 3698 1158 3754 pennas
1182 3700 1329 3740 meas
1356 3683 1587 3739 diluculo
1613 3725 1627 3748 ,
1667 3694 1722 3739 et
1760 3685 2075 3738 habitavere
2104 3684 2156 3737 in

589 3792 607 3823 ι
650 3774 908 3828 extremis
938 3774 1144 3827 maris:
1177 3775 1375 3828 etenim
1422 3774 1546 3827 illuc
1583 3789 1775 3828 manus
1816 3781 1905 3827 tua
1932 3774 2160 3827 deducet

587 3881 606 3912 ε
652 3877 776 3925 ιιιε,
820 3870 873 3916 ει
922 3863 1123 3917 tenebit
1168 3878 1252 3917 me
1298 3864 1519 3917 dextera
1549 3872 1659 3916 tua.
1749 3863 1816 3916 Et
1844 3864 1991 3917 dixi:
2030 3864 2161 3917 For-

588 3971 607 4002 ι
655 3952 794 4005 sitan
838 3954 1071 4007 tenebrae
1113 3953 1500 4009 conculcabunt
1556 3970 1675 4017 me,
1732 3962 1786 4008 et
1818 3970 1923 4010 nox
1962 3954 2159 4007 illumi-

591 4060 609 4091 ι
654 4044 799 4095 natio
850 4058 967 4096 mea
1027 4043 1078 4096 in
1128 4044 1335 4097 deliciis
1380 4045 1533 4099 meis.
1594 4044 1730 4111 Quia
1778 4046 2014 4099 tenebrae
2051 4060 2155 4097 non

589 4150 607 4182 ι
650 4132 1081 4185 obscurabuntur
1124 4146 1154 4184 a
1203 4140 1290 4194 te,
1358 4140 1413 4186 et
1460 4148 1560 4186 nox
1612 4134 1754 4187 sicut
1793 4133 1910 4187 dies
1967 4132 2160 4185 illumi-

590 4240 608 4271 ι
655 4221 869 4274 nabitur
896 4236 910 4273 :
941 4221 1081 4274 sicut
1131 4221 1364 4275 tenebrae
1391 4220 1506 4289 ejus
1534 4262 1547 4285 ,
1592 4222 1666 4275 ita
1719 4229 1774 4274 et
1814 4221 1989 4273 lumen
2021 4221 2154 4289 ejus.

591 4329 609 4359 ι
657 4308 791 4376 Quia
835 4317 888 4361 tu
914 4308 1201 4379 possedisti
1233 4323 1390 4363 renes
1418 4324 1598 4375 meos,
1633 4309 1918 4378 suscepisti
1962 4322 2047 4361 me
2093 4309 2160 4362 de

589 4420 608 4450 α
654 4409 809 4454 utero
837 4399 1028 4453 matris
1044 4413 1197 4453 mete.
1232 4399 1542 4455 Confitebor
1565 4400 1679 4463 tibi,
1713 4400 1966 4468 quoniam
1998 4399 2157 4452 terri-

590 4510 612 4542 ι
657 4492 835 4547 biliter
881 4492 1256 4562 magnificatus
1300 4507 1376 4557 es,
1425 4492 1688 4549 mirabilia
1730 4507 1890 4563 opera
1932 4502 2054 4558 tua,
2103 4501 2157 4548 et

590 4602 611 4633 ι
654 4584 832 4637 anima
861 4597 979 4637 mea
1011 4584 1292 4653 cognoscit
1335 4584 1497 4637 nimis
1531 4602 1543 4636 :
1575 4598 1681 4637 non
1724 4591 1807 4637 est
1830 4583 2155 4637 occultatum
2188 4568 2237 4627 Ι)

592 4696 612 4729 ‹
660 4692 721 4731 os
752 4692 929 4731 meum
963 4692 992 4730 a
1023 4687 1075 4731 te
1104 4677 1245 4746 quod
1276 4676 1446 4731 fecisti
1484 4677 1537 4730 in
1573 4676 1802 4741 occulto,
1833 4684 1889 4731 et
1915 4676 2163 4730 substan-

596 4784 616 4817 σ
664 4766 736 4818 tia
760 4779 881 4818 mea
914 4765 966 4819 in
996 4765 1341 4820 inferioribus
1368 4774 1544 4821 terraa.
1585 4766 1957 4834 Imperfectum
1980 4778 2159 4819 meum

592 4875 612 4905 ι
660 4855 913 4909 viderunt
941 4855 1081 4909 oculi
1113 4855 1190 4908 tui
1215 4872 1228 4907 :
1262 4864 1317 4909 et
1343 4857 1395 4909 in
1432 4855 1569 4909 libro
1598 4865 1689 4909 tuo
1712 4870 1899 4908 omnes
1922 4854 2162 4908 scriben-

592 4963 611 4995 ι
657 4953 747 4998 tur
775 4959 788 4996 :
817 4946 931 4998 dies
959 4944 1351 5006 formabuntur,
1382 4954 1607 4998 etnemo
1634 4946 1684 4998 in
1710 4945 1809 4998 eis.
1824 4943 1949 4997 Mihi
1978 4952 2159 4997 autem

595 5051 614 5083 ι
657 5033 818 5087 nimis
839 5033 1174 5087 bonorilicati
1191 5041 1317 5086 sunt
1340 5033 1497 5087 amici
1521 5033 1618 5097 tui,
1638 5033 1811 5086 Deus:
1838 5033 1999 5085 nimis
2026 5044 2159 5085 con-

548 5142 549 5145 η
594 5139 614 5171 ι
660 5120 890 5175 fortatus
917 5130 1002 5176 est
1043 5122 1377 5191 principatus
1413 5135 1621 5175 eorum.
1660 5121 2018 5173 Dinumerabo
2043 5134 2157 5181 eos,

594 5231 613 5262 ι
658 5220 712 5265 et
732 5225 898 5279 super
941 5224 1160 5265 arenam
1202 5210 1700 5280 multiplicabuntur
1733 5228 1746 5261 :
1779 5209 2078 5273 exsurrexi,
2108 5216 2162 5263 et

598 5320 615 5350 ι
660 5302 836 5355 adhuc
858 5316 977 5355 sum
1010 5310 1209 5354 tecum.
1247 5301 1305 5355 Si
1327 5301 1612 5363 occideris,
1638 5298 1798 5361 Deus,
1830 5308 2158 5367 peccatores,

595 5411 614 5443 σ
660 5393 764 5445 viri
810 5393 1127 5462 sanguinum
1158 5432 1173 5455 ,
1215 5391 1483 5445 declinato
1512 5405 1541 5443 a
1573 5403 1677 5442 me.
1749 5388 1883 5454 Quia
1906 5388 2081 5441 dicitis
2105 5388 2158 5440 in

598 5501 615 5532 ι
662 5484 1024 5551 cogitatione:
1056 5484 1337 5552 Accipient
1370 5483 1423 5537 in
1464 5482 1702 5537 vanitate
1731 5481 1978 5536 civitates
2010 5495 2155 5534 suas.

598 5587 617 5619 ι
660 5570 848 5626 Nonne
870 5572 961 5641 qui
989 5573 1219 5627 oderunt
1248 5581 1320 5637 te,
1366 5572 1611 5636 Domine,
1644 5572 1885 5634 oderam,
1916 5577 1971 5623 et
1998 5584 2160 5638 super

600 5676 619 5709 ι
663 5659 910 5715 inimicos
942 5670 1060 5717 tuos
1104 5662 1479 5717 tabescebam?
1506 5659 1754 5716 Perfecto
1774 5660 1898 5713 odio
1935 5658 2157 5714 oderam

600 5770 616 5803 ι
665 5752 804 5816 illos,
851 5754 1056 5809 inimici
1103 5754 1230 5809 facti
1272 5762 1395 5807 sunt
1441 5754 1590 5807 mihi.
1632 5752 1805 5806 Proba
1858 5765 1966 5815 me,
1995 5750 2158 5816 Deus,

2256 2002 2494 2054 tuorum,
2527 1992 2629 2044 hoc
2652 2000 2768 2055 est,
2818 1989 2991 2044 fecisti
3036 2004 3122 2043 me
3160 1989 3410 2041 mandata
3442 1997 3534 2040 tua
3567 1987 3838 2056 experiri,

2250 2088 2297 2133 et
2326 2080 2609 2148 cognovisti
2636 2094 2736 2142 me,
2766 2079 2817 2132 id
2844 2087 2958 2141 est,
2988 2077 3218 2131 dilexisti
3250 2091 3333 2130 me
3355 2094 3369 2130 :
3394 2077 3524 2145 quia
3578 2077 3836 2131 inlaudata

2255 2181 2340 2223 tua
2368 2169 2597 2239 explevi.
2656 2170 2723 2223 Et
2769 2184 3074 2238 quanquam
3117 2169 3397 2224 dilexisses
3426 2178 3481 2222 et
3508 2168 3735 2237 diligas,
3761 2179 3839 2221 tae

2178 2294 2179 2297 η
2252 2272 2375 2312 men
2405 2268 2456 2311 tu
2489 2272 2781 2326 cognosces
2808 2259 3083 2311 sessionem
3126 2274 3317 2321 meam,
3361 2258 3414 2311 id
3442 2267 3562 2320 est,
3601 2257 3841 2326 placebit

2254 2364 2341 2403 me
2366 2349 2653 2404 humiliare
2684 2350 2735 2403 in
2779 2350 3049 2417 passione,
3077 2357 3131 2403 et
3171 2348 3250 2403 sic
3277 2349 3343 2403 ad
3384 2348 3621 2416 gloriam
3655 2364 3840 2402 resur-

2255 2442 2506 2495 rectionis
2531 2445 2832 2512 pervenire.
2878 2441 2975 2496 Vel
3020 2444 3174 2513 quasi
3220 2444 3414 2513 aliquis
3463 2442 3680 2498 diceret
3717 2463 3730 2498 :
3781 2444 3839 2499 Si

2253 2531 2519 2598 cognovit,
2554 2545 2652 2584 cur
2700 2532 2873 2586 occidi
2922 2532 3201 2600 permisit?
3239 2532 3315 2586 ait
3351 2550 3363 2585 :
3406 2531 3485 2585 Tu
3519 2534 3836 2602 cognovisti,

2255 2619 2307 2673 id
2339 2629 2442 2684 est,
2472 2622 2571 2674 etsi
2621 2620 2755 2676 alios
2798 2610 2981 2686 lateat,
3022 2632 3076 2676 tu
3125 2623 3231 2677 seis
3259 2631 3437 2679 tamen
3470 2628 3538 2677 ad
3580 2626 3717 2692 quid
3754 2640 3842 2679 me

2253 2710 2362 2779 pati
2390 2710 2601 2765 voluisti
2629 2720 2683 2765 et
2708 2724 3009 2781 resurgere.
3039 2711 3336 2766 intellexisti
3361 2715 3729 2782 cogitationes.
3775 2714 3841 2767 Et

2254 2814 2360 2853 non
2386 2808 2589 2853 tantum
2614 2801 2981 2870 probasti-me
3010 2802 3060 2856 in
3093 2803 3373 2873 praeceptis
3402 2805 3716 2873 completis,
3746 2806 3838 2859 sed

2254 2898 2307 2941 et
2335 2889 2684 2956 cogitationes
2727 2906 2869 2945 meas
2897 2891 3228 2957 intellexisti,
3252 2884 3309 2947 id
3338 2901 3453 2957 est,
3500 2894 3641 2949 tales
3681 2905 3840 2950 erant

2255 2992 2374 3045 quae
2403 2978 2576 3047 digna:
2603 2989 2787 3035 essent
2816 2990 2906 3034 luo
2948 2981 3238 3044 intellectu,
3272 2992 3324 3036 et
3356 2984 3457 3038 hoc
3482 2984 3549 3037 de
3577 2984 3755 3055 longe,
3789 2986 3841 3039 id

2254 3076 2358 3131 est,
2392 3068 2458 3122 ab
2499 3069 2722 3124 exordio
2765 3071 2889 3125 vitae
2940 3088 3093 3127 mea}.
3135 3070 3369 3127 Semitas
3408 3089 3582 3137 meas,
3637 3076 3692 3129 id
3736 3086 3836 3138 est,

2257 3159 2472 3227 arduas:
2494 3168 2548 3213 et
2589 3160 2889 3231 singulares
2933 3163 3160 3219 virtutes
3207 3177 3468 3219 meas:et
3511 3166 3837 3234 funiculum,

2257 3250 2309 3303 id
2334 3258 2434 3314 est,
2467 3258 2664 3304 sortem
2693 3251 3021 3305 hmreditatis
3050 3268 3211 3317 meae,
3245 3253 3447 3308 scilicet
3475 3256 3715 3309 salutem
3744 3257 3843 3309 hu-

2257 3341 2401 3394 mani
2438 3342 2669 3409 generis,
2697 3356 2816 3410 quae
2857 3350 2941 3396 est
2986 3342 3277 3398 hereditas
3318 3358 3459 3409 mea,
3484 3345 3840 3414 int'estigasti,

2259 3429 2311 3483 id
2341 3438 2444 3493 est,
2483 3446 2568 3485 me
2616 3431 2941 3501 investigare
2981 3432 3177 3496 fecisti,
3221 3442 3279 3487 ut
3305 3433 3438 3488 nihil
3474 3436 3546 3489 ibi
3589 3439 3843 3489 attende-

2258 3535 2370 3574 rem
2419 3521 2518 3575 nisi
2566 3522 2960 3590 reparationem
3001 3523 3225 3577 humani
3271 3525 3502 3594 generis.
3565 3525 3840 3579 Dictum:

2257 3609 2609 3664 similitudine
2658 3612 2920 3676 viatoris,
2994 3614 3121 3682 quia
3170 3622 3289 3682 post
3326 3614 3567 3668 laborem
3623 3616 3834 3669 itineris

2258 3702 2450 3770 quaerit
2473 3702 2733 3770 requiem.
2776 3701 2929 3757 Unde
2963 3703 3191 3758 habetur
3221 3705 3274 3758 in
3305 3702 3531 3759 Hebraeo
3558 3724 3571 3759 τ
3601 3706 3837 3759 Accuba-

2258 3790 2449 3841 tianem
2479 3805 2645 3843 meam
2689 3791 3027 3860 investigasti,
3063 3791 3115 3846 id
3142 3800 3253 3857 est,
3294 3795 3525 3862 quietem
3553 3795 3837 3849 immorta-

2260 3877 2483 3932 talitatis
2525 3885 2578 3932 et
2644 3878 3095 3948 impassibilitatis
3139 3897 3227 3936 me
3282 3883 3608 3953 investigare
3632 3881 3833 3940 fecisti.

2259 3964 2305 4019 A
2334 3967 2621 4036 principio,
2649 3967 2891 4037 inquam,
2935 3984 3002 4025 ex
3032 3985 3140 4040 quo
3179 3969 3287 4035 fui,
3344 3971 3469 4025 talia
3518 3988 3604 4026 me
3658 3972 3835 4028 fecisti

2259 4056 2531 4127 cogitare,
2578 4073 2699 4127 qua:
2748 4059 2908 4129 digna
2950 4072 3134 4116 essent
3170 4071 3263 4117 tuo
3291 4063 3583 4117 intellectu.
3628 4064 3701 4117 Et
3728 4081 3835 4120 non

2260 4144 2429 4199 solum
2457 4159 2770 4201 communes
2798 4147 3027 4203 virtutes
3065 4165 3185 4220 qua:
3213 4160 3338 4205 sunt
3365 4151 3416 4205 in
3442 4152 3713 4220 pluribus,
3744 4154 3837 4208 sed

2260 4236 2421 4288 etiam
2469 4235 2767 4306 singulares
2806 4252 2925 4306 qua:
2968 4247 3096 4293 sunt
3137 4241 3189 4294 in
3229 4241 3446 4309 paucis,
3484 4250 3539 4294 ut
3569 4242 3836 4310 virginem

2261 4334 2402 4386 esse,
2434 4332 2489 4376 et
2518 4325 2828 4394 temporalia
2859 4335 3183 4396 postponere
3207 4365 3221 4392 ,
3268 4328 3505 4397 solisque
3529 4330 3729 4385 divinis
3757 4331 3839 4384 in-

2260 4411 2523 4479 vigilare:
2554 4423 2609 4467 et
2655 4430 2815 4485 supra
2848 4418 3063 4483 omnia,
3104 4417 3471 4474 dimissionem
3504 4420 3839 4476 bzereditatis

2261 4514 2415 4565 mete,
2444 4517 2564 4571 quae
2617 4511 2699 4557 est
2726 4504 2777 4557 in
2822 4504 3120 4561 salvatione
3164 4504 3468 4571 hominum,
3495 4510 3547 4561 in
3581 4510 3837 4564 meiut-e-

2261 4591 2482 4660 stigasti,
2510 4592 2561 4644 id
2589 4601 2694 4657 est,
2730 4608 2798 4647 an
2830 4594 2896 4647 de
2946 4596 3030 4649 bis
3081 4596 3341 4652 sollicitus
3382 4612 3555 4651 essem
3590 4600 3838 4653 conside-

2262 4684 2413 4735 rasti.
2454 4681 2522 4735 Et
2548 4698 2721 4736 omnes
2748 4685 2859 4736 uias
2899 4701 3041 4738 meas
3067 4687 3371 4755 ρηευὶάίειὶ.
3411 4686 3600 4740 Adhuc
3639 4687 3839 4756 aliquis

2261 4772 2527 4826 intensius
2554 4772 2682 4827 dicit
2707 4775 2772 4827 ad
2806 4775 3327 4829 commendationem
3358 4777 3460 4831 sui.
3493 4776 3637 4843 Quid
3660 4778 3835 4832 dicam

2262 4863 2613 4933 singulariter
2636 4864 2993 4932 cogitationes
3036 4873 3091 4917 et
3123 4865 3377 4918 semitas?
3399 4864 3586 4918 Potius
3609 4880 3836 4934 genera.

2262 4951 2387 5006 liter
2412 4952 2609 5015 dicam,
2643 4967 2817 5006 omnes
2843 4953 2950 5007 vias
2976 4954 3283 5022 prwvidisti,
3314 4954 3365 5008 id
3390 4962 3502 5017 est,
3539 4955 3838 5023 praevidere

2264 5055 2351 5095 me
2399 5039 2569 5095 fecisti
2614 5050 2669 5095 et
2699 5041 2817 5097 ideo
2881 5044 3275 5098 rationabiliter
3320 5053 3374 5098 et
3418 5044 3558 5098 bene
3592 5046 3835 5114 disposui

2265 5129 2512 5183 incedere
2536 5144 2634 5197 per
2662 5129 2799 5184 illas.
2838 5130 2902 5184 Et
2932 5147 2999 5185 ne
3027 5132 3223 5202 aliquis
3261 5142 3580 5202 arroganter
3607 5134 3727 5188 haec
3754 5136 3837 5189 di-

2262 5226 2348 5271 cta
2373 5219 2639 5288 opinetur,
2665 5234 2768 5272 non
2801 5221 2941 5288 quod
2969 5222 3040 5274 sit
3065 5222 3118 5275 in
3158 5238 3214 5276 re
3234 5262 3247 5287 ,
3277 5223 3428 5276 dicit.
3472 5222 3594 5277 Ideo
3628 5225 3732 5277 ista
3761 5226 3836 5277 sic

2261 5305 2428 5361 libere
2455 5308 2764 5375 pronuntio,
2796 5311 2917 5377 quia
2948 5326 3051 5363 non
3082 5320 3156 5363 est
3182 5327 3349 5365 sermo
3396 5320 3603 5365 tantum
3656 5313 3711 5365 in
3744 5314 3835 5365 lin-

2264 5413 2365 5466 gua
2394 5413 2525 5461 mea,
2565 5398 2659 5453 sed
2692 5414 2761 5453 ex
2807 5400 3035 5453 veritate
3084 5401 3290 5469 loquor,
3341 5411 3395 5454 et
3430 5402 3497 5455 ad
3536 5402 3829 5456 utilitatem

2265 5493 2322 5539 et
2351 5486 2755 5540 instructionem
2805 5486 3130 5540 auditorum.
3192 5486 3349 5551 Ecce,
3392 5486 3639 5552 Domine,
3669 5497 3727 5541 tu
3752 5505 3836 5542 co-

2266 5576 2510 5645 gnovisti.
2539 5574 2660 5630 Dixi
2703 5576 2825 5644 quia
2875 5592 2976 5630 non
3005 5586 3078 5630 est
3108 5594 3274 5631 sermo
3303 5578 3356 5633 id
3394 5588 3479 5632 est
3518 5579 3754 5643 fallacia,
3784 5582 3836 5632 in

2266 5664 2448 5733 lingua
2476 5681 2611 5719 mea.
2650 5665 2717 5718 Et
2739 5678 2867 5720 ecce
2898 5665 2950 5719 in
2984 5666 3267 5722 manifesto
3287 5675 3368 5722 est
3398 5668 3518 5729 tibi,
3560 5668 3611 5722 id
3638 5676 3721 5723 est
3748 5683 3839 5721 co-

2268 5767 2384 5806 ram
2414 5761 2463 5807 te
2488 5753 2591 5808 hoc
2619 5752 2761 5821 quod
2792 5752 3000 5822 loquor,
3045 5754 3136 5824 qui
3184 5770 3290 5809 non
3314 5764 3469 5824 potes
3494 5755 3631 5821 falli,
3670 5765 3725 5810 et
3750 5756 3834 5809 cui
