4038 6476
184 446 187 449 ‘
203 440 347 513 sos

1355 458 1882 518 ENARRATIONES
1916 461 1984 518 ΙΝ
2018 462 2355 523 PSALMOS.

3376 468 3480 523 806

204 587 348 627 non
374 580 459 627 est
492 570 739 627 mentiri:
768 570 893 640 quia
942 578 1002 625 tu
1043 572 1322 642 cognovisti
1362 575 1557 639 omnia,
1593 575 1807 628 novissi—
1833 594 1883 651 Α
1911 582 2044 629 tero.
2079 576 2217 630 Etsi
2249 574 2489 631 localiter
2511 577 2853 646 adinfernnm
2874 579 3203 647 descendero,
3224 582 3382 638 ut'vel
3405 585 3479 642 ibi

202 676 347 725 ma,
382 660 436 715 id
470 668 553 715 est
584 659 871 730 praeterita,
899 669 1101 729 quanto
1130 662 1301 731 magis
1326 663 1650 730 praesentia?
1677 663 1804 716 Pro-

206 751 398 815 basti,
450 750 670 821 inquam
709 767 811 814 me,
854 760 903 804 et
942 751 1224 821 prtevidisti
1271 753 1381 805 vias
1428 769 1569 806 meas
1614 763 1671 806 et
1714 769 1809 823 per

207 840 381 893 hanc
404 840 776 909 probationem
823 848 877 895 et
924 842 1298 911 praevisionem
1347 842 1585 908 formasti
1624 861 1725 910 me,
1754 846 1811 900 id

188 941 343 995 est,
379 932 673 987 formosum
698 940 755 986 et
782 933 1081 1001 speciosum
1108 947 1193 987 me
1221 933 1426 999 fecisti;
1456 944 1505 989 et
1539 944 1660 1004 post
1694 952 1810 1006 spe-

210 1020 540 1075 ciositatem
582 1020 714 1074 mihi
756 1020 1004 1075 collatam
1047 1037 1167 1091 quae
1205 1031 1288 1076 est
1316 1022 1588 1092 profectus
1633 1024 1808 1092 perfe-

208 1107 455 1172 ctionis,
501 1109 718 1178 posuisti
745 1125 899 1179 super
936 1126 1018 1163 me
1061 1127 1295 1176 manum,
1328 1112 1379 1165 id
1404 1121 1487 1167 est
1514 1114 1807 1182 protectio-

208 1211 383 1261 nem,
426 1208 592 1265 tuam,
638 1200 742 1253 hoc
770 1207 885 1263 est,
923 1213 1271 1268 perseverare
1314 1217 1399 1256 me
1442 1201 1617 1257 fecisti
1661 1202 1714 1255 in
1741 1219 1806 1259 ea

208 1290 601 1359 speciositate,
629 1289 794 1354 idem,
821 1290 874 1344 in
900 1291 1170 1359 praedictis
1192 1293 1499 1347 virtutibus.
1542 1292 1804 1348 Mirabilis

209 1380 373 1441 facta
401 1388 475 1432 est
504 1379 720 1432 scientia
746 1390 858 1432 tua.
896 1379 1186 1451 ﬂuensque
1230 1382 1612 1452 perfectionem
1639 1381 1801 1451 justi-

214 1469 317 1521 tia:
363 1482 483 1537 qua:
533 1467 636 1522 fuit
678 1469 731 1523 in
774 1483 857 1536 eo,
911 1472 1344 1526 commendavit:
1377 1482 1433 1527 et
1476 1474 1601 1542 quia
1645 1474 1801 1542 plena

202 1557 515 1613 beatitudo
570 1558 807 1613 nondum
835 1570 983 1614 esset
1007 1561 1059 1614 in
1089 1576 1154 1616 eo
1182 1561 1285 1616 nisi
1316 1561 1609 1630 perfectam
1640 1562 1803 1617 habe-

212 1657 306 1702 ret
332 1649 650 1718 sapientiam
677 1688 692 1714 ,
736 1650 864 1705 dicit
903 1651 1066 1705 etiam
1113 1651 1410 1723 plenariam
1443 1652 1496 1707 in
1538 1669 1597 1708 se
1639 1654 1801 1707 fuisse

210 1740 567 1809 sapientiam,
590 1757 685 1811 per
716 1742 818 1795 hoc
851 1742 992 1810 quod
1040 1743 1205 1796 dicit:
1232 1740 1460 1797 Scientia
1486 1753 1600 1810 tua,
1637 1759 1798 1813 quam

212 1830 457 1898 inspiras
488 1832 753 1896 fidelibus,
794 1833 880 1887 vel
909 1848 1016 1902 qua
1050 1842 1102 1887 tu
1151 1833 1279 1889 sciri
1320 1835 1545 1903 poteris,
1576 1834 1798 1888 mirabi-

1914 661 2249 731 abscondar,
2299 681 2367 720 ne
2410 675 2465 719 tu
2496 682 2583 721 me
2623 667 2691 720 ibi
2734 669 2926 736 punias
2957 709 2971 733 ,
3019 672 3089 724 ibi
3114 674 3289 728 aderis
3322 686 3475 743 pote-

1912 761 2107 807 statem
2137 763 2279 808 tuam
2306 770 2587 811 exercens.
2637 756 2697 811 Si
2749 774 3016 827 sumpsero
3065 776 3260 829 pennas
3309 780 3472 820 meas.

1909 840 2021 895 Nec
2045 843 2097 896 in
2122 843 2224 898 hoc
2253 860 2467 913 possum
2495 845 2728 917 effugere
2754 852 3097 918 praesentiam
3125 860 3268 907 tuam
3291 894 3306 918 ,
3348 857 3472 923 quia

1907 932 1954 983 si
1971 947 2238 1000 sumpsero
2257 949 2449 1002 pennas
2479 952 2619 989 meas
2639 976 2653 999 ,
2684 938 2734 989 id
2765 945 2879 1002 est,
2905 939 3173 1008 agilitates
3193 942 3475 1009 virtutum,

1907 1018 2104 1088 quibus
2135 1020 2330 1089 aliquis
2360 1022 2534 1077 evolat
2580 1025 2633 1077 in
2665 1025 2856 1079 emtum
2883 1044 2896 1091 ;
2925 1042 3024 1096 ego
3060 1030 3179 1084 dico
3210 1070 3226 1095 ,
3268 1033 3476 1100 positus

1906 1110 1962 1161 in
2008 1109 2241 1163 diluculo
2272 1150 2287 1176 ,
2345 1112 2399 1165 id
2449 1122 2532 1167 est
2560 1153 2576 1179 ,
2629 1114 2681 1167 in
2730 1116 3060 1183 primordiali
3090 1118 3475 1179 illuminatione

1906 1200 2360 1265 conversationis,
2387 1200 2697 1256 desistendo
2746 1218 2864 1258 esse
2910 1207 3155 1263 animalis
3182 1249 3197 1273 ,
3247 1221 3293 1263 et
3325 1213 3474 1265 habi-

1906 1293 2082 1339 tavero
2136 1289 2191 1339 in
2244 1290 2485 1342 extremis
2540 1293 2702 1345 maris
2731 1331 2745 1355 ,
2780 1293 2980 1356 idest,
3037 1312 3185 1365 spem
3240 1314 3307 1353 ex
3360 1308 3471 1356 toto

1905 1387 2100 1441 ponam
2130 1375 2182 1428 in
2213 1386 2458 1432 extremo
2483 1381 2651 1433 maris
2681 1418 2696 1444 ,
2748 1382 2952 1435 scilicet
2979 1386 3030 1436 in
3061 1396 3220 1453 portu
3248 1398 3303 1442 et
3330 1398 3472 1445 tran-

1905 1463 2172 1531 quillitate
2217 1464 2414 1521 futura:
2464 1469 2588 1522 vitae
2615 1508 2629 1533 ,
2694 1486 2812 1539 qute
2852 1482 2937 1526 est
2980 1478 3293 1532 extremitas
3312 1478 3472 1547 hujus

1906 1553 2160 1605 mundani
2210 1555 2376 1610 maris
2424 1560 2730 1624 aestuantis,
2761 1572 2816 1613 tu
2852 1561 2959 1615 illic
2984 1579 3056 1617 es.
3092 1565 3226 1619 Nam
3282 1583 3469 1623 manus

1902 1652 1993 1693 tua
2042 1641 2168 1694 illuc
2212 1644 2425 1707 deducet
2454 1662 2557 1712 me,
2600 1648 2652 1702 id
2679 1660 2761 1703 est
2795 1692 2811 1715 ,
2860 1653 3102 1719 Operatio
3152 1654 3226 1707 tui
3282 1657 3468 1710 auxilii

1902 1731 1967 1784 ad
2006 1731 2108 1786 hoc
2152 1748 2238 1786 me
2278 1735 2547 1801 deducet,
2616 1746 2674 1790 ut
2723 1739 2955 1794 diluculo
2982 1756 3186 1810 pennas
3220 1759 3465 1811 sumam,

1901 1830 1957 1872 et
2004 1820 2145 1876 hanc
2202 1836 2351 1892 spem
2393 1825 2619 1879 habeam
2650 1866 2664 1891 ,
2715 1838 2769 1881 et
2795 1843 2898 1881 non
2926 1830 3095 1883 solum
3125 1833 3352 1887 deducet
3380 1849 3466 1888 me

206 1920 304 1984 lis,
337 1922 390 1975 id
418 1932 522 1987 est,
570 1922 729 1991 digna
759 1924 1115 1977 admiratione
1155 1931 1211 1977 et
1246 1923 1616 1979 desiderabilis
1656 1924 1785 1992 facta

1903 1910 1970 1964 ad
2016 1913 2118 1966 hoc
2166 1914 2411 1982 operatio
2458 1924 2577 1981 tua,
2614 1918 2709 1971 sed
2740 1919 2900 1972 etiam
2938 1922 3121 1975 tenebit
3152 1938 3233 1975 me
3254 1924 3464 1978 dextera

206 2022 291 2065 est
324 2012 467 2077 aliis,
500 2029 563 2066 ea:
588 2030 667 2067 me
690 2054 704 2078 ,
758 2029 875 2082 qua:
902 2030 997 2082 per
1025 2014 1257 2082 primum
1304 2024 1585 2084 parentem
1614 2028 1733 2069 eam
1762 2028 1791 2067 a

208 2117 271 2156 se
298 2101 631 2169 rejicientem
658 2104 811 2172 quasi
842 2104 1022 2167 vilem,
1051 2106 1192 2158 facta
1222 2113 1305 2159 est
1331 2104 1748 2174 contemptibilis
1775 2121 1789 2158 :

211 2192 345 2260 quia
376 2195 501 2246 dum
534 2210 634 2263 ego
662 2194 715 2247 in
741 2210 801 2247 ea
825 2210 1256 2264 perseverassem
1279 2204 1333 2250 et
1355 2195 1595 2265 plenarie
1620 2196 1791 2264 ipsam

198 2283 539 2352 sapientiam
587 2284 910 2350 docuissem,
970 2302 1090 2355 qua:
1133 2286 1284 2355 prius
1328 2286 1483 2354 quasi
1538 2300 1628 2340 res
1669 2283 1792 2339 vilis

217 2374 615 2440 :cstimahatur,
643 2376 906 2430 mirabilis
928 2384 982 2429 et
1005 2377 1258 2445 pretiosa,
1290 2376 1555 2445 nimisque
1584 2376 1793 2431 deside-

200 2464 405 2518 rabilis
435 2465 505 2518 ab
529 2466 837 2521 hominibus
868 2468 1235 2536 reputabatur.
1284 2467 1413 2534 Qua:
1441 2467 1665 2523 scientia
1693 2483 1790 2537 per

196 2555 343 2609 Adae
398 2556 816 2612 inobedientiam
862 2558 1141 2613 debilitata
1172 2560 1224 2613 in
1258 2559 1596 2624 hominibus,
1630 2560 1705 2613 ita
1730 2568 1789 2613 ut

206 2660 438 2713 parvam
465 2645 559 2701 Dei
590 2649 949 2716 cognitionem
976 2650 1239 2704 haberent
1256 2689 1271 2713 ,
1301 2664 1397 2718 per
1422 2650 1785 2704 obedientiam

205 2749 389 2788 meam
416 2736 734 2805 confortata,
753 2736 802 2790 id
833 2745 915 2791 est
940 2738 1313 2802 corroborata,
1339 2747 1411 2789 est
1439 2737 1492 2790 in
1526 2737 1787 2791 membris

204 2824 385 2876 meis:
421 2834 477 2878 et
505 2826 674 2895 magis
698 2827 971 2896 magisque
1000 2826 1143 2881 facta
1165 2836 1248 2881 est
1287 2827 1554 2880 roborata.
1587 2823 1654 2877 Et
1683 2842 1788 2879 non
1846 2888 1851 2891 _

198 2923 390 2982 potero
427 2915 497 2967 ad
542 2932 655 2970 eam
689 2917 1043 2986 repellendam
1092 2931 1122 2969 a
1165 2931 1272 2979 me,
1300 2918 1511 2970 etiamsi
1545 2915 1786 2979 voluero,
1842 2964 1847 2968 .

208 3007 265 3059 id
297 3017 405 3071 est,
429 3024 536 3062 non
565 3009 780 3064 invenio
810 3024 966 3079 posse
994 3026 1057 3064 ex
1104 3009 1276 3064 libero
1301 3006 1547 3072 arbitrio,
1582 3015 1640 3060 ut
1663 3000 1783 3062 eam

202 3114 351 3152 ame
378 3100 675 3168 repellam:
719 3117 819 3156 nec
859 3103 1053 3157 abutar
1098 3102 1305 3156 viribus
1353 3100 1507 3155 liberi
1550 3098 1781 3161 arbitrii,

198 3197 466 3257 reputans
494 3204 580 3244 me
620 3200 893 3259 potentem
938 3191 1004 3244 ad
1049 3190 1414 3260 repellendam
1460 3204 1601 3253 eam,
1642 3188 1783 3254 sicut

1898 2007 1987 2051 tua
2014 2039 2028 2065 ,
2072 2000 2125 2055 id
2170 2009 2254 2055 est
2297 2004 2665 2060 misericordia
2696 2015 2784 2061 tua
2812 2008 2972 2062 faciet
3001 2023 3085 2063 me
3112 2010 3180 2064 ibi
3214 2026 3469 2081 perseve-

1896 2103 2041 2144 rare.
2069 2090 2182 2146 Hac
2211 2102 2390 2148 autem
2418 2097 2702 2152 occasione
2727 2099 2780 2152 in
2810 2099 2895 2153 his
2921 2101 3099 2155 verbis
3131 2103 3198 2156 ab
3225 2118 3290 2157 eo
3318 2105 3457 2169 loco,

1892 2193 1994 2247 quo
2016 2180 2096 2231 ibo
2126 2197 2155 2232 a
2179 2181 2365 2250 spiritu
2392 2192 2480 2237 tuo
2507 2225 2523 2250 ,
2550 2185 2761 2240 videtur
2783 2187 3011 2242 aliorum
3038 2205 3298 2259 personas
3324 2193 3375 2246 in
3402 2208 3461 2247 se

1895 2271 2237 2328 transtulisse
2261 2314 2276 2338 ,
2309 2283 2364 2327 ut
2388 2276 2683 2344 perfectum
2705 2280 2979 2348 exemplar
2990 2279 3217 2348 justitia:
3238 2323 3251 2345 ,
3286 2284 3459 2337 Scien-

1896 2361 1980 2415 tia:
2007 2370 2062 2415 et
2097 2363 2418 2419 humilitatis
2449 2381 2508 2420 se
2528 2366 2633 2421 illis
2664 2371 2917 2423 ostendat
2956 2388 2966 2422 :
3005 2380 3063 2423 ut
3100 2385 3221 2425 cum
3252 2371 3340 2426 ille
3369 2375 3459 2440 qui

1892 2462 2051 2507 natus
2072 2462 2193 2509 erat
2215 2456 2377 2509 alium
2406 2455 2819 2513 illuminatorem
2848 2458 3195 2515 formatorem
3220 2461 3461 2516 invenire

1889 2546 1975 2601 vel
2003 2561 2192 2617 poenas
2228 2586 2245 2614 ,
2299 2549 2342 2602 si
2373 2565 2402 2602 a
2428 2549 2540 2603 Deo
2570 2552 2892 2617 recesserit,
2944 2551 3182 2623 effugere
3210 2568 3315 2608 non
3332 2566 3457 2622 pos-

1889 2636 1962 2690 sit
1992 2676 2008 2701 ,
2077 2637 2246 2690 multo
2295 2639 2474 2692 minus
2517 2640 2605 2694 alii
2659 2657 2717 2695 se
2753 2643 2854 2696 hoc
2908 2643 3089 2697 facere
3127 2659 3286 2713 posse
3340 2658 3459 2700 cre-

1890 2724 2037 2779 dant.
2079 2726 2146 2779 Et
2184 2728 2317 2792 dixi,
2354 2728 2581 2797 forsitan
2641 2731 2884 2784 tenebrw.
2920 2732 3000 2785 Ad
3048 2733 3454 2790 instructionem

1889 2815 2256 2869 membrorum
2280 2832 2501 2871 suorum
2528 2818 2765 2887 loquitur
2781 2860 2794 2881 ,
2824 2836 2891 2875 ne
2913 2821 3171 2890 effugiant
3192 2862 3207 2886 ,
3227 2825 3272 2878 si
3293 2840 3459 2893 quan-

1890 2903 1957 2956 do
1980 2904 2261 2972 patiuntur
2281 2909 2711 2975 persecutionem
2728 2951 2741 2971 .
2777 2909 2903 2966 licet
2929 2927 3013 2967 me
3030 2921 3105 2967 na
3135 2912 3453 2982 formosum,

1889 3000 1943 3046 et
1976 2991 2231 3048 scientem
2275 2995 2503 3051 fecisses
2526 3037 2541 3062 ,
2575 3007 2754 3052 tamen
2786 3001 2918 3066 dixi,
2975 3003 3026 3057 id
3062 3012 3162 3067 est,
3216 3005 3455 3059 intellexi

1887 3094 1942 3139 et
1966 3086 2075 3141 vidi
2119 3090 2263 3156 quod
2310 3090 2429 3145 ideo
2456 3131 2474 3159 ,
2505 3093 2627 3161 quia
2660 3109 2744 3147 me
2778 3095 2850 3149 ita
2884 3097 3170 3164 decorasti,
3199 3099 3454 3163 tenebraz,

1886 3176 1938 3230 id
1973 3183 2056 3231 est
2087 3217 2103 3241 ,
2155 3176 2323 3234 Judaei
2353 3220 2370 3247 ,
2422 3183 2512 3251 qui
2566 3195 2692 3239 sunt
2741 3187 3009 3242 tenebrosi
3043 3227 3057 3253 ,
3087 3198 3138 3243 et
3165 3190 3456 3244 secundum

198 3246 378 3329 Adam
413 3276 468 3329 in
498 3291 563 3331 eo
592 3246 865 3345 potentem
895 3292 953 3331 se
982 3246 1127 3331 fecit.
1158 3292 1256 3347 per
1286 3277 1389 3331 hoc
1418 3278 1643 3331 credens
1668 3276 1780 3329 dei-
1810 3246 1854 3307 (ἶ
1887 3270 2257 3326 inﬁdelitatem
2296 3283 2351 3328 et
2381 3285 2601 3344 peccata
2636 3278 2989 3335 adversantes
3036 3282 3141 3336 luci
3177 3322 3193 3347 ,
3241 3282 3454 3337 concul-

202 3367 380 3420 ficari.
422 3366 631 3421 Aliter:
664 3368 731 3422 Et
772 3383 1079 3438 quanquam
1128 3368 1243 3422 haec
1292 3367 1519 3422 scientia
1566 3382 1661 3436 per
1692 3380 1780 3420 ne

200 3459 327 3513 aliis
362 3458 434 3512 sit
463 3458 602 3513 facta
629 3460 890 3514 mirabilis
911 3498 927 3525 ,
946 3468 1139 3529 tamen
1171 3475 1274 3513 non
1326 3469 1505 3529 potero
1535 3459 1603 3513 ad
1640 3475 1779 3523 eam,

198 3550 259 3602 id
283 3558 389 3613 est,
416 3557 604 3617 reputo
633 3564 722 3602 me
746 3565 850 3603 non
880 3547 1233 3602 sufﬁcientem
1265 3546 1332 3600 ad
1376 3562 1495 3601 eam
1535 3547 1782 3601 obtinen-

201 3640 328 3692 dam
356 3652 453 3707 per
474 3636 565 3691 me
603 3639 897 3692 secundum
944 3638 1315 3693 infirmitatem
1346 3636 1592 3690 humana:
1621 3644 1783 3690 natu-

205 3744 300 3791 ηε,
327 3727 430 3781 nisi
466 3735 516 3803 te
562 3728 918 3782 custodiente.
956 3727 1015 3782 1n
1052 3729 1154 3782 hoc
1202 3728 1493 3780 maximam
1521 3726 1778 3781 membris

192 3817 500 3886 praescribit
529 3817 906 3883 humilitatem,
934 3833 1002 3872 ne
1030 3824 1359 3872 evanescant
1408 3815 1461 3868 in
1492 3815 1776 3885 cogitatio-

203 3908 367 3962 nibus
398 3908 531 3973 suis,
560 3908 603 3962 si
638 3907 869 3978 promoti
896 3906 1093 3962 l’uerint
1114 3908 1182 3962 ad
1203 3906 1439 3977 aliquam
1468 3906 1775 3970 scientiam,

196 4013 326 4053 cum
356 3997 447 4051 ille
495 4000 548 4051 in
597 4014 698 4068 quo
745 4008 863 4051 sunt
912 4014 1088 4051 omnes
1127 3997 1357 4051 thesauri
1412 3996 1682 4065 sapientia:
1731 4003 1776 4048 et

194 4089 434 4141 scientiis
484 4088 734 4141 reconditi
783 4085 917 4157 (Col.
948 4087 1029 4158 ιι),
1072 4085 1307 4141 fateatur
1337 4100 1397 4141 se
1426 4086 1774 4156 impotentem

196 4182 264 4234 ad
292 4180 639 4237 obtinendam
665 4196 805 4235 eam.
847 4178 963 4246 Quo
989 4180 1071 4233 ibo
1118 4197 1150 4234 a
1178 4180 1365 4249 spiritu
1394 4178 1524 4232 tuo?
1561 4177 1627 4231 Et
1651 4192 1774 4232 cum

198 4285 253 4327 tu
282 4288 370 4329 me
416 4274 492 4328 ita
537 4273 827 4329 formasses
869 4275 1170 4343 speciosum
1218 4275 1270 4329 in
1307 4273 1619 4328 innocentia
1654 4288 1773 4327 mo-

195 4377 340 4431 rum,
367 4375 424 4420 et
451 4381 572 4421 cum
602 4366 675 4421 ita
706 4381 792 4421 me
821 4366 1180 4421 illmninasses
1213 4363 1545 4434 perfectione
1585 4365 1771 4435 cegni-

195 4455 364 4509 tionis
398 4462 452 4509 et
482 4454 741 4517 scientiae,
770 4454 814 4508 si
842 4455 1000 4508 modo
1028 4468 1057 4506 a
1085 4462 1133 4507 te
1162 4468 1439 4508 recessero
1458 4494 1472 4519 ,
1504 4468 1606 4523 quo
1633 4453 1714 4505 ibo
1740 4469 1770 4505 a

196 4546 385 4614 spiritu
412 4554 522 4607 tuo,
554 4544 607 4598 id
628 4555 731 4609 est,
748 4545 813 4597 ad
831 4560 988 4614 quem
1004 4544 1166 4598 alium
1193 4560 1277 4599 me
1298 4544 1545 4598 conferre
1560 4552 1768 4614 potero,

196 4633 337 4686 unde
369 4632 501 4686 mihi
529 4632 684 4686 detur
711 4632 829 4687 talis
876 4632 1148 4695 formatio,
1193 4632 1421 4699 talisque
1454 4616 1720 4702 sapientia
1746 4633 1768 4686 ?

196 4722 267 4775 Et
293 4736 395 4791 quo
425 4738 459 4774 a
486 4722 620 4791 facie
642 4731 731 4775 tua
761 4722 998 4792 fugiam?
1048 4722 1102 4774 ln
1145 4737 1252 4792 quo
1292 4722 1408 4777 loco
1432 4722 1645 4776 latitare
1673 4738 1767 4791 po-

194 4820 335 4873 tero,
362 4819 423 4865 ut
448 4810 698 4881 effugiam
743 4825 933 4880 poenas
955 4826 1054 4880 pro
1084 4812 1389 4866 recessione
1434 4811 1565 4866 mihi
1614 4813 1766 4867 debi-

196 4911 303 4966 tas,
332 4901 379 4955 si
425 4916 455 4954 a
496 4910 547 4956 te
589 4903 839 4957 recedere
879 4902 1138 4958 voluero?
1184 4902 1460 4972 Nusquam
1498 4902 1764 4958 inveniam

196 4991 359 5045 talem
389 4990 809 5047 illuminatorem
835 5028 851 5057 ,
900 5006 999 5047 nec
1040 4993 1315 5063 sapientiae
1355 4994 1615 5048 datorem.
1659 4992 1765 5048 Sed

196 5095 374 5149 neque
399 5096 590 5137 manus
629 5090 746 5136 tuas
788 5080 1020 5150 effugere
1056 5093 1282 5152 potero:
1314 5083 1440 5151 quia
1490 5097 1661 5152 neque
1709 5083 1761 5137 in

197 5170 361 5234 ctelo,
388 5184 562 5237 neque
587 5170 640 5224 in
668 5169 906 5233 inferno,
940 5184 1115 5239 neque
1142 5170 1194 5224 in
1223 5171 1397 5226 medio
1428 5170 1647 5225 latebra:
1688 5169 1765 5225 lo—

196 5274 320 5313 cum
351 5259 584 5313 invenio.
622 5260 689 5312 Et
732 5260 832 5313 hoc
872 5268 954 5313 est
994 5261 1135 5328 quod
1166 5260 1447 5327 sequitur:
1474 5259 1533 5315 Si
1576 5276 1761 5314 ascen-

196 5347 322 5400 dere
349 5346 403 5397 in
428 5345 631 5399 cauum.
689 5345 745 5400 Si
776 5346 891 5401 fieri
924 5356 1102 5415 posset
1134 5354 1190 5400 ut
1233 5348 1437 5416 absque
1474 5355 1525 5402 te
1552 5363 1761 5417 possem

198 5435 252 5488 in
278 5433 472 5489 calum
516 5436 825 5500 ascendere,
872 5446 929 5488 ut
964 5436 1049 5490 vel
1093 5451 1124 5490 a
1161 5436 1472 5492 coelestibus
1499 5438 1765 5492 creaturis

198 5525 387 5579 vellem
413 5525 531 5579 sine
559 5534 611 5580 te
632 5526 949 5591 illuminari,
992 5526 1074 5581 vel
1104 5534 1161 5579 ut
1202 5527 1273 5580 ibi
1325 5542 1536 5597 possem
1574 5542 1605 5579 a
1629 5526 1766 5581 facie

199 5624 287 5669 tua
311 5615 590 5680 abscondi,
619 5625 676 5669 tu
710 5616 819 5671 illic
855 5633 908 5671 es
927 5657 942 5681 ,
983 5616 1289 5671 illuminans
1307 5633 1468 5687 super
1495 5618 1762 5672 ctelestes.

199 5702 311 5756 Hoc
338 5704 483 5758 enim
509 5705 654 5773 quod
682 5706 781 5775 ipsi
820 5705 1037 5760 luminis
1076 5707 1276 5761 habent
1320 5716 1372 5760 tu
1405 5720 1484 5761 es.
1526 5705 1592 5760 Et
1646 5707 1766 5760 ideo

200 5792 297 5845 sia
323 5801 374 5845 te
406 5793 570 5857 ivero,
603 5808 703 5850 nec
730 5795 1037 5861 illuminari,
1065 5812 1163 5850 nec
1188 5798 1441 5851 abscondi
1474 5798 1540 5851 ab
1568 5797 1646 5850 eis
1672 5810 1763 5865 pec

1799 4598 1848 4655 D

1883 3360 2073 3414 cabunt
2103 3377 2184 3415 me
2210 3401 2226 3427 ,
2279 3363 2333 3417 id
2361 3374 2446 3419 est
2478 3404 2494 3430 ,
2538 3365 2744 3421 dabunt
2765 3382 2850 3421 me
2890 3370 2942 3423 in
2972 3381 3199 3426 mortem
3230 3390 3242 3424 :
3268 3384 3323 3425 et
3352 3372 3453 3427 hoc

1882 3448 2106 3518 forsitan
2134 3489 2149 3515 ,
2177 3451 2229 3503 id
2254 3459 2339 3505 est
2366 3486 2382 3516 ,
2410 3462 2559 3506 metu
2597 3455 2885 3510 temerario
2913 3496 2927 3521 ,
2962 3456 3101 3510 nulla
3140 3459 3450 3528 provisione

1881 3542 2131 3596 rationis.
2170 3542 2324 3609 Quod
2368 3559 2471 3597 non
2498 3543 2590 3600 fiet
2619 3545 2884 3601 inutiliter
2908 3586 2925 3612 ,
2970 3549 3093 3617 quia
3122 3563 3217 3618 per
3241 3550 3343 3604 hoc
3370 3550 3454 3620 ip-

1880 3648 2001 3687 sum
2032 3635 2174 3702 quod
2206 3650 2290 3689 me
2314 3635 2369 3688 in
2401 3646 2629 3690 mortem
2652 3638 2858 3692 dabunt
2892 3679 2907 3705 ,
2946 3656 3052 3695 non
3080 3650 3286 3695 tantum
3316 3641 3443 3708 alii,

1878 3723 1972 3777 sed
2000 3725 2163 3778 etiam
2188 3740 2292 3777 nox
2318 3764 2333 3790 ,
2363 3724 2413 3778 id
2425 3734 2526 3801 )est
2546 3766 2561 3790 ,
2599 3726 2701 3797 ipsi
2730 3726 2901 3783 Judaei
2927 3731 3016 3799 qui
3044 3740 3169 3785 sunt
3195 3733 3446 3797 tenebras,

1878 3823 2039 3867 erunt
2082 3813 2399 3868 illuminatio
2452 3831 2566 3869 mea
2595 3855 2610 3880 ,
2667 3816 2720 3871 id
2769 3826 2895 3883 est,
2943 3818 3230 3874 illuminati
3262 3836 3290 3873 a
3326 3837 3447 3886 me,

1877 3901 2172 3956 existentes
2231 3902 2287 3955 in
2334 3900 2533 3956 deliciis
2587 3904 2755 3968 meis,
2810 3904 2863 3959 id
2909 3915 3033 3971 est,
3083 3906 3224 3960 inter
3252 3907 3370 3962 illos
3394 3909 3451 3963 in

1877 3992 2071 4062 quibus
2099 4006 2200 4063 ego
2228 3991 2483 4048 delector.
2521 3991 2578 4046 ln
2624 3992 2852 4049 Hebrzeo
2879 3995 3127 4060 habetur,
3170 3993 3287 4049 Nox
3312 4011 3448 4065 quo-

1878 4099 1984 4155 que
2038 4084 2130 4139 lux
2194 4084 2296 4138 erit
2342 4098 2525 4139 coram
2574 4100 2679 4139 me.
2744 4084 2881 4151 Quia
2937 4087 3158 4142 tenebra:
3196 4103 3299 4141 non
3360 4088 3449 4141 oh-

1875 4175 2246 4230 scurabuntur.
2292 4173 2432 4230 Vere
2490 4174 2807 4229 illuminatio
2864 4192 2977 4229 mea
3014 4187 3196 4242 erunt,
3228 4176 3282 4231 id
3338 4185 3443 4241 est,

1875 4282 1906 4321 a
1929 4281 2015 4320 me
2044 4266 2493 4320 illuminabuntur
2518 4306 2533 4329 ,
2578 4266 2706 4335 quia
2735 4266 2959 4321 tenebraz
2987 4307 3001 4330 ,
3034 4269 3088 4324 id
3123 4277 3206 4322 est
3234 4266 3402 4321 Judzei
3430 4306 3448 4331 ,

1874 4374 1979 4411 non
2007 4356 2423 4411 obscurabuntur
2446 4374 2477 4408 a
2507 4366 2556 4410 te
2580 4396 2597 4421 ,
2648 4356 2704 4410 id
2730 4366 2814 4411 est
2838 4396 2854 4422 ,
2885 4365 2940 4411 tu
2973 4356 3302 4411 illuminabis
3328 4371 3444 4411 eos.

1872 4446 1941 4502 Et
1978 4447 2104 4516 quia
2157 4456 2210 4500 tu
2265 4461 2360 4501 eos
2414 4446 2744 4501 illuminabis
2774 4486 2789 4512 ,
2836 4461 2936 4516 ego
2967 4446 3315 4512 illuminabo,
3352 4446 3445 4516 qui

1874 4538 2002 4593 olim
2030 4544 2190 4591 erant
2229 4538 2482 4600 tenebraz,
2518 4536 2568 4590 id
2618 4544 2722 4601 est,
2748 4534 3111 4605 justojudicio
3160 4545 3250 4589 tuo
3274 4550 3447 4591 exote-

1872 4626 2001 4679 cati.
2037 4628 2116 4681 Ac
2143 4628 2187 4681 si
2230 4627 2377 4682 dicat
2414 4646 2429 4682 :
2460 4627 2577 4682 Mea
2625 4635 2710 4681 est
2754 4626 3076 4681 illuminatio
3100 4667 3114 4691 ,
3150 4627 3277 4695 quia
3308 4636 3439 4693 tua;

1872 4719 2126 4785 quoniam
2154 4733 2255 4787 ego
2285 4730 2340 4773 et
2362 4728 2414 4772 tu
2444 4734 2606 4773 unum
2628 4732 2811 4772 sumus
2841 4717 3039 4789 (Joan.
3071 4716 3157 4782 ι),
3187 4718 3445 4773 subaudis

1872 4806 1926 4859 in
1950 4807 2272 4862 substantia.
2299 4807 2455 4863 Modo
2479 4806 2720 4862 ostendit
2744 4817 2946 4876 quanta
2981 4807 3087 4861 erit
3121 4806 3443 4862 illuminatio

1870 4914 2057 4954 eorum
2086 4938 2103 4964 ,
2135 4901 2209 4953 ita
2240 4919 2252 4951 :
2286 4900 2352 4953 Et
2386 4916 2489 4953 noa‘
2509 4901 2643 4953 sicut
2669 4900 2780 4953 dies
2802 4899 3224 4962 illuminabitur,
3257 4899 3309 4952 id
3335 4909 3438 4963 est,

1869 4991 2019 5060 prius
2046 4992 2342 5048 existentes
2366 4993 2598 5047 tenebrae
2623 5031 2639 5056 ,
2668 4978 3114 5046 illuminabuntur
3135 4990 3204 5044 ad
3227 4990 3442 5044 modum

1869 5080 2234 5149 apostolorum
2289 5080 2369 5135 vel
2433 5080 2489 5134 in
2541 5080 2951 5134 similitudinem
2975 5078 3240 5134 claritatis
3285 5077 3437 5132 diei:

1866 5172 2001 5223 sicut
2034 5171 2258 5225 tenebra:
2286 5171 2399 5241 ejus
2431 5209 2447 5236 ,
2479 5171 2533 5225 id
2555 5179 2640 5225 est
2666 5170 2840 5225 noctis
2869 5209 2885 5235 ,
2925 5171 2997 5221 ita
3026 5178 3074 5223 et
3094 5167 3267 5222 lumen
3292 5169 3430 5237 ejus,

1868 5261 1971 5316 hoc
2001 5270 2083 5316 est
2110 5303 2125 5327 ,
2157 5262 2384 5316 multum
2433 5271 2749 5332 peccatores
2774 5276 2831 5315 se
2856 5274 2977 5314 esse
3009 5272 3395 5327 recognoscent
3421 5275 3436 5315 ;

1869 5360 1924 5406 et
1946 5352 2000 5405 in
2032 5360 2292 5420 quantum
2319 5366 2378 5407 se
2404 5352 2642 5421 peccatis
2690 5358 2987 5405 excaecatus
3014 5358 3402 5418 recognoscent
3421 5388 3436 5411 ,

1870 5441 1924 5495 in
1952 5449 2160 5495 tantum
2190 5441 2657 5496 illuminabuntur.
2692 5439 2829 5505 Quia
2863 5449 2918 5492 tu
2947 5438 3240 5507 possedisti.
3271 5436 3437 5504 Quasi

1870 5533 2067 5603 aliquis
2092 5534 2333 5588 diceret:
2362 5532 2541 5598 Quare
2562 5547 2658 5601 per
2684 5538 2910 5584 mortem
2941 5537 3085 5583 tuam
3117 5526 3296 5598 potius
3322 5527 3441 5582 illu-

1873 5623 2096 5677 minatio
2147 5624 2321 5677 noctis
2373 5622 2465 5676 fiet
2495 5659 2515 5687 ,
2557 5635 2716 5689 quam
2765 5632 2860 5686 per
2903 5625 3130 5675 mortem
3169 5616 3438 5672 alterius?

1869 5713 1951 5767 Ad
2008 5713 2110 5768 hoc
2155 5712 2494 5780 respondet:
2537 5710 2673 5775 Quia
2737 5709 2976 5777 princeps
3038 5708 3193 5777 hujus
3255 5708 3439 5762 mundi

1872 5804 1925 5857 in
1983 5818 2061 5855 me
2110 5820 2208 5855 non
2262 5801 2409 5855 habet
2469 5799 2752 5869 quidquam
2791 5797 2980 5867 (Joan.
3013 5798 3125 5870 xw)
3151 5838 3164 5865 ,
3202 5798 3344 5869 quod
3384 5802 3437 5852 in
