4038 6420
620 401 722 459 807

1229 389 1486 452 BEMIGII
1517 383 2174 446 ANTISSIODORENSIS
2209 383 2358 440 OPP.
2389 381 2566 438 PARS
2603 381 2646 437 l.
2685 409 2754 420 —-
2791 379 3198 437 EXEGETICA.

3759 377 3872 434 808

619 513 741 569 aliis
762 525 870 566 non
895 508 1021 566 erit.
1045 507 1112 563 Et
1133 508 1238 564 hoc
1257 514 1342 562 est
1361 506 1503 574 quod
1540 503 1712 558 dicit:
1763 502 1887 571 quia
1907 510 1962 554 tu
2013 514 2188 568 posse-
2215 510 2267 568 Α
2290 498 2561 568 perfectus
2607 495 2777 562 fuisti,
2830 511 3000 567 quare
3031 509 3161 565 ergo
3205 500 3432 550 mortem
3472 491 3665 548 subisti
3687 490 3713 543 2
3761 489 3874 546 Re-

621 603 746 656 disti
798 616 945 654 renes
995 614 1134 652 meos
1166 636 1180 662 ,
1233 596 1284 649 id
1330 605 1412 649 est
1440 632 1456 657 ,
1519 603 1572 645 tu
1620 604 1898 661 possessor
1927 596 1982 643 et
2005 587 2187 656 cogni-

625 700 711 746 tor
765 687 1173 744 fuistiomnium
1242 682 1584 738 aﬂ‘ectionum
1651 688 1707 734 et
1771 677 2187 733 delectationum

624 792 868 834 mearum
927 794 942 830 :
1007 784 1063 830 et
1083 774 1243 828 video
1301 769 1532 826 actualia
1590 774 1812 838 peccata
1869 781 1977 820 non
2041 777 2193 818 eom-

624 868 791 934 misi,
840 864 1108 934 suscepisti
1151 877 1231 915 me
1286 860 1350 913 de
1392 868 1538 912 utero
1590 855 1776 909 matris
1832 869 1979 917 mete,
2009 852 2061 906 id
2085 857 2190 914 est,

622 964 911 1024 patronum
937 961 992 1007 et
1013 950 1352 1006 defensorem
1403 954 1455 1000 te
1503 944 1664 999 habui
1720 957 1785 997 ex
1839 957 1904 996 eo
1954 949 2193 1007 tempore

623 1059 730 1114 quo
759 1043 832 1096 fui
861 1043 915 1095 in
945 1049 1099 1095 utero
1124 1039 1312 1093 matris
1341 1051 1492 1090 meae.
1534 1034 1602 1087 Et
1643 1033 1761 1087 ideo
1789 1029 2048 1100 originale
2072 1043 2195 1097 pec-

623 1144 804 1188 catum
834 1147 940 1185 non
968 1129 1068 1182 fuit
1104 1128 1158 1180 in
1192 1141 1300 1191 me,
1326 1139 1447 1177 cum
1493 1135 1679 1175 omnes
1723 1119 1814 1172 alii
1855 1133 1884 1170 a
1933 1128 1985 1171 te
2028 1116 2196 1170 susci-

623 1222 840 1292 piantur
867 1219 920 1271 in
950 1216 1271 1286 baptismate
1314 1212 1367 1265 in
1412 1209 1727 1265 remissione
1769 1203 2043 1275 originalis
2067 1217 2193 1272 pec-

624 1290 750 1362 cati.
782 1304 1079 1373 Couﬁtebor
1107 1301 1220 1365 tibi,
1243 1309 1297 1353 et
1323 1299 1447 1367 quia
1479 1295 1733 1350 immunis
1761 1307 1878 1347 sum
1907 1293 1974 1345 ab
2000 1290 2195 1344 actuali

624 1408 679 1452 et
704 1394 949 1465 originali
978 1399 1220 1462 peccato,
1242 1389 1333 1442 tibi
1364 1386 1666 1455 conﬁtebor,
1694 1383 1746 1438 id
1776 1393 1880 1446 est,
1899 1382 1995 1435 tibi
2025 1381 2195 1435 ascrl-

625 1486 748 1540 bam
777 1493 831 1538 et
867 1492 917 1536 te
952 1479 1201 1534 laudabo.
1233 1477 1300 1531 Et
1337 1477 1440 1531 hoc
1469 1474 1631 1528 etiam
1661 1471 1754 1525 tibi
1791 1469 2026 1534 ascribo,
2056 1468 2197 1537 quod

627 1574 891 1644 gloriosus
934 1569 1108 1624 factus
1137 1582 1194 1621 es
1239 1580 1334 1634 per
1361 1579 1465 1627 me,
1507 1562 1634 1632 quia
1666 1573 1879 1627 semper
1907 1555 2198 1627 gloriﬁcavi

630 1671 683 1716 te
718 1663 770 1715 in
819 1660 1070 1730 operibus
1101 1657 1234 1711 meis
1277 1652 1591 1716 terribiliter,
1627 1650 1680 1705 id
1713 1647 1815 1712 est,
1850 1648 1924 1700 ita
1971 1644 2200 1699 viriliter

630 1751 874 1805 militiam
921 1756 1065 1801 tuam
1103 1744 1307 1816 peregi,
1338 1752 1396 1796 ut
1426 1742 1595 1795 instar
1621 1737 1748 1794 boni
1779 1735 1963 1790 militis
1991 1733 2200 1788 caeteris

631 1836 973 1907 fugientibus,
999 1835 1112 1902 ipse
1147 1833 1292 1887 solus
1323 1831 1376 1884 in
1403 1843 1592 1898 campo
1620 1826 1868 1880 omnibus
1896 1823 2016 1877 aliis
2044 1822 2198 1876 incu-

631 1936 799 1982 terem
831 1937 1114 1989 terrorem,
1145 1922 1248 1977 nisi
1287 1921 1422 1975 bene
1451 1925 1826 1986 operarentur,
1859 1929 1982 1968 cum
2015 1912 2068 1967 in
2113 1921 2200 1966 me“

633 2018 889 2072 haberent
911 2012 1206 2084 perfectum
1227 2009 1500 2077 exemplar
1515 2005 1759 2074 justitite,
1780 2016 1938 2072 quem
1958 2000 2203 2054 viderent

630 2105 865 2173 ejusdem
892 2101 1232 2157 conditionis
1265 2106 1320 2152 et
1369 2105 1594 2150 natura).
1626 2093 1692 2146 Et
1741 2092 1860 2146 ideo
1900 2089 2065 2144 etiam
2105 2102 2204 2157 per

633 2209 808 2248 meam
858 2200 1086 2245 mortem
1130 2203 1236 2242 nox
1281 2183 1686 2246 illuminabitur,
1733 2181 1860 2248 quia
1909 2192 2064 2246 opera
2113 2183 2204 2227 tua

635 2282 852 2335 fuerunt
899 2276 1162 2330 mirabilia
1204 2289 1302 2344 per
1352 2288 1475 2335 tne,
1517 2269 1645 2338 quia
1699 2269 1991 2321 humanam
2037 2261 2203 2315 ratio-

636 2370 866 2424 nabilem
913 2376 1215 2422 creaturam
1273 2378 1393 2432 quae
1447 2375 1544 2430 per
1606 2355 2024 2412 inobedientiam
2075 2351 2203 2405 Adae

635 2457 1090 2529 quasijulirmum
1113 2454 1315 2523 aliquid
1341 2462 1394 2506 et
1424 2449 1599 2505 debile
1622 2447 1990 2517 reputabatur,
2014 2458 2207 2498 secun-

636 2551 764 2604 dum
815 2547 1142 2603 creationem
1190 2543 1399 2597 ostendi
1423 2540 1714 2612 gloriosum
1762 2536 1964 2605 aliquid
2003 2549 2125 2588 esse
2153 2540 2209 2586 et

636 2639 855 2709 dignum
901 2633 1277 2696 admiratione,
1317 2631 1442 2684 dum
1490 2618 1805 2682 innocenter
1841 2625 2121 2692 degebam,
2155 2628 2209 2675 et

636 2719 1633 2800 mquaﬁ.pcrfecuone-incedebam..Et
1659 2719 1793 2772 satis
1833 2717 2050 2783 dignum
2081 2713 2205 2779 fuit,

637 2831 696 2876 ut
729 2836 826 2890 per
846 2825 1133 2872 mentitura
1162 2815 1396 2867 humana
1417 2819 1778 2879 reptnt-aretur,
1795 2821 1892 2874 per
1911 2820 2071 2874 quem
2101 2804 2207 2857 alta

636 2918 692 2964 et
720 2905 981 2962 mirabilis
1005 2900 1404 2958 ostendebatur.
1429 2898 1496 2951 Et
1530 2898 1670 2951 sicut
1695 2909 1858 2965 opera
1887 2905 1977 2948 tua
2026 2894 2210 2946 hacte-

637 2990 738 3052 nus
773 2997 991 3050 fuerunt
1015 2990 1280 3046 mirabilia
1300 3004 1398 3058 per
1423 3003 1532 3052 me,
1566 2986 1639 3039 ita
1668 2986 1831 3039 etiam
1860 2985 2037 3035 anima
2094 2997 2210 3034 mea

638 3085 816 3149 uimis,
842 3082 896 3136 id
919 3087 1021 3146 est,
1059 3079 1286 3132 multum
1329 3082 1616 3144 cognoscet,
1647 3073 1700 3126 id
1745 3081 1849 3137 est,
1878 3071 2115 3125 attendet
2145 3083 2208 3121 ea

2293 591 2558 659 spondet:
2604 584 2721 643 Non
2755 588 2905 642 venit
2946 588 3050 641 hoc
3081 602 3146 642 ex
3173 578 3352 654 aliqua
3380 583 3534 653 culpa
3564 597 3720 648 mea;
3773 582 3875 637 sed

2291 693 2356 732 ex
2383 678 2523 747 quo?
2547 677 2673 747 quia
2703 675 2840 737 oculi
2867 677 2944 730 tui
2979 676 3214 730 viderunt
3266 674 3623 744 imperfectum
3671 688 3874 737 meum,

2293 769 2345 824 id
2366 777 2468 834 est,
2508 769 2599 822 tibi
2631 767 2832 838 placuit
2871 767 2993 821 talis
3024 764 3358 836 imperfeclio
3411 775 3528 818 mea
3564 762 3874 817 secundum

2293 860 2550 924 exterius,
2580 867 2638 912 ut
2668 866 2895 913 mortem
2933 857 3192 913 subirem.
3231 857 3298 911 Et
3341 853 3461 909 ideo
3514 853 3612 908 tibi
3643 853 3874 922 placuit,

2294 949 2417 1019 quia
2442 965 2616 1002 omnes
2639 949 2941 1016 quicunque
2969 955 3093 1002 sunt
3115 947 3251 1009 dies,
3268 945 3328 1003 id
3356 953 3457 1004 est,
3484 942 3729 1012 perfecte
3754 941 3876 995 illu-

2294 1037 2481 1091 minati
2519 1037 2658 1091 sicut
2687 1035 2934 1104 apostoli,
2965 1035 3255 1088 scribentur
3287 1034 3341 1085 in
3378 1031 3508 1085 libro
3539 1040 3655 1094 tuo,
3693 1030 3746 1084 id
3774 1037 3876 1091 est,

2296 1127 2348 1182 in
2376 1127 2802 1182 consideratione
2829 1140 2966 1190 mea,
2999 1125 3090 1194 qui
3112 1139 3231 1179 sum
3253 1124 3331 1178 eis
3351 1121 3667 1192 propositus
3695 1135 3878 1174 exem-

2295 1216 2675 1287 plarjustitiaa,
2704 1225 2762 1270 ut
2801 1217 2991 1270 eodem
3033 1214 3190 1269 modo
3232 1214 3507 1284 patiantur
3553 1212 3601 1266 si
3655 1225 3877 1264 necesse

2299 1306 2475 1360 fuerit.
2531 1302 2598 1360 Et
2645 1305 2696 1359 in
2753 1305 2866 1374 ipsa
2895 1302 3245 1372 inseriptione
3276 1301 3654 1371 formabuntur
3684 1306 3748 1350 ut
3780 1297 3880 1350 sint

2297 1397 2428 1461 dies,
2459 1395 2510 1449 id
2555 1404 2661 1459 est,
2689 1393 2935 1462 quaedam
2965 1391 3136 1447 forma
3175 1397 3231 1444 et
3276 1388 3627 1459 pulchritudo
3660 1385 3748 1440 eis
3786 1387 3877 1438 imo

2298 1486 2567 1556 primitur,
2588 1483 2672 1538 vel
2689 1482 2946 1538 imbuitur
2962 1482 3029 1535 ad
3059 1479 3410 1534 imitationem
3453 1490 3662 1538 meam,
3703 1483 3765 1528 ut
3787 1473 3875 1544 ipsi

2299 1579 2406 1632 sint
2431 1577 2575 1640 dies,
2603 1583 2658 1630 et
2687 1582 2797 1628 tum
2849 1573 3029 1643 plures
3075 1569 3433 1625 informentur
3479 1577 3681 1621 eorum
3709 1579 3878 1619 exem-

2299 1660 2404 1734 plo.
2424 1665 2631 1718 Dictum
2645 1671 2727 1718 est
2739 1662 2774 1716 a'
2785 1660 3135 1717 similitudine
3148 1656 3458 1720 scribentis,
3475 1655 3570 1724 qui
3589 1653 3876 1708 scribendo

2302 1750 2428 1807 facit
2476 1752 2675 1808 formas
2704 1752 2770 1805 ad
2821 1749 3228 1805 similitudinem
3273 1745 3494 1801 alterius
3545 1744 3706 1797 libri.
3761 1743 3875 1812 Ipsi,

2227 1839 2274 1897 Β
2304 1842 2542 1910 inquam,
2585 1838 2956 1894 formabuntur
2995 1837 3061 1891 ad
3105 1825 3508 1890 similitudinem
3556 1832 3694 1894 mei,
3743 1846 3878 1883 mo

2302 1941 2478 1986 tamen
2533 1929 2792 1984 formatus
2831 1944 2930 1998 per
2966 1942 3059 1982 eos
3107 1926 3381 1988 snbsistet,
3435 1923 3522 1978 vel
3584 1921 3880 1977 remanebit

2300 2021 2355 2074 in
2380 2021 2474 2084 eis,
2500 2019 2755 2073 subaudis
2781 2017 2987 2072 diebus.
3019 2016 3131 2073 Hoc
3173 2016 3460 2071 estdicere
3484 2033 3496 2067 :
3531 2014 3696 2068 Licet
3739 2012 3878 2066 multi

2303 2109 2660 2163 informentur
2691 2105 2990 2160 ministerio
3039 2119 3249 2168 eorum,
3287 2103 3463 2157 nullus
3497 2112 3691 2155 tamen
3725 2100 3779 2154 in
3809 2101 3879 2152 eis

2303 2199 2620 2260 remanebit,
2653 2197 2705 2249 in
2731 2195 2832 2249 hoc
2858 2203 2916 2248 ut
2936 2195 3123 2249 credat
3150 2200 3198 2248 et
3234 2192 3485 2246 ﬁduciam
3515 2190 3637 2259 spei
3677 2190 3736 2243 in
3785 2187 3879 2241 illis

2302 2293 2486 2356 ponat,
2508 2294 2564 2339 et
2606 2284 2832 2338 fortnam
2879 2297 3031 2337 suam
3077 2282 3157 2338 eis
3205 2280 3482 2343 inscribat,
3517 2278 3616 2332 sed
3672 2278 3731 2331 in
3783 2291 3877 2329 me.

2304 2375 2435 2430 Mihi
2458 2384 2629 2429 autem
2668 2374 2840 2428 nimis.
2865 2371 3032 2428 Nemo
3078 2373 3133 2426 in
3165 2372 3265 2437 eis,
3315 2370 3410 2426 sed
3438 2371 3490 2425 in
3523 2385 3658 2434 me;
3707 2369 3881 2423 ethoc

2305 2477 2387 2523 est
2428 2467 2571 2536 quod
2602 2466 2771 2521 dicit:
2812 2465 2856 2520 Ο
2891 2465 3046 2531 Deus,
3083 2463 3239 2517 amici
3267 2464 3366 2528 tui,
3399 2462 3452 2517 id
3492 2470 3603 2528 est,
3653 2461 3878 2530 quicun-

2303 2572 2408 2628 que
2455 2567 2508 2613 te
2552 2557 2774 2632 diligent
2823 2555 3202 2612 informatione
3251 2553 3665 2624 apostolorum,
3729 2549 3880 2604 nimis

2303 2647 2634 2716 homriﬁcati
2655 2657 2798 2712 sunt,
2830 2648 2884 2700 id
2911 2655 3016 2712 est,
3043 2644 3315 2701 sublimati
3349 2641 3677 2708 virtutibus,
3701 2649 3754 2697 et
3787 2642 3880 2696 hoc

2307 2739 2452 2804 mihi,
2484 2739 2663 2802 idest,
2707 2738 2774 2792 ad
2825 2736 3049 2807 gloriam
3089 2751 3284 2801 meam,
3325 2749 3432 2789 non
3473 2733 3660 2797 Pauli,
3714 2746 3879 2800 neque

2305 2827 2513 2898 Cephaa,
2541 2827 2624 2882 vel
2651 2826 2894 2881 aliorum.
2926 2826 2992 2880 Et
3018 2842 3124 2881 non
3167 2834 3372 2886 tantum
3401 2827 3468 2879 ab
3498 2823 3775 2893 apostolis
3803 2823 3881 2875 in-

2306 2915 2542 2976 formati,
2583 2915 2714 2968 mihi
2771 2915 2934 2970 nimis
2980 2923 3106 2970 sunt
3158 2915 3526 2980 bonoriiicati,
3575 2914 3679 2968 sed
3727 2911 3880 2966 etiam

2306 3008 2628 3076 principatus
2657 3018 2858 3070 eorum,
2893 3006 2944 3060 id
2981 3015 3082 3068 est,
3125 3007 3352 3076 apostoli
3377 3006 3476 3076 ipsi
3511 3005 3608 3075 qui
3640 3004 3728 3058 eis
3747 3004 3883 3073 prin—

2307 3097 2576 3166 cipantur,
2614 3096 2770 3148 nimis
2810 3093 3101 3150 confortati
3147 3102 3274 3149 sunt
3313 3095 3461 3156 mihi,
3523 3093 3577 3146 id
3631 3102 3742 3155 est,
3787 3092 3883 3145 hoc

638 3188 761 3228 esse
788 3169 1073 3230 mirabilia.
1118 3168 1221 3222 hoc
1271 3173 1376 3229 est,
1421 3179 1528 3217 non
1575 3159 1921 3215 dissimulabo
1953 3159 1983 3212 ἐι
2022 3158 2204 3226 cogni-

2309 3185 2450 3255 quod
2475 3185 2548 3238 ita
2576 3185 2911 3238 corroborati
2943 3192 3070 3239 sunt
3095 3184 3148 3238 in
3176 3184 3444 3247 interiori,
3475 3183 3584 3237 erit
3612 3183 3688 3236 ad
3716 3181 3883 3235 hono-

642 3265 787 3317 tione
807 3270 991 3317 e0rum
1014 3259 1153 3314 sicut
1178 3255 1350 3309 Adam
1379 3269 1394 3306 :
1423 3253 1517 3307 sed
1541 3253 1594 3305 in
1637 3251 1754 3320 ipso
1782 3249 1994 3314 eil'ectu,
2025 3249 2077 3302 id
2101 3257 2203 3313 est,

641 3355 696 3408 in
745 3354 860 3423 ipsa
903 3347 1306 3421 perseverantia
1349 3343 1671 3399 obedientia:
1723 3357 1886 3406 mea,
1927 3342 2208 3395 ostendam

643 3456 729 3496 me
763 3451 1088 3510 cognoscere
1137 3448 1301 3504 opera
1331 3441 1421 3485 tua
1471 3430 1736 3484 mirabilia
1771 3444 1910 3484 esse.
1965 3427 2088 3481 Non
2134 3435 2209 3481 est

642 3528 955 3585 occultatum
981 3543 1038 3579 os
1065 3539 1254 3577 meum.
1291 3521 1348 3574 lu
1399 3519 1622 3574 Hebraeo
1649 3519 1872 3572 habetur
1899 3530 1914 3568 :
1942 3515 2059 3569 Non
2087 3522 2214 3570 sunt

642 3634 804 3690 opera
835 3631 957 3672 ossa
983 3630 1099 3670 mea
1125 3629 1157 3667 a
1187 3623 1257 3667 te.
1289 3610 1524 3681 Exponit
1551 3607 1818 3678 quomodo
1848 3604 2213 3676 magniﬁcavit

643 3712 832 3774 Deum,
864 3709 1069 3763 scilicet
1091 3706 1192 3760 hoc
1218 3703 1396 3768 modo,
1446 3702 1572 3771 quia
1595 3717 1652 3755 os
1674 3716 1862 3765 meum,
1888 3700 1940 3752 id
1964 3707 2066 3763 est,
2103 3697 2213 3752 for-

647 3801 817 3856 titudo
862 3806 917 3852 et
957 3797 1119 3851 robur
1146 3804 1259 3851 ate
1289 3792 1419 3846 mihi
1465 3790 1740 3854 collatum,
1787 3788 1930 3857 quod
1976 3794 2061 3842 est
2120 3803 2210 3840 ra-

649 3893 720 3945 tio
748 3899 803 3945 et
825 3889 1054 3944 liberum
1079 3885 1380 3948 arbitrium,
1409 3899 1512 3936 non
1539 3893 1613 3936 est
1644 3879 1982 3944 occultatum,
2018 3878 2072 3932 id
2106 3887 2212 3944 est,

648 3997 754 4036 non
781 3979 1134 4036 occultabitur
1163 3995 1195 4030 a
1226 3987 1294 4030 te.
1323 3977 1401 4029 Ac
1428 3977 1472 4030 si
1499 3977 1674 4040 dicat:
1702 3973 1946 4028 Gladium
1981 3981 2035 4028 et
2061 3987 2215 4026 arma

648 4086 766 4141 qua:
791 4080 847 4125 tu
878 4069 1007 4124 mihi
1045 4067 1254 4122 dederis
1301 4066 1368 4121 ad
1421 4065 1788 4134 praeliandum,
1840 4077 1946 4117 non
1979 4061 2215 4130 rejiciam

650 4173 823 4229 neque
862 4156 1212 4220 abscondam,
1261 4155 1356 4209 sed
1405 4169 1554 4209 more
1604 4155 1730 4209 boui
1770 4151 1955 4207 militis
1997 4165 2215 4205 exeram

648 4250 878 4305 viriliter
913 4248 1215 4318 pugnando.
1257 4245 1326 4298 Et
1370 4245 1691 4300 determinat
1739 4245 1804 4298 de
1862 4241 2215 4312 quafortitu-

649 4339 962 4402 diue'dicat,
990 4335 1197 4390 scilicet
1218 4349 1378 4404 quam
1405 4334 1572 4402 fecisti
1614 4334 1667 4388 in
1691 4332 1912 4398 occulto,
1939 4334 1991 4387 id
2021 4343 2125 4397 est,
2163 4333 2214 4386 in

647 4429 890 4484 interiori
921 4441 1060 4491 meo,
1084 4425 1172 4478 ubi
1199 4423 1456 4478 estratio.
1487 4422 1552 4475 Et
1580 4423 1870 4476 substantia
1893 4438 2025 4475 mea.
2051 4419 2214 4487 Quasi

650 4518 812 4588 aliqui
841 4518 1115 4572 dicerent:
1151 4513 1265 4568 Non
1318 4528 1505 4569 sumus
1548 4515 1600 4569 in
1620 4515 1709 4568 tali
1755 4514 1895 4579 loco,
1921 4514 2010 4567 ubi
2045 4513 2219 4582 possi-

652 4625 771 4664 mus
815 4608 892 4661 uti
918 4606 1130 4676 .viribus
1170 4605 1368 4659 nostris
1419 4605 1464 4658 si
1499 4620 1737 4660 essemus
1785 4605 1839 4658 in
1876 4603 2124 4674 paradiso
2147 4604 2219 4658 si-

651 4706 744 4752 cut
774 4697 941 4750 Adam
971 4695 1088 4758 fuit,
1117 4708 1221 4748 non
1241 4695 1676 4749 occultaremus:
1706 4695 1789 4749 his
1810 4695 2036 4750 occurit.
2056 4693 2220 4760 Quasi

653 4789 832 4843 dicat:
861 4787 1044 4858 Neque
1077 4787 1128 4840 in
1156 4788 1259 4842 hoc
1279 4788 1523 4857 poteritis
1547 4788 1820 4853 excusari,
1867 4787 1993 4856 quia
2037 4786 2089 4841 in
2119 4787 2221 4841 hoc

652 4879 815 4934 etiam
862 4892 948 4931 me
996 4876 1205 4932 habetis
1255 4877 1547 4946 exemplar,
1580 4878 1703 4945 quia
1753 4877 2053 4932 substantia
2101 4892 2220 4932 mea

654 4985 818 5039 quam
845 4968 954 5022 dixi
981 4983 1059 5034 os,
1089 4969 1141 5023 id
1163 4978 1268 5034 est,
1294 4969 1434 5022 ratio
1460 4977 1514 5022 et
1551 4968 1777 5023 liberum
1805 4968 2086 5021 arbitrium
2125 4983 2222 5037 per

654 5077 774 5133 quae
800 5061 1030 5114 maxime
1058 5060 1311 5125 subsisto,
1346 5076 1449 5112 non
1494 5070 1568 5113 est
1612 5059 1929 5113 occultatum
1959 5060 2122 5112 etiam
2167 5059 2222 5111 in

651 5154 989 5224 inferioribus
1028 5164 1197 5217 terrw,
1229 5154 1281 5206 id
1310 5160 1412 5217 est,
1439 5152 1494 5205 in
1530 5152 1632 5206 hac
1660 5149 1957 5218 dejectione
1981 5145 2238 5204 mortali-~

655 5247 782 5299 tatis
801 5254 856 5298 et
879 5243 1263 5314 passibilitatis.
1287 5243 1433 5297 Adeo
1456 5256 1584 5295 vero
1603 5243 1655 5295 in
1672 5241 2036 5311 superioribus
2067 5249 2223 5295 terra:

655 5336 917 5399 existens,
963 5343 1224 5403 quantum
1275 5334 1344 5388 ad
1394 5334 1725 5405 dignitatem,
1775 5332 1862 5386 ubi
1911 5331 2221 5386 facillimum

656 5423 758 5478 sibi
783 5433 903 5478 erat
943 5424 1210 5478 rationem
1240 5438 1512 5489 exercere,
1546 5433 1722 5477 tamen
1750 5423 2058 5487 occultavit,
2101 5421 2226 5475 licet

659 5515 1098 5570 incommoditate
1146 5529 1254 5569 nou
1287 5525 1585 5584 urgeretur,
1636 5515 1762 5583 quia
1824 5529 1996 5583 neque
2035 5513 2223 5581 frigus,

660 5618 834 5671 neque
860 5604 1008 5660 calor
1055 5605 1396 5674 impellebant
1431 5621 1553 5660 eum
1587 5606 1652 5659 ad
1692 5605 1981 5659 defectum.
2026 5603 2225 5670 Imper-

661 5692 848 5760 fectum
904 5713 1095 5751 meum.
1155 5696 1315 5763 Quasi
1368 5699 1560 5768 aliquis
1614 5698 1856 5753 diceret:
1905 5696 2038 5750 (.um
2095 5695 2226 5747 adeo

2311 3292 2425 3331 rem
2453 3291 2651 3342 meum,
2677 3277 2804 3346 quia
2833 3275 2962 3330 mihi
2985 3274 3115 3330 illud
3139 3273 3432 3330 ascribent.
3449 3273 3519 3327 Et
3538 3272 3585 3327 si
3613 3272 3887 3342 principes

2309 3366 2412 3420 hoc
2455 3372 2698 3435 egerunt,
2748 3364 2916 3419 multo
2959 3365 3129 3433 magis
3172 3362 3248 3417 illi
3289 3362 3380 3432 qui
3427 3370 3556 3417 sunt
3595 3362 3703 3415 sub
3743 3361 3885 3428 priu-

2308 3455 2508 3523 cipatu.
2578 3453 2930 3508 Dinumeraba
2988 3470 3097 3508 eos.
3166 3452 3356 3508 Merito
3409 3451 3542 3506 mihi
3613 3449 3890 3506 ascribunt

2309 3550 2452 3620 quod
2494 3557 2647 3613 sunt,
2689 3549 2815 3617 quia
2867 3562 2967 3618 ego
3010 3546 3347 3601 dinumerabo
3388 3561 3504 3608 eos,
3556 3544 3614 3599 id
3651 3552 3765 3609 est,
3793 3541 3888 3596 cli-

2311 3654 2431 3710 gam
2475 3640 2540 3692 ad
2613 3637 2873 3692 malitiam
2937 3653 3112 3692 meam
3166 3651 3267 3706 per
3312 3647 3516 3690 certum
3571 3648 3886 3696 numerum,

2311 3728 2376 3782 de
2419 3741 2595 3780 massa
2648 3726 2981 3795 perditorum
3027 3725 3374 3780 secernendo.
3425 3723 3642 3777 Dictum
3704 3730 3795 3776 est
3860 3737 3889 3774 a

2313 3816 2660 3870 similitudine
2720 3816 2873 3871 ducis
2943 3814 3028 3870 vel
3089 3813 3467 3885 imperatoris,
3525 3813 3622 3882 qui
3689 3812 3890 3865 milites

2314 3905 2535 3961 idoneos
2585 3907 2640 3960 in
2687 3904 3080 3973 expeditionem
3133 3904 3281 3972 eligit
3329 3911 3384 3958 et
3436 3902 3650 3958 scribit.
3699 3901 3772 3955 Et
3829 3918 3892 3955 ne

2313 3997 2468 4068 pauci
2520 3997 2805 4050 videantur
2829 3995 3093 4060 salvandi,
3157 3995 3281 4064 quia
3323 3993 3476 4057 dixi,
3540 3993 3891 4046 dinumeratio

2314 4102 2422 4150 eos,
2450 4083 2950 4155 multiplicabuntur,
2976 4083 3029 4138 id
3055 4091 3156 4149 est,
3197 4081 3520 4152 multiplices
3543 4090 3711 4136 erunt
3740 4096 3893 4150 super

2314 4184 2550 4238 arenam,
2599 4171 2652 4226 id
2678 4179 2784 4238 est,
2818 4178 2896 4226 tot
2924 4178 3085 4225 erunt
3117 4172 3258 4240 quod
3292 4171 3469 4226 minus
3507 4184 3676 4238 quam
3731 4183 3891 4222 arena

2316 4264 2642 4320 dinumerari
2663 4273 2932 4334 poterunt.
2973 4265 3148 4318 Arena
3184 4264 3326 4317 enim
3353 4275 3436 4320 est
3461 4277 3551 4316 res
3589 4260 3892 4314 subsistens

2315 4355 2370 4410 in
2393 4353 2714 4424 cognitione,
2742 4353 2988 4407 homines
3017 4359 3193 4406 autem
3229 4359 3609 4420 pertranseunt
3647 4349 3721 4403 ab
3747 4361 3894 4417 aspe-

2317 4451 2406 4498 ctu
2434 4450 2639 4506 nostro,
2661 4450 2715 4496 et
2762 4441 2882 4496 ideo
2918 4441 3096 4495 minus
3128 4439 3457 4493 dinunterari
3505 4444 3756 4506 possunt.
3788 4436 3893 4488 Deo

2323 4541 2500 4588 autem
2535 4531 2896 4585 numerabiles
2932 4538 3073 4584 sunt.
3114 4527 3237 4583 Haec
3293 4536 3472 4581 autem
3521 4523 3893 4594 multiplicatio

2325 4639 2429 4679 non
2457 4631 2663 4676 tantum
2692 4621 2783 4676 [iet
2806 4636 2904 4690 per
2925 4631 3147 4674 mortem
3175 4633 3370 4683 meam,
3391 4617 3484 4672 sed
3499 4617 3665 4672 etiam
3693 4631 3794 4686 per
3816 4632 3893 4670 re-

2324 4710 2710 4766 surrectionem
2744 4723 2940 4763 meam.
2971 4707 3037 4760 Et
3059 4722 3162 4759 non
3196 4705 3366 4759 solum
3393 4713 3515 4773 post
3537 4704 3890 4758 resurrectio-

2325 4815 2446 4854 nem
2474 4801 2612 4852 hanc
2639 4797 2849 4852 habebo
2875 4795 3185 4868 potentiam,
3203 4796 3297 4850 sed
3319 4795 3483 4850 etiam
3510 4795 3684 4847 adhuc
3697 4794 3892 4856 dicam,

2324 4888 2766 4945 vivens'mortalis
2783 4897 3077 4942 sumtecum
3092 4871 3246 4956 :quia
3261 4887 3400 4940 sicut
3413 4895 3465 4938 tu
3482 4901 3540 4939 es
3552 4900 3722 4940 verus
3737 4885 3891 4946 Deus.

2322 4983 2396 5038 ita
2423 4991 2478 5037 et
2502 4997 2623 5052 ego.
2650 4981 2754 5034 Per
2780 4990 2970 5043 tecum,
3000 4979 3292 5048 accipimus
3317 4976 3688 5031 diversitatem
3716 4990 3893 5046 perso-

2323 5085 2514 5128 narum
2559 5087 2574 5126 :
2622 5085 2720 5142 per
2776 5087 2932 5136 sum,
2999 5067 3615 5125 consubstantialitatem
3661 5066 3892 5120 nominis

2324 5164 2390 5218 ad
2450 5172 2703 5216 aeternam
2764 5161 3073 5231 potentiam.
3127 5158 3273 5213 latud
3325 5158 3496 5210 adhuc
3545 5155 3822 5223 accipitur
3845 5162 3894 5205 ut

2323 5251 2450 5308 illud
2512 5252 2564 5305 in
2618 5250 2947 5321 Evangelio:
2991 5268 3009 5300 ι
3045 5248 3170 5304 Haec
3222 5248 3466 5303 dicebam
3516 5245 3673 5299 vobis
3705 5284 3722 5309 ,
3788 5259 3892 5296 cum

2325 5343 2496 5396 adhuc
2554 5355 2715 5395 essem
2767 5341 3026 5394 vobiscum
3080 5339 3230 5409 (Luc.
3281 5336 3473 5406 ΠΝ).
3513 5333 3575 5389 Si
3626 5334 3890 5392 occideris.

2331 5431 2486 5494 Deus,
2539 5439 2855 5501 peccatores.
2927 5428 2972 5484 Ο
3027 5428 3166 5482 Deus
3213 5425 3392 5490 Pater,
3432 5425 3478 5479 si
3530 5433 3589 5477 tu
3633 5422 3789 5492 justo
3816 5422 3893 5489 ju-

2327 5519 2466 5574 dicio
2518 5519 2781 5574 occideris
2832 5518 3072 5587 aliquos,
3129 5517 3249 5570 ideo
3298 5513 3426 5584 quia
3473 5521 3604 5567 sunt
3651 5520 3890 5580 peccato-

2331 5623 2437 5673 res,
2479 5608 2663 5662 dicens
2713 5624 2727 5660 :
2767 5609 2812 5662 υ
2861 5609 2956 5659 viri
2984 5606 3318 5674 sanguinum,
3370 5600 3630 5654 declinata
3685 5616 3721 5652 α
3773 5611 3892 5650 me:

2333 5695 2474 5766 quod
2503 5694 2792 5759 declinare,
2842 5703 2927 5748 est
2970 5692 3283 5762 permittere
3313 5691 3366 5744 in
3395 5689 3636 5758 peccatis
3659 5685 3894 5756 ιιι-τιείρί-
