4038 6420
236 417 344 476 809

1338 419 1981 492 ΕΝΑΒΒΑΤΙΟΝΕὸιῙΝ
2019 420 2357 480 PSALMOS.

3386 425 3492 484 810

233 534 373 599 tari;
419 538 475 588 et
518 530 640 587 ideo
684 530 890 588 scilicet
920 549 938 583 ι
974 531 1239 587 declinate
1270 547 1301 587 a
1330 548 1439 598 me,
1475 534 1601 604 quia
1633 534 1813 589 dicitis
1840 534 1893 596 Α
1922 552 1942 586 ι
1986 533 2253 589 desiderio
2281 547 2403 589 meo
2431 535 2701 603 peccatori
2726 550 2740 589 :
2769 534 3144 606 cogitaverunt
3167 547 3354 593 contra
3383 554 3491 611 me,

232 627 286 681 in
318 624 668 695 cogitatione,
709 643 728 676 ι
758 623 859 679 ειεὶ
887 639 993 677 non
1025 623 1203 679 dicitis
1237 625 1477 680 exterius
1537 625 1812 693 Accipiant

231 716 527 774 Christiani
556 716 809 780 civitates,
845 714 898 769 id
924 723 1027 780 est,
1058 714 1406 770 collectiones
1450 726 1505 772 et
1532 717 1814 789 conSpira-

232 810 409 865 tiones
432 824 555 864 suas
581 808 639 861 in
676 808 907 862 vanitate
935 821 953 858 :
984 805 1111 877 quia
1156 807 1298 862 sicut
1345 808 1446 879 ipsi
1494 809 1619 863 vani
1667 818 1810 874 sunt,

230 905 313 959 sic
337 903 474 959 alios
502 903 706 958 ducunt
748 900 802 955 in
849 899 1167 965 vanitatem,
1208 900 1416 956 scilicet
1465 910 1521 955 ut
1562 901 1815 956 amittant

227 1011 355 1066 quae
380 995 649 1058 videntur,
702 993 756 1048 id
800 1001 885 1049 est
933 992 1271 1064 temporalia,
1299 1000 1355 1047 et
1386 994 1700 1049 adhaereant
1732 994 1815 1048 in-

227 1090 417 1153 certis,
468 1089 521 1144 id
566 1096 649 1144 est
689 1087 929 1153 aeternis,
977 1102 1095 1156 quae
1123 1101 1232 1141 non
1258 1087 1508 1142 videntur
1536 1105 1547 1142 :
1578 1103 1700 1157 quae
1731 1095 1816 1141 est

229 1181 446 1237 hostiiis
485 1180 686 1246 irrisio,
719 1196 822 1250 qua
851 1179 1293 1250 deprimebantur
1323 1179 1508 1237 ﬁdeles
1534 1181 1649 1248 Dei,
1681 1182 1812 1237 'sub—

227 1273 407 1336 audis,
442 1270 511 1327 Et
554 1286 656 1342 ego
689 1272 952 1327 occidam.
991 1291 1009 1322 (
1045 1269 1235 1327 Nonne
1271 1271 1418 1325 enim
1462 1271 1553 1343 qui
1584 1273 1815 1327 oderunt

228 1372 307 1429 te,
330 1362 575 1428 Domine,
597 1363 852 1419 oderam?
886 1382 905 1415 ι
932 1363 1071 1418 Vere
1091 1363 1215 1418 odio
1238 1363 1419 1417 habui.
1440 1361 1604 1431 Cujus
1630 1363 1813 1418 odium

227 1454 366 1509 nihil
393 1453 539 1509 aliud
568 1463 653 1510 est
696 1454 799 1510 nisi
828 1453 1152 1510 interfectio.
1179 1455 1246 1509 Et
1284 1454 1409 1510 licet
1435 1469 1530 1511 eos
1560 1455 1685 1510 odio
1716 1456 1814 1511 ba-

224 1546 414 1601 berem
446 1546 499 1600 in
526 1560 590 1602 eo
617 1546 758 1615 quod
788 1545 918 1600 mali
965 1556 1139 1611 erant,
1173 1554 1351 1601 tamen
1382 1546 1726 1613 tabescebam,
1760 1546 1815 1601 id

227 1650 334 1707 est,
369 1639 554 1694 dolore
575 1638 848 1695 alﬁciebar
882 1657 901 1691 ‹
938 1653 1099 1708 super
1121 1639 1370 1694 inimicos
1403 1648 1545 1706 tuos,
1578 1659 1596 1692 ι
1630 1640 1683 1695 id
1708 1648 1811 1704 est,

226 1750 393 1805 super
445 1734 934 1790 considerationem
980 1733 1233 1800 illorum,
1285 1734 1377 1803 qui
1430 1742 1557 1788 sunt
1610 1732 1814 1787 inimici

229 1826 326 1890 tui,
358 1826 460 1879 hoc
493 1835 593 1891 est,
627 1835 803 1880 tamen
848 1824 1093 1880 dolebam
1123 1826 1189 1880 de
1218 1826 1521 1895 perditione
1574 1825 1811 1891 illorum,

225 1919 353 1989 quia
384 1917 545 1973 dilexi
571 1934 665 1974 eos
695 1919 749 1972 in
778 1920 900 1986 hoc,
932 1920 1075 1989 quod
1102 1920 1156 1975 in
1188 1935 1282 1975 eos
1313 1919 1506 1974 fecisti.
1542 1920 1621 1975 Ac
1652 1920 1697 1975 si
1734 1919 1816 1974 di-

224 2019 315 2063 cat
344 2027 356 2062 :
390 2012 543 2077 Quod
590 2019 645 2065 tu
676 2012 849 2066 fecisti
879 2011 932 2065 in
983 2011 1082 2077 eis,
1133 2011 1326 2078 dilexi;
1369 2015 1511 2082 quod
1542 2012 1643 2083 ipsi
1675 2012 1817 2068 fece-

226 2112 370 2165 rant,
402 2103 525 2157 odio
552 2103 736 2159 habui.
776 2122 793 2155 ‹
832 2103 1081 2160 Perfecto
1111 2105 1234 2160 odio
1259 2105 1479 2161 oderam
1509 2106 1661 2173 illos;
1699 2126 1718 2159 ›
1750 2122 1818 2162 ue

225 2191 424 2261 aliquis
465 2192 712 2249 diceret:
746 2192 828 2249 Tu
874 2196 967 2264 qui
1016 2195 1359 2251 dilectionem
1405 2197 1598 2267 jubes,
1650 2213 1819 2268 quare

224 2284 425 2339 oderas
454 2284 611 2340 illos?
640 2286 770 2340 dicit
796 2301 809 2338 :
840 2284 954 2356 Ego
982 2286 1196 2341 oderam
1221 2286 1341 2341 illos
1363 2289 1593 2358 perfecto
1618 2288 1738 2342 odio
1764 2298 1819 2343 et

222 2376 391 2446 justo,
424 2377 615 2432 odieus
658 2377 715 2431 in
745 2376 826 2432 eis
850 2376 1071 2443 malum,
1124 2386 1180 2434 et
1224 2387 1405 2433 tamen
1432 2392 1530 2449 pro
1556 2378 1635 2433 eis
1661 2379 1817 2434 tabe-

224 2481 403 2522 scens.
434 2466 501 2520 Et
526 2466 653 2521 licet
680 2466 757 2521 ita
784 2464 1009 2522 affectus
1033 2482 1211 2522 essem
1236 2482 1336 2537 pro
1361 2468 1464 2533 eis,
1493 2477 1676 2522 tamen
1706 2468 1816 2521 ini-
1868 2470 1869 2473 “

228 2556 351 2609 mici
378 2555 506 2625 [acti
550 2566 669 2611 sunt
699 2555 849 2623 mihi,
877 2557 1021 2611 male
1066 2555 1243 2612 affecti
1292 2572 1422 2628 erga
1448 2573 1553 2612 me.
1590 2576 1608 2609 t
1641 2556 1817 2613 Proba

228 2662 333 2710 me,
374 2648 536 2703 Deus.
572 2667 591 2700 ι
627 2645 746 2702 Non
775 2655 897 2703 orat
921 2648 1385 2718 perseverantiam
1412 2648 1467 2703 in
1493 2647 1578 2702 his
1603 2663 1722 2719 qute
1750 2648 1819 2703 de

226 2753 288 2795 se
317 2740 565 2810 superius
588 2741 956 2810 pronuntiavit
987 2756 1000 2792 :
1031 2740 1074 2796 0
1104 2740 1347 2805 Domine,
1389 2758 1408 2791 ‹
1447 2741 1614 2810 proba
1642 2754 1752 2806 me,
1789 2758 1809 2792 ι

229 2832 282 2887 id
304 2842 406 2897 est,
435 2833 608 2889 deduc
641 2849 728 2888 me
760 2833 814 2887 in
842 2832 1235 2904 experientiam
1266 2832 1561 2887 voluntatis
1599 2839 1726 2897 tute,
1759 2830 1815 2886 id

227 2934 330 2990 est,
382 2926 649 2982 bonorum
697 2942 943 2997 operum.
1000 2927 1067 2982 Et
1110 2927 1237 2997 quia
1285 2926 1391 2982 hoc
1437 2927 1584 2996 quod
1634 2924 1812 2981 dicit:

229 3018 393 3085 proba
432 3034 532 3083 me,
581 3018 831 3090 ambigue
875 3026 1058 3089 posset
1107 3019 1300 3089 accipi,
1356 3017 1409 3073 id
1455 3027 1560 3085 est,
1611 3025 1721 3072 tam
1751 3017 1818 3072 de

229 3106 519 3164 affectione
578 3124 740 3180 quam
785 3111 1134 3180 operatione,
1206 3111 1533 3166 determinat
1582 3110 1813 3166 dicens:

235 3219 254 3253 ι
284 3200 354 3255 Et
379 3201 517 3256 scito
542 3216 636 3257 cor
665 3218 866 3269 meum,
904 3221 924 3255 ι
954 3202 1009 3258 id
1061 3209 1165 3269 est,
1200 3202 1274 3257 ita
1307 3203 1524 3273 probes,
1565 3211 1625 3257 ut
1669 3202 1814 3258 scias

1919 650 1941 685 ‹
1984 646 2053 685 ηε
2100 630 2447 701 derelinquas
2496 646 2607 698 me,
2658 645 2727 686 ne
2772 630 2911 687 forte
2962 628 3285 688 exalteutur.
3323 634 3499 706 Caput

1921 741 1942 776 ι
1988 725 2246 780 circuitus
2271 739 2479 792 eorum,
2529 724 2683 780 labor
2727 723 2990 781 labiorum
3022 726 3263 797 ipsorum
3289 730 3501 800 operiet

1921 836 1939 870 ι
1980 831 2094 873 eos.
2125 817 2335 873 Cadent
2362 831 2523 888 super
2551 832 2644 874 eos
2670 818 2953 888 carbones,
2987 819 3042 874 in
3072 820 3252 892 ignem
3277 821 3498 889 dejicies

1921 926 1941 960 ι
1989 923 2105 974 εοε,
2131 909 2185 964 in
2212 910 2450 966 miseriis
2474 925 2581 967 non
2611 909 2927 967 subsistent.
2954 913 3052 968 Vir
3079 912 3360 984 linguosus
3387 930 3499 970 non

1922 1016 1940 1050 ι
1984 1000 2247 1072 dirigetur
2278 1001 2333 1056 in
2384 1011 2550 1070 terra,
2581 1003 2760 1058 virum
2791 1004 3051 1075 iujustum
3101 1004 3243 1059 mala
3282 1007 3502 1077 capient

1922 1111 1941 1145 ι
1985 1094 2037 1148 in
2076 1095 2316 1151 interitu.
2370 1095 2609 1168 Cognovi
2659 1098 2784 1169 quia
2836 1097 2996 1155 faciet
3056 1098 3320 1156 Dominus
3358 1101 3503 1171 judi-

1923 1200 1942 1234 ι
1986 1183 2129 1239 cium
2161 1186 2335 1255 inopis
2364 1196 2418 1242 et
2446 1187 2739 1243 vindictam
2764 1205 3080 1260 pauperum.
3116 1189 3499 1247 Verumtamen

1923 1295 1942 1330 t
1983 1276 2117 1347 justi
2149 1279 2549 1335 conﬁtebuntur
2576 1281 2783 1337 nomini
2832 1291 2944 1350 tuo,
2972 1290 3027 1338 et
3059 1282 3384 1340 habitabunt
3412 1298 3503 1340 re-

1922 1391 1942 1425 t
1993 1373 2065 1429 cti
2092 1388 2217 1429 cum
2244 1373 2393 1430 vultu
2429 1382 2539 1430 tuo.
2590 1395 2610 1429 ι

2484 1465 2930 1524 ENARRATIO.

1989 1554 2097 1612 Iste
2124 1556 2367 1627 psalmus
2405 1567 2490 1614 est
2527 1558 2719 1626 David,
2769 1561 2823 1615 id
2853 1571 2955 1627 est,
3006 1562 3247 1617 ﬁdelium
3274 1562 3506 1618 viriliter

1919 1649 2215 1718 agentium,
2249 1657 2305 1704 et
2333 1650 2737 1720 respicientium
2776 1652 2833 1706 in
2861 1653 3038 1722 ﬁnem,
3071 1655 3125 1709 id
3157 1663 3239 1710 est
3270 1655 3323 1709 in
3360 1654 3511 1709 Chri~

1918 1748 2083 1805 stum,
2130 1739 2185 1795 in
2223 1756 2332 1811 quo
2378 1740 2502 1795 ﬁnis
2538 1741 2887 1811 perfectionis
2926 1753 2981 1798 et
3020 1744 3246 1813 justitiae
3273 1754 3327 1799 et
3356 1745 3512 1800 iuno.

1919 1824 2113 1885 centiae
2138 1838 2193 1885 et
2222 1830 2500 1900 sapientiae
2536 1832 2785 1899 habetur,
2817 1833 2957 1888 sicut
2998 1844 3276 1890 ostensum
3323 1843 3409 1891 εει
3452 1834 3509 1889 in

1843 1928 1891 1987 B
1917 1922 2085 1992 priori
2113 1922 2341 1992 psalmo.
2368 1923 2423 1978 In
2449 1939 2556 1993 quo
2579 1924 2762 1979 ﬁdeles
2789 1925 3038 1981 instructi
3067 1928 3135 1982 ab
3167 1928 3282 1996 ipso
3310 1927 3506 1996 capite,

1920 2015 2045 2070 ﬁdei
2077 2025 2133 2071 et
2161 2015 2384 2085 justitia:
2429 2017 2819 2088 perfectionem
2865 2018 3293 2085 considerantes,
3334 2019 3512 2074 multi-

1922 2109 2162 2164 tudinem
2185 2110 2564 2165 haereticorum
2594 2111 3020 2182 circumquaque
3047 2113 3223 2168 acutis
3258 2111 3513 2181 quaestio-

1919 2202 2081 2259 nibus
2106 2204 2209 2259 sibi
2249 2205 2433 2275 praelia
2460 2207 2813 2273 constituere,
2865 2218 2921 2261 et
2949 2221 3217 2261 venenum
3263 2204 3511 2264 aspidum

1919 2310 2042 2352 esse
2068 2297 2167 2352 sub
2196 2296 2355 2353 labiis
2379 2314 2588 2364 eorum,
2608 2307 2766 2353 orant
2786 2298 2842 2353 in
2868 2297 3172 2370 exemplum
3196 2297 3317 2352 aliis
3334 2295 3514 2351 simile

1918 2387 2218 2459 periculum
2247 2387 2664 2455 sustinentibus,
2696 2398 2755 2443 ut
2803 2390 3063 2444 Dominus
3106 2388 3304 2458 eripiat
3339 2400 3434 2442 eos
3479 2400 3514 2440 a

1919 2478 2305 2535 conformitate
2347 2480 2729 2537 haereticorum
2769 2490 2823 2537 et
2855 2496 2886 2535 a
2927 2479 3155 2551 perﬁdia
3194 2495 3405 2536 eorum.
3445 2477 3516 2533 Et

1918 2580 1981 2627 It
2013 2580 2201 2642 postea
2246 2573 2544 2628 secundum
2595 2576 3057 2643 perseverantiam
3109 2573 3382 2628 custodiat
3417 2584 3514 2626 eos

1918 2662 1987 2717 de
2016 2678 2179 2718 manu
2208 2666 2513 2735 peccatoris
2543 2665 2781 2734 diaboli,
2828 2677 2885 2722 et
2932 2665 3001 2721 ab
3052 2665 3362 2722 hominibus
3402 2664 3513 2721 ini-

1919 2756 2062 2826 quis.

1990 2850 2154 2923 Eripe
2192 2869 2294 2920 me,
2324 2852 2568 2910 Domine.
2619 2854 2720 2922 Tu,
2760 2854 3008 2924 Domine,
3039 2856 3131 2926 qui
3181 2864 3356 2928 potes,
3386 2857 3513 2927 quia

1920 2945 2184 3001 Dominus
2212 2962 2290 3014 es,
2318 2948 2460 3018 eripe
2488 2963 2570 3001 me
2615 2948 2858 3017 potentia
2884 2948 3103 3003 virtutis
3148 2957 3253 3003 tuae
3302 2947 3367 3002 ab
3419 2948 3515 3002 Ito-

1922 3039 2059 3093 mine
2087 3040 2248 3105 malo,
2279 3040 2394 3096 sive
2430 3057 2461 3096 a
2501 3041 2735 3107 diabolo,
2780 3042 2871 3113 qui
2918 3051 3268 3113 peccatorum
3323 3050 3512 3097 conta-

1923 3132 2082 3204 gione
2104 3132 2360 3204 pollutus,
2392 3150 2500 3190 non
2521 3132 2637 3203 jam
2664 3135 2904 3192 cmlestis
2930 3136 3131 3193 dicitur
3153 3135 3396 3207 angelus,
3420 3136 3517 3191 sed

1929 3226 1998 3280 ab
2020 3227 2185 3281 humo
2214 3227 2377 3282 homo
2413 3226 2609 3294 malus,
2653 3228 2769 3283 sive
2798 3228 2866 3283 ab
2903 3228 3177 3285 bterelicis
3222 3228 3278 3285 in
3308 3228 3517 3299 seipsos

230 3301 413 3347 utrum
454 3295 825 3391 cogitationes,
857 3304 927 3391 et,
954 3294 1266 3351 affectiones
1314 3312 1447 3391 meae
1490 3295 1665 3391 digna?
1710 3296 1821 3350 δίιιί
1846 3308 1891 3372 C
1923 3320 2295 3390 peccantibus.
2331 3338 2349 3371 ‹
2379 3320 2446 3375 Ει
2474 3321 2624 3390 eripe
2664 3336 2750 3375 me
2772 3336 2802 3374 a
2834 3321 2953 3375 viro
2992 3322 3199 3391 iniquo,
3237 3340 3257 3372 ι
3306 3320 3359 3375 id
3390 3294 3511 3386 est,

230 3394 325 3442 tua
352 3389 700 3460 cognitione:
728 3389 815 3446 vel
856 3390 1005 3455 scito,
1052 3390 1108 3444 id
1154 3399 1259 3455 est,
1294 3389 1460 3461 dilige
1488 3389 1633 3460 ipsas
1661 3402 1813 3444 meas

230 3481 611 3551 cogitationes,
640 3482 886 3538 faciendo
917 3499 1010 3539 eas
1048 3483 1182 3539 tales
1210 3498 1330 3554 quae
1368 3483 1495 3555 jure
1521 3483 1815 3552 diligantur

231 3586 263 3625 a
296 3583 367 3643 te.
399 3571 675 3645 Interroga
722 3592 822 3641 me,
870 3575 925 3630 id
973 3582 1078 3642 est,
1127 3575 1304 3631 deduc
1332 3590 1418 3631 me
1448 3576 1502 3629 in
1532 3574 1815 3644 experien-

232 3661 364 3716 tiam
411 3662 566 3719 bona:
606 3664 935 3733 operationis
976 3682 991 3721 :
1038 3666 1182 3737 quod
1233 3665 1374 3719 idem
1422 3672 1506 3720 est
1545 3666 1708 3735 quod,
1762 3676 1819 3721 et

236 3771 256 3805 ι
299 3755 471 3823 proba
520 3770 626 3810 me.
674 3756 742 3811 Et
787 3771 1051 3829 cognosce
1100 3757 1320 3811 semitas
1364 3771 1537 3823 meas,
1572 3775 1591 3808 ι
1626 3757 1678 3811 id
1709 3767 1815 3823 est,

234 3848 363 3903 talia
400 3849 480 3904 fac
524 3864 609 3905 me
639 3851 851 3921 cperari
899 3866 1017 3920 quae
1058 3851 1219 3921 digna
1256 3851 1366 3906 sint
1396 3867 1424 3905 a
1455 3860 1508 3905 te
1539 3851 1813 3921 cognosci.

230 3938 305 3993 Et
340 3942 453 3995 vide
500 3943 543 3997 si
591 3942 694 3997 via.
747 3942 921 3998 Proba
953 3944 1258 3999 voluntates
1289 3951 1346 4000 et
1388 3944 1611 3999 semitas
1642 3956 1814 3999 meas.

232 4030 308 4086 Et
338 4034 468 4101 vide,
494 4035 548 4091 id
577 4044 681 4103 est,
714 4038 815 4091 hoc
842 4036 1013 4092 facias
1038 4045 1289 4108 respectu
1320 4037 1721 4093 misericordiae.
1750 4036 1821 4092 Et

230 4122 362 4181 licet
394 4127 819 4184 misericordiam
848 4130 1201 4200 praetendant,
1255 4137 1437 4186 tamen
1471 4149 1490 4181 ς
1524 4130 1570 4185 si
1591 4130 1679 4185 via
1708 4129 1816 4185 ini-

233 4218 459 4288 quitatis
486 4221 540 4275 in
565 4236 651 4276 me
694 4230 797 4287 est,
833 4240 849 4273 ι
883 4238 983 4279 nec
1017 4223 1233 4292 probes,
1266 4237 1369 4278 nec
1394 4238 1714 4295 cognoscas.
1746 4222 1818 4277 Et

232 4312 284 4367 si
316 4327 420 4368 non
444 4321 546 4378 est,
576 4314 742 4370 deduc
769 4330 851 4369 me
874 4316 930 4370 in
956 4315 1040 4370 via
1069 4325 1286 4383 teterna,
1316 4331 1437 4386 qua:
1460 4317 1529 4371 ad
1557 4325 1817 4373 aeternam

231 4402 404 4458 vitam
453 4405 685 4470 deducit,
743 4406 797 4462 id
844 4415 946 4473 est,
1003 4406 1090 4462 fac
1141 4422 1227 4460 me
1262 4420 1613 4475 perseverare
1643 4405 1700 4462 in
1728 4405 1817 4461 via

233 4494 334 4549 tibi
359 4494 577 4567 placita,
605 4497 776 4554 donec
799 4500 866 4553 ad
894 4498 1249 4553 aeternitatem
1283 4498 1614 4569 perveniam.

709 4590 1032 4647 PSALMUS
1069 4590 1357 4646 CXXXIX.

660 4697 714 4737 IN
753 4698 913 4737 FINEI
951 4698 1183 4739 PSALIUS
1221 4698 1402 4738 DAVID.

315 4794 333 4827 ι
375 4774 538 4845 Eripe
586 4790 696 4840 me,
744 4778 991 4845 Domine,
1041 4778 1109 4833 ab
1159 4778 1378 4834 homine
1425 4779 1588 4846 malo,
1640 4796 1671 4835 a
1702 4796 1821 4838 Ἥῐο

242 4882 264 4918 ι
306 4866 492 4937 iniquo
519 4866 668 4936 eripe
694 4880 799 4920 me.
849 4864 950 4932 Qui
982 4868 1353 4934 cogitaverunt
1403 4870 1719 4941 iniquitates
1765 4872 1822 4927 in

243 4977 265 5011 ι
306 4962 491 5025 corde,
544 4968 653 5014 tota
703 4959 789 5016 die
835 4960 1239 5015 constituebant
1291 4964 1495 5032 praelia.
1543 4966 1824 5021 Acuerunt

243 5072 265 5107 ι
308 5053 548 5125 linguam
578 5068 732 5109 suam
761 5053 902 5110 sicut
932 5063 1231 5123 serpentes,
1281 5070 1549 5115 venenum
1574 5057 1824 5127 aspidum

242 5165 263 5198 ι
308 5147 411 5202 sub
439 5146 594 5202 labiis
625 5162 837 5203 eorum.
885 5147 1107 5203 Custodi
1138 5163 1243 5215 me,
1278 5146 1527 5217 Domine,
1559 5150 1627 5206 de
1659 5152 1824 5206 manu

246 5261 265 5296 ι
311 5244 630 5315 peccatoris,
680 5252 736 5299 et
786 5244 852 5299 ab
896 5243 1207 5300 hominibus
1258 5244 1461 5316 iniquis
1507 5246 1661 5317 eripe
1711 5261 1817 5303 me.

245 5354 265 5389 ι
311 5337 414 5403 Qui
460 5338 835 5410 cogitaverunt
870 5339 1218 5410 supplantare
1247 5354 1463 5409 gressus
1490 5357 1662 5407 meos,
1701 5341 1823 5398 abs-

243 5446 266 5482 ι
306 5430 608 5486 conderunt
645 5430 862 5497 superbi
896 5429 1147 5500 laqueum
1179 5431 1333 5486 mihi.
1359 5432 1424 5487 Et
1448 5433 1605 5489 funus
1633 5443 1823 5489 exten-

244 5537 265 5573 ι
312 5520 507 5575 derunt
540 5520 593 5574 in
623 5520 892 5589 laqueum,
935 5521 1091 5591 juxta
1141 5521 1245 5576 iter
1273 5522 1587 5578 scandalun
1632 5538 1824 5596 posue-

242 5630 265 5666 ς
311 5622 437 5669 runt
468 5614 620 5668 mihi.
654 5614 775 5667 Dixi
805 5613 1052 5679 Domino,
1081 5612 1223 5669 Deus
1250 5631 1400 5669 meus
1432 5630 1491 5669 es
1523 5628 1575 5670 tu
1608 5633 1621 5669 :
1651 5632 1821 5671 exau-

243 5723 265 5757 ι
312 5707 388 5772 di,
435 5705 680 5771 Domine,
716 5721 902 5761 vocem
934 5707 1333 5775 deprecationis
1362 5721 1515 5761 mete.
1572 5690 1820 5775 Domine,

243 5815 265 5850 ς
314 5798 565 5863 Domine,
586 5798 759 5852 virtus
790 5797 978 5853 salutis
1005 5814 1159 5864 meae,
1183 5798 1515 5854 obumbrasti
1541 5814 1705 5867 super
1734 5816 1823 5857 ca-

245 5910 264 5943 t
308 5900 405 5961 put
435 5906 614 5945 meum
642 5889 696 5943 in
724 5889 812 5944 die
838 5889 979 5945 belli.
1012 5888 1127 5943 Non
1162 5891 1345 5947 tradas
1374 5906 1461 5948 me
1512 5892 1758 5949 Domine.
1789 5907 1822 5949 a

604 6001 880 6066 PATROL.
924 6004 1217 6067 CXXXI.

1922 3412 1989 3467 ab
2024 3412 2230 3467 eisdem
2263 3412 2539 3468 haereticis
2561 3412 2617 3467 in
2647 3412 2782 3467 alios
2814 3412 3273 3483 delinquentibus.
3303 3410 3407 3477 Qui
3431 3428 3518 3465 co-

1919 3502 2233 3572 gitaverunt.
2300 3502 2454 3570 Quod
2501 3505 2752 3573 superius
2802 3504 2937 3558 dixit
2985 3502 3367 3573 singulariter,
3426 3502 3517 3557 hic

1921 3593 2160 3665 loquitur
2187 3596 2488 3665 pluraliter,
2518 3597 2648 3667 quia
2678 3606 2734 3653 et
2761 3613 2871 3651 uua
2898 3612 3078 3653 massa
3112 3608 3195 3652 est
3220 3612 3431 3663 eorum,
3460 3605 3519 3651 et

1921 3690 2219 3744 secundum
2252 3689 2517 3761 singulos,
2555 3700 2682 3746 sunt
2725 3688 3071 3760 multiplices.
3104 3690 3187 3744 Ab
3237 3689 3323 3744 his
3362 3703 3513 3759 ergo,

1921 3781 2173 3849 Domine,
2207 3798 2306 3837 oro
2337 3792 2391 3837 ut
2421 3783 2623 3852 eripias
2650 3797 2758 3851 me,
2784 3799 2851 3838 ne
2881 3783 3192 3839 conformer
3216 3782 3313 3837 eis.
3353 3800 3373 3832 ι
3409 3781 3517 3847 Qui

1923 3875 2299 3945 cogitaverunt
2325 3874 2660 3945 iniquitates,
2690 3893 2709 3927 ι
2743 3884 2798 3930 ει
2829 3876 2964 3930 tales
2998 3876 3338 3945 iniquitates,
3380 3889 3518 3943 quas

1922 3982 2028 4022 non
2057 3983 2125 4022 ex
2156 3967 2332 4035 libris,
2377 3983 2554 4039 neque
2598 3970 2666 4024 ab
2697 3969 2877 4040 aliqua
2914 3971 3263 4037 auctoritate,
3314 3967 3411 4025 sed
3456 3968 3516 4021 in

1922 4061 2077 4116 corde
2098 4061 2492 4118 adinvenerunt
2515 4078 2584 4118 ex
2614 4062 2902 4127 industria,
2940 4072 2997 4119 et
3035 4072 3157 4134 post
3198 4062 3519 4118 adinventas

1921 4160 2032 4207 tota
2055 4153 2159 4219 die,
2190 4152 2245 4208 id
2279 4162 2363 4209 est
2381 4154 2617 4220 assidue,
2656 4155 3038 4209 constituebant
3064 4152 3274 4224 praelia,
3321 4151 3519 4224 pugnis

1923 4245 2282 4315 quaestionum
2323 4246 2520 4317 quibus
2573 4260 2674 4302 nos
2724 4246 3201 4318 impugnaverunt.
3249 4244 3520 4299 Aeuerunt

1922 4337 2178 4411 linguam.
2208 4338 2445 4396 Necesse
2474 4346 2558 4395 est
2584 4347 2649 4394 ut
2672 4353 2760 4393 me
2782 4339 3007 4409 eripias,
3044 4337 3171 4408 quia
3205 4350 3314 4391 non
3344 4335 3519 4405 quali-

1927 4438 2223 4501 tercunque
2248 4446 2338 4487 me
2367 4432 2703 4503 impugnant,
2736 4430 2831 4486 sed
2874 4430 2927 4484 in
2970 4429 3103 4500 ipsis
3126 4426 3519 4498 qumstionibus

1923 4524 2038 4580 suis
2065 4532 2319 4578 acuerunt
2354 4523 2589 4593 linguam
2614 4538 2786 4588 suam,
2816 4521 2869 4576 id
2895 4528 2999 4587 est,
3050 4528 3210 4574 acuta
3239 4528 3294 4575 et
3334 4517 3521 4573 subtili

1928 4613 2415 4684 argumentatione,
2461 4612 2761 4668 existentes
2806 4613 2940 4666 sicut
2976 4622 3258 4682 serpentes.
3305 4611 3522 4667 Leviter

1844 4686 1903 4748 Ῑ)
1929 4714 2207 4779 arrepunt,
2232 4714 2292 4760 ut
2321 4720 2428 4761 non
2472 4705 2776 4761 sentiantur
2811 4704 2983 4760 donec
3034 4705 3345 4776 percutiant
3380 4722 3392 4758 :
3445 4704 3520 4758 ita

1928 4802 2029 4873 ipsi
2058 4808 2225 4874 agunt
2244 4801 2569 4873 quibusdam
2600 4799 3007 4856 inductionibus
3027 4800 3142 4856 suis
3164 4806 3436 4871 repentes,
3460 4805 3522 4851 ut

1928 4912 2035 4951 non
2062 4895 2273 4966 possint
2313 4894 2487 4964 decipi
2534 4894 2704 4949 donec
2756 4893 3050 4963 decipiant,
3112 4909 3213 4950 nec
3260 4892 3522 4947 incedunt

1928 4978 2077 5044 recto
2100 4988 2341 5053 tramite,
2383 4987 2526 5042 sicut
2570 5003 2679 5043 nec
2697 4996 3002 5056 serpentes,
3046 4988 3141 5044 sed
3180 4986 3403 5041 ﬂectunt
3452 4983 3523 5038 de

1927 5078 2195 5133 sententia
2250 5078 2304 5132 in
2355 5077 2700 5133 sententiam.
2746 5078 2814 5133 Et
2863 5095 2973 5134 non
3011 5079 3185 5135 solum
3233 5077 3522 5132 vulnerant

1931 5170 2073 5225 sicut
2102 5168 2327 5239 quilibet
2363 5178 2666 5240 serpentes,
2713 5171 2807 5226 sed
2847 5186 3100 5226 venenum
3145 5170 3411 5241 aspidum,
3465 5170 3520 5224 id

1930 5271 2036 5328 est,
2065 5263 2121 5318 in
2143 5262 2323 5317 medio
2351 5261 2549 5317 habilis
2582 5277 2739 5318 error
2758 5271 2841 5318 εει
2864 5263 2960 5317 sub
2991 5261 3167 5327 labiis,
3200 5261 3253 5316 id
3283 5268 3386 5324 est,
3416 5260 3519 5313 sub

1928 5357 2113 5428 lingua
2138 5372 2339 5410 eorum.
2366 5354 2586 5410 Custodi
2609 5372 2713 5421 me,
2739 5355 2979 5410 Domine.
3006 5354 3223 5425 Repetit
3252 5353 3395 5423 quod
3423 5367 3517 5406 su-

1928 5451 2113 5523 perius
2132 5451 2284 5515 dixit,
2310 5449 2470 5520 Eripe
2494 5465 2594 5513 me,
2628 5458 2688 5503 ut
2711 5448 2963 5503 ostendat
2988 5445 3246 5515 majorem
3274 5442 3516 5498 necessi-

1932 5553 2099 5601 tatem
2139 5543 2430 5615 eripiendi.
2475 5541 2552 5597 ibi
2581 5542 2725 5597 enim
2756 5556 2865 5596 non
2902 5537 3301 5601 determinavit,
3357 5551 3425 5589 an
3463 5535 3517 5589 in

1927 5638 2017 5693 illa
2048 5635 2452 5708 impugnatione
2498 5641 2643 5688 esset
2672 5640 2862 5688 contra
2904 5646 2986 5697 se,
3032 5646 3099 5685 an
3140 5637 3330 5686 contra
3358 5627 3515 5684 alios.

1928 5728 2027 5784 Hic
2050 5729 2163 5800 jam
2207 5726 2338 5782 dicit
2375 5725 2442 5779 de
2472 5723 2671 5794 seipso.
2718 5722 2763 5777 Ο
2811 5722 3057 5785 Domine,
3086 5719 3281 5791 inquit,
3314 5716 3520 5771 custodi

1925 5838 2008 5877 me
2040 5820 2336 5877 secundum
2364 5814 2843 5887 perseverantiam,
2874 5814 2938 5868 de
2980 5828 3167 5879 manu,
3210 5810 3263 5865 id
3305 5817 3409 5873 est,
3450 5805 3519 5860 de

1924 5913 2243 5987 operatione
2268 5910 2356 5968 vel
2384 5910 2452 5967 de
2487 5916 2758 5982 potestate
2786 5907 3099 5981 peccatoris,
3142 5901 3384 5973 ejusdem
3414 5898 3519 5955 sci-

3000 6003 3080 6063 26
