4038 6490
542 519 639 576 811

1164 510 1425 569 REMlGll
1462 499 2118 566 ANTISSIODORENSIS
2156 497 2304 557 OPP.
2342 497 2524 555 PARS
2562 498 2603 552 Ι.
2645 526 2715 538 -
2747 491 3160 553 EXEGETICA.
3632 486 3714 549 ιιι

542 633 672 689 licet
694 641 858 702 quem
880 623 1149 696 ‘superius
1173 624 1376 680 malum
1406 624 1675 680 hominem
1708 620 1864 687 dixit,
1905 634 1974 676 ne
2012 616 2119 675 elli-
2146 619 2201 681 Α
2222 592 2409 672 eorum
2441 625 2495 672 et
2531 613 2878 685 magistratus
2920 610 3190 673 dilatetur,
3233 612 3289 661 et
3312 602 3428 702 inde
3460 603 3717 678 glorientur.

544 725 659 781 ciar
677 698 919 780 imitator
943 717 1129 783 talium
1158 718 1211 773 in
1231 718 1499 787 pravitate
1524 715 1666 771 vitae.
1697 733 1716 767 ι
1752 713 1912 783 Eripe
1941 725 2028 767 me
2048 710 2116 765 ab
2216 710 2275 767 In
2329 725 2394 766 eo
2437 718 2618 765 autem
2668 707 2811 779 quod
2871 705 3036 769 dicit,
3089 717 3194 758 non
3248 698 3419 754 tradas
3459 698 3721 761 desiderium

542 815 855 873 hominibus
884 811 1100 881 iniquis,
1139 829 1156 864 ι
1203 810 1271 865 ab
1302 808 1406 865 illis
1430 807 1661 873 eisdem,
1688 821 1755 863 ne
1777 805 2119 876 acquiescam

544 907 828 966 sententias
862 920 1070 963 eorum.
1104 900 1208 968 Qui
1246 903 1599 972 cogitaverunt
1649 897 2005 970 supplantare.
2054 894 2123 951 Et

544 1000 770 1057 multum
795 1011 1015 1055 necesse
1035 1004 1116 1050 est
1138 1002 1198 1049 ut
1221 1006 1309 1047 me
1337 992 1540 1062 eripias
1571 990 1639 1045 ab
1670 989 1775 1044 illis
1802 988 1894 1059 qui
1916 986 2121 1058 cogita-

543 1101 740 1151 verunt
762 1089 1117 1162 supplantare,
1149 1086 1199 1142 id
1224 1096 1308 1143 est
1334 1082 1695 1158 praecipitare,
1720 1096 1926 1153 gressus
1957 1093 2120 1142 meos,

541 1186 601 1242 id
643 1193 746 1251 est,
774 1180 1155 1239 rectitudinem
1202 1177 1327 1237 fidei
1357 1191 1465 1248 qua
1512 1173 1850 1231 incedebam.
1905 1166 1972 1223 Et
2016 1183 2124 1224 non

543 1283 755 1333 tantum
778 1273 884 1329 hoc
909 1270 1308 1342 cogitaverunt,
1350 1264 1445 1323 sed
1476 1264 1644 1321 etiam
1674 1263 1940 1317 absconse
1965 1272 2127 1329 para-

540 1374 737 1426 verunt
762 1364 1005 1438 laqueum
1028 1361 1180 1425 mihi,
1202 1360 1256 1414 id
1283 1366 1389 1424 est,
1412 1354 1759 1439 multis'betQ“
1788 1360 1843 1409 et
1869 1350 2074 1407 utiliter
2093 1364 2126 1405 a

540 1477 632 1519 me
658 1458 841 1525 dictis,
864 1454 1125 1511 insidiose
1146 1451 1461 1522 quaerebant
1501 1447 1808 1519 captionem
1846 1461 1860 1499 :
1890 1443 2019 1514 quia
2071 1448 2128 1497 et

540 1550 647 1622 ipsi
667 1546 899 1621 superbi,
927 1543 1071 1617 quod
1091 1542 1369 1615 proprium
1409 1547 1491 1596 est
1516 1538 1917 1604 haereticorum,
1957 1532 2126 1590 multa

541 1644 683 1701 bene
731 1648 788 1697 et
825 1636 1055 1703 utiliter,
1099 1645 1155 1693 et
1206 1631 1601 1692 rationabiliter
1651 1628 2028 1702 exponebant,
2069 1633 2125 1682 et

542 1734 834 1808 quamdam
874 1728 1189 1802 religionem
1217 1724 1510 1791 habebant,
1561 1731 1621 1779 ut
1657 1736 1725 1778 eo
1768 1716 1983 1776 facilius
2009 1730 2125 1808 pos-

542 1806 666 1887 seut
680 1822 1015 1899 persuadere
1038 1819 1353 1877 falsitatem.
1384 1815 1453 1872 Et
1478 1813 1629 1887 funes
1667 1809 2028 1869 extenderunt.
2058 1806 2127 1899 Et

542 1917 838 1978 utfacilius
871 1914 1227 1987 illaquearent
1252 1910 1429 1983 funes,
1458 1908 1511 1964 id
1542 1915 1648 1974 est,
1680 1903 1864 1960 ﬁrmas
1902 1910 1958 1959 et
1985 1898 2124 1955 vali-

2218 815 2422 866 meum,
2449 810 2497 854 et
2527 815 2590 854 ne
2618 796 2946 867 derelinquas
2972 798 3083 859 me,‘
3096 793 3320 848 liberum
3345 789 3592 847 arbitrium
3610 801 3726 851 notat

2221 905 2345 947 cum
2387 890 2584 963 gratia.
2625 891 2705 946 Ac
2731 888 2774 943 si
2823 888 2969 942 dicat
3002 884 3152 956 :Ego
3195 881 3472 939 secundum
3498 883 3723 938 arbitrium

2221 989 2405 1054 persto
2437 981 2489 1036 in
2530 996 2725 1053 pugna,
2755 986 2813 1034 tu
2858 977 3152 1034 secundum
3197 975 3415 1046 gratiam
3445 987 3509 1029 ne
3539 974 3723 1030 derelin-

2225 1086 2361 1142 quas
2397 1087 2503 1127 mc.
2533 1068 2703 1141 Caput
2745 1068 3014 1124 circuitus.
3045 1064 3190 1137 Opus
3217 1073 3301 1120 est
3339 1071 3397 1118 ut
3419 1079 3517 1120 non
3546 1063 3727 1120 derelin-

2225 1177 2383 1234 quas,
2410 1162 2535 1234 quia
2576 1162 2629 1216 in
2675 1163 2778 1217 hoc
2821 1160 3054 1216 maxime
3091 1157 3381 1213 timendum
3410 1165 3505 1222 εει,
3533 1156 3731 1227 ambages

2227 1255 2650 1328 disputationum
2678 1269 2859 1309 eorum
2900 1251 3175 1324 aperirent
3210 1256 3389 1320 caput,
3430 1248 3479 1302 id
3509 1255 3600 1314 est,
3623 1262 3731 1302 sum—

2226 1361 2371 1402 mam
2396 1345 2598 1402 erroris
2637 1358 2847 1412 eorum,
2877 1350 2938 1398 ut
2979 1341 3069 1397 vix
3094 1339 3287 1412 aliquis
3320 1337 3483 1410 possit
3517 1338 3641 1408 ipsos
3660 1339 3732 1393 cir~

2226 1438 2403 1495 ειιίιιιε
2427 1445 2735 1508 penetrare.
2761 1436 2973 1492 Dictum
2996 1441 3078 1490 est
3099 1448 3128 1488 a
3152 1428 3490 1488 similitudine
3506 1430 3735 1501 serpentis,

2226 1533 2319 1605 qui
2348 1529 2534 1590 multis
2562 1530 2726 1603 spiris
2765 1530 2942 1602 cperit
2968 1534 3154 1600 caput,
3190 1526 3244 1582 in
3275 1539 3382 1598 quo
3415 1524 3518 1580 vita
3547 1538 3627 1579 sua
3660 1532 3736 1587 est,

2225 1637 2298 1680 ne
2343 1621 2504 1680 facile
2548 1622 2724 1695 possit
2766 1620 3038 1677 vulnerari
3083 1618 3138 1674 in
3180 1618 3373 1689 capite.
3416 1614 3597 1672 Eodem
3623 1613 3739 1669 modo

2224 1716 2467 1774 haeretici
2529 1714 2832 1773 sententias
2887 1711 3139 1769 muniunt
3202 1709 3427 1768 diversis
3475 1706 3741 1771 rationibus,

2223 1823 2305 1887 ne.
2334 1808 2546 1880 possint
2590 1805 2928 1872 labefactari,
2976 1812 3036 1860 ut
3071 1802 3218 1859 vivat
3251 1800 3466 1859 haeresis
3501 1813 3675 1855 eorum.
3695 1796 3743 1853 Et

2225 1899 2449 1972 exponit
2496 1900 2642 1971 quod
2686 1898 2821 1955 dixit
2857 1912 2873 1952 :
2912 1894 3089 1953 Labor
3133 1894 3391 1951 labiorum
3434 1893 3670 1963 ipsorum,
3706 1887 3745 1944 id

543 2011 796 2070 dissimas
838 1982 1353 2080 ιτκαὶιιειιωιίοιιεε.
1397 2014 1535 2072 quas
1576 2012 1736 2054 nemo
1776 1999 1959 2069 posset
1989 2006 2131 2047 1⁸11111-
2156 1990 2204 2055 Β
2231 2003 2349 2063 εει,
2397 1993 2561 2057 verba
2611 2007 2732 2065 qua:
2783 2005 2906 2048 cum
2964 1989 3133 2046 multo
3183 1989 3372 2045 labore
3428 1982 3743 2045 adinveniunt,

543 2118 674 2177 pere
699 2102 822 2161 sine
844 2099 1023 2173 gratia
1047 2097 1144 2154 Dei
1165 2094 1449 2170 adiutrice,
1475 2098 1835 2149 contexeruut
1855 2096 1912 2144 et
1935 2095 2125 2145 exten-

543 2194 744 2251 derunt
763 2192 834 2249 ad
870 2191 991 2258 hoc,
1030 2198 1091 2249 ut
1131 2188 1264 2245 mibi
1315 2195 1500 2245 essent
1547 2185 1604 2240 in
1647 2182 1917 2256 laqueum,
1967 2180 2019 2237 id
2046 2186 2129 2235 est

545 2282 939 2355 deeeptionem.
980 2278 1050 2337 Et
1084 2276 1228 2333 unde
1269 2275 1504 2332 maxime
1531 2271 1754 2327 timendi
1786 2278 1930 2337 sunt,
1969 2267 2128 2353 juxta

543 2378 665 2443 iter,
691 2375 748 2433 id
770 2382 877 2441 est,
894 2371 1050 2443 juxta
1073 2369 1452 2427 auctoritatem
1482 2366 1888 2439 Scripturarum
1913 2371 2129 2420 sancta-

544 2481 690 2535 rum,
719 2474 1005 2539 posuerunt
1050 2463 1178 2520 mihi
1214 2459 1550 2525 scandalum,
1601 2460 1654 2515 id
1700 2466 1784 2514 est
1830 2455 2128 2512 offendicu-

544 2559 659 2617 luin
685 2577 700 2614 :
732 2559 895 2617 modo
916 2558 987 2614 de
1011 2556 1337 2628 Evangeliis,
1383 2553 1543 2611 modo
1572 2554 1639 2609 de
1678 2550 1940 2625 epistolis,
1971 2549 2130 2606 modo

546 2652 616 2707 de
639 2649 973 2722 reliquorum
1019 2647 1243 2705 Patrum
1295 2646 1513 2718 scriptis
1561 2644 1807 2717 exempla
1850 2644 2127 2708 ducentes,

545 2750 604 2799 et
649 2741 757 2798 alio
803 2755 967 2797 sensu
1011 2748 1365 2812 exponentes.
1409 2738 1489 2793 Ac
1519 2738 1564 2793 si
1595 2737 1780 2792 dicat:
1824 2732 1960 2790 Tum
2012 2736 2132 2790 ideo

546 2842 676 2892 sunt
697 2834 943 2901 timendi,
974 2833 1105 2905 quia
1132 2832 1290 2889 funes
1312 2832 1615 2889 extendunt
1641 2848 1655 2885 :
1690 2839 1801 2901 tum
1831 2830 1972 2896 ideo,
2007 2830 2131 2903 quia

547 2928 938 2999 smpeturbant
969 2926 1374 2985 auctoritatem.
1419 2924 1486 2980 Et
1527 2925 1664 2980 bene
1696 2923 1914 2988 dicitur,
1965 2920 2131 2975 Juxta

546 3019 687 3075 uiam
709 3032 730 3073 :
754 3018 880 3090 quia
907 3031 1083 3090 neque
1111 3018 1332 3075 omnino
1380 3026 1508 3073 sunt
1556 3016 1612 3073 in
1648 3016 1756 3081 via,
1808 3030 1983 3086 neque
2020 3030 2135 3069 om-

546 3110 679 3168 nino
708 3111 970 3168 recedunt
1013 3110 1082 3171 ab
1127 3125 1230 3167 ea:
1283 3110 1404 3169 ideo
1452 3110 1630 3166 minus
1662 3110 1845 3165 caveri
1888 3117 2131 3180 possunt.

550 3198 679 3257 Dixi
702 3200 951 3258 Domino.
988 3201 1267 3259 Convertit
1298 3216 1355 3257 se
1394 3202 1462 3257 ad
1492 3200 1786 3267 auditores,
1828 3214 2137 3273 proponens

550 3292 940 3364 se'exemplum
971 3292 1100 3361 illis,
1129 3303 1183 3349 et
1218 3293 1403 3353 dicens
1440 3310 1454 3348 :
1510 3293 1577 3348 Et
1623 3309 1747 3349 cum
1778 3290 1934 3363 juxta
1968 3300 2019 3346 te
2048 3308 2135 3346 me

550 3384 951 3460 impugnarent,
997 3400 1106 3445 non
1155 3400 1276 3442 sum
1324 3384 1561 3442 conlisus
1604 3384 1657 3440 in
1690 3383 1955 3457 sapientia
1987 3399 2131 3449 mea,
2159 3364 2206 3427 ο

549 3493 654 3537 nec
684 3480 739 3535 in
760 3478 971 3535 viribus
999 3479 1157 3547 meis,
1194 3494 1294 3535 nec
1319 3488 1640 3537 extraneum
1680 3477 1907 3549 quaesivi
1953 3486 2135 3553 patro-

549 3587 703 3640 num,
729 3571 825 3629 sed
850 3569 1053 3627 contuli
1078 3585 1166 3626 me
1208 3569 1275 3625 ad
1318 3570 1628 3638 Dominum,
1651 3580 1706 3625 et
1729 3569 1839 3625 dixi
1870 3577 1979 3624 tam
2005 3583 2138 3624 voce

550 3663 829 3730 interiori,
874 3677 1036 3736 quam
1076 3678 1209 3719 voce
1260 3662 1565 3719 exteriori:
1613 3661 1656 3717 Ο
1701 3660 1946 3728 Domine,
1994 3661 2138 3717 Deus

550 3773 721 3825 meus,
748 3756 805 3813 id
832 3766 937 3826 est,
971 3756 1201 3813 Creator
1228 3772 1379 3813 meus
1421 3772 1475 3811 es
1512 3766 1569 3810 tu
1601 3772 1619 3811 :
1653 3756 1793 3812 sicut
1835 3772 1941 3813 non
1982 3755 2138 3829 potui

552 3851 853 3908 subsistere
897 3850 951 3906 in
982 3850 1157 3921 prima
1200 3849 1472 3907 creatione
1506 3850 1609 3907 nisi
1651 3866 1746 3921 per
1781 3859 1865 3918 te,
1920 3850 1993 3904 ita
2030 3866 2138 3906 non

555 3959 776 4015 possum
821 3943 1082 3999 custodiri
1119 3943 1223 3999 nisi
1270 3960 1368 4014 per
1420 3951 1489 3999 te.
1542 3943 1605 3998 Et
1649 3943 1770 3999 ideo
1806 3944 2001 3998 exaudi
2048 3960 2139 3998 vo.

554 4050 664 4089 cem
712 4034 1090 4105 deprecationis
1132 4049 1292 4101 mete,
1345 4034 1399 4089 id
1444 4043 1560 4102 εει,
1596 4034 1785 4091 confer
1819 4035 1949 4090 milii
1996 4034 2139 4104 quod

554 4126 803 4199 designat
847 4141 951 4183 vox
995 4142 1114 4183 mea
1164 4128 1551 4199 deprecatoris.
1600 4127 1843 4198 Domine,
1899 4127 2138 4196 Domine,

552 4219 739 4275 virtus.
783 4217 940 4274 Modo
988 4220 1207 4290 exponit
1244 4235 1362 4290 quas
1403 4220 1472 4275 sit
1504 4221 1843 4291 deprecatio,
1885 4220 2137 4288 Domine,

553 4307 776 4365 Domine
806 4325 826 4365 :
853 4293 1083 4381 quorum
1128 4310 1354 4368 alterum
1403 4323 1486 4368 est
1514 4312 1870 4384 adjectivum,
1910 4311 2139 4367 alterum

552 4402 856 4471 proprium.
885 4402 964 4458 Ac
1010 4405 1056 4463 si
1099 4404 1245 4460 dicat
1274 4422 1287 4458 :
1321 4401 1423 4471 Tu,
1454 4402 1712 4473 Domine,
1759 4403 1851 4476 qui
1883 4402 2143 4461 Dominus

554 4510 616 4550 es
650 4510 797 4562 vere,
832 4503 909 4561 tu,
939 4495 1083 4561 dico,
1122 4496 1283 4552 virtus
1328 4511 1446 4551 mea
1476 4495 1529 4551 in
1561 4496 1984 4567 impugnatione,
2022 4509 2142 4567 qua:

556 4584 729 4639 virtus
757 4594 842 4640 est
876 4584 1118 4642 ellectrix
1148 4586 1337 4641 salutis
1369 4602 1503 4641 meae
1530 4587 1584 4641 in
1606 4586 1806 4642 futuro.
1835 4585 1987 4656 Quod
2019 4586 2142 4642 inde

555 4676 839 4745 probatur,
864 4676 990 4747 quia
1021 4678 1279 4734 hactenus
1326 4678 1457 4733 mihi
1493 4677 1669 4750 posito
1708 4679 1761 4733 in
1801 4680 1884 4735 die
1915 4678 2056 4746 belli,
2088 4680 2141 4735 id

556 4774 662 4833 est,
702 4766 1105 4839 impugnatione
1130 4770 1542 4838 brereticorum,
1569 4771 1910 4838 obumbrasti,
1956 4770 2008 4827 id
2037 4781 2139 4841 est,

555 4858 1028 4915 obumbrationem
1075 4870 1129 4916 et
1178 4860 1519 4933 refrigerium
1566 4862 1699 4917 mihi
1753 4860 1948 4929 fecisti,
1987 4879 2145 4933 super

557 4959 711 5018 caput
743 4965 937 5018 meum,
981 4953 1033 5008 id
1061 4962 1162 5020 cst,
1211 4970 1374 5025 super
1408 4964 1642 5009 mentem
1687 4970 1878 5019 meam,
1912 4972 1981 5010 ne
2015 4955 2144 5010 deﬁ-

557 5054 738 5096 cerem
778 5039 835 5094 in
876 5050 1013 5096 testu
1059 5043 1437 5099 tribulationis.
1466 5044 1571 5109 Tu,
1602 5045 1722 5100 dico
1764 5044 2005 5108 Domine,
2034 5061 2141 5098 non

557 5132 739 5186 tradas
765 5130 1091 5189 desiderium
1143 5149 1321 5189 meum
1360 5134 1645 5205 peccatori,
1688 5135 1740 5190 id
1789 5142 1871 5190 εει
1906 5134 2138 5203 diabolo,

558 5229 645 5284 vel
684 5231 975 5298 haereticis,
1026 5228 1279 5286 subaudis
1326 5228 1382 5284 in
1413 5237 1767 5301 potestatem,
1816 5235 1874 5284 ut
1917 5244 2021 5284 non
2056 5244 2146 5285 ac—

559 5324 839 5394 quiescam
864 5325 964 5381 eis.
998 5322 1338 5379 Desiderium
1373 5323 1570 5395 quippe
1596 5339 1773 5380 meum
1810 5331 1913 5391 est,
1944 5332 2002 5379 ut
2029 5338 2143 5393 per-

560 5429 807 5472 severem
833 5418 887 5471 in
917 5415 1229 5472 sinceritate
1256 5414 1384 5472 ﬁdei
1418 5430 1487 5471 ne
1510 5425 1930 5488 corrumpantur
1955 5433 2146 5474 sensus

560 5507 692 5573 mei,
728 5506 870 5562 sicut
902 5506 1141 5579 corrupti
1189 5515 1318 5563 sunt
1367 5522 1558 5564 sensus
1594 5506 1737 5573 Eva),
1773 5508 1988 5579 quando
2018 5524 2145 5564 con-

562 5598 733 5654 sensit
775 5597 1033 5669 scrpenti.
1083 5597 1150 5653 Et
1178 5615 1400 5655 necesse
1429 5608 1513 5655 εει
1557 5609 1615 5655 ιιι
1661 5616 1746 5655 me
1792 5616 1897 5655 non
1941 5600 2143 5670 tradas,

562 5687 693 5759 quia
722 5690 1075 5760 cogitaverunt
1116 5701 1300 5746 contra
1330 5707 1431 5755 me,
1464 5690 1515 5745 id
1543 5699 1644 5757 est,
1679 5693 1747 5746 ad
1784 5692 1887 5747 hoc
1917 5700 1979 5763 ut
2017 5706 2144 5750 con-

566 5779 722 5835 trarii
749 5781 880 5837 mihi
908 5789 1110 5838 essent.
1141 5780 1267 5839 ldeo
1299 5780 1453 5854 ponit
1479 5784 1832 5854 praeteritum,
1860 5790 1918 5838 ut
1954 5785 2144 5841 innuat

468 5913 485 5925 .
568 5870 693 5938 quia
715 5868 828 5937 jam
856 5871 1192 5941 inceperunt,
1235 5884 1289 5929 et
1338 5874 1513 5931 adhuc
1544 5876 1595 5930 in
1628 5892 1691 5932 eo
1736 5885 1901 5931 stant.
1935 5877 2015 5932 Ne
2049 5878 2141 5933 de-

572 5959 834 6029 relinquas
866 5976 964 6023 me,
993 5977 1053 6016 ne
1080 5960 1211 6030 forte
1240 5966 1551 6032 exaltentur,
1586 5968 1636 6023 id
1662 5980 1767 6035 cst,
1798 5984 1863 6023 ne
1902 5971 2143 6027 doctrina

2228 2084 2458 2159 aperiet,
2502 2083 2557 2140 id
2597 2092 2715 2152 est,
2768 2081 3063 2140 occultabit
3114 2097 3221 2137 eos.
3278 2077 3477 2135 Cadent
3522 2090 3652 2145 super
3674 2088 3745 2141 ,εοι

2229 2179 2498 2236 carbones.
2536 2177 2638 2233 Hic
2674 2176 2911 2233 ostendit
2938 2190 2998 2232 se
3022 2188 3132 2231 non
3172 2188 3243 2230 ex
3283 2170 3561 2229 difﬁdentia
3589 2180 3744 2231 orasse,

2227 2275 2323 2333 sed
2358 2273 2427 2332 ad
2470 2271 2906 2329 informationem
2950 2269 3199 2325 aliorum.
3245 2267 3428 2333 Oravi,
3470 2266 3677 2336 inquam,
3703 2268 3746 2318 ut

2228 2385 2336 2426 non
2367 2367 2695 2426 exaltentur.
2734 2365 2801 2421 Et
2847 2365 2919 2420 ita
2953 2364 3076 2420 erit.
3123 2363 3297 2429 Super
3340 2362 3583 2433 quosdam
3604 2371 3744 2413 eorum

2229 2462 2414 2517 cadent
2449 2460 2697 2515 carbones
2724 2457 2876 2530 igniti
2910 2455 3245 2524 desolatorii,
3288 2455 3343 2510 id
3388 2462 3486 2520 est,
3512 2448 3746 2510 auctoritas

2230 2550 2598 2625 apostolorum
2645 2558 3071 2620 caeterorumque
3118 2547 3400 2605 doctorum
3448 2558 3622 2616 magno
3654 2554 3750 2611 quo-

2233 2643 2357 2700 dam
2407 2641 2643 2713 pondere
2675 2639 2943 2713 opprimet
2986 2653 3102 2707 eos,
3157 2645 3216 2693 ut
3249 2653 3358 2693 non
3406 2636 3618 2693 habeant
3644 2630 3750 2702 quod

2232 2744 2424 2792 contra
2456 2735 2688 2799 hiscant,
2718 2732 2872 2805 juxta
2905 2732 3035 2789 illud
3068 2750 3080 2787 :
3119 2749 3139 2785 ι
3167 2731 3365 2788 Omnis
3390 2730 3622 2801 iniquitas
3644 2724 3753 2795 oppi-

2232 2825 2368 2885 labit
2395 2843 2456 2884 os
2486 2843 2641 2882 suum
2671 2825 2788 2898 (Ps.
2820 2824 2950 2899 ενι).
2988 2843 3009 2879 ι
3050 2824 3115 2881 Ει
3140 2840 3249 2881 non
3289 2834 3496 2881 tantum
3525 2823 3593 2879 sic
3614 2815 3751 2890 oppri-

2234 2932 2471 2992 mentur,
2497 2922 2588 2978 sed
2620 2921 2784 2979 etiam
2815 2920 3031 2992 dejicies
3048 2936 3133 2976 eos
3155 2933 3187 2975 a
3211 2918 3477 2991 superbia
3501 2930 3606 2985 sua,
3627 2908 3751 2985 proji-

2234 3016 2427 3074 ciendo
2471 3016 2526 3071 in
2572 3016 2763 3088 ignem,
2809 3022 2870 3073 ut
2908 3013 3122 3069 ﬂanima
3168 3011 3408 3084 Spiritus
3437 3007 3593 3067 sancti
3619 3016 3756 3060 accen-

2234 3108 2433 3164 dantur
2491 3115 2545 3163 et
2594 3105 2987 3162 illuminentur.
3039 3103 3104 3160 Et
3158 3104 3290 3176 quia
3352 3102 3689 3176 opprimentur
3721 3099 3756 3148 et

2235 3202 2741 3271 inﬂammabuntur,
2772 3200 2998 3257 ulterius
3032 3219 3050 3253 ι
3092 3215 3203 3261 non
3234 3197 3531 3256 subsistent
3567 3193 3614 3250 in
3639 3189 3758 3247 mise—

2237 3294 2356 3361 riis,
2404 3314 2423 3347 ι
2466 3293 2519 3349 id
2546 3303 2647 3361 est,
2675 3293 2726 3347 in
2752 3292 3028 3348 erroribus
3069 3292 3199 3348 suis.
3244 3287 3343 3345 Vir
3374 3288 3640 3362 linguosus.
3671 3278 3763 3349 ρυὶο

2237 3388 2360 3443 dam
2400 3385 2616 3441 illorum
2658 3385 2751 3456 qui
2789 3398 2847 3441 se
2876 3383 3177 3449 humiliant,
3221 3381 3663 3441 illuminaliuntur,
3697 3370 3763 3428 sed

2238 3481 2316 3536 uir
2335 3479 2626 3551 linguosus,
2664 3479 2716 3534 id
2746 3486 2849 3557 est,
2878 3479 2973 3551 qui
3007 3480 3061 3535 in
3117 3479 3431 3549 oqnacitate
3470 3490 3562 3533 sua
3604 3480 3765 3545 perm-

2237 3580 2333 3628 net
2384 3579 2437 3628 et
2484 3571 2759 3643 superbia,
2803 3585 3044 3627 errorem
3106 3583 3266 3627 suum
3309 3568 3590 3627 defendere
3616 3562 3764 3623 nitens,

2240 3683 2345 3724 non
2365 3667 2620 3739 dirigetur
2647 3667 2814 3724 etiam
2855 3669 2911 3723 in
2940 3676 3103 3735 terra,
3146 3667 3240 3722 ubi
3287 3664 3440 3724 locus
3467 3674 3548 3722 est
3572 3653 3768 3717 directio.

2240 3758 2363 3815 nis:
2398 3758 2493 3815 sed
2520 3773 2734 3831 semper
2765 3766 3007 3815 tortuose
3032 3758 3237 3815 incedit
3262 3758 3506 3817 cadendo
3530 3756 3591 3812 de
3629 3758 3770 3808 errore

2242 3851 2297 3907 in
2320 3865 2586 3909 errorem.
2616 3870 2635 3904 ι
2666 3849 2851 3907 Virum
2878 3848 3137 3920 injusium
3168 3852 3316 3907 mala
3345 3853 3557 3924 capient
3576 3848 3623 3904 in
3646 3846 3773 3901 inter

2243 3945 2346 4009 itu,
2381 3963 2401 3998 ι
2441 3946 2494 4001 id
2527 3953 2628 4011 est,
2653 3961 2760 3999 non
2804 3952 3012 4002 tantum
3042 3960 3200 4015 paena
3226 3945 3277 4001 ei
3309 3945 3582 4017 continget
3608 3941 3653 3995 in
3672 3949 3773 4008 prte-

2244 4038 2407 4105 senti,
2445 4038 2540 4093 sed
2563 4038 2727 4094 etiam
2753 4038 2805 4093 in
2829 4036 3065 4105 interitu,
3099 4036 3152 4095 id
3172 4049 3275 4105 est,
3309 4055 3437 4097 cum
3459 4034 3775 4094 dissolveturt

2243 4143 2493 4203 corpore,
2548 4138 2674 4184 tunc
2723 4130 3183 4201 comprehendent
3218 4147 3346 4188 eum
3404 4129 3562 4196 mala,
3610 4124 3653 4182 id
3700 4126 3777 4185 esi.

2245 4227 2375 4276 tunc
2411 4219 2647 4290 primum
2671 4220 2931 4292 incipient
2958 4237 3130 4295 poenzc
3158 4231 3401 4290 aeternze,
3432 4237 3563 4294 quas
3583 4218 3659 4276 hic
3680 4227 3777 4287 (ιυο-

2247 4311 2531 4368 dammodo
2558 4310 2710 4382 fugit.
2760 4310 2860 4367 Hic
2901 4311 3097 4370 incutit
3122 4321 3392 4371 terrorem
3419 4314 3561 4382 aliis,
3598 4324 3654 4365 ne
3677 4318 3774 4361 con-

2245 4401 2547 4458 formentur
2573 4401 2864 4460 haereticis.
2897 4399 3126 4476 Cognovi
3172 4404 3301 4476 quia
3353 4404 3510 4476 faciet
3554 4399 3762 4456 Dominus

2252 4511 2273 4545 ι
2304 4492 2486 4548 Virum
2514 4492 2775 4564 injustum
2798 4493 2941 4551 mala
2962 4496 3199 4567 capient,
3225 4516 3244 4547 ι
3278 4495 3334 4552 id
3357 4504 3462 4563 est,
3486 4492 3750 4550 hzereticum

2246 4586 2390 4656 quod
2410 4586 2525 4641 scio
2546 4602 2614 4642 ex
2656 4587 2779 4655 hoc,
2816 4587 2945 4659 quia
2984 4587 3211 4660 cognovi
3237 4589 3385 4660 quod
3417 4607 3435 4640 ι
3467 4586 3619 4642 faciet
3646 4576 3779 4635 Domi.

2248 4694 2348 4734 nus
2362 4679 2625 4748 judicium
2658 4680 2852 4753 inOpis,
2883 4700 2903 4733 ›
2938 4678 2994 4736 id
3024 4689 3128 4748 εει,
3159 4682 3534 4737 rcmunerabit
3562 4681 3611 4734 in
3642 4674 3782 4728 futuro

2249 4772 2485 4829 humiles
2539 4789 2703 4839 suos,
2752 4782 2808 4830 et
2851 4789 3121 4845 pauperes
3153 4773 3505 4838 vindicabit,
3567 4763 3781 4840 puniendo

2248 4875 2627 4937 persecutores
2685 4865 2777 4936 qui
2842 4880 2939 4921 eos
3014 4867 3492 4944 impugnaverunt.
3547 4860 3648 4917 Hoc
3697 4857 3784 4909 idm

2248 4955 2538 5029 repetitum
2592 4964 2710 5017 est,
2782 4963 2842 5006 ut
2895 4953 3216 5009 ostendatur
3264 4954 3394 5024 quia
3443 4968 3568 5008 vere
3611 4954 3784 5021 prout?r

2248 5058 2512 5115 pauperes
2539 5042 2814 5114 patientur
2836 5059 3047 5115 pinnas.
3092 5040 3470 5099 Verumtamen
3506 5041 3641 5113 iusti.
3670 5037 3715 5091 In
3738 5045 3787 5086 eo

2249 5135 2392 5208 quod
2440 5139 2593 5209 ponit
2646 5139 2965 5206 vindictam,
3026 5137 3453 5211 subintelligitur
3503 5126 3786 5206 impugnatio

2247 5247 2563 5302 pauperum.
2596 5232 2677 5287 Ad
2726 5230 2832 5297 hoc
2864 5232 3083 5305 respicit
3117 5230 3247 5289 illud
3288 5242 3657 5293 verumtamen,
3694 5224 3785 5277 ita:

2246 5321 2377 5385 licet
2407 5322 2540 5394 justi
2574 5324 2959 5396 impugnentur
2984 5334 3038 5382 et
3065 5326 3386 5397 puniantur,
3423 5335 3601 5381 tamen
3640 5339 3657 5373 ι
3687 5328 3787 5373 ωη-

2247 5412 2548 5470 ﬁtebuntur
2594 5416 2799 5471 nomini
2854 5425 2969 5484 tuo,
3015 5436 3035 5471 ι
3099 5416 3154 5473 id
3198 5425 3311 5483 est,
3361 5415 3714 5473 indesinenter
3753 5408 3791 5457 te

2248 5502 2585 5561 laudabunt:
2618 5514 2674 5562 et
2719 5507 2839 5563 ideo
2880 5506 3097 5564 tandem
3138 5507 3191 5563 in
3226 5507 3415 5562 futuro
3464 5522 3486 5557 ι
3519 5500 3791 5560 habitabant

2248 5618 2372 5658 cum
2394 5601 2542 5659 vultu
2574 5610 2691 5671 tuo,
2723 5623 2741 5655 ι
2781 5603 2831 5660 id
2873 5614 2976 5670 est,
3014 5602 3066 5658 in
3107 5601 3394 5673 praesentia
3429 5610 3519 5657 tua
3548 5602 3792 5671 permane-

2246 5692 2423 5750 bunt:
2468 5695 2554 5752 vel
2590 5710 2713 5752 cum
2758 5693 2896 5767 Filio
2927 5704 3038 5760 tuo,
3071 5694 3161 5766 qui
3191 5702 3274 5750 est
3316 5693 3504 5765 imago
3528 5690 3692 5746 vultus
3715 5680 3790 5738 tui-

2246 5788 2441 5858 Aliter,
2475 5789 2630 5862 quasi
2663 5789 2861 5861 aliquis
2900 5788 3106 5846 diceret
3140 5805 3152 5843 :
3187 5786 3341 5846 Unde
3387 5786 3501 5844 scis
3541 5783 3659 5857 quia
3687 5796 3704 5831 ι
3729 5773 3792 5830 vi-

2249 5897 2369 5937 rum
2406 5881 2663 5953 injustum
2699 5880 2837 5938 maia
2864 5881 3122 5953 capient?
3147 5901 3164 5934 ι
3204 5881 3291 5936 Ait
3318 5895 3333 5935 :
3360 5878 3502 5949 Quia
3529 5894 3548 5929 ι
3577 5870 3793 5931 Dominus

2248 5977 2334 6031 hic
2364 5976 2523 6032 faciet
2548 5975 2809 6045 judicium
2841 5978 3037 6048 inopis,
3070 5997 3086 6028 ι
3132 5975 3183 6032 id
3208 5984 3308 6043 est,
3336 5972 3491 6044 justo
3512 5966 3701 6043 judicio
3718 5974 3794 6016 5th
