4038 6462
280 474 391 530 815

1410 490 1593 547 ENAR
1602 492 1940 553 RATIONES
1976 497 2044 553 lN
2084 498 2419 558 PSALMOS.

3446 517 3549 571 8M

276 585 372 697 hic
410 584 643 697 ﬂagellat
663 603 842 697 quem
874 594 1083 665 recipit.
1130 595 1197 651 Et
1239 600 1516 656 uindictam
1555 622 1862 676 pauperum,
1894 613 1945 673 Α
1969 620 2315 679 aeternorum,
2345 614 2485 670 sicut
2513 613 2694 671 fumus
2723 617 2931 675 incensi
2954 622 3125 677 tendit
3146 639 3215 679 au
3242 631 3545 697 superiora.

276 677 539 733 subaudis
574 679 753 750 faciet,
787 683 842 737 id
867 694 969 750 est,
1003 687 1057 741 in
1086 704 1351 759 pauperes
1380 709 1507 750 suos
1560 696 1647 752 hic
1688 700 1868 755 vindi-

275 770 427 825 cabit
468 773 726 844 quidquid
772 776 1117 850 deliquerint.
1166 782 1278 837 Etsi
1321 788 1480 841 modo
1543 805 1648 844 non
1695 794 1867 861 parcit

276 864 414 928 suis,
443 865 609 922 multo
640 868 816 925 minus
844 870 899 925 in
926 871 1107 928 futuro
1149 888 1337 945 parcet
1371 877 1602 947 injustis.
1639 882 1743 937 Sed
1790 893 1868 938 ta-

275 971 402 1010 men
428 956 559 1026 just:
591 975 617 1012 a
647 960 803 1017 laude
829 973 918 1019 tua
942 981 1047 1020 non
1071 968 1349 1037 dcsnstent,
1378 970 1503 1026 licet
1534 988 1628 1030 eos
1662 973 1868 1043 judicio

277 1057 372 1103 tuo
398 1051 610 1120 punias.
659 1052 726 1108 Et
749 1054 870 1111 ideo
921 1059 1136 1113 tandem
1184 1061 1238 1113 in
1285 1060 1511 1117 futurOt
1550 1066 1868 1122 habitabunt

276 1156 402 1194 cum
431 1143 576 1198 vultu
612 1153 726 1212 tuo,
761 1166 779 1197 ι
820 1148 872 1202 id
895 1158 999 1216 est,
1024 1166 1145 1206 cum
1166 1152 1302 1209 Filio
1328 1163 1440 1222 tuo,
1464 1159 1554 1228 qui
1586 1169 1667 1214 est
1688 1162 1868 1231 imago

278 1250 390 1303 tua,
409 1240 474 1295 de
486 1240 681 1309 quibus
703 1243 817 1313 ipse
839 1244 1002 1300 dixit:
1033 1266 1050 1299 ι
1072 1246 1250 1316 Pater,
1268 1250 1388 1307 volo
1411 1263 1467 1307 ut
1492 1255 1581 1310 ubi
1606 1270 1721 1311 sum
1742 1272 1864 1328 ego,

273 1332 349 1384 ibi
386 1332 456 1385 sit
482 1341 538 1387 et
568 1334 814 1391 minister
837 1352 991 1392 meus
1014 1337 1198 1410 (Joaa.
1231 1358 1331 1409 xu,
1356 1344 1464 1415 l7).
1504 1365 1524 1399 ι

820 1449 1143 1509 PSALMUS
1180 1454 1336 1511 CXL.

772 1559 1078 1603 PBALIUS
1140 1566 1366 1606 DAVID.

348 1656 365 1686 ι
420 1635 666 1703 Domine,
714 1637 945 1695 clamavi
992 1644 1060 1698 ad
1110 1652 1184 1709 te,
1226 1646 1423 1700 exaudi
1474 1661 1597 1701 me:
1648 1648 1865 1705 intende

273 1745 292 1777 ‹
345 1727 464 1781 voci
502 1743 635 1783 meae
659 1743 784 1785 cum
815 1731 1121 1790 elamavero
1152 1737 1219 1792 ad
1251 1745 1321 1792 te.
1356 1738 1636 1810 Dirigatur
1684 1744 1864 1798 oratio

274 1834 293 1866 α
345 1834 464 1873 mea
513 1820 656 1876 sicut
705 1822 986 1880 incensum
1029 1827 1082 1882 in
1126 1839 1420 1901 conspectu
1477 1842 1591 1899 tuo,
1632 1833 1863 1891 elevatio

274 1926 293 1957 ι
342 1924 603 1965 manuum
643 1927 886 1970 mearum
924 1917 1251 1975 sacriﬁcium
1279 1924 1660 1992 vespertinum.
1690 1925 1858 1995 Pone,

1970 700 2085 760 Hoc
2129 714 2213 759 est
2254 706 2457 773 dicere,
2488 722 2595 762 non
2619 716 2826 764 tantum
2860 708 3027 767 facias
3073 728 3171 771 nos
3213 731 3370 774 orare
3407 725 3551 791 quod

1969 796 2232 850 orandum
2260 808 2361 858 est,
2394 799 2490 853 sed
2529 800 2693 855 etiam
2723 801 2863 856 bona
2900 803 3218 872 intentione,
3252 810 3302 864 id
3330 820 3433 878 est,
3465 828 3551 870 re-

1969 897 2155 956 spectu
2197 902 2543 953 aeternorum,
2570 902 2626 946 ut
2665 894 2711 948 si
2735 910 2834 964 pro
2864 898 3119 966 sospitate
3152 916 3388 967 oramus,
3430 906 3552 962 ideo

1968 976 2063 1031 ﬁat
2102 987 2159 1031 ut
2197 980 2390 1035 melius
2427 981 2740 1039 insistemus
2778 986 3112 1043 orationibus
3136 1000 3192 1044 et
3230 993 3352 1047 aliis
3392 994 3551 1052 bonis

1969 1070 2194 1125 actibus.
2221 1072 2289 1127 Et
2311 1088 2417 1127 non
2458 1082 2664 1129 tantum
2691 1077 2868 1131 oratio
2899 1079 3186 1150 dirigatur,
3215 1083 3309 1138 sed
3332 1084 3550 1142 claudio

1968 1180 2219 1217 manuum
2254 1183 2513 1232 mearum,
2546 1169 2600 1223 id
2629 1180 2734 1235 est,
2760 1172 2915 1227 bonae
2938 1175 3268 1242 operationis
3295 1192 3449 1245 mete,
3480 1179 3553 1235 sit

1966 1256 2282 1325 sacriﬁcium
2304 1262 2673 1330 vespertinum,
2696 1263 2796 1319 hoc
2815 1275 2922 1331 est,
2952 1282 3055 1321 non
3078 1277 3283 1323 tantum
3310 1271 3383 1326 sit
3404 1285 3553 1329 com-

1966 1350 2131 1422 pletio
2174 1354 2425 1409 matutini
2457 1344 2737 1423 sacriﬁcii,
2781 1359 2832 1413 id
2881 1370 2964 1416 est
3007 1365 3209 1420 veteris
3254 1366 3407 1437 legis,
3454 1368 3549 1424 sed

1967 1444 2128 1499 etiam
2162 1461 2332 1512 novae,
2374 1463 2494 1518 quae
2537 1451 2845 1517 observata,
2876 1463 2959 1509 est
2996 1457 3342 1525 sacriﬁcium,
3373 1460 3427 1516 id
3466 1469 3552 1517 est

1965 1536 2185 1608 placens
2225 1538 2358 1594 Deo.
2392 1539 2551 1597 Sicut
2571 1552 2751 1600 autem
2778 1555 2900 1614 post
2940 1562 3134 1603 novam
3167 1565 3276 1606 non
3306 1553 3552 1622 sequitur

1965 1628 2068 1684 alia
2094 1629 2200 1695 lex,
2225 1633 2305 1686 sic
2332 1641 2454 1702 post
2492 1649 2778 1705 vesperum
2831 1654 2940 1694 non
2984 1641 3232 1710 sequitur
3272 1643 3377 1700 alia
3416 1645 3550 1701 hora

1965 1720 2067 1777 diei
2093 1737 2108 1776 :
2134 1722 2255 1779 ideo
2284 1739 2390 1779 non
2410 1728 2562 1796 ponit
2591 1731 2938 1785 matutinum.
2957 1730 3063 1788 Sed
3088 1738 3338 1804 ponendo
3362 1751 3553 1809 vespe-

1965 1829 2108 1881 rum,
2133 1816 2226 1870 dat
2253 1816 2477 1888 intelligi
2518 1818 2647 1873 illud
2685 1824 3031 1890 praecessisse
3062 1839 3159 1894 per
3187 1828 3342 1899 cujus
3378 1829 3548 1885 solam

1964 1906 2379 1977 completionem
2416 1925 2575 1967 nemo
2609 1922 2785 1982 potest
2833 1914 3047 1970 salvari.
3092 1914 3259 1983 Pone,
3306 1920 3545 1989 Domina,

273 2020 293 2053 ε
342 2001 593 2073 nomine’
643 2008 942 2065 cusmdiam
983 2011 1069 2066 οτί
1113 2027 1255 2079 meo,
1291 2022 1345 2069 et
1372 1989 1590 2072 hstium
1628 1989 1859 2076 circum;
1891 1989 1936 2051 Β
1962 2000 2653 2071 custodiam.Etnsqueeo,
2681 2005 2924 2073 Domine,
2954 2022 3211 2078 promove
3237 2025 3323 2065 me
3346 2011 3399 2065 in
3414 2025 3546 2068 con-

271 2112 291 2145 t
335 2096 551 2156 stantia:
588 2096 748 2154 labiis
796 2103 951 2158 meis.
1004 2103 1119 2159 Non
1173 2106 1412 2164 declines
1449 2125 1546 2165 cor
1584 2126 1765 2167 meum
1806 2112 1858 2167 in

268 2203 292 2237 ι
341 2188 503 2243 verba
562 2191 805 2272 malitias,
855 2197 924 2250 ad
975 2198 1312 2255 excusandas
1370 2204 1747 2259 excusationes
1803 2204 1857 2259 in

271 2297 290 2329 ι
337 2282 600 2350 peccatis.
628 2283 762 2339 Cum
786 2285 1465 2360 hominibus'operantibus
1493 2294 1854 2365 iniquitatem,

270 2390 289 2424 ι
334 2384 392 2427 et
443 2390 547 2431 non
587 2380 1001 2436 communicabo
1038 2396 1161 2437 cum
1206 2383 1395 2440 eiectis
1433 2400 1643 2441 eorum.
1676 2388 1857 2445 Corri-

267 2485 286 2518 ι
331 2467 445 2537 piet
473 2469 759 2541 mesjustus
790 2474 843 2529 in
876 2476 1271 2547 misericordia,
1301 2488 1356 2536 et
1386 2480 1687 2553 increpabit
1728 2496 1851 2540 me:

269 2580 289 2612 ι
334 2561 519 2618 oleum
570 2573 751 2620 autem
818 2571 1123 2639 peccatoris
1180 2588 1289 2629 non
1349 2574 1646 2647 impinguet
1694 2590 1855 2649 caput

266 2672 285 2705 ι
332 2670 533 2711 meum.
569 2656 835 2725 Quoniam
857 2663 1033 2718 adhuc
1054 2671 1109 2718 et
1135 2665 1314 2719 oratio
1344 2678 1463 2721 mea
1504 2667 1561 2721 in
1593 2667 1852 2739 benepla~

267 2761 287 2796 ι
333 2746 458 2803 citis
500 2762 711 2817 eorum,
760 2752 1002 2823 abserpti
1054 2763 1182 2810 sunt
1218 2754 1393 2825 juncti
1444 2764 1610 2827 petr:e
1644 2757 1855 2827 judices

262 2854 283 2888 ι
329 2852 541 2895 eorum.
584 2839 819 2899 Audient
862 2846 1029 2901 verba
1079 2861 1201 2902 mea
1239 2848 1495 2917 quoniam
1539 2859 1850 2921 potuerunt,

260 2945 281 2978 ι
321 2927 467 2987 sicut
513 2931 818 2989 crassitudo
859 2942 1018 2992 terra:
1051 2946 1244 3007 erupta
1283 2947 1369 2994 est
1418 2954 1583 3011 super
1627 2949 1848 2998 terram.

260 3036 281 3071 ‹
326 3019 600 3094 Dissipata
623 3035 750 3082 sunt
776 3041 901 3083 ossa
922 3038 1107 3086 nostra
1130 3045 1289 3089 secus
1316 3031 1601 3100 infernum,
1630 3036 1756 3107 quia
1786 3038 1852 3093 ad

260 3127 282 3163 ι
330 3114 682 3182 te,.Domine,
708 3118 957 3187 Domine,
981 3122 1125 3177 oculi
1152 3124 1257 3179 mei
1286 3142 1299 3177 :
1330 3125 1383 3179 in
1411 3134 1462 3179 te
1481 3128 1717 3197 speravi,
1743 3144 1851 3185 non

260 3222 283 3257 ι
329 3206 550 3267 auferas
568 3213 803 3269 animam
830 3230 1027 3271 meam.
1058 3217 1280 3274 Custodi
1308 3234 1395 3276 me
1423 3235 1454 3275 a
1473 3221 1668 3293 laqueo
1685 3238 1846 3295 quem

259 3314 278 3349 ι
325 3306 639 3359 statuerunt
682 3306 838 3374 mihi,
882 3316 940 3363 et
982 3323 1013 3362 a
1044 3310 1316 3367 scandulis
1358 3314 1701 3383 operantium
1747 3315 1849 3371 ini-

259 3406 277 3439 ι
324 3390 616 3459 quitatem.
665 3394 873 3454 Cadent
921 3400 975 3454 in
1022 3401 1287 3458 retiaculo
1331 3401 1449 3472 eius
1487 3414 1841 3475 peccatores;

260 3497 279 3529 ι
322 3480 674 3552 singulariter
707 3503 826 3545 sum
855 3504 957 3561 ego
986 3491 1157 3548 donec
1189 3500 1483 3551 transeam.
1526 3512 1546 3549 ι

827 3582 1280 3640 ENARRATIO.

326 3666 576 3727 Psaltnus
618 3671 790 3727 David
821 3680 905 3729 est
943 3675 1067 3743 iste,
1087 3676 1141 3731 id
1176 3685 1279 3743 est,
1320 3678 1686 3748 perfectorem
1716 3681 1845 3739 fide—

253 3757 409 3827 lium,
434 3762 528 3832 qui
563 3762 650 3819 hic
676 3773 837 3821 orant
872 3781 1089 3823 omnem
1129 3768 1516 3838 perfectionem
1562 3772 1707 3839 vitae,
1740 3774 1844 3829 sci-

253 3848 383 3907 licet
409 3862 467 3907 ut
488 3855 667 3924 primo
694 3857 855 3912 detur
889 3861 969 3915 eis
990 3874 1149 3915 orare
1176 3862 1318 3931 quod
1358 3863 1620 3918 orandum
1655 3872 1758 3930 est,
1791 3875 1844 3919 et

253 3960 318 4002 ea
344 3932 644 4004 intentione
670 3964 776 4020 qua
806 3959 1055 4021 oportet:
1087 3961 1144 4007 et
1187 3953 1380 4009 deinde
1418 3956 1575 4010 detur
1598 3956 1678 4011 eis
1705 3956 1842 4011 bene

255 4038 495 4108 operari,
529 4040 601 4095 ita
644 4050 703 4097 ut
740 4041 889 4113 digni
914 4044 1024 4099 sint
1049 4046 1414 4114 exauditione,
1442 4057 1497 4103 et
1536 4049 1671 4105 adeo
1712 4050 1843 4104 [iant

254 4132 640 4199 consummati,
669 4141 730 4188 ut
757 4149 858 4189 nec
877 4144 1104 4204 peccent
1146 4137 1200 4191 in
1240 4137 1454 4210 lingua;
1492 4147 1587 4193 aut
1615 4140 1659 4195 si
1700 4139 1843 4196 forte

251 4223 619 4291 peccaverint,
645 4240 753 4281 non
777 4236 1073 4283 excusent:
1110 4229 1176 4284 ad
1201 4238 1529 4297 extremum,
1558 4240 1615 4287 ut
1638 4230 1838 4288 conﬁr—

254 4323 474 4370 mentur
497 4316 554 4371 in
577 4316 1034 4376 tribulationibus.

323 4409 569 4477 Domine,
602 4409 824 4468 clamavi
848 4414 917 4467 ad
942 4423 1012 4468 te.
1045 4413 1090 4470 Ο
1113 4414 1361 4482 Domine,
1382 4416 1475 4487 qui
1508 4410 1843 4489 es'omnipo‘

254 4511 397 4568 tens,
425 4511 479 4557 et
524 4503 644 4561 ideo
687 4514 842 4576 potes
881 4507 1142 4563 exaudire
1176 4525 1190 4561 :
1223 4508 1471 4575 clamavi,
1503 4509 1557 4565 id
1593 4518 1680 4565 est
1718 4527 1838 4566 cum

252 4594 555 4653 intentione
596 4597 899 4655 devotionis
938 4600 1114 4665 oravi,
1158 4600 1454 4670 respiciens
1492 4602 1560 4654 ad
1587 4610 1634 4656 te
1663 4603 1841 4672 quies

1961 2092 2402 2160 summationem,
2428 2103 2488 2148 ut
2509 2110 2681 2165 ponas
2705 2097 3001 2153 custodiam
3021 2101 3102 2153 ori
3139 2117 3274 2168 meo,
3300 2109 3359 2157 ut
3379 2102 3547 2159 sciam

1959 2187 2175 2255 quando
2197 2195 2251 2242 et
2272 2186 2469 2257 quibus
2489 2187 2561 2242 sit
2589 2189 2936 2259 loquendum,
2967 2193 3185 2262 quando
3208 2206 3338 2249 vero
3363 2203 3547 2252 tacens

1961 2276 2108 2332 dum.
2130 2277 2198 2333 Et
2226 2293 2295 2334 ne
2316 2279 2512 2350 aliquis
2531 2289 2746 2351 putaret
2772 2296 2898 2337 eum
2926 2283 3001 2339 ita
3028 2298 3209 2353 orare,
3224 2287 3546 2355 custodiam,

1958 2378 2019 2424 ut
2090 2385 2368 2441 nunquam
2432 2371 2655 2428 deberet
2735 2372 2925 2443 loqui,
2992 2374 3336 2431 determinat.
3401 2376 3551 2432 Pone

1957 2462 2150 2518 ostium
2171 2463 2325 2519 labiis
2345 2464 2496 2531 meis,
2513 2464 2568 2520 id
2592 2473 2699 2532 est,
2720 2466 2926 2536 inspira
2950 2467 3082 2522 mihi
3106 2466 3253 2522 illam
3277 2468 3383 2523 vim
3412 2466 3548 2524 lutet

1956 2559 2092 2624 rius,
2120 2564 2183 2613 ut
2208 2572 2315 2613 non
2341 2571 2556 2629 semper
2587 2559 3001 2629 aperiatur,nec
3023 2574 3240 2632 semper
3264 2562 3550 2619 claudatur

1955 2662 2018 2705 os
2042 2662 2241 2715 meum,
2275 2650 2416 2705 sicut
2442 2650 2641 2707 ostium
2667 2651 2736 2705 ad
2763 2652 2866 2708 hoc
2892 2660 2988 2709 εει·
3006 2652 3061 2711 in
3089 2653 3273 2719 domo,
3298 2660 3357 2709 ut
3385 2654 3549 2711 vicis-

1955 2742 2059 2797 sim
2113 2743 2388 2813 aperiatur
2435 2752 2493 2799 et
2538 2744 2843 2800 claudatur.
2900 2746 2967 2801 Et
3019 2760 3126 2802 non
3173 2746 3550 2819 qualecunque

1955 2836 2175 2904 ostium,
2208 2840 2307 2894 sed
2335 2840 2538 2895 ostium
2572 2840 3008 2908 circumstantiw,
3044 2840 3099 2896 id
3128 2848 3215 2898 est
3258 2842 3399 2911 quod
3440 2842 3548 2898 cir-

1956 2944 2295 3003 cumquaque
2332 2932 2539 2989 muniat
2574 2948 2768 2989 omnes
2810 2947 3003 2991 sensus
3037 2934 3306 3005 corporis,
3337 2940 3397 2988 ut
3438 2948 3544 2988 non

1955 3037 2174 3093 peccem
2215 3025 2268 3079 in
2304 3026 2402 3081 eis.
2432 3044 2455 3081 ι
2490 3024 2607 3081 Non
2638 3026 2877 3083 declines
2912 3041 3008 3082 cor
3036 3041 3239 3082 meum.
3274 3044 3295 3079 ι
3343 3026 3401 3080 in
3444 3026 3546 3082 hoc

1956 3116 2121 3170 etiam
2146 3118 2339 3173 exaudi
2367 3134 2473 3185 me,
2503 3128 2562 3175 ut
2603 3134 2711 3175 non
2755 3134 2974 3189 peccem
3020 3121 3073 3176 in
3105 3116 3449 3193 cogitatione.
3481 3120 3547 3177 Et

1955 3207 2059 3265 hoc
2088 3219 2174 3265 est
2205 3212 2347 3281 quod
2377 3211 2508 3267 dicit
2538 3228 2552 3265 :
2580 3210 2695 3268 Non
2726 3219 2936 3268 tantum
2968 3226 3102 3283 pone
3130 3213 3425 3269 custodiam
3464 3216 3547 3268 ori

1956 3318 2093 3369 meo,
2119 3302 2213 3358 sed
2256 3304 2299 3359 si
2331 3305 2622 3376 contigerit
2658 3320 2746 3361 me
2782 3319 3031 3377 peccare,
3062 3308 3206 3377 quod
3247 3306 3542 3362 humanum

1875 3374 1921 3439 C
1949 3401 2055 3459 est,
2080 3409 2182 3448 non
2205 3394 2452 3463 declines,
2477 3374 2653 3459 idest,
2669 3374 3096 3468 non—permittas:
3111 3395 3407 3465 humiliari,
3433 3410 3541 3463 car,

1950 3483 2007 3539 id
2056 3494 2141 3539 est
2191 3494 2423 3541 mentem
2472 3500 2682 3554 meam,
2726 3501 2795 3544 eo
2837 3501 3009 3559 usque
3054 3497 3115 3544 ut
3164 3489 3459 3546 descendat
3488 3490 3549 3543 in

1946 3577 2099 3632 verba
2122 3578 2359 3644 malitirv,
2383 3580 2435 3634 id
2462 3588 2565 3645 est,
2600 3595 2707 3636 non
2738 3590 2947 3636 tantum
2978 3581 3121 3637 absit
3147 3595 3178 3636 a
3206 3595 3295 3636 me
3317 3579 3541 3647 locutio,

1948 3671 2043 3726 sed
2084 3672 2247 3726 etiam
2290 3687 2396 3727 non
2436 3673 2650 3743 placeat
2677 3674 2809 3729 mihi
2853 3675 3151 3730 secundum
3178 3671 3545 3746 cognitionem

1948 3777 2130 3818 sermo
2179 3764 2571 3820 malitiosorum
2621 3765 2931 3833 hominum,
2980 3778 3089 3837 quo
3134 3780 3192 3821 se
3237 3770 3538 3831 excusant,

1948 3865 2169 3926 peccata
2198 3872 2295 3912 sua
2335 3856 2421 3913 vel
2450 3857 2574 3913 fatis
2615 3858 2956 3930 imputando,
2983 3857 3068 3912 vel
3104 3856 3406 3913 inﬁrmitati
3436 3855 3537 3911 hu-

1948 3965 2124 4005 manae
2156 3951 2503 4008 conditionis.
2536 3950 2669 4019 Quae
2693 3950 2951 4007 videntur
2971 3951 3134 4007 verba
3160 3949 3539 4023 justiﬂcantia,

1950 4057 2072 4098 cum
2106 4058 2296 4099 revera
2343 4044 2453 4099 sint
2494 4044 2736 4100 malitiae.
2767 4043 2881 4100 Etsi
2921 4044 3212 4115 contigerit
3249 4043 3542 4113 aliquando

1947 4145 2010 4193 ut
2051 4152 2138 4193 me
2180 4152 2455 4205 excusem,
2490 4158 2508 4191 σ
2539 4154 2643 4194 non
2674 4138 2910 4194 declines
2936 4152 3032 4194 cor
3059 4152 3238 4193 meum
3269 4138 3336 4193 ad
3368 4153 3537 4193 excu-

1950 4229 2149 4284 sandas
2169 4230 2564 4295 excusationes,
2590 4229 2695 4285 mei
2729 4229 2890 4300 positi
2921 4229 2973 4283 in
3000 4230 3261 4299 peccatis,
3297 4248 3316 4282 ι
3354 4230 3406 4284 id
3429 4239 3532 4293 est,

1948 4335 2056 4375 non
2079 4321 2363 4391 permittas
2390 4336 2477 4375 me
2505 4319 2792 4375 defendere
2812 4318 3216 4391 excusationem
3245 4318 3531 4373 adductam

1950 4413 2067 4468 sive
2086 4413 2138 4466 in
2159 4429 2265 4479 me,
2284 4415 2397 4468 sive
2418 4414 2470 4467 in
2492 4412 2632 4475 aliis,
2649 4426 2749 4466 nec
2773 4426 3017 4467 asserere
3037 4425 3122 4464 me
3146 4410 3284 4464 bene
3305 4411 3528 4465 dixisse.

1956 4524 1973 4556 ι
2008 4504 2141 4559 Cum
2172 4504 2482 4561 hominibus
2510 4503 2878 4574 operantibus.
2923 4522 2939 4553 ι
2984 4502 3136 4570 Quod
3183 4503 3226 4557 si
3270 4503 3401 4557 mihi
3433 4502 3537 4557 hoc

1950 4596 2307 4660 concesseris,
2342 4605 2400 4649 ut
2430 4595 2693 4665 dirigatur
2735 4594 2910 4649 oratio
2938 4606 3078 4657 mea,
3117 4602 3169 4648 et
3210 4594 3280 4649 sit
3309 4593 3537 4649 clevatio

251 4689 604 4747 misericors;
646 4702 700 4749 ει
730 4693 857 4763 quia
893 4704 1066 4762 ροιοε,
1094 4695 1281 4750 confer
1307 4696 1449 4765 quod
1476 4711 1593 4751 οιοο⁶
1625 4697 1689 4751 Ει
1712 4700 1838 4769 quia
1868 4750 1918 4769 ἢ
1950 4700 2205 4741 manuum
2269 4699 2512 4739 mearum
2573 4684 2902 4738 sacrificium
2956 4684 3321 4753 vespertinum
3368 4701 3382 4737 :
3431 4698 3536 4739 non

205 4762 223 4855 ί
252 4795 528 4850 nunquam
562 4792 644 4838 εει
669 4750 1063 4843 capsum-[natio
1093 4786 1146 4840 in
1181 4789 1281 4842 hac
1320 4750 1453 4854 irim,
1492 4750 1745 4855 clamavi:
1784 4798 1839 4844 et
1868 4750 1918 4809 D
1946 4781 2358 4845 communicabo,
2391 4781 2441 4834 id
2471 4787 2572 4845 051,
2603 4778 2801 4832 nullam
2852 4775 3396 4831 communicationem
3442 4776 3535 4831 iiii-

208 4841 223 4897 ?
253 4841 431 4928 adhuc
456 4874 721 4931 clamabo.
768 4875 837 4930 Et
868 4892 985 4930 cum
1015 4878 1307 4932 clamavero
1339 4879 1407 4932 ad
1446 4888 1515 4945 te,
1544 4880 1841 4950 respiciens
1943 4876 2107 4941 bebo,
2129 4891 2245 4929 cum
2275 4875 2569 4929 hominibus
2599 4870 2934 4942 operantibus
2958 4870 3287 4940 iniquitatem
3314 4886 3325 4921 :
3352 4878 3405 4924 ct
3429 4884 3532 4922 non

254 4966 463 5019 intende
486 4967 595 5020 voci
621 4984 771 5031 metu,
803 4968 856 5022 id
888 4976 991 5032 est,
1024 4968 1293 5023 intonsum
1317 4969 1402 5025 iac
1431 4972 1483 5025 in
1507 4973 1843 5030 exhibitione
1947 4976 2158 5023 tantum
2190 4968 2309 5023 dico
2348 4968 2414 5021 de
2454 4966 2779 5030 minoribus.
2802 4965 2893 5019 89d
2919 4965 3083 5019 etiam
3114 4979 3217 5017 "0"
3246 4963 3537 5017 Communi'

203 5035 414 5125 lhujus
452 5056 550 5122 rei,
594 5072 758 5127 quam
805 5058 1105 5128 designabit
1132 5076 1233 5115 vox
1275 5076 1394 5116 mea
1442 5062 1555 5118 sive
1593 5064 1837 5130 interior,
1947 5062 2076 5117 cabo
2116 5076 2235 5115 cum
2279 5061 2452 5115 eiectis
2499 5076 2713 5126 eorum,
2759 5059 2901 5128 quod
2946 5058 3119 5128 majus
3162 5066 3263 5112 est.
3300 5052 3534 5111 Facilius

250 5148 368 5203 sive
407 5150 662 5206 exterior.
722 5150 994 5221 Dirigatur
1022 5154 1191 5206 oratio
1244 5169 1379 5209 mea.
1434 5156 1591 5213 Modo
1624 5160 1846 5229 exponit
1947 5156 2092 5212 enim
2131 5153 2469 5210 consentitur
2496 5152 2649 5209 diviti
2680 5166 2839 5223 quam
2879 5152 3122 5223 pauperi.
3164 5149 3336 5204 Aliter
3360 5144 3534 5204 conti-

251 5243 381 5311 quid
408 5242 625 5311 clamet,
654 5245 883 5311 scilicet,
913 5246 1015 5301 hoc
1041 5246 1094 5299 in
1125 5247 1315 5317 primis
1341 5262 1461 5313 oro,
1495 5258 1553 5305 ut
1579 5251 1843 5322 dirigatur
1946 5256 2148 5306 nuatur
2175 5265 2189 5302 :
2222 5245 2345 5302 Non
2371 5247 2599 5302 declines
2632 5260 2724 5301 cor
2749 5262 2944 5310 meum,
2977 5253 3035 5299 ut
3059 5252 3309 5299 excusem
3354 5256 3438 5295 me
3476 5240 3531 5295 in

253 5333 425 5387 oratio
459 5349 601 5400 mea,
624 5334 677 5390 id
706 5342 789 5391 est
818 5335 1024 5390 directa
1058 5336 1338 5391 habeatur.
1373 5337 1440 5391 Et
1474 5340 1599 5407 quia
1634 5340 1839 5396 directa
1942 5341 2180 5413 peccatis
2204 5340 2345 5395 sicut
2369 5339 2543 5394 solent
2564 5354 2826 5394 excusare
2854 5344 3141 5407 operantes
3169 5333 3527 5402 iniquitatem.

250 5431 434 5491 posset
470 5423 659 5481 haberi
684 5434 945 5495 quantum
982 5428 1048 5482 ad
1083 5428 1348 5494 homines,
1385 5430 1589 5496 subdit,
1625 5432 1681 5486 in
1717 5449 1840 5486 con-

249 5524 431 5585 spectu
463 5524 578 5582 tuo,
606 5516 657 5573 id
684 5525 787 5584 est,
819 5519 873 5572 in
898 5519 1239 5589 benepiacito
1270 5530 1380 5585 tuo,
1412 5530 1473 5576 ut
1515 5523 1609 5578 tibi
1640 5524 1835 5592 placita

251 5607 537 5675 habeatur,
570 5616 630 5664 ut
676 5609 768 5665 illa
810 5624 963 5666 orem
1018 5627 1138 5682 qua:
1186 5614 1391 5668 oranda
1420 5623 1565 5670 sunt.
1602 5615 1669 5669 Et
1710 5617 1835 5686 quia

252 5699 433 5755 adhuc
478 5710 660 5770 posset
698 5717 858 5759 orare
897 5718 1019 5774 qua:
1052 5714 1234 5760 essent
1261 5706 1487 5771 oranda,
1520 5705 1613 5761 sed
1638 5720 1742 5760 non
1770 5721 1834 5762 ea

251 5789 556 5849 intentione
585 5810 691 5864 qua
727 5796 973 5863 deberet,
1022 5797 1279 5869 quoniam
1322 5798 1472 5853 multi
1504 5800 1607 5854 hoc
1645 5812 1836 5868 super-

250 5884 436 5944 biendi
464 5902 629 5945 causa
650 5899 826 5957 orant,
872 5893 1046 5947 adhuc
1078 5892 1436 5948 determinat:
1478 5892 1625 5947 Sicut
1662 5894 1840 5947 incen-

250 5995 393 6048 sam,
421 5989 483 6037 ut
526 5981 645 6053 ipsa,
669 5984 843 6041 oratio
895 5987 983 6039 fiat
1030 6000 1191 6039 causa
1233 6000 1608 6055 supernorum,
1656 5986 1709 6042 id
1755 5994 1840 6041 est

1944 5431 2098 5499 Quod
2123 5432 2166 5486 si
2192 5432 2294 5487 hoc
2321 5430 2536 5494 feceris,
2568 5444 2675 5484 non
2708 5428 2918 5482 habebo
2949 5421 3383 5480 communionem
3411 5432 3530 5473 cum

1941 5525 2141 5589 electis,
2167 5525 2219 5579 id
2245 5532 2346 5589 est,
2377 5522 2617 5595 prmlatis
2645 5526 2699 5576 et
2720 5518 3007 5590 praecipuis
3035 5530 3241 5571 eorum.
3273 5512 3531 5583 Corripiet

1946 5632 2047 5669 me.
2078 5614 2192 5668 Etsi
2234 5630 2339 5669 non
2379 5610 2736 5667 declinaveris
2765 5622 2862 5666 cor
2895 5622 3073 5663 meum
3103 5606 3155 5660 in
3183 5603 3345 5660 verba
3374 5602 3528 5657 mali-

1947 5705 2056 5771 tiae,
2088 5713 2146 5759 ut
2176 5719 2283 5759 non
2309 5717 2526 5773 peccem
2552 5700 2861 5773 cogitando,
2893 5712 2994 5756 nec
3024 5699 3077 5753 in
3110 5696 3345 5768 peccatis
3368 5704 3529 5749 excu—

1947 5798 2120 5853 sando
2146 5804 2403 5869 sequatur
2432 5796 2537 5853 hoc
2568 5796 2791 5863 bonum,
2821 5793 2965 5866 quod
2997 5793 3196 5863 aliquis
3219 5801 3392 5864 justus
3421 5800 3531 5841 cor-

1945 5890 2098 5959 ripiet
2126 5905 2206 5943 me
2235 5887 2604 5945 ecclesiastica
2638 5886 2945 5959 disciplina,
2977 5884 3183 5942 scilicet
3214 5876 3436 5953 jcjuniis
3477 5886 3529 5931 et

1949 5980 2273 6049 quandoque
2322 5980 2636 6036 verberibus
2671 5994 2685 6035 :
2719 5986 2776 6036 et
2809 5979 2929 6034 ideo
2973 5974 3215 6043 corripiet
3260 5986 3368 6035 me,
3405 5968 3525 6037 quia
