3920 5596
507 467 610 524 815

1131 467 1391 527 REMlGll
1427 468 2086 526 ANTISSIODORENSIS
2125 469 2275 526 OPP.
2320 467 2500 524 PARS
2537 467 2578 523 Ι.
2613 495 2682 508 --
2711 465 3127 524 EXEGETICA.

3673 462 3768 520 810

505 598 605 654 ego
635 597 723 637 me
756 581 977 638 omnino
1009 582 1289 640 disaccuso
1319 601 1334 640 :
1367 594 1412 639 et
1451 586 1733 656 increpabit
1758 602 1839 640 me
1869 585 2087 640 monitis
2114 592 2162 651 Α
2191 594 2256 648 te,
2297 600 2404 639 non
2431 584 2498 638 ad
2527 583 2868 654 temporalia,
2896 599 3000 638 nec
3036 585 3102 637 ad
3130 581 3491 651 patrocinium
3527 581 3765 636 alterius.

504 684 560 730 et
589 673 872 740 doctrinis,
901 682 956 730 et
993 675 1094 730 hoc
1134 677 1188 730 in
1232 677 1610 744 misericordia,
1641 677 1766 747 quia
1796 691 1895 748 ego
1931 677 2082 731 intel-

503 764 610 834 ligo
657 763 1081 820 misericorditer
1125 765 1259 820 ﬁeri.
1310 766 1464 833 Quod
1502 782 1608 821 non
1647 782 1882 836 agerem,
1913 767 1959 822 si
1999 781 2084 823 me

503 869 768 912 excusare
802 855 1012 910 vellem.
1043 854 1354 927 Correptio,
1396 858 1648 928 inquam,
1679 856 1810 928 justi
1855 857 2084 928 placebit

502 949 672 1016 mibi,
705 957 760 1006 et
806 948 1096 1018 intelligam
1143 964 1262 1004 eam
1311 965 1432 1005 esse
1480 949 1904 1005 misericordiam
1945 950 2084 1006 :sed

502 1037 696 1106 oleum,
723 1038 778 1094 id
799 1046 904 1104 est,
925 1038 1164 1094 adulatio
1183 1040 1470 1110 peccatoris
1497 1055 1600 1093 non
1621 1040 1904 1111 impinguet
1928 1048 2082 1110 caput

497 1145 694 1194 meum,
725 1129 781 1185 id
820 1139 926 1192 est.
952 1144 1062 1186 non
1093 1131 1326 1186 delectet
1357 1139 1590 1186 mentem
1645 1146 1843 1196 meam,
1877 1131 1930 1185 id
1977 1139 2084 1197 est,

501 1219 707 1273 utinam
750 1235 858 1275 non
891 1231 1208 1291 tmpmguet.
1242 1221 1308 1276 Et
1349 1222 1450 1276 boc
1484 1222 1604 1277 ideo
1651 1223 1783 1278 dicit
1822 1223 2082 1293 optando,

498 1311 625 1382 quia
654 1312 811 1368 multi
847 1313 1014 1369 etiam
1053 1313 1180 1370 boni
1218 1315 1526 1371 adulatione
1566 1315 1831 1371 malorum
1863 1317 2085 1371 subver-

501 1413 707 1459 tuntur.
742 1405 812 1460 Et
856 1405 1059 1461 idcirco
1083 1417 1307 1477 prOpter
1333 1405 1699 1462 difﬁcultatem
1728 1407 1949 1478 periculi
1979 1423 2084 1462 non

498 1499 650 1566 ponit
677 1498 805 1553 illud
832 1501 1188 1566 enuntiative,
1221 1501 1314 1556 sed
1342 1501 1568 1555 orando.
1595 1502 1858 1566 Quoniam
1889 1502 2082 1557 adhuc.

497 1591 708 1646 Revera
739 1608 843 1647 non
877 1593 1288 1648 communicabo
1331 1610 1452 1648 cum
1493 1594 1828 1663 principibus
1868 1609 2080 1662 eorum,

503 1699 521 1732 ι
564 1697 664 1736 nec
696 1683 875 1738 oleum
921 1684 1225 1754 peccatoris
1274 1685 1572 1755 impinguet
1621 1692 1780 1754 caput
1823 1702 2024 1749 meum,
2058 1704 2078 1736 ι

495 1776 624 1843 quia
675 1775 854 1844 potius
909 1775 1011 1844 ipsi
1066 1777 1548 1831 comrnunicabunt
1606 1778 1759 1832 mihi.
1819 1777 2083 1844 Quoniam

497 1865 692 1934 adhuc,
724 1865 981 1937 subaudis
1005 1868 1129 1934 erit,
1158 1870 1300 1938 quod
1347 1885 1453 1923 non
1493 1880 1698 1924 tantum
1737 1885 1901 1938 opera
1939 1887 2078 1936 mea,

2185 675 2252 730 Et
2271 676 2398 746 quia
2419 676 2620 744 speravi
2649 691 2713 730 ea
2743 691 2861 745 quae
2885 684 3010 730 sunt
3037 675 3089 728 in
3114 685 3182 738 te,
3205 673 3318 727 Non
3347 672 3443 727 tibi
3469 674 3766 741 dissimilia,

2181 765 2395 821 custodi
2433 780 2541 820 me.
2569 765 2805 835 Exponit
2833 765 3128 821 secundum
3149 764 3278 835 quid
3302 763 3683 832 accipiendum
3713 763 3772 817 sit

2184 858 2327 927 quod
2372 857 2549 912 dixit:
2583 875 2602 908 ‹
2637 855 2755 912 Non
2783 855 2998 912 auferas
3041 858 3276 912 animam
3322 871 3522 911 meam.
3560 854 3771 910 Custodi

2184 963 2272 1003 me
2309 964 2339 1002 a
2367 947 2559 1018 laqueo
2589 963 2750 1018 quem
2784 955 3089 1003 statuerunt
3123 949 3277 1014 mihi,
3315 968 3334 1002 ι
3370 948 3422 1003 id
3457 956 3566 1012 est,
3592 963 3625 1001 a
3665 963 3775 1018 pro-

2184 1039 2534 1096 missionibus
2559 1049 2613 1095 et
2636 1039 2912 1095 blanditiis
2936 1055 3144 1106 eorum,
3167 1041 3367 1110 quibus
3392 1055 3484 1096 me
3513 1040 3772 1094 devocare

2185 1131 2454 1197 nituntur,
2484 1140 2544 1186 ut
2580 1147 2754 1202 neque
2803 1147 3049 1198 munere,
3095 1147 3272 1202 neque
3321 1132 3652 1188 adulatione
3692 1148 3772 1186 nos

2187 1223 2458 1293 decipiant
2487 1241 2500 1277 :
2529 1230 2586 1278 et
2609 1222 2819 1278 custodi
2848 1238 2934 1277 me
2961 1223 3029 1278 ab
3054 1209 3340 1290 scandatis,
3373 1225 3428 1279 id
3473 1233 3586 1291 est,
3613 1241 3642 1278 a
3683 1237 3773 1278 toro

2187 1313 2384 1370 mentis
2423 1323 2478 1368 et
2507 1313 2792 1368 manifesta
2819 1315 3194 1384 persecutione
3225 1316 3569 1384 operantium
3602 1316 3772 1385 iniqui-

2187 1415 2367 1471 tatem,
2395 1405 2592 1475 quibus
2641 1405 2878 1459 animam
2929 1421 3107 1460 meam
3149 1417 3420 1461 conantur
3469 1406 3697 1461 auferre
3732 1415 3773 1458 et

2186 1496 2291 1553 sibi
2325 1496 2684 1553 conformare.
2715 1494 2915 1551 Cadent
2958 1497 3012 1552 in
3057 1497 3311 1552 retiacqu
3355 1497 3499 1568 ejus.
3533 1497 3663 1551 Ideo
3697 1513 3772 1550 oro

2187 1597 2245 1642 ut
2289 1603 2376 1642 me
2421 1589 2716 1653 custodias,
2747 1588 2874 1657 quia
2919 1587 3077 1643 video
3126 1588 3390 1658 quosdam
3434 1587 3672 1652 cadere,
3698 1589 3770 1641 sed

2186 1696 2292 1735 non
2329 1679 2524 1734 cadent
2571 1678 2672 1734 nisi
2717 1690 3034 1749 peccatores,
3079 1679 3168 1749 qui
3216 1688 3376 1748 sunt,
3413 1680 3470 1734 in
3528 1681 3773 1736 retiaculo

2185 1770 2321 1839 ejus,
2351 1771 2403 1825 id
2429 1780 2516 1825 est
2541 1769 2878 1840 iniquitatis;
2903 1787 3008 1825 non
3033 1769 3108 1826 illi
3137 1771 3345 1827 scilicet
3365 1772 3460 1842 qui
3495 1770 3773 1840 aliquando

2185 1874 2550 1935 peccaverunt
2593 1873 2648 1918 et
2681 1864 2978 1928 desierunt,
3017 1863 3112 1919 sed
3159 1863 3238 1917 illi
3281 1864 3372 1934 qui
3414 1864 3633 1918 irrctiti
3671 1875 3772 1915 sunt

497 1958 591 2011 sed
620 1959 784 2012 etiam
817 1979 836 2010 ι
869 1961 1044 2014 oratio
1074 1977 1192 2015 mea
1217 1962 1270 2014 in
1298 1961 1653 2032 bencplacitis
1679 1978 1867 2017 eorum
1899 1983 1918 2014 ι
1957 1964 2083 2029 erit,
2120 1958 2165 2018 B
2191 1958 2432 2028 peccatis
2471 1958 2772 2013 secundum
2803 1957 3270 2023 consuetudinem,
3298 1967 3352 2012 et
3382 1958 3576 2028 magis
3613 1964 3772 2010 amant

496 2048 552 2102 id
576 2059 679 2116 est,
713 2047 853 2106 inter
884 2051 972 2106 illa
999 2068 1118 2122 qua:
1147 2053 1362 2124 placent
1384 2053 1511 2120 illis,
1537 2055 1589 2109 id
1618 2063 1722 2119 est,
1751 2055 1983 2124 placebit
2007 2057 2087 2110 eis

495 2141 705 2208 eadem,
738 2158 929 2210 orare,
966 2160 1087 2214 qua:
1131 2154 1187 2200 et
1235 2162 1335 2216 ego
1383 2162 1513 2211 oro;
1570 2147 1776 2202 scilicet
1829 2160 1887 2202 ut
1938 2157 2086 2203 recte

495 2240 676 2299 orent,
700 2242 756 2288 et
783 2233 926 2290 bene
954 2243 1268 2305 operentur.
1302 2235 1370 2289 Et
1409 2235 1514 2291 hoc
1552 2236 1696 2291 valet
1727 2237 1795 2292 ad
1825 2237 2081 2292 intentio-

495 2338 642 2390 nem,
678 2324 807 2395 quia
852 2325 943 2380 isti
993 2327 1181 2382 lideles
1227 2327 1316 2383 hic
1365 2327 1652 2384 intendunt
1698 2332 2083 2401 perfectionem

495 2417 690 2473 orandi
718 2419 1066 2490 persuadere.
1103 2418 1171 2474 Et
1201 2419 1304 2476 hoc
1343 2429 1428 2476 est
1469 2424 1610 2498 quod
1640 2423 1751 2477 dixi
1781 2439 1797 2478 :
1828 2439 1936 2478 non
1967 2436 2086 2479 tan.

497 2521 611 2568 tum
638 2512 748 2568 erit
792 2513 849 2568 in
894 2514 1215 2580 minoribus,
1249 2515 1341 2569 sed
1369 2516 1533 2570 etiam
1558 2517 1768 2587 judices
1797 2534 1998 2584 eorum,
2032 2519 2086 2576 id

496 2614 582 2660 est
605 2603 840 2674 majores
858 2615 915 2662 et
935 2607 1164 2677 praelati,
1189 2622 1424 2677 quorum
1451 2618 1535 2663 est
1552 2607 1824 2677 judicare,
1853 2611 2088 2682 absorpti

495 2706 640 2763 sunt,
675 2697 728 2752 id
748 2707 854 2765 est,
881 2697 1318 2754 absorbebantur
1342 2699 1398 2754 in
1418 2714 1486 2756 eo
1511 2701 1653 2770 quod
1685 2701 2004 2758 devincendi
2031 2711 2087 2759 et

494 2786 807 2844 destruendi
852 2798 980 2845 sunt
1022 2790 1091 2846 ab
1134 2805 1200 2846 eo
1236 2791 1382 2862 quod
1425 2800 1574 2858 sunt,
1605 2808 1702 2864 per
1741 2793 1844 2848 hoc
1881 2793 2088 2848 scilicet

495 2881 639 2950 quod
653 2881 829 2950 juncti
854 2891 1171 2954 suntpetrte,
1190 2884 1243 2939 id
1269 2895 1374 2951 est,
1397 2885 1617 2941 Christo
1638 2900 1736 2957 per
1760 2886 1940 2941 fidem.
1967 2885 2084 2942 Non

494 2984 678 3029 autem
713 2974 1030 3045 simpliciter
1057 2977 1229 3046 ponit,
1264 2976 1450 3034 Oratio
1477 2992 1595 3033 mea
1617 2977 1852 3048 placebit
1891 2979 1960 3045 ei,
1991 2979 2084 3035 sed

495 3065 646 3120 addit
673 3065 867 3132 adhuc,
900 3078 956 3122 ut
981 3068 1171 3123 innuat
1197 3070 1520 3126 brevitatem
1553 3071 1828 3141 temporis.
1859 3071 2086 3126 Audient

493 3153 652 3208 verba
683 3170 820 3210 mea.
854 3155 997 3212 Dicit
1021 3157 1256 3227 qualiter
1283 3159 1648 3231 adjungantur
1678 3161 1899 3216 Christo
1921 3203 1934 3227 ,
1978 3161 2086 3216 sci-

493 3243 624 3300 licet
643 3260 744 3316 per
762 3248 928 3303 verba
955 3250 1358 3320 prmdicationis
1384 3267 1538 3318 meae,
1572 3253 1639 3307 ad
1668 3268 1789 3322 quae
1815 3253 2081 3308 audienda

2189 2050 2509 2120 temporalia
2541 2065 2704 2120 quam
2735 2061 2960 2104 aeterna.
2998 2049 3065 2104 Et
3097 2049 3302 2119 justum
3349 2058 3436 2104 est
3465 2060 3538 2104 ut
3579 2064 3666 2104 me
3695 2065 3770 2102 ωε

2190 2142 2429 2208 stodias,
2472 2143 2601 2213 quia
2645 2159 2737 2214 ego
2785 2158 2901 2196 sum
2945 2141 3306 2212 singulariter,
3352 2141 3406 2195 id
3453 2150 3555 2195 est
3604 2141 3657 2194 in
3698 2154 3772 2208 spe

2187 2235 2468 2307 singulari,
2499 2250 2606 2290 non
2645 2235 2699 2288 in
2731 2233 2969 2304 appetitu
3004 2232 3441 2304 multiplicitatis,
3475 2233 3635 2288 sicut
3674 2248 3771 2302 pec-

2186 2337 2422 2393 catores,
2454 2326 2548 2382 sed
2578 2341 2739 2381 unam
2767 2341 2882 2380 rem
2912 2324 3041 2395 petii
3071 2340 3104 2379 a
3132 2325 3385 2392 Domino,
3413 2325 3471 2380 in
3519 2340 3636 2395 qua
3673 2339 3772 2394 per-

2186 2420 2451 2476 severabo
2476 2421 2640 2475 donec
2666 2428 2932 2473 transeam
2961 2419 3027 2473 de
3053 2419 3157 2473 bac
3180 2405 3317 2473 vita.

2705 2509 3027 2566 PSALMUS
3065 2510 3248 2566 CXLI.

2188 2620 2558 2662 INTELLECTUS
2610 2618 2797 2668 DAVID,
2829 2616 2936 2659 CUI
2964 2617 3127 2658 ESSET
3158 2618 3209 2656 IN
3239 2617 3544 2666 SPELUNCA,
3577 2617 3766 2659 οιιτιο.

2265 2721 2283 2754 ς
2331 2701 2475 2757 Voce
2515 2715 2634 2756 mea
2665 2699 2732 2754 ad
2761 2700 3045 2755 Dominum
3091 2700 3346 2766 clamavi,
3384 2716 3532 2756 voce
3570 2717 3687 2756 mea
3717 2701 3766 2753 ad

2195 2813 2214 2848 ι
2260 2793 2544 2850 Dominum
2592 2793 2910 2863 deprecatus
2949 2808 3087 2848 sum.
3117 2792 3349 2848 Effundo
3387 2794 3448 2848 in
3490 2801 3766 2866 conspectu

2194 2904 2213 2938 ι
2255 2886 2374 2958 ejus
2423 2885 2725 2941 orationem
2773 2902 2980 2952 meam,
3040 2896 3094 2941 et
3145 2886 3568 2943 tribulationem
3623 2902 3768 2942 mean

2195 2998 2213 3032 ι
2258 2988 2384 3034 ante
2412 2978 2588 3050 ipsum
2624 2979 2938 3050 pronuntio.
2976 2979 3034 3033 In
3061 2978 3362 3034 deﬁciendo
3397 2995 3469 3035 ex
3499 2996 3599 3036 me
3631 2980 3764 3050 spiri-

2194 3089 2215 3125 s
2259 3079 2374 3126 tum
2405 3086 2605 3136 meum,
2629 3081 2684 3126 et
2719 3081 2776 3126 tu
2804 3070 3099 3142 cognovisti
3143 3070 3369 3125 semitas
3408 3087 3598 3126 meas.
3624 3071 3677 3126 In
3703 3069 3767 3122 Vis

2193 3180 2216 3216 ε
2257 3164 2361 3219 hac
2387 3179 2494 3234 qua
2520 3164 2886 3230 ambulabant,
2912 3163 3308 3220 absconderunt
3338 3163 3609 3234 laqueum
3637 3161 3762 3216 mihi.

2192 3273 2215 3309 ι
2258 3253 2682 3312 Considerabam
2729 3256 2796 3312 ad
2839 3257 3138 3322 dexteram,
3182 3264 3236 3310 et
3267 3256 3533 3312 videbam
3567 3266 3762 3311 :etnon

493 3345 548 3392 et
583 3339 923 3408 suspicienda
953 3341 1055 3410 ipsi
1074 3352 1233 3397 erunt
1265 3343 1443 3399 idonei
1467 3361 1482 3410 ;
1506 3344 1755 3415 quoniam
1777 3353 2080 3414 potuerunt,
2110 3331 2158 3395 C
2195 3365 2213 3399 ι
2259 3354 2378 3403 erat
2406 3349 2498 3418 qui
2533 3355 2886 3419 cognosceret
2911 3363 3014 3403 me.
3046 3346 3215 3403 Periit
3243 3346 3372 3418 fuga
3401 3363 3436 3401 a
3467 3363 3586 3414 me,
3607 3357 3659 3402 et
3681 3360 3764 3400 non

492 3431 756 3487 subaudis
783 3433 975 3489 eadem
1017 3436 1203 3499 verba,
1233 3435 1286 3490 id
1314 3445 1421 3503 est,
1459 3436 1860 3506 prtevaluerunt
1882 3437 1936 3490 in
1982 3436 2081 3503 eis,

492 3529 549 3576 et
590 3525 829 3592 potentia
878 3537 934 3582 et
975 3525 1214 3582 efﬁcacia
1255 3528 1472 3584 fuerunt
1515 3529 1582 3584 ad
1627 3529 2081 3600 persuadendum.

494 3611 650 3678 Quod
701 3614 756 3669 in
803 3615 1031 3672 Hebrzeo
1081 3617 1330 3684 habetur,
1382 3618 1648 3685 Quoniam
1693 3621 1887 3675 decora
1935 3629 2083 3676 sunt.

497 3700 655 3768 Quod
699 3706 1011 3762 ea-dicitur
1059 3706 1340 3776 afﬁnitate,
1379 3710 1633 3779 quoniam
1680 3710 1844 3766 verba
1885 3711 2084 3767 decora

493 3794 671 3850 solent
710 3807 833 3854 esse
879 3799 949 3854 ad
996 3802 1406 3870 persuasionem
1449 3801 1710 3873 potentia.
1752 3801 1853 3858 Hic
1900 3819 2086 3858 exem-

495 3885 647 3955 plum
675 3889 768 3944 dat
809 3891 952 3958 aliis,
993 3902 1052 3947 ut
1083 3893 1297 3950 solliciti
1338 3894 1446 3950 sint
1481 3895 1546 3951 de
1591 3894 1763 3950 salute
1806 3897 2083 3967 proximo-

494 3995 637 4045 rum,
668 3990 724 4037 et
749 3983 987 4053 praelatis
1017 3986 1084 4040 de
1111 3987 1290 4042 studio
1327 3988 1674 4058 praedicandi.
1705 4007 1724 4041 ‹
1759 3988 1911 4046 Sicut
1931 4005 2081 4045 cras-

495 4071 679 4128 situdo
719 4083 897 4132 terrae.
950 4077 1220 4148 Dissipata
1275 4088 1402 4136 sunt
1448 4096 1572 4136 ossa
1616 4090 1820 4137 nostra.
1851 4101 1870 4134 s
1914 4077 2110 4151 llujus'

494 4177 686 4221 versus
720 4167 1043 4240 principium
1091 4186 1214 4226 cum
1261 4172 1366 4226 line
1410 4172 1764 4242 praecedentis
1802 4173 2069 4228 continua-

497 4265 618 4324 tur,
665 4257 784 4313 ita:
819 4261 1048 4328 Quidam
1103 4264 1403 4334 suscipiant
1454 4280 1574 4322 mea
1622 4266 1788 4321 verba
1826 4281 1841 4319 :
1873 4266 1940 4322 ab
1979 4265 2085 4322 illis

495 4363 628 4406 vero
658 4354 751 4422 qui
796 4371 904 4411 non
951 4357 1272 4428 suscipient,
1303 4360 1708 4430 dissipabuntur
1731 4376 1857 4416 ossa
1897 4371 2083 4417 nostra

493 4455 644 4495 secus
666 4444 953 4513 infernum,
987 4447 1044 4504 id
1064 4457 1167 4515 est,
1197 4448 1452 4507 fortiores
1477 4453 1676 4525 quique
1705 4451 1760 4506 in
1789 4451 1947 4507 nobis
1973 4453 2086 4508 dis-

494 4531 818 4601 sipabuntur
861 4537 1016 4608 juxta
1053 4540 1316 4610 judiciqu
1348 4542 1580 4608 illorum,
1625 4542 1718 4614 qui
1761 4543 1909 4615 digni
1958 4551 2084 4599 sunt

495 4619 604 4677 hoc
643 4626 863 4682 nomine
897 4630 1042 4698 quod
1077 4641 1162 4687 est
1197 4631 1459 4690 infernus.
1492 4634 1623 4702 Quae
1657 4635 1940 4706 dissipatio
1977 4636 2086 4692 erit

500 4726 525 4763 ι
561 4713 704 4769 sicut
723 4719 1024 4776 crassitudo
1045 4732 1238 4794 erupta
1263 4739 1427 4796 super
1454 4735 1673 4793 terram,
1699 4747 1718 4780 ι
1744 4729 1798 4783 id
1818 4738 1919 4796 est,
1943 4730 2086 4786 sicut

493 4801 660 4860 ﬁmus
682 4819 925 4878 eruptus,
953 4811 1007 4866 id
1037 4822 1138 4878 est,
1163 4814 1442 4886 dispersus
1471 4833 1634 4889 super
1655 4828 1876 4888 terram,
1909 4822 2086 4878 reddit

492 4909 619 4950 eam
642 4895 900 4968 fertilem,
922 4901 998 4957 ita
1022 4919 1172 4960 mors
1199 4917 1386 4962 nostra
1415 4908 1800 4966 fecunditatem
1836 4913 2086 4969 attribuit

491 4983 784 5056 Ecclesiae,
836 4990 965 5046 dum
1016 5009 1114 5065 per
1157 4998 1439 5066 passiones
1495 5009 1797 5070 martyrum
1840 5001 1910 5055 ad
1959 4999 2084 5057 fidei

489 5073 733 5134 fructum
764 5081 1107 5139 referendum
1155 5084 1496 5154 fecundatur,
1525 5089 1651 5159 quia
1697 5106 1796 5160 pro
1841 5107 1950 5147 uno
1993 5107 2084 5148 oc-

491 5167 611 5224 ciso
643 5170 801 5227 multi
834 5176 1208 5232 succederent.
1253 5177 1315 5233 ln
1361 5178 1466 5234 hoc
1509 5181 1815 5248 praescribit
1848 5183 2079 5239 formam

489 5261 638 5330 aliis,
673 5279 745 5321 ne
788 5269 904 5338 pati
947 5267 1260 5339 suﬂ‘ugiant,
1287 5273 1543 5340 quoniam
1583 5276 1722 5330 sicut
1751 5276 1860 5331 vita
1890 5292 2079 5332 eorum

493 5359 583 5408 est
609 5356 778 5424 utilis,
811 5359 887 5413 ita
931 5369 986 5416 et
1030 5377 1196 5416 mors.
1228 5362 1294 5416 Et
1340 5362 1468 5418 licet
1509 5381 1696 5424 sumus
1725 5385 1871 5435 ossa,
1900 5379 2080 5426 tamen

493 5455 607 5498 non
643 5448 965 5506 confidimus
1000 5452 1056 5505 in
1088 5452 1298 5508 viribus
1326 5455 1550 5522 nostris,
1573 5459 1667 5512 sed
1695 5459 1747 5512 in
1776 5459 1890 5530 ipsa
1921 5461 2081 5517 dissi-

484 5534 718 5588 ’Ὡᾶὶιίοιιθ
747 5547 926 5591 nostra
955 5543 1225 5596 geminata
1266 5559 1398 5596 voce
1429 5560 1525 5596 per
1555 5549 1779 5596 nimium
1829 5550 2077 5596 affectum

2194 3459 2216 3494 ε
2258 3449 2342 3497 est
2383 3442 2477 3512 qui
2527 3443 2768 3512 requirat
2811 3442 3044 3498 animam
3085 3456 3283 3498 meam.
3310 3441 3572 3500 Clamavi
3611 3442 3667 3498 ad
3701 3450 3758 3502 te,

2193 3549 2214 3584 ι
2260 3531 2513 3599 Domine,
2565 3532 2676 3588 dixi
2715 3532 2836 3589 :Tu
2877 3548 2937 3588 es
2977 3549 3100 3603 spes
3151 3548 3291 3598 mea,
3334 3535 3527 3603 portio
3576 3546 3687 3588 mea
3722 3530 3763 3582 in

2194 3643 2215 3678 ι
2262 3635 2406 3682 terra
2436 3627 2752 3682 viventium.
2775 3626 2997 3683 Intende
3020 3628 3087 3682 ad
3112 3628 3569 3698 deprecationem
3595 3639 3764 3687 meam,

2195 3737 2214 3771 ε
2259 3719 2387 3789 quia
2433 3717 2752 3775 humiliatus
2797 3735 2915 3775 sum
2955 3719 3136 3775 nimis.
3170 3717 3373 3774 Libera
3413 3734 3512 3776 me
3550 3733 3581 3772 a
3613 3730 3766 3788 perse-

2192 3829 2215 3864 ε
2256 3812 2547 3882 quentibus
2574 3827 2680 3878 me,
2711 3813 2803 3882 qui
2832 3811 3122 3868 confortati
3152 3819 3282 3866 sunt
3303 3825 3481 3881 super
3509 3825 3620 3866 me.
3646 3808 3764 3864 Edric

2193 3920 2215 3956 ι
2259 3902 2326 3958 de
2367 3903 2612 3960 custodia
2652 3904 2888 3958 animam
2928 3918 3104 3958 meam
3151 3901 3220 3957 ad
3266 3902 3649 3958 conﬁtendum
3688 3913 3766 3955 ωε

2194 4012 2213 4046 ι
2259 3995 2391 4050 mini
2443 4004 2532 4051 tuo
2565 4013 2579 4051 :
2610 4010 2698 4052 me
2744 4003 3063 4066 exspectant
3090 3993 3258 4066 justi,
3298 3994 3483 4051 donec
3517 3994 3765 4051 retribui

2193 4104 2214 4140 t
2257 4086 2410 4144 mihi.
2447 4107 2468 4141 ι

2758 4157 3045 4214 ENARRA
3057 4158 3206 4217 T10.

2264 4271 2507 4329 Psalmus
2554 4273 2658 4330 iste
2700 4275 3016 4330 attribuitur
3056 4275 3288 4332 Domino
3329 4275 3504 4343 Iesu,
3541 4277 3637 4347 qui
3670 4275 3764 4330 ideo

2189 4365 2388 4421 dicitur
2414 4365 2731 4434 intellectus,
2763 4367 2888 4437 quia
2919 4367 3010 4423 hic
3046 4369 3363 4438 designatur
3392 4369 3544 4424 bona
3576 4367 3765 4424 devotio

2187 4465 2242 4512 et
2261 4458 2506 4529 operatio
2526 4458 2715 4528 ipsius,
2733 4473 2852 4528 qua:
2863 4459 3136 4529 pertinent
3151 4462 3218 4515 ad
3233 4461 3762 4522 intellectualitalent,

2187 4548 2241 4605 id
2268 4559 2352 4605 est
2380 4549 2447 4605 ad
2475 4549 2878 4606 discretionem.
2910 4549 3158 4607 Psalmus
3189 4553 3331 4619 dico,
3365 4555 3462 4624 qui
3497 4565 3588 4610 est
3611 4553 3765 4624 prola—

2192 4648 2302 4708 tus,
2328 4657 2446 4695 cum
2489 4651 2617 4696 esset
2645 4642 2853 4713 positus
2880 4644 2936 4697 in
2967 4643 3232 4714 spelunca,
3268 4645 3321 4700 id
3345 4655 3453 4713 est,
3489 4663 3621 4702 cum
3647 4652 3761 4700 esset

2190 4729 2411 4787 latitans
2432 4731 2488 4786 in
2513 4731 2729 4788 mortali
2758 4741 2814 4788 et
2838 4732 3076 4803 passibili
3102 4749 3351 4805 corpore.
3386 4736 3624 4807 Propter
3645 4732 3760 4806 quod

2187 4837 2298 4879 non
2330 4822 2758 4893 cognoscebatur
2789 4839 2820 4878 a
2844 4823 3044 4880 Judaeis
3070 4840 3192 4880 esse
3221 4825 3386 4881 Deus.
3416 4825 3520 4881 Vel
3545 4843 3668 4883 cum
3695 4840 3758 4880 es-

2187 4923 2272 4972 set
2295 4915 2351 4970 in
2382 4917 2483 4970 hoc
2507 4917 2710 4972 mundo
2739 4915 2980 4983 latitans,
3005 4917 3098 4973 ubi
3124 4931 3303 4988 neque
3329 4919 3605 4991 malignus
3631 4916 3759 4988 spiri-

2188 5016 2310 5072 tus,
2348 5020 2526 5077 neque
2566 5006 2735 5062 Judaai
2763 5024 2886 5062 eum
2919 5020 3310 5080 cognoverunt.
3347 5029 3368 5064 ι
3407 5012 3465 5066 Si
3494 5015 3642 5068 enim
3682 5025 3746 5064 co

2187 5097 2522 5169 gnovissent,
2554 5113 2828 5168 nunquam
2857 5100 3144 5155 Dominum
3168 5101 3360 5172 gloria:
3381 5104 3755 5160 cruciﬁxissem

2188 5187 2242 5259 (ι
2269 5187 2392 5243 Cor.
2423 5191 2508 5260 ιι).
2543 5209 2563 5242 s
2595 5189 2758 5246 Mittit
2799 5200 2980 5248 autem
3021 5208 3121 5250 nos
3149 5199 3216 5248 ad
3244 5194 3535 5251 historiam
3574 5194 3752 5267 (l-Reg.

2185 5279 2359 5351 xxw),
2393 5281 2483 5335 ubi
2517 5280 2710 5351 legitur
2736 5282 2880 5351 quod
2909 5297 3034 5338 cum
3065 5283 3193 5339 Saul
3220 5297 3643 5357 persequeretur
3666 5286 3730 5338 Da

2187 5374 2298 5441 vid,
2323 5382 2380 5430 et
2417 5375 2507 5432 ille
2542 5391 2600 5432 se
2636 5377 3012 5456 absconderet,
3047 5379 3270 5434 intravit
3310 5382 3442 5435 Saul
3469 5381 3687 5435 fortuitu
3707 5377 3748 5429 iu

2187 5465 2435 5520 eamdem
2465 5466 2776 5536 speluncam
2805 5470 2872 5523 ad
2901 5471 3237 5539 purgandum
3278 5479 3523 5526 ventrem
3551 5490 3565 5524 :
3593 5480 3644 5525 et
3669 5469 3750 5523 Da-

2187 5557 2277 5596 vid
2307 5557 2442 5596 niam
2476 5560 2736 5596 nnnndnnc
2786 5561 3008 5596 qhnnidil
3041 5577 3188 5596 nI-nln
3221 5563 3524 5596 βΙιΙηιιιι-Λῖέ
3555 5562 3665 5596 οἴης
3707 5559 3747 5596 In
