4038 6460
308 468 412 525 817

1430 477 1965 539 ENARRATIONES
1999 480 2069 538 IN
2107 483 2445 545 PSALMOS.

3460 496 3563 553 818

306 590 463 663 quasi
498 592 818 663 quibusdam
848 596 1086 652 vestibus
1114 596 1414 665 velabatur,
1447 599 1499 655 in
1542 615 1650 671 quo
1678 601 1880 656 mundo
1906 602 1963 663 Α
1984 609 2071 657 εει
2102 605 2399 674 periculum
2424 609 2635 665 mortis.
2663 610 2731 665 Et
2764 610 2818 666 in
2857 611 2960 667 hoc
2992 611 3133 682 quod
3162 611 3295 667 dicit
3338 612 3566 668 abscon-

308 687 424 757 ipse
447 686 690 741 diabolus
721 686 1016 744 intraverat
1051 691 1118 745 ad
1159 691 1472 760 deponenda
1506 701 1561 747 et
1593 692 1886 748 emittenda

306 776 452 831 fteda
478 791 640 845 opera
669 792 785 832 sua.
816 776 1079 849 Loquitur
1106 795 1237 851 ergo
1262 781 1316 835 in
1349 783 1449 837 hoc
1470 783 1680 852 psalmo
1706 784 1888 840 Domi-

304 885 410 924 nus
432 867 589 923 Jcsus
615 870 907 926 ostendens
943 886 1049 941 qua
1092 873 1373 928 devotione
1426 882 1481 928 et
1519 873 1889 929 familiaritate

305 962 556 1017 habuerit
592 978 651 1018 se
686 978 811 1033 erga
845 965 1009 1019 Deum
1044 966 1277 1030 Patrem,
1306 966 1621 1023 imminente
1646 975 1888 1037 tempore

304 1054 573 1123 passionis
620 1070 751 1119 sua},
778 1064 833 1110 et
859 1057 959 1111 hoc
986 1058 1050 1112 ad
1082 1058 1491 1114 instructionem
1519 1060 1886 1114 membrorum

303 1165 548 1214 suorum,
580 1160 638 1204 ut
664 1151 853 1205 eodem
894 1154 1053 1209 modo
1094 1154 1148 1208 in
1197 1154 1629 1210 tribulationibus
1669 1155 1886 1211 unicam

302 1257 453 1312 spem
486 1242 722 1297 habeant
749 1244 803 1297 in
835 1245 1077 1299 Domino.

380 1332 519 1387 Voce
564 1350 680 1387 mea
722 1335 791 1388 ad
842 1334 1125 1392 Dominum
1174 1338 1414 1395 clamavi.
1444 1340 1555 1411 Ego
1588 1341 1887 1412 respiciens

301 1426 371 1479 ad
403 1426 700 1491 Dominum,
732 1427 969 1493 clamavi,
1012 1430 1064 1485 id
1089 1440 1189 1497 est,
1224 1433 1466 1488 intensus
1500 1434 1575 1488 fui
1603 1449 1734 1490 voce
1765 1450 1886 1490 mea

302 1520 570 1584 interiori,
605 1520 658 1575 id
688 1530 791 1587 est,
821 1521 874 1576 in
902 1523 1175 1579 voluntate
1201 1533 1256 1579 et
1289 1525 1453 1580 nimia
1482 1525 1794 1583 dilectione.
1817 1527 1883 1583 Et

298 1628 409 1667 non
436 1614 609 1669 solum
646 1615 911 1669 intensam
971 1616 1308 1672 dilectionem
1353 1632 1481 1689 erga
1525 1633 1647 1674 eum
1699 1619 1884 1686 habui,

298 1708 393 1760 sed
426 1707 591 1763 etiam
628 1708 930 1777 deprecatus
953 1726 1091 1775 sum,
1124 1709 1177 1764 id
1198 1720 1301 1776 est,
1328 1712 1477 1765 oravi
1520 1727 1628 1767 non
1658 1713 1884 1783 strepitu

298 1797 590 1863 labiorum,
647 1815 747 1855 nec
795 1803 927 1855 voCe
968 1799 1163 1864 aliena,
1218 1802 1312 1857 sed
1360 1820 1481 1857 voce
1530 1820 1666 1869 mea,
1716 1804 1769 1858 id
1804 1813 1886 1859 est

297 1901 525 1948 attenta.
556 1892 748 1949 Posset
790 1894 934 1949 enim
978 1910 1136 1950 orare
1164 1897 1456 1952 secundum
1504 1898 1880 1967 prolationem,

1992 693 2134 749 disse
2156 695 2405 766 laqueum
2430 699 2551 765 sibi,
2575 701 2811 756 ostendit
2832 702 3007 772 majus
3029 703 3277 756 meritum
3306 713 3363 757 et
3390 704 3562 757 virtu-

1990 793 2100 841 tem
2130 802 2280 842 suam
2308 808 2320 842 :
2353 790 2479 859 quia
2528 806 2648 846 cum
2689 793 2965 863 praesciret
3020 802 3075 849 et
3119 794 3351 863 etl‘ugere
3383 804 3565 866 posset

1989 881 2286 949 periculum
2319 884 2524 951 mortis,
2554 894 2730 940 tamen
2762 886 3016 942 substitit.
3052 884 3459 941 Considerabam
3493 888 3561 940 ad

1989 975 2254 1030 dexteram
2294 991 2313 1029 :
2358 986 2412 1034 et
2457 979 2524 1033 ad
2589 988 2801 1035 cretera.
2842 980 3181 1036 incommoda
3238 980 3402 1035 etiam
3451 980 3569 1036 haec

1991 1070 2240 1135 accessit,
2273 1070 2414 1139 quod
2438 1071 2493 1125 in
2520 1072 2622 1127 hac
2645 1073 3039 1143 praeparatione
3061 1071 3239 1142 laquei
3268 1072 3569 1126 considera-

1991 1162 2109 1215 bam
2138 1163 2207 1216 ad
2252 1162 2553 1228 dexteram,
2587 1165 2639 1219 id
2690 1173 2772 1220 est
2814 1165 2881 1219 ad
2925 1165 3161 1236 potiores
3203 1179 3373 1229 meos,
3423 1164 3567 1218 sicut

1989 1253 2217 1323 apostoli
2244 1262 2400 1309 erant
2426 1273 2439 1309 :
2468 1263 2517 1309 et
2537 1256 2795 1320 videbam,
2822 1256 2872 1310 id
2894 1264 2996 1321 est,
3023 1256 3343 1326 experiebar
3370 1254 3414 1310 si
3442 1253 3564 1323 quis

1988 1345 2213 1402 essetin
2252 1362 2340 1401 me
2367 1347 2525 1417 digne
2569 1348 2907 1417 respiciens:
2952 1356 3001 1402 et
3041 1364 3145 1403 non
3193 1356 3326 1412 erat,
3358 1346 3565 1402 scilicet

1989 1437 2184 1508 aliquis
2213 1439 2303 1508 qui
2332 1448 2654 1508 cognosceret
2684 1456 2786 1503 me,
2810 1438 2862 1493 id
2891 1448 2994 1504 est,
3018 1439 3109 1509 qui
3130 1453 3214 1492 me
3241 1437 3567 1508 intelligeret

1989 1539 2045 1585 et
2077 1531 2329 1601 probaret
2351 1532 2542 1596 Deum,
2570 1546 2778 1587 mecum
2812 1531 3141 1587 remanendo
3163 1539 3217 1584 et
3246 1529 3567 1584 sententiam

1987 1637 2087 1692 pro
2134 1638 2221 1677 me
2273 1622 2467 1678 dando.
2501 1619 2667 1677 Periit
2711 1624 2856 1692 fuga.
2906 1622 3058 1677 Licet
3095 1619 3264 1675 Judaei
3315 1620 3566 1689 laqueum

1988 1716 2119 1770 mihi
2148 1725 2537 1786 praepararent,
2565 1725 2621 1770 et
2640 1716 2875 1785 potiores
2899 1715 3006 1770 mei
3034 1730 3140 1770 non
3163 1720 3566 1783 cognoscerent,

1990 1818 2171 1863 tamen
2198 1810 2351 1878 periit
2377 1809 2504 1878 fuga
2534 1823 2564 1862 a
2586 1825 2686 1873 me,
2713 1808 2765 1861 id
2792 1816 2893 1873 est,
2935 1821 3041 1861 non
3068 1804 3203 1877 fugi,
3234 1805 3327 1859 sed
3356 1805 3571 1859 substiti

1990 1900 2128 1955 loco.
2189 1900 2258 1953 Et
2319 1916 2422 1954 non
2474 1900 2648 1955 solum
2698 1899 2893 1966 nullus,
2935 1899 3026 1969 qui
3085 1906 3571 1969 cognosceretme

298 1992 373 2041 ita
400 1996 597 2053 tamen,
626 1997 686 2042 ut
725 2003 830 2043 non
879 2004 974 2043 sua
1013 2004 1145 2044 voce
1173 1990 1465 2044 secundum
1505 1990 1880 2056 attentionem,
1914 1977 1958 2037 Β
1987 1988 2176 2057 Deum,
2206 1990 2298 2045 scd
2330 2006 2431 2047 nec
2477 1990 2672 2060 aliquis
2713 2000 2832 2045 erat
2861 1992 2949 2062 qui
2994 1990 3296 2058 requireret
3338 1990 3573 2043 animam

296 2081 427 2149 quia
451 2082 553 2136 hac
581 2089 636 2136 et
664 2080 787 2136 illac
816 2082 1229 2138 distraheretur.
1257 2080 1491 2153 Elfundo
1526 2083 1583 2135 in
1608 2092 1884 2151 conspectu

296 2175 435 2244 ejus.
470 2173 655 2238 Oravi,
686 2175 924 2245 inquam,
950 2183 1004 2230 et
1032 2191 1138 2231 non
1165 2185 1438 2247 utcunque
1470 2177 1645 2240 modo,
1687 2176 1780 2231 sed
1810 2177 1884 2229 ita

297 2266 445 2335 quod
472 2265 706 2335 effunde,
740 2267 792 2320 id
816 2275 918 2331 est,
949 2267 1159 2336 explico
1184 2276 1237 2321 et
1275 2266 1565 2323 manifesto
1595 2268 1885 2320 orationem

296 2374 491 2422 meam,
524 2374 645 2413 cum
671 2359 969 2414 intentione
992 2360 1236 2415 orando:
1268 2361 1566 2415 orationem
1604 2359 1748 2423 dico,
1771 2358 1888 2412 exi-

296 2460 478 2507 stente
523 2452 579 2505 in
609 2462 883 2522 conspectu
915 2453 1051 2523 ejus,
1078 2440 1131 2507 id
1167 2462 1252 2509 est
1302 2454 1352 2508 in
1380 2452 1717 2522 beneplacito
1746 2452 1882 2521 ejus,

296 2543 425 2613 quia
447 2544 511 2599 de
541 2543 645 2598 illis
678 2545 836 2599 rebus
861 2561 957 2599 oro
986 2546 1128 2601 unde
1154 2547 1416 2600 orandum
1454 2554 1538 2601 est
1563 2563 1576 2599 :
1610 2556 1664 2601 et
1692 2555 1886 2615 praeter

296 2634 415 2689 hate
456 2654 473 2686 ι
503 2636 793 2705 pronuntio
827 2636 1230 2691 tribulationem
1264 2651 1440 2691 meam
1481 2644 1606 2691 ante
1637 2638 1830 2706 ipsum,
1861 2654 1879 2687 ι

299 2726 353 2780 id
381 2735 482 2791 est,
532 2727 722 2797 loquor
751 2744 935 2783 secum
963 2730 1029 2784 de
1074 2728 1419 2784 tribulatione
1462 2745 1603 2795 mea,
1632 2730 1884 2785 meritum

300 2835 479 2874 meum
508 2822 818 2886 ostendens,
871 2830 932 2875 ut
972 2822 1150 2876 oratio
1177 2838 1294 2877 mea
1341 2823 1610 2877 audiatur.
1649 2822 1887 2878 Ostendo

299 2911 575 2976 meritum,
626 2929 731 2967 non
781 2922 1019 2984 propter,
1065 2915 1358 2970 humanum
1408 2916 1646 2969 favorem
1698 2930 1927 2983 conses

300 3003 591 3070 quendum,
632 3004 724 3059 sed
770 3015 890 3059 ante
933 3006 1124 3074 ipsum,
1161 3006 1213 3059 id
1266 3015 1351 3061 est
1395 3006 1461 3060 ad
1492 3006 1886 3077 bcneplacitum

300 3091 492 3161 ipsius,
526 3093 609 3149 vel
640 3094 752 3163 ipse
794 3095 1035 3152 existens
1068 3107 1186 3151 ante
1216 3098 1411 3168 ipsum,
1447 3098 1497 3152 id
1531 3107 1610 3154 est
1646 3100 1697 3153 in
1732 3098 1889 3153 fami-

301 3184 593 3241 liaritatem
619 3187 829 3241 Domini
859 3190 962 3243 sui.
995 3188 1061 3242 Et
1090 3204 1195 3243 non
1224 3205 1320 3258 per
1351 3191 1765 3255 internuntium,
1792 3191 1886 3246 sed

302 3277 420 3347 ipse
467 3279 607 3333 idem
639 3279 876 3349 loquitur
898 3281 966 3335 ei.
1016 3280 1081 3334 In
1109 3282 1399 3349 deﬁcientia
1425 3299 1488 3336 ex
1513 3299 1612 3336 me.
1638 3280 1887 3337 Tribula-

302 3370 505 3425 tionem
550 3386 724 3426 meam
760 3373 1070 3441 pronuntio.
1099 3373 1166 3428 Et
1212 3375 1350 3429 hanc
1392 3376 1884 3445 pronuntiationem

300 3461 445 3516 facio
471 3462 525 3517 in
552 3461 849 3518 deticiendo
879 3466 1123 3533 spiritum
1148 3482 1338 3528 meum,
1371 3466 1423 3521 id
1458 3476 1542 3523 est
1572 3468 1625 3521 in
1662 3468 1889 3522 anxian-

300 3551 371 3604 do
390 3552 623 3606 animam
659 3569 857 3621 meam,
882 3555 969 3609 vel
1004 3555 1057 3609 in
1095 3548 1526 3613 consideratione
1559 3559 1701 3627 quod
1731 3559 1886 3613 auxi-

297 3640 522 3697 liabitur
564 3644 787 3712 spiritus
832 3660 1025 3701 meus:
1075 3647 1217 3701 sicut
1265 3648 1480 3712 dicitur,
1539 3648 1776 3704 «Tristis
1806 3659 1890 3704 est

299 3734 480 3788 anima
509 3749 628 3789 mea
658 3751 827 3807 usque
851 3736 919 3790 ad
961 3745 1189 3793 mortem
1228 3739 1443 3810 (Matth.
1476 3741 1649 3810 xxvi).
1680 3760 1697 3791 ι
1734 3740 1889 3796 Unde

299 3826 356 3879 iu
406 3824 630 3883 Hebraeo
671 3828 919 3894 habetur,
974 3848 993 3881 ι
1031 3832 1167 3885 Dum
1213 3832 1463 3887 anxiatus
1513 3833 1617 3887 erit
1668 3835 1888 3903 spiritus

299 3933 495 3973 meus:
529 3939 548 3970 ι
594 3935 714 3989 quae
744 3918 974 3975 defectio
1005 3922 1088 3975 vel
1123 3924 1237 3977 haec
1267 3923 1513 3978 anxietas
1542 3925 1646 3979 erit
1672 3942 1739 3980 ex
1778 3942 1883 3994 me,

300 4014 354 4068 id
379 4022 463 4067 est
482 4029 548 4068 ex
571 4016 926 4084 permissione
950 4025 1004 4069 et
1026 4017 1305 4070 voluntate
1331 4032 1470 4081 mea.
1495 4019 1620 4086 quia
1650 4029 1887 4089 potesta-

302 4112 411 4159 tem
444 4105 617 4161 habeo
647 4106 881 4174 patiendi
928 4115 983 4161 et
1022 4122 1129 4161 non
1159 4108 1417 4177 patiendi.
1449 4108 1655 4163 Aliter:
1680 4108 1887 4167 Rever'a

303 4198 703 4255 tribulationem
757 4215 929 4254 meam
984 4208 1111 4256 ante
1162 4200 1337 4269 ipsum
1400 4203 1708 4270 pronuntio,
1760 4204 1885 4274 quia

301 4304 423 4345 sum
451 4291 505 4343 in
536 4291 841 4359 deﬁciendo,
868 4292 920 4346 id
949 4299 1051 4357 est,
1082 4292 1136 4345 in
1168 4292 1497 4348 destruendo
1518 4303 1574 4349 et
1597 4293 1888 4351 deferendo

299 4383 611 4439 voluntates
636 4400 784 4439 meas
806 4401 870 4438 ea:
884 4401 983 4451 me,
1012 4385 1065 4439 id
1088 4393 1330 4455 est,quae
1357 4397 1580 4455 possent
1598 4402 1665 4442 ex.
1695 4398 1888 4444 natura

302 4476 485 4530 carnis
515 4476 767 4531 suboriri.
814 4476 892 4531 Ac
922 4477 965 4531 si
997 4476 1141 4531 dicat
1166 4494 1179 4530 :
1224 4475 1341 4531 Non
1372 4478 1451 4533 sic
1480 4481 1770 4549 pronuntio
1799 4482 1889 4536 tri-

298 4564 656 4631 bulationem,
689 4576 748 4622 ut
775 4568 935 4621 velim
959 4581 1078 4621 eam
1109 4570 1375 4624 removeri
1401 4584 1430 4623 a
1450 4585 1558 4635 me,
1588 4574 1681 4626 sed
1710 4574 1888 4641 potius

1915 3334 1962 3399 C

1962 2098 2181 2151 meum,
2224 2081 2277 2135 id
2319 2093 2424 2146 est,
2456 2083 2546 2151 qui
2584 2082 2889 2137 intenderet
2925 2097 3087 2151 quam
3117 2089 3302 2136 sancte
3333 2088 3387 2135 et
3425 2078 3573 2148 juste

1987 2174 2282 2229 secundum
2312 2174 2605 2228 humanam
2638 2184 2884 2228 naturam
2913 2175 3165 2238 vixerim,
3193 2182 3252 2227 ut
3272 2173 3357 2228 vel
3376 2172 3453 2227 sic
3477 2173 3571 2227 b0-

1987 2279 2116 2318 num
2148 2263 2422 2317 hominem
2459 2279 2544 2317 me
2574 2272 2866 2333 reputaret,
2898 2272 2954 2318 et
2990 2264 3109 2319 ideo
3137 2278 3236 2333 pro
3267 2278 3352 2318 me
3382 2272 3571 2329 staret.

1988 2357 2116 2413 Haac
2131 2358 2313 2413 omnia
2352 2359 2579 2413 multum
2604 2357 2784 2412 valent
2813 2358 2881 2412 ad
2927 2356 3406 2413 conformationem
3439 2356 3574 2410 alio-

1988 2466 2130 2506 rum.
2156 2448 2413 2505 Clamavi.
2437 2450 2636 2505 lterum
2662 2450 2920 2505 membris
2943 2450 3055 2504 suis
3078 2449 3307 2505 formam
3327 2447 3577 2519 prescri-

1987 2543 2088 2609 bit,
2148 2544 2277 2612 quid
2323 2544 2377 2597 in
2424 2541 2586 2612 hujus
2621 2543 2805 2597 mundi
2852 2542 3115 2613 angustiis
3167 2543 3429 2613 agendum
3478 2540 3568 2595 sit.

1990 2633 2154 2700 Quasi
2181 2635 2353 2689 dicat:
2380 2633 2513 2688 Cum
2536 2635 2637 2703 ipsi
2659 2634 2913 2703 laqueum
2937 2634 3066 2688 mihi
3088 2634 3498 2698 absconderent,
3523 2640 3577 2687 et

1990 2730 2150 2785 amici
2174 2730 2279 2785 mei
2302 2743 2388 2783 me
2408 2729 2855 2797 dereliquisseut:
2879 2725 3184 2793 ODomine,
3212 2742 3318 2781 non
3354 2742 3455 2796 ego
3482 2741 3579 2795 pa-

1990 2820 2279 2876 trocinium
2304 2821 2548 2891 quaesivi,
2573 2820 2665 2875 sed
2686 2821 2754 2874 ad
2775 2830 2823 2873 te
2843 2819 3084 2883 clamavi,
3113 2820 3327 2875 dicens:
3354 2818 3578 2872 Intende

1992 2914 2061 2968 ad
2088 2913 2503 2983 deprecationem
2548 2929 2740 2977 meam,
2775 2912 2826 2966 id
2870 2920 2972 2976 est,
3006 2913 3273 2966 intensum
3308 2918 3360 2965 te
3400 2908 3582 2980 praebe

1993 3006 2061 3060 ad
2091 3004 2477 3068 conferendum
2511 3005 2615 3059 hoc
2649 3004 2795 3074 quod
2834 3019 2951 3059 oro.
2984 3004 3049 3059 Et.
3084 3004 3189 3059 hoc
3214 3001 3421 3071 justum
3470 3009 3577 3074 est,

1993 3098 2119 3169 quia
2162 3108 2253 3166 tu,
2303 3096 2396 3167 qui
2440 3098 2781 3168 omnipotens
2820 3112 2881 3152 es
2920 3104 2976 3151 et
3006 3095 3337 3158 misericors,
3372 3111 3426 3148 es
3461 3110 3580 3162 spes

1991 3210 2131 3257 mea,
2162 3192 2287 3261 quia
2318 3206 2424 3246 non
2455 3192 2666 3246 confido
2692 3192 2745 3244 in
2773 3190 2979 3246 viribus
3009 3191 3163 3254 meis,
3210 3190 3302 3245 sed
3331 3189 3382 3243 iu
3414 3197 3486 3243 te.
3513 3188 3581 3241 Et

1994 3284 2115 3337 ideo
2143 3284 2304 3338 etiam
2341 3284 2464 3353 quia
2496 3285 2685 3353 portio,
2720 3284 2771 3338 id
2797 3293 2907 3348 est,
2949 3284 3235 3337 haereditas
3260 3298 3374 3334 mea
3404 3288 3486 3334 est
3524 3280 3580 3331 in

1992 3384 2131 3429 terra
2156 3375 2447 3437 viventium,
2474 3375 2575 3430 hoc
2596 3385 2699 3440 est,
2732 3375 2804 3429 illi
2832 3376 2923 3445 qui
2949 3384 3075 3430 sunt
3095 3382 3239 3429 terra
3258 3372 3576 3433 viventium,

1993 3466 2201 3522 scilicet
2215 3465 2369 3534 justi,
2397 3477 2522 3522 sunt
2545 3467 2831 3522 hzereditas
2859 3481 2998 3522 mea.
3030 3467 3099 3520 Et
3125 3481 3224 3536 pro
3254 3465 3340 3519 illa
3358 3461 3579 3517 incredi-

1995 3568 2103 3613 tate
2131 3559 2421 3615 obtinenda
2457 3574 2648 3629 preces
2682 3559 2919 3613 eil’undo.
2962 3558 3029 3613 Et
3062 3574 3169 3612 non
3210 3557 3279 3612 ob
3306 3554 3449 3609 aliud
3482 3568 3593 3622 pa-‘

1993 3653 2119 3716 tiar,
2148 3652 2253 3706 nisi
2279 3658 2337 3705 ut
2352 3648 2484 3717 justi
2518 3652 2625 3705 sint
2655 3651 2943 3706 haereditas
2970 3665 3109 3705 mea.
3143 3648 3211 3702 Et
3248 3660 3469 3701 necesse
3494 3650 3580 3698 est

1992 3754 2051 3799 ut
2074 3745 2343 3808 intendas,
2372 3743 2511 3808 Quia
2533 3742 2839 3797 humiliatus
2866 3759 2982 3797 sum
3031 3742 3216 3803 nimis,
3252 3739 3305 3794 id
3339 3746 3444 3801 est,
3488 3751 3581 3791 ve-

1993 3838 2277 3891 hementer
2303 3835 2530 3906 ﬂagella,
2574 3844 2727 3904 sputa
2758 3844 2813 3889 ct
2842 3835 2945 3888 alia
2974 3834 3142 3887 multa
3180 3830 3453 3903 patiendo.
3489 3826 3582 3881 Li-

1992 3931 2114 3983 bera
2148 3936 2248 3983 me.
2274 3929 2340 3983 Et
2377 3930 2656 3998 praemittit
2675 3928 2908 3997 qualiter
2932 3927 3060 3982 velit
3087 3925 3290 3981 intendi
3319 3924 3577 3993 depreca-

1992 4022 2125 4077 tioni
2168 4038 2300 4085 suze,
2347 4021 2421 4075 ita
2453 4020 2659 4075 scilicet
2705 4039 2716 4074 :
2748 4020 2934 4074 Libera
2979 4036 3059 4075 me
3091 4037 3123 4073 a
3152 4014 3579 4089 persequentibus

1990 4132 2103 4181 me,
2152 4131 2221 4171 ne
2260 4114 2438 4169 victus
2474 4113 2816 4167 tribulatione
2848 4152 2862 4176 ,
2921 4113 3105 4166 cedam
3154 4110 3206 4163 in
3254 4098 3581 4162 sententiam

1993 4221 2201 4272 eorum,
2232 4214 2287 4259 et
2321 4204 2631 4261 conformer
2659 4204 2759 4257 eis.
2788 4202 2943 4268 Quod
2979 4202 3100 4255 ideo
3132 4199 3263 4254 mihi
3293 4205 3436 4253 esset
3462 4194 3577 4248 for-

1992 4299 2325 4363 midandum,
2368 4300 2493 4369 quia
2518 4296 2855 4366 reputatione
2886 4308 2980 4348 sua
3011 4290 3293 4361 confortati
3330 4295 3450 4342 sunt
3489 4302 3580 4340 su-

1990 4410 2084 4465 per
2115 4409 2216 4459 me,
2252 4391 2583 4447 aestimantes
2611 4406 2669 4445 se
2707 4388 2837 4443 mihi
2859 4386 3173 4458 praavalere.
3201 4383 3311 4438 Sed
3346 4396 3453 4435 non
3492 4387 3577 4433 est

1986 4482 2191 4553 justum
2232 4490 2292 4537 ut
2342 4480 2536 4535 talibus
2576 4477 2879 4534 satisfacias
2911 4479 2975 4532 de
3000 4490 3105 4530 me.
3136 4475 3203 4528 Et
3227 4489 3332 4529 non
3362 4479 3576 4526 tantum

1991 4588 2088 4628 oro
2119 4587 2188 4628 ne
2217 4572 2271 4626 in
2295 4569 2641 4625 tribulatione
2662 4569 2839 4623 victus
2858 4566 3164 4622 conformer
3177 4564 3279 4628 eis,
3294 4563 3389 4618 sed
3412 4562 3577 4616 etiam

298 4656 358 4709 in
394 4657 681 4725 deiicienda
714 4659 954 4729 spiritum
989 4675 1183 4724 meum,
1213 4659 1267 4714 id
1293 4668 1399 4728 est,
1428 4669 1490 4717 ut
1513 4662 1585 4717 ita
1611 4664 1887 4720 destruam
1914 4695 1968 4755 Ι)
1993 4665 2114 4719 hoc.
2144 4660 2296 4716 Educ
2323 4663 2389 4716 de
2409 4660 2649 4715 custodia
2672 4660 2903 4713 animam
2924 4674 3116 4723 meam,
3140 4657 3193 4712 id
3222 4665 3329 4722 εει,
3357 4662 3418 4710 ut
3444 4654 3579 4709 edu—

300 4748 632 4804 voluntatem
656 4763 852 4803 meam.
877 4748 1147 4816 Quantum
1172 4750 1318 4804 enim
1348 4751 1413 4805 ad
1438 4759 1686 4808 naturam
1709 4756 1890 4811 carnis

303 4839 484 4893 omnia
535 4840 759 4893 tendunt
805 4839 871 4892 ad
928 4839 1052 4905 hoc,
1099 4847 1159 4894 ut
1204 4849 1530 4896 conservent
1577 4857 1697 4898 esse
1733 4858 1889 4900 suum

302 4929 541 5001 quandiu
566 4936 809 5000 possunt.
836 4929 904 4983 Et
935 4943 1043 4983 non
1069 4937 1276 4984 tantum
1310 4932 1559 4987 intensus
1586 4932 1660 4987 fui
1686 4933 1741 4987 iu
1768 4949 1892 4989 ora-

304 5022 451 5077 tione
479 5030 534 5076 et
564 5021 873 5086 dilectione,
899 5021 995 5075 sed
1036 5029 1091 5075 et
1131 5020 1287 5077 bonis
1314 5022 1567 5093 operibus
1612 5024 1806 5092 institi,
1836 5038 1891 5083 et

304 5115 409 5171 hoc
430 5123 517 5170 est
544 5115 685 5183 quod
712 5114 861 5179 dicit,
887 5123 1207 5169 convertens
1232 5130 1291 5169 se
1327 5104 1405 5171 ad
1443 5116 1729 5173 Dominum
1762 5136 1883 5174 cum

304 5206 604 5279 gratiarum
640 5206 876 5270 actione,
901 5213 949 5258 et
995 5213 1051 5257 tu
1081 5206 1359 5275 cognovisti
1398 5195 1609 5261 semitas
1638 5226 1800 5275 meas,
1834 5212 1886 5266 id

305 5309 409 5365 est,
438 5298 751 5369 approbasti
776 5299 915 5353 bona
938 5312 1101 5368 opera
1130 5313 1248 5352 mea
1280 5317 1293 5351 :
1324 5299 1452 5367 quia
1477 5299 1603 5355 talia
1632 5312 1888 5371 operatus

304 5406 449 5456 sum,
474 5406 595 5459 qua
614 5391 776 5461 digna
794 5398 977 5446 essent
1003 5398 1089 5443 tua
1111 5390 1437 5460 cognitione,
1468 5391 1523 5444 in
1552 5392 1634 5446 via
1660 5394 1757 5447 hac
1784 5413 1889 5466 qua

305 5481 664 5537 ambulabam.
712 5481 780 5535 Et
817 5496 939 5535 cum
971 5495 1145 5537 essem
1195 5483 1274 5535 sic
1301 5481 1551 5549 devotus,
1580 5484 1659 5539 sic
1700 5501 1887 5554 orans,

304 5572 389 5627 sic
410 5584 664 5640 operans,
692 5578 873 5625 tamen
898 5572 949 5625 in
971 5572 1057 5624 via
1078 5572 1179 5625 hac
1201 5587 1304 5640 qua
1328 5572 1690 5639 ambulabam,
1713 5575 1766 5629 id
1786 5585 1891 5642 est,

305 5662 364 5716 in
398 5660 490 5714 tali
544 5676 663 5715 meo
697 5663 974 5731 proposito
1004 5676 1109 5729 quo
1151 5676 1364 5731 semper
1406 5663 1580 5734 magis
1623 5674 1676 5719 et
1721 5667 1894 5737 magis

304 5754 670 5826 promovebar
697 5756 991 5810 secundum
1018 5756 1382 5811 ostensionem
1403 5758 1739 5825 operationis
1762 5760 1888 5815 abs-

305 5859 510 5915 causae,
533 5856 859 5919 putaverunt
897 5863 958 5906 se
1002 5849 1336 5906 abscondere
1373 5851 1502 5905 mihi
1535 5850 1809 5923 laqueum,
1839 5853 1893 5911 id

2003 4770 2094 4810 cas
2129 4753 2365 4808 animam
2391 4766 2567 4806 meam
2599 4751 2663 4805 de
2693 4749 2964 4815 custodia,
3002 4748 3145 4803 idem
3174 4762 3373 4817 corpus
3397 4758 3576 4801 meum

1995 4845 2325 4902 viviﬁcatum
2357 4842 2553 4897 liberes
2579 4842 2646 4897 de
2676 4841 2947 4897 custodito
2960 4840 3228 4911 sepulcro.
3263 4838 3425 4895 Ponit
3456 4837 3576 4892 ani-

1995 4955 2140 4996 mam
2182 4953 2279 5009 pro
2323 4950 2551 5006 corpore
2581 4953 2595 4989 :
2620 4934 2706 4989 vel
2735 4944 2946 5005 partem
2976 4948 3075 5004 pro
3092 4942 3227 4990 toto.
3254 4932 3407 4987 Licet
3428 4931 3576 4985 enim

1993 5031 2233 5087 animam
2254 5043 2359 5084 non
2376 5028 2683 5083 detinerent
2695 5027 2749 5081 in
2765 5027 3031 5091 custodia,
3046 5026 3238 5082 melius
3252 5034 3429 5079 tamen
3446 5022 3581 5077 dicit

1994 5126 2226 5179 animant
2249 5137 2411 5192 quam
2437 5122 2482 5176 si
2504 5121 2731 5187 diceret,
2763 5136 2850 5176 me
2879 5120 2963 5176 vel
2991 5135 3188 5189 corpus
3217 5132 3419 5181 meum,
3450 5115 3579 5185 quia

1994 5228 2177 5292 posset
2210 5217 2438 5288 intelligi
2469 5231 2667 5286 corpus
2702 5217 2821 5271 sine
2849 5217 3031 5269 anima
3058 5213 3347 5276 sublatum,
3373 5217 3433 5265 ut
3470 5208 3577 5263 mi-

1994 5313 2101 5372 seri
2137 5312 2314 5367 adhuc
2340 5309 2509 5365 Judaei
2553 5318 2825 5366 asserunt.
2851 5309 3026 5375 Educ,
3050 5309 3290 5378 inquam,
3322 5304 3391 5357 ad
3416 5300 3579 5369 conﬁ-

1996 5406 2209 5461 tendum
2252 5404 2451 5459 nomini
2479 5412 2589 5467 tuo,
2638 5403 2689 5457 id
2717 5411 2823 5467 est,
2866 5402 2931 5456 ad
2962 5402 3066 5455 hoc
3088 5408 3148 5453 ut
3174 5398 3449 5454 instituam
3476 5392 3575 5448 tibi

1996 5497 2150 5562 tales,
2184 5495 2275 5565 qui
2307 5503 2359 5549 te
2385 5494 2606 5549 laudent
2653 5493 2707 5547 in
2749 5490 3179 5547 consideratione
3207 5488 3443 5543 nominis
3473 5486 3573 5539 tui.

1995 5588 2063 5644 Et
2089 5603 2117 5641 a
2142 5588 2336 5657 quibus
2362 5585 2554 5639 debeat
2582 5582 2697 5637 fieri
2722 5582 2813 5636 illa
2843 5580 3111 5636 confessio
3135 5577 3374 5649 exponit,
3429 5575 3576 5631 scili-

1996 5677 2332 5746 cctajustis,
2366 5676 2456 5745 qui
2498 5681 2791 5743 exspectant
2832 5689 2912 5726 me
2946 5673 3109 5726 donec
3136 5669 3392 5724 retribuas
3421 5666 3571 5730 mihi,

1996 5773 2047 5827 id
2078 5781 2179 5836 est,
2210 5779 2269 5824 ut
2302 5770 2472 5824 facias
2522 5783 2608 5823 me
2640 5780 2946 5839 resurgere,
2975 5767 3281 5825 retribuens
3325 5763 3455 5820 mihi
3485 5775 3572 5815 se-

1995 5863 2229 5919 cundum
2257 5859 2619 5917 obedientiam
2648 5872 2844 5913 meam.
