4038 6426
584 492 687 549 sta
1212 489 1464 545 nmncn
1504 440 2164 544 ANTISSIODORENSIS
2203 483 2351 541 ore.
2396 482 2573 541 pnas
2631 482 2673 540 ι.
2711 513 2781 527 -
2818 481 3227 559 enemies.
3723 488 3800 545 ω

1104 601 1422 659 PSALMUS
1447 600 1645 658 CXLII.

585 715 816 760 ιιεΑωωε
856 712 1016 754 ωνιυ
1067 711 1275 761 QUANDO
1332 709 1779 760 PERSBQUEBATUR
1827 708 1934 751 EUII
1985 710 2158 751 FILIUS

1156 784 1282 823 ευυε
1304 781 1563 824 Αιελιοι.

661 905 681 939 ι
728 884 969 948 Domine,
997 882 1190 937 exaudi
1236 881 1537 936 orationem
1571 895 1765 946 meam,
1797 881 2019 937 auribus
2040 896 2163 952 per-

592 995 611 1028 c
655 974 775 1045 cipe
799 971 1229 1030 obsecrationem
1258 984 1436 1026 meam
1477 971 1530 1025 in
1565 972 1796 1027 veritate
1825 979 1937 1037 tua,
1965 972 2161 1026 exaudi

592 1082 613 1118 ι
652 1079 742 1121 me
777 1066 829 1118 in
860 1070 950 1118 tua
969 1061 1197 1132 iustitia.
1233 1060 1299 1116 Et
1325 1075 1430 1116 non
1470 1062 1641 1116 intres
1664 1061 1716 1115 in
1743 1061 2006 1130 judicium
2039 1076 2163 1117 cum

591 1175 610 1209 ι
657 1169 812 1212 servo
842 1163 955 1220 tuo,
984 1152 1110 1225 quia
1132 1168 1240 1208 non
1264 1150 1653 1222 justitieabitttr
1682 1154 1734 1207 In
1759 1164 2048 1223 conspectu
2074 1161 2164 1209 tuo

592 1271 611 1304 ι
655 1252 833 1307 omnis
866 1250 1074 1306 vivens.
1106 1248 1238 1317 Quia
1268 1257 1587 1319 persecutus
1630 1257 1717 1304 est
1761 1248 2013 1303 inimicus
2050 1247 2165 1303 ani-

589 1365 608 1398 c
653 1361 795 1401 mam
837 1358 1053 1409 meam,
1104 1342 1411 1398 bumiliavit
1461 1343 1515 1397 in
1564 1351 1710 1398 terra
1741 1342 1906 1397 vitam
1963 1344 2159 1397 meam.

588 1455 608 1489 ι
651 1435 947 1493 Collocavit
975 1450 1062 1489 me
1089 1434 1144 1488 in
1164 1434 1409 1489 obscuris
1440 1435 1582 1490 sicut
1608 1441 1847 1490 mortuos
1869 1433 2076 1501 saeculi,
2107 1440 2163 1489 et

588 1546 608 1579 ο
654 1527 903 1582 anxiatus
935 1534 1019 1581 est
1061 1540 1225 1596 super
1252 1541 1340 1581 me
1373 1525 1599 1595 spiritus
1626 1539 1779 1581 meus
1804 1565 1818 1591 ,
1854 1525 1907 1579 in
1936 1539 2025 1580 me
2051 1534 2164 1579 tur-

586 1637 606 1671 ι
653 1621 834 1675 batum
862 1628 944 1675 est
974 1633 1070 1674 cor
1095 1634 1299 1673 meum.
1333 1617 1540 1673 Memor
1563 1616 1636 1673 fui
1665 1618 1874 1674 dierum
1916 1619 2163 1691 antiquo-

587 1728 605 1760 ι
652 1724 793 1776 rum,
830 1710 1121 1764 meditatus
1149 1723 1268 1765 sum
1292 1709 1345 1763 in
1365 1710 1617 1765 omnibus
1646 1711 1900 1780 operibus
1933 1710 2063 1775 tuis,
2108 1707 2163 1765 in

584 1820 603 1853 ι
652 1801 807 1858 laetis
836 1816 1089 1857 manuum
1118 1811 1331 1856 tuarum
1392 1802 1712 1858 meditabar.
1744 1802 1991 1874 Expandi
2044 1816 2160 1856 ma-

585 1911 749 1974 gnus
776 1910 923 1951 meas
952 1896 1018 1950 ad
1044 1905 1129 1961 te;
1163 1896 1345 1949 anima
1377 1911 1493 1950 mea
1539 1896 1681 1951 sicut
1705 1903 1849 1950 terra
1875 1896 1993 1951 sine
2021 1910 2160 1966 aqua

2191 619 2243 680 Α
2269 600 2495 674 simplex
2522 600 2699 658 oratio
2718 615 2857 657 esse.
2882 599 2951 657 Et
2975 598 3245 675 quomodo
3268 600 3414 656 dicat
3430 614 3553 654 eum
3570 616 3676 659 esse
3693 609 3801 663 veri.

2266 706 2451 762 tatem,
2483 695 2757 769 subjungit
2792 704 2851 750 ut
2897 695 3155 770 praescius
3206 694 3549 762 determinet,
3595 695 3660 752 ita

2263 797 2388 845 cet:
2421 784 2637 842 Exaudi
2671 805 2751 843 me
2797 788 2854 843 in
2888 794 2979 842 tua
2998 787 3231 859 justitia,
3265 783 3316 843 id
3359 794 3467 853 est,
3497 785 3550 842 in
3571 784 3692 845 Filio
3716 800 3799 860 tuo,

2265 882 2319 936 in
2348 897 2455 953 quo
2501 882 2642 937 banc
2667 882 2949 937 veritatem
3006 879 3365 951 complevisti,
3400 887 3460 934 ut
3483 894 3576 955 per
3598 897 3705 938 eum
3727 899 3801 941 nos

2265 970 2597 1035 viviﬁcares;
2625 972 2777 1044 juxta
2821 970 2950 1027 illud
2994 969 3232 1042 Apostoli
3264 989 3275 1025 :
3332 986 3353 1021 ι
3404 969 3506 1039 Qui
3538 972 3801 1047 positusest

2267 1064 2421 1120 nobis
2443 1064 2760 1135 justiticatio
2800 1076 2854 1121 et
2878 1066 3179 1137 redemptio
3206 1063 3255 1138 (ι
3281 1064 3408 1122 Cor.
3437 1064 3501 1139 ι).
3545 1065 3607 1122 Ει
3630 1068 3798 1124 nonin-

2264 1161 2377 1210 tres
2405 1155 2756 1227 injudicium.
2802 1176 2821 1209 ι
2874 1155 3032 1212 Modo
3056 1155 3184 1212 facit
3208 1156 3371 1212 aliam
3412 1157 3693 1212 orationem
3713 1157 3798 1214 ita:

2265 1243 2480 1299 Exaudi
2524 1262 2625 1312 me,
2666 1246 2906 1315 inquam,
2945 1248 2999 1301 in
3027 1246 3239 1318 justitia
3275 1255 3390 1302 tua.
3449 1243 3518 1301 Et
3548 1264 3642 1302 non
3680 1248 3799 1304 intret

2264 1337 2320 1392 in
2336 1338 2602 1409 judicium
2631 1352 2809 1394 meum
2858 1356 2975 1394 cum
3001 1357 3146 1395 servo
3195 1357 3331 1405 meo,
3374 1338 3430 1395 id
3465 1349 3567 1407 est,
3591 1355 3683 1397 non
3708 1356 3800 1413 agas

2266 1444 2474 1485 meeum
2501 1430 2700 1501 judicia
2732 1431 2829 1495 rei,
2860 1439 2920 1486 ut
2942 1446 3026 1487 me
3054 1431 3246 1504 punias
3287 1442 3456 1503 prout
3484 1448 3694 1501 mereor,
3733 1434 3799 1490 sed

2265 1522 2726 1578 misericorditer:
2773 1525 2879 1580 boc
2926 1534 3029 1589 est,
3064 1541 3186 1579 cum
3218 1525 3321 1581 sim
3370 1542 3562 1582 servus
3613 1536 3800 1591 tuns,ne

2267 1630 2477 1671 mecum
2511 1631 2638 1687 agas
2691 1616 2937 1673 districto
2960 1615 3166 1687 judicio
3211 1625 3325 1673 tuo.
3367 1616 3522 1687 Quod
3570 1618 3680 1675 ideo
3704 1620 3798 1673 mihi

2266 1706 2727 1763 reformidandum
2761 1718 2863 1776 est,
2912 1710 3167 1781 quoniam
3209 1727 3316 1767 non
3343 1720 3536 1781 potero
3562 1710 3797 1783 iustiﬁcari

2267 1801 2319 1856 in
2351 1810 2644 1873 conspectu
2678 1810 2789 1871 tuo,
2822 1806 2912 1873 qui
2938 1815 3181 1861 mortuus
3218 1822 3338 1862 sum
3374 1806 3429 1863 in
3453 1808 3798 1878 peccatiszetsi

2268 1896 2321 1952 in
2348 1907 2639 1969 conspectu
2671 1915 2790 1956 meo
2815 1898 2900 1954 vel
2928 1899 3158 1955 aliorum
3185 1899 3473 1958 hominum
3497 1900 3662 1973 justus
3682 1916 3800 1973 appa-

580 2005 603 2041 s
649 1987 763 2043 tibi.
799 1986 1069 2045 Velociter
1100 1988 1297 2045 exaudi
1328 2000 1437 2054 me,
1477 1988 1704 2044 Domine
1725 2031 1739 2054 ,
1782 1986 1980 2045 defecit
2009 1988 2164 2060 spiri-
2190 1977 2238 2039 Β
2265 2000 2664 2058 rerem,tamen
2690 1991 2741 2046 in
2764 1990 3200 2049 consideratione
3228 1993 3302 2048 tui
3325 1991 3509 2065 justus
3531 2010 3629 2049 non
3649 2007 3796 2059 essen,

580 2099 601 2133 ε
643 2090 729 2138 tus
754 2097 928 2138 meus.
961 2082 1078 2138 Non
1111 2090 1325 2138 avertas
1354 2082 1546 2140 faciem
1583 2092 1728 2138 tuam
1768 2100 1799 2139 a
1845 2099 1950 2151 me,
2003 2094 2059 2139 et
2087 2084 2163 2140 si-

582 2194 603 2229 c
647 2176 791 2233 milis
822 2193 916 2231 ero
946 2177 1393 2233 descendentibus
1445 2176 1498 2233 in
1553 2177 1749 2233 lacum'.
1781 2177 2036 2232 Auditam
2077 2177 2164 2233 lac

582 2286 601 2322 ι
642 2269 775 2325 mihi
800 2285 958 2325 mane
984 2270 1407 2326 misericordiam
1439 2280 1604 2336 tuam,
1623 2269 1749 2342 quia
1778 2270 1829 2325 in
1859 2279 1908 2326 te
1928 2269 2160 2342 speravi.

583 2374 602 2409 ι
647 2358 840 2414 Notam
872 2360 955 2414 fac
976 2359 1103 2414 mibi
1137 2359 1275 2414 viam
1310 2360 1360 2414 in
1396 2375 1500 2431 qua
1528 2359 1813 2425 ambulem,
1851 2359 1974 2430 quia
1998 2360 2065 2415 ad
2110 2364 2163 2417 te

583 2468 606 2501 θ
650 2449 821 2505 levavi
854 2451 1088 2505 animam
1120 2466 1316 2506 meam.
1341 2450 1503 2521 Eripe
1531 2466 1617 2505 me
1639 2451 1704 2506 de
1728 2449 1961 2505 inimicis
2003 2451 2159 2517 meis,

581 2561 603 2594 ε
648 2543 891 2608 Domine,
937 2546 1003 2598 ad
1035 2552 1085 2598 te
1113 2542 1328 2615 confugi
1373 2561 1387 2597 :
1425 2542 1558 2597 doce
1585 2556 1671 2597 me
1701 2541 1879 2597 facere
1909 2542 2162 2597 volunta-

583 2652 602 2685 ι
649 2641 758 2689 tem
782 2643 927 2689 tuam
954 2675 969 2700 ,
1021 2633 1145 2704 quia
1191 2633 1332 2689 Deus
1376 2646 1527 2687 meus
1552 2646 1611 2688 es
1642 2639 1719 2686 tu.
1752 2630 1988 2702 Spiritus
2037 2641 2162 2687 tuus

583 2742 603 2776 ο
648 2727 1081 2783 bonus-deducet
1118 2742 1203 2782 me
1226 2725 1279 2781 in
1307 2735 1508 2782 terram
1535 2733 1739 2781 rectam
1773 2740 1789 2779 :
1821 2734 2045 2796 propter
2064 2740 2159 2779 no-

579 2835 598 2869 ι
645 2834 766 2872 men
806 2827 993 2885 tuum,
1046 2820 1289 2885 Domine,
1336 2816 1639 2873 vivilleabis
1686 2832 1773 2873 me
1822 2818 1876 2873 in
1908 2816 2161 2887 aequitate

580 2928 600 2962 ε
649 2919 761 2966 tua.
792 2912 1000 2969 Educes
1054 2914 1121 2969 de
1171 2913 1511 2969 tribulatione
1562 2912 1795 2967 animam
1848 2927 2055 2977 meam,
2108 2918 2162 2967 et

578 3020 600 3054 c
643 3004 696 3058 in
763 3006 1131 3060 misericordia
1190 3013 1279 3060 tua
1333 3005 1609 3076 disperdes
1665 3019 1853 3059 omnes
1913 3002 2161 3059 inimicos

582 3109 602 3144 ι
644 3109 812 3149 meos.
866 3096 932 3149 Et
974 3097 1170 3166 perdes
1223 3112 1412 3152 omnes
1452 3097 1544 3167 qui
1612 3095 1874 3151 tribulant
1920 3082 2203 3151 animam.

581 3203 603 3238 σ
642 3202 840 3253 meam,
886 3189 1139 3258 quoniam
1170 3203 1269 3259 ego
1294 3202 1483 3244 servus
1533 3196 1657 3244 tuus
1682 3202 1821 3242 sum.
1851 3208 1868 3238 ι

1150 3277 1442 3334 ENARRA
1455 3277 1598 3334 T10.

644 3370 891 3426 Psalmus
938 3370 1041 3425 istc
1084 3371 1397 3426 attribuitur
1452 3370 1640 3436 David,
1683 3370 1734 3425 id
1786 3376 1907 3438 est,
1936 3368 2158 3427 cuilibet
2185 3352 2230 3420 C

572 3462 735 3530 tldcli,
787 3462 877 3534 qni
916 3461 1028 3532 jam
1062 3462 1248 3533 incipit
1299 3476 1419 3518 esse
1469 3462 1679 3527 David,
1728 3462 1780 3517 id
1831 3472 1936 3528 εει,
1992 3476 2155 3517 manu

571 3555 766 3622 tortis,
827 3557 1057 3612 viriliter
1098 3557 1356 3613 resistens
1396 3566 1661 3628 peccato,
1696 3558 1781 3613 cui
1834 3557 1984 3628 prius
2029 3572 2155 3613 suc-

569 3649 756 3705 cubuit
844 3649 1196 3707 eﬂ‘eminatus.
1258 3649 1504 3707 Psalmtts
1574 3651 1695 3707 dico
1736 3694 1751 3720 ,
1826 3652 2157 3724 compositus

573 3739 726 3805 ideo,
776 3741 1005 3812 quando,
1040 3741 1094 3797 id
1119 3749 1203 3798 est
1231 3743 1356 3813 quia
1380 3784 1395 3809 ,
1421 3742 1831 3815 persequebatur
1866 3759 1985 3798 eum
2010 3743 2154 3813 ﬁlius

573 3848 720 3897 suus,
750 3833 804 3886 id
847 3841 930 3888 est
967 3844 1270 3903 peccatum,
1317 3835 1460 3905 quod
1502 3835 1619 3906 ipse
1649 3835 1753 3891 sibi
1778 3835 1997 3907 genuit,
2029 3835 2153 3905 quia

572 3940 680 3979 non
706 3933 790 3979 est
817 3941 882 3980 ex
922 3927 1031 3982 Deo
1064 3928 1362 3983 immissum
1390 3970 1404 3995 ,
1441 3928 1536 3984 sed
1584 3944 1652 3985 ex
1692 3945 1768 3985 se.
1800 3929 1983 3986 Prima
2010 3931 2153 3986 enim

570 4020 878 4090 persecutio
924 4020 1176 4090 peccati,
1223 4036 1330 4093 quo
1374 4022 1635 4094 impulsus
1684 4022 1782 4077 fuit
1807 4022 1875 4079 ad
1918 4032 2152 4093 reatum,

573 4109 673 4165 fuit
701 4125 862 4166 causa
893 4125 1060 4183 quare
1088 4111 1229 4169 banc
1255 4113 1554 4169 orationem
1588 4113 1825 4185 protulit,
1853 4123 1912 4170 ut
1937 4114 2153 4172 [reditas

569 4212 624 4257 et
676 4204 991 4260 inbonestas
1022 4218 1143 4275 qua:
1180 4220 1245 4261 ex
1294 4213 1603 4277 perpetrato
1634 4215 1853 4277 peccato
1895 4217 2150 4280 generata

568 4305 686 4351 erat
727 4296 780 4351 in
823 4298 1024 4363 anima,
1063 4299 1480 4355 condonaretur.
1514 4300 1759 4371 Sequens
1794 4317 1924 4360 vero
1968 4318 2152 4373 perse-

568 4390 743 4457 cutio,
776 4406 896 4463 quae
944 4390 1121 4448 adhuc
1157 4392 1212 4448 in
1262 4392 1375 4463 ipsa
1433 4394 1747 4465 pmnitentia
1802 4396 2151 4470 impugnabat

568 4501 689 4539 eum
722 4501 785 4539 ex
821 4501 985 4556 prava
1019 4488 1427 4555 consuetudine,
1456 4499 1538 4545 est
1564 4505 1727 4546 causa
1759 4491 1917 4563 bujus
1946 4492 2149 4547 oratio-

570 4577 656 4630 nis
682 4618 695 4641 ,
723 4591 790 4632 ne
835 4577 935 4633 sibi
966 4580 1275 4649 acquiescat
1303 4582 1597 4638 secundum
1630 4599 1974 4643 consensum.
2017 4586 2149 4643 Orat

570 4663 732 4719 etiam
764 4675 823 4720 ut
848 4668 1004 4723 detur
1024 4669 1127 4723 sibi
1153 4669 1377 4726 facultas
1409 4672 1543 4728 bene
1584 4674 1862 4745 operandi.

640 4756 879 4829 Domine,
904 4761 1113 4815 exaudi.
1145 4760 1190 4819 Ο
1220 4763 1443 4819 Domine
1465 4764 1641 4833 Pater,
1671 4782 1831 4838 quem
1860 4766 2148 4825 Dominum

568 4862 745 4903 meum
769 4850 929 4905 modo
948 4860 1160 4921 reputo,
1201 4855 1394 4909 exaudi
1420 4860 1705 4912 orationem
1745 4876 1933 4923 meam,
1962 4859 2011 4914 id
2043 4870 2145 4927 est,

567 4940 805 4994 concede
836 4939 966 4995 mihi
1015 4943 1157 5012 quod
1197 4958 1313 4999 oro.
1362 4945 1612 5015 Auribus,
1658 4949 1713 5004 id
1755 4961 1860 5017 est,
1905 4954 2145 5022 potentia

568 5029 927 5087 exauditionis
966 5038 1092 5097 tuae,
1161 5037 1364 5105 percipe
1412 5036 1817 5094 obsecrationem
1854 5056 2042 5105 meam,
2096 5042 2149 5097 id

569 5130 673 5186 est,
703 5120 866 5177 talem
893 5124 1194 5179 orationem
1229 5139 1349 5196 qua:
1380 5135 1463 5181 est
1490 5128 1812 5185 obsecratio.
1860 5130 2045 5187 Oratio
2068 5132 2149 5187 di-

568 5209 728 5275 citur,
762 5213 852 5267 ubi
882 5214 1201 5285 simpliciter
1246 5231 1483 5283 oramus,
1526 5220 1830 5278 obsecratio
1874 5237 2022 5289 vero,
2055 5222 2145 5277 ubi

566 5301 669 5359 sub
712 5302 1050 5373 adiuratione
1098 5321 1356 5373 oramus,
1426 5308 1652 5365 dicendo
1705 5327 1799 5382 per
1855 5312 2146 5369 adventum

563 5400 739 5462 tuum,
766 5411 867 5467 per
889 5413 1105 5455 crucem
1128 5406 1299 5467 tuam,
1334 5409 1389 5455 et
1418 5401 1567 5459 talia.
1598 5402 1665 5460 Et
1691 5405 1793 5461 hoc
1829 5421 1935 5460 non
1964 5420 2061 5461 oro
2087 5407 2141 5462 in

566 5484 1001 5544 consideratione
1026 5490 1203 5546 meriti
1231 5490 1336 5546 mei
1364 5507 1378 5545 :
1410 5491 1535 5562 quia
1563 5493 1709 5549 nullo
1742 5494 1898 5550 modo
1922 5511 2142 5565 prome-

563 5575 669 5641 rui,
698 5579 793 5633 sed
814 5577 874 5634 in
896 5581 1108 5636 veritate
1134 5590 1248 5648 tua,
1280 5581 1332 5637 id
1356 5592 1460 5649 est,
1490 5584 1543 5638 in
1565 5584 2001 5641 consideratione
2020 5584 2143 5640 Filii

564 5667 667 5730 tui,
696 5681 964 5740 perquem
985 5673 1322 5746 complevisti
1344 5690 1526 5731 veram
1544 5677 1954 5747 promissionem
1973 5684 2141 5731 tuam.

564 5755 788 5815 Hocest
814 5762 1034 5821 dicere:
1091 5766 1221 5837 Ejus
1263 5768 1460 5839 merito
1504 5776 1561 5823 et
1610 5769 1913 5824 interventu
1957 5768 2145 5823 confer

563 5847 706 5916 quod
731 5862 969 5906 oramus.
1001 5852 1154 5920 Quod
1180 5855 1356 5924 ponit,
1405 5857 1462 5911 in
1493 5857 1707 5912 veritate
1733 5866 1848 5925 tua,
1884 5867 1966 5913 est
1989 5856 2144 5914 obse-

565 5935 738 5993 cratio
762 5953 776 5991 :
800 5937 905 5994 hoc
930 5952 1062 5998 vero
1097 5944 1242 6013 quod
1272 5945 1518 6015 sequitur
1545 5945 1907 6015 postmodum,
1930 5947 2143 6003 videtur

2266 2083 2390 2155 quia
2420 2097 2595 2156 neque
2638 2082 2806 2139 omnis
2838 2086 3029 2151 vivens,
3078 2084 3131 2141 id
3158 2093 3263 2152 εει,
3296 2094 3521 2144 sanctus
3567 2094 3616 2143 ct
3641 2100 3739 2140 vere
3759 2084 3795 2138 in

2266 2175 2557 2233 virtutibus
2586 2176 2793 2242 vivens,
2808 2177 3192 2248 justiﬁcabitur
3234 2180 3289 2235 in
3316 2190 3593 2255 conspectu
3615 2188 3706 2243 tuo,
3724 2178 3795 2233 hoc

2266 2277 2368 2335 est,
2420 2269 2598 2326 nullus
2648 2270 2783 2326 adeo
2827 2268 3007 2341 justus
3038 2279 3141 2338 est,
3173 2272 3227 2327 in
3277 2287 3391 2347 quo
3418 2286 3522 2329 non
3551 2271 3794 2327 inveniatur

2266 2377 2447 2418 coram
2475 2372 2529 2418 te
2564 2362 2766 2434 aliquid
2812 2364 3229 2424 emendandum.
3266 2365 3409 2435 Quia
3437 2376 3705 2439 persecutus
3723 2375 3791 2420 at.

2264 2454 2388 2511 ideo
2430 2457 2794 2513 necessarium
2845 2458 2976 2514 mihi
3009 2467 3092 2517 est
3131 2467 3317 2517 utnon
3344 2459 3517 2516 intres
3540 2474 3718 2517 meeum
3754 2459 3789 2512 in

2258 2547 2543 2618 judicium,
2592 2551 2714 2622 quia
2762 2552 3025 2617 inimicus,
3081 2548 3138 2608 id
3185 2561 3285 2617 est,
3339 2551 3513 2610 fomes
3555 2550 3792 2625 peccaliet

2265 2657 2429 2711 prava
2462 2641 2734 2713 suggestio
2763 2641 2846 2699 vel
2869 2642 3135 2711 diabolus,
3165 2653 3490 2714 persecutus
3519 2652 3595 2699 est
3613 2643 3787 2697 anima

2266 2749 2432 2788 meam
2460 2733 2755 2789 secundum
2792 2732 3186 2804 impulsionem.
3216 2734 3283 2790 Et
3301 2751 3414 2791 non
3448 2744 3639 2791 tantum
3664 2733 3788 2801 impia

2266 2824 2447 2894 guavit
2473 2823 2731 2891 animam,
2761 2824 2855 2880 sed
2879 2832 2934 2879 et
2954 2825 3243 2886 humiliavtt
3268 2824 3434 2882 vitam
3456 2842 3629 2891 meam,
3657 2822 3787 2885 idest,

2266 2923 2462 2995 deiecit
2489 2938 2519 2977 a
2550 2921 2810 2993 dignitate
2831 2938 2951 2990 sua,
2988 2931 3044 2979 et
3082 2922 3386 2979 debilitavit
3413 2921 3635 2978 animam
3658 2932 3787 2974 meam

2204 3076 2209 3081 _
2264 3012 2562 3070 secundum
2603 3028 2926 3070 consensum
2963 3031 3018 3069 ιη
3064 3025 3227 3080 terra,
3278 3013 3334 3071 id
3382 3024 3488 3081 est,
3516 3013 3568 3073 in
3605 3010 3785 3085 appetitu

2264 3114 2601 3163 terrenorum
2630 3116 2686 3163 et
2734 3106 2983 3164 sordibus
3013 3107 3288 3171 vitiorum,
3341 3123 3462 3180 quae
3496 3107 3634 3179 prius
3652 3102 3785 3161 suble-

2265 3207 2387 3257 vata
2414 3199 2721 3267 virtutibus,
2755 3199 2860 3256 alta
2915 3200 3164 3273 petebat:
3204 3201 3411 3259 dictum
3449 3217 3479 3258 a
3502 3196 3785 3257 similitudine

2263 3293 2466 3361 avium,
2498 3293 2693 3366 quibus
2737 3294 2930 3367 captis,
2961 3294 3059 3351 alte
3097 3294 3340 3368 ligantur
3384 3304 3477 3352 aut
3511 3299 3783 3353 truncantnn

2261 3402 2330 3443 ne
2350 3386 2561 3459 possint
2611 3384 2829 3442 avolare
2859 3386 2912 3441 in
2964 3385 3151 3447 altum.
3187 3382 3475 3445 Collocavit
3521 3402 3613 3443 ate.
3638 3381 3690 3441 Et
3709 3393 3783 3435 non

2261 3478 2435 3536 solum
2461 3478 2756 3534 humiliavit
2799 3479 2956 3534 vitam
2985 3496 3176 3547 meam,
3222 3479 3276 3536 id
3312 3488 3420 3546 est,
3452 3476 3785 3536 consensum“

2259 3571 2649 3644 operationem,
2676 3572 2771 3629 sed
2792 3569 2954 3627 etiam
2970 3569 3238 3628 collocavit
3254 3588 3361 3643 me,
3383 3571 3437 3628 id
3451 3578 3550 3637 est,
3565 3566 3784 3638 quiescere

2260 3669 2314 3720 et
2334 3677 2686 3735 perseverare
2734 3678 2820 3717 me
2858 3661 3010 3729 fecit,
3058 3662 3361 3721 secundum
3408 3655 3781 3719 consuetudinem

2258 3753 2313 3808 in
2338 3751 2593 3814 obscuris,
2624 3752 2677 3808 id
2702 3762 2804 3820 est,
2830 3752 2884 3809 in
2908 3754 3146 3826 peccatis
3169 3769 3289 3824 quae
3311 3759 3584 3812 excaecant
3602 3747 3781 3807 animam

2261 3862 2458 3914 meam,
2513 3846 2654 3903 sicut
2697 3844 3005 3901 illuminant
3046 3845 3295 3905 virtutes.
3349 3843 3635 3908 Collocavit,
3678 3836 3779 3896 dict.

2258 3937 2392 3991 sicut
2438 3947 2672 3991 mortuos
2719 3936 2918 4004 swculi,
2953 3936 3008 3992 id
3055 3944 3159 4007 est,
3201 3935 3343 3994 sicut
3379 3936 3494 3993 illos
3521 3931 3604 4005 qui
3631 3920 3780 3984 ιιὶοΐιιιί

2260 4038 2383 4085 sunt
2413 4027 2467 4085 in
2506 4027 2722 4094 saeculo,
2753 4028 2805 4084 id
2840 4036 2943 4097 est,
2979 4029 3034 4084 in
3067 4031 3306 4102 appetitu
3358 4023 3716 4101 temporalium,
3740 4022 3779 4071 et

2248 4116 2364 4187 jam
2408 4127 2766 4174 contemnunt
2808 4127 2863 4175 et
2909 4134 3007 4194 pro
3057 4118 3226 4175 nihilo
3261 4119 3463 4175 ducunt
3487 4124 3697 4189 peccare.
3733 4103 3780 4161 Et

2258 4208 2378 4265 ideo
2410 4224 2632 4265 necesse
2655 4216 2739 4265 est
2784 4220 2843 4265 ut
2890 4226 2993 4265 non
3033 4210 3193 4265 intres
3237 4208 3291 4264 in
3315 4207 3572 4282 judicium
3597 4209 3776 4257 mecum-

2254 4295 2321 4352 Et
2349 4296 2477 4368 quia
2521 4297 2780 4354 deberent
2829 4307 2981 4356 tanto
3026 4300 3198 4373 magis
3239 4308 3457 4372 propter
3503 4294 3596 4350 hoc
3638 4297 3776 4345 secum

2250 4384 2579 4460 iudicialiter
2606 4405 2787 4463 agere,
2818 4392 2967 4464 ponit
2991 4392 3243 4449 meritum
3270 4406 3452 4457 suum,
3471 4386 3662 4443 dicens:
3684 4377 3775 4433 Ideo

2252 4482 2414 4537 etiam
2444 4498 2547 4537 non
2597 4483 2758 4538 intres
2789 4483 2841 4537 in
2875 4482 3140 4554 judicium
3183 4501 3420 4553 mecum,
3465 4479 3580 4552 quia
3611 4469 3774 4544 triti!”

2252 4589 2395 4627 meus
2448 4575 2695 4628 anxietas
2726 4584 2823 4641 est,
2858 4573 2909 4628 id
2938 4583 3047 4642 est,
3074 4575 3252 4630 anima
3302 4590 3419 4631 mea
3470 4568 3621 4627 doluit
3657 4568 3774 4627 ut?"

2254 4682 2355 4730 me,
2404 4665 2659 4721 subaudis
2691 4667 3062 4733 considerans,
3095 4665 3147 4721 id
3189 4675 3293 4733 est,
3330 4662 3606 4738 respiciens
3644 4646 3771 4708 humi-

2405 4716 2655 4721 --μ-μη-ν-
2698 4716 3062 4733 "urvum--.
3096 4716 3147 4721 η
3194 4716 3293 4733 ---ν
3331 4716 3493 4738 HT-

2178 4716 2228 4779 θ
2254 4755 2529 4813 Iiationem
2558 4765 2612 4813 et
2634 4756 2989 4828 dejectionem
3038 4774 3235 4815 meam.
3268 4758 3333 4814 Et
3364 4757 3485 4829 quia
3523 4753 3676 4823 posset
3699 4754 3769 4793 an:

2252 4850 2414 4915 xlari,
2461 4858 2520 4905 ut
2568 4859 2747 4905 tamen
2796 4867 2922 4906 non.
2957 4860 3103 4907 esset
3148 4852 3421 4918 meritum,
3453 4850 3581 4905 sicut
3607 4840 3678 4897 ille
3701 4829 3767 4903 (ιιιῖ

2254 4943 2565 4997 anxiaretur
2604 4957 2703 5013 pro
2748 4942 2977 4998 terrenis
3001 4942 3085 4998 vel
3126 4959 3222 5014 pro
3258 4942 3404 4999 illata
3430 4951 3596 5014 pruna,
3619 4925 3765 4986 addit:

2254 5031 2321 5087 In
2351 5051 2431 5089 me
2471 5034 2737 5089 turbatum
2782 5044 2858 5089 est
2881 5051 2971 5089 cor
2999 5052 3192 5102 meum,
3240 5034 3290 5091 id
3321 5043 3421 5101 est,
3452 5029 3576 5087 ratio
3597 5034 3690 5078 mea
3713 5014 3764 5067 Ῐιθ

2255 5125 2469 5180 anxiata
2501 5132 2604 5191 est,
2634 5133 2689 5179 ut
2716 5123 2802 5179 illa
2830 5125 3075 5180 anxietas
3100 5125 3169 5180 sit
3199 5124 3252 5180 in
3277 5140 3383 5192 me,
3410 5122 3459 5180 id
3478 5126 3571 5181 est,
3598 5113 3641 5166 in
3667 5102 3764 5160 libe-

2251 5232 2313 5271 ro
2333 5216 2573 5279 arbitrio,
2607 5223 2664 5270 ut
2710 5216 2851 5271 sicut
2895 5224 3085 5287 sponte
3126 5215 3366 5289 peccavi,
3420 5213 3487 5269 ita
3546 5198 3763 5289 81590“?e

2249 5307 2561 5377 pmniteam.
2595 5303 2801 5360 Memor
2835 5305 2915 5379 fui
2943 5322 2961 5360 :
2987 5305 3201 5375 spiritus
3232 5320 3375 5359 meus
3399 5298 3612 5355 turbatus
3635 5292 3695 5341 ul
3722 5293 3761 5330 ιη

2249 5412 2364 5453 me:
2396 5407 2506 5453 tum
2536 5396 2678 5462 ideo,
2709 5396 2832 5468 quia
2863 5395 3218 5466 dejectionem
3244 5403 3299 5451 et
3328 5392 3599 5449 tarditatem
3625 5381 3757 5432 meam

2250 5487 2617 5554 consideravi;
2672 5496 2782 5543 tum
2822 5487 2961 5553 ideo,
3008 5486 3135 5557 quia
3162 5501 3229 5542 ex
3259 5485 3424 5540 altera
3450 5470 3759 5564 parte???"

2248 5583 2327 5653 fui
2349 5583 2550 5637 dierum
2573 5581 2928 5653 antiquorum,
2962 5580 3014 5636 id
3038 5588 3141 5646 est,
3164 5577 3470 5635 memoriam
3490 5560 3630 5626 habui
3648 5560 3757 5629 Wo"

2248 5675 2322 5729 ris
2349 5683 2519 5730 status
2543 5674 2671 5743 mei,
2699 5673 2905 5730 scilicet
2929 5673 3252 5729 innocentiae
3279 5681 3334 5729 et
3355 5657 3645 5728 sanctitatis.
3664 5654 3753 5743 τιυὲ

2245 5769 2396 5839 prius
2416 5766 2648 5824 erantin
2680 5781 2786 5835 me,
2819 5777 2873 5822 et
2914 5767 3028 5822 hzec
3064 5774 3293 5841 utraque
3315 5776 3466 5823 causa
3493 5748 3606 5845 milli
3633 5738 3750 5845 fnff‘

2249 5825 2498 5915 inaximaa
2523 5825 2831 5915 anxietatis.
2865 5857 2999 5915 Cum
3028 5860 3171 5915 enim
3194 5825 3386 5931 aliquis
3413 5825 3748 5941 ΐϐερίοῖῖ,

2248 5957 2414 6006 tatem
2443 5949 2496 6006 in
2532 5964 2638 6021 qua
2661 5956 2746 6006 est
2771 5956 2827 6006 et
2858 5964 2889 6006 e
2914 5951 3185 6008 contrario
3210 5926 3578 6024 speciositatcm
3603 5928 3646 5983 in
3665 5926 3743 5990 ‘ll"
