4038 6446
310 472 408 529 821

1427 467 1966 524 ENARRA'I‘IONES
2002 467 2066 522 IN
2111 465 2444 522 PSALMOS.

3461 463 3572 520 822

311 587 432 653 fuit,
468 599 533 643 eo
560 588 732 659 magis
757 586 1025 644 anxiatur.
1072 590 1280 646 Aliter:
1320 589 1442 645 ldeo
1468 589 1719 644 anxiatus
1747 600 1885 648 sum,
1917 596 1964 652 Α
1994 583 2216 654 rigores.
2266 583 2418 652 Quod
2480 594 2564 640 est
2612 584 2909 640 sublevatio
2949 599 3159 639 ammte.
3217 583 3363 639 istud
3427 582 3567 638 idem

310 678 438 748 quia
483 694 678 733 memor
705 679 784 748 fui
805 680 1008 735 dierum
1047 683 1401 752 antiquorum,
1447 679 1503 736 id
1530 689 1633 745 est,
1665 679 1891 733 damna-

311 769 476 826 tionis
524 785 684 840 quam
726 769 782 827 in
834 772 1071 844 antiquis
1111 775 1437 844 temporibus
1483 773 1687 844 primus
1733 771 1893 825 homo

311 872 532 933 propter
587 863 1001 921 inobedientiam
1035 866 1311 933 sustinuit,
1357 874 1414 922 et
1461 881 1584 921 cum
1635 879 1701 920 eo
1734 877 1894 919 omne

310 969 482 1025 genus
511 954 820 1020 humanum,
867 957 992 1027 quia
1025 953 1300 1014 detrusum
1333 966 1416 1014 est
1446 957 1498 1013 in
1532 959 1628 1013 bas
1647 955 1894 1012 miserias

312 1043 686 1112 possibilitatis
705 1053 758 1100 et
796 1045 1157 1114 mortalitatis,
1183 1061 1372 1118 pmnas
1410 1062 1622 1118 quoque
1658 1045 1894 1101 inferna-

314 1134 410 1188 les.
448 1134 515 1189 Et
542 1135 660 1191 ideo
690 1135 818 1191 mihi
852 1137 1000 1193 timui
1031 1151 1098 1194 ne
1118 1139 1282 1197 simili
1305 1153 1463 1209 paena
1496 1139 1804 1194 nmlctarer.
1828 1137 1895 1193 Et

314 1226 416 1279 hoc
439 1235 702 1290 metuens,
731 1227 811 1282 vel
836 1229 1013 1297 potius
1041 1229 1108 1285 ad
1136 1228 1385 1285 meritum
1413 1231 1763 1297 contendens,
1788 1245 1895 1284 nte-

312 1320 512 1372 ditatus
532 1334 668 1386 sum,
702 1321 752 1374 id
779 1329 881 1386 est,
912 1322 1145 1378 studium
1177 1321 1336 1378 habui
1369 1323 1422 1378 in
1454 1323 1692 1378 omnibus
1721 1323 1894 1391 operi-

313 1409 408 1460 bus
429 1409 534 1462 tuis
589 1410 964 1480 adimplendis,
1003 1427 1122 1484 quae
1148 1415 1260 1484 ipse
1290 1414 1406 1469 ﬁeri
1437 1415 1701 1486 praecipis.
1727 1412 1897 1469 Medi-

311 1509 453 1550 tatus
502 1515 648 1562 sum,
710 1499 959 1571 inquam,
1023 1504 1087 1559 de
1136 1507 1440 1575 praeterito,
1506 1516 1559 1561 et
1611 1506 1662 1560 in
1715 1506 1896 1563 futuro

312 1590 613 1646 meditabor
652 1593 704 1645 in
733 1592 888 1662 factis
918 1610 1167 1648 manuum
1197 1606 1432 1663 tuarum,
1466 1597 1515 1652 id
1563 1607 1664 1664 est,
1692 1597 1747 1652 in
1778 1598 1898 1653 tali-

311 1683 413 1737 bus
465 1682 717 1754 Operibus
760 1700 878 1755 quae
925 1695 978 1741 tu
1022 1690 1264 1758 operaris
1311 1690 1363 1745 in
1390 1707 1498 1758 me,
1548 1702 1601 1746 et
1642 1707 1761 1763 qua:
1789 1707 1898 1749 non

271 1759 538 1840 ipossunt
585 1775 838 1845 compleri
887 1776 989 1831 nisi
1025 1785 1075 1832 te
1100 1789 1375 1849 operante.
1420 1759 1894 1852 Eatpandimanus.

309 1863 434 1918 Ideo
485 1865 645 1920 etiam
696 1883 798 1921 non
854 1869 1012 1923 intres
1055 1870 1111 1924 in
1160 1871 1424 1940 judicium
1479 1887 1710 1939 mecum,
1769 1875 1896 1944 quia

1995 675 2280 748 signiﬁcat,
2313 677 2454 748 quod
2496 686 2551 732 et
2593 679 2802 750 speravi
2849 678 2903 733 in
2937 686 3008 744 te,
3057 677 3147 733 sed
3185 676 3342 731 aliter
3368 675 3569 731 dictum

1994 777 2096 823 est.
2145 766 2302 838 Eripe
2343 785 2442 824 me.
2494 767 2608 824 Non
2655 768 2826 824 solum
2877 778 3058 824 notam
3115 766 3200 822 fac
3252 765 3382 822 mihi
3427 765 3570 821 viam

1995 867 2163 925 tuam,
2208 857 2300 912 sed
2344 858 2506 914 etiam
2552 860 2690 929 eripe
2736 875 2817 914 me
2861 859 2915 914 in
2957 858 3344 930 omnipotentia
3387 864 3476 911 tua
3507 855 3573 910 de

1994 949 2218 1004 inimicis
2239 949 2366 1005 meis
2413 949 2778 1018 interioribus,
2813 950 2864 1007 id
2903 960 3008 1018 est,
3039 953 3106 1006 de
3136 951 3335 1006 illicitis
3375 962 3569 1022 sugge-

1995 1040 2280 1107 stionibus,
2336 1057 2403 1097 ne
2455 1043 2585 1097 mihi
2619 1043 2884 1114 placeant.
2934 1044 3002 1099 Et
3029 1045 3132 1101 hoc
3179 1044 3392 1110 merito,
3447 1041 3576 1114 quia

1995 1129 2302 1203 confugium
2327 1133 2429 1189 feci
2473 1135 2542 1188 ad
2569 1144 2635 1199 te,
2665 1151 2768 1190 non
2797 1136 2864 1191 ad
2892 1136 3034 1192 vires
3066 1151 3246 1192 meas:
3272 1145 3325 1191 et
3349 1151 3454 1191 non
3487 1149 3575 1192 so-

1996 1221 2103 1276 lum
2130 1224 2269 1293 eripe
2291 1241 2371 1278 me
2394 1226 2459 1279 de
2477 1226 2700 1282 inimicis
2742 1229 2868 1281 meis
2898 1244 2964 1283 nc
2992 1227 3327 1298 acquiescam
3354 1227 3453 1294 eis,
3478 1228 3576 1284 sed

1996 1322 2050 1367 et
2071 1315 2406 1383 postmodum
2428 1316 2555 1370 doce
2569 1335 2649 1371 me
2670 1317 2842 1387 facere
2862 1319 3174 1374 voluntatem
3198 1329 3364 1386 tuam,
3392 1318 3442 1374 id
3467 1328 3572 1386 est,

1997 1403 2238 1459 doctrina
2271 1414 2359 1460 tua
2394 1405 2558 1462 faciat
2580 1423 2663 1462 me
2694 1410 2962 1480 complere
2991 1425 3054 1465 ea
3082 1426 3200 1480 quae
3236 1419 3288 1465 tu
3329 1409 3576 1482 principis

1995 1500 2229 1568 operari,
2275 1500 2399 1569 quia
2431 1517 2535 1556 non
2565 1500 2832 1556 sufliceret
2882 1517 2987 1556 non
3027 1503 3368 1573 acquiescere
3395 1517 3576 1572 pravae

1997 1590 2344 1661 suggestioni,
2368 1592 2471 1648 nisi
2498 1601 2549 1648 et
2584 1591 2720 1648 bona
2772 1594 3015 1664 Operatio
3062 1594 3232 1651 fieret.
3281 1596 3347 1651 Et
3384 1595 3577 1652 merito

1997 1681 2099 1737 hoc
2123 1691 2317 1752 expeto
2350 1699 2380 1738 a
2413 1692 2481 1749 te,
2510 1687 2634 1753 quia
2683 1695 2739 1740 tu
2767 1703 2820 1740 es
2848 1686 2987 1740 Deus
3014 1703 3192 1754 meus;
3231 1696 3283 1742 et
3306 1687 3444 1742 sicut
3472 1703 3577 1740 non

1997 1775 2145 1847 potui
2185 1777 2481 1832 subsistere
2522 1779 2572 1833 in
2615 1779 2785 1850 prima
2834 1781 3107 1836 creatione
3151 1780 3252 1835 nisi
3284 1788 3471 1850 perte,
3504 1779 3577 1833 ita

1997 1883 2104 1922 non
2131 1883 2347 1938 possum
2388 1885 2732 1941 perseverare
2776 1872 2828 1926 in
2870 1869 3144 1926 voluntate
3177 1881 3286 1936 tua,
3336 1870 3437 1924 nisi
3482 1884 3578 1940 per

307 1955 538 2024 expendi
579 1969 766 2012 manus
798 1973 961 2026 meas,
1005 1959 1055 2014 id
1096 1969 1178 2016 est
1206 1961 1517 2020 affectiones
1538 1979 1708 2031 meas,
1737 1967 1805 2019 ad
1844 1977 1892 2022 te
1919 1957 1968 2018 B
1994 1958 2192 2014 donum
2224 1961 2412 2032 gratia:
2445 1972 2567 2017 tuas.
2598 1961 2825 2032 Spiritus
2852 1974 2990 2018 tuus.
3044 1961 3196 2016 Modo
3237 1965 3473 2016 conlisus
3510 1961 3577 2014 de

308 2047 748 2117 amplexandum,
783 2058 918 2122 quas
957 2053 1108 2122 prius
1129 2053 1370 2109 contraxi
1421 2056 1634 2126 quando
1662 2072 1809 2114 eram
1838 2059 1893 2114 in

309 2133 505 2198 foetore
529 2143 804 2199 vitiorum.
840 2143 908 2199 Et
940 2144 994 2199 in
1018 2151 1224 2201 tantum
1254 2155 1304 2202 te
1333 2144 1513 2215 dilexi,
1549 2151 1690 2222 quod
1715 2153 1894 2208 anima

309 2251 424 2288 mea
453 2235 547 2292 tibi
580 2237 815 2304 inhians,
865 2247 950 2294 est
982 2239 1115 2293 sicut
1150 2249 1289 2296 terra
1342 2241 1455 2296 sine
1480 2260 1638 2314 aqua,
1691 2243 1743 2299 id
1789 2254 1890 2311 est,

309 2323 388 2379 ita
413 2325 683 2382 desiderat
711 2328 891 2385 anima
939 2344 1055 2387 mea
1098 2331 1283 2388 venire
1318 2333 1384 2388 ad
1424 2342 1477 2390 te
1507 2343 1560 2390 et
1590 2337 1684 2390 tibi
1712 2335 1893 2391 adhae-

313 2427 432 2472 rere
478 2419 616 2473 sicut
676 2429 819 2476 terra
869 2423 1011 2478 sicca
1059 2422 1329 2480 desiderat
1365 2439 1579 2498 aquam.
1640 2425 1895 2482 Velociter

308 2509 503 2562 extrudi
526 2525 624 2576 me,
661 2507 901 2567 Domine.
933 2511 1220 2586 Hucusque
1261 2513 1406 2572 dedit
1444 2533 1635 2574 causas
1671 2528 1894 2589 propter

310 2614 448 2668 quas
491 2601 689 2668 oravit,
723 2611 784 2656 ut
805 2617 912 2659 non
945 2603 1108 2661 intret
1133 2621 1315 2661 secum
1345 2605 1398 2662 in
1426 2608 1706 2678 judicium.
1739 2608 1894 2666 Modo

308 2693 531 2764 exponit
570 2709 668 2767 per
708 2704 890 2769 partes
937 2698 1080 2770 quod
1111 2702 1358 2770 superius
1389 2696 1511 2756 laxe
1560 2703 1754 2768 oravit,
1781 2703 1888 2758 ita:

315 2811 334 2843 ι
372 2789 439 2847 Ει
464 2791 588 2863 quia
618 2794 908 2852 meditatus
937 2811 1052 2853 sum
1108 2797 1160 2852 in
1189 2798 1435 2854 omnibus
1463 2799 1718 2870 operibus
1761 2802 1891 2868 tuis,

309 2890 367 2938 et
394 2897 586 2940 manus
617 2901 765 2943 meas
781 2885 1009 2960 expandi
1035 2890 1099 2945 ad
1131 2899 1198 2955 te,
1225 2891 1482 2946 velociter
1509 2891 1701 2948 exaudi
1727 2911 1832 2960 me,
1866 2914 1884 2947 ι

311 2975 366 3030 id
398 2985 494 3041 est,
525 2977 748 3035 indilate
786 2979 1013 3037 delendo
1043 2981 1330 3047 maculam,
1359 2995 1522 3053 quam
1551 2985 1796 3040 contraxi
1825 3001 1894 3042 ex

309 3069 584 3137 praeterito
612 3067 823 3126 delicto.
875 3071 1018 3128 istud
1062 3082 1241 3128 autem
1268 3072 1502 3142 Exaudi,
1537 3075 1588 3130 in
1616 3091 1681 3131 eo
1709 3077 1892 3133 diver-
1913 3094 1939 3117 ι

307 3173 428 3214 sum
452 3169 535 3216 est
556 3176 587 3216 a
615 3163 900 3233 superiori,
930 3163 1053 3235 quia
1080 3164 1206 3220 illud
1247 3164 1536 3223 indiscrete
1578 3168 1781 3224 dictum
1808 3177 1892 3224 est

310 3249 380 3305 de
428 3251 680 3309 omnibus
730 3268 850 3324 quae
889 3255 942 3309 in
976 3258 1218 3326 sequenti
1253 3267 1562 3328 ponuntur:
1596 3260 1736 3316 istud
1759 3276 1889 3317 vero

1999 2051 2373 2107 misericordia
2419 2051 2532 2116 Dei,
2569 2071 2636 2109 ne
2664 2053 2908 2109 videatur
2957 2069 3023 2108 ex
3051 2053 3338 2109 difﬁdentia
3367 2067 3576 2119 orasse,

1997 2146 2064 2200 ad
2086 2145 2504 2202 consolationem
2531 2155 2583 2201 et
2616 2147 3062 2202 confortatiouem
3106 2147 3224 2202 aliis
3267 2146 3580 2216 pmnitenti-

1996 2236 2097 2292 bus
2123 2246 2328 2292 certum
2357 2239 2636 2295 denuntiat
2679 2241 2940 2306 futurum,
2981 2241 3122 2311 quod
3156 2240 3329 2294 oravit
3352 2239 3574 2294 dicens:

1998 2327 2042 2385 Ο
2063 2329 2308 2395 Domine,
2333 2331 2412 2386 sic
2430 2331 2530 2385 erit
2560 2340 2618 2386 ut
2654 2333 2825 2388 oravi.
2866 2333 3101 2403 Spiritus
3143 2342 3265 2387 tuus
3295 2333 3383 2402 qui
3415 2332 3579 2386 bonus

1998 2427 2080 2475 est
2110 2421 2162 2474 in
2193 2429 2383 2474 natura
2433 2422 2534 2486 sui,
2570 2422 2700 2478 milii
2749 2425 2911 2478 etiam
2943 2421 3163 2478 effectus
3190 2424 3383 2488 bonus,
3412 2423 3579 2476 dedu-

1997 2521 2073 2566 cet
2101 2522 2148 2566 et
2176 2530 2276 2578 me,
2304 2514 2354 2569 id
2391 2522 2491 2581 εει,
2525 2515 2876 2570 commutabit
2906 2517 2969 2570 de
2996 2533 3059 2570 eo
3085 2517 3225 2585 quod
3255 2531 3401 2570 eram
3436 2523 3579 2569 terra

1994 2604 2275 2676 proferens
2319 2608 2504 2678 spinas
2543 2614 2598 2662 et
2645 2608 2887 2674 tribulos,
2943 2609 2996 2662 in
3045 2619 3236 2662 terram
3283 2608 3579 2673 rectam,id

1997 2704 2104 2764 est,
2139 2697 2194 2752 in
2223 2698 2325 2753 hoc
2351 2699 2492 2768 quod
2520 2699 2622 2754 sim
2656 2707 2799 2754 terra
2825 2699 3073 2765 fecunda,
3101 2711 3223 2771 apte
3249 2700 3579 2769 respondens

1996 2789 2136 2844 bene
2163 2789 2380 2845 screnti.
2430 2789 2518 2844 illa
2548 2793 2690 2845 enim
2734 2800 2874 2845 terra
2915 2793 3055 2862 justa
3087 2801 3191 2858 est,
3236 2807 3355 2862 quse
3405 2792 3578 2846 reddit

1997 2896 2181 2938 semen
2210 2883 2467 2954 quidquid
2489 2885 2536 2939 ei
2566 2885 2938 2940 committitur.
2969 2886 3036 2939 Et
3057 2885 3161 2940 hoc
3183 2901 3285 2938 non
3316 2883 3484 2939 facies
3509 2899 3576 2936 ex

1996 2971 2208 3028 meritis
2227 2974 2379 3040 meis,
2404 2974 2495 3029 sed
2521 2970 2730 3045 propter
2756 2993 2941 3031 nomen
2971 2989 3135 3041 tuum,
3167 2976 3216 3030 id
3240 2986 3322 3030 est
3347 2975 3575 3047 gloriam

1996 3070 2143 3117 tuam
2170 3080 2183 3118 :
2219 3063 2501 3134 viviﬁcabis
2528 3081 2608 3121 me
2638 3070 2693 3120 in
2723 3067 2965 3137 (equitate
2989 3077 3101 3132 tua,
3137 3067 3185 3122 id
3215 3076 3319 3134 est,
3360 3068 3410 3120 in
3440 3082 3578 3136 pra:-

1994 3157 2164 3227 ceptis
2197 3157 2325 3225 tuis,
2375 3173 2494 3230 quae
2542 3159 2762 3215 dicenda
2816 3169 2941 3216 sunt
2991 3162 3236 3231 aequitas,
3284 3161 3373 3231 qui
3422 3161 3574 3231 prius

1997 3255 2241 3304 mortuus
2270 3262 2417 3304 eram
2447 3248 2498 3303 in
2551 3248 2827 3318 injustitia.
2869 3249 3070 3304 Educcs
3115 3249 3176 3304 de
3218 3250 3572 3304 tribulatione.

307 3350 518 3397 tantum
548 3341 615 3399 de
659 3345 973 3402 remissione
1016 3348 1224 3416 peccati
1278 3348 1421 3419 quod
1457 3351 1727 3406 commisit
1761 3361 1887 3408 ante
1914 3329 1961 3394 C
1992 3338 2057 3394 Et
2105 3355 2211 3396 non
2264 3348 2475 3397 tantum
2525 3343 2822 3400 vivificabis
2874 3360 2958 3399 me
3012 3346 3304 3402 secundum
3359 3346 3576 3400 restitu-

304 3433 699 3502 poznitentiam.
742 3433 975 3503 Exaudi,
1025 3438 1261 3510 inquam.
1297 3437 1362 3494 Et
1409 3439 1511 3496 hoc
1547 3439 1751 3510 justum
1781 3452 1884 3512 est,

306 3524 433 3593 quia
463 3525 650 3596 defecit
692 3525 902 3596 spiritus
932 3544 1094 3597 meus,
1129 3530 1179 3584 id
1209 3539 1312 3596 εει,
1353 3531 1681 3587 voluntatem
1710 3549 1886 3590 meam

307 3619 611 3690 postposui,
639 3625 736 3676 tua
769 3619 1008 3692 quotidie
1045 3621 1215 3690 magis
1245 3635 1308 3676 ac
1352 3625 1523 3694 magis
1547 3623 1598 3677 in
1627 3639 1713 3678 me
1749 3638 1890 3693 prae-

307 3710 540 3768 valente.
589 3713 714 3769 Non
749 3724 953 3770 avertas
995 3711 1180 3786 faciem
1226 3721 1391 3772 tuam.
1445 3715 1512 3773 Et
1561 3731 1664 3774 non
1714 3716 1886 3775 solum

309 3803 502 3858 exaudi
551 3819 637 3861 me
682 3805 736 3861 in
777 3807 1096 3864 remissione
1141 3807 1364 3879 peccati,
1415 3805 1507 3865 sed
1538 3825 1639 3865 non
1685 3821 1886 3865 avertas

307 3895 498 3967 faciem
520 3907 688 3966 tuam,
721 3898 774 3954 id
801 3906 906 3966 εει,
937 3901 1175 3956 remissis
1199 3901 1456 3974 peccatis,
1488 3901 1735 3960 conferas
1756 3905 1887 3961 mihi

307 3989 709 4063 speciositatem
742 3993 1000 4050 virtutum
1054 4011 1172 4066 quae
1220 4005 1303 4053 est
1333 3995 1385 4053 in
1431 4005 1501 4066 te,
1542 4007 1596 4056 et
1645 4014 1801 4071 quam
1830 4007 1885 4056 tu

308 4081 566 4155 inspiras,
591 4099 753 4156 quam
770 4083 922 4157 prius
949 4085 1189 4143 avertisti
1215 4088 1370 4156 a'me,
1392 4103 1459 4146 ex
1489 4103 1594 4161 quo
1616 4089 1888 4162 peccando

308 4175 509 4233 recessi
532 4193 562 4232 a
592 4187 663 4233 te.
703 4177 770 4234 Et
801 4179 844 4234 si
877 4180 1135 4236 averteris
1171 4179 1362 4237 faciem
1394 4191 1562 4250 tuam,
1590 4182 1775 4238 similis
1800 4199 1887 4238 ero

308 4265 734 4325 descendentibus
777 4271 830 4325 in
874 4270 1066 4337 lacum,
1096 4271 1149 4326 id
1189 4280 1273 4328 est
1299 4272 1355 4327 in
1391 4270 1678 4341 infernum,
1712 4273 1794 4329 vel
1824 4274 1888 4330 de

303 4357 512 4430 judicio
554 4362 607 4416 in
646 4359 929 4431 judicium.
965 4362 1079 4419 lioc
1119 4373 1202 4420 est
1239 4366 1460 4421 dicere:
1502 4365 1624 4422 ideo
1669 4381 1798 4437 rogo
1827 4383 1888 4421 ne

310 4462 514 4508 avertas
559 4454 747 4525 faciem
789 4465 950 4521 tuam,
979 4457 1126 4528 quia,
1158 4457 1202 4512 si
1229 4472 1419 4513 aversa
1464 4455 1644 4525 fuerit,
1680 4473 1745 4514 ex
1778 4467 1888 4514 toto

307 4547 514 4615 peribo.
555 4547 805 4603 Auditum
851 4549 954 4618 fac.
1009 4549 1063 4604 in
1118 4551 1220 4606 hoc
1268 4550 1429 4606 etiam
1463 4551 1654 4605 exaudi
1698 4567 1801 4616 me,
1832 4562 1890 4606 ut

309 4635 478 4694 facias
507 4640 741 4696 auditam
791 4642 938 4706 mihi,
983 4643 1035 4698 id
1067 4652 1168 4707 εει,
1203 4651 1261 4699 ιιι
1286 4641 1460 4698 audiri
1492 4659 1578 4699 me
1622 4643 1789 4699 facias
1823 4645 1886 4699 ad

308 4729 595 4784 utilitatem
617 4746 807 4794 meam,
837 4731 1249 4787 misericordiam
1271 4743 1439 4800 tuam,
1467 4731 1673 4790 scilicet
1701 4747 1882 4788 vocem

310 4819 454 4875 illam
479 4836 581 4892 qua
609 4821 918 4894 designatur
949 4823 1314 4880 misericordia
1333 4832 1442 4890 tua,
1468 4839 1590 4879 cum
1618 4825 1886 4880 audierint

300 4912 470 4984 justi:
534 4911 734 4981 Venite,
777 4915 1031 4971 benedicti
1086 4917 1264 4973 Patris
1319 4917 1421 4972 mei
1469 4917 1684 4990 (Matth.
1728 4919 1877 4990 xxv).

307 5007 442 5064 Cum
473 5007 619 5063 vocis
653 5007 912 5080 judicium
941 5010 1044 5065 erit
1073 5027 1244 5076 mane,
1284 5010 1336 5066 id
1363 5019 1466 5076 est,
1509 5011 1560 5064 in
1589 5009 1764 5065 futura
1798 5025 1881 5067 re-

307 5101 662 5167 surrectione,
717 5116 837 5156 cum
893 5111 1015 5170 post
1051 5113 1263 5157 noctem
1312 5109 1366 5156 et
1418 5104 1669 5157 tenebras
1721 5101 1878 5173 hujus

311 5195 512 5260 szeculi,
541 5196 772 5266 primum
829 5193 942 5251 dies
979 5195 1064 5250 illa
1094 5195 1348 5250 illuxerit.
1397 5193 1689 5264 Etjustum
1719 5206 1802 5250 est
1831 5204 1890 5251 ut

308 5303 394 5342 me
420 5288 472 5341 in
495 5288 596 5343 hoc
624 5286 900 5353 exaudias,
925 5288 1013 5358 qui
1031 5287 1173 5342 illam
1195 5288 1437 5341 eamdem
1463 5287 1887 5343 misericordiam

306 5380 505 5448 speravi
548 5379 804 5450 consequi
847 5397 939 5451 per
991 5390 1058 5447 te,
1114 5395 1220 5434 non
1265 5378 1401 5434 meis
1434 5379 1658 5435 viribus.
1692 5379 1888 5435 Notam

307 5471 410 5541 fac.
454 5470 539 5538 Et,
566 5480 624 5526 ut
646 5471 735 5527 illa
769 5473 1132 5529 misericordia
1162 5471 1255 5526 ﬁat
1280 5469 1410 5526 mihi
1450 5472 1650 5538 audita,
1684 5473 1772 5529 hic
1807 5474 1888 5527 in-

309 5561 466 5616 terim
519 5563 602 5620 fac
635 5563 763 5618 mihi
815 5573 991 5620 notam
1038 5566 1170 5620 viam
1219 5571 1604 5634 praeceptorum
1649 5572 1883 5632 tuorum,

309 5673 414 5710 non
445 5665 647 5711 tantum
673 5658 967 5714 secundum
994 5657 1377 5730 cognitionem,
1403 5655 1494 5710 sed
1521 5655 1681 5709 etiam
1711 5656 1762 5709 in
1783 5673 1885 5725 qua

308 5747 586 5811 ambulem,
620 5747 670 5802 id
702 5757 804 5812 est,
851 5757 906 5801 ut
932 5763 1072 5818 saepe
1100 5748 1243 5803 illam
1291 5744 1604 5818 operatione
1633 5742 1883 5814 frequen-

310 5847 439 5892 tem.
465 5840 612 5905 Quod
646 5850 696 5893 te
725 5838 899 5894 facere
928 5839 1127 5908 justum
1173 5846 1274 5905 est,
1297 5837 1421 5909 quia
1459 5835 1686 5889 animam
1719 5851 1886 5890 meam

310 5930 476 5984 {stativi
506 5930 575 5984 ad
605 5941 674 5997 te,
703 5929 753 5984 id
781 5939 883 5998 est,
923 5929 1012 5983 tibi
1050 5944 1166 5984 eam
1193 5929 1462 5993 commisi,
1498 5937 1556 5985 ut
1580 5938 1632 5983 tu
1657 5944 1774 5983 eam
1806 5930 1886 5983 di-

1990 3433 2190 3488 tionem
2214 3432 2499 3500 virtutum,
2531 3435 2621 3490 sed
2675 3435 2836 3490 etiam
2885 3437 3082 3491 educes
3126 3437 3353 3491 animum
3406 3452 3576 3490 meam

1990 3527 2058 3582 de
2135 3527 2383 3598 angustia
2463 3542 2644 3597 pravae
2725 3529 3072 3586 conscientiae
3119 3571 3134 3596 ,
3220 3530 3574 3586 condonando

1989 3615 2122 3672 mihi
2191 3626 2512 3688 peccatum:
2571 3626 2627 3675 et
2681 3628 2901 3693 propter
2963 3619 3065 3677 hoc
3128 3621 3392 3692 disperdcs
3458 3637 3573 3676 omo

1991 3727 2078 3768 nes
2123 3711 2359 3767 inimicos
2395 3727 2533 3772 meos
2566 3712 2851 3770 interiores
2880 3756 2896 3781 ,
2940 3728 3135 3786 pravas
3203 3712 3408 3770 scilicet
3454 3727 3576 3784 sng-

1989 3805 2296 3874 gestiones,
2349 3821 2433 3861 me
2478 3807 2898 3879 circumquaque
2954 3811 3345 3879 impugnantes.
3378 3807 3444 3862 Et
3472 3809 3576 3862 hoc

1989 3914 2094 3953 non
2119 3914 2183 3953 ex
2211 3899 2402 3955 merito
2429 3915 2573 3968 meo,
2602 3903 2694 3956 sed
2716 3901 2769 3956 in
2792 3903 3151 3957 misericordia
3174 3913 3284 3957 tua.
3302 3900 3368 3956 Et
3393 3903 3575 3973 perdes

1989 4008 2187 4049 omnes.
2237 3991 2350 4049 Non
2391 3994 2564 4051 solum
2596 4011 2792 4067 pravas
2838 3997 3210 4070 suggestiones
3252 3996 3568 4066 disperdes,

1990 4087 2085 4142 sed
2115 4096 2170 4143 et
2191 4103 2380 4144 omnes
2407 4091 2498 4160 qui
2535 4089 2785 4144 tribulant
2815 4091 3043 4144 animam
3076 4106 3263 4156 meam,
3304 4089 3416 4145 sive
3441 4088 3575 4142 inte-

1991 4179 2166 4236 riores
2193 4180 2308 4236 sive
2335 4180 2636 4236 exteriores
2665 4181 2910 4236 inimicos
2939 4181 3160 4252 perdes,
3192 4181 3242 4234 id
3273 4187 3352 4234 est
3407 4175 3573 4232 inefli-

1990 4288 2147 4329 Caces
2174 4273 2386 4330 reddes.
2430 4273 2582 4342 Quod
2605 4273 2810 4343 justum
2837 4282 2937 4340 est,
2969 4275 3215 4345 quoniam
3256 4289 3347 4344 ego
3394 4287 3570 4325 servus

1990 4378 2111 4424 tuus
2134 4386 2270 4435 sum,
2306 4369 2487 4436 idest,
2521 4370 2644 4441 quia
2689 4369 2992 4426 voluntates
3021 4384 3168 4424 meas
3202 4379 3483 4438 postpone,
3517 4378 3570 4421 ει

1992 4468 2112 4515 tuas
2144 4460 2195 4514 in
2218 4461 2468 4516 omnibus
2497 4474 2764 4531 exsequar
2798 4461 2969 4515 sancti
3001 4459 3268 4514 Ambrosii
3302 4459 3567 4514 sententia

1992 4549 2045 4602 in
2078 4548 2415 4605 Hexameron
2444 4568 2456 4604 :
2487 4550 2599 4605 Non
2632 4566 2846 4621 semper
2876 4551 3075 4605 malum
3113 4560 3194 4606 est
3221 4567 3326 4606 non
3352 4551 3570 4606 obedire

1990 4648 2280 4712 praecepto.
2320 4641 2374 4695 Si
2398 4643 2540 4696 enim
2571 4643 2768 4698 bonum
2810 4653 2891 4698 est
2946 4653 3268 4714 przeceptum
3291 4687 3305 4710 ,
3342 4646 3567 4699 honesta

1995 4741 2078 4786 est
2123 4731 2446 4787 obedientia.
2473 4733 2624 4800 Quod
2664 4736 2707 4790 si
2741 4736 3040 4806 improbum
3088 4745 3169 4791 est
3197 4747 3523 4808 praeceptum
3553 4779 3565 4799 ,

1994 4839 2099 4878 non
2132 4824 2348 4878 obedire
2376 4824 2504 4879 utile
2531 4835 2632 4881 est.
2665 4825 2805 4896 Ergo
2837 4843 2940 4882 non
2994 4844 3208 4898 semper
3257 4829 3452 4883 malum
3488 4836 3570 4881 est

1991 4932 2097 4971 non
2123 4917 2342 4972 obedire
2382 4926 2668 4988 praecepto.
2699 4915 2806 4974 Sed
2854 4917 2994 4974 bono
3024 4929 3288 4991 praecepto
3320 4936 3422 4975 non
3452 4919 3571 4974 obe-

1989 4996 2126 5074 dire;
2169 5009 2469 5081 improbum
2502 5020 2604 5066 est.
2635 5011 2841 5067 Bonum
2891 5023 2974 5068 est
3021 5022 3198 5069 autem
3238 5023 3291 5069 et
3317 5022 3568 5082 operato-

1988 5100 2127 5154 rimn
2150 5101 2456 5172 cognitione
2478 5099 2626 5167 boni,
2661 5103 2879 5175 maligni
2909 5111 3084 5160 autem
3111 5115 3162 5159 et
3196 5122 3297 5160 non
3321 5113 3569 5174 cperalo-

1993 5192 2131 5246 rium
2164 5193 2468 5264 cognitione
2494 5193 2640 5246 mali.
2661 5194 2850 5250 Utrum
2878 5195 3042 5265 igitur
3060 5194 3254 5250 bonum
3280 5209 3343 5248 an
3369 5194 3566 5248 malum

1991 5283 2061 5338 sit
2106 5293 2429 5353 praeceptum
2482 5299 2704 5339 noscere
2734 5285 3008 5349 debemus,
3056 5285 3306 5354 quoniam
3350 5283 3565 5354 quidem

1992 5374 2133 5430 Deus
2163 5375 2335 5444 inquit
2370 5393 2381 5429 :
2426 5395 2444 5427 ι
2485 5375 2621 5431 Ecce
2658 5376 2826 5430 Adam
2860 5376 3011 5446 quasi
3042 5393 3178 5430 umis
3205 5392 3270 5430 ex
3300 5375 3455 5429 nobis
3484 5374 3562 5427 f'a-

1991 5476 2108 5523 ctus
2130 5475 2231 5534 est,
2274 5467 2449 5523 sciens
2469 5469 2666 5524 bonum
2693 5478 2746 5523 et
2768 5469 2964 5522 malum
2988 5489 3005 5521 ι
3034 5468 3186 5540 (Gen.
3219 5469 3321 5538 ιιι).
3353 5468 3566 5524 Praece-

1991 5567 2142 5631 ptum
2173 5558 2304 5629 legis
2337 5557 2743 5629 Primogenitum
2784 5560 2948 5613 asina?
2977 5558 3198 5614 mutabis
3229 5577 3317 5614 ore
3348 5558 3366 5632 (
3393 5558 3563 5614 Exod.

1995 5649 2139 5721 xm).
2189 5650 2367 5704 Asinae
2401 5663 2528 5719 ergo
2563 5650 3012 5720 primogenitum,
3049 5653 3150 5707 hoc
3184 5663 3294 5714 est.
3340 5653 3570 5707 immun-

1992 5741 2120 5794 dum
2148 5782 2161 5806 ,
2202 5739 2354 5810 jubet
2378 5749 2587 5794 mutare
2620 5755 2737 5806 ove,
2769 5757 2886 5810 qua:
2937 5743 3132 5796 munda
3161 5753 3216 5800 et
3253 5753 3375 5814 apta
3405 5743 3568 5799 sacri-

1994 5832 2116 5887 ficio
2163 5840 2247 5886 est
2279 5849 2291 5883 :
2320 5830 2419 5884 hoc
2470 5831 2765 5886 secundum
2798 5833 3051 5888 litteram.
3105 5834 3160 5890 Si
3215 5835 3334 5904 quis
3385 5841 3564 5886 autem

1994 5937 2214 5979 sensum
2258 5920 2514 5990 spiritalis
2545 5921 2679 5993 legis
2721 5923 2878 5978 altius
2905 5935 3287 5994 prosequatur,
3317 5921 3564 5979 conside-
