4038 6428
586 410 708 477 ’825

1229 419 1487 478 REMIGH
1504 480 1506 482 ,
1526 417 2181 477 ANTISSIODORENSIS

2273 418 2372 478 PP.
2416 421 2616 480 PARS.
2656 423 2784 480 1.-
2811 421 3218 481 EXEGETICA.
3722 430 3800 487 set

583 532 743 593 ,rabit
767 529 908 602 quod
934 532 1086 588 asina
1115 531 1443 588 laboriosum
1469 531 1670 587 animal
1700 532 1791 598 sit,
1824 530 1941 586 ovis
1968 530 2173 585 fructu-
2201 538 2246 596 Α
2276 533 2520 589 actiones
2553 533 2664 590 Deo
2702 548 2802 606 pro
2829 549 2895 590 eo
2918 535 3060 604 quod
3105 532 3279 589 reddit
3325 547 3422 591 eos
3459 533 3536 590 ita
3574 537 3735 595 doctos
3759 545 3799 598 is

597 639 777 680 osum.
810 624 1064 680 Fructum
1090 639 1219 697 ergo
1250 626 1380 680 dicit
1400 625 1718 680 mutandum
1744 623 1948 690 labore,
1976 632 2032 677 ut
2057 623 2178 678 linis

598 715 780 786 operis
804 716 886 772 sui
903 717 974 772 sit
997 716 1226 772 fructus.
1251 717 1422 772 Aliter
1446 731 1461 769 :
1492 716 1718 772 Omnem
1747 715 1984 772 laborem
2003 723 2173 783 tuum,

598 819 816 860 omnem
849 806 1167 862 industriam
1189 846 1204 872 ,
1229 821 1366 877 puro
1415 815 1471 860 et
1498 797 1728 876 simplici
1766 795 2179 863 'commendabis

599 891 814 950 aﬂ‘ectu.
855 894 912 950 Si
947 904 1124 950 autem
1177 911 1286 951 non
1334 897 1598 961 mutabis,
1651 895 1910 952 redimes.
1949 885 2178 952 Jubetur

599 1000 728 1054 ergo
779 988 1073 1043 secundum
1102 987 1366 1052 litteram,
1397 997 1458 1043 ut
1503 989 1703 1044 animal
1741 988 1887 1045 aliud
1930 1004 2031 1060 pro
2070 989 2177 1044 im-

599 1077 800 1132 mundo
827 1078 1045 1132 animali
1070 1079 1348 1146 offeratur,
1378 1087 1471 1135 aut
1503 1081 1736 1151 pretium
1755 1121 1772 1149 ,
1813 1095 1882 1135 ne
1909 1080 2052 1136 inter
2079 1081 2177 1135 de-

596 1166 767 1221 cimas
800 1165 1072 1225 fructuum
1098 1169 1185 1224 vel
1225 1169 1405 1224 minus
1434 1169 1675 1240 aliquod,
1714 1169 1801 1225 vel
1842 1169 2178 1225 immundum
2217 1224 2220 1227 .
2258 1186 2261 1192 ‘

595 1254 846 1311 videatur
883 1257 1085 1313 offerri.
1125 1259 1433 1316 Intellectus
1466 1269 1645 1316 autem
1673 1260 1994 1330 profundior
2043 1260 2177 1315 libe-

595 1346 824 1400 randam
856 1349 1089 1403 animam
1114 1358 1259 1404 tuam
1290 1351 1468 1415 docet,
1499 1358 1559 1404 ut
1592 1350 1822 1405 desistat
1849 1350 1918 1404 ab
1941 1350 2028 1405 his
2057 1365 2180 1420 quae

594 1436 829 1491 fructum
864 1453 970 1493 non
997 1439 1216 1496 habent.
1241 1440 1342 1508 Qui
1375 1441 1518 1496 enim
1551 1442 1786 1506 redimit,
1816 1456 1876 1497 se
1905 1441 2100 1502 liberat
2126 1449 2180 1496 et

597 1529 832 1598 quodam
855 1531 1046 1586 eximit
1074 1532 1274 1587 debito.
1301 1531 1669 1601 Relinquenda
1696 1540 1824 1588 sunt
1852 1545 2018 1602 opera
2056 1548 2179 1602 quae

592 1637 781 1678 verum
815 1622 1048 1679 fructum
1078 1614 1353 1696 bonosque
1379 1640 1666 1696 processus
1691 1625 1892 1680 habere
1923 1641 2029 1682 non
2052 1641 2180 1696 pos-

600 1720 765 1766 sunt:
794 1713 972 1785 qualia
1002 1722 1128 1770 sunt
1152 1717 1331 1770 omnia
1358 1716 1461 1771 ista
1487 1716 1777 1781 mundana,
1801 1730 2029 1785 quorum
2050 1731 2179 1772 usus

595 1817 704 1858 non
738 1813 916 1873 potest
960 1821 1082 1862 esse
1120 1807 1362 1864 diurnus.
1409 1808 1468 1863 In
1511 1807 1706 1878 quibus
1745 1809 1862 1880 ipse
1903 1808 2082 1866 nudus
2123 1816 2181 1864 et

598 1909 725 1952 vere
755 1912 955 1955 vacuus
983 1908 1065 1954 est
1091 1898 1334 1955 eﬁ‘eetus.

1089 1989 1410 2046 PSALMUS
1452 1989 1680 2047 CXLIII.

979 2098 1213 2141 PSALIUS
1237 2100 1397 2141 DAVID
1428 2100 1496 2140 AD
1530 2099 1784 2142 GOLIATH.

674 2194 694 2228 ι
734 2175 1054 2234 Benedictus
1079 2178 1340 2233 Dominus
1369 2179 1512 2234 Deus
1543 2194 1716 2246 meus,
1753 2178 1845 2250 qui
1867 2179 2027 2236 docet
2065 2193 2178 2234 ma-

603 2285 623 2319 ι
659 2284 762 2324 nus
786 2283 932 2324 meas
962 2270 1027 2323 ad
1061 2271 1330 2339 praelium,
1356 2279 1412 2326 et
1446 2270 1644 2341 digitos
1673 2284 1824 2326 meos
1862 2272 1928 2326 ad
1955 2271 2175 2327 bellum.

602 2377 622 2411 ‹
659 2359 1028 2416 Misericordia
1053 2375 1173 2415 mea
1223 2371 1279 2417 et
1319 2361 1588 2432 refugium
1621 2377 1801 2418 meum
1826 2401 1840 2426 ,
1895 2372 2182 2432 susceptor

605 2469 623 2502 ι
658 2465 811 2507 meus
856 2462 910 2508 et
944 2453 1203 2509 liberator
1227 2468 1398 2510 meus.
1428 2455 1710 2512 Protector
1732 2469 1885 2512 meus
1905 2465 1960 2511 et
1984 2457 2037 2511 in
2060 2457 2180 2526 ipso

599 2563 620 2596 ς
660 2547 1009 2616 speravi,qui
1053 2547 1238 2603 subdis
1266 2547 1524 2618 populum
1550 2563 1728 2604 meum
1773 2549 1875 2605 sub
1919 2564 2024 2604 me.
2068 2549 2178 2604 Do-

603 2653 625 2686 ς
661 2637 826 2702 mine,
857 2638 984 2708 quid
1012 2648 1097 2693 est
1122 2639 1284 2694 homo
1325 2641 1452 2710 quia
1480 2639 1766 2695 innotuisti
1794 2641 1885 2696 ei?
1913 2650 2007 2695 aut
2036 2640 2180 2697 ﬁlius

602 2743 622 2776 ι
657 2727 924 2794 hominis,
956 2729 1081 2799 quia
1121 2740 1340 2800 reputas
1367 2733 1537 2786 eum?
1567 2730 1739 2786 Homo
1765 2732 1992 2786 vanitati
2020 2733 2177 2787 simi-

601 2836 618 2867 ι
660 2817 727 2872 Ιίε
771 2817 943 2875 factus
988 2831 1091 2879 est.
1132 2822 1246 2877 dies
1282 2823 1398 2892 ejus
1440 2823 1580 2877 sicut
1607 2823 1797 2877 umbra
1824 2831 2174 2892 praetereunt.

601 2928 618 2961 ι
657 2907 902 2979 Domine,
939 2911 1136 2969 inclina
1187 2913 1353 2971 callos
1405 2924 1552 2980 tuos,
1585 2922 1644 2971 et
1683 2915 1988 2974 descende:
2017 2924 2178 2986 tange

600 3024 619 3054 ε
659 3016 889 3073 montes,
929 3015 984 3062 et
1029 3007 1384 3079 fumigabunt.
1434 3008 1672 3080 Fulgura
1719 2998 2175 3076 coruScationem,

599 3117 616 3146 ι
659 3106 713 3152 ει
738 3099 1023 3168 dissipabis
1049 3113 1178 3156 eos:
1209 3100 1397 3155 emitte
1423 3101 1646 3171 sagittas
1685 3108 1806 3155 tuas
1829 3139 1845 3167 ,
1879 3109 1934 3156 et
1957 3107 2179 3154 contur-

603 3209 622 3242 ι
658 3191 812 3247 babis
833 3205 947 3248 eos.
976 3193 1175 3248 Emitte
1207 3208 1426 3249 manum
1460 3203 1606 3248 tuam
1636 3193 1704 3248 de
1729 3193 1860 3258 alto,
1891 3193 2041 3262 eripe
2066 3207 2174 3257 me,

2279 644 2476 698 pugna,
2507 637 2566 684 ut
2600 646 2706 685 non
2730 631 3144 686 succumberent
3167 630 3221 684 in
3246 630 3640 701 impugnatione
3663 633 3784 690 inimi

2233 791 2236 794 ἢ
2279 735 2505 787 corum;
2545 731 2601 778 et
2650 723 2753 778 hoc
2802 723 2868 778 ad
2904 721 3310 777 instructionem
3361 721 3540 777 minus
3586 725 3801 793 perfecto-

2279 827 2398 868 rum
2453 813 2659 871 scilicet
2685 823 2756 890 ut
2784 831 2907 872 cum
2935 815 3328 884 impugnantur,
3374 823 3530 871 orent
3554 815 3802 874 doctrinam

2278 903 2557 982 praeliandi
2578 921 2609 960 a
2635 904 2881 962 Domino.
2908 905 3119 961 Etcum
3153 920 3275 961 eam
3321 905 3594 962 consecuti
3626 904 3799 974 fuerint,

2279 1008 2386 1049 non
2420 996 2471 1050 in
2501 1012 2580 1063 se,
2608 998 2701 1054 sed
2731 997 2785 1052 in
2813 983 3042 1053 Domino
3070 997 3386 1069 glorientur.

2350 1087 2663 1146 Benedictus
2691 1090 2971 1146 Dominus.
3002 1089 3260 1146 Dominus
3283 1088 3450 1146 Pater
3473 1089 3562 1162 qui
3591 1090 3800 1148 Dominus

2281 1194 2433 1236 meus
2465 1189 2549 1236 est
2578 1183 2871 1238 secundum
2909 1181 3373 1254 gubernationem,
3417 1191 3474 1238 ει
3506 1181 3639 1237 Deus
3669 1200 3800 1249 meus,

2283 1275 2577 1330 secundum
2603 1275 2957 1342 creationem,
3001 1276 3072 1331 sit
3094 1274 3434 1341 benedictus,
3472 1274 3572 1331 hoc
3595 1285 3686 1342 est,
3713 1278 3800 1347 glo-

2282 1364 2436 1422 riﬁco
2460 1381 2605 1431 eum,
2641 1367 2938 1438 gratiarum
2965 1368 3207 1424 actiones
3230 1364 3536 1432 referendo,
3576 1376 3626 1422 et
3662 1369 3800 1422 omnia

2287 1471 2408 1526 quae
2431 1457 2483 1512 in
2513 1473 2602 1513 me
2623 1457 2760 1513 ﬁunt
2783 1459 2942 1524 bona,
2976 1459 3079 1514 sibi
3133 1457 3452 1514 ascribendo
3479 1474 3493 1510 :
3526 1464 3629 1511 tum
3659 1471 3712 1511 ex
3736 1455 3798 1511 illa

2282 1551 2731 1616 consideratione,
2776 1552 2900 1622 quia
2940 1551 3197 1606 Dominus
3223 1561 3307 1606 est
3333 1550 3390 1605 in
3425 1550 3602 1616 rebus,
3643 1555 3799 1602 tnmeo

2283 1650 2553 1712 respectu,
2585 1642 2710 1711 quia
2742 1650 2827 1698 est
2853 1651 3067 1698 creator
3092 1655 3262 1708 meus,
3294 1649 3407 1696 tum
3431 1639 3586 1695 etiam
3607 1653 3666 1694 ex
3679 1637 3798 1692 bene-

2284 1731 2408 1787 ﬁcio
2428 1731 2558 1787 mihi
2583 1731 2800 1807 collato,
2829 1732 3036 1788 scilicet
3065 1733 3190 1803 quia
3217 1731 3369 1787 docet
3388 1747 3570 1787 manus
3605 1745 3722 1784 meas
3750 1730 3798 1782 ad

2283 1824 2541 1895 praelium,
2567 1825 2620 1881 id
2650 1833 2752 1891 est,
2783 1825 2908 1897 quia
2944 1825 3160 1881 instruit
3191 1833 3248 1880 et
3271 1823 3407 1880 facit
3443 1837 3530 1878 me
3549 1822 3732 1877 doctum
3751 1820 3798 1875 ad

2282 1917 2637 1988 praeliandum
2671 1928 2860 1976 contra
2888 1920 3154 1975 acriorem
3183 1927 3238 1974 et
3273 1917 3702 1974 vehementiorem
3728 1916 3800 1969 im-

2285 2011 2688 2081 pugnationem,
2718 2012 2832 2067 sive
2855 2011 2942 2066 illa
2969 2011 3041 2065 sit
3066 2011 3314 2076 interior,
3339 2009 3456 2065 sive
3483 2007 3710 2064 exterior.
3737 2003 3798 2058 Fit

2283 2101 2428 2155 enim
2455 2101 2748 2172 aliquando
2769 2101 3008 2157 exterior
3036 2101 3396 2172 impugnatio,
3427 2115 3542 2170 qua:
3569 2097 3710 2168 magis
3738 2103 3797 2150 est

2282 2193 2597 2258 vehemens,
2631 2201 2690 2249 ut
2723 2193 3056 2265 impugnatio
3081 2192 3386 2263 philosophi
3421 2198 3475 2245 et
3510 2188 3695 2245 subtilis
3720 2186 3798 2239 he-

2245 2275 2247 2278 ⁴
2280 2282 2457 2338 retici.
2486 2283 2791 2353 Aliquando
2836 2298 2943 2338 non
2981 2282 3114 2338 adeo
3163 2283 3492 2348 vehemens,
3539 2288 3696 2350 utpote
3733 2276 3795 2330 illa

2281 2391 2402 2447 qua:
2433 2375 2492 2430 ﬁt
2527 2377 2594 2430 ah
2629 2375 2862 2432 indoctis
2900 2375 3188 2431 haereticis.
3227 2375 3433 2430 Eodem
3458 2372 3606 2428 modo
3631 2369 3797 2425 interior

2281 2466 2385 2521 alia
2409 2465 2684 2536 suggestio
2712 2466 2883 2536 magis
2902 2465 3181 2536 impugnat
3214 2480 3380 2535 quam
3403 2462 3526 2518 alia.
3551 2461 3615 2517 Et
3637 2457 3730 2515 ideo
3746 2456 3795 2511 sit

2281 2559 2546 2615 Dominus
2566 2560 2906 2627 benedictus,
2936 2559 3028 2629 qui
3059 2559 3218 2614 docet
3238 2559 3434 2629 digitos
3466 2572 3598 2612 meos
3637 2553 3693 2607 ad
3727 2552 3795 2604 bel-

2281 2652 2413 2720 lum,
2462 2652 2514 2707 id
2552 2663 2654 2720 est,
2687 2652 2830 2721 quod
2877 2651 3095 2707 doctum
3143 2665 3230 2706 me
3269 2649 3406 2706 facit
3452 2650 3518 2704 ad
3553 2643 3790 2704 bellandum

2280 2754 2471 2800 contra
2509 2745 2848 2801 remissiores
2884 2744 3314 2816 impngnationes
3377 2742 3491 2798 sive
3546 2739 3790 2796 interiores.

2279 2837 2394 2894 sive
2408 2836 2728 2902 exteriores,
2747 2845 2810 2892 ut
2841 2837 2971 2891 mihi
3002 2852 3108 2892 non
3131 2835 3483 2906 przevaleant.
3524 2831 3635 2888 Sola
3657 2826 3791 2884 simili-

2279 2932 2410 2984 tudo
2431 2929 2664 2984 notanda
2686 2937 2770 2984 est
2795 2928 2852 2983 in
2884 2942 2950 2983 eo
2980 2927 3122 2998 quod
3162 2928 3315 2998 ponit
3350 2941 3537 2982 manus
3564 2932 3613 2978 et
3629 2919 3788 2990 digitos.

2279 3019 2545 3086 Quoniam
2569 3019 2713 3076 enim
2739 3033 2828 3075 res
2855 3019 3032 3090 gladio
3053 3019 3300 3074 cominus
3317 3018 3502 3092 agitur
3514 3022 3564 3070 et
3581 3009 3787 3071 manibus,

2279 3109 2454 3179 majus
2492 3119 2576 3166 est
2601 3109 2922 3182 periculum,
2953 3126 3116 3182 quam
3142 3125 3266 3166 cum
3301 3108 3515 3180 sagittis
3539 3100 3790 3167 caeterisque

2278 3201 2576 3257 missilibus
2616 3201 2829 3258 eminus
2856 3202 3054 3273 agitur,
3089 3202 3216 3271 quia
3261 3199 3426 3255 vitari
3474 3195 3661 3252 facilius
3704 3202 3789 3259 pos'

605 3299 628 3332 ‹
659 3290 715 3336 ει
743 3281 910 3338 libera
935 3297 1020 3337 me
1047 3283 1112 3338 de
1132 3285 1289 3356 aquis
1316 3284 1530 3350 multis,
1558 3292 1613 3338 et
1657 3285 1724 3340 de
1753 3299 1914 3338 manu
1942 3283 2177 3338 ﬁliorum
2207 3304 2251 3368 α
2283 3304 2438 3362 sum;
2492 3295 2720 3363 ideoque
2771 3308 2868 3365 per
2903 3309 3096 3349 manus
3144 3293 3476 3365 gladiatura,
3527 3303 3614 3360 per
3647 3281 3788 3354 digitos

601 3393 620 3425 ε
656 3374 976 3431 alienorum.
1007 3375 1246 3443 Quorum
1289 3392 1352 3432 os
1380 3376 1620 3431 locutum
1647 3384 1731 3442 est
1761 3377 2076 3440 vanitatem,
2120 3383 2179 3431 et

603 3486 622 3519 ι
659 3467 881 3522 dextera
900 3483 1087 3523 eorum
1117 3471 1336 3524 dextera
1365 3469 1686 3540 iniquitatis.
1719 3469 1875 3534 Deus,
1903 3469 2178 3524 canticum

600 3581 622 3616 ι
656 3579 855 3620 novum
884 3567 1115 3622 cantabo
1154 3565 1273 3632 tibi,
1306 3566 1359 3620 in
1385 3567 1642 3635 psalterio
1669 3565 2006 3621 decachordo
2031 3563 2179 3633 psal-

601 3675 622 3710 σ
659 3658 764 3712 lam
793 3658 910 3713 tibi.
938 3659 1038 3726 Qui
1085 3661 1182 3715 das
1211 3659 1442 3715 salutem
1472 3659 1722 3730 regibus,
1757 3658 1848 3728 qui
1898 3655 2177 3713 redemisti

602 3775 622 3810 ι
661 3757 829 3814 Davld
860 3774 1071 3814 servum
1101 3769 1248 3814 tuum
1287 3761 1352 3816 de
1381 3760 1560 3832 gladio
1600 3759 1856 3830 maligno,
1889 3759 2040 3828 eripe
2067 3773 2176 3814 me.

606 3865 626 3898 ι
661 3849 729 3902 Ει
757 3864 886 3904 erue
926 3865 1012 3905 me
1039 3851 1292 3918 (lemanu
1315 3851 1545 3906 ﬁliorum
1569 3851 1904 3916 alienorum,
1947 3865 2174 3920 quorum

601 3957 620 3990 ι
657 3954 720 3992 οε
759 3939 997 3994 locutum
1020 3950 1102 3996 est
1140 3942 1466 4008 vanitatem,
1504 3951 1558 3998 et
1585 3943 1805 3999 dextera
1830 3957 2019 3998 eorum
2040 3941 2175 3998 dex-

600 4043 620 4076 ‹
656 4033 768 4080 tera
799 4027 1120 4096 iniquitatis.
1150 4029 1391 4096 Quorum
1421 4030 1535 4095 ﬁlii,
1581 4032 1721 4086 sicut
1766 4030 1992 4086 novellae
2026 4031 2177 4101 plan-

600 4140 620 4173 ι
655 4123 887 4177 tationes
916 4123 968 4176 in
997 4124 1277 4194 juventute
1298 4141 1414 4181 sua.
1443 4127 1593 4182 Filia:
1614 4141 1801 4182 eorum
1829 4126 2140 4197 composita:
2159 4166 2175 4190 ,

601 4231 621 4264 ι
660 4214 1077 4271 circumornatm
1124 4226 1182 4271 ιιι
1221 4217 1516 4274 similitudo
1562 4218 1768 4289 templi.
1798 4217 2175 4289 Promptuaria

605 4323 626 4358 ι
666 4323 851 4363 eorum
881 4308 1060 4379 plena,
1092 4311 1393 4365 eructantia
1431 4327 1497 4368 ex
1523 4311 1627 4367 hoc
1653 4313 1707 4367 in
1738 4311 1889 4367 illud.
1920 4311 2060 4368 Oves
2085 4326 2178 4366 eo-

599 4419 618 4450 ‹
662 4415 780 4454 rum
807 4401 1033 4466 l'tetosaa,
1061 4403 1399 4460 abundantes
1425 4405 1477 4459 in
1505 4405 1814 4476 egressibus
1845 4404 1979 4470 suis,
2009 4403 2175 4459 boves

602 4506 623 4539 ι
662 4504 849 4545 eorum
903 4506 1120 4548 crassae.
1169 4493 1284 4552 Non
1345 4503 1430 4550 est
1478 4496 1635 4549 ruina
1697 4495 1946 4550 maceriae
2000 4510 2176 4564 neque

598 4600 618 4632 ι
662 4583 1150 4657 transitus,'neque
1176 4580 1382 4643 clamor
1409 4589 1464 4644 in
1494 4588 1688 4659 plateis
1717 4602 1926 4643 eorum.
1948 4586 2172 4645 Beatum
2203 4625 2242 4659 _.

2283 3384 2570 3442 missilium
2592 3384 2804 3454 jactura
2827 3385 3160 3457 designatur.
3201 3381 3562 3441 Misericordia
3591 3392 3701 3432 mea.
3721 3369 3789 3426 ili-

2256 3473 2632 3536 'sericordiam
2667 3481 2795 3537 fecit
2823 3481 3081 3537 Dominus
3103 3496 3224 3537 cum
3256 3477 3448 3545 David,
3483 3471 3670 3547 quando
3688 3465 3787 3522 ’θυι

2281 3573 2528 3628 ultimum
2555 3573 2623 3628 de
2663 3571 2930 3628 fratribus
2959 3574 3075 3628 suis
3105 3587 3204 3642 per
3230 3569 3533 3626 Samuelem
3560 3561 3617 3619 ad
3656 3553 3788 3652 regale

2281 3662 2493 3719 culmen
2540 3662 2701 3733 elegit
2750 3661 2798 3735 (1
2850 3662 2975 3732 Reg.
3015 3660 3148 3735 xvr).
3197 3659 3500 3732 Refugium,
3544 3649 3731 3733 quando.
3751 3649 3785 3696 ei

2280 3754 2566 3810 consilium
2596 3753 2744 3809 dedit
2790 3759 2851 3808 ut
2900 3754 3111 3809 hostem
3164 3767 3322 3808 suum
3380 3750 3630 3821 dejicerel.
3671 3747 3784 3808 qum

2279 3845 2457 3917 gladio
2485 3860 2604 3902 non.
2620 3853 2830 3917 poterat
2852 3845 2873 3916 (
2899 3843 2928 3897 Ι
2952 3842 3077 3915 Reg.
3100 3843 3259 3913 xvtt).
3304 3840 3588 3911 Susceptor,
3625 3826 3784 3917 quando

2277 3916 2409 3994 fecit
2445 3954 2567 3994 eum
2595 3916 2632 3994 ar
2657 3937 2818 3994 Saule
2847 3937 3044 4007 suscipi
3082 3937 3136 3991 in
3165 3951 3429 4014 generum
3453 3933 3502 4005 (1
3522 3930 3631 4000 Περι
3653 3916 3784 4020 ¹Υ¹¹¹)’

2278 4029 2570 4096 Liberator,
2612 4045 2738 4086 cum
2786 4044 2910 4084 eum
2939 4043 2966 4083 a
3004 4029 3245 4098 periculo
3268 4028 3431 4098 regiae
3472 4015 3784 4093 indignationis

2277 4121 2477 4192 eripuit
2520 4120 2573 4193 (Ι
2622 4120 2753 4192 Reg.
2797 4122 2934 4192 xtx).
2987 4118 3285 4186 Protector,
3335 4134 3458 4176 cum
3503 4115 3553 4170 in
3590 4107 3783 4180 spelunﬂ

2276 4211 2471 4278 latens,
2524 4212 2578 4267 in
2619 4213 2846 4268 salutem
2893 4212 3038 4282 regis
3080 4212 3344 4268 ultionem
3373 4205 3592 4277 suscepit
3625 4198 3668 4269 (ι
3688 4193 3781 4296 Mf

2276 4306 2450 4377 xxiv).
2479 4307 2685 4363 Aliter:
2716 4307 2845 4362 Inde
2878 4306 3134 4362 Dominus
3160 4305 3230 4360 sit
3256 4303 3571 4376 benedictus,
3587 4294 3781 4362 quomam

2276 4406 2361 4454 est
2389 4397 2752 4452 misericordia
2778 4413 2918 4462 mea,
2947 4397 3002 4452 id
3029 4404 3136 4462 est,
3166 4395 3291 4466 quia
3329 4392 3494 4466 gratis
3531 4378 3722 4443 instituit
3743 4378 3781 4425 el

2276 4493 2493 4548 doctum
2516 4489 2754 4546 mefecit
2781 4491 2849 4546 ad
2888 4487 3268 4560 praeliandum.
3291 4487 3443 4544 Licet
3467 4480 3596 4538 enim
3619 4487 3673 4567 ex

2276 4583 2398 4638 ritis
2421 4580 2696 4637 conferret
2741 4551 3048 4636 doctrinam
3088 4579 3386 4649 praeliandi,
3433 4583 3593 4630 tamen
3632 4551 3780 4649 gloriﬁ-

602 4690 622 4725 ‹
660 4673 915 4730 dixerunt
945 4654 1199 4748 populum
1227 4681 1315 4736 cui
1350 4681 1464 4737 haec
1495 4654 1626 4736 sunt
1664 4699 1678 4735 :
1711 4680 1902 4737 beatus
1943 4680 2174 4752 populus
2198 4657 2252 4720 D
2277 4673 2482 4728 candus
2508 4679 2689 4738 esset;
2719 4672 2814 4729 56d
2843 4670 3013 4726 mullo
3044 4669 3238 4741 magis.
3268 4682 3391 4724 cum
3419 4680 3482 4722 ex
3511 4658 3611 4716 sola
3643 4654 3777 4752 sta":

597 4781 618 4816 ι
654 4764 808 4834 cujus
833 4767 1093 4826 Dominus
1112 4772 1254 4827 Deus
1283 4773 1416 4841 ejus.
1457 4793 1475 4826 ι

1159 4860 1614 4920 ENARRATIO.

663 4951 911 5010 Psalmus
945 4953 1047 5011 iste
1071 4963 1154 5009 est
1195 4955 1395 5021 David,
1427 4957 1478 5010 id
1514 4966 1635 5022 est,
1666 4956 1926 5028 cujusque
1965 4955 2170 5022 ﬁdelis,

591 5046 680 5114 qui
725 5053 809 5101 est
855 5060 1018 5100 manu
1061 5045 1246 5113 fortis,
1284 5048 1371 5102 vel
1416 5049 1532 5103 visu
1577 5049 1970 5104 desiderabilis.
2003 5047 2175 5102 David

601 5137 753 5204 dico,
797 5139 1088 5210 pugnantis
1107 5149 1291 5194 contra
1323 5138 1531 5195 Goliath
1555 5139 1607 5211 (I
1636 5140 1764 5210 Reg.
1796 5140 1956 5210 xvu),
1986 5139 2038 5194 id
2069 5147 2174 5202 est,

594 5227 869 5283 diabolum
894 5239 950 5285 et
978 5231 1218 5287 membra
1243 5228 1379 5298 ejus,
1405 5230 1458 5285 id
1481 5239 1584 5297 est,
1607 5238 1794 5286 contra
1825 5231 2104 5286 haereticos
2122 5236 2180 5284 et

592 5319 778 5372 omnia
810 5319 942 5374 vitia
974 5321 1249 5375 interiora.
1276 5320 1391 5375 Non
1419 5319 1541 5376 ideo
1566 5328 1746 5375 autem
1764 5321 1915 5389 ponit
1939 5318 2174 5383 Goliath,

594 5409 737 5478 quod
765 5409 1143 5480 interpretatio
1172 5411 1409 5467 nominis
1443 5412 1602 5482 hujus
1640 5412 1729 5467 hic
1756 5411 1958 5481 aliquid
1986 5425 2176 5479 opere-

595 5505 705 5562 tur,
733 5499 837 5554 nisi
860 5501 1154 5556 secundum
1184 5502 1262 5556 rei
1292 5501 1611 5571 gestionem.
1638 5499 1790 5557 Sicut
1810 5499 1955 5555 enim
1985 5514 2176 5554 carna-

591 5588 659 5643 lis
695 5589 863 5646 David
908 5591 1181 5647 interfecit
1206 5591 1440 5658 Goliath,
1483 5602 1537 5647 et
1567 5593 1670 5648 hoc
1698 5592 1751 5647 in
1781 5601 1956 5661 petra,
1997 5589 2072 5644 ita
2119 5591 2176 5645 in

595 5676 862 5745 spirituali
893 5682 1191 5735 certamine
1211 5682 1414 5748 ﬁdeles,
1446 5681 1665 5737 Christo
1694 5681 1987 5745 mediante,
2011 5695 2176 5750 expu-

597 5775 764 5830 gnant
788 5767 1032 5824 inimicos
1061 5777 1168 5824 tam
1199 5770 1485 5825 interiores
1530 5786 1693 5840 quam
1731 5770 2044 5826 exteriores.
2075 5769 2178 5837 Qui

595 5853 784 5912 ﬁdeles
821 5869 986 5928 agunt
1013 5860 1065 5914 in
1109 5861 1212 5916 hoc
1257 5861 1486 5929 psalmo,
1538 5860 1836 5917 referentes
1880 5861 2176 5932 gratiarum
2203 5920 2217 5937 ε

2277 4764 2421 4820 hanc
2467 4763 2748 4834 largiatur.
2798 4763 2868 4818 Et
2912 4762 2966 4818 in
2995 4763 3113 4833 ipso
3143 4740 3344 4832 iprazlio
3388 4759 3458 4814 ita
3481 4765 3561 4810 me
3582 4740 3778 4802 animavit

2279 4852 2482 4925 si’iritu
2511 4864 2724 4919 sancto,
2755 4853 2899 4925 quod
2926 4853 3026 4908 fuit
3052 4851 3311 4923 refugium
3347 4860 3526 4908 meum,
3551 4835 3656 4909 quia
3687 4836 3775 4925 eum

2277 4918 2508 5015 quadam
2549 4918 2842 5002 securitate
2877 4918 3131 5016 pugnavit,
3171 4918 3241 4998 ‘ut
3275 4957 3382 4997 non
3420 4938 3636 4993 timerem
3675 4918 3774 5016 ult-ra

2279 5037 2649 5092 succumbere.
2682 5035 2800 5091 Non
2833 5035 2965 5091 dicit
2990 5050 3050 5090 se
3076 5049 3144 5089 ex
3184 5041 3299 5088 toto
3326 5039 3576 5088 securum,
3602 5026 3699 5072 cum
3718 5006 3774 5059 ἀν

2279 5135 2424 5182 ctum
2449 5127 2521 5180 sit
2551 5143 2566 5180 :
2595 5125 2698 5192 Qui
2723 5135 2827 5182 stat
2863 5127 3032 5180 videat
3073 5141 3136 5179 ne
3187 5123 3340 5178 cadat
3377 5118 3427 5191 (Ι
3447 5113 3560 5170 Cor.
3586 5106 3668 5175 3)?
3708 5092 3774 5192 ξθίι

2279 5218 2409 5274 dicit
2435 5218 2540 5273 hoc
2567 5189 2635 5273 ad
2661 5227 2964 5288 reapectum
3009 5215 3208 5287 prioris
3235 5189 3423 5277 status,
3466 5207 3515 5262 in
3541 5212 3631 5271 quo
3656 5189 3768 5288 “3h?

2277 5320 2489 5367 menter
2529 5311 2728 5377 timuit,
2758 5320 2814 5366 et
2841 5311 2911 5366 ad
2941 5317 3245 5380 respectum
3283 5303 3515 5363 alterius,
3551 5293 3669 5346 sicut
3705 5276 3773 5329 all-

2278 5403 2400 5472 quis
2425 5418 2492 5458 ex
2522 5403 2672 5472 gravi
2696 5402 3012 5457 inﬁrmitate
3034 5379 3422 5470 aliquantulum
3441 5379 3767 5472 convalescet]?

2265 5465 2487 5549 diceret
2511 5465 2612 5550 sibi
2646 5494 2783 5550 bene
2809 5508 2952 5558 esse,
2985 5508 3107 5548 cum
3152 5501 3332 5546 tamen
3369 5483 3583 5542 nondum
3607 5483 3660 5525 ex
3689 5465 3768 5515 toto

2278 5585 2538 5640 liberatus
2559 5594 2723 5642 esset.
2755 5585 2822 5640 Et
2843 5600 2948 5638 non
2966 5593 3176 5638 tantum
3194 5598 3260 5637 ex
3285 5583 3385 5637 hoc
3403 5564 3620 5648 praesenti
3647 5558 3766 5613 beﬂe'

2280 5674 2403 5731 ﬁcio
2431 5677 2502 5731 sit
2527 5655 2848 5738 Benedictus,
2886 5675 2979 5730 sed
3004 5675 3167 5730 etiam
3213 5688 3278 5728 ex
3318 5654 3617 5743 primordiali
3645 5651 3766 5743 bene:

2281 5767 2425 5832 ﬁcio,
2462 5769 2551 5837 qui
2594 5767 3002 5836 fuitsusceptor,
3035 5765 3087 5820 id
3127 5775 3227 5831 est,
3275 5740 3762 5839 procurator

2280 5826 2628 5929 baptismate,
2658 5826 3341 5915 restituendodebilitatem
3377 5857 3561 5907 natum
3585 5836 3628 5892 in
3647 5826 3763 5882 libet-
