4038 6424
253 409 366 466 825

1390 411 1925 471 ENARRATIONES
1961 414 2029 472 IN
2067 416 2406 477 PSALMOS.

3425 431 3531 490 826

252 535 426 582 tatem
449 526 675 583 rationis
702 535 759 584 et
785 524 940 584 liberi
970 528 1200 584 arbitrii.
1248 528 1374 588 Ideo
1402 531 1564 585 etiam
1600 532 1845 602 gloriﬁco
1871 539 1921 600 Α
1950 535 2392 604 adolescentiam,
2421 547 2542 608 post
2570 538 2620 594 in
2646 537 3007 610 juventutem,
3033 540 3158 596 inde
3196 558 3250 598 Ill
3281 557 3532 602 senectu-

251 632 403 681 eum,
444 617 573 687 quia
603 617 706 672 fuit
750 617 1000 674 liberator
1044 636 1210 683 meus,
1257 619 1310 674 id
1338 629 1439 686 est,
1489 621 1612 690 quia
1645 623 1844 693 eripuit

250 722 346 761 me
371 706 440 760 ab
474 707 708 762 inimicis
761 709 1208 778 persequentibus
1266 726 1296 763 a
1357 718 1505 779 tergo
1556 711 1609 764 in
1661 711 1840 781 bapti-

249 806 451 864 smate,
479 797 533 852 id
558 807 662 865 est,
699 798 768 854 ab
794 799 993 854 actuali
1033 809 1088 854 et
1114 800 1362 871 originali
1406 809 1653 870 peccato.
1701 801 1840 856 Pro-

250 898 422 942 tector
448 906 612 955 meus,
643 899 698 944 et
737 891 857 946 ideo
897 891 969 946 sit
1016 891 1332 957 benedictus,
1370 894 1497 963 quia
1545 909 1666 949 cum
1720 904 1844 966 post

249 981 664 1050 primordialem
721 981 1097 1039 liberationem
1171 985 1518 1055 insurgerent
1592 987 1874 1054 inimici,’

251 1069 356 1124 fuit
381 1081 642 1141 protector
665 1088 811 1128 meus
834 1073 904 1128 ab
944 1075 1348 1132 incursantibus
1387 1077 1666 1144 inimicis,-
1696 1078 1840 1134 scili-

249 1172 342 1218 cet
364 1163 531 1228 vitiis,
566 1180 635 1219 ne
681 1178 767 1220 me
819 1175 1041 1235 possent
1090 1167 1379 1225 vulnerare
1421 1187 1435 1224 :
1486 1179 1541 1225 et
1584 1171 1704 1225 ideo
1743 1185 1842 1242 per

248 1254 586 1324 praeteritum
609 1254 761 1318 dicit,
801 1257 857 1310 in
890 1259 1002 1327 ipso
1030 1261 1250 1329 speravi,
1281 1270 1341 1315 ut
1364 1262 1614 1316 ostendat
1652 1278 1711 1317 se
1742 1263 1840 1318 du-

247 1344 380 1398 dum
406 1345 566 1400 talem
589 1360 739 1416 spem
761 1348 1034 1414 habuisse,
1059 1358 1112 1406 et
1132 1366 1230 1420 pro
1249 1353 1538 1421 praeteritis
1560 1352 1840 1411 beneﬁciis

248 1435 341 1490 illa
370 1450 497 1489 vera
523 1444 577 1490 et
617 1437 797 1492 futura
826 1438 967 1494 bona
996 1455 1119 1510 quae
1147 1453 1275 1496 sunt
1324 1443 1378 1496 in
1429 1443 1546 1514 ipso
1595 1459 1835 1514 sperare.

247 1528 374 1583 Haec
400 1530 560 1584 etiam
580 1531 652 1586 sit
675 1547 838 1588 causa
854 1534 1234 1602 benedicendi,
1251 1537 1376 1606 quia
1401 1537 1583 1592 subdit
1610 1537 1704 1590 sub
1733 1554 1835 1603 me,

246 1621 300 1676 id
350 1631 436 1676 est
474 1623 607 1679 mihi
642 1625 891 1695 populum
939 1643 1149 1694 meum,
1201 1628 1254 1682 id
1297 1637 1381 1683 est
1434 1630 1718 1686 haereticos
1750 1629 1837 1685 vel

245 1713 381 1768 alios
409 1715 677 1783 inimicos,
709 1734 858 1775 meos
897 1719 1091 1787 factos,
1141 1721 1194 1776 id
1221 1731 1302 1777 est
1335 1723 1465 1776 mihi
1506 1722 1834 1779 conformes.

242 1805 339 1861 Vel
383 1808 612 1879 subjecit
641 1812 772 1866 mihi
823 1813 1094 1883 populum,
1129 1815 1182 1880 id
1206 1825 1312 1881 εει,
1341 1817 1474 1871 vitia
1505 1833 1568 1870 ex
1599 1818 1834 1887 propria:

1950 632 2076 679 tem.
2101 625 2147 680 A
2171 643 2276 696 qua
2299 629 2556 694 vanitate,
2579 627 2633 684 id
2655 638 2757 694 est,
2783 645 2814 684 a
2840 644 2946 698 quo
2972 629 3182 685 defectu
3208 635 3533 706 quandoque

1945 719 2311 786 subtrahetur,
2337 720 2478 776 sicut
2503 722 2556 776 in
2582 721 2764 776 anima
2787 729 2870 776 est
2898 720 3206 778 subtractus
3233 740 3266 780 a
3295 726 3532 795 quadam

1943 812 2207 876 vanitate,
2236 809 2287 866 id
2317 822 2400 867 est
2421 828 2450 866 a
2474 820 2718 882 peccato.
2747 831 2764 862 ‹
2788 811 3035 879 Domine,
3065 812 3265 869 inclina
3291 816 3478 871 caelos.
3504 835 3524 872 ι

2013 903 2178 958 Facta
2230 905 2526 974 gratiarum
2567 905 2781 960 actione
2832 918 2934 975 pro
2982 918 3045 962 se
3090 906 3442 976 singulariter
3478 917 3534 964 et

1941 1009 2041 1065 pro
2070 997 2341 1051 communi
2369 996 2650 1060 beneﬁcio,
2679 1004 2804 1051 orat
2839 1010 2937 1067 pro
2972 995 3080 1060 illis
3107 1011 3245 1067 quos
3271 998 3534 1057 Dominus

1942 1089 2178 1143 nondum
2208 1088 2468 1144 sublimes
2489 1089 2751 1154 ostendit,
2775 1089 2974 1158 quibus
3001 1087 3240 1144 nondum
3272 1090 3534 1161 innotuit,

1943 1181 2129 1237 dicens
2162 1199 2176 1234 :
2213 1181 2258 1237 Ο
2288 1181 2533 1248 Domine,
2560 1197 2685 1238 cum
2718 1191 2880 1239 tanta:
2906 1183 3186 1256 dignitatis
3213 1184 3323 1240 sint
3350 1185 3535 1242 ﬁdeles

1943 1273 2040 1328 tibi
2071 1275 2390 1339 servientes,
2437 1276 2577 1330 sicut
2609 1277 2814 1332 dictum
2855 1284 2957 1342 est,
3001 1285 3064 1333 ut
3099 1277 3264 1333 etiam
3315 1278 3390 1332 illi
3439 1279 3533 1350 qui

1941 1365 2117 1419 adhuc
2155 1374 2281 1420 sunt
2320 1364 2602 1429 animales,
2646 1363 2950 1421 eﬁiciantur
2979 1366 3123 1422 docti
3171 1368 3238 1423 ad
3285 1369 3536 1438 praelian-

1941 1455 2068 1509 dum
2111 1468 2130 1507 :
2169 1455 2322 1510 catos
2367 1465 2501 1517 tuos,
2537 1455 2590 1509 id
2620 1464 2722 1520 εει,
2756 1455 3144 1526 prazdicatores
3174 1465 3296 1512 tuos
3321 1457 3414 1526 qui
3443 1473 3538 1513 su-

1940 1547 2135 1603 blimes
2159 1548 2364 1602 suntin
2390 1546 2849 1617 contemplatione
2879 1548 3101 1604 deitatis
3147 1555 3272 1613 tum,
3308 1548 3530 1616 inclina,

1940 1637 1992 1692 id
2021 1646 2124 1703 est,
2150 1637 2239 1692 fac
2272 1639 2637 1694 conscendere
2677 1653 2710 1692 a
2757 1637 3090 1695 sublimitate
3122 1639 3430 1696 intellectus
3464 1640 3534 1696 ad

1939 1729 2159 1784 modum
2174 1731 2493 1798 capacitatis
2507 1730 2865 1787 inﬁrmorum.
2877 1731 2948 1786 Et
2963 1732 3056 1788 tali
3077 1733 3237 1788 modo
3259 1733 3530 1800 descende,

1942 1821 1994 1875 id
2014 1829 2118 1886 est,
2137 1822 2190 1876 in
2213 1823 2442 1892 quadam
2463 1833 2619 1894 parte
2641 1823 2746 1878 illis
2767 1824 3064 1889 innotesce,
3079 1823 3268 1880 saltem
3290 1825 3344 1879 iu
3368 1825 3534 1880 histo-

238 1901 424 1956 carnis
453 1913 644 1958 natura
675 1907 978 1972 nascentia,
1011 1909 1114 1966 hoc
1133 1917 1254 1965 est:
1288 1909 1416 1965 fecit
1447 1927 1533 1967 me
1559 1911 1828 1968 dominari
1859 1891 1904 1950 Β
1934 1914 2054 1968 riali
2084 1891 2327 1979 scientia,
2353 1924 2412 1968 ut
2443 1891 2741 1987 intelligant
2781 1916 2850 1971 de
2897 1917 3177 1972 nativitate
3198 1925 3252 1971 et
3281 1918 3531 1987 passione

237 1995 495 2050 omnibus
558 1997 694 2053 meis
746 1999 948 2055 illicitis
999 2003 1257 2059 motibus.
1315 2005 1555 2072 Domine,
1584 2007 1711 2077 quid
1753 2015 1830 2061 est

234 2084 396 2138 homo
414 2086 440 2140 .9
463 2085 576 2141 Non
593 2097 802 2145 tantum
831 2091 1092 2149 benedice
1117 2107 1187 2159 te,
1206 2097 1452 2161 Domine,
1472 2114 1538 2154 ex
1560 2100 1645 2154 his
1667 2101 1829 2156 bene-

235 2174 382 2231 ﬁciis
414 2193 533 2247 quae
568 2179 698 2235 mihi
747 2181 1094 2254 singulariter
1114 2187 1414 2254 contulisti,
1453 2190 1546 2244 sed
1575 2191 1740 2245 etiam
1761 2207 1829 2247 ex

233 2273 632 2338 communibus,
651 2290 718 2330 ex
748 2276 834 2332 bis
864 2278 1095 2344 scilicet,
1123 2282 1247 2351 quia
1276 2284 1403 2352 quid
1444 2294 1519 2339 est
1563 2286 1739 2351 homo,
1775 2285 1830 2341 id

232 2369 341 2425 est,
367 2377 619 2433 magnum
649 2373 705 2420 et
744 2369 1018 2441 egregium
1049 2371 1275 2442 aliquid,
1305 2390 1620 2446 magnmque
1649 2376 1828 2448 digni-

235 2454 371 2509 tatis
395 2465 478 2510 est
499 2457 694 2521 homo;
725 2460 908 2516 ethoc
932 2476 1036 2517 non
1068 2478 1134 2518 ex
1165 2480 1242 2527 se,
1277 2467 1368 2520 sed
1398 2468 1521 2536 quia
1554 2469 1829 2523 innotuisti

232 2548 300 2610 ei,
335 2547 388 2601 id
417 2556 521 2614 est,
546 2551 669 2619 quia
696 2552 925 2622 teipsum
956 2555 1242 2611 notiﬁeasti
1274 2558 1321 2612 ei
1347 2561 1639 2614 secundum
1669 2561 1828 2616 ﬁdem

232 2649 292 2695 et
315 2643 704 2709 cognitionem.
727 2645 832 2700 Aut
876 2647 1054 2718 potius
1082 2665 1147 2705 eo
1190 2660 1435 2720 respectu
1473 2652 1669 2719 dicam,
1698 2655 1828 2723 quid

232 2743 317 2789 est
342 2734 486 2803 ﬁlius
508 2739 757 2804 hominis,
783 2739 834 2794 id
857 2749 960 2807 est,
991 2741 1132 2798 ﬁlius
1153 2744 1451 2814 primorum
1482 2754 1827 2816 peccatorum

232 2835 292 2881 et
340 2827 481 2883 ﬁlius
517 2830 857 2898 perditionis.
887 2843 942 2888 et
985 2835 1074 2905 qui
1105 2845 1226 2890 erat
1261 2837 1402 2892 ﬁlius
1442 2839 1654 2904 mortis,
1686 2840 1829 2910 quod

232 2928 291 2972 tu
323 2930 534 2989 reputas
553 2923 712 2976 eum?
750 2923 854 2979 hoc
876 2933 958 2980 est
983 2928 1297 2988 memoriam
1321 2929 1437 3000 ejus
1465 2929 1654 2994 habes,
1676 2931 1828 2987 illum

226 3008 596 3078 justiﬁcando,
622 3020 677 3067 et
729 3013 830 3068 alia
879 3016 1206 3072 charismata
1253 3019 1301 3074 ei
1355 3020 1549 3076 dando.
1580 3021 1637 3077 Si
1683 3023 1826 3079 enim

231 3099 554 3168 simpliciter
580 3103 801 3158 attendo
829 3107 953 3175 quia
996 3109 1274 3164 innotuisti
1308 3111 1537 3178 homini,
1569 3129 1827 3184 magnum

232 3189 438 3258 aliquid
485 3208 608 3248 eum
655 3195 892 3252 invenio.
945 3199 1002 3255 Si
1059 3215 1190 3258 vero
1243 3203 1371 3258 illud
1425 3207 1644 3262 attendo
1700 3209 1826 3278 quia

230 3293 446 3353 reputas
470 3302 606 3352 eum,
645 3286 698 3342 id
736 3298 839 3355 εει,
871 3307 1225 3361 rememoras,
1255 3296 1306 3350 id
1339 3305 1443 3363 est,
1482 3299 1608 3368 quia
1656 3298 1827 3357 habes

230 3391 355 3431 eum
385 3377 439 3432 in
471 3381 754 3445 memoria,
779 3386 1030 3452 ponendo
1060 3387 1112 3440 in
1139 3385 1278 3442 bona
1307 3389 1592 3445 devotione
1618 3399 1674 3447 et
1701 3407 1829 3462 ope-

229 3469 463 3533 ratione,
499 3473 591 3540 qui
639 3474 793 3544 prius
824 3486 942 3530 erat
992 3478 1257 3536 obnoxius
1304 3482 1618 3552 perditioni,
1654 3486 1826 3555 magis

229 3562 446 3618 invenio
499 3566 699 3637 aliquid
749 3585 1006 3642 magnum
1054 3573 1225 3628 illum.
1277 3575 1384 3631 Sed
1439 3577 1486 3632 si
1537 3585 1828 3648 utrumque

228 3655 484 3712 similiter
510 3659 748 3726 attendo,
780 3662 954 3718 multo
990 3665 1162 3734 magis
1191 3681 1313 3721 eum
1355 3682 1607 3737 magnum
1639 3669 1822 3724 consi-

227 3749 379 3802 dero.
409 3748 620 3806 Aliter:
651 3752 892 3818 Domine,
926 3756 1053 3826 quid
1082 3767 1158 3811 est
1189 3759 1342 3812 homo
1363 3759 1389 3813 ?
1429 3770 1454 3799 α
1495 3759 1774 3830 Remigius
1803 3776 1821 3818 :

227 3839 344 3894 Sub
383 3841 810 3916 interrogatione
849 3854 904 3901 et
938 3847 1197 3918 despectu
1236 3849 1520 3906 dicendurm
1555 3859 1657 3914 est,
1696 3854 1824 3924 quid

224 3940 300 3984 est
325 3931 524 3987 homo?
547 3936 700 4003 quasi
731 3936 905 4006 pulvis
934 3938 1027 4007 qui
1059 3939 1261 3994 nullam
1291 3941 1456 3997 habet
1485 3942 1819 4012 ﬁrmitatem,

223 4025 349 4094 quia
376 4025 652 4081 innotuisti
678 4030 724 4082 ei
749 4029 1126 4087 inaestimabile
1155 4034 1373 4089 deitatis
1409 4050 1690 4090 arcanum.
1714 4037 1820 4092 Aut

225 4117 371 4187 filius
395 4118 824 4178 hominis?ldem
859 4125 1266 4194 respondeatur,
1299 4128 1423 4197 quia
1457 4138 1665 4197 reputas
1702 4146 1820 4185 eum

225 4210 279 4264 in
303 4212 496 4267 ovibus
527 4214 654 4280 tuis,
683 4215 738 4270 in
777 4232 1007 4273 numero
1042 4220 1548 4289 prmdestinatorum
1590 4241 1604 4254 ·
1644 4223 1818 4279 llomo

221 4304 467 4358 vanitati.
503 4305 581 4360 Ex
627 4323 693 4363 eo
735 4309 952 4378 quidem
1003 4329 1230 4383 magnus
1275 4321 1358 4368 est
1400 4314 1577 4378 homo,
1607 4317 1731 4386 quia
1761 4324 1817 4371 tu

221 4399 500 4453 innotuisti
546 4400 614 4468 ei,
661 4409 716 4456 et
749 4417 872 4458 eum
913 4406 1175 4475 reputasti
1207 4423 1222 4460 :
1254 4406 1348 4462 sed
1392 4422 1490 4477 per
1529 4423 1588 4463 se
1629 4409 1818 4463 similis

222 4489 399 4557 factus
432 4499 508 4545 est
542 4493 778 4559 vanitati,
804 4495 856 4550 id
885 4505 989 4562 est,
1014 4497 1068 4552 in
1094 4497 1269 4567 primo
1295 4507 1522 4568 parente
1544 4501 1817 4570 peccando

224 4579 357 4635 fecit
393 4597 452 4637 se
487 4582 717 4640 similem
739 4587 986 4655 vanitati,
1018 4587 1069 4642 id
1104 4597 1208 4653 est,
1237 4590 1635 4659 quodammodo
1663 4605 1817 4647 acce-
1843 4629 1895 4689 Β

223 4673 304 4726 dit
334 4673 404 4729 ad
447 4675 696 4740 nihilum,
728 4679 781 4733 id
807 4688 912 4746 est,
946 4681 1353 4748 commutabile,
1386 4690 1447 4736 ut
1479 4683 1609 4737 nihil
1640 4682 1818 4740 cﬁice-

224 4772 396 4818 retur.
420 4763 667 4823 Ostendit
694 4768 747 4825 in
783 4780 938 4841 parte
976 4775 1246 4842 quomodo
1279 4793 1298 4826 ι
1325 4774 1516 4829 similis
1545 4774 1721 4831 factus
1747 4777 1820 4832 sit

222 4857 474 4924 vanitati,
518 4859 645 4916 Dies
670 4860 788 4930 ejus
833 4863 972 4918 sicut
996 4867 1189 4922 umbra
1215 4875 1561 4938 praetereunt.
1596 4888 1614 4920 ι
1650 4868 1727 4925 Αε
1771 4869 1818 4924 si

225 4947 371 5003 dicat
402 4963 419 5004 :
461 4949 588 5006 Inde
630 4963 807 5024 potest
840 4957 1011 5013 videri
1038 4959 1165 5028 quia
1209 4960 1439 5014 accessit
1463 4960 1529 5014 ad
1560 4959 1815 5031 nihilum,

225 5041 482 5109 quoniam
511 5043 627 5099 dies
674 5045 810 5116 ejus,
844 5048 895 5103 id
926 5058 1008 5105 est
1033 5052 1142 5105 vita
1178 5052 1315 5123 ejus,
1347 5052 1402 5107 id
1430 5059 1514 5108 est
1556 5053 1811 5120 hominis,

223 5132 467 5200 przeterit
491 5134 625 5189 sicut
649 5137 856 5205 umbra,
884 5157 1005 5211 qua:
1032 5159 1304 5212 nunquam
1335 5152 1618 5214 permanet
1643 5145 1694 5200 in
1722 5161 1814 5201 eo-

226 5223 349 5278 dem
380 5231 545 5279 statu.
575 5227 640 5282 Et
668 5231 855 5284 eodem
892 5233 1051 5287 modo
1095 5243 1226 5289 tetas
1260 5236 1428 5306 ipsius
1467 5237 1679 5293 vanitas
1707 5247 1808 5294 est.

226 5312 346 5384 ipse
374 5315 518 5371 enim
565 5319 630 5374 de
676 5319 904 5376 infantia
936 5325 1130 5379 transit
1163 5326 1230 5380 ad
1257 5327 1567 5396 pueritiam,
1601 5329 1724 5384 inde
1753 5329 1809 5384 in

298 5463 340 5530 &_
366 5450 492 5530 Haec
539 5454 792 5530 nominis
823 5456 1089 5530 Remigii,
1147 5459 1219 5530 in,
1256 5461 1595 5530 expositione
1649 5459 1808 5530 hujus

223 5522 418 5593 psalmi
447 5533 527 5580 ter
554 5527 815 5596 expressi,
847 5522 1046 5583 mentio
1077 5522 1222 5585 dubii
1246 5522 1352 5585 non
1377 5532 1508 5586 nihil
1556 5522 1810 5588 induecre

225 5605 412 5671 posset
433 5598 611 5671 quoad
651 5608 927 5654 auctorem
959 5600 1078 5654 libri
1117 5602 1303 5671 ipsius.
1327 5603 1429 5655 Sed
1457 5617 1615 5655 uenio
1638 5604 1811 5658 nescit

224 5666 625 5741 expositionum
673 5680 921 5726 auctores
967 5666 1154 5726 nostro
1192 5673 1430 5741 aequales
1461 5673 1806 5741 antiquorum

226 5732 448 5791 Patrum
477 5741 772 5796 sententias
793 5741 906 5796 fere
932 5743 998 5796 ad
1026 5743 1246 5797 verbum
1259 5732 1807 5807 ’rcferentesfeorum

225 5807 444 5883 nomina
479 5819 534 5863 et
573 5813 982 5880 semetipsorum
1039 5815 1224 5879 etiam,
1258 5831 1380 5868 cum
1430 5814 1608 5883 aliqua
1646 5815 1808 5868 adde-

224 5876 358 5932 bant
401 5892 469 5934 ex
513 5895 634 5949 suo,
660 5876 962 5952 exprimere
997 5876 1288 5952 solitos,’ut
1329 5876 1638 5942 videre-est
1666 5883 1806 5956 apud

1934 2014 2048 2070 tua,
2066 2005 2192 2075 quia
2215 2007 2451 2073 nondum
2472 2008 2903 2063 conscenderunt
2923 2009 2988 2062 ad
3013 2008 3100 2062 illa
3133 2008 3434 2078 superiora.
3460 2008 3527 2062 Et

1931 2095 2058 2166 quia
2081 2098 2392 2165 praedicatio
2428 2113 2614 2153 eorum
2662 2097 2906 2155 iheﬂicax
2933 2099 3050 2154 sine
3073 2099 3386 2169 Operatione
3414 2106 3527 2166 tua,

1934 2199 2086 2260 tange
2125 2189 2418 2254 montes,id
2451 2197 2556 2254 est,
2580 2190 2753 2246 elatos
2793 2189 2950 2259 hujus
2989 2190 3373 2254 saaculi,manu
3425 2190 3529 2246 mi-

1935 2283 2246 2340 sericordia:
2276 2283 2504 2338 interius
2535 2283 2762 2338 sollicita
2787 2291 2844 2338 et
2874 2292 3083 2338 terrore
3109 2283 3305 2339 futurae
3331 2299 3522 2354 meum.

1931 2377 1999 2432 Et
2012 2375 2101 2431 tali
2118 2377 2275 2430 modo
2289 2376 2640 2446 fumigabunt,
2655 2375 2706 2430 id
2717 2384 2819 2440 est,
2837 2376 3165 2448 lacrymosas
3176 2390 3366 2447 preces
3378 2375 3532 2430 emit-

1933 2476 2164 2539 tentpro
2189 2482 2255 2522 eo
2280 2469 2424 2538 quod
2456 2467 2508 2522 in
2554 2467 2874 2522 inﬁdelitate
2912 2468 3289 2538 perstiterunt.
3315 2467 3488 2522 Aliter
3512 2484 3527 2522 :

1935 2579 1953 2612 ι
1966 2557 2413 2622 Domine,inclina
2427 2557 2612 2613 ccelos.
2627 2557 2929 2628 iRemigius
2944 2575 2957 2613 :
2974 2556 3254 2614 Inclinatio
3264 2557 3529 2614 ctelorum

1930 2647 2051 2714 fuit,
2081 2648 2295 2717 quando
2318 2647 2385 2701 ad
2412 2647 2684 2702 hominem
2718 2648 2892 2703 honor
2913 2663 3271 2718 supernorum
3302 2651 3528 2704 descen-

1929 2742 2036 2796 dit:
2058 2759 2076 2792 ι
2105 2739 2340 2811 Fulgura
2363 2740 2816 2796 coruscatiouem.
2849 2760 2868 2793 ›
2894 2741 2963 2796 Ει
2986 2742 3112 2810 quia
3135 2757 3242 2796 non
3260 2740 3530 2797 sufﬁceret

1931 2834 2044 2892 sola
2082 2835 2364 2891 inclinatio
2393 2835 2675 2899 caelorum,
2705 2836 2899 2891 addit:
2944 2856 2963 2890 ι
2990 2836 3230 2910 Fulgura
3268 2853 3524 2894 corusca-

1932 2927 2155 2993 tionem,
2184 2946 2202 2979 ›
2239 2927 2290 2983 id
2323 2935 2426 2993 εει,
2459 2926 2745 2984 manifesta
2776 2928 3037 2984 miracula
3066 2944 3188 2999 quae
3210 2928 3520 2984 illuminent

1929 3026 2141 3075 mentes
2181 3035 2389 3074 eorum.
2441 3037 2461 3071 ι
2491 3019 2558 3075 Ει
2593 3019 2884 3092 dissipabis
2919 3035 3038 3087 eos,
3075 3039 3094 3074 ι
3151 3021 3206 3076 id
3259 3028 3375 3088 est,
3430 3021 3524 3075 tali

1931 3111 2090 3166 modo
2133 3112 2413 3182 separabis
2439 3127 2536 3167 eos
2573 3126 2607 3168 ε
2650 3127 2829 3168 massa
2859 3113 3216 3182 perditorum.
3263 3113 3333 3169 Et
3376 3121 3526 3183 post-

1931 3217 2094 3273 quam
2122 3202 2466 3258 descenderis
2496 3203 2548 3258 in
2580 3202 2944 3258 innocentiam
2982 3218 3168 3258 eorum
3216 3204 3515 3260 secundum

1932 3294 2114 3360 ﬁdem,
2144 3313 2164 3346 ‹
2193 3295 2381 3350 emitte
2411 3295 2633 3364 sagittas
2657 3304 2798 3362 tuas,
2819 3315 2838 3347 ι
2891 3296 2945 3351 id
2990 3305 3092 3362 est,
3118 3296 3406 3370 manifesta
3436 3299 3517 3352 cis

1927 3397 2196 3456 praecepta
2244 3395 2301 3442 et
2351 3387 2599 3442 instituta
2631 3387 2769 3443 bene
2811 3387 3050 3452 vivendi,
3094 3401 3216 3457 quae
3267 3389 3524 3444 dicuntur

1927 3481 2156 3551 sagittaa,
2204 3480 2330 3552 quia
2375 3479 2604 3550 inﬁgunt
2637 3480 2803 3536 corda
2856 3481 3189 3548 auditorum,
3241 3489 3295 3536 et
3330 3481 3522 3536 interi-

1926 3580 2082 3627 munt
2119 3571 2248 3626 vitia
2297 3569 2460 3626 saluti
2501 3570 2799 3626 contraria.
2831 3571 2927 3626 Vel
2975 3572 3196 3642 sagittas
3223 3570 3355 3626 dicit
3395 3587 3524 3641 apo-

1925 3664 2115 3728 stolos,
2145 3664 2235 3732 qui
2275 3661 2660 3732 praedicatione
2686 3660 2840 3730 quasi
2871 3669 3108 3732 pennata
3129 3660 3311 3732 jacula
3343 3661 3519 3718 horni-

1924 3771 2054 3810 num
2091 3762 2311 3825 pectora
2358 3753 2782 3808 transfoderunt.
2826 3751 2896 3805 Et
2929 3767 3024 3822 per
3053 3752 3401 3808 emissionem
3427 3769 3520 3808 sa-

1923 3849 2179 3918 gittarum
2206 3845 2542 3901 conturbabis
2563 3861 2650 3898 eos
2675 3844 2740 3898 de
2765 3843 3036 3913 praeterita
3064 3843 3191 3898 vita.
3216 3843 3349 3899 Cum
3373 3845 3520 3900 enim

1924 3937 2218 4002 audierint,
2243 3936 2482 3993 castitati
2507 3943 2563 3990 et
2584 3935 2865 3991 sobrietati
2893 3935 3209 4005 ueterisque
3230 3935 3520 3990 virtutibus

1922 4030 2302 4094 insistendum,
2321 4029 2556 4100 priorem
2577 4029 2743 4083 vitam
2760 4042 2982 4098 pravam
3005 4027 3174 4085 fuisse
3194 4027 3512 4098 intelligent.

1927 4142 1945 4176 ι
1979 4124 2178 4178 Emitte
2209 4136 2426 4176 manum
2455 4127 2621 4174 tuam.
2656 4138 2675 4171 ι
2703 4119 2869 4175 Facta
2898 4121 3144 4176 oratione
3168 4135 3266 4192 pro
3295 4120 3400 4175 illis
3423 4121 3516 4191 qui

1921 4217 2100 4270 adhuc
2122 4215 2178 4269 in
2201 4212 2466 4284 dignitate
2497 4226 2593 4266 sua
2618 4217 3009 4275 remanserant,
3034 4219 3156 4267 orat
3182 4226 3277 4280 pro
3301 4227 3358 4266 se
3384 4213 3460 4266 ita
3497 4229 3512 4266 :

1920 4309 2037 4365 Non
2065 4315 2274 4362 tantum
2303 4321 2402 4362 oro
2426 4321 2527 4375 pro
2553 4305 2765 4361 caeteris
2796 4304 3065 4370 ﬁdelibus,
3097 4305 3191 4359 sed
3220 4304 3380 4358 etiam
3411 4319 3512 4373 pro

1919 4417 2029 4458 me.
2079 4419 2099 4452 ‹
2129 4401 2329 4456 Emitte
2377 4413 2598 4454 manum
2643 4405 2810 4462 tuam,
2843 4417 2862 4450 ι
2919 4397 2971 4451 id
3017 4404 3121 4462 est,
3166 4397 3512 4453 manifestum

1919 4494 2004 4549 fac
2030 4493 2163 4548 mihi
2190 4491 2448 4546 auxilium
2478 4497 2650 4554 tuum,
2676 4489 2728 4543 id
2753 4496 2856 4555 est,
2881 4488 2947 4543 de
2973 4487 3367 4558 omnipotentia
3395 4499 3508 4556 tua,

1918 4597 1980 4642 ut
2009 4587 2149 4642 sicut
2193 4595 2380 4656 potens
2406 4599 2488 4650 es,
2528 4583 2601 4638 ita
2646 4591 2899 4654 potenter
2938 4583 3180 4652 opereris
3208 4583 3261 4637 in
3292 4599 3380 4638 me
3411 4602 3424 4639 :
3457 4592 3514 4640 ει

1925 4681 2222 4739 secundum
2254 4682 2357 4736 hoc
2390 4679 2511 4734 dico
2536 4677 2710 4733 emitte
2747 4686 2958 4732 manum
2985 4686 3152 4741 tuam,
3180 4683 3239 4730 ut
3281 4691 3380 4746 per
3412 4692 3512 4748 po-

1927 4775 2151 4829 tentiam
2183 4782 2329 4827 tuam
2372 4771 2571 4841 eripias
2597 4786 2678 4826 me
2717 4768 2781 4822 de
2821 4767 2969 4838 aquis
3001 4767 3201 4834 multis,
3235 4767 3287 4822 id
3320 4775 3405 4822 est
3445 4770 3513 4826 de

1923 4865 2185 4921 doctrinis
2234 4863 2482 4919 diversis.
2532 4861 2590 4916 ln
2637 4859 3009 4916 ecclesiastica
3062 4859 3208 4914 enim
3261 4859 3510 4916 doctrina

1920 4976 2028 5016 non
2055 4969 2141 5016 est
2177 4958 2561 5028 multiplicitas,
2607 4957 2703 5012 sed
2737 4971 2844 5010 una
2884 4955 3037 5035 ﬁdes,
3064 4971 3226 5010 unum
3255 4954 3512 5021 baptisma

1925 5051 2088 5123 (Eph.
2121 5049 2196 5123 IV)
2229 5068 2242 5104 :
2276 5058 2332 5105 et
2378 5049 2453 5104 ita
2500 5063 2598 5103 oro
2625 5046 2784 5118 eripe,
2827 5055 2887 5102 ut
2929 5046 3125 5102 liberes
3169 5060 3278 5112 me,
3319 5047 3372 5101 id
3391 5057 3504 5123 est,

1921 5145 2155 5214 quadam
2183 5143 2434 5198 libertate
2464 5141 2634 5198 facias
2664 5157 2749 5196 me
2773 5149 2960 5196 contra
2985 5155 3164 5213 agere,
3190 5154 3257 5195 ne
3288 5139 3507 5195 timeam

1921 5234 2191 5301 subverti;
2226 5243 2280 5290 et
2305 5249 2410 5288 non
2457 5234 2629 5289 solum
2657 5234 2796 5303 eripe
2822 5249 2904 5288 me
2929 5235 2995 5287 de
3024 5231 3302 5288 erroribus
3330 5232 3507 5286 haere-

1921 5327 2168 5391 ticorum,
2216 5327 2308 5381 sed
2342 5334 2398 5380 et
2438 5326 2501 5381 de
2529 5343 2714 5392 manu,
2741 5325 2795 5379 id
2830 5333 2934 5391 cst,
2964 5323 3276 5395 operatione
3317 5338 3504 5381 eorum

1917 5465 2372 5541 Rabanum._Hmc
2391 5465 2606 5541 quidem
2634 5463 2700 5541 ad
2723 5462 3018 5541 marginem
3032 5460 3332 5530 ponebant,
3362 5461 3504 5541 unde

1916 5537 2330 5610 amanuensium
2373 5535 2698 5610 negligentia
2753 5535 2806 5586 in
2851 5542 3062 5610 lentum
3114 5545 3256 5610 saepe
3309 5535 3502 5610 saepius

1916 5607 2124 5663 inti-usa
2159 5613 2392 5668 constat,
2422 5600 2753 5668 vblbmissa,
2782 5601 2866 5656 vel
2894 5602 3090 5656 ablata.
3125 5600 3275 5655 Hanc
3300 5600 3500 5655 etenim

1915 5679 2149 5733 nominis
2179 5676 2404 5745 Remigii
2437 5673 2784 5736 mentionem,
2830 5681 2888 5724 ut
2919 5681 2972 5745 et
3006 5671 3247 5745 Gregorii
3285 5680 3338 5724 et
3371 5670 3502 5745 alio:

1916 5765 2034 5802 rum
2079 5743 2483 5810 nommlloi'um,
2528 5759 2754 5812 quorum
2812 5743 3026 5797 nomina
3078 5743 3277 5812 passim
3330 5743 3508 5800 textui»

1915 5819 2077 5885 hujus
2102 5818 2225 5872 libri
2274 5818 2629 5888 inopportuue
2681 5815 2901 5888 omnino
2945 5815 3171 5888 ingesta
3216 5812 3500 5888 leguntur,

1914 5883 2074 5946 nemo
2104 5904 2209 5946 non
2234 5883 2382 5945 videt
2402 5883 2480 5942 ‘ad
2505 5900 2657 5942 oram
2683 5885 2886 5942 codicis
2908 5884 3037 5941 olim
3057 5885 3308 5957 positam.
3336 5883 3496 5942 Eutr.
