4038 6462
566 464 718 523 ’827

1265 450 1525 521 nemon
1563 461 2222 522 ANTISSIODORENSIS
2258 463 2407 520 ore.
2451 462 2630 521 rans
2665 464 2705 520 ι.
2746 495 2815 507 .-
2851 463 3272 524 exeamus.
3781 465 3856 523 ses

613 584 705 654 qui
735 579 1028 652 aliquando
1052 579 1273 636 fuerunt
1300 580 1556 637 Ecclesiae
1592 578 1713 646 ﬁlii,
1758 582 1851 636 sed
1880 580 2041 637 modo
2070 586 2199 636 sunt
2222 578 2276 644 Δ
2301 599 2479 637 eorum
2509 581 2825 650 compositae,
2853 582 3283 649 circumornatw,
3312 579 3512 657 idest,
3535 579 3694 637 verba
3714 595 3857 641 eorum

613 674 776 729 alieni
807 671 1121 729 recedentes
1148 670 1214 727 ab
1238 673 1445 727 unitate
1466 671 1742 727 Ecclesiae.
1766 670 1938 727 Aliter
1964 690 1976 726 :
2008 670 2200 725 Emitte

612 780 828 820 manum
874 772 1040 818 tuam.
1085 760 1364 835 Remigius
1407 779 1420 817 :
1470 760 1690 816 Manum
1737 762 1866 818 dicit
1915 761 2200 817 Dominum

614 855 962 921 Salvatorem,
1015 866 1174 924 quem
1239 853 1425 909 venire
1480 854 1835 924 deprecatur,
1892 861 1952 908 ut
2010 851 2203 908 liberet

618 948 895 1014 mundum,
921 946 984 1001 de
1025 938 1156 1013 alto,
1184 946 1237 1000 id
1278 954 1382 1011 est,
1428 945 1494 1001 de
1533 947 1816 1018 potestatis
1849 945 2086 1002 excelso.
2128 945 2203 1000 De

617 1037 786 1109 aquis,
817 1036 867 1092 id
901 1045 1004 1102 est,
1042 1035 1109 1091 de
1153 1034 1362 1106 populis
1398 1037 1638 1099 undosis,
1671 1046 1724 1092 et
1769 1038 1923 1107 quasi
1969 1035 2205 1108 procella

615 1127 922 1185 concitatis.
953 1124 1028 1181 De
1049 1142 1209 1181 manu
1238 1126 1471 1197 ﬁliorum
1501 1127 1813 1195 alienarunt,
1839 1129 1931 1200 qui
1955 1126 2204 1182 fidelibus

616 1226 841 1292 parcere
869 1220 1136 1285 nesciunt,
1173 1228 1226 1276 et
1259 1220 1471 1276 diabolo
1505 1230 1851 1291 generantur.
1880 1221 2117 1289 Quorum
2146 1237 2203 1275 os

617 1315 873 1369 locutum.
902 1313 1027 1369 Ideo
1048 1329 1178 1385 rogo
1202 1314 1268 1368 de
1303 1312 1548 1369 doctrina
1577 1328 1766 1369 eorum
1795 1311 1950 1384 eripi,
1979 1313 2103 1383 quia
2146 1330 2203 1367 os

612 1421 801 1463 eorum
843 1407 1072 1462 locutum
1111 1416 1186 1461 est
1237 1408 1538 1474 vanitatem,
1585 1408 1928 1465 mendacium
1974 1407 2199 1472 scilicet,

548 1514 549 1517 ‘
616 1514 722 1554 non
747 1499 1054 1555 veritatem.
1082 1499 1290 1555 Vanum
1341 1508 1425 1555 est
1473 1516 1633 1557 omne
1686 1500 1945 1572 quidquid
1984 1499 2203 1556 veritati

617 1591 949 1647 contrarium
995 1596 1097 1647 est.
1140 1588 1265 1647 ideo
1307 1605 1404 1647 oro
1441 1592 1575 1662 eripi
1607 1591 1673 1648 de
1711 1591 2087 1648 conformitate
2113 1606 2204 1647 eo-

621 1696 762 1748 rum,
795 1684 921 1753 quia
950 1685 1185 1751 demtera,
1216 1678 1269 1738 id
1287 1691 1391 1751 est,
1421 1685 1686 1755 operatio,
1708 1688 1889 1738 eorum
1909 1698 2029 1754 quae
2055 1682 2205 1737 vide-

619 1782 705 1831 tur
751 1777 913 1844 bona,
959 1777 1173 1832 dextera
1216 1787 1301 1833 est
1340 1777 1655 1850 iniquitatis,
1695 1777 1747 1832 id
1780 1785 1883 1843 est,
1919 1775 2204 1832 intendens

617 1868 683 1921 all
708 1868 1067 1938 iniquitatem.
1086 1862 1209 1925 Ideo
1230 1869 1371 1925 enim
1395 1871 1532 1925 bene
1552 1877 1865 1941 operantur,
1888 1876 1948 1925 ut
1992 1867 2207 1925 facilius

2303 685 2429 731 sunt
2457 684 2671 741 ornata,
2700 673 2958 731 subaudis
2979 675 3128 731 omni
3152 686 3370 746 genere
3395 672 3795 731 exhortationis'
3817 687 3856 733 et

2303 782 2409 823 non
2438 767 2489 823 in
2520 776 2673 839 parte
2701 774 2930 833 tantum,
2956 767 3048 823 sed
3074 767 3346 836 undique.
3377 763 3557 822 Filios
3579 774 3731 822 vocat
3749 769 3858 837 cogi-

2305 861 2576 929 tationes,
2612 868 2670 918 et
2710 859 2849 915 ﬁlias
2875 860 3039 915 verba
3064 900 3079 925 ,
3121 858 3405 915 feminino
3452 870 3652 929 genere
3709 872 3725 913 :
3772 857 3857 916 ideo
3952 850 3953 861 “

2304 951 2548 1016 scilicet,
2599 950 2727 1019 quia
2783 949 2998 1007 ﬁliabus
3054 951 3229 1020 major
3301 948 3500 1006 cultus
3560 948 3694 1006 solet
3741 952 3856 1006 adbi-

2302 1043 2417 1100 beri
2451 1061 2463 1098 :
2496 1051 2551 1103 et
2582 1043 2722 1101 sicut
2765 1042 2937 1114 magis
2982 1043 3110 1114 ipsae
3141 1042 3269 1100 ﬁliae
3302 1041 3497 1099 solent
3530 1040 3759 1098 inescare
3788 1042 3856 1098 δο-
3952 1060 3953 1107 l

2303 1138 2500 1204 mines,
2553 1139 2634 1194 sic
2676 1139 2842 1193 verba
2869 1136 3249 1194 haereticorum
3301 1134 3492 1206 magis
3529 1144 3716 1190 nocent
3736 1149 3857 1204 quam

2303 1231 2676 1302 cogitationes.
2707 1230 2767 1287 Si
2791 1231 2934 1287 enim
2964 1238 3174 1286 tantum
3194 1228 3549 1300 cogitarent,
3572 1240 3854 1297 nequaquam

2304 1320 2497 1376 haeresi
2526 1336 2624 1377 sua
2657 1328 2737 1377 tot
2763 1319 3036 1390 simplices
3063 1327 3118 1375 et
3148 1318 3361 1375 idiotas
3389 1315 3584 1373 dolose
3617 1314 3851 1371 irretier

2303 1409 2370 1466 Et
2397 1411 2515 1467 ideo
2538 1424 2761 1467 necesse
2787 1420 2870 1465 est
2897 1418 2957 1465 ut
2982 1424 3070 1466 me
3101 1408 3332 1474 liberes,
3366 1407 3505 1478 quia
3536 1406 3694 1463 verba
3715 1420 3853 1462 eorum

2305 1510 2429 1558 sunt
2478 1511 2536 1557 ut
2577 1501 2865 1557 similitudo
2911 1499 3086 1572 templi
3135 1518 3154 1556 .'
3206 1499 3264 1556 id
3313 1506 3428 1564 est,
3481 1512 3669 1555 revera
3709 1497 3853 1551 similia

2304 1591 2486 1647 verbis
2515 1591 2719 1661 templi,
2749 1590 2802 1647 id
2831 1598 2940 1655 est,
2972 1589 3115 1647 ﬁdei.
3149 1588 3313 1645 Sicut
3346 1589 3506 1644 enim
3534 1586 3634 1642 viri
3661 1586 3851 1643 catholici

2305 1684 2474 1740 Deum
2504 1684 2702 1738 trinum
2729 1689 2787 1738 et
2814 1698 2980 1738 unum
3024 1690 3079 1737 et
3118 1680 3383 1754 quaedam
3417 1676 3528 1734 alia
3571 1677 3849 1741 annuntiant,

2306 1775 2378 1831 ita
2411 1784 2464 1832 et
2494 1774 2593 1849 ipsi
2627 1793 2641 1829 :
2678 1783 2733 1831 et
2779 1773 2883 1830 hoc
2914 1775 3074 1829 modo
3103 1772 3273 1829 verba
3311 1785 3518 1827 eorum
3563 1767 3740 1824 similia
3765 1776 3853 1822 sunt

2305 1870 2490 1926 verbis
2556 1868 2722 1937 ﬁdei,
2773 1884 2893 1938 qua:
2957 1865 3089 1923 ﬁdes
3156 1867 3283 1924 ideo
3353 1863 3615 1936 templum
3670 1863 3847 1927 dicitur,

616 1962 908 2033 decipiant.
943 1962 1037 2017 Vel
1081 1963 1314 2030 dextera,
1344 1963 1397 2019 id
1432 1971 1533 2030 est,
1582 1962 1913 2035 prosperitas
1940 1964 2203 2035 ipsorum,
2237 1956 2284 2025 Β
2310 1962 2435 2032 quia
2466 1962 2606 2018 sicut
2636 1961 2690 2016 in
2724 1959 2924 2033 templo
2955 1959 3147 2017 hostia:
3169 1956 3364 2015 oﬂ'erri
3396 1957 3775 2029 pracipiuntur,
3797 1954 3849 2008 ita

617 2055 760 2111 unde
803 2055 1017 2121 elevati,
1070 2056 1345 2111 licentiam
1387 2054 1644 2127 peccandi
1685 2062 1988 2111 assumunt.
2040 2052 2204 2118 Deus,

619 2148 879 2203 canticum
909 2165 1117 2204 novum.
1143 2147 1188 2204 Ο
1218 2148 1382 2214 Deus,
1406 2149 1449 2203 si
1480 2147 1797 2204 liberareris
1840 2162 1925 2203 me
1954 2146 2018 2202 de
2057 2146 2209 2219 aquis

618 2239 816 2306 multis,
847 2238 1066 2296 cantabo
1096 2238 1190 2295 tibi
1224 2241 1484 2297 canticum
1514 2256 1722 2306 novum,
1756 2238 1807 2293 id
1849 2246 1952 2305 est,
1978 2236 2210 2293 laudabo

622 2340 674 2388 te
716 2332 769 2388 in
801 2318 1184 2389 observatione
1227 2348 1377 2388 novae
1417 2331 1566 2404 legis.
1612 2329 1850 2386 Psallam
1884 2330 2048 2388 etiam
2095 2329 2208 2398 tibi,
2234 2334 2247 2343 ‘

623 2420 676 2478 id
706 2429 806 2487 est,
833 2422 970 2479 bene
994 2424 1264 2495 operabor
1295 2423 1362 2478 ad
1392 2424 1653 2480 honorem
1700 2432 1849 2479 tuum
1880 2423 1935 2479 in
1962 2421 2210 2494 psalteria

621 2512 968 2581 decachordo,
1000 2512 1053 2569 id
1080 2520 1179 2577 est,
1212 2510 1266 2569 in
1300 2512 1479 2569 anima
1519 2513 1864 2569 concorditer
1900 2519 2210 2578 resonante,

625 2602 678 2660 in
725 2605 1082 2677 completione
1124 2596 1312 2664 decem
1355 2616 1751 2679 praeceptorum
1804 2607 2005 2663 veteris
2055 2605 2210 2680 legis.

623 2694 749 2752 Ideo
786 2697 934 2766 dicit,
981 2698 1034 2754 in
1088 2696 1268 2754 anima
1314 2699 1560 2770 psallam,
1608 2707 1668 2755 ut
1713 2700 1965 2756 ostendat
1994 2701 2120 2773 quia
2161 2700 2215 2756 in

629 2788 904 2846 voluntate
947 2794 1002 2846 et
1049 2782 1332 2848 affectione
1382 2793 1519 2848 bene
1567 2804 1843 2863 operatur.
1875 2790 2041 2849 Multa
2070 2793 2214 2849 enim

626 2896 789 2952 opera
830 2882 963 2939 ﬁunt
1001 2884 1264 2951 exterius,
1285 2898 1515 2954 quorum
1550 2884 1733 2940 anima
1775 2900 1883 2940 non
1927 2890 2011 2939 est
2049 2884 2220 2954 parti-

626 2988 770 3045 ceps,
797 2974 921 3046 quia
951 2974 1097 3030 nulla
1130 2983 1214 3033 est
1241 2974 1295 3031 in
1327 2976 1407 3032 eis
1438 2976 1669 3032 aﬂ'ectio.
1702 2977 1840 3043 Quia
1871 2976 1967 3031 das
1996 2975 2219 3031 salutem

628 3064 854 3136 regibus.
897 3062 1123 3137 Reperit
1165 3067 1465 3123 orationem
1497 3080 1672 3134 suam,
1712 3075 1772 3122 ut
1801 3066 2043 3123 ostendat
2094 3068 2219 3138 quia

633 3172 738 3211 non
775 3164 951 3227 potest
981 3156 1201 3216 aliunde
1230 3159 1448 3215 salvari.
1480 3156 1549 3215 Et
1595 3168 1655 3216 ut
1689 3160 2069 3215 necessitatem
2107 3160 2218 3216 eri-

631 3244 828 3318 pieudo
848 3249 1115 3314 ostendat,
1146 3249 1304 3322 Eripe
1329 3266 1431 3318 me,
1462 3248 1657 3320 inquit,
1681 3251 1746 3306 de
1762 3250 1942 3324 gladio
1964 3250 2216 3323 maligno,

633 3338 687 3394 id
730 3344 834 3406 est,
870 3338 937 3396 de
985 3318 1260 3397 erroribus
1307 3318 1709 3407 bmreticorum,
1759 3318 1849 3412 qui
1900 3318 2291 3397 interimuntc

634 3430 892 3488 animam.
916 3426 1014 3487 Vel
1037 3433 1102 3488 de
1130 3430 1309 3505 gladio
1331 3424 1529 3488 diaboli
1557 3432 1649 3505 qui
1680 3442 1761 3489 est
1783 3431 2219 3505 malignus,quia

634 3522 823 3578 dividit
865 3539 895 3578 a
939 3520 1116 3580 bonis.
1146 3522 1348 3581 Christi
1377 3538 1508 3581 vero
1548 3523 1760 3598 gladius
1802 3530 1887 3581 est
1932 3523 2217 3597 benignus,

635 3615 760 3683 quia
800 3620 1016 3684 separat
1043 3628 1072 3668 a
1107 3612 1281 3671 malis.
1307 3610 1460 3670 Sicut
1486 3615 1631 3670 enim
1651 3612 1877 3670 verbum
1901 3612 1996 3670 Dei
2022 3612 2223 3669 dicitur

594 3720 597 3723 ‘
636 3705 846 3777 gladius
874 3718 1093 3777 anceps,
1124 3715 1179 3764 et
1205 3706 1379 3764 bonus
1402 3714 1503 3775 est,
1530 3708 1655 3777 quia
1688 3708 1756 3764 de
1788 3716 2019 3778 utroque
2051 3713 2219 3763 testa-

636 3804 819 3854 mento
865 3798 1056 3855 incidit
1093 3798 1159 3855 ad
1209 3799 1467 3868 salutem;
1514 3799 1593 3857 sic
1636 3814 1801 3872 prava
1843 3798 2222 3855 haereticorum

639 3889 883 3945 doctrina
932 3891 1141 3963 gladius
1186 3900 1289 3959 est,
1335 3892 1463 3965 quia
1508 3893 1575 3949 de
1623 3898 1853 3963 utroque
1898 3898 2224 3948 testamento

639 3982 897 4049 assumit;
924 3984 1019 4040 sed
1048 3983 1333 4055 malignus,
1360 3983 1485 4055 quia
1511 3992 1681 4041 totum
1725 3985 1791 4040 ad
1822 3968 2224 4040 damnationem

641 4072 852 4144 redigit.
894 4074 964 4131 Et
1009 4076 1203 4132 merito
1229 4085 1280 4132 te
1318 4090 1414 4131 oro
1441 4082 1499 4130 ut
1532 4076 1751 4149 eripias,
1783 4076 1908 4147 quia
1941 4084 1995 4131 tu
2042 4083 2225 4131 tantus

639 4182 723 4235 es,
749 4169 891 4239 quod
916 4169 1011 4225 das
1037 4170 1279 4237 salutem,
1310 4171 1567 4226 subaudis
1603 4171 1992 4238 omnimodam,
2019 4170 2227 4227 scilicet

645 4261 732 4317 hic
760 4264 1053 4318 secundum
1085 4263 1314 4320 virtutes
1339 4272 1394 4319 et
1417 4263 1556 4320 bona
1579 4279 1764 4336 opera,
1793 4272 1848 4321 et
1875 4265 2090 4320 tandem
2113 4263 2227 4337 glo-

642 4359 778 4414 riam
806 4369 1096 4428 aateruam;
1122 4360 1344 4433 regibus,
1376 4360 1428 4416 id
1466 4369 1570 4428 est,
1592 4360 1683 4416 hic
1716 4376 1775 4416 se
1805 4362 1949 4432 ipsos
1970 4356 2228 4430 spiritua-

643 4448 767 4508 liter
794 4454 1124 4526 regentibus.
1153 4452 1220 4510 Et
1242 4460 1423 4511 tantus
1448 4470 1507 4510 es
1534 4461 1588 4509 et
1614 4452 1757 4520 talis,
1787 4454 1928 4525 quod
1965 4450 2225 4508 redemisti

643 4542 817 4602 David
839 4565 1041 4603 servum
1078 4559 1249 4614 tuum,
1272 4547 1326 4604 id
1351 4557 1436 4603 est
1464 4563 1899 4619 unumquemque
1931 4545 2139 4601 ﬁdelem
2175 4552 2230 4600 et

647 4636 746 4691 tibi
777 4638 1028 4694 devotum
1059 4646 1114 4695 et
1133 4639 1363 4694 viriliter
1391 4647 1660 4711 agentem,
1687 4638 1959 4695 redemisti
1986 4653 2083 4707 per
2101 4652 2233 4692 san-

644 4727 859 4799 guinem
886 4728 1007 4786 Filii
1041 4730 1138 4786 tui.
1167 4730 1327 4801 Eripe
1355 4746 1461 4797 me,
1493 4729 1737 4802 inquam,
1763 4730 1829 4787 de
1858 4729 2034 4803 gladio
2075 4728 2229 4783 mali-

645 4833 750 4891 gno
772 4860 788 4884 ,
842 4837 861 4873 t
891 4828 946 4876 et
990 4834 1118 4876 erue
1154 4836 1239 4876 me
1286 4822 1352 4878 de
1389 4837 1549 4877 manu
1586 4822 1815 4877 ﬁliorum
1851 4822 2173 4878 alienorum.
2204 4841 2222 4875 ι

644 4908 770 4966 ideo
798 4909 903 4967 hoc
935 4916 1104 4967 totum
1141 4913 1355 4983 repetit,
1388 4921 1444 4968 ut
1472 4922 1738 4984 supponat
1783 4912 1977 4967 multas
2013 4927 2225 4978 causas,

645 5014 817 5070 quare
837 5016 933 5071 pro
960 5000 1263 5070 huiusmodi
1291 5003 1528 5073 periculo
1554 5003 1826 5059 multoties
1848 5002 2111 5058 orandum
2136 5003 2226 5069 sit,

647 5086 720 5146 ita
748 5091 925 5159 :ldeo,
949 5090 1197 5160 Domine,
1227 5108 1448 5149 necesse
1468 5103 1550 5149 est
1575 5103 1633 5147 ut
1656 5095 1855 5165 eripias
1882 5111 1960 5148 me
1986 5093 2049 5148 tle
2080 5095 2230 5164 aquis

644 5183 826 5239 multis
876 5192 931 5240 et
982 5184 1047 5239 de
1089 5201 1247 5240 manu
1297 5186 1695 5253 haereticorum,
1744 5185 1868 5255 quia
1908 5184 2009 5253 ﬁlii
2045 5201 2232 5239 eorum

645 5281 778 5335 sicut
805 5281 1019 5337 novella
1039 5282 1410 5353 plantationes,
1440 5283 1490 5337 id
1518 5291 1619 5347 ost,
1646 5280 1998 5353 cogitationes
2027 5288 2082 5335 et
2107 5296 2233 5335 seu-

649 5372 827 5429 tentia:
855 5390 1043 5430 eorum
1092 5385 1218 5431 sunt
1262 5375 1653 5447 eomparabiles
1695 5375 1995 5431 arbusculis
2025 5375 2236 5429 noviter

646 5465 924 5535 plantatis.
952 5466 1187 5538 Exponit
1219 5469 1513 5524 secundum
1549 5468 1676 5538 quid
1704 5467 1815 5523 sint
1842 5466 2235 5537 comparabiles

648 5557 755 5614 illis
786 5575 799 5613 :
840 5560 913 5613 ita
948 5559 1003 5614 in
1034 5560 1307 5630 juventnte
1348 5576 1468 5624 sua,
1500 5558 1679 5626 idest,
1711 5558 1763 5613 in
1794 5560 1896 5614 hoc
1924 5559 2068 5629 quod
2097 5572 2235 5627 quo-

651 5650 781 5706 tidic
812 5668 963 5709 novas
998 5652 1363 5720 inveniuntur,
1388 5662 1441 5710 et
1470 5669 1590 5708 cum
1632 5652 1903 5710 veteribus
1949 5650 2234 5707 sententiis

653 5737 1061 5812 adjunguntur,
1114 5744 1506 5815 cotuparabiles
1558 5750 1685 5799 sunt
1739 5742 1891 5798 novis
1943 5741 2231 5811 plantatio-

651 5830 834 5897 nibus,
862 5847 981 5901 quae
1023 5836 1234 5891 nouiter
1279 5835 1456 5901 taetre,
1502 5847 1729 5888 numero
1769 5833 1996 5888 aliorqu
2037 5832 2231 5901 saepius

650 5917 1022 5977 oonfenmtur.
1046 5921 1114 5979 Et
1134 5922 1255 5980 ideo
1275 5938 1497 5980 necesse
1523 5930 1608 5980 est
1630 5932 1691 5979 ut
1710 5937 1797 5978 me
1825 5922 2041 5982 liberes.
2070 5919 2230 5979 Filite

2309 2054 2365 2111 in
2394 2053 2500 2111 ﬁde
2522 2069 2736 2112 omnem
2760 2055 2958 2111 bonam
2981 2053 3365 2126 operationem
3397 2051 3513 2108 Deo
3541 2047 3846 2116 ollerrejube-

2310 2160 2453 2213 mur,
2481 2153 2538 2201 et
2574 2153 2729 2201 extra
2775 2143 3103 2201 catholicam
3132 2143 3454 2201 Ecclesiam
3498 2155 3607 2198 non
3645 2137 3847 2197 esthms

2310 2240 2426 2297 veri
2478 2239 2752 2298 sacriﬁcii.
2809 2238 2880 2294 Et
2909 2238 3029 2295 ideo
3078 2251 3309 2294 necesse
3356 2243 3446 2292 est
3486 2242 3548 2290 ut
3576 2247 3655 2289 me
3680 2230 3840 2293 liberes.

2311 2332 2440 2406 quia
2470 2329 2834 2406 promptuaria
2858 2346 3038 2385 eorum
3060 2329 3216 2402 plena
3241 2344 3260 2385 :
3296 2328 3434 2400 quia
3475 2327 3533 2382 in
3559 2321 3843 2397 grammatica

2312 2441 2535 2494 eorum,
2590 2424 2681 2481 ubi
2735 2422 3060 2496 multiplices
3107 2421 3403 2479 sententia:
3447 2419 3759 2476 continentur
3793 2411 3840 2468 ad

2315 2519 2532 2575 modum
2554 2515 2703 2573 cella:
2730 2514 2933 2583 divitis,
2962 2514 3016 2570 in
3031 2528 3138 2587 qua
3167 2511 3347 2568 multa
3376 2509 3681 2583 poculorum
3693 2516 3838 2575 genera

2297 2609 2684 2666 reconduntur
2716 2626 2730 2664 :
2763 2616 2819 2663 et
2864 2606 3010 2672 inde,
3049 2603 3105 2661 id
3145 2610 3257 2671 est,
3286 2617 3360 2660 ex
3416 2602 3533 2674 ipsa
3580 2591 3837 2669 plenitudine

2315 2712 2442 2760 sunt
2485 2701 2801 2767 eructantia,
2846 2698 2900 2754 id
2947 2705 3055 2765 est,
3099 2704 3258 2752 extra
3307 2691 3603 2755 mittentia,
3644 2682 3835 2744 subaudis

2317 2795 2514 2852 multas
2554 2790 3070 2866 argumentationes,
3097 2804 3287 2845 eorum
3340 2787 3486 2851 lico,
3514 2776 3833 2855 transeuntium

2317 2904 2382 2944 ex
2411 2888 2508 2942 hoc
2531 2887 2589 2942 in
2613 2884 2767 2951 illud,
2806 2884 2859 2939 id
2885 2891 2989 2951 est,
3027 2897 3097 2939 ex
3123 2879 3312 2938 veteri
3345 2878 3678 2935 Testamento
3697 2866 3832 2924 iulio—

2317 2996 2467 3047 vum,
2494 2978 2577 3035 vel
2597 2994 2662 3034 ex
2686 2974 3152 3049 argumentatione
3178 2974 3230 3028 in
3253 2954 3834 3045 argumentationem,“

2319 3086 2387 3128 ex
2413 3086 2516 3126 una
2550 3071 2758 3127 ratione
2802 3068 2859 3124 in
2909 3066 3073 3123 aliam
3104 3064 3407 3122 rationem.
3445 3060 3515 3118 Et

2319 3172 2404 3221 est
2426 3172 2488 3221 ut
2515 3160 2712 3220 liberes
2756 3175 2864 3228 me,
2905 3159 3033 3233 quia
3075 3175 3190 3215 oves
3228 3171 3445 3221 eorum,
3483 3167 3585 3209 nou
3620 3146 3721 3202 dico
3743 3146 3834 3196 sim.

2319 3254 2490 3328 plices
2521 3261 2577 3310 et
2602 3252 2819 3319 idiotas,
2847 3250 2940 3321 qui
2960 3256 3086 3307 sunt
3112 3248 3253 3305 inter
3279 3261 3403 3311 eos,
3442 3241 3535 3300 sed
3555 3239 3709 3328 {etate
3725 3242 3830 3289 ores.

2324 3325 2377 3402 id
2407 3353 2510 3412 est,
2539 3342 2779 3416 magistri
2817 3357 3007 3398 eorum
3048 3340 3184 3397 alios
3219 3339 3274 3396 in
3323 3347 3567 3393 errorem
3607 3325 3829 3401 parientes

2324 3444 2451 3494 sunt
2496 3435 2853 3502 abundantes,
2909 3434 2963 3491 id
3010 3441 3129 3498 est,
3175 3430 3385 3488 multos
3437 3422 3574 3484 fetus
3615 3418 3827 3513 lim

2324 3529 2581 3588 subaudis
2606 3544 2710 3586 non
2740 3527 3039 3586 secundum
3080 3525 3232 3583 illum
3274 3534 3486 3582 statum
3528 3532 3627 3590 quo
3663 3512 3829 3581 iam“!

2322 3631 2450 3681 sunt
2477 3623 2542 3678 ad
2570 3620 2751 3689 ﬁdem,
2785 3620 2880 3677 sed
2908 3621 2967 3676 in
2999 3618 3290 3693 egressibus
3324 3617 3464 3682 suis,
3488 3611 3538 3669 id
3573 3614 3663 3669 est.

2325 3716 2452 3771 dum
2484 3713 2636 3770 illum
2665 3688 2867 3769 statum
2909 3688 3247 3784 quo'egressi
3298 3714 3433 3765 sunt
3458 3720 3487 3759 a
3519 3700 3633 3758 ﬁde.
3656 3693 3710 3751 Et

2325 3822 2549 3867 necesse
2577 3816 2637 3864 ut
2672 3822 2761 3863 me
2795 3804 3014 3871 liberes,
3042 3803 3169 3875 quia
3198 3803 3351 3859 boves
3379 3812 3555 3856 eorum
3590 3800 3765 3885 crustat.

2325 3909 2433 3969 est,
2464 3898 2564 3974 ipsi
2604 3900 2768 3956 iidem
2798 3896 3043 3969 magistri
3076 3874 3268 3953 eorum
3298 3902 3431 3952 sunt
3453 3882 3642 3959 eopiosi
3666 3879 3711 3933 in
3729 3874 3822 3977 divi-

2328 3993 2451 4063 tiis;
2501 4000 2551 4048 et
2591 3991 2734 4063 quod
2769 3990 2996 4047 scientia
3037 3995 3360 4060 nequeunt,
3417 3986 3718 4040 nummorum
3750 3977 3819 4019 ιω·

2327 4101 2497 4160 pensa
2518 4082 2771 4139 eliiciunt.
2789 4081 2927 4139 Oves
2948 4089 3108 4137 vocat
3132 4080 3423 4151 magistros
3446 4083 3641 4162 eorum,
3657 4066 3817 4162 ρξξφιξξ

2329 4151 2660 4233 debilitatem
2694 4172 2915 4230 nimiam
2967 4171 3172 4237 animi;
3226 4168 3460 4231 fetosas,
3505 4159 3619 4233 quia
3654 4151 3758 4248 alios.
3785 4156 3820 4248 "l

2329 4282 2573 4326 errorem
2629 4265 2875 4336 pariunt;
2922 4262 3087 4318 boves
3128 4277 3369 4327 crassas,
3417 4262 3620 4330 propter
3662 4243 3819 4298 nimim

2330 4363 2719 4436 deceptionem.
2758 4360 2935 4417 Vacca
2991 4357 3191 4414 etenim
3236 4354 3455 4427 pinguis
3490 4345 3633 4404 citius
3661 4339 3813 4436 “illi”?

2331 4424 2548 4524 decipit,
2580 4466 2742 4523 quam
2787 4449 2905 4506 ovis
2941 4448 3187 4504 arietem.
3238 4424 3309 4501 Et
3340 4424 3467 4501 ideo
3494 4424 3818 4528 ηθθθεθθξδξξξι

2335 4560 2423 4599 me
2448 4514 2669 4609 liberes,
2699 4541 2826 4614 quia
2860 4560 2879 4594 ι
2917 4536 3033 4596 Νοη
3064 4546 3148 4594 est
3172 4537 3332 4595 ruina
3365 4527 3616 4592 maceriae,
3646 4539 3662 4571 ι
3689 4514 3728 4614 id
3747 4515 3815 4564 85"

2336 4639 2831 4715 argumentationes
2855 4652 3064 4703 eorum,
3108 4635 3163 4692 id
3192 4643 3295 4701 est,
3345 4618 3817 4719 00mph“???

2335 4708 2473 4787 dirui
2505 4747 2610 4787 non
2640 4738 2888 4802 possunt.
2932 4726 3000 4783 Et
3034 4727 3156 4784 ideo
3204 4720 3371 4781 libera
3413 4733 3519 4783 me.
3558 4708 3667 4783 (ιυίο
3706 4708 3813 4802 ΜΨ

2336 4824 2613 4889 transitus,
2638 4800 2895 4879 subaudis
2924 4820 3082 4878 estin
3110 4806 3641 4892 argumentationibus

2335 4917 2387 4974 id
2409 4926 2515 4984 est,
2542 4916 2697 4972 multi
2725 4914 2849 4987 quia
2872 4915 3130 4971 resistere
3154 4891 3447 4983 nequeunt.
3468 4901 3550 4961 υδί

2334 5010 2560 5083 piuntur
2588 5027 2601 5063 :
2641 5026 2659 5060 ι
2690 4973 2863 5077 neque
2890 5005 3095 5063 clamor
3116 5004 3170 5060 in
3197 5003 3390 5075 plateis
3416 5006 3605 5057 eorum:
3631 5002 3647 5036 ⁵

2337 5070 2480 5156 istud
2506 5117 2612 5156 non
2639 5107 2724 5155 est
2767 5070 2951 5165 causa,
2995 5096 3090 5153 sed
3131 5070 3217 5151 ita.
3248 5094 3607 5151 continuatur:
3634 5070 3811 5165 quantis

2338 5192 2446 5248 sint
2474 5189 2815 5262 ignominiosi
2846 5198 2897 5245 et
2922 5160 3115 5243 divites
3155 5196 3212 5243 et
3244 5180 3479 5258 magistri
3501 5160 3806 5262 aliorume

2337 5291 2421 5339 est
2450 5250 2629 5337 tamen
2667 5280 2895 5347 clamor,
2929 5280 2980 5335 id
3024 5287 3128 5346 est,
3180 5250 3444 5334 subtilius
3480 5276 3529 5326 ei

2335 5375 2635 5430 rationibus
2660 5388 2868 5429 eorum.
2914 5369 3130 5427 Clamor
3171 5369 3316 5424 enim
3360 5375 3411 5422 et
3445 5332 3804 5446 subtilitalcglnﬁf

2336 5424 3039 5533 7U
3047 5424 3148 5516 nde
3170 5457 3364 5527 saepius
3386 5446 3612 5537 Dominus

2341 5552 2482 5628 gelio
2508 5554 2763 5611 clamasse
2784 5513 3004 5618 dicitur,
3032 5562 3138 5606 non
3173 5555 3428 5619 quantum
3460 5536 3520 5595 ad
3542 5513 3802 5645 memmi:

2339 5617 2539 5711 dinem,
2588 5646 2682 5703 sed
2728 5652 2987 5716 quantum
3020 5643 3087 5698 ad
3137 5617 3397 5696 orationis
3445 5631 3639 5742 illiw-ﬁ
3581 5617 3715 5742 #1;
3719 5617 3800 5742 in;

2336 5702 2709 5797 subtilitatem.
2746 5702 2814 5792 ὲι
2849 5736 2969 5791 ideo
2999 5746 3105 5789 non
3139 5740 3223 5788 est
3255 5721 3536 5824 clamor-oin
3556 5702 3798 5824 '

2336 5831 2572 5895 illorum,
2599 5830 2723 5900 quia
2744 5829 2797 5881 in
2818 5824 3022 5895 plateis,
3046 5824 3097 5879 id
3127 5831 3232 5890 est.
3264 5820 3315 5877 in
3338 5790 3796 5921 atupliunllt‘tflego’:

2334 5928 2391 5981 et
2421 5881 2649 5979 aliorum
2677 5881 2934 5978 vitiorum
2964 5881 3106 5976 sunt.
3144 5913 3212 5971 Et
3235 5913 3356 5973 ideo
3382 5896 3574 5967 nesesse
3590 5891 3656 5944 ⁸⁵⁸
3675 5881 3717 5931 ⁰³
