4038 6428
215 415 324 517 se.

3382 524 3484 580 8'50

153 608 162 612 η
215 583 578 651 liberes,quia
599 583 847 653 populum
868 584 954 639 cui
982 586 1094 641 haec
1107 589 1517 655 sunl,vldelicet
1545 597 1794 665 prmdicta

1906 621 1968 659 ex
2008 613 2439 675 consideratione
2469 623 2700 680 nominis
2735 632 2810 680 tm
2835 668 2851 692 ,
2901 632 3273 694 benedictione
3320 649 3484 696 eunte

211 676 370 746 copia
393 675 706 744 verborum,
743 686 801 731 ut
833 687 1056 748 possunt
1086 683 1320 738 transire
1342 700 1407 739 ex
1433 686 1525 740 hoc
1556 687 1610 743 in
1644 689 1797 759 illud,

209 776 267 823 et
293 768 520 832 divitiae,
548 776 604 822 et
632 781 859 838 quorum
889 771 1127 828 rationes
1169 789 1198 827 a
1231 775 1393 831 nullis
1421 777 1501 831 vel
1533 793 1564 832 a
1615 781 1800 849 paucis

210 869 443 930 possunt
483 863 812 932 constringi,
861 863 1035 930 illum,
1065 865 1306 936 inquam,
1339 870 1594 941 populum
1634 872 1798 928 talem

209 954 366 1008 Stulti
380 954 624 1009 homines
640 955 883 1010 dixerunt
896 957 1243 1013 beatum.Mea
1260 975 1389 1015 vero
1403 964 1670 1018 sententia
1685 964 1799 1020 hzec

209 1054 316 1108 est,
333 1047 458 1114 quia
475 1045 560 1098 ille
577 1054 658 1100 est
677 1047 896 1102 «beatus
914 1050 1159 1119 p0pulus,
1180 1051 1331 1121 cujus
1355 1053 1614 1110 Dominus
1637 1075 1656 1107 ι
1686 1057 1798 1126 ipse

207 1146 294 1192 est
333 1137 475 1192 idem
509 1137 652 1207 quod
699 1146 782 1194 est
825 1139 964 1193 Deus
1013 1142 1147 1211 ejus,
1181 1143 1230 1196 id
1267 1153 1370 1210 est,
1402 1154 1617 1201 creator
1656 1147 1792 1218 ejus.

714 1252 1032 1310 PSALMUS
1071 1254 1294 1310 CXLIV.

672 1340 841 1380 LAUDA
851 1341 941 1379 T10
993 1341 1093 1380 IPSI
1148 1343 1308 1381 DAVID

286 1433 307 1466 ι
356 1416 617 1472 Exaltaho
645 1426 719 1482 te,
751 1417 894 1473 Deus
923 1433 1076 1474 meus
1107 1435 1226 1486 rex,
1265 1431 1319 1476 et
1356 1422 1668 1482 benedicam
1699 1442 1797 1483 no»

211 1529 230 1561 ι
278 1513 412 1566 mini
441 1521 532 1567 tuo
561 1512 613 1566 in
653 1513 930 1574 saeculum,
976 1523 1032 1568 et
1067 1515 1118 1568 in
1149 1516 1401 1570 saeculum
1446 1519 1648 1574 s:r_euli.
1690 1520 1794 1577 Per

208 1626 227 1657 ι
274 1605 517 1674 singulos
567 1606 679 1660 dies
724 1605 1038 1663 benedicam
1090 1609 1204 1673 tibi,
1255 1620 1310 1666 et
1339 1611 1568 1669 laudabo
1597 1631 1791 1671 nomen

207 1713 227 1748 ι
277 1705 428 1750 ιιιιιιιι
475 1696 528 1751 in
560 1697 837 1762 saeculum,
860 1708 914 1754 et
944 1698 996 1752 in
1025 1701 1281 1756 saeculum
1326 1703 1528 1757 szeculi.
1569 1704 1792 1775 Magnus

205 1809 223 1840 ι
275 1791 537 1845 Dominus
563 1797 618 1844 et
645 1790 932 1847 laudabilis
960 1793 1143 1859 nimis,
1170 1803 1223 1848 et
1255 1797 1646 1866 magnitudinis
1674 1798 1790 1868 ejus

205 1897 224 1930 ι
270 1889 483 1935 nonest
511 1881 653 1937 linis.
681 1880 973 1938 Generatio
993 1893 1046 1939 et
1065 1888 1339 1956 generatio
1363 1887 1602 1964 laudabit
1626 1905 1787 1960 opera

205 1989 224 2022 ι
270 1980 386 2038 tua,
418 1979 474 2027 et
515 1974 811 2043 potentiam
864 1983 1006 2030 tuam
1052 1979 1498 2048 pronuntiabunt.
1542 1980 1787 2050 Magnifi-
1821 1997 1863 2056 Β
1892 1998 1959 2051 ad
1988 1998 2213 2055 ιοοειιεπη
2241 1974 2626 2073 ξερθοῃειεηις
2671 2007 2774 2074 γει,

208 2082 226 2116 ι
272 2067 506 2120 centiam
531 2065 716 2136 gloriae
738 2067 1044 2124 sanctitatis
1078 2078 1181 2125 tuae
1209 2069 1518 2141 loquentur,
1543 2080 1597 2126 et
1627 2072 1789 2127 mira-

203 2172 225 2207 ι
269 2154 398 2210 bilia
431 2164 522 2210 tua
551 2158 870 2212 narrabunt.
905 2157 971 2212 Et
1000 2159 1252 2213 virtutem
1306 2161 1630 2214 terribilium
1665 2171 1787 2216 tuo-

205 2263 224 2296 ι
273 2261 394 2300 rum
446 2247 647 2314 dicent,
701 2258 754 2304 et
801 2251 1222 2321 magnitudinem
1275 2260 1422 2307 tuam
1470 2253 1784 2310 narrabunt.

203 2358 222 2390 ι
271 2340 586 2396 Memoriam
628 2343 972 2400 abundantiae
998 2345 1277 2402 suavitatis
1309 2356 1414 2402 tuae
1439 2353 1810 2417 eructabunt,‘

202 2450 221 2484 ι
264 2441 320 2486 ει
341 2433 554 2503 justitia
586 2443 673 2489 tua
696 2435 1062 2492 exsultabant.
1095 2438 1380 2495 Miserator
1399 2449 1453 2496 et
1477 2442 1789 2498 misericors

201 2540 221 2574 ι
268 2521 550 2587 Dominus,
601 2524 813 2594 patiens
843 2533 900 2581 et
947 2528 1172 2582 multum
1225 2531 1554 2587 misericors.
1595 2531 1815 2646 SuaviS\

202 2633 220 2646 ι
269 2616 526 2646 n.....:.....
551 2616 818 2646 ιιηῖιιιι-οιε
872 2624 926 2646 ιιι
951 2619 1322 2646 ...ει-Α-ηιὲΑηη..
1355 2621 1466 2646 ηε---
1491 2638 1652 2646 ..η-η...
1674 2637 1754 2646 --..

201 2633 220 2666 ι
269 2616 530 2672 Dominus
551 2616 842 2684 universis,
872 2624 928 2673 et
951 2619 1325 2676 miserationes
1350 2621 1468 2691 ejus
1491 2638 1652 2693 super
1671 2616 1826 2688 ειη-*χ

198 2725 219 2759 ι
266 2709 359 2763 nia
388 2723 556 2778 opera
597 2707 732 2777 eius.
763 2708 1136 2766 Confiteantur
1161 2712 1278 2777 tibi,
1324 2711 1571 2778 Domine,
1603 2713 1784 2769 omnia
1825 2719 1832 2727 '

199 2819 220 2851 ι
266 2812 434 2869 opera
459 2808 645 2866 tua,et
665 2801 838 2856 sancti
867 2802 942 2855 tui
969 2802 1419 2858 benedicanttibi.
1437 2803 1674 2859 Gloriam
1702 2819 1788 2858 re-

198 2909 218 2941 r
267 2891 361 2960 gui
393 2890 470 2945 tui
500 2891 703 2956 dicent,
738 2899 794 2946 et
837 2893 1130 2961 potentiam
1173 2901 1318 2947 tuam
1357 2893 1664 2963 loquentur.
1720 2893 1786 2950 Ut

198 3001 220 3035 ι
267 2991 452 3038 notam
493 2982 700 3039 faciant
731 2982 854 3062 filiis
879 2983 1158 3038 hominum
1202 2986 1500 3055 potentiam
1535 2995 1700 3051 tuam,
1731 2995 1786 3042 et

198 3097 219 3128 ι
267 3075 493 3145 gloriam
543 3075 961 3148 magniﬁcentiae
1010 3077 1158 3147 regni
1193 3078 1288 3132 tui.
1341 3077 1586 3149 Regnum
1636 3088 1783 3134 tuum

199 3187 218 3222 ι
266 3183 494 3238 regnum
538 3167 782 3222 omnium
826 3167 1167 3231 saeculorum,
1201 3176 1256 3223 et
1284 3169 1576 3225 dominatio
1605 3180 1694 3226 tua
1729 3171 1783 3225 in

199 3279 218 3311 ι
265 3259 415 3313 oumi
446 3258 888 3328 generationem
914 3259 1334 3330 generationem.
1377 3261 1574 3317 Fidelis
1604 3262 1784 3319 Domi-

200 3370 219 3401 ι
271 3366 374 3406 nus
403 3351 458 3405 in
499 3351 750 3407 oumibus
776 3350 960 3419 verbis
994 3352 1128 3418 suis,
1159 3363 1214 3407 et
1257 3361 1481 3408 sanctus
1525 3353 1578 3408 in
1610 3353 1784 3408 omni-
1813 3359 1859 3425 ο

200 3465 219 3500 ι
261 3444 367 3502 bus
414 3445 671 3517 operibus
721 3447 854 3511 suis,
910 3446 1121 3502 Allevat
1167 3447 1426 3503 Dominus
1460 3463 1649 3504 omnes
1688 3447 1781 3518 qui

200 3558 222 3592 ι
267 3549 554 3606 corruunt,
583 3551 640 3597 et
667 3541 828 3612 erigit
855 3555 1045 3596 omnes
1069 3541 1252 3597 elisos.
1281 3541 1432 3598 Oculi
1461 3541 1702 3598 omnium
1731 3542 1784 3597 in

201 3655 220 3688 ι
267 3645 324 3690 ιε
351 3645 593 3704 sperant,
609 3637 854 3702 Domine,
875 3644 932 3692 et
945 3644 1002 3691 tu
1017 3637 1114 3692 das
1127 3651 1306 3694 eseam
1333 3633 1548 3694 illorum
1575 3639 1628 3693 in
1655 3635 1790 3693 tem-'

202 3745 221 3776 ι
269 3734 747 3796 poreopportuno.
773 3727 967 3797 Aperis
995 3736 1050 3782 tu
1071 3742 1290 3784 manum
1317 3737 1487 3794 tuam,
1513 3738 1569 3785 et
1595 3729 1788 3799 imples

205 3838 223 3871 ι
270 3834 436 3876 omne
496 3818 695 3874 animal
745 3818 1146 3876 benedictione.
1195 3820 1382 3877 Justus
1425 3821 1688 3877 Dominus
1729 3821 1784 3876 in

203 3933 222 3966 ι
267 3912 523 3968 omnibus
552 3913 655 3968 viis
676 3913 809 3980 suis,
837 3921 890 3968 et
917 3922 1140 3971 sanctus
1167 3913 1223 3970 in
1251 3916 1502 3970 omnibus
1532 3915 1788 3986 operibus

205 4025 223 4056 ι
270 4004 403 4058 suis.
419 4003 593 4073 Prope
605 4011 690 4058 est
704 4001 962 4059 Dominus
975 4005 1225 4060 omnibus
1244 4005 1618 4061 invocantibus
1639 4019 1762 4060 eum
1774 4043 1791 4071 ,

205 4114 222 4145 ‹
253 4095 510 4151 omnibus
545 4093 922 4150 invocantibus
937 4109 1061 4150 eum
1099 4097 1150 4150 in
1179 4097 1424 4153 veritate.
1457 4093 1794 4152 Voluntatem

205 4203 223 4235 ι
263 4183 566 4238 timentium
597 4198 656 4239 se
691 4182 872 4248 faciet,
895 4194 954 4240 et
973 4185 1402 4255 deprecationem
1424 4201 1610 4243 eorum
1632 4201 1796 4242 exau-

213 4295 231 4326 ε
274 4275 385 4328 dict
405 4313 420 4338 ,
451 4283 506 4329 ει
534 4272 712 4328 salvos
734 4272 891 4329 faciet
913 4289 1025 4330 eos.
1063 4275 1310 4332 Custodit
1330 4276 1590 4332 Dominus
1610 4291 1797 4332 omnes

215 4387 232 4416 ι
277 4365 566 4435 diligentes
594 4380 683 4431 se,
712 4376 768 4420 et
795 4379 983 4420 omnes
1006 4375 1320 4436 peccatores
1343 4369 1634 4438 diSpcrdet.
1665 4368 1797 4424 Lau-

205 4477 223 4511 ι
267 4445 542 4512 datioucm
566 4456 778 4512 Domini
801 4456 1052 4526 loquetur
1092 4474 1155 4514 os
1181 4475 1391 4526 meum,
1430 4467 1486 4516 et
1513 4461 1799 4516 benedicat

206 4572 224 4603 ι
265 4553 442 4607 nautis
464 4565 589 4606 caro
621 4550 822 4605 nomini
852 4561 1044 4609 sancto
1072 4552 1219 4622 ejus,
1246 4555 1299 4608 in
1330 4554 1616 4621 saeculum,
1650 4563 1705 4609 et
1731 4555 1785 4609 in

209 4665 226 4696 ι
265 4647 520 4700 sacculum
547 4645 730 4702 seculi.
759 4663 794 4703 ι

791 4737 1240 4795 ENARRATIO.

277 4827 330 4880 In
360 4829 462 4882 hoc
485 4830 690 4898 psalmo
709 4832 1018 4887 continetur
1040 4831 1155 4886 laus
1171 4832 1514 4888 attribuenda
1542 4831 1643 4902 ipsi
1693 4833 1790 4886 Da-

203 4918 312 4981 vid,
348 4918 524 4983 idest,
569 4919 800 4976 Christo.
829 4922 886 4975 in
913 4923 1016 4976 hoc
1063 4931 1243 4978 autem
1300 4930 1529 4977 tractatu
1589 4924 1792 4992 quique

207 5007 391 5063 lideles
414 5009 637 5079 perfecti
662 5022 782 5081 post
801 5014 1069 5082 apostolos
1105 5029 1170 5069 ex
1192 5029 1422 5084 persona
1462 5031 1559 5070 sua
1601 5018 1791 5070 exhoro

207 5110 411 5168 tantur,
439 5105 574 5158 alios
602 5105 823 5160 laudare
853 5106 1136 5162 Dominum
1164 5123 1230 5163 ex
1253 5111 1685 5166 consideratione
1708 5112 1790 5167 sui

208 5195 396 5264 ipsius,
421 5197 539 5252 illos
561 5214 710 5264 vero,
735 5201 823 5268 qui
851 5201 1010 5255 modo
1030 5201 1150 5256 ideo
1173 5204 1238 5256 ad
1262 5203 1362 5256 hoc
1390 5206 1619 5272 promoti
1649 5215 1792 5268 sunt,

211 5295 272 5341 ut
292 5286 512 5341 laudent
527 5287 832 5356 Dominum,
859 5299 1078 5362 pmpter
1092 5292 1263 5361 ipsum
1279 5294 1590 5359 admonent,
1616 5303 1670 5348 ut
1691 5296 1797 5348 sal-

211 5395 319 5442 tem
359 5402 429 5442 ex
456 5390 887 5446 consideratione
922 5408 1145 5463 operum
1189 5391 1304 5460 ejus
1351 5395 1573 5448 laudent
1625 5411 1746 5449 cum
1776 5438 1790 5461 ,

211 5478 381 5534 utsic
429 5481 646 5535 tandem
704 5491 1125 5553 promoveantur
1180 5485 1245 5538 ad
1297 5499 1418 5538 eum
1467 5485 1790 5540 laudandum

211 5581 431 5642 propter
468 5573 641 5642 ipsum
662 5615 677 5638 ,
709 5574 788 5628 sic
813 5575 1053 5630 dicentes
1082 5593 1094 5629 :

284 5664 548 5718 Exultabo
582 5675 660 5731 te,
701 5666 838 5720 Deus
867 5684 1012 5721 meus
1052 5684 1174 5733 rex,
1233 5669 1284 5723 id
1332 5675 1414 5724 est
1441 5711 1455 5736 ,
1521 5670 1792 5738 Domine,

210 5757 302 5828 qui
323 5771 387 5810 es
415 5766 630 5812 creator
653 5767 707 5813 et
732 5769 914 5815 rector
960 5775 1111 5816 meus
1139 5779 1153 5828 ;
1188 5761 1450 5817 Etraltabo
1474 5773 1522 5817 te
1545 5806 1559 5826 ,
1589 5763 1796 5819 scilicet

212 5847 391 5902 activa
447 5849 585 5913 vita,
643 5851 851 5906 scilicet
910 5853 1206 5909 secundum
1271 5855 1499 5911 virtutes
1553 5865 1607 5911 et
1654 5855 1795 5912 bona

209 5951 403 6011 opera,
429 5948 486 5994 et
507 5941 806 5997 benedicens
836 5943 1032 5998 nmini
1067 5953 1157 5999 tuo
1183 5985 1198 6011 ,
1243 5945 1299 6002 id
1328 5955 1433 6015 est,
1482 5944 1710 6003 laudabo
1750 5956 1800 6004 te

1903 699 1957 753 in
1981 705 2228 762 sarculum
2260 713 2470 779 strculi,
2506 716 2688 782 id,est,
2721 718 2948 776 laudabo
2969 734 3017 778 te
3063 731 3476 801 contemplativa

1902 795 2010 849 vita
2038 811 2157 866 quae
2188 799 2238 854 in
2287 808 2534 872 praesenti
2567 810 2746 880 agitur
2791 814 3086 872 secundum
3126 795 3483 892 quod-possi-

1901 891 2008 948 bile
2030 903 2145 964 est,
2176 907 2230 958 et
2256 899 2308 954 in
2334 900 2516 958 futuro
2564 907 2853 976 perfectius
2910 912 3216 972 habebitur.
3268 891 3335 978 Et
3381 921 3483 978 hoc

1901 983 2147 1082 faciens,
2197 1007 2289 1058 per
2337 995 2570 1063 singulos
2624 998 2776 1064 dies,
2835 1002 3045 1070 idest,
3095 1021 3193 1075 per
3243 1010 3482 1082 singulas

1900 1075 2125 1132 virtutes
2146 1078 2443 1136 beneaicam
2467 1085 2577 1152 tibi,
2609 1088 2660 1142 id
2683 1101 2785 1157 est,
2820 1095 3087 1152 ascriham
3118 1098 3213 1154 tibi
3242 1075 3482 1173 singulas

1899 1164 2126 1224 virtutes
2148 1185 2266 1239 qua:
2293 1175 2420 1228 mihi
2450 1177 2695 1244 inerunt,
2725 1183 2838 1238 sive
2862 1185 2911 1238 in
2944 1191 3229 1254 praesenti,
3255 1164 3370 1248 sive
3425 1194 3478 1248 in

1901 1257 2099 1352 futuro.
2127 1264 2222 1319 Vel
2256 1266 2326 1319 ita
2355 1283 2368 1322 :
2404 1268 2716 1328 Benedicam
2740 1317 2754 1340 ,
2790 1277 3007 1348 inquam
3030 1323 3042 1343 ,
3078 1282 3170 1338 tibi
3199 1324 3214 1349 ,
3242 1285 3295 1340 id
3347 1297 3434 1341 est
3459 1328 3472 1352 ,

1899 1351 2128 1410 laudabo
2173 1365 2221 1411 te
2259 1358 2341 1427 (ut
2369 1360 2501 1432 dixi)
2533 1373 2587 1417 et
2608 1367 2782 1421 activa
2815 1379 2868 1422 et
2888 1373 3304 1443 contemplativa
3327 1377 3434 1432 vita
3460 1418 3474 1444 ,

1896 1452 1951 1498 et
1989 1445 2090 1502 hoc
2118 1465 2210 1518 per
2255 1451 2490 1520 singulos
2533 1456 2642 1509 dies
2671 1499 2684 1522 ,
2740 1459 2791 1512 id
2844 1469 2956 1526 est,
3010 1463 3062 1516 in
3117 1468 3386 1535 prosperis
3427 1476 3482 1524 et

1896 1539 2157 1594 adversis.
2228 1542 2289 1596 Et
2354 1546 2546 1600 merito
2610 1547 2836 1604 laudabo
2889 1561 2966 1618 te,
3025 1555 3152 1624 quia
3222 1556 3478 1613 Dominus

1895 1648 2114 1701 magnus
2151 1641 2232 1688 est
2251 1674 2264 1699 ,
2295 1634 2346 1689 id
2375 1646 2476 1702 εει,
2508 1639 2580 1692 ita
2606 1650 2795 1710 potens
2825 1655 2905 1698 est
2931 1645 3071 1714 quod
3100 1649 3477 1719 magnitudinis

1893 1722 2006 1793 ejus
2032 1764 2045 1788 ,
2079 1725 2130 1780 id
2157 1736 2268 1790 est,
2300 1731 2556 1796 potentia:
2577 1772 2592 1795 ,
2649 1750 2752 1788 non
2804 1746 2878 1789 est
2905 1737 3048 1804 ﬁnis,
3106 1739 3156 1794 id
3211 1749 3326 1807 est,
3371 1757 3476 1798 non

1892 1823 2070 1886 potest
2141 1817 2366 1886 alicujus
2411 1831 2674 1878 creaturae
2721 1825 2990 1882 intellectu
3050 1832 3474 1902 comprehendi;

1892 1907 1975 1962 vel
2004 1924 2106 1963 non
2152 1921 2224 1964 est
2247 1911 2399 1980 ﬁnis,
2452 1913 2503 1966 id
2533 1924 2615 1970 est
2650 1916 3070 1976 interminabilis
3101 1930 3185 1977 est
3216 1933 3476 1992 quantum

2807 2025 2910 2064 non
2954 2021 3028 2066 est
3052 2012 3175 2080 ﬁnis
3203 2053 3219 2079 ,
3271 2013 3478 2070 scilicet

1892 2093 2188 2147 secundum
2220 2101 2428 2165 tempus
2455 2138 2470 2162 ,
2501 2098 2550 2152 id
2572 2107 2656 2154 est
2682 2108 2885 2157 aeterna
2909 2113 3011 2169 est,
3042 2114 3094 2159 et
3120 2120 3240 2161 cum
3298 2115 3478 2164 tantus

1892 2183 1962 2238 sit
1994 2225 2010 2250 ι
2045 2194 2128 2240 εει
2172 2185 2335 2241 etiam
2367 2187 2652 2250 laudabilis
2694 2192 2746 2246 in
2793 2202 2982 2251 natura
3043 2213 3141 2252 sua
3184 2199 3374 2264 nimis,
3422 2199 3474 2254 id

1889 2283 1993 2340 est,
2021 2273 2140 2344 plus
2166 2293 2329 2348 quam
2356 2281 2581 2350 cogitari
2605 2282 2686 2336 vel
2709 2283 2810 2340 dici
2837 2288 3022 2356 possit.
3055 2289 3187 2359 Ego,
3227 2290 3466 2358 inquam,

1889 2367 2117 2422 laudabo
2146 2377 2198 2424 te
2225 2387 2288 2425 ex
2320 2373 2752 2432 consideratione
2780 2378 2854 2432 tui
2879 2379 3047 2449 ipsius
3072 2421 3087 2447 ,
3111 2381 3236 2452 quia
3267 2383 3380 2438 scio
3425 2391 3476 2439 te

1891 2479 2141 2532 magnum
2175 2476 2226 2520 et
2254 2466 2576 2525 laudabilem
2613 2489 2624 2526 :
2656 2471 2745 2526 alii
2800 2488 2929 2528 vero
2970 2477 3062 2546 qui
3104 2476 3171 2531 ad
3224 2477 3326 2532 hoc
3367 2493 3473 2532 non

1890 2556 2159 2612 suliiciunt
2207 2558 2503 2616 laudabunt
2550 2571 2603 2618 te
2641 2579 2707 2618 ex
2766 2567 3202 2623 consideratione
3249 2583 3473 2639 operum

1891 2659 2125 2714 tuormn,
2155 2659 2211 2706 et
2242 2653 2363 2716 hoc,
2397 2655 2635 2724 quandiu
2667 2658 2947 2726 generatio
2994 2661 3328 2728 generationi
3356 2676 3472 2716 suc-

1890 2741 2050 2794 cedit.
2079 2740 2190 2796 lioc
2217 2750 2300 2796 est
2327 2745 2470 2814 quod
2501 2745 2668 2801 dicit:
2707 2764 2724 2796 ι
2769 2746 3062 2804 Generatio
3101 2759 3154 2804 ct
3199 2751 3474 2820 generatio

1889 2830 2126 2888 laudabit
2181 2849 2342 2904 Opera
2402 2846 2512 2902 tua,
2550 2857 2567 2889 ι
2630 2839 2734 2894 hoc
2781 2848 2884 2905 est,
2936 2840 3232 2898 laudabunt
3285 2852 3338 2897 te
3404 2856 3472 2900 ex

1889 2925 2321 2981 consideratione
2364 2942 2588 2998 operum
2648 2938 2902 2996 tuorum,
2950 2931 3202 2988 videlicet
3250 2931 3373 2990 eteli
3418 2939 3474 2990 et

1889 3025 2048 3073 terrae
2073 3059 2086 3084 ,
2117 3018 2283 3074 maris
2311 3028 2364 3074 et
2389 3019 2616 3076 aliorum
2646 3021 2936 3078 visibilium
2955 3064 2969 3088 ,
2999 3033 3054 3078 et
3077 3024 3272 3080 horum
3301 3023 3471 3080 admi-

1889 3113 2099 3170 ratione
2147 3115 2432 3184 potentiam
2479 3124 2626 3169 tuam
2682 3117 3131 3186 pronuntiabunt,
3183 3119 3389 3188 idest,
3420 3128 3476 3180 ιιι

1888 3211 2162 3276 potentem
2201 3214 2252 3260 et
2285 3205 2604 3262 laudabilem
2635 3209 2940 3278 probabunt
2988 3219 3042 3264 ει
3091 3218 3310 3282 propter
3360 3210 3474 3268 haec

1889 3295 2169 3368 loquentur
2192 3337 2206 3363 ,
2240 3297 2448 3352 scilicet
2472 3299 2614 3353 inter
2643 3314 2704 3355 se
2743 3309 2798 3355 ει
2821 3298 2972 3365 aliis,
3029 3300 3475 3372 magniﬁcentiam

1890 3386 2071 3466 gloria:
2095 3389 2388 3444 sanctitatis
2411 3399 2550 3456 tute,
2603 3391 2653 3444 id
2677 3399 2799 3456 est,
2852 3391 3194 3463 magnificam
3245 3391 3476 3463 gloriam

1888 3495 2048 3552 quam
2077 3482 2280 3538 sanctis
2311 3483 2416 3538 tuis
2453 3483 2725 3540 attribuis.
2773 3483 2870 3542 Vel
2897 3486 3011 3540 ita:
3064 3484 3367 3557 Loquentur
3423 3493 3475 3544 te

1888 3571 2171 3645 magnifice
2231 3571 2525 3645 gloriosum
2573 3590 2639 3630 ex
2692 3574 3127 3634 consideratione
3157 3584 3476 3634 sanctorum

1893 3671 2106 3718 tuorum
2137 3673 2184 3718 et
2210 3663 2432 3736 insuper
2464 3665 2731 3722 mirabilia
2760 3677 2854 3720 tua
2893 3667 3181 3722 narrabant
3215 3707 3233 3732 ,
3294 3674 3353 3720 ut
3395 3673 3479 3722 est

1893 3755 2222 3809 resurrectio
2241 3765 2574 3812 mortuorum
2597 3765 2654 3812 et
2680 3757 2802 3812 talia
2833 3775 2849 3811 :
2877 3768 2923 3812 et
2951 3767 3148 3828 przcter
3167 3758 3281 3812 haec
3305 3757 3477 3810 dicent

1893 3843 2030 3914 apud
2057 3859 2114 3899 se
2139 3845 2365 3900 interius
2395 3856 2450 3900 et
2471 3846 2590 3902 aliis
2612 3846 2852 3902 virtutem
2875 3847 3188 3902 terribilium
3219 3856 3430 3901 tuorum
3459 3883 3476 3912 ,

1894 3934 1947 3989 id
1978 3943 2091 4002 est,
2139 3937 2434 4006 potentiam
2499 3949 2646 3992 tuaut
2695 3954 2804 4012 qua
2842 3939 3146 4011 huiusmodi
3215 3939 3480 3994 vindictas

1894 4026 2138 4095 operaris
2167 4027 2318 4098 justo
2339 4028 2542 4100 judicio
2567 4037 2659 4085 tuo
2682 4045 2780 4100 per
2805 4045 2940 4104 quas
2974 4039 3279 4086 terreantur
3308 4029 3480 4085 homi-

1896 4133 1992 4174 nes
2012 4159 2026 4184 ,
2077 4119 2208 4173 utin
2231 4119 2439 4176 Anania
2459 4130 2513 4176 et
2543 4120 2771 4192 Saphira
2789 4163 2804 4188 ,
2836 4124 2930 4194 qui
2957 4123 3115 4179 beato
3140 4124 3304 4178 Petro
3327 4138 3478 4178 men-

1898 4209 1979 4265 titi
2003 4220 2127 4266 sunt
2160 4211 2296 4283 (Act.
2323 4212 2406 4282 ν),
2439 4223 2494 4269 ει
2519 4213 2572 4268 in
2597 4214 2738 4269 aliis.
2770 4212 2838 4267 Et
2862 4215 3025 4270 etiam
3066 4213 3476 4285 magnitudinem

1897 4311 2040 4356 tuam
2073 4303 2362 4357 narrabunt
2384 4343 2401 4372 ,
2437 4303 2489 4358 id
2515 4311 2628 4369 est,
2663 4305 2959 4374 potentiam
2993 4313 3138 4358 tuam
3165 4317 3268 4372 qua
3314 4309 3366 4354 tu
3422 4301 3474 4354 in

1897 4395 2152 4468 prmscnti
2181 4406 2399 4452 sanctos
2433 4405 2550 4451 tuos
2609 4411 2894 4468 promoves
2923 4397 2976 4452 in
3020 4410 3236 4451 omnem
3279 4393 3480 4448 sancti~

1901 4485 2066 4540 tatem
2088 4527 2102 4552 ,
2135 4496 2190 4541 et
2211 4496 2491 4556 propterea
2517 4487 2827 4542 eructabunt
2848 4527 2861 4549 ,
2897 4485 3084 4549 idest,
3123 4483 3280 4556 plene
3311 4497 3480 4537 enun-

1900 4578 2139 4645 tiabunt,
2198 4581 2500 4634 memoriam
2558 4578 2898 4634 abundantia:
2933 4579 3205 4633 suavitatis
3248 4586 3384 4642 tutu,
3428 4576 3481 4630 id

1903 4679 1986 4726 est
2021 4712 2035 4736 ,
2085 4671 2447 4726 abundantem
2503 4671 2930 4725 miscricordiam
2973 4680 3117 4724 luant
3180 4683 3276 4742 per
3321 4684 3482 4738 quam

1901 4779 2110 4817 memor
2140 4761 2288 4818 fuisti
2350 4764 2451 4819 hoc
2486 4765 2706 4828 facere,
2755 4778 2984 4832 quorum
3037 4772 3161 4818 ante
3214 4760 3485 4816 videbaris

1900 4855 2053 4925 quasi
2084 4855 2280 4909 oblitus
2310 4853 2502 4918 fuisse,
2536 4855 2785 4909 videlicet
2805 4856 3174 4932 sanctitatem,
3198 4852 3481 4915 miracula,

1901 4945 2291 5016 promotioncm
2325 4954 2636 4998 sanctorum
2669 4954 2881 4999 tuorum
2912 4945 2963 4998 in
2986 4945 3215 4998 virtutes
3252 4951 3306 4997 et
3339 4943 3476 4995 bona

1901 5053 2083 5105 opera.
2118 5035 2179 5089 Et
2223 5036 2435 5105 justitia
2485 5047 2574 5090 tua
2634 5035 2997 5101 exsultabant,
3043 5036 3093 5090 id
3140 5044 3256 5100 est,
3310 5031 3483 5085 exsul-

1905 5136 2081 5181 ιιιιιιιιι⁵
2109 5125 2666 5196 prol‘creuljustitiam
2697 5137 2839 5180 luant
2861 5168 2874 5192 ,
2909 5126 3010 5179 hoc
3059 5133 3142 5178 est
3164 5165 3179 5188 ,
3225 5121 3482 5177 terribilia

1900 5234 2061 5290 Opera
2096 5227 2180 5272 tua
2209 5219 2378 5270 dicent
2406 5219 2686 5286 essejusta
2713 5260 2726 5282 ,
2775 5226 2829 5272 et
2856 5217 2952 5287 ipsi
2981 5217 3149 5270 dicent
3201 5215 3314 5267 hate
3345 5228 3480 5281 pne-

1900 5312 2040 5364 dieta
2098 5326 2258 5374 esse,
2327 5311 2703 5364 miserationes
2760 5307 3016 5372 Domini,
3097 5305 3483 5366 sanctitatem,

1901 5403 2191 5467 miracula,
2231 5403 2594 5471 promotioncs
2641 5412 2952 5457 sanctorum
3012 5400 3063 5452 in
3092 5398 3193 5451 hac
3236 5397 3363 5449 vita.
3422 5394 3487 5448 Et

1898 5495 2201 5563 rectmquia
2229 5493 2297 5546 ita
2325 5501 2407 5547 εει
2431 5495 2481 5547 in
2510 5509 2584 5547 re.
2615 5493 2707 5546 Est
2727 5491 2873 5544 enim
2900 5489 3153 5542 Dominus
3188 5487 3479 5547 miseratur,

1900 5585 1951 5637 id
1983 5595 2084 5649 est,
2113 5583 2316 5639 faciens
2341 5599 2529 5637 omnes
2555 5584 2653 5637 has
2676 5581 3049 5634 miserationes
3068 5621 3082 5645 ,
3111 5589 3163 5633 ει
3187 5588 3269 5632 εει
3291 5577 3488 5631 miscri-

1900 5689 2034 5736 cors,
2065 5682 2118 5726 ct
2140 5691 2243 5727 non
2278 5683 2567 5744 utcunque,
2592 5674 2684 5728 sed
2711 5672 2931 5726 ntultum
2961 5671 3279 5726 misericors.
3305 5671 3484 5725 Posita

1903 5766 2004 5820 hac
2035 5781 2166 5821 voce
2189 5782 2306 5835 quze
2336 5775 2418 5821 est
2450 5767 2726 5819 miserator
2756 5807 2769 5829 ,
2811 5765 3012 5820 dictum
3044 5774 3163 5821 erat
3219 5765 3341 5834 quia
3404 5769 3486 5814 est

1902 5858 2354 5913 misericors:st
2406 5859 2526 5914 ideo
2572 5859 2714 5916 hanc
2759 5876 2945 5916 vocem
2982 5860 3308 5934 supposuit,
3359 5856 3485 5930 quia

1905 5953 2071 6010 voluit
2130 5955 2366 6021 addere,
2418 5954 2641 6011 multum
2694 5955 2992 6013 misericors
3030 5964 3106 6014 est
3158 5962 3217 6010 ει
3257 5961 3480 6026 patiens.
