4038 6456
585 456 686 513 851

1186 444 1447 506 REMIGII
1498 434 2158 504 ANTISSlODORENSIS
2215 433 2383 520 opp.
2411 431 2590 491 psus
2626 431 2670 488 1.
2699 410 2771 474 Σ-
2797 426 3212 489 EXEGETICA.

3761 426 3890 482 833

583 577 861 633 Patienter
876 571 1024 628 enim
1044 583 1259 625 omnem
1279 572 1616 638 peccatorem
1643 566 1923 631 exspectat
1937 566 1994 612 et
2020 554 2169 611 illum
2196 555 2246 616 Α
2273 553 2402 626 quia
2430 550 2721 607 dominatio
2749 560 2843 605 tua
2876 551 2934 605 in
2965 551 3109 605 omni
3136 547 3468 621 generatione
3492 558 3540 604 et
3565 549 3890 621 generatio-

585 685 744 742 quem
772 668 919 723 videt
946 677 1221 733 nunquam
1265 673 1388 715 esse
1438 654 1894 717 convertendum,
1944 657 2007 742 et.
2048 646 2171 702 ideo

586 738 804 817 tandem
837 755 1054 828 gravius
1100 747 1430 822 puniendum
1464 763 1477 799 :
1513 759 1618 800 non
1670 752 1848 797 tamen
1897 753 1962 794 ea
1995 738 2172 792 inten-

584 853 733 906 tione
752 844 1081 918 perdendum
1105 846 1385 910 exspectat
1409 835 1571 891 utsic
1600 833 1812 888 tandem
1835 829 2016 885 acrius
2045 840 2169 882 eum

581 943 794 1013 puniat,
814 952 952 994 'cum
1000 934 1077 989 sit
1115 932 1239 1003 pius
1280 936 1336 984 et
1378 926 1720 990 misericors,
1758 921 1851 978 sed
1880 933 2090 1013 summa
2116 926 2173 973 et

583 1029 835 1090 ineffabili
862 1024 1146 1084 clementia
1177 1038 1274 1078 sua
1305 1020 1457 1075 illum
1487 1016 1757 1088 patienter
1789 1012 2040 1075 sustinet,
2069 1021 2172 1064 nec

582 1140 641 1181 se
664 1122 841 1193 ipsum
863 1130 1061 1188 negare
1094 1122 1272 1186 potest
1298 1110 1384 1184 (11
1414 1109 1549 1165 Tim.
1586 1108 1675 1179 ιι),
1702 1105 1811 1176 qui,
1845 1104 1987 1174 quod
2011 1116 2170 1159 suum

580 1224 703 1282 est,
752 1213 806 1269 in
857 1208 1114 1284 prtesenti
1163 1206 1418 1263 omnibus
1447 1201 1874 1259 misericorditer
1900 1197 2168 1252 exhibet:

581 1304 710 1361 licet
734 1310 991 1375 peccator
1018 1298 1164 1371 quod
1204 1310 1361 1352 suum
1407 1302 1491 1349 est
1532 1306 1702 1361 usque
1731 1290 1785 1344 in
1812 1288 1972 1343 linem
2005 1284 2174 1359 negli-

582 1406 773 1471 genter
789 1403 1065 1467 0peretur,
1090 1392 1232 1447 unde
1254 1389 1469 1445 tandem
1491 1385 1639 1456 justo
1658 1384 1751 1439 Dei
1770 1382 1973 1455 judicio
1991 1380 2173 1435 acrius

578 1489 757 1562 puniri
787 1493 1149 1558 promeretur.
1191 1481 1380 1537 Suavis
1420 1489 1507 1535 est
1529 1478 1809 1541 Dominus,
1844 1474 1897 1528 id
1925 1481 2031 1541 est,
2058 1472 2173 1528 disi

581 1584 708 1654 quia
733 1581 986 1637 Dominus
1008 1586 1093 1634 est
1115 1578 1411 1639 miserator,
1440 1581 1496 1628 et
1525 1572 1596 1627 ita
1621 1578 1724 1626 est.
1755 1569 1894 1623 Vere
1919 1567 2174 1622 Dominus

579 1684 666 1730 est
698 1674 894 1736 suavis,
926 1671 978 1726 id
1022 1679 1109 1726 est
1155 1668 1431 1723 miserator
1461 1665 1745 1729 universis,
1790 1661 1843 1717 id
1874 1670 1958 1717 est
1984 1658 2175 1729 hujus-

583 1765 727 1821 modi
773 1763 1080 1819 hominibus
1104 1801 1120 1827 ,
1166 1759 1354 1814 liberis
1391 1766 1448 1814 et
1485 1755 1659 1812 servis
1687 1794 1703 1820 ,
1748 1751 2080 1825 sapientibus
2119 1755 2178 1806 et

579 1848 777 1920 stultis,
800 1853 1018 1910 senibus
1042 1860 1097 1906 et
1117 1851 1322 1922 pueris,
1338 1857 1393 1905 et
1407 1847 1529 1904 aliis
1540 1847 1910 1918 cujuscunque
1923 1844 2173 1900 sintcon-

2273 660 2406 706 nem.
2441 644 2546 699 hoc
2577 651 2662 698 est
2689 657 2849 715 paena
2888 642 3045 697 malis
3087 641 3234 696 illata
3271 642 3378 698 erit
3406 650 3463 697 et
3486 642 3544 697 in
3571 642 3684 697 bac
3712 657 3891 713 getae-

2234 734 2513 801 'ralione,
2565 751 2687 807 quae
2740 736 2901 791 modo
2947 735 3055 791 dici
3105 745 3285 806 potest
3333 735 3511 793 omnis
3559 736 3887 792 modum

2270 829 2517 885 diversos
2544 836 2718 884 status
2756 829 3054 894 hominum,
3083 836 3140 884 et
3176 828 3233 884 in
3270 827 3361 883 illa
3384 828 3726 898 generatione
3750 841 3889 897 qua

2271 938 2379 978 una
2406 922 2534 989 erit,
2565 922 2818 978 videlicet
2850 922 2905 977 in
2934 921 3355 987 resurrectione,
3392 920 3498 977 hoc
3520 928 3627 986 est,
3660 927 3886 976 aeterna

2271 1014 2398 1068 erit.
2426 1011 2547 1069 Jam
2573 1014 2719 1070 enim
2750 1014 2941 1085 incipit
2977 1029 3008 1069 a
3039 1013 3217 1084 primo
3246 1013 3453 1084 iniquo,
3490 1022 3549 1068 et
3575 1026 3887 1083 permane-

2244 1104 2351 1188 bit
2379 1105 2432 1160 in
2463 1112 2762 1171 aeternum;
2818 1114 2874 1162 et
2900 1121 2970 1161 ne
2998 1105 3197 1176 aliquis
3222 1105 3671 1162 irrationabiliter
3700 1106 3883 1161 fretus

2272 1198 2645 1254 misericordia
2692 1199 2829 1266 Dei,
2874 1207 3091 1271 putaret
3136 1213 3354 1270 poenam
3407 1199 3553 1255 illam
3600 1214 3722 1255 non
3755 1214 3887 1256 esse

2271 1300 2586 1362 perpetuam
2613 1333 2631 1359 ,
2678 1293 2965 1349 conﬁrmat
3010 1294 3090 1350 sic
3144 1311 3159 1349 :
3212 1294 3353 1350 Vere
3410 1302 3714 1365 utrumque
3774 1295 3884 1350 erit

2252 1389 2537 1458 aeternum
2563 1422 2580 1449 ,
2628 1390 2685 1438 et
2735 1382 2905 1453 gloria
2946 1382 3253 1453 justorum,
3296 1392 3349 1439 et
3380 1399 3543 1455 poem
3573 1383 3881 1451 malorum,

2273 1473 2400 1544 quia
2428 1472 2601 1542 ﬁdelis
2630 1473 2888 1530 Dominus
2913 1516 2929 1542 ,
2975 1476 3028 1531 id
3059 1486 3142 1531 est
3186 1491 3353 1532 verax
3398 1485 3484 1532 est
3529 1477 3590 1531 in
3627 1478 3882 1532 omnibus

2273 1564 2459 1619 verbis.
2493 1564 2602 1619 Etsi
2620 1565 2734 1635 ipse
2759 1582 2927 1621 verax
2953 1576 3036 1622 est
3060 1568 3114 1623 in
3154 1569 3392 1623 omnibus
3413 1568 3715 1639 promissis
3738 1570 3882 1635 suis,

2250 1666 2405 1743 ’tunc
2447 1666 2502 1713 et
2540 1657 2594 1713 in
2622 1660 2984 1729 promissione
3011 1660 3194 1731 glorim
3239 1668 3295 1716 et
3340 1660 3394 1716 in
3439 1661 3884 1717 comminatione

2273 1765 2450 1820 paenae
2477 1759 2715 1808 aeternae.
2752 1751 2866 1808 Hoc
2891 1753 3034 1808 valet
3057 1761 3320 1823 quantum
3367 1752 3437 1806 ad
3473 1752 3583 1808 hoc
3632 1768 3710 1809 ne
3756 1755 3885 1824 quis

2274 1841 2566 1913 applaudat
2594 1843 2694 1899 sibi
2729 1843 2914 1899 dicens
2945 1844 3111 1899 Deum
3157 1843 3570 1900 misericordem
3626 1858 3791 1908 esse,
3828 1853 3885 1900 et

577 1914 801 2003 ditionis
839 1955 894 2001 et
930 1914 1238 2000 sexum-Vel
1264 1914 1341 1996 ita
1375 1955 1391 1996 :
1421 1940 1537 2011 ipse
1564 1914 1648 1995 est
1687 1938 1860 1993 suavis
1891 1936 2166 2001 universis,
2196 1914 2246 1975 Β
2272 1935 2353 1991 sic
2373 1937 2645 1992 neminem
2670 1936 2997 1994 attemaliter
3022 1937 3235 2008 punire.
3264 1937 3353 2003 Et,
3378 1951 3447 1992 ne
3476 1937 3689 1992 iterum
3721 1937 3883 1993 alicui

576 2040 630 2095 id
659 2049 741 2094 est
774 2037 999 2093 multum
1025 2036 1339 2092 miserator.
1368 2032 1437 2088 Et
1470 2032 1832 2087 miserationes
1864 2030 1978 2101 ejus
2014 2045 2170 2098 super

578 2134 753 2187 omnia
783 2114 938 2202 Opera
962 2130 1099 2201 ejus,
1127 2129 1182 2183 id
1204 2136 1308 2192 est,
1335 2133 1462 2183 sunt
1488 2140 1653 2193 super
1671 2121 1978 2192 huiusmodi
2001 2135 2168 2192 Opera

576 2225 714 2295 ejus,
746 2232 807 2278 ut
844 2232 926 2279 est
961 2222 1204 2285 castitas,
1255 2227 1312 2274 et
1354 2219 1610 2289 qmelibet
1660 2225 1871 2272 caeteras
1914 2215 2164 2271 virtutes.

578 2319 759 2375 Multis
784 2318 928 2374 enim
959 2317 1210 2373 castitate
1251 2322 1307 2371 et
1347 2313 1468 2369 aliis
1504 2312 1797 2367 virtutibus
1837 2310 1905 2365 ab
1933 2325 2000 2365 eo
2028 2309 2170 2366 datis

579 2428 751 2483 usque
777 2413 832 2467 in
864 2411 1027 2467 linem
1073 2409 1232 2480 digne
1277 2420 1628 2479 perseverare
1664 2402 1932 2467 concedit,
1966 2410 2024 2459 et
2048 2401 2170 2458 ideo

579 2504 781 2560 dictum
827 2511 910 2557 est
949 2516 1106 2571 super
1135 2493 1327 2571 opera,
1371 2512 1436 2553 ac
1474 2495 1521 2553 si
1556 2495 1762 2552 diceret
1793 2513 1806 2550 :
1839 2503 2037 2565 praeter
2066 2494 2170 2550 hoc

579 2595 722 2665 quod
748 2593 841 2649 dat
866 2592 1118 2658 virtutes,
1147 2590 1240 2645 dat
1271 2589 1435 2645 etiam
1468 2589 1522 2643 in
1551 2588 1632 2644 eis
1660 2601 2029 2659 perseverare.

650 2685 943 2760 Postquam
975 2689 1134 2744 modo
1164 2687 1294 2743 dicit
1327 2705 1341 2742 :
1378 2686 1643 2757 generatio
1681 2696 1729 2739 et
1757 2685 2022 2756 generatio
2052 2683 2172 2738 lau-

578 2782 723 2838 dabit
758 2782 1046 2836 Dominum
1075 2796 1144 2835 ex
1169 2777 1605 2835 consideratione
1645 2792 1869 2847 operum
1918 2775 2036 2847 ejus
2057 2814 2074 2841 ,
2115 2781 2171 2831 et

578 2872 905 2938 sanctitatis,
935 2878 991 2928 et
1033 2870 1446 2933 miraculorum,
1501 2876 1557 2924 et
1600 2869 1704 2925 hoc
1746 2882 1814 2924 ex
1875 2866 2171 2923 abundanti

581 2961 959 3019 misericordia
1007 2976 1133 3016 eum
1174 2959 1368 3016 fecisse
1429 2959 1726 3025 eructabit,
1756 2966 1812 3014 et
1854 2961 1960 3013 hoc
1993 2961 2170 3027 ipsum

579 3070 677 3111 sua
716 3054 1045 3109 auctoritate
1074 3053 1343 3118 asseruit;
1383 3055 1511 3122 quia
1541 3052 1655 3122 ipse
1692 3060 1777 3108 est
1816 3053 2095 3106 miserator
2121 3061 2171 3107 et

577 3146 873 3200 misericors
904 3143 1057 3209 dicit,
1094 3141 1301 3199 orando
1345 3142 1474 3199 illud
1525 3144 1669 3198 idem
1710 3142 1853 3212 quod
1883 3142 2019 3197 dixit
2046 3156 2173 3212 pro-

581 3239 896 3304 nuntiando,
926 3237 1001 3293 ita
1030 3251 1046 3291 :
1078 3236 1444 3307 Conﬁteantur
1491 3236 1584 3291 tibi
1609 3277 1623 3301 ,
1670 3236 1896 3292 Domine
1919 3276 1935 3301 ,
1993 3236 2169 3290 omnia

580 3346 735 3401 opera
761 3340 875 3396 tua,
906 3330 960 3385 id
999 3337 1084 3387 est
1105 3344 1226 3395 oro,
1255 3328 1500 3395 Domine,
1535 3337 1595 3383 ut
1629 3343 1788 3398 opera
1817 3337 1910 3381 tua
1934 3326 2168 3382 visibilia
2196 3296 2242 3359 ϐ

579 3422 689 3478 sint
720 3421 947 3477 materia
976 3421 1289 3477 hominibus
1337 3418 1626 3477 confitendi
1674 3417 1802 3483 tibi,
1851 3418 1902 3472 id
1939 3427 2023 3474 est
2050 3418 2170 3473 lau-

582 3513 743 3568 dandi
777 3522 851 3579 te,
883 3522 939 3568 et
965 3513 1075 3568 dixi
1093 3512 1236 3583 quod
1268 3512 1369 3583 ipsi
1394 3512 1674 3584 loquentur
1703 3519 1755 3565 te
1788 3510 2079 3581 gloriosum
2103 3525 2171 3566 ex

580 3602 1017 3659 consideratione
1068 3612 1382 3659 sanctorum
1431 3608 1671 3665 tuorum,
1710 3609 1766 3656 et
1807 3601 1887 3655 sic
1932 3603 2168 3657 eveniet.

582 3692 770 3765 Sancti
795 3694 872 3747 tui
908 3693 1213 3749 benedicant
1247 3693 1361 3759 tibi,
1390 3693 1443 3748 id
1462 3699 1565 3759 est,
1596 3691 1844 3748 homines
1874 3691 2094 3746 laudent
2120 3701 2171 3748 te

581 3797 648 3838 ex
679 3783 1112 3840 consideratione
1140 3782 1456 3840 sanctorum
1485 3792 1721 3838 tuorum.
1756 3780 1991 3838 Gloriam
2026 3784 2171 3855 regni

583 3874 659 3928 tui
687 3875 895 3941 dicent;
917 3877 984 3931 ab
1011 3875 1103 3931 illo
1133 3877 1251 3932 loco
1277 3876 1367 3931 ubi
1384 3877 1540 3943 dixit,
1569 3885 1617 3931 et
1633 3877 1851 3946 justitia
1878 3886 1969 3931 tua
1991 3878 2169 3931 exsul-

583 3965 784 4028 tabunt,
821 3968 1093 4038 usquead
1125 3968 1271 4023 hunc
1297 3983 1514 4023 versum
1565 3974 1649 4023 est
1673 3967 2046 4038 interpositio;
2080 3968 2173 4040 qui

586 4058 659 4113 ita
705 4059 1094 4114 continuatur:
1125 4060 1507 4126 Exsultabunt,
1552 4072 1614 4114 ut
1643 4060 1776 4126 dixi,
1810 4060 2027 4131 justitia
2055 4071 2169 4129 tua,

583 4161 637 4208 et
666 4161 860 4223 praeter
886 4153 990 4208 hoc
1015 4154 1187 4208 dicent
1212 4153 1432 4224 gloriam
1460 4153 1605 4224 regni
1630 4153 1736 4219 tui,
1768 4152 1822 4208 id
1845 4164 1949 4219 est,
1979 4156 2174 4225 praedi-

585 4246 782 4300 cabunt
810 4245 1196 4301 beatitudinem
1221 4245 1364 4300 illius
1384 4245 1566 4316 gloria:
1592 4259 1755 4315 quam
1779 4246 2016 4301 habituri
2045 4254 2174 4303 sunt

584 4336 660 4392 illi
689 4336 781 4409 qui
809 4345 970 4392 erunt
998 4354 1214 4409 regnum
1238 4347 1416 4403 tuum,
1455 4347 1505 4393 et
1529 4338 1693 4394 etiam
1718 4340 2004 4409 potentiam
2026 4349 2174 4395 tuam

585 4427 877 4499 loquentur,
920 4430 975 4485 id
1025 4438 1129 4497 est,
1180 4445 1355 4500 paenae
1405 4429 1549 4486 illius
1595 4429 2015 4487 immensitatem
2066 4446 2175 4502 qua

586 4522 736 4592 impii
766 4522 1090 4579 adicientur.
1128 4524 1196 4580 Et
1241 4524 1362 4581 ideo
1398 4524 1772 4596 praedicabunt
1800 4523 1948 4579 illam
1977 4532 2174 4595 poten-

587 4613 719 4668 tiam
750 4631 763 4667 :
797 4612 865 4668 Ut
901 4624 1076 4671 notam
1139 4616 1339 4687 faciant
1391 4617 1519 4687 ﬁliis
1565 4617 1835 4672 hominum
1888 4619 2173 4689 potentiam

586 4713 754 4769 tuam,
790 4704 843 4758 id
873 4715 989 4770 est,
1023 4713 1080 4761 ut
1103 4707 1415 4763 hominibus
1462 4707 1608 4763 illam
1657 4718 1835 4763 notam
1868 4709 2090 4778 faciant,
2121 4719 2177 4767 et

585 4796 665 4851 sic
690 4813 717 4850 a
747 4796 893 4853 vitiis
921 4806 1248 4854 terreantur.
1297 4801 1367 4855 Et
1400 4802 1522 4857 ideo
1551 4801 1922 4872 prmdicabuut
1948 4801 2175 4873 gloriam

586 4890 731 4959 regni
757 4889 852 4954 tui,
876 4900 937 4946 ut
965 4900 1142 4946 notam
1165 4892 1365 4962 faciant
1388 4893 1696 4951 hominibus
1717 4892 1940 4966 gloriam
1966 4898 2174 4967 magni-

586 4981 811 5049 ﬁcentia:
838 4984 981 5055 regni
1009 4985 1107 5052 tui,
1144 4984 1195 5040 id
1229 4993 1335 5052 est,
1358 4987 1713 5056 .magnilicam
1759 4987 1985 5060 gloriam
2010 5005 2177 5061 quam

590 5075 865 5134 habebunt
894 5079 970 5135 illi
1010 5079 1064 5135 in
1096 5080 1293 5151 quibus
1321 5083 1588 5153 regnabis,
1621 5090 1677 5137 et
1705 5083 1783 5138 sic
1809 5084 1874 5137 ad
1916 5096 2035 5137 eam
2079 5099 2174 5154 ap-

589 5172 874 5241 petendam
906 5172 1081 5244 magis
1106 5174 1503 5240 accendantur;
1547 5182 1602 5229 et
1626 5183 1915 5245 propterea
1945 5175 2129 5231 dicent
2157 5192 2170 5229 :

589 5257 824 5332 Regnum
863 5272 1012 5318 tuum
1051 5279 1267 5336 regnum
1312 5264 1546 5318 omnium
1594 5263 1944 5332 saeculorum,
1992 5265 2171 5331 idest,

591 5353 818 5425 gloriam
865 5364 1010 5412 tuam
1057 5358 1241 5413 dicent
1284 5371 1403 5413 esse
1435 5356 1661 5427 gloriam
1692 5357 1872 5413 datam
1904 5358 2175 5430 aliquibus

592 5450 660 5505 de
685 5449 937 5506 omnibus
961 5448 1173 5505 saeculis
1197 5456 1255 5504 et
1282 5448 1349 5503 de
1377 5448 1629 5505 omnibus
1652 5450 2115 5520 generationibus,
2140 5466 2172 5505 a

590 5543 766 5614 primo
790 5540 940 5611 justo
970 5556 1141 5613 usque
1174 5542 1241 5597 ad
1283 5540 1632 5597 novissimum
1657 5542 1884 5613 justum,
1916 5557 2062 5597 nunc
2090 5556 2176 5597 εε-

591 5634 827 5689 cundum
865 5633 1122 5699 animam,
1155 5640 1211 5687 et
1259 5633 1471 5689 tandem
1516 5633 1810 5689 secundum
1841 5641 2129 5703 utrumque
2158 5651 2171 5690 :

591 5723 698 5781 hoc
726 5732 833 5791 est,
880 5723 1251 5795 praedicabunt
1291 5724 1518 5795 gloriam
1559 5733 1706 5780 tuam
1747 5740 1867 5781 esse
1895 5733 2173 5781 aeternam.

590 5816 751 5872 Aliud
782 5825 867 5871 est
909 5817 1205 5886 prmdicare
1259 5818 1485 5887 gloriam
1534 5818 1871 5889 simpliciter,
1913 5818 2058 5873 aliud
2094 5826 2180 5875 est

595 5905 741 5962 illam
777 5906 1022 5991 gloriam
1046 5922 1171 5989 esse
1215 5916 1476 5963 attentam
1514 5921 1532 5963 :
1571 5917 1621 5963 et
1667 5909 1772 5966 hoc
1804 5910 2177 5983 praedicabunt

2269 2029 2519 2084 videatur
2545 2044 2653 2084 non
2679 2039 2829 2085 recte
2854 2044 3016 2101 agere
3035 2070 3051 2095 ,
3094 2030 3139 2086 si
3171 2045 3269 2101 pro
3300 2030 3590 2101 temporali
3619 2032 3884 2087 commis-

2269 2120 2423 2177 sione
2444 2122 2729 2195 ‘teternam‘
2759 2129 2999 2177 sumeret
3026 2119 3321 2176 vindictam
3353 2131 3408 2176 et
3456 2122 3533 2176 ita
3581 2122 3755 2177 vellet
3792 2137 3880 2178 re-

2269 2230 2487 2271 movere
2521 2231 2762 2288 poenam,
2792 2215 2923 2271 dicit
2950 2233 2966 2272 :
3003 2214 3071 2270 Et
3100 2226 3313 2271 sanctus
3341 2216 3397 2269 in
3427 2216 3682 2272 omnibus
3710 2218 3885 2287 operi-

2271 2306 2365 2362 bus
2393 2307 2522 2374 suis,
2553 2308 2605 2363 id
2632 2317 2717 2362 est
2740 2322 2846 2363 non
2872 2316 2957 2363 est
2996 2308 3067 2362 ita
3099 2318 3160 2363 ut
3181 2308 3276 2364 tibi
3305 2308 3549 2375 videtur,
3576 2310 3678 2365 sed
3702 2309 3883 2378 justus

2260 2389 2325 2479 [et
2354 2409 2534 2456 rectus
2580 2399 2724 2455 Deus
2751 2408 2865 2464 est,
2908 2414 3018 2455 non
3050 2398 3225 2457 solum
3258 2399 3311 2454 in
3337 2398 3629 2483 inferendo
3658 2415 3879 2470 ptenam

2270 2503 2554 2560 aeternam,
2583 2495 2678 2551 sed
2705 2495 2761 2550 in
2792 2495 3045 2551 omnibus
3069 2511 3403 2566 quaecunque
3430 2506 3721 2567 operatur.
3752 2495 3875 2552 Sola

2269 2587 2501 2642 remotio
2530 2594 2614 2643 est
2637 2626 2653 2654 ,
2702 2594 2758 2643 et
2793 2587 2922 2657 quia
2968 2587 3084 2657 ipse
3108 2596 3389 2651 estverax
3420 2589 3475 2643 in
3507 2590 3878 2658 promissione

2270 2662 2472 2749 gloriae,
2506 2678 2627 2733 ideo
2663 2677 2867 2733 Allevat
2904 2677 3188 2743 Dominus,
3223 2680 3277 2734 id
3307 2687 3413 2745 est,
3445 2681 3512 2735 ad
3537 2695 3601 2735 se
3628 2679 3801 2745 levat,
3828 2680 3875 2733 id

2268 2777 2374 2835 est,
2403 2768 2862 2839 gloriﬁcatomnes
2892 2770 2984 2842 qui
3010 2780 3286 2838 corruunt,
3315 2771 3370 2827 id
3396 2781 3505 2838 est,
3526 2773 3721 2828 omnis
3740 2774 3873 2827 modi

2270 2872 2610 2930 carmentes,
2639 2864 2848 2920 scilicet
2883 2864 2938 2920 in
2979 2874 3203 2936 peccata
3228 2906 3245 2932 ,
3270 2865 3519 2931 allevat,
3560 2866 3703 2921 dicit
3725 2866 3872 2935 juxta

2270 2963 2401 3019 illud
2431 2980 2446 3018 :
2479 2962 2648 3018 Nemo
2677 2963 2910 3018 ascendit
2950 2964 3009 3017 in
3047 2961 3253 3029 cretum,
3285 2962 3498 3019 scilicet
3524 2977 3629 3033 per
3658 2979 3747 3028 se,
3777 2964 3875 3017 nisi

2271 3053 2446 3110 Filius
2476 3055 2704 3110 hominis
2733 3053 2918 3125 (Joan.
2945 3060 3053 3125 Ill).
3087 3054 3156 3110 Et
3183 3062 3243 3109 ut
3267 3054 3389 3110 illos
3417 3055 3646 3122 allevet,
3684 3056 3743 3111 in
3769 3056 3873 3125 pri-

2272 3149 2376 3204 mis
2404 3149 2583 3219 erigit,
2631 3147 2727 3203 sed
2771 3147 3068 3204 secundum
3099 3148 3477 3204 remissionem
3514 3157 3872 3220 peccatorum

2272 3241 2326 3297 in
2354 3242 2458 3298 hac
2484 3241 2619 3308 vita,
2646 3257 2822 3297 omnes
2850 3242 3026 3306 elisos,
3054 3241 3108 3296 id
3134 3249 3238 3308 est,
3262 3242 3440 3297 omnis
3473 3241 3623 3297 modi
3659 3242 3874 3297 confra-

2272 3344 2413 3398 ctos,
2441 3334 2648 3390 scilicet
2671 3334 2726 3389 in
2757 3334 3018 3405 peccatis.
3042 3354 3043 3357 η
3071 3333 3139 3388 Ει
3168 3332 3455 3404 postquam
3486 3334 3663 3390 erecti
3697 3342 3827 3389 sunt
3856 3350 3873 3386 :

2270 3423 2509 3487 Domine,
2544 3423 2683 3480 oculi
2713 3425 2968 3485 omnium,
3000 3424 3206 3480 scilicet
3237 3424 3550 3488 interiores,
3578 3425 3635 3478 id
3662 3434 3775 3491 est,
3795 3439 3877 3480 ra-

2270 3518 2348 3573 tio
2373 3526 2427 3572 et
2453 3517 2683 3574 liberum
2713 3518 3022 3583 arbitrium,
3052 3511 3264 3589 sperant
3293 3519 3350 3573 in
3392 3527 3462 3584 te,
3495 3518 3551 3574 id
3578 3528 3695 3583 est,
3729 3534 3872 3589 spem

2271 3630 2423 3672 suam
2450 3614 2743 3686 ponunt'in
2772 3622 2847 3681 te,
2877 3623 3256 3687 exspectantes
3291 3628 3354 3671 ut
3395 3615 3491 3672 des
3530 3615 3641 3670 illis
3683 3633 3871 3679 eseam,

2271 3709 2325 3765 id
2365 3717 2451 3765 est
2496 3708 2800 3765 doctrinam
2844 3709 3204 3780 spiritualem.
3250 3708 3356 3780 Ipsi
3385 3708 3490 3764 hoc
3512 3719 3807 3781 expetunt,
3831 3720 3873 3763 et

2271 3809 2328 3855 tu
2356 3800 2455 3855 das
2484 3817 2656 3856 escam
2684 3800 2923 3866 illorum,
2955 3801 3009 3857 id
3042 3811 3145 3867 est,
3184 3800 3499 3872 illis‘aptam
3531 3812 3587 3857 et
3615 3818 3872 3860 necessa-

2272 3895 2407 3950 riam
2434 3895 2489 3949 in
2514 3903 2742 3965 tempore
2767 3903 3083 3964 opportuno,
3113 3895 3169 3950 id
3192 3903 3278 3951 est
3310 3895 3365 3950 in
3401 3895 3507 3952 hoc
3531 3898 3764 3961 saeculo,
3789 3897 3870 3951 ubi

2272 3999 2632 4063 opportunum
2670 3997 2755 4046 est
2797 3989 2982 4046 ﬁdeles
3028 3989 3384 4060 spiritualiter
3429 3990 3638 4046 doceri.
3713 3991 3780 4046 Et
3821 3992 3869 4044 in

2274 4084 2451 4139 dando
2470 4083 2577 4139 illis
2603 4099 2776 4139 escam
2802 4082 3161 4155 spiritualem,
3184 4083 3357 4154 aperis
3377 4092 3434 4136 tu
3455 4100 3681 4138 manum
3708 4095 3868 4149 tm,

2272 4177 2329 4232 id
2354 4184 2438 4233 est
2463 4177 2647 4246 largus
2673 4192 2753 4241 es,
2778 4185 2836 4231 et
2860 4184 2946 4230 est
2972 4176 3177 4232 dictum
3202 4192 3232 4231 a
3257 4175 3613 4232 similitudine
3643 4177 3870 4247 alicujus

2273 4283 2493 4325 manum
2525 4267 2819 4337 aperientis
2858 4267 2923 4321 ad
2962 4265 3299 4337 largiendum
3326 4306 3342 4332 ,
3394 4274 3444 4320 et
3485 4281 3586 4336 per
3613 4266 3726 4322 hoc
3755 4269 3866 4336 quia

2272 4360 2458 4432 largus
2500 4375 2582 4425 es,
2629 4358 2811 4430 imples
2856 4374 3007 4412 omne
3045 4357 3245 4412 animal
3272 4356 3648 4419 benedictione,
3686 4358 3743 4413 id
3771 4367 3864 4419 est,

2276 4452 2431 4523 large
2463 4450 2657 4522 imples
2691 4464 2908 4506 omnem
2941 4448 3202 4505 humilem
3233 4459 3288 4505 et
3330 4438 3681 4505 mansuetum
3719 4449 3867 4520 spiri-

2276 4541 2410 4597 tuali
2440 4540 2708 4596 doctrina.
2737 4539 2804 4593 Et
2828 4552 2932 4592 non
2960 4537 3136 4593 solum
3166 4535 3422 4591 Dominus
3445 4537 3601 4606 erigit
3639 4537 3785 4602 illos,
3817 4544 3867 4590 et

2279 4632 2373 4687 dat
2397 4630 2736 4686 abundanter
2764 4645 2939 4684 escam
2973 4627 3334 4699 spiritualem,
3365 4628 3459 4683 sed
3486 4628 3655 4682 etiam
3689 4630 3861 4684 volun-

2280 4731 2437 4777 tatem
2457 4721 2751 4776 timentium
2778 4737 2852 4784 se,
2884 4718 2938 4773 id
2964 4728 3068 4783 est,
3096 4718 3434 4790 diligentium
3479 4732 3542 4772 se
3578 4720 3781 4788 faciet,
3820 4728 3863 4773 et

2279 4813 2690 4884 deprecationem
2719 4826 2900 4865 eorum
2943 4810 3215 4872 exaudiet,
3259 4808 3311 4864 id
3340 4818 3425 4865 est
3448 4811 3860 4880 postulationem

2277 4918 2487 4967 eorum.
2521 4903 2663 4958 hanc
2689 4899 2918 4965 scilicet,
2957 4899 3129 4956 salvos
3158 4900 3314 4971 faciet
3341 4899 3483 4956 illos.
3530 4903 3689 4959 Hanc
3732 4904 3861 4959 salu-

2279 5000 2387 5049 tem
2418 4992 2569 5047 dabit
2596 4991 2723 5055 illis,
2754 4990 2961 5047 scilicet
2988 4991 3185 5046 bonam
3213 4990 3548 5048 voluntatem
3576 5003 3634 5050 et
3674 4996 3857 5051 bonam

2278 5082 2667 5152 operationem.
2699 5080 2833 5146 Hoc,
2863 5081 3105 5152 inquam,
3132 5080 3298 5137 faciet
3314 5082 3497 5153 justus
3530 5083 3791 5140 Dominus
3812 5086 3857 5138 in

2277 5175 2517 5229 omnibus
2545 5172 2648 5227 viis
2674 5173 2806 5237 suis,
2836 5180 2893 5227 et
2920 5185 3016 5244 per
3059 5172 3165 5228 hoc
3214 5179 3365 5242 patet
3413 5172 3562 5229 illum
3599 5174 3856 5231 facturum

2276 5264 2609 5319 voluntatem
2635 5277 2845 5331 eorum,
2874 5263 2999 5333 quia
3034 5272 3092 5317 et
3121 5262 3239 5334 ipse
3264 5264 3405 5319 hante
3430 5264 3594 5319 talem
3621 5268 3857 5322 volunta—

2277 5362 2385 5411 tem
2417 5354 2607 5410 haberi
2644 5354 2913 5425 praecipit,
2936 5362 2994 5409 et
3015 5353 3196 5424 justus
3220 5362 3305 5411 est
3338 5355 3392 5411 in
3431 5357 3517 5412 his
3544 5360 3855 5428 pmcipieoo

2277 5450 2382 5517 dis,
2411 5450 2463 5505 id
2490 5458 2596 5517 est,
2620 5449 2833 5521 juvabit
2855 5465 2951 5505 eos
2998 5449 3124 5520 quia
3157 5449 3273 5519 ipse
3310 5448 3402 5504 dat
3442 5448 3561 5505 haec
3590 5450 3851 5512 mandata,

2275 5551 2392 5599 tum
2422 5543 2550 5615 quia
2575 5543 2723 5614 justa
2749 5550 2894 5608 sunt,
2925 5551 3037 5598 tum
3084 5542 3209 5612 quia
3263 5541 3366 5613 ipsi
3414 5542 3605 5599 volunt
3634 5562 3649 5598 :
3681 5553 3737 5598 et
3770 5557 3855 5614 per

2280 5638 2385 5695 hoc
2411 5646 2590 5709 potest
2622 5637 2791 5692 videri
2838 5637 2964 5706 quia
3008 5635 3164 5706 faciet
3214 5634 3532 5691 voluntatem
3571 5652 3781 5701 eorum,
3804 5634 3850 5690 id

2277 5739 2382 5799 est,
2407 5733 2533 5802 quia
2565 5745 2669 5786 non
2697 5728 3081 5799 denegabiteis
3106 5743 3229 5799 quae
3255 5728 3467 5794 volunt,
3498 5730 3625 5800 quia
3653 5738 3850 5785 sanctus

2278 5830 2364 5878 est
2410 5822 2467 5876 in
2515 5822 2753 5877 omnibus
2797 5821 3038 5891 operibus
3083 5820 3214 5874 suis.
3250 5818 3393 5888 Ipse,
3433 5819 3679 5891 inquam,
3706 5821 3847 5890 feciet

2278 5912 2599 5969 voluntatem
2638 5912 2856 5971 illorum
2883 5953 2900 5981 ,
2950 5919 3010 5969 et
3043 5910 3479 5981 deprecationem
3507 5912 3775 5973 exaudiet.
3797 5915 3848 5964 et
