4038 6466
135 484 304 542 853
1323 496 1604 552 ENARRA
1614 495 1862 554 'I'lONES
1897 497 1965 554 IN
2002 497 2338 556 PSALMOS.
3347 511 3456 566 854

139 598 321 665 hoc,
365 615 470 654 non
503 599 594 655 diu
622 600 979 672 prolongabit,
1012 603 1104 659 sed
1138 621 1296 674 prope
1324 617 1395 660 est
1424 606 1700 672 Dominus,
1732 607 1783 662 id
1810 610 1863 670 Α
1888 607 1977 661 hic
2002 608 2211 675 positus
2238 608 2460 664 eﬁectus
2518 626 2615 680 pro
2667 628 2859 673 causa,
2910 614 3070 670 lauda
3100 632 3199 687 pro
3227 622 3458 681 conﬁde.

142 699 275 744 est
301 703 526 760 paratus
554 701 639 746 est
663 693 900 747 omnibus
927 695 1288 750 invocantibus
1327 713 1466 763 eum,
1498 698 1606 752 illis
1632 698 1778 752 scili-
1879 696 2216 754 Conﬁdentia
2245 702 2388 754 enim
2419 717 2581 758 causa
2613 714 2698 760 est
2723 715 2783 761 ut
2819 707 3014 778 aliquis
3043 708 3222 766 laudet
3249 727 3372 769 eum
3403 716 3456 773 in

143 789 278 835 cet
313 783 411 850 qui
458 797 581 836 eum
629 780 885 838 invocant
911 783 964 837 in
995 785 1225 850 veritate,
1256 786 1305 840 id
1337 795 1420 842 est
1446 801 1574 842 vera
1599 788 1776 842 iuten-
1877 800 1985 854 quo
2006 789 2250 844 conﬁdit.
2276 791 2395 844 Dixi
2418 793 2542 861 quia
2565 792 2818 863 laudabo,
2847 813 3016 866 quare
3039 808 3093 854 et
3117 815 3215 855 vos
3241 802 3462 860 laudate

147 873 362 940 tione,
393 875 600 930 scilicet
634 891 755 945 qua:
777 877 1080 948 expetenda
1108 886 1236 933 sunt
1264 889 1321 934 et
1346 879 1578 949 qualiter
1609 894 1775 950 expc-
1877 874 2186 932 Dominum.
2217 881 2285 935 Et
2323 891 2381 936 ut
2409 882 2559 936 illum
2599 885 2822 939 laudare
2844 887 3063 956 possitis
3085 929 3100 953 ,
3131 889 3291 944 nolite
3338 908 3465 947 con-

152 968 355 1050 lenda
385 977 512 1022 sunt
540 968 898 1039 postulantes.
929 970 997 1024 Et
1025 985 1132 1024 non
1158 970 1329 1026 solum
1359 970 1514 1040 faciet
1540 970 1779 1025 volunta-
1876 967 2044 1038 ﬁdere
2082 973 2139 1026 in
2195 972 2550 1041 principibus;
2585 973 2638 1028 id
2677 982 2778 1039 est,
2811 990 2920 1030 non
2964 977 3148 1046 ponite
3186 995 3340 1050 spem
3376 996 3466 1037 ve-

153 1040 291 1112 ιεὶη
333 1058 550 1113 illorum
597 1061 774 1116 dando
818 1060 899 1116 cis
940 1061 1168 1117 virtutes
1193 1070 1247 1117 et
1273 1062 1415 1118 bona
1443 1078 1641 1131 opera,
1681 1061 1779 1117 sed

156 1151 360 1205 etiam
398 1151 622 1206 custodit
664 1151 921 1206 Dominus
961 1168 1136 1207 omnes
1165 1152 1435 1222 diligentes
1473 1169 1550 1217 se,
1591 1153 1644 1206 id
1672 1161 1774 1218 est,

156 1243 324 1300 facit
363 1261 458 1302 eos
493 1260 842 1317 perseverare
874 1247 927 1301 in
961 1247 1092 1318 ipsis
1121 1247 1308 1312 donis,
1341 1247 1462 1303 illos
1489 1247 1774 1313 custodiet,

157 1346 238 1390 et
265 1353 449 1392 omnes
467 1346 762 1408 peccatores
783 1337 1062 1409 disperdat,
1088 1339 1140 1394 id
1162 1347 1268 1406 est,
1292 1348 1606 1409 peccatores
1633 1355 1778 1394 com-

161 1431 370 1486 ruodis
394 1430 695 1497 damnabit,
728 1432 816 1487 hic
845 1432 1140 1487 secundum
1170 1430 1430 1501 majorem
1459 1431 1779 1486 exeat-catio-

164 1537 337 1586 nem,
368 1523 422 1576 in
445 1523 626 1578 futuro
648 1524 944 1579 secundum
972 1533 1230 1580 :eternam
1256 1523 1535 1580 ultionem.
1564 1524 1632 1578 Et
1651 1523 1776 1593 quia

164 1615 304 1669 haec
331 1617 587 1685 praedicta
613 1617 751 1671 bona
783 1617 1044 1673 Dominus
1072 1617 1268 1687 faciet,
1313 1616 1435 1673 ideo
1464 1633 1572 1672 non
1604 1617 1776 1672 solum

167 1723 306 1772 cor,
336 1708 430 1762 sed
456 1708 618 1763 etiam
646 1725 702 1764 os
732 1726 924 1776 meum,
963 1710 1322 1766 laudationem
1356 1711 1570 1766 Domini
1603 1709 1780 1781 loque—

169 1807 274 1850 tur
307 1815 364 1852 os
391 1816 584 1866 meum,
614 1798 668 1852 id
693 1811 796 1868 est,
828 1816 889 1856 ea
913 1815 1032 1871 qua:
1070 1802 1138 1857 ad
1164 1803 1374 1857 laudem
1403 1801 1519 1871 ejus
1549 1804 1780 1857 attinent

173 1891 564 1956 annuntiabo,
612 1903 661 1946 et
696 1908 817 1950 meo
864 1893 1108 1964 exemplo
1153 1895 1418 1949 benedicat
1459 1897 1624 1950 omnis
1654 1911 1776 1950 caro

1879 1076 2050 1123 stram
2077 1068 2132 1120 in
2152 1066 2460 1121 hominibus
2481 1081 2546 1121 ea
2566 1067 3000 1124 consideratione
3020 1071 3147 1141 quia
3171 1083 3298 1126 sunt
3314 1074 3463 1143 prin-

1878 1159 2026 1229 cipes
2050 1168 2106 1214 et
2129 1165 2392 1228 potentes.
2424 1156 2494 1211 In
2519 1157 2646 1226 [iliis
2676 1159 2975 1226 hominum,
3027 1163 3183 1232 quasi
3212 1163 3419 1218 diceret
3447 1181 3460 1219 :

1877 1249 2032 1304 Licet
2068 1249 2178 1303 sint
2228 1247 2538 1318 principes,
2591 1263 2700 1304 non
2759 1258 2937 1306 tamen
2986 1253 3105 1308 aliis
3157 1254 3464 1311 hominibus

1880 1342 2178 1413 digniorem
2218 1333 2275 1397 εἰ
2326 1341 2690 1397 honestiorem
2720 1344 3050 1413 .geuituram
3097 1345 3181 1402 vel
3229 1347 3462 1401 natalem

1879 1434 2205 1489 habuerunt.
2243 1433 2306 1486 In
2325 1433 2509 1504 quibus
2539 1450 2642 1488 non
2669 1444 2744 1488 est
2769 1434 2933 1501 salus,
2961 1437 3014 1492 id
3036 1446 3138 1503 est,
3164 1439 3216 1492 in
3238 1455 3464 1508 quorum

1877 1531 2146 1596 potestate
2187 1537 2292 1578 non
2337 1532 2420 1577 est
2443 1523 2588 1579 salus
2645 1525 2990 1594 temporalis,
3038 1527 3090 1581 id
3131 1537 3251 1594 est,
3286 1543 3461 1597 neque

1880 1613 2045 1679 velle,
2099 1626 2274 1681 neque
2294 1626 2456 1682 posse
2499 1613 2700 1667 habent
2726 1623 2786 1667 ut
2811 1613 2964 1668 vobis
2993 1617 3205 1684 prosint
3255 1617 3308 1670 in
3363 1618 3463 1672 hoc
3532 1617 3538 1624 ’

1878 1704 2079 1760 mundo
2100 1704 2201 1758 nisi
2237 1705 2374 1758 Deus
2409 1705 2487 1758 eis
2525 1705 2750 1770 dederit,
2779 1715 2834 1760 et
2857 1707 2975 1762 ideo
3017 1707 3068 1761 in
3092 1707 3197 1762 illis
3248 1724 3468 1778 speran-

1880 1795 2004 1850 dum
2031 1809 2135 1849 non
2165 1803 2276 1859 est,
2332 1794 2425 1848 sed
2465 1804 2670 1849 tantum
2704 1796 2758 1850 in
2829 1797 3076 1852 Domino.
3135 1800 3201 1852 Et
3227 1815 3322 1870 per
3366 1794 3469 1855 hoc

1879 1895 2028 1956 patet
2049 1887 2175 1956 quia
2209 1886 2280 1939 illi
2308 1886 2440 1940 nihil
2467 1897 2689 1956 possunt
2712 1904 2777 1942 ex
2800 1904 2891 1955 se,
2920 1889 3045 1958 quia
3067 1892 3226 1943 exibit
3250 1892 3466 1960 spiritus

174 1998 389 2037 nomen
437 1992 679 2038 sanctum
730 1984 865 2054 ejus,
910 1985 961 2039 id
997 1993 1102 2050 est,
1131 1986 1308 2040 omnis
1357 1985 1500 2040 modi
1549 1985 1780 2042 carnalis

1887 1975 1994 2045 ejus
2021 2017 2036 2041 ,
2065 1977 2272 2031 scilicet
2302 1977 2564 2047 principis
2585 1978 2653 2033 ab
2675 1993 2739 2034 eo
2757 2021 2772 2046 ,
2801 1987 2854 2035 et
2884 1990 3163 2035 revertetur
3192 1983 3246 2035 in
3269 1993 3462 2037 terram

173 2072 372 2129 laudet
385 2090 527 2139 eum,
543 2076 748 2132 scilicet
760 2075 1134 2134 benedictione
1145 2078 1424 2144 duratura,
1441 2079 1494 2132 in
1507 2078 1776 2144 saxulum,

176 2165 238 2219 id
267 2175 354 2222 est
379 2181 478 2236 per
507 2177 678 2223 totum
713 2168 967 2225 saeculum
989 2210 1004 2236 ,
1047 2178 1096 2224 et
1126 2172 1180 2225 in
1216 2171 1468 2230 saeculum
1492 2172 1696 2238 sazculi,
1725 2171 1780 2227 id

178 2266 272 2314 est
300 2275 403 2331 per
427 2260 573 2318 aliud
599 2261 876 2319 saeculum.
936 2257 938 2260 ’

710 2354 1034 2413 PSALMUS
1072 2355 1275 2412 CXLV.

541 2461 804 2504 ALLBLUIA
838 2463 995 2504 AGGEI
1029 2466 1100 2505 ET
1140 2465 1434 2506 ΖΔΟΗΔΒΙΕ.

264 2555 281 2588 ι
318 2535 534 2603 Lauda,
567 2540 746 2595 anima
771 2556 912 2612 mea
934 2583 948 2608 ,
988 2543 1307 2610 Dominum,
1341 2543 1572 2600 laudabo
1599 2544 1780 2601 Domi-

187 2645 207 2677 ι
242 2644 377 2682 num
407 2629 459 2683 in
486 2630 594 2684 vita
624 2646 760 2696 mea,
789 2631 1016 2702 psallam
1042 2633 1152 2689 Deo
1181 2649 1304 2690 meo
1329 2635 1568 2705 quandiu
1600 2634 1776 2690 fuero.

188 2735 208 2768 ι
241 2717 422 2774 Nolite
471 2722 740 2780 conﬁdere
766 2724 817 2778 in
851 2726 1202 2796 principibus,
1241 2726 1294 2780 in
1327 2726 1453 2782 ﬁliis
1480 2727 1778 2794 hominum,

189 2828 210 2861 I
245 2813 300 2866 in
332 2813 527 2882 quibus
561 2832 667 2872 non
695 2826 782 2873 est
821 2818 986 2874 salus.
1038 2820 1220 2875 Exibit
1264 2820 1486 2890 spiritus
1529 2821 1648 2892 ejus
1673 2861 1688 2886 ,
1727 2829 1783 2876 ει

187 2921 209 2953 ι
248 2913 556 2960 revertetur
596 2908 648 2962 in
695 2917 896 2964 terram
946 2926 1098 2966 suam
1147 2927 1162 2965 :
1199 2911 1253 2966 in
1283 2911 1373 2966 illa
1405 2913 1491 2968 die
1532 2911 1782 2982 peribunt

189 3014 210 3045 ι
244 3011 437 3051 onines
488 2998 841 3069 cogitationes
896 3017 1108 3057 eorum.
1177 3003 1373 3058 Beatus
1436 3004 1588 3072 cujus
1639 3004 1782 3061 Deus

192 3104 211 3136 ι
243 3085 416 3141 Jacoh
444 3089 655 3160 adjutor
675 3091 811 3162 ejus,
840 3109 964 3164 spes
989 3093 1105 3163 ejus
1133 3095 1185 3149 in
1219 3096 1446 3151 Domino
1478 3098 1586 3152 Deo
1616 3096 1782 3166 ipsius

191 3195 218 3226 ι·
241 3179 334 3244 qui
369 3177 497 3233 fecit
525 3181 718 3236 caelum
746 3192 799 3237 et
831 3193 1066 3250 terram,
1107 3202 1255 3242 mare
1285 3196 1339 3241 et
1369 3188 1549 3242 omnia
1577 3204 1699 3258 quae
1728 3189 1780 3241 in

191 3286 210 3316 ε
245 3267 328 3321 eis
357 3278 498 3323 sunt.
537 3270 637 3337 Qui
663 3275 900 3328 custodit
930 3275 1210 3332 veritatem
1243 3277 1296 3331 in
1341 3279 1620 3342 saiculum,
1649 3277 1782 3332 facit

1883 2083 2034 2120 suam
2055 2108 2068 2133 ,
2097 2066 2149 2120 id
2176 2076 2279 2134 est,
2310 2083 2418 2121 non
2446 2069 2619 2122 solum
2644 2071 2903 2125 morietur
2927 2111 2942 2136 ,
2983 2072 3076 2127 sed
3102 2072 3266 2126 etiam
3313 2073 3458 2128 redi-

1882 2169 2036 2231 getur
2061 2161 2356 2216 secundum
2405 2177 2599 2231 corpus
2634 2163 2689 2217 in
2723 2164 2999 2232 pulverem
3029 2205 3044 2231 ,
3085 2165 3227 2220 unde
3259 2165 3460 2220 factum

1880 2263 1996 2321 est,
2024 2264 2080 2310 et
2107 2241 2233 2312 tunc
2263 2256 2317 2310 in
2344 2256 2458 2326 ipso
2480 2259 2625 2312 exitu
2657 2260 2899 2328 peribunt
2919 2277 3095 2314 omnes
3131 2261 3467 2332 cogitationes

1879 2363 2061 2403 eorum
2093 2389 2108 2414 ,
2151 2348 2205 2403 id
2251 2358 2333 2404 est
2357 2390 2372 2416 ,
2411 2365 2518 2406 non
2542 2351 2713 2406 solum
2739 2353 2989 2407 amittent
3028 2353 3164 2408 velle
3209 2360 3265 2408 et
3312 2369 3470 2424 posse

1882 2441 2047 2496 alicui
2077 2443 2268 2499 obesse
2290 2452 2343 2498 et
2365 2444 2625 2514 prodesse
2651 2485 2666 2510 ,
2696 2445 2790 2500 sed
2815 2461 2914 2501 nec
2945 2447 3110 2501 etiam
3144 2447 3270 2502 inde
3319 2446 3462 2501 ulte—

1882 2535 1996 2590 rius
2019 2537 2333 2606 cogitabunt
2359 2577 2373 2602 ,
2401 2552 2568 2606 quare
2596 2538 2779 2592 miseri
2801 2546 2929 2592 sunt
2952 2539 3044 2608 qui
3102 2537 3157 2592 in
3187 2538 3266 2593 eis
3303 2538 3472 2593 conﬁ-

1882 2627 2015 2681 dunt
2043 2646 2056 2681 :
2091 2627 2178 2680 ille
2211 2643 2339 2683 vero
2362 2628 2540 2682 beatus
2562 2636 2644 2684 est
2671 2628 2825 2698 cujus
2853 2629 3110 2684 Dominus
3137 2628 3278 2685 Deus
3301 2629 3467 2685 Iacob

1882 2715 2101 2784 adjutor
2124 2716 2238 2785 ejus
2269 2756 2285 2781 ,
2333 2716 2385 2770 id
2409 2725 2494 2772 est
2522 2757 2537 2784 ,
2570 2717 2662 2787 qui
2689 2733 2812 2772 eum
2839 2758 2854 2783 ,
2885 2734 3046 2787 quem
3098 2719 3263 2773 habet
3308 2719 3468 2774 Crea-

1883 2820 2087 2875 torem,
2115 2808 2278 2864 habet
2313 2818 2367 2864 et
2421 2811 2721 2877 adjutorem
2743 2851 2761 2870 .
2792 2818 2848 2866 et
2877 2827 2984 2866 non
3042 2811 3208 2865 alium
3241 2811 3410 2866 Deum
3444 2853 3460 2878 ,

1884 2901 1978 2956 sed
2001 2901 2150 2956 illum
2211 2903 2407 2971 quiest
2459 2901 2601 2957 Deus
2630 2904 2908 2970 Jacob,id
2938 2913 3066 2970 est,
3119 2904 3462 2960 luctantium.

1885 2992 1998 3047 lloc
2046 2993 2307 3059 dicendo,
2340 2993 2595 3049 admonet
2631 2995 2784 3064 quia
2836 2995 2947 3051 Deo
2988 2994 3229 3065 adjuvari
3284 2997 3474 3053 volunt

1884 3094 2138 3153 oportere
2183 3084 2376 3140 luctari
2407 3101 2529 3140 cum
2569 3086 2749 3153 vitiis,
2782 3103 2887 3142 non
2916 3089 3027 3144 otio
3050 3105 3170 3145 sese
3197 3090 3328 3146 dare
3376 3099 3471 3146 aut

1886 3175 2181 3246 voluptati.
2238 3175 2309 3229 Et
2338 3176 2459 3231 inde
2487 3185 2700 3232 constat
2743 3177 2869 3246 quia
2905 3177 3048 3234 Deus
3099 3180 3324 3250 adjutor
3363 3180 3468 3236 erit

1883 3268 1995 3337 ejus
2023 3309 2038 3334 ,
2079 3269 2331 3340 quoniam
2353 3287 2466 3339 spes
2487 3269 2600 3339 ejus
2642 3271 2698 3324 in
2733 3268 2960 3324 Domino
3004 3271 3114 3327 Deo
3171 3273 3367 3342 ipsius,
3417 3273 3471 3328 id

193 3356 498 3424 «judicium
522 3360 774 3431 injuriam
798 3365 1147 3432 patientibus,
1175 3367 1268 3422 dat
1291 3383 1470 3424 escam
1494 3368 1781 3423 esurienti-
1809 3367 1852 3428 C
1884 3367 1986 3422 εει,
2029 3359 2155 3428 quia
2193 3370 2377 3430 Sperat
2414 3361 2466 3415 ill
2493 3376 2618 3416 eum
2662 3371 2718 3416 θι
2770 3375 2875 3416 ῐιοιι
2920 3361 2972 3415 in
3017 3362 3199 3418 alium-
3247 3365 3311 3418 Ει
3362 3381 3468 3419 non

194 3465 215 3498 ι
245 3451 369 3504 bus.
402 3452 655 3507 Dominus
683 3454 843 3510 solvit
879 3460 1248 3528 compeditos,
1282 3461 1543 3514 Dominus
1575 3461 1778 3515 illumi-

193 3559 216 3592 ε
249 3551 342 3596 nat
367 3559 558 3600 cincos.
610 3547 871 3605 Dominus
900 3552 1060 3621 erigit
1097 3553 1282 3618 elisos,
1321 3554 1581 3608 Dominus
1610 3553 1784 3624 diligit

196 3652 216 3685 ι
241 3635 440 3704 justos.
487 3636 744 3694 Dominus
777 3644 1011 3697 custodit
1041 3644 1294 3708 advenas,
1327 3645 1588 3715 pupillum
1621 3653 1673 3698 et
1701 3645 1787 3698 vi-

196 3747 216 3778 s
247 3727 412 3781 duam
465 3731 761 3800 suscipiet,
814 3742 870 3788 et
915 3736 1032 3789 vias
1089 3745 1433 3805 peccatorum
1485 3735 1779 3804 disperdct.

197 3836 217 3869 ι
245 3819 517 3890 Regnabit
555 3821 814 3880 Dominus
846 3827 899 3880 in
928 3828 1144 3894 sa-cula,
1179 3828 1321 3884 Deus
1357 3837 1497 3894 tuus,
1532 3827 1684 3895 Sion,
1728 3827 1781 3882 in

197 3931 218 3966 ι
245 3916 597 3986 generatione
623 3929 679 3974 et
709 3921 1136 3992 generationem.
1170 3942 1189 3976 ι

763 4010 1215 4069 ENARRATIO.

264 4095 324 4151 in
373 4097 474 4154 hoc
516 4101 723 4172 psalmo
765 4103 1059 4160 admonent
1099 4104 1284 4161 ﬁdeles
1329 4106 1554 4176 perfecti
1607 4106 1784 4161 minus

192 4189 465 4260 perfectos
513 4202 571 4247 ut
617 4211 722 4250 non
762 4195 1038 4250 conﬁdant
1085 4197 1138 4250 in
1189 4199 1496 4253 carnalibus
1527 4197 1780 4260 dominis,

194 4291 460 4351 ponentes
505 4283 559 4338 in
590 4285 668 4340 eis
698 4300 846 4356 spem
891 4287 1202 4357 temporalis
1231 4289 1662 4354 sustentationis,
1693 4288 1784 4357 qui

197 4389 300 4428 nec
324 4373 461 4429 velle
482 4390 583 4430 nec
602 4391 759 4447 posse
782 4375 980 4432 habent
1008 4379 1109 4432 nisi
1137 4379 1308 4448 gratia
1335 4379 1534 4432 divinae
1556 4379 1788 4447 permis-

1884 3449 2085 3504 frustra
2150 3463 2374 3522 sperat,
2420 3453 2549 3522 quia
2596 3452 2667 3507 ita
2714 3462 2906 3522 potens
2954 3462 3041 3509 est
3102 3455 3247 3525 quod
3289 3473 3309 3506 ι
3343 3456 3472 3511 fecit

1885 3543 2081 3597 cadum
2110 3555 2164 3598 et
2191 3554 2420 3610 terram,
2454 3561 2602 3600 mare
2631 3554 2684 3600 et
2709 3546 2890 3600 omnia
2921 3561 3039 3614 quae
3061 3546 3115 3599 in
3149 3547 3229 3601 eis
3259 3557 3386 3602 sunt
3421 3567 3469 3601 ι.

1885 3633 1951 3686 Et
1973 3635 2097 3703 quia
2139 3637 2320 3691 omnia
2355 3637 2560 3692 creavit
2611 3652 2678 3692 ex
2737 3636 2936 3704 nihilo,
2995 3638 3352 3694 conﬁdentem
3412 3641 3466 3694 in

1885 3726 2006 3796 ipso
2040 3725 2199 3781 facile
2225 3736 2403 3798 potest
2457 3727 2734 3798 adjuvare.
2769 3728 2834 3784 Et
2887 3744 2991 3784 non
3038 3729 3213 3784 solum
3272 3740 3466 3802 potens

1885 3826 1967 3874 est
1993 3859 2008 3884 ,
2040 3820 2132 3874 sed
2155 3821 2316 3875 etiam
2351 3835 2534 3875 verax.
2558 3821 2672 3876 Hoc
2698 3823 2942 3893 estquod
2974 3823 3138 3878 dicit:
3171 3825 3262 3894 qui
3289 3836 3465 3880 custo-

1888 3910 1964 3964 dit
1994 3912 2262 3965 veritatem
2291 3914 2346 3966 in
2370 3914 2625 3968 saeculum
2653 3953 2670 3981 ,
2727 3914 2780 3970 id
2803 3923 2888 3970 est
2914 3955 2930 3982 ,
2960 3916 3154 3971 similis
3184 3926 3270 3972 est
3312 3917 3474 3972 alicui

1889 4003 2157 4060 obtinenti
2187 4005 2334 4059 illam
2360 4006 2471 4060 vim
2499 4007 2665 4060 animi
2718 4009 2862 4078 quod
2906 4008 3035 4063 illud
3087 4009 3273 4079 implet
3327 4010 3472 4079 quod

1888 4099 2187 4170 promittit,
2215 4101 2390 4155 ethoc
2416 4115 2522 4155 non
2549 4100 2616 4154 ad
2647 4102 2836 4158 horam
2862 4143 2878 4169 ,
2924 4105 3016 4159 sed
3043 4095 3142 4179 per
3172 4115 3342 4161 totum
3371 4107 3474 4162 hoc

1888 4189 2138 4244 saeculum
2165 4231 2180 4256 ,
2215 4199 2270 4246 et
2297 4191 2419 4247 ideo
2449 4207 2555 4246 non
2592 4191 2789 4248 frustra
2816 4206 3000 4264 sperat
3026 4196 3082 4250 in
3124 4210 3248 4251 eum
3275 4235 3292 4263 ,
3343 4196 3472 4266 quia

1889 4283 2003 4352 ipse
2032 4292 2138 4336 tam
2165 4294 2358 4354 potens
2383 4293 2468 4340 est
2520 4286 2663 4354 quod
2704 4288 3022 4356 patientibus
3069 4288 3354 4357 injuriam,
3417 4288 3473 4342 id

1887 4381 2000 4437 est,
2033 4373 2412 4430 tribulationes
2468 4375 2677 4430 scilicet
2717 4390 2816 4445 pro
2869 4376 3086 4432 nomine
3133 4378 3284 4447 ejus,
3341 4376 3472 4446 facit

198 4466 404 4533 sienis,
444 4484 563 4538 qua:
590 4468 913 4524 conﬁdentia
949 4470 1131 4524 multis
1157 4470 1255 4523 fuit
1287 4485 1452 4524 causa
1485 4471 1782 4536 homicidii,
1879 4464 2176 4534 judicium,
2207 4468 2414 4522 scilicet
2462 4467 2583 4522 illos
2614 4467 2703 4522 hic
2731 4468 2903 4539 magis
2949 4482 3014 4523 ac
3081 4468 3252 4539 magis
3297 4477 3476 4524 custo-

197 4569 254 4614 et
279 4569 474 4614 caetera
506 4559 735 4615 nefanda
764 4562 978 4632 operari
1010 4579 1023 4615 :
1057 4561 1149 4616 sed
1181 4561 1348 4615 Deum
1377 4561 1618 4622 laudent,
1649 4571 1702 4616 et
1733 4561 1785 4615 in

202 4666 325 4707 eum
360 4660 566 4706 tantum
594 4661 813 4722 sperent
841 4669 873 4708 a
907 4668 1014 4723 quo
1044 4652 1220 4708 omnis
1247 4654 1391 4707 salus
1422 4653 1684 4723 procedit.
1722 4652 1789 4707 Ut

1891 4557 2118 4622 diendo,
2148 4566 2203 4613 et
2229 4559 2442 4612 tandem
2469 4558 2846 4630 gloriﬁcando,
2879 4571 2934 4614 et
2961 4559 3133 4616 malos
3153 4562 3460 4632 puniendo;

1893 4659 1947 4703 et
1968 4651 2133 4704 etiam
2160 4650 2250 4704 dat
2276 4667 2446 4705 escam
2473 4652 2817 4706 esurientibus
2841 4691 2857 4718 ,
2891 4651 2945 4707 id
2973 4661 3092 4720 est,
3122 4655 3470 4725 sperantibus

202 4728 1951 4817 autemadmonitioeorumcommendabiliorhabeatur,pri-Diu
1980 4746 2125 4816 ipso,
2175 4744 2541 4801 necessarium
2588 4745 2788 4800 vietum
2847 4755 3109 4817 quantum
3155 4748 3224 4803 ad
3282 4763 3477 4819 corpus

204 4853 352 4895 mum
374 4839 665 4893 ostendunt
684 4853 742 4894 se
765 4839 816 4893 in
837 4851 902 4893 eo
921 4853 1040 4894 esse
1067 4840 1134 4894 ad
1163 4838 1306 4908 quod
1334 4837 1467 4890 alios
1479 4835 1786 4890 hortantur.

274 4931 487 4997 Lauda,
513 4933 691 4986 anima
714 4948 850 4997 mea,
903 4932 1205 4986 Dominum.
1259 4929 1398 4986 Sunt
1455 4931 1570 4983 hmc
1622 4926 1788 4982 verba

206 5019 493 5090 cujuslibet
549 5021 775 5092 perfecti
825 5021 1000 5077 ﬁdelis
1027 5023 1272 5092 seipsum
1336 5020 1678 5076 exhortantis
1735 5027 1791 5072 ει

207 5113 310 5166 sibi
349 5112 725 5182 respondentis
753 5121 974 5184 prepter
999 5114 1242 5170 diversas
1268 5123 1493 5168 naturas
1524 5153 1538 5179 ,
1581 5112 1790 5167 scilicet

209 5203 685 5258 rationabilitatem
740 5213 794 5259 et
821 5206 1274 5273 _sensualitatem,
1305 5207 1409 5262 hoc
1440 5206 1643 5262 modo:
1682 5205 1788 5276 Tu,

211 5297 386 5351 anima
415 5313 549 5363 mea,
573 5312 692 5365 qua:
718 5297 968 5353 sensibus
992 5298 1098 5353 tuis
1124 5300 1262 5352 male
1285 5300 1484 5354 utendo
1506 5315 1536 5354 a
1563 5298 1792 5353 Domino

211 5391 529 5458 discessisti,
546 5391 709 5446 lauda
730 5391 1035 5457 Dominum,
1052 5391 1258 5448 scilicet
1287 5391 1421 5446 bene
1437 5393 1632 5446 utendo
1653 5393 1788 5455 visu,

213 5483 395 5538 auditu
418 5492 473 5538 et
493 5483 703 5540 caeteris
719 5485 966 5540 sensibus
1014 5484 1136 5549 tuis,
1160 5492 1215 5538 et
1238 5482 1316 5538 sic
1338 5484 1460 5538 erit.
1503 5482 1642 5538 Vere
1676 5483 1801 5536 lau-'

213 5574 346 5628 dabo
377 5574 656 5628 Dominum
679 5575 733 5629 in
755 5575 1022 5641 vitamea,
1053 5575 1105 5629 id
1129 5583 1229 5639 est,
1265 5574 1316 5626 in
1344 5573 1593 5627 omnibus
1622 5572 1794 5626 sensi-

213 5669 315 5724 bus
345 5668 500 5734 meis,
522 5669 624 5724 hoc
647 5677 728 5723 cst
754 5709 770 5734 ,
800 5669 856 5723 in
880 5677 1023 5724 recta
1051 5667 1511 5741 administratione
1540 5679 1792 5718 sensuum

214 5773 480 5815 meorum.
503 5759 570 5813 Et
597 5760 700 5815 hoc
722 5776 828 5815 non
859 5760 925 5814 ad
953 5761 1142 5814 horam
1167 5757 1410 5820 scilicet,
1446 5756 1539 5812 scd
1569 5754 1795 5825 psallam

220 5849 327 5904 Deo
351 5866 464 5904 meo
487 5889 501 5915 ,
541 5851 592 5906 id
615 5860 719 5918 est,
747 5850 973 5906 laudabo
1003 5851 1172 5906 Deum
1216 5863 1392 5904 mcum
1418 5889 1432 5915 ,
1463 5848 1670 5904 scilicet
1698 5847 1799 5902 hoc

221 5942 409 6010 modo,
436 5944 672 6014 quandiu
708 5943 879 6015 fuero,
911 5943 1118 6002 scilicet
1150 5943 1204 5998 in
1242 5945 1344 5999 hoc
1367 5940 1562 5998 sceculo
1587 5981 1601 6009 ,
1634 5949 1690 5996 ct
1715 5947 1802 5998 cst

1897 4836 2342 4891 sustentationem
2369 4835 2628 4906 suggerit.
2662 4835 2728 4890 Et
2759 4846 3020 4906 praeterea
3045 4838 3304 4894 Dominus
3325 4839 3474 4895 solvit

1897 4925 2209 4994 compeditos
2230 4967 2244 4989 ,
2280 4913 2499 4981 scilicet
2523 4943 2685 4996 prava
2710 4931 3096 4986 consuetudine
3118 4933 3324 5003 peccati
3351 4973 3367 4998 ,
3418 4941 3477 4987 ut

1896 5015 2064 5070 libere
2098 5016 2144 5072 ei
2183 5016 2399 5072 valeant
2428 5018 2695 5074 famulari.
2732 5020 2798 5075 Et
2831 5023 3140 5079 non.solum
3172 5025 3274 5080 hoc
3302 5023 3432 5080 facit
3459 5065 3474 5090 ,

1896 5112 1988 5166 sed
2012 5110 2172 5166 etiam
2203 5110 2468 5164 illuminat
2491 5129 2682 5176 crocos,
2722 5115 2932 5169 scilicet
2957 5098 3254 5171 secundum
3289 5133 3466 5171 mora-

1899 5200 2002 5255 lem
2034 5200 2315 5256 scientiam
2344 5201 2487 5271 quod
2514 5217 2738 5260 necesse
2761 5216 2844 5261 est
2871 5206 3126 5262 omnibus
3155 5205 3432 5262 salvandis
3455 5245 3473 5274 ,

1899 5289 2111 5360 aliquos
2139 5307 2299 5358 vero,
2335 5292 2590 5349 videlicet
2609 5293 2988 5364 perfectiores,
3019 5295 3316 5351 secundum
3362 5296 3476 5365 spi-

1899 5387 2147 5442 ritualem
2179 5387 2589 5459 intelligentiam
2623 5406 2638 5443 :
2670 5396 2726 5444 et
2765 5388 2984 5458 insuper
3027 5387 3214 5458 erigit,
3267 5388 3476 5444 scilicet

1900 5481 2194 5534 secundum
2240 5471 2612 5537 remissionem
2663 5489 3007 5549 peccatorum
3042 5478 3196 5533 elisos
3223 5519 3238 5545 ,
3267 5479 3320 5535 id
3344 5489 3430 5534 est
3457 5520 3475 5546 ,

1900 5568 2104 5624 fractos
2137 5571 2187 5623 in
2214 5573 2452 5640 peccatis
2483 5589 2496 5624 :
2541 5582 2596 5625 et
2623 5579 2806 5639 postea
2860 5570 2978 5625 illos
3009 5571 3184 5640 justas
3206 5611 3221 5637 ,
3268 5572 3479 5627 scilicet

1901 5666 2076 5721 factos
2103 5667 2305 5738 dirigit,
2331 5666 2382 5720 id
2422 5675 2528 5732 est,
2553 5675 2832 5736 promovet
2861 5665 2928 5720 ad
2957 5666 3177 5732 altiora,
3204 5675 3261 5722 et
3284 5667 3478 5723 deinde

1903 5757 2128 5811 custodit
2151 5757 2377 5812 advenas
2403 5797 2419 5823 ,
2451 5757 2504 5811 id
2535 5765 2640 5822 est,
2673 5756 2800 5811 facit
2844 5774 3194 5827 perseverare
3246 5760 3298 5813 in
3338 5759 3480 5814 bono

1904 5849 1996 5905 illo
2025 5852 2112 5922 qui
2136 5851 2219 5905 hic
2256 5866 2315 5906 se
2345 5858 2680 5922 cognoscunt
2727 5843 2854 5906 esse
2879 5853 3114 5910 advenas
3142 5862 3196 5909 ει
3241 5853 3481 5924 peregri-

1906 5960 2039 6013 nos,
2067 5941 2427 6016 e'tpupillum,
2469 5942 2522 6000 id
2546 5940 2812 6012 est,illos
2837 5943 2985 6016 quia
3037 5959 3099 6002 sc
3151 5959 3280 6001 vero
3328 5950 3485 6015 patre

2259 6127 2332 6139 η’,
