4038 6454
510 406 616 466 855

1137 393 1397 456 REMlGll
1433 386 2091 481 ANTISSIODORENSIS
2129 386 2281 444 OPP.
2321 383 2525 442 PARS.
2559 382 2604 439 Ι.
2642 377 3151 439 —EXEGETICA.

3667 376 3799 435 836

507 536 607 595 per
631 514 938 575 criminalia
995 514 1364 572 discesserunt
1390 521 1611 584 propter
1656 506 1968 565 avaritiam.
2020 501 2089 559 Et
2118 505 2171 568 Α
2194 503 2321 576 quia
2344 502 2584 575 psalmus
2606 499 2756 558 utilis
2781 508 2888 595 est:
2912 508 3026 595 tum
3053 498 3181 595 quia
3199 495 3381 595 placet
3397 495 3526 595 Deo,
3542 496 3792 595 quiabo-

511 613 724 669 viduam
750 652 766 677 ,
794 609 847 665 id
879 616 985 675 est,
1008 608 1129 664 illos
1154 606 1247 679 qui
1267 620 1325 664 se
1350 621 1378 660 a
1434 604 1631 660 marito
1678 616 1811 659 vero
1862 600 2094 658 amando

511 703 830 777 temporalia
856 715 954 775 per
989 701 1339 772 cupiditatem
1380 697 1750 754 discesserunt
1799 693 2043 764 suscipiet
2076 732 2092 758 ,

511 798 565 853 id
595 807 699 863 est,
728 797 891 853 etiam
915 794 1021 851 illis
1042 791 1373 851 condonabit
1391 797 1643 861 peccata,
1672 788 1717 845 si
1740 786 1900 860 digne
1923 784 2097 857 pmni‘

515 891 741 946 tucriut.
800 888 867 946 Et
910 905 1016 945 non
1063 887 1237 944 solum
1285 886 1564 953 remittet,
1614 886 1709 941 sed
1757 882 1919 939 etiam
1985 880 2096 935 vias

511 994 861 1058 peccatorum,
917 982 968 1037 id
1011 989 1095 1039 est
1128 995 1325 1053 pravas
1376 976 1744 1036 conscientias
1795 990 1917 1048 quae
1970 977 2098 1028 sunt

513 1077 599 1131 via
645 1076 710 1131 ad
739 1080 975 1146 peccata,
1009 1072 1290 1145 disperdat,
1323 1071 1377 1128 id
1426 1079 1530 1137 est,
1561 1082 1789 1142 prorsus
1833 1064 2095 1122 destruet.

514 1165 649 1221 Nota
674 1165 791 1221 haec
819 1166 999 1221 omnia
1028 1178 1149 1236 qua:
1174 1162 1262 1220 hic
1281 1161 1425 1224 dicta
1469 1166 1619 1229 sunt,
1663 1157 1916 1216 videlicet
1955 1155 2100 1228 quod

514 1255 959 1313 Dominus'i’aciet
975 1254 1240 1328 judicium
1261 1251 1895 1325 injm‘lam'patientibus,
1911 1256 1965 1306 et
1988 1246 2099 1305 sol-
2144 1238 2163 1256 ⁸

512 1348 593 1404 vit
624 1355 678 1404 et
706 1347 889 1421 erigit,
916 1357 971 1404 et
1000 1355 1196 1404 cratera
1233 1363 1354 1420 qua:
1380 1354 1703 1419 sequuntur,
1733 1356 1856 1400 esse
1907 1352 2104 1399 causas

514 1448 570 1496 et
593 1441 745 1512 quasi
773 1438 1141 1513 probationes,
1174 1438 1301 1512 quia
1333 1436 1447 1512 ipse
1474 1452 1604 1495 vere
1625 1443 1817 1509 potens
1838 1444 1921 1493 εει
1951 1433 2104 1506 adju-

515 1546 645 1588 vare
694 1539 980 1604 sperantes
1026 1532 1082 1588 in
1124 1545 1202 1589 se.
1241 1528 1495 1604 Reguabit
1522 1526 1785 1585 Dominus
1823 1527 1880 1583 in
1907 1522 2104 1582 saecula

516 1621 666 1681 Deus
687 1632 808 1680 tuus
836 1622 987 1692 Sion,
1034 1623 1088 1680 id
1118 1630 1233 1692 est,
1263 1634 1298 1681 o
1338 1619 1492 1689 Sion,
1544 1621 1662 1678 haec
1686 1618 1943 1693 praedicta
1973 1616 2106 1674 facit

519 1714 850 1788 gubernator
876 1720 933 1774 et
974 1720 1191 1772 creator
1236 1714 1292 1771 ln
1323 1710 1575 1771 fidelibus
1599 1713 1736 1781 ευίε,
1765 1719 1820 1767 ει
1850 1711 1953 1768 hoc
1997 1726 2105 1768 non

519 1808 759 1875 horarie,
785 1804 879 1864 sed
907 1806 1012 1863 isto
1033 1806 1195 1863 modo
1218 1805 1466 1880 regnabit
1494 1805 1548 1861 in
1578 1803 1797 1872 saecula,
1822 1801 1875 1859 id
1897 1810 1999 1869 est,
2024 1811 2107 1858 ta-

2197 605 2413 653 nestum
2435 604 2518 652 est
2541 596 2595 650 in
2611 594 2822 666 seipso.
2847 592 2916 649 Et
2937 593 3058 649 ideo
3081 590 3298 646 laudate
3317 589 3615 657 Dominum,
3651 591 3802 661 quia

2196 687 2540 761 dispersiones
2568 685 2805 752 Israelis,
2833 684 2889 741 id
2923 692 3028 751 εει,
3048 683 3172 739 illos
3194 682 3289 755 qui
3313 681 3543 754 dispersi
3566 689 3707 738 sunt
3728 681 3805 737 ad

2198 782 2443 837 diversas
2456 780 2697 835 culturas
2708 779 2997 843 idolorum,
3013 775 3361 849 congregabit,
3378 776 3579 831 scilicet
3592 790 3808 831 secun-

2199 872 2327 930 dum
2346 872 2612 929 unitatem
2632 871 2756 928 iidei
2778 872 2844 925 ad
2863 871 2967 926 hoc
2987 878 3044 925 ut
3065 868 3170 923 sint
3187 866 3374 923 lsrael.
3397 867 3463 922 Et
3482 868 3599 923 ideo
3618 866 3807 923 faciet

2200 963 2321 1020 illos
2346 964 2437 1020 hic
2458 977 2581 1019 esse
2606 961 2797 1028 lsrael,
2823 961 2880 1016 id
2899 970 2985 1017 est
3014 959 3198 1017 ildeles
3219 967 3277 1015 ει
3297 960 3436 1015 bene
3458 967 3767 1030 operantes
3787 999 3817 1026 ,

2199 1063 2260 1110 ut
2278 1070 2345 1110 ex
2364 1054 2470 1109 illis
2491 1053 2709 1111 tandem
2725 1053 3017 1109 reaediiicet
3038 1052 3314 1109 caelestem
3328 1050 3653 1116 Jerusalem,
3677 1062 3815 1121 qua

2200 1162 2299 1219 per
2319 1146 2646 1218 apostasiam
2674 1152 2732 1201 et
2754 1159 2946 1201 casum
2971 1144 3134 1215 primi
3151 1142 3388 1199 hominis
3403 1142 3679 1198 diminuta
3694 1149 3809 1198 est.

2203 1240 2318 1298 Hoc
2337 1249 2421 1298 est
2463 1241 2608 1313 quod
2646 1241 2781 1297 dicit
2811 1254 2828 1296 :
2867 1239 3141 1310 mdiﬁcans
3176 1237 3478 1296 Jerusalem
3514 1237 3812 1295 Dominus.

2203 1333 2273 1389 Et
2291 1332 2412 1390 ideo
2432 1333 2663 1399 laudate,
2689 1334 2817 1405 quia
2839 1333 2960 1405 ipso
2983 1331 3188 1390 scilicet
3199 1340 3424 1404 peccata
3448 1331 3812 1399 remittendo,

2203 1432 2359 1480 sanat
2383 1424 2634 1479 contritas
2659 1425 2834 1491 corde,
2868 1423 2922 1479 id
2942 1432 3047 1490 est,
3072 1424 3316 1481 dolentes
3335 1434 3389 1480 et
3412 1422 3708 1479 humiliter
3730 1422 3817 1477 in-

2205 1514 2566 1587 gemiscentes
2585 1528 2686 1586 pro
2699 1515 2941 1586 peccatis
2963 1516 3095 1581 suis,
3114 1523 3168 1571 et
3191 1529 3299 1572 non
3321 1514 3626 1588 solumhoc
3648 1514 3815 1579 facit,

2209 1607 2304 1665 sed
2333 1608 2497 1664 etiam
2526 1608 2713 1681 alligat
2750 1608 3089 1664 contritiones
3110 1624 3291 1664 eorum
3314 1650 3330 1675 ,
3360 1608 3418 1664 id
3441 1616 3526 1664 est
3547 1648 3567 1674 ,
3589 1615 3819 1663 restau-

2208 1708 2294 1756 rat
2323 1708 2379 1756 et
2413 1700 2722 1758 consolidat
2790 1702 3059 1757 rationem
3124 1708 3181 1756 et
3229 1699 3463 1758 liberum
3511 1699 3816 1757 arbitrium

2210 1791 2427 1849 illorum
2453 1834 2467 1859 ,
2522 1792 2732 1851 scilicet
2775 1792 2829 1848 in
2860 1793 3130 1865 baptismo
3155 1835 3170 1861 ,
3222 1801 3279 1849 et
3332 1791 3535 1849 multos
3585 1806 3658 1849 ex
3704 1791 3822 1848 illis

520 1898 647 1956 liter
670 1899 985 1972 operabitur
1015 1898 1068 1954 in
1090 1897 1192 1966 eis,
1242 1877 1482 1969 quandiu
1516 1896 1632 1952 haec
1676 1895 1877 1954 sarcula
1918 1902 2100 1952 erunt.
2133 1877 2182 1941 Β
2210 1883 2341 1941 facit
2367 1885 2576 1942 stellas.
2602 1885 2672 1941 Et
2722 1898 2831 1942 non
2875 1886 3051 1942 solum
3095 1884 3227 1944 facit
3254 1885 3521 1943 “1088886
3569 1885 3770 1943 stellas
3801 1926 3818 1953 ν

519 1989 588 2046 Ει
617 2004 725 2046 non
754 1988 926 2046 solum
968 1990 1023 2044 in
1045 1988 1379 2063 generatione
1411 1987 1667 2059 praesenti
1699 1987 1881 2043 taliter
1910 2001 2108 2059 regna-

519 2080 601 2137 bit
634 2080 688 2136 in
728 2080 827 2148 eis,
881 2079 978 2137 sed
1033 2077 1088 2136 in
1131 2079 1484 2152 generatione
1531 2079 1713 2136 futura
1772 2078 2020 2152 regnabit
2053 2076 2110 2136 in

520 2171 649 2241 illis,
689 2171 901 2230 scilicet
941 2171 1273 2228 teternaliter
1314 2170 1434 2228 Illos
1475 2170 1896 2228 remunerando.

1018 2260 1346 2323 PSALMUS
1381 2262 1609 2323 CXLVI.

1173 2366 1456 2415 LLLELDIA.

602 2469 622 2504 ς
666 2444 908 2506 Laudate
920 2444 1234 2515 Dominum,
1260 2449 1517 2520 quaniam
1538 2446 1713 2505 bOnus
1733 2457 1817 2505 est
1851 2442 2114 2520 psalmus,

532 2560 554 2596 σ
598 2541 714 2598 1)εο
742 2552 929 2601 nostro
973 2544 1042 2601 sit
1061 2541 1301 2616 jucunda
1331 2543 1637 2615 decoraque
1671 2543 1927 2600 laudatio.
1960 2541 2115 2600 Edi-

532 2648 554 2686 ι
590 2631 759 2689 ﬂcans
772 2630 1072 2691 Jerusalem
1086 2634 1371 2704 Dominus,
1388 2634 1753 2707 diSpersiones
1766 2634 1981 2692 lsraelis
1994 2649 2119 2691 con-

534 2741 555 2776 ι
599 2724 865 2796 gregabit.
897 2724 999 2793 Qui
1026 2726 1469 2784 sanateoutritos
1489 2728 1674 2797 corde,
1697 2737 1752 2784 et
1776 2727 1963 2800 alligat
1990 2742 2119 2783 con-

536 2835 555 2870 ι
599 2816 851 2874 tritiones
878 2830 1087 2875 eorum.
1111 2816 1214 2889 Qui
1237 2828 1490 2878 numerat
1510 2820 1915 2878 multitudinem
1939 2819 2122 2879 stella-

537 2927 557 2962 ι
600 2918 743 2976 rum,
796 2917 853 2966 et
878 2911 1133 2969 omnibus
1161 2913 1242 2969 eis
1264 2908 1486 2970 nomina
1532 2923 1713 2971 vocat.
1748 2912 1973 2987 Magnus
2016 2915 2121 2969 Do-

537 3021 556 3055 ι
604 3002 785 3059 minus
815 3010 1019 3071 noster,
1061 3012 1118 3060 ct
1149 3014 1343 3076 magna
1373 3004 1547 3063 virtus
1571 3005 1706 3077 ejus,
1746 3014 1800 3062 et
1842 3005 2124 3079 sapientiae

538 3114 559 3149 ι
601 3092 719 3168 ejus
748 3111 856 3152 non
889 3106 971 3153 est
1004 3111 1283 3156 numerus.
1333 3096 1650 3172 Suscipiens
1675 3108 1988 3157 mansuetos
2019 3099 2124 3158 Do-

540 3203 561 3239 ‹
606 3185 809 3254 minus,
838 3182 1129 3243 humilians
1159 3196 1340 3246 autem
1366 3199 1680 3262 peccatores
1721 3207 1893 3262 usque
1924 3192 1992 3248 ad
2014 3200 2124 3248 ter-

2212 1977 2308 2034 sed
2329 1976 2493 2035 etiam
2522 1986 2763 2034 numerat
2788 1976 3182 2035 multitudinem
3229 1978 3503 2034 stellarum
3530 2019 3547 2046 ,
3576 1977 3633 2034 id
3683 1987 3776 2034 est
3799 2018 3816 2043 ,

2212 2068 2447 2127 custodit
2474 2069 2597 2128 illos
2621 2073 2677 2128 in
2705 2072 2813 2130 hoc
2862 2071 3008 2146 quod
3034 2071 3204 2130 stellae
3223 2078 3390 2140 sunt,
3442 2071 3662 2130 scilicet
3696 2071 3821 2128 illu-

2214 2163 2409 2220 minati
2462 2163 2598 2239 duce
2661 2163 2943 2238 sapientia-
2998 2176 3060 2223 ut
3107 2172 3480 2238 perseverent.
3548 2162 3822 2221 Nurum

2215 2254 2393 2322 dicit,
2450 2269 2551 2327 pro
2595 2256 2843 2311 custodit.
2888 2255 2972 2313 Ad
3007 2256 3112 2315 hoc
3159 2255 3307 2313 enim
3342 2271 3434 2314 res
3469 2262 3820 2325 numeratur,

2215 2356 2280 2403 ut
2335 2347 2674 2405 custodiatur
2720 2364 2734 2404 :
2792 2354 2842 2403 et
2897 2355 3100 2420 praeter
3125 2347 3232 2406 hoc
3296 2347 3541 2405 onmibus
3591 2350 3671 2405 eis
3721 2364 3821 2403 uo-

2217 2439 2362 2495 mina
2432 2454 2677 2507 vocans,
2744 2439 2799 2496 id
2864 2446 2991 2507 est,
3041 2439 3258 2497 diversa
3330 2440 3475 2498 dona
3543 2439 3821 2496 attribuit.

2217 2532 2328 2590 Alii
2373 2532 2522 2590 enim
2595 2532 2897 2591 secundum
2964 2532 3290 2621 Apgstotum
3365 2534 3459 2591 dat
3506 2546 3823 2589 sermonem

2220 2626 2523 2699 sapientia,
2552 2625 2647 2682 alii
2677 2642 2868 2699 genera
2897 2626 3201 2701 linguarum
3223 2625 3276 2701 (1
3298 2625 3424 2683 Cor.
3448 2625 3579 2700 xu).
3604 2626 3681 2683 Et
3706 2625 3827 2683 ideo

2221 2721 2458 2789 laudate,
2484 2720 2612 2792 quia
2633 2712 2857 2793 magnus
2878 2729 2963 2777 est
2985 2720 3243 2777 Dominus
3267 2734 3465 2788 noster,
3490 2721 3547 2778 id
3570 2730 3659 2779 est
3712 2734 3824 2778 om-

2221 2815 2471 2886 nipotens
2494 2823 2582 2871 est
2606 2813 2753 2870 Deus
2769 2811 2951 2881 Pater,
2975 2823 3023 2868 et
3051 2826 3243 2888 magna
3275 2813 3443 2870 uirtus
3463 2814 3605 2885 ejus,
3644 2814 3703 2870 id
3724 2822 3827 2880 est,

2222 2910 2393 2968 Filius
2419 2908 2537 2981 ejus
2566 2908 2817 2967 similiter
2836 2922 3066 2982 magnus
3090 2917 3192 2966 εει.
3230 2906 3297 2965 Et
3333 2908 3589 2981 quamvis
3614 2908 3828 2964 dicatur

2224 3004 2390 3063 Pater
2404 3018 2637 3079 magnus
2663 3046 2679 3072 ,
2722 3010 2779 3060 et
2814 3000 2990 3060 Filius
3030 3016 3280 3077 magnus,
3328 3012 3506 3059 tamen
3537 3003 3829 3074 sapientia:

2225 3104 2364 3177 ejus,
2392 3098 2599 3159 scilicet
2620 3098 2768 3170 Filii,
2798 3116 2903 3157 non
2922 3109 2997 3157 est
3024 3114 3294 3166 numerus,
3328 3096 3543 3156 scilicet
3564 3115 3695 3156 cum
3726 3097 3828 3153 Pa-

2227 3204 2332 3263 tre,
2364 3195 2419 3253 id
2440 3204 2545 3262 est,
2568 3192 2743 3251 Filius
2766 3208 2874 3251 non
2895 3192 3030 3250 facit
3057 3208 3343 3249 numerum
3367 3208 3495 3249 cum
3512 3186 3710 3258 Patre,
3734 3190 3831 3247 hoc

540 3292 563 3329 ι
607 3288 747 3332 ram.
789 3270 1077 3336 Prmeiuite
1120 3280 1348 3338 Domino
1391 3281 1449 3337 in
1497 3282 1861 3350 confessione,
1909 3284 2124 3356 psallite
2151 3266 2197 3330 (Σ
2229 3295 2330 3353 εει,
2363 3302 2470 3343 non
2492 3283 2747 3343 suntduo
2778 3295 3045 3359 quantum
3086 3287 3155 3341 ad
3206 3284 3498 3340 essentiam
3564 3281 3739 3339 Pater
3780 3290 3833 3337 et

542 3384 562 3420 ι
606 3366 720 3423 Deo
744 3376 934 3425 nostro
958 3366 1013 3424 in
1053 3366 1284 3428 cithara.
1312 3372 1415 3442 Qui
1439 3374 1615 3445 Operit
1644 3374 1843 3431 cretum
1866 3372 2122 3444 nubibus,

2226 3384 2417 3451 Filius,
2446 3383 2540 3440 sed
2568 3388 2827 3455 quantum
2854 3381 2923 3437 ad
2948 3396 3233 3454 personas.
3286 3378 3356 3438 Ut
3408 3395 3543 3453 ergo
3598 3376 3833 3435 ﬁdeliter

542 3477 562 3514 ι
608 3467 663 3514 ει
687 3467 847 3530 parat
871 3468 1030 3518 terra:
1055 3461 1316 3534 pluviam.
1352 3464 1455 3535 Qui
1487 3466 1738 3538 producit
1767 3466 1821 3523 in
1852 3468 2127 3526 montibus
2226 3476 2447 3549 possitis
2471 3475 2696 3533 credere
2720 3483 2775 3531 et
2794 3473 3098 3547 intelligere
3133 3470 3352 3530 Patrem
3407 3482 3463 3532 et
3513 3468 3726 3529 Filium
3759 3471 3834 3528 di-

543 3570 563 3605 c
607 3550 792 3608 fenum
814 3561 871 3609 et
899 3552 1128 3611 herbam
1155 3555 1405 3613 servituti
1452 3557 1749 3614 hominum.
1780 3557 1885 3630 Qui
1927 3559 2019 3616 dat
2039 3557 2127 3630 ju-
2228 3585 2419 3627 versas
2449 3584 2711 3640 personas
2729 3576 2786 3625 et
2806 3568 3055 3625 eamdem
3084 3567 3301 3640 penitus
3321 3564 3643 3635 essentiam,
3663 3575 3834 3624 estote

545 3660 564 3693 ‘
610 3643 808 3700 melius
856 3656 1040 3702 escam
1072 3647 1338 3719 ipsorum.
1370 3658 1425 3706 θι
1461 3646 1621 3721 Panis
1662 3666 1949 3708 COI'VOI‘UIH
1974 3652 2129 3709 inVO-
2230 3659 2499 3716 mansueti
2523 3659 2651 3732 quia
2677 3658 2969 3730 suscipiens
2993 3669 3295 3714 mansuetos
3326 3656 3611 3723 Dominus,
3648 3656 3707 3714 id
3736 3665 3832 3723 est,

545 3753 564 3785 ‹
605 3734 854 3824 cantibus
879 3751 1027 3792 eum.
1063 3734 1181 3795 Non
1210 3741 1266 3795 in
1294 3739 1611 3799 fortitudine
1637 3742 1763 3816 equi
1792 3745 2127 3803 voluntatem
2231 3751 2467 3807 humiles
2493 3758 2777 3823 promovet
2805 3748 2873 3807 ad
2902 3748 3333 3824 intelligendum,
3381 3746 3678 3805 humilians
3722 3766 3838 3822 pec-

546 3840 565 3875 (
612 3823 852 3917 habebit,
882 3843 983 3885 nec
1007 3828 1060 3884 in
1092 3828 1241 3887 tibiis
1301 3830 1403 3887 viri
1460 3830 1858 3906 beueplacitum
1898 3836 2005 3892 erit
2055 3836 2128 3893 ei.
2233 3855 2435 3901 calores
2465 3860 2629 3916 usque
2655 3844 2724 3898 ad
2754 3853 2971 3911 terram,
3003 3842 3057 3899 id
3083 3823 3169 3900 est
3188 3838 3451 3917 superbos
3475 3851 3532 3899 et
3554 3842 3835 3915 indignatur

547 3931 566 3965 ι
613 3913 1019 4009 lieneplacitum
1044 3929 1127 3976 est
1159 3922 1391 3981 Domino
1415 3941 1578 3998 super
1607 3926 1863 3987 timentes
1890 3944 2046 3997 etim,
2076 3939 2134 3986 et
2239 3944 2339 4002 tes,
2370 3934 2497 4006 quia
2524 3913 2631 3990 non
2668 3942 2897 4004 possunt
2928 3935 3233 4009 intelligere
3255 3913 3399 3991 villos
3428 3913 3701 4006 deprimit
3750 3950 3832 3990 us—

547 4023 567 4057 (
613 4005 666 4060 in
690 4007 770 4062 eis
798 4008 893 4079 qui
916 4010 1144 4102 sperant
1171 4028 1335 4085 super
1360 4014 1736 4075 misericordia
1762 4018 1900 4092 ejus.
1939 4042 1959 4076 ι
2234 4046 2333 4098 que
2361 4005 2430 4085 add
2450 4039 2670 4096 terram,
2696 4030 2749 4085 id
2771 4039 2854 4087 est
2880 4045 3052 4102 usque
3075 4005 3144 4087 ad
3174 4005 3576 4098 inﬁdelitatem,
3607 4040 3673 4086 ut
3710 4028 3834 4087 nihil

1121 4101 1572 4197 ElilARRATIO.
2238 4121 2307 4176 de
2339 4121 2565 4178 Domino
2622 4120 2728 4178 nisi
2788 4101 3064 4179 terrenum
3126 4124 3469 4197 intelligant,
3525 4122 3657 4181 licet
3694 4124 3838 4196 prius

617 4186 677 4289 In
708 4188 813 4245 hoc
831 4190 1048 4289 psalmo
1070 4190 1342 4265 Propheta
1378 4197 1699 4256 exhortatur
1721 4217 1911 4260 omnes
1946 4202 2134 4263 fideles
2238 4213 2438 4286 aliquid
2470 4214 2888 4272 intellexissent.
2915 4215 2984 4272 Et
3019 4227 3078 4272 ut
3105 4186 3369 4274 Dominus
3411 4186 3510 4274 vos
3554 4186 3839 4289 suscipiat,

546 4279 770 4382 liuidare
831 4281 1137 4382 Dominum;
1167 4302 1246 4382 ex
1293 4291 1727 4350 consideratione
1774 4297 2134 4369 spiritualium
2240 4306 2294 4362 id
2321 4279 2403 4363 est
2429 4307 2701 4375 bumiliet,
2729 4310 3029 4367 secundum
3059 4308 3416 4378 intellectum,
3438 4279 3836 4382 pracinite'Do;

551 4373 845 4483 ξίίξηοιξιξιηξ
875 4379 1084 4483 filii-ce}
1108 4376 1236 4483 ﬁdei
1275 4388 1328 4439 ei
1352 4385 1688 4483 temissionis
1710 4399 2058 4461 peccatorum
2082 4404 2137 4450 et
2241 4400 2384 4474 mino
2409 4402 2463 4456 in
2486 4373 2830 4472 confessione,
2861 4402 2913 4460 id
2946 4411 3052 4472 est,
3079 4405 3312 4477 primum
3352 4373 3695 4462 conﬁtemini
3726 4422 3838 4483 pec-

548 4471 968 4567 perseverantlm
984 4473 1207 4529 inbonis
1219 4475 1493 4546 operibus,
1513 4478 1790 4538 subdendo
1802 4483 1998 4540 multas
2013 4500 2140 4541 cau-
2244 4471 2365 4548 cata
2390 4501 2569 4549 vestra
2589 4471 2845 4561 Domino,
2873 4504 2928 4552 et
2956 4471 3148 4551 deinde
3169 4496 3377 4567 psallite
3417 4497 3530 4553 Deo
3562 4471 3769 4565 nostra,
3793 4498 3840 4553 id

551 4575 640 4659 sas
660 4574 829 4659 quare
851 4564 903 4619 id
921 4563 1100 4659 facere
1117 4567 1382 4638 debeant,
1410 4570 1477 4628 ad
1499 4573 1603 4630 hoc
1624 4574 1833 4631 scilicet
1852 4577 2139 4635 intendens
2173 4639 2218 4659 ﬂ
2246 4594 2331 4638 est
2355 4582 2494 4640 bene
2544 4586 2846 4657 operamini
2886 4586 2951 4640 ad
2996 4563 3263 4643 honorem
3310 4588 3498 4659 ipsius,
3547 4598 3603 4644 et
3644 4563 3757 4647 hoc»
3789 4590 3839 4645 in

553 4651 1117 4713 uthuicadmonitloui
1132 4675 1411 4717 assensum
1424 4662 1718 4735 praebeant.
1736 4667 2135 4740 Dicitergosic:
2173 4651 2221 4701 υ
2247 4675 2472 4741 cit/rara,
2503 4674 2555 4730 id
2578 4651 2671 4731 est
2700 4675 2754 4731 iu
2789 4676 3210 4733 mortificatione
3268 4651 3452 4737 carnis
3486 4651 3728 4738 vestrm.
3779 4679 3840 4736 Et

629 4764 656 4799 α
690 4744 930 4844 Laudate
978 4748 1264 4844 liomiuum
1289 4796 1301 4819 ,
1354 4758 1609 4828 quoniam
1644 4759 1819 4817 bonus
1875 4770 1959 4817 est
1999 4764 2141 4833 psal-
2247 4767 2369 4824 ideo
2391 4768 2629 4837 laudate,
2661 4771 2789 4841 quia
2813 4771 2928 4843 ipse
2955 4775 3121 4844 operit
3153 4748 3606 4844 cmluntnubibus,
3634 4775 3693 4832 id
3742 4784 3840 4842 est,

556 4858 705 4940 mus.
744 4838 848 4940 iﬁlli
887 4840 1097 4940 psalmo
1127 4845 1226 4899 tria
1252 4850 1692 4940 sunttchordte,
1724 4869 1892 4909 sonus
1914 4895 1930 4922 ,
1962 4866 2142 4914 motus
2247 4856 2626 4918 cmlatarcana
2653 4838 2751 4919 sua
2778 4838 3160 4937 inVScripturis
3185 4838 3609 4940 prophetarum,
3659 4878 3711 4924 et
3731 4909 3746 4936 ,
3778 4838 3835 4922 il;

557 4933 729 5036 digiti.
753 4930 859 4989 Per
880 4933 1112 5036 chordas
1131 4977 1147 5002 ,
1176 4937 1354 5036 carnis
1382 4937 1729 5036 siccatiouem
1755 4961 1770 5012 ;
1800 4960 1897 5015 per
1925 4962 2141 5017 sonum,
2249 4952 2338 5008 Iud
2367 4953 2508 5009 idem
2529 4955 2672 5024 quod
2702 4955 2773 5036 ibi
2817 4930 3091 5014 occultum
3260 4930 3307 5026 ,-
3335 4969 3491 5030 parat
3535 4930 3696 5015 term
3727 4930 3834 5032 plu-

557 5026 813 5123 virtutes;
856 5038 954 5096 per
981 5034 1187 5123 motum
1217 5029 1507 5123 digitorum
1548 5034 1742 5090 bonam
1771 5039 2142 5107 operationem
2249 5045 2409 5112 viam,
2445 5043 2623 5113 idest,
2654 5026 2909 5104 Ecclesiae
2955 5065 3067 5105 suae
3118 5026 3443 5118 doctrinam,
3497 5026 3838 5123 scilicet'per

562 5115 1195 5212 intellisilpusfgquibus
1221 5120 1396 5177 mOdis
1426 5124 1685 5195 propheta
1711 5126 1763 5181 iu
1789 5127 1889 5185 hoc
1920 5129 2039 5187 loco
2078 5132 2146 5188 ad
2249 5138 2630 5208 praedicatores
2660 5142 2858 5212 quibus
2878 5158 2942 5199 ea
2986 5143 3277 5210 revelavit,
3330 5155 3385 5201 et
3430 5115 3561 5205 ideo
3606 5115 3837 5210 laudate,

561 5206 771 5264 laudem
799 5204 893 5265 Dei
922 5208 1107 5267 ﬁdeles
1134 5210 1385 5267 hortatur
1414 5213 1487 5269 ita
1511 5233 1523 5269 :
1548 5215 1789 5274 Laudato
1839 5219 2147 5289 Dominum,

564 5299 771 5371 agendo
798 5301 847 5357 ei
869 5300 1136 5373 psalmum
1188 5304 1292 5359 hoc
1345 5306 1506 5361 modo
1569 5316 1627 5364 ut
1676 5312 2025 5383 exposuimus
2056 5325 2151 5372 :et

559 5392 763 5463 justum
782 5403 867 5451 est
895 5404 1089 5451 uteum
1114 5396 1191 5452 sic
1207 5395 1459 5466 laudetis,
1475 5404 1723 5472 quoniam
1744 5404 2001 5477 psalmus,
2041 5409 2152 5465 sci-

566 5486 692 5542 licet
740 5487 1047 5560 hujusmodi
1078 5499 1197 5559 est,
1251 5490 1304 5548 id
1353 5502 1476 5561 est,
1508 5493 1880 5568 fructuosius,
1932 5514 1987 5558 et
2034 5502 2156 5562 ideo

566 5578 635 5634 sit
654 5576 860 5637 scilicet
885 5580 1118 5653 psalmus
1140 5585 1299 5642 datus
1322 5600 1352 5640 a
1368 5585 1521 5643 vobis
1540 5587 1651 5644 Deo
1673 5601 1873 5657 nostro,
1897 5595 2023 5664 quia
2039 5592 2155 5651 lau-

563 5670 714 5731 datio
739 5671 944 5729 scilicet
964 5672 1293 5747 hujusmodi,
1315 5684 1397 5733 est
1408 5678 1671 5751 jucunda,
1697 5682 1749 5738 id
1766 5693 1869 5751 est,
1895 5685 2031 5741 bene
2044 5687 2156 5757 pla—

564 5772 701 5824 cens
722 5761 850 5819 Deo.
884 5760 952 5819 Et
975 5764 1189 5834 decora,
1224 5766 1278 5823 id
1307 5777 1414 5836 est,
1448 5771 1676 5828 honesta
1710 5774 1761 5828 in
1790 5790 1850 5829 se
1876 5774 2011 5847 ipsa.
2044 5776 2155 5836 Hoc

566 5868 748 5920 totum
774 5865 859 5912 est
885 5856 1065 5940 dicere
1092 5874 1106 5912 :
1138 5859 1264 5916 ideo
1302 5863 1447 5933 agite
1476 5863 1742 5935 qsalmum
1770 5848 2017 5937 Domino,
2043 5882 2153 5927 tum

2250 5230 2375 5300 quia
2398 5230 2515 5303 ipse
2543 5232 2788 5303 producit
2818 5233 2884 5290 de
2906 5236 3193 5303 montibus,
3228 5237 3281 5293 id
3320 5245 3405 5294 est
3431 5236 3499 5293 de
3550 5237 3836 5308 Scripturis

2254 5323 2539 5392 montium,
2571 5324 2627 5380 id
2649 5335 2734 5387 est
2758 5329 3141 5399 prophetarum
3169 5330 3349 5400 fenum
3377 5338 3422 5393 at
3453 5328 3697 5393 herbam.
3741 5330 3835 5391 scio

2254 5412 2383 5469 licet
2410 5413 2700 5480 frumenta,
2734 5417 2789 5472 id
2811 5427 2915 5487 est,
2940 5418 3277 5477 historialem
3303 5420 3637 5479 intellectum
3658 5431 3715 5477 et
3731 5420 3832 5493 spi-

2259 5504 2511 5562 ritualem
2538 5507 2828 5565 existentia
2861 5510 2915 5566 in
2947 5511 3076 5583 ipsis
3099 5513 3407 5581 montibus,
3456 5514 3683 5573 herbam
3717 5557 3732 5581 ,
3787 5511 3834 5569 id

2256 5605 2362 5665 est,
2391 5598 2702 5669 spritualem
2730 5600 3065 5661 intellectum
3085 5604 3177 5660 dat
3190 5605 3470 5677 jumentis,
3500 5606 3550 5664 id
3571 5616 3681 5675 est,
3709 5608 3831 5663 Simo

2258 5689 2485 5763 plicibus
2507 5700 2562 5748 et
2600 5694 2784 5753 idiotis
2833 5714 2847 5751 :
2890 5696 3100 5754 scilicet
3142 5715 3316 5755 escam
3364 5700 3636 5772 ipsorum:
3664 5701 3831 5765 idest.

2257 5783 2558 5841 doctrinam
2588 5783 2694 5842 illis
2722 5789 3157 5846 convenientem.
3190 5791 3258 5846 Et
3304 5806 3412 5847 non
3455 5791 3629 5849 stilum
3676 5791 3827 5847 ﬁdeli-

2254 5877 2355 5935 bus
2385 5880 2449 5935 de
2478 5877 2679 5938 iudicis
2706 5881 2795 5938 dat
2817 5882 2991 5954 fenum
3023 5895 3071 5940 et
3097 5884 3333 5954 herbam,
3358 5887 3454 5943 sed
3479 5886 3642 5943 etiam
3684 5883 3825 5959 pulli;
