4038 6420
168 417 277 483 8‘57

1299 418 1835 482 ENARRATIONES
1870 419 1939 478 ΙΝ
1975 419 2308 478 PSALMOS.

3323 414 3425 471 858

163 559 467 609 corvorum,
494 540 550 597 id
571 550 655 598 est
675 541 799 598 filiis
827 541 1090 612 gentium,
1114 540 1205 611 qui
1230 549 1386 598 erant
1405 539 1668 612 denigrati
1697 540 1750 594 in
1778 541 1829 603 Α
1854 553 2116 610 pora.em,
2156 536 2248 592 sed
2269 541 2479 588 tantum
2508 539 2766 587 aeternam
2795 526 3308 584 remunerationem.
3361 527 3425 585 Et

161 637 413 711 peccatis
441 634 666 702 scilicet,
699 634 792 690 dat
831 635 1041 690 herbam
1077 643 1132 690 et
1158 634 1366 706 fenum,
1389 633 1443 688 id
1466 641 1549 690 est
1569 647 1747 689 escam

164 728 441 796 similiter,
470 737 527 785 et
554 743 660 784 non
690 729 960 794 omnibus,
991 728 1085 784 sed
1128 728 1488 783 invocantibus
1529 744 1668 793 eum,
1695 727 1749 782 id

163 828 252 877 est
274 829 488 876 tantum
518 819 623 876 illis
651 819 744 891 qui
768 819 954 876 ﬁdeles
978 829 1105 875 sunt
1129 829 1185 876 et
1212 821 1350 876 bene
1372 820 1578 875 vivunt.
1604 818 1744 884 illos,

162 921 228 969 ut
254 912 392 978 dixi,
419 911 510 983 qui
533 912 768 968 contrito
796 920 924 967 sunt
969 911 1125 966 corde
1173 920 1325 966 sanat
1375 910 1650 975 Dominus,
1697 917 1752 964 et

162 1017 471 1064 mansuetos
495 1005 698 1075 dirigit,
725 1004 817 1062 sed
840 1004 1016 1059 nonin
1042 1003 1347 1075 fortitudine
1370 1004 1488 1074 equi
1516 1002 1752 1057 volunta-

162 1107 268 1152 tem
292 1097 519 1162 habebit,
552 1097 605 1152 id
629 1104 733 1163 est,
757 1096 1018 1167 superbos
1042 1110 1150 1152 non
1174 1094 1365 1165 diligit.
1393 1093 1502 1150 Nec
1535 1095 1587 1147 in
1611 1092 1751 1147 tibiis

161 1189 263 1243 viri
288 1187 667 1259 beneplacitum
690 1188 788 1244 erit
807 1189 875 1254 ei,
903 1189 955 1243 id
990 1196 1095 1252 est,
1131 1201 1230 1242 nec
1275 1185 1448 1257 diligit
1499 1182 1616 1239 illos
1658 1181 1750 1253 qui

163 1292 295 1339 sunt
325 1281 555 1337 viriliter
581 1291 802 1353 agentes
832 1279 885 1335 in
916 1279 1152 1335 luxuria.
1180 1278 1286 1334 Per
1311 1278 1470 1333 tibias
1493 1277 1752 1332 denotan-

164 1381 258 1429 tur
286 1373 575 1440 luxuriosi,
596 1373 720 1444 quia
750 1385 782 1426 a
807 1371 1026 1427 renibus
1047 1384 1216 1441 usque
1240 1369 1489 1424 deorsum
1514 1367 1751 1423 maxime

164 1481 366 1537 corpus
391 1471 550 1520 vacat
580 1461 784 1520 libidini
819 1479 832 1517 :
874 1461 983 1528 vel,
1006 1477 1102 1532 per
1133 1460 1293 1515 tibias
1313 1466 1542 1530 possunt
1591 1457 1751 1514 intel-

166 1555 256 1626 ligi
284 1551 540 1626 quaelibet
559 1549 858 1610 criminalia
885 1565 1006 1623 quae
1031 1564 1156 1605 cum
1197 1547 1552 1605 delectatione
1600 1556 1747 1612 sunt,

165 1653 368 1715 praeter
390 1642 697 1716 superbiam
724 1658 843 1712 quae
865 1640 1152 1697 denotatur
1177 1639 1232 1694 in
1261 1637 1577 1694 fortitudine
1602 1635 1746 1706 equi.

164 1736 336 1792 Tibiae
362 1736 509 1792 enim
531 1734 794 1790 musicum
815 1741 900 1789 est
920 1732 1362 1795 instrumentum,
1398 1727 1752 1784 delectatione

166 1836 485 1900 coopertum
517 1844 533 1883 :
563 1826 664 1884 hos
695 1823 832 1880 tales
860 1838 964 1879 non
1001 1821 1173 1893 diligit
1199 1820 1490 1886 Dominus,
1549 1819 1642 1874 sed
1673 1817 1756 1873 di-

1854 629 1977 685 ideo
1998 630 2180 695 lauda,
2210 628 2454 698 quoniam
2481 623 2795 692 contortattit
2833 635 2977 674 seras
3003 630 3272 688 portarum
3310 631 3426 673 tua-

1855 735 2000 787 rum,
2020 721 2074 775 id
2101 727 2206 784 est,
2239 717 2407 772 fortes
2433 723 2489 771 et
2520 714 2749 768 invictos
2793 711 2920 766 fecit
2943 707 3257 765 defensores
3305 725 3430 778 pror

1852 814 2140 886 phetarum
2168 820 2224 867 et
2248 807 2637 881 apostolorum,
2680 806 2770 875 qui
2821 803 2912 858 tibi
2962 811 3090 859 sunt
3135 811 3305 872 portae
3335 818 3430 871 per

1854 909 1991 972 quas
2011 903 2078 956 ad
2109 901 2268 955 ﬁdem
2300 899 2513 954 intrasti
2537 905 2593 952 et
2615 898 2680 952 ad
2732 910 2948 952 omnem
2994 894 3186 948 bonam
3235 908 3429 964 opera-

1788 996 1794 1002 '
1855 994 2075 1048 tionem.
2107 992 2268 1049 Seras
2298 999 2456 1046 vocat
2472 989 2850 1061 Augustinum,
2883 985 3200 1057 Gregorium
3221 997 3277 1042 et
3297 987 3432 1042 alios

1853 1091 2066 1140 sanctos
2100 1081 2308 1148 Patres,
2341 1081 2410 1135 ab
2436 1095 2499 1135 ea
2529 1079 2902 1143 similitudine,
2936 1079 3060 1149 quia
3107 1079 3247 1133 sicut
3295 1094 3430 1133 sera?

1853 1176 2105 1230 muniunt
2145 1190 2208 1230 ea
2244 1175 2440 1245 quibus
2494 1173 2797 1243 adiguntur,
2848 1172 2920 1226 ita
2967 1181 3151 1226 contra
3215 1181 3427 1226 onmem

1850 1263 2098 1321 hairesim
2127 1266 2299 1321 sancti
2327 1265 2518 1320 Patres
2540 1265 2852 1334 prophetiae
2895 1273 2950 1318 et
2981 1273 3177 1320 caetera
3234 1264 3430 1318 nivium

1848 1361 2058 1431 pagina:
2091 1360 2414 1414 documenta
2439 1357 2725 1413 sententiis
2777 1357 2890 1411 suis
2919 1355 3312 1411 rationabiliter
3341 1356 3429 1410 de-

1849 1449 2091 1507 fendunt.
2131 1451 2197 1505 Et
2220 1451 2339 1506 ideo
2358 1449 2542 1516 lauda,
2573 1449 2694 1519 quia
2719 1448 2976 1502 benedixit
3001 1447 3128 1516 ﬁliis
3157 1447 3260 1501 tuis
3281 1448 3334 1500 in
3359 1458 3425 1510 te,

1849 1543 1903 1599 id
1925 1553 2034 1611 est,
2059 1543 2459 1612 utultipiicavit,
2489 1543 2693 1598 scilicet
2723 1541 3014 1596 secundum
3038 1541 3428 1609 promotionein

1849 1644 1906 1690 et
1923 1644 2268 1706 augmentum
2297 1636 2553 1690 virtutum
2591 1643 2646 1689 et
2693 1633 2956 1690 bonorum
3007 1649 3252 1704 operum,
3295 1634 3434 1689 filios

1851 1733 1972 1781 tuos
1999 1735 2282 1781 manentes
2301 1727 2354 1781 in
2386 1739 2454 1791 te,
2484 1727 2536 1780 id
2558 1736 2642 1781 est
2685 1725 2737 1778 in
2783 1725 2857 1779 tui
2895 1724 3295 1780 conformitate.
3342 1725 3433 1779 Vc.

1851 1815 1932 1870 sic
1964 1814 2299 1881 :Benedizrit,
2326 1817 2378 1870 id
2404 1824 2488 1870 est
2517 1814 2844 1885 multiplices
2871 1814 3010 1869 filios
3043 1814 3189 1870 dedit
3237 1815 3327 1869 tibi
3379 1815 3430 1869 in

166 1898 397 1996 ligentes
430 1927 567 1977 seet
596 1927 877 1990 sperantes
902 1915 956 1972 in
978 1931 1057 1982 se,
1110 1914 1228 1970 illos
1259 1913 1451 1984 diligit.
1510 1911 1622 1966 Hoc
1670 1898 2232 1966 estBtemanentes.
2259 1907 2326 1961 Et
2350 1906 2471 1962 ideo
2493 1907 2676 1972 lauda,
2731 1907 2857 1976 quia
2915 1907 3029 1976 ipse
3077 1910 3247 1976 posuit
3302 1910 3431 1976 lines

167 2016 309 2087 quod
336 2015 466 2071 dicit
491 2031 504 2068 :
535 2011 761 2066 Domino
791 2006 1001 2064 scilicet
1032 2004 1339 2078 providenti
1361 2013 1416 2059 et
1442 2001 1753 2074 respicienti

165 2123 320 2179 super
350 2105 585 2159 timentes
613 2117 692 2168 se,
721 2100 774 2156 id
797 2108 881 2157 est
902 2099 1206 2171 diligentes,
1256 2092 1630 2165 beneplacitum
1654 2101 1752 2157 est,

164 2200 216 2254 id
243 2196 409 2254 estin
439 2193 563 2250 illis.
589 2191 655 2246 Et
677 2191 734 2246 in
760 2192 835 2247 eis
865 2189 1076 2246 scilicet
1102 2184 1482 2256 beneplacitum
1523 2191 1624 2250 est,
1665 2185 1755 2254 qui

163 2301 377 2362 sperant
404 2301 559 2356 super
578 2282 940 2342 misericordia
968 2279 1103 2350 ejus,
1133 2277 1187 2332 id
1213 2283 1318 2342 est,
1350 2275 1440 2345 qui
1471 2289 1578 2331 non
1619 2289 1753 2330 con-

163 2384 340 2439 ﬁdunt
367 2381 434 2434 de
459 2375 571 2434 suis
599 2374 833 2441 meritis,
869 2371 966 2430 sed
1003 2371 1068 2426 de
1118 2368 1296 2442 gratia
1345 2366 1537 2437 ipsius.
1595 2364 1757 2421 Aliud

164 2483 247 2532 est
277 2471 526 2542 diligere,
556 2467 701 2524 aliud
725 2477 968 2538 sperare,
1016 2463 1136 2517 ideo
1162 2466 1452 2532 postquam
1495 2457 1632 2512 dixit
1689 2455 1755 2511 ti-

164 2572 388 2631 mentes,
409 2561 463 2617 id
484 2568 568 2616 est
591 2556 896 2629 diligentes,
923 2552 1204 2626 supposuit
1231 2558 1534 2622 sperantes.

664 2645 985 2705 PSALMUS
1013 2641 1258 2701 CXLVII.

492 2757 753 2801 ALLELUIA
789 2753 981 2797 KAGGEI
1017 2751 1087 2793 ET
1123 2747 1420 2791 ΖΔΟΗΔΒῙΒ.

241 2861 260 2893 ‹
299 2836 503 2903 Lauda,
535 2835 834 2892 Jerusalem
862 2829 1168 2895 Dominum,
1201 2827 1359 2883 lauda
1389 2825 1557 2882 Deum
1581 2831 1752 2889 tuum,

171 2952 188 2986 ι
236 2932 390 2988 Sion.
421 2927 689 2997 Quoniam
743 2921 1070 2981 confortavit
1116 2932 1269 2977 seras
1312 2926 1591 2990 portarum
1637 2924 1756 2971 tua-

171 3047 190 3080 ι
241 3040 384 3092 rum,
411 3020 684 3080 benedixit
710 3015 836 3074 filiis
883 3015 990 3072 tuis
1019 3013 1076 3069 in
1116 3021 1191 3069 te.
1241 3011 1344 3080 Qui
1390 3010 1570 3082 posuit
1623 3008 1758 3063 lines

173 3140 191 3174 ι
238 3129 360 3174 tuos
384 3129 594 3190 pacem,
616 3121 672 3170 et
703 3111 855 3182 adipe
884 3104 1140 3163 frumenti
1170 3102 1336 3160 satiat
1359 3109 1430 3158 te.
1460 3100 1564 3169 Qui
1589 3100 1754 3156 emit-

1855 2008 1974 2054 tuos
2006 2015 2206 2070 pacem,
2240 2000 2294 2054 id
2315 2009 2416 2064 est,
2457 2000 2741 2056 haereticos
2764 2000 2854 2070 qui
2884 1999 2976 2054 tibi
3004 2007 3129 2054 sunt
3151 1999 3352 2060 afﬁnes,
3382 1999 3430 2053 id

1854 2100 1961 2158 est,
1985 2105 2162 2161 neque
2183 2091 2238 2145 in
2265 2089 2372 2146 ﬁde
2391 2085 2634 2157 omnino,
2659 2105 2834 2160 neque
2858 2100 3009 2145 extra
3036 2089 3194 2145 fidem
3213 2092 3434 2145 omnino

1855 2184 2171 2251 existentes,
2217 2185 2389 2254 posuit
2433 2199 2612 2254 pacem
2667 2184 2836 2253 ipsam
2869 2199 2884 2237 :
2916 2185 3313 2240 antonomatice
3350 2185 3434 2240 di-

1855 2287 1999 2334 ctum
2031 2288 2134 2343 est,
2164 2277 2217 2333 id
2240 2285 2343 2344 est,
2373 2277 2503 2333 fecit
2542 2276 2637 2332 tibi
2666 2277 2890 2331 firmiter
2933 2277 3306 2333 reconciliatos
3351 2291 3436 2333 se-

1855 2369 2087 2424 cundum
2122 2367 2379 2423 unionem
2415 2367 2538 2423 fidei
2574 2375 2630 2423 et
2656 2367 2957 2434 veritatem,
2991 2379 3038 2422 et
3090 2368 3210 2424 ideo
3248 2369 3432 2433 lauda,

1855 2460 1982 2530 quia
2007 2459 2160 2529 adipe
2181 2460 2456 2529 frumenti,
2486 2459 2537 2514 Id
2574 2469 2678 2526 est,
2709 2459 2936 2532 spiritali
2969 2460 3241 2516 intellectu
3294 2460 3430 2515 Scri-

1852 2557 2028 2620 ptura:
2044 2551 2202 2604 satiat
2224 2559 2289 2603 te.
2321 2549 2669 2604 Frumentum
2699 2549 2897 2604 dicitur
2919 2549 3096 2604 divina
3133 2547 3434 2618 Scriptura.

1854 2641 1912 2696 in
1943 2639 2216 2695 frumento
2250 2649 2430 2695 autem
2455 2647 2539 2696 est
2565 2649 2623 2696 et
2651 2641 2814 2710 adeps
2852 2648 2907 2695 et
2960 2639 3152 2694 fut-fur.
3193 2639 3295 2694 Per
3326 2639 3439 2694 adi-

1854 2742 1978 2802 pem
2013 2729 2330 2799 aliegoricus
2361 2743 2575 2796 sensus,
2607 2744 2702 2800 per
2726 2729 2903 2784 fut-fur
2941 2730 3190 2785 litterulis
3229 2739 3437 2786 tantum

1857 2824 2144 2879 denotatur
2172 2835 2280 2893 quo
2303 2822 2402 2877 soli
2427 2820 2598 2877 Judaei
2646 2829 2892 2876 utuntur.
2960 2821 3081 2876 Dixi
3130 2821 3254 2891 quia
3293 2822 3438 2877 dabit

1855 2915 1951 2970 tibi
1979 2915 2312 2988 spiritualem
2341 2914 2698 2980 intellectum,
2729 2923 2783 2971 et
2815 2914 2936 2970 ideo
2961 2914 3146 2981 lattda,
3171 2915 3316 2984 quia,
3346 2930 3439 2984 per

1856 3005 1976 3062 illos
1999 3022 2137 3078 quos
2159 3006 2382 3060 satiabit
2411 3006 2564 3076 adipe
2607 3005 2880 3076 frumenti,
2931 3005 3143 3061 emittet
3179 3005 3439 3076 eloquium

1857 3115 2010 3154 suum
2034 3108 2206 3162 terrte,
2234 3097 2290 3152 id
2312 3106 2416 3162 est,
2440 3106 2594 3152 extra
2616 3095 2792 3153 mittet
2820 3097 3256 3168 praedicationem
3288 3113 3441 3152 suam

172 3234 191 3268 ι
244 3214 307 3268 tit
343 3184 613 3280 eloquium
639 3217 796 3262 suum
823 3211 1002 3268 terrae,
1041 3197 1306 3255 velociter
1350 3195 1524 3252 currit
1576 3206 1756 3250 sermo
1785 3257 1828 3280 ﬂ
1859 3189 2057 3258 ubique
2081 3184 2348 3242 terrarum
2396 3187 2600 3242 scilicet
2629 3196 2816 3244 contra
2859 3187 3162 3244 haereticos.
3216 3188 3285 3244 Et
3326 3188 3443 3245 ideo

175 3323 194 3357 ι
240 3304 378 3376 ejus.
405 3257 506 3370 Qui
529 3300 620 3356 dat
657 3297 838 3353 nivem
889 3294 1030 3350 sicut
1082 3291 1285 3357 lanam,
1327 3289 1578 3347 nebulam
1618 3287 1757 3342 sicut
1781 3257 1830 3323 ο
1859 3257 2042 3344 lauda,
2070 3281 2198 3351 quia
2228 3280 2475 3334 velociter
2497 3281 2662 3333 currit
2688 3293 2858 3334 sermo
2878 3280 3020 3350 ejus,
3055 3278 3110 3335 id
3152 3288 3254 3346 est,
3282 3288 3443 3336 tanta:

176 3417 193 3449 ι
235 3396 475 3450 cinerem
529 3387 751 3464 spargit.
815 3383 979 3442 Mittit
1034 3384 1345 3458 crystallum
1401 3391 1552 3439 suam
1617 3379 1756 3436 sicut

175 3507 194 3541 ι
240 3483 527 3550 buccellas,
550 3489 673 3538 ante
698 3477 892 3537 faciem
917 3477 1134 3550 frigoris
1155 3476 1271 3547 ejus
1288 3474 1410 3546 quis
1430 3471 1716 3529 sustinebit
1734 3471 1760 3526 i

176 3599 197 3633 ι
239 3579 464 3634 Emittet
490 3571 716 3634 verbum
750 3587 928 3638 suum,
983 3579 1040 3626 et
1085 3565 1394 3640 liquefaciet
1439 3579 1504 3622 ea
1551 3580 1566 3620 :
1607 3561 1761 3618 flabit

179 3692 197 3726 ι
245 3671 468 3742 spiritus
493 3667 608 3740 ejus
633 3673 689 3722 et
722 3663 888 3720 liuent
933 3676 1107 3733 aqum.
1163 3660 1265 3729 Qui
1301 3657 1588 3714 annuntiat
1641 3668 1761 3711 ver-

180 3785 200 3818 i
246 3766 373 3820 bum
399 3777 554 3818 suum
579 3755 768 3825 Jacob,
818 3755 1055 3828 Justitias
1081 3763 1136 3811 et
1170 3752 1372 3824 judicia
1423 3765 1520 3806 sua
1574 3746 1756 3805 israel.

181 3877 201 3909 ι
241 3855 361 3910 Non
392 3853 520 3910 fecit
547 3849 726 3908 taliter
746 3848 894 3906 omni
923 3845 1148 3912 nationi,
1174 3852 1230 3903 et
1262 3842 1466 3916 judicia
1511 3854 1606 3899 sua
1651 3854 1759 3895 non

183 3969 202 4002 ι
250 3947 614 4005 maniiestavit
646 3948 744 4004 eis.
784 3967 800 4000 ι

741 4032 1197 4090 ENARRATIO.

246 4131 306 4185 lu
328 4131 428 4186 hoc
455 4128 662 4201 psalmo
685 4145 898 4185 rursum
919 4130 1238 4184 exhortatur
1257 4121 1525 4195 Propheta
1546 4121 1763 4178 eosdem

179 4240 316 4295 quos
346 4224 400 4278 in
425 4221 752 4294 praecedenti
779 4221 1058 4278 admonuit
1083 4221 1304 4276 laudare
1329 4217 1641 4281 Dominum,
1671 4213 1766 4270 sed

179 4334 247 4374 ex
270 4317 482 4373 diversa
507 4314 958 4372 consideratione.
988 4312 1044 4368 ln
1073 4310 1165 4367 illo
1193 4309 1335 4366 enim
1393 4309 1512 4364 illos
1570 4307 1767 4363 invita-

181 4410 258 4463 vit
289 4409 356 4464 ad
385 4406 620 4475 laudem,
663 4422 728 4462 ex
755 4421 819 4460 ea
848 4403 1288 4460 consideratione
1343 4414 1445 4468 qua
1495 4397 1642 4452 dedit
1687 4397 1766 4451 eis

179 4500 344 4556 ﬁdem
378 4508 431 4554 et
459 4498 825 4554 remissionem
853 4502 1214 4568 peccatorum,
1257 4500 1312 4547 et
1336 4489 1570 4546 restituit
1596 4488 1768 4543 ratio-

188 4599 391 4652 tioncm
416 4603 471 4649 et
497 4593 722 4649 liberum
753 4590 1057 4654 arbitrium,
1094 4595 1148 4643 et
1178 4586 1330 4656 plura
1371 4597 1489 4653 quas
1541 4596 1769 4651 sequun-
1795 4621 1847 4682 D

193 4701 301 4745 tur.
331 4689 388 4744 In
412 4689 512 4743 hoc
539 4694 716 4744 autem
746 4684 866 4741 illos
889 4685 1143 4739 admonet
1189 4677 1410 4733 laudare
1461 4674 1768 4738 Dominum,

191 4800 260 4839 ex
287 4799 348 4837 ea
381 4779 811 4836 consideratione
837 4793 942 4848 qua
969 4775 1117 4832 dedit
1143 4773 1222 4828 eis
1243 4771 1475 4844 optimos
1523 4767 1773 4823 defenso-

191 4889 282 4928 res
311 4881 499 4928 contra
530 4871 813 4926 haereticos
866 4869 1240 4939 impugnantes
1272 4872 1556 4932 utrumque
1581 4857 1771 4913 Testa-

190 4977 455 5025 mentum.
492 4965 678 5032 Vetus,
707 4964 984 5019 Manicbmi
1014 4981 1024 5017 :
1060 4962 1289 5026 Novum,
1315 4968 1374 5014 ut
1417 4955 1774 5012 Marcionistze

184 5067 242 5114 et
283 5057 464 5128 plures
491 5057 600 5122 alii,
641 5055 733 5126 qui
766 5053 1011 5111 carnales
1032 5049 1406 5107 observantias
1436 5047 1568 5120 legis
1616 5043 1776 5100 indu-

188 5167 320 5209 cere
349 5161 403 5207 et
427 5167 580 5206 novae
603 5149 733 5220 legis
757 5147 1002 5203 instituta
1027 5159 1244 5202 cessare
1284 5149 1536 5213 oportere
1587 5150 1773 5193 cense-

193 5245 347 5301 bant.
376 5245 464 5311 Et,
492 5244 580 5315 qui
631 5241 846 5298 eosdem
884 5237 1166 5294 hzereticos
1193 5235 1447 5291 Ecclesia:
1472 5229 1777 5294 associavit,

195 5351 255 5396 et
285 5347 450 5394 tanta:
473 5333 820 5408 perfectionis
853 5329 972 5385 illos
1001 5328 1236 5384 instituit
1262 5326 1406 5397 quod
1427 5338 1612 5380 eorum
1643 5335 1779 5391 prae-

197 5428 684 5490 dicationemullos
704 5424 770 5480 ad
796 5423 955 5478 fidem
981 5415 1426 5487 convertit,quod
1450 5415 1528 5470 sic
1558 5411 1741 5480 incipit
1764 5425 1778 5466 :

273 5523 487 5588 Lauda,
511 5517 804 5577 Jerusalem
827 5557 842 5582 ,
875 5514 1172 5578 Dominum,
1202 5511 1253 5565 id
1276 5519 1380 5575 εει,
1411 5525 1442 5565 o
1463 5505 1778 5570 Jerusalem,

203 5617 370 5674 lauda
395 5613 540 5670 omni
564 5611 821 5682 dignitate
843 5606 968 5661 vitae
990 5602 1288 5664 Dominum,
1320 5599 1374 5655 id
1399 5607 1503 5663 est,
1532 5595 1654 5665 quia
1681 5596 1783 5649 Do-

206 5711 509 5772 minusest,
542 5705 595 5760 id
620 5711 721 5767 est,
754 5701 1082 5773 gubernator
1109 5703 1248 5760 tuus,
1291 5701 1345 5746 et
1383 5689 1567 5753 Deum,
1597 5685 1650 5741 id
1678 5691 1783 5750 est,

208 5802 336 5872 quia
364 5799 507 5853 Deus
526 5805 628 5857 est,
663 5793 840 5856 idest,
863 5791 1088 5846 Creator
1114 5796 1256 5849 tuus,
1280 5790 1334 5838 et
1365 5779 1486 5834 talis
1515 5775 1698 5840 lauda,
1726 5781 1787 5828 ut

210 5893 287 5950 sis
318 5889 469 5956 Sion,
501 5887 550 5942 id
583 5894 682 5952 est,
715 5882 999 5953 speculans
1025 5881 1221 5942 futura,
1253 5890 1356 5932 non
1387 5883 1634 5943 quaerens
1654 5875 1786 5920 lem-

1855 3374 2134 3446 sapientiaa
2163 3373 2282 3428 illos
2314 3370 2476 3427 faciet
2503 3373 2644 3442 quod
2665 3383 2850 3427 eorum
2874 3372 3247 3442 praedicationi
3279 3388 3436 3427 nemo

1857 3465 2111 3523 resistere
2138 3471 2340 3534 potest,
2368 3471 2426 3517 et
2451 3463 2601 3518 brevi
2629 3472 2873 3532 tempore
2903 3477 3002 3532 per
3023 3462 3221 3517 multas
3267 3463 3442 3517 natio-

1857 3569 1955 3613 nes
1983 3554 2310 3611 transibunt.
2344 3553 2412 3606 Et
2437 3552 2557 3607 ideo
2593 3551 2775 3615 lauda,
2805 3551 2932 3620 quia
2977 3551 3091 3622 ipse
3137 3551 3228 3605 dat
3278 3551 3443 3606 nivem

1858 3647 1992 3703 sicut
2013 3647 2214 3712 lanam,
2241 3645 2293 3701 id
2313 3654 2419 3710 est,
2445 3644 2538 3713 qui
2567 3642 2862 3715 inirigidati
2893 3651 3020 3698 sunt
3043 3643 3188 3698 vitiis
3218 3644 3289 3697 ita
3316 3659 3441 3697 san-

1860 3741 2059 3795 ctificat
2088 3737 2229 3810 quod
2257 3753 2355 3810 per
2385 3752 2480 3792 eos
2502 3734 2637 3790 alios
2665 3735 2832 3800 fovet,
2861 3742 2916 3790 et
2939 3734 3122 3790 calore
3177 3733 3445 3804 spirituali

1861 3831 2200 3888 caiefacitad
2225 3831 2444 3885 modum
2498 3828 2636 3882 lanae
2683 3826 2881 3894 aliquid
2929 3824 3451 3880 calefacientiszne«

1863 3922 2036 3976 bulam
2059 3921 2189 3975 sicut
2215 3922 2436 3975 cinerem
2451 3918 2670 3988 spargit,
2695 3916 2748 3970 id
2763 3923 2870 3980 est,
2893 3914 3014 3970 illos
3035 3913 3125 3984 qui
3154 3922 3277 3968 sunt
3303 3914 3452 3983 igno-

1864 4025 2048 4072 rantes
2071 4015 2352 4071 veritatem
2380 4012 2508 4066 facit
2531 4025 2650 4066 esse
2675 4011 2919 4075 cinerem,
2950 4009 3122 4073 idest,
3152 4008 3225 4062 ita
3258 4007 3454 4061 illumi-

1865 4118 1958 4165 nat
2016 4108 2159 4179 quod
2210 4121 2397 4161 eorum
2445 4104 2555 4159 vita
2587 4112 2641 4157 et
2679 4101 2928 4170 exemplo
2984 4099 3217 4154 fertilem
3279 4099 3453 4152 reddit

1865 4199 2185 4265 Ecclesiam,
2219 4198 2287 4252 ad
2319 4195 2535 4252 modum
2572 4193 2774 4250 cineris
2815 4191 2987 4262 sparsi
3042 4205 3207 4260 super
3251 4198 3454 4243 terram

1866 4311 1985 4351 eam
2024 4291 2387 4348 fecundantis.
2419 4290 2486 4344 Et
2511 4290 2629 4343 ideo
2658 4286 2844 4350 lauda,
2869 4285 2995 4354 quia
3036 4284 3193 4336 mittit
3235 4281 3455 4351 στρατηί-

1868 4389 1976 4443 lum
2001 4402 2153 4444 suam
2179 4387 2309 4439 sicut
2341 4381 2616 4446 buccellas,
2657 4379 2711 4434 id
2754 4387 2857 4443 est,
2885 4377 3025 4441 illos,
3080 4375 3173 4443 qui
3224 4372 3454 4427 indurati

1870 4491 1994 4540 sunt
2021 4481 2076 4535 in
2106 4477 2369 4550 profundo
2400 4471 2548 4542 nivis}
2567 4482 2623 4526 et
2644 4471 2854 4526 nebulae
2897 4468 3152 4522 vitiorum
3199 4476 3252 4520 et
3312 4466 3458 4534 igno-

1872 4574 2081 4638 rantiae,
2117 4570 2276 4626 faciet
2298 4581 2418 4623 esse
2450 4573 2610 4620 tanta:
2636 4561 2914 4633 sapientiae
2943 4559 3085 4629 quod
3115 4557 3365 4614 subtilius
3401 4565 3456 4612 ct

1878 4663 2166 4737 perfectius
2187 4661 2357 4716 scient
2379 4655 2693 4728 praedicare,
2749 4665 2911 4722 quam
2953 4651 3255 4705 auditorum
3300 4664 3458 4718 capa-

1880 4762 2015 4817 citas
2039 4757 2213 4813 valeat
2241 4754 2502 4824 recipere,
2524 4758 2577 4806 et
2597 4749 2671 4804 ita
2695 4744 2921 4816 replebit
2957 4743 3078 4798 illos
3131 4741 3321 4812 spiritu
3371 4757 3458 4795 sa-

1879 4852 2097 4925 pientiae
2124 4847 2264 4918 quod
2295 4845 2473 4900 nullus
2495 4839 2924 4897 adversariorum
2952 4849 3140 4890 eorum
3194 4833 3456 4903 praedicas

1883 4924 2014 5000 tioni
2049 4940 2279 4996 resistet.
2310 4935 2423 4990 Hoc
2451 4942 2534 4989 est
2570 4931 2712 5002 quod
2737 4929 2836 4985 sub
2859 4926 3280 4996 interrogatione
3313 4924 3464 4993 ponit

1881 5045 1941 5092 ut
1964 5029 2404 5092 commendabilis
2436 5028 2525 5092 sit,
2561 5027 2676 5081 ita:
2709 5025 2840 5077 Ante
2862 5020 3050 5091 faciem
3089 5017 3300 5087 [rigoris
3350 5015 3461 5083 ejus

1877 5131 1992 5201 quis
2017 5124 2328 5183 sustinebit?
2356 5123 2532 5187 idest,
2563 5116 2904 5188 praesentiam
2943 5110 3155 5165 illorum
3179 5107 3269 5178 qui
3293 5105 3464 5176 frigus

1878 5231 2057 5285 erant,
2089 5227 2141 5273 et
2167 5229 2344 5270 tamen
2367 5210 2530 5268 futuri
2568 5209 2702 5278 ejus.
2764 5208 2892 5273 Quis
2939 5205 3233 5269 sustinebit,
3281 5201 3336 5256 id
3381 5208 3466 5256 cst

1883 5312 2004 5382 quis
2027 5307 2397 5364 contradicere
2418 5301 2657 5373 poterit?
2696 5298 2906 5353 scilicet
2959 5293 3159 5357 nullus,
3213 5291 3352 5345 sicut
3391 5289 3464 5344 ibi

1885 5407 2085 5461 dictum
2110 5409 2235 5456 est:
2269 5398 2332 5452 Et
2369 5413 2470 5450 non
2519 5401 2755 5464 poterant
2810 5389 3046 5441 resistere
3099 5383 3368 5452 sapientiae
3421 5391 3465 5433 et

1885 5495 2106 5567 Spiritui
2154 5493 2242 5564 qui
2287 5490 2593 5562 loquebatur
2655 5484 2810 5556 (Act.
2865 5480 2975 5548 v1).
3049 5478 3112 5530 Et
3166 5474 3306 5544 quod
3357 5473 3469 5542 ipse

1885 5587 2049 5643 faciet
2099 5584 2266 5640 nivem
2323 5581 2459 5634 sicut
2499 5577 2714 5642 lanam,
2774 5582 2827 5627 et
2879 5569 3119 5625 nebulam
3163 5569 3294 5623 sicut
3333 5567 3472 5619 cine-

1886 5696 1994 5734 rem
2037 5720 2052 5744 ,
2114 5684 2171 5732 et
2224 5670 2530 5744 crystallum
2582 5669 2716 5721 sicut
2785 5661 3078 5728 buccellas,
3127 5661 3178 5716 id
3226 5665 3308 5714 est
3355 5656 3472 5712 illos

1885 5771 1976 5842 qui
2017 5776 2142 5824 sunt
2185 5761 2420 5820 indurati
2463 5760 2519 5814 in
2560 5757 2682 5814 nive
2719 5765 2775 5812 et
2830 5753 3022 5810 nebula
3048 5794 3061 5817 ,
3125 5751 3256 5807 sicut
3310 5749 3470 5803 nebu-

1891 5862 1993 5917 lam
2037 5877 2054 5914 :
2107 5860 2207 5913 hoc
2255 5870 2360 5910 non
2409 5851 2579 5907 solum
2637 5848 2728 5904 ﬁet
2776 5859 2872 5918 per
2910 5844 3344 5916 praedicationem
3382 5852 3474 5894 eo-
