4038 6420
573 490 676 547 859

1080 559 1091 565 _
1190 488 1451 547 REMIGII
1487 477 2148 544 ANTISSIODORENSIS
2185 478 2337 539 OPP.
2375 481 2556 540 PARS
2590 482 2631 537 I.
2667 511 2736 523 —
2774 478 3186 537 EXEGETICA.

3713 469 3843 528 8-50

572 619 690 659 rum
747 618 884 674 quos
941 602 1094 674 adipe
1140 602 1386 674 frumenti
1442 600 1695 668 satiabit,
1757 611 1814 656 et
1870 616 1970 674 per
2016 614 2154 670 quos
2178 606 2233 667 Α
2256 601 2481 657 materia
2509 598 2763 655 laudandi
2798 597 3103 651 Dominum.
3124 593 3190 647 Et
3222 591 3349 663 quia
3374 590 3432 646 in
3455 588 3595 645 coelo
3619 598 3754 644 sunt
3781 598 3848 645 et

570 696 832 754 volociter
853 694 1014 751 currit
1041 711 1210 750 sermo
1234 694 1350 764 ejus
1378 706 1398 746 .'
1427 693 1522 749 sed
1549 708 1646 762 per
1669 693 1773 748 hoc
1788 694 1983 748 emittet
2023 691 2149 759 Ver-

572 788 691 844 bum
713 804 889 856 suum,
915 788 968 843 id
991 795 1094 854 est,
1116 785 1310 841 Filium
1337 801 1493 841 suum
1515 798 1675 855 quem
1695 799 1909 855 semper
1930 793 1986 840 et
2013 783 2150 839 inef-

569 877 803 934 fabiliter
820 893 850 932 a
871 891 930 933 se
952 875 1168 941 emittit,
1199 875 1254 929 in
1282 875 1364 930 eis
1377 874 1592 945 operari
1612 874 1780 930 faciet
1802 883 1851 929 et
1873 875 1954 930 sic
1975 873 2145 945 lique-

571 965 725 1034 faciet
750 983 830 1031 ea,
862 964 918 1020 id
946 971 1068 1033 est,
1116 963 1452 1020 molliﬁcabit
1475 977 1592 1031 eos,
1631 964 1809 1020 dando
1842 963 1948 1020 illis
1977 965 2150 1020 virtu-

572 1062 650 1111 tes
671 1065 727 1111 et
749 1054 887 1110 bona
913 1070 1100 1126 opera,
1121 1063 1178 1110 et
1202 1054 1527 1111 destruendo
1552 1055 1787 1126 primum
1820 1056 1876 1110 in
1897 1055 1978 1111 eis
1999 1054 2151 1111 duri-

572 1146 699 1200 tiam
736 1146 990 1202 vitiorum
1026 1154 1083 1202 et
1123 1145 1403 1202 interioris
1436 1147 1720 1212 cmcitatis,
1743 1147 1883 1202 etin
1913 1148 2018 1204 hoc
2039 1161 2147 1203 non

568 1240 739 1297 solum
770 1240 939 1297 Filius
983 1248 1262 1312 operatur,
1299 1240 1395 1296 sed
1434 1241 1599 1296 etiam
1640 1241 1875 1313 Spiritus
1906 1249 2146 1297 sanctus.

567 1331 681 1388 Hoc
715 1341 800 1389 est
839 1333 983 1403 quod
1026 1332 1159 1389 dicit
1189 1349 1203 1386 :
1239 1331 1389 1402 ﬂabit
1418 1332 1633 1403 spiritus
1674 1333 1815 1403 ejus,
1840 1332 2048 1388 scilicet
2092 1332 2149 1387 in

565 1424 646 1478 eis
683 1441 696 1477 :
729 1432 777 1477 et
830 1423 934 1478 hoc
958 1421 1137 1488 modo,
1191 1421 1400 1478 scilicet
1437 1437 1535 1493 per
1571 1423 1941 1492 operationem
1984 1423 2153 1481 totius

568 1512 848 1567 Trinitatis
868 1520 923 1566 et
941 1526 1039 1583 per
1049 1511 1484 1582 praedicationem
1507 1513 1701 1568 horum
1728 1528 1866 1583 quos
1890 1513 2148 1580 diximus,

568 1601 644 1655 illi
690 1601 923 1657 hzeretici
947 1601 1039 1671 qui
1069 1601 1218 1672 prius
1256 1610 1412 1657 erant
1446 1602 1561 1668 nix,
1592 1604 1806 1670 nebula,
1839 1605 2150 1676 crystallus,

568 1689 837 1745 conversi’
867 1691 937 1746 ad
965 1690 1125 1745 fidem
1165 1692 1331 1760 ﬂuent
1365 1708 1534 1762 aqum,
1574 1692 1630 1747 id
1675 1701 1779 1761 est,
1814 1695 2153 1751 abundantes

568 1778 829 1833 doctrinae
855 1788 1017 1836 erunt
1042 1778 1145 1835 illis
1165 1780 1234 1834 ad
1273 1782 1493 1838 modum
1524 1798 1679 1854 aqua:
1722 1784 1949 1840 multum
1977 1784 2149 1841 fluen-

571 1871 659 1938 tis,
688 1874 815 1944 quia
844 1888 942 1944 per
969 1872 1089 1929 illos
1111 1889 1407 1932 conversos
1434 1876 1628 1933 iterum
1652 1878 1913 1935 Dominus
1939 1894 2151 1934 annun-

570 1965 729 2021 tiabit
768 1966 977 2023 scilicet
1039 1967 1379 2033 hominibus,
1438 1970 1653 2043 uerbum
1711 1986 1888 2035 suum,
1944 1970 2151 2027 scilicet

563 2055 796 2127 justitias
821 2068 869 2112 et
885 2057 1097 2128 judicia
1118 2075 1236 2124 sua,
1260 2059 1315 2114 id
1337 2066 1437 2126 εει,
1457 2058 1605 2130 iusta
1627 2070 1895 2133 percepta
1917 2077 2013 2119 sua
2034 2076 2156 2133 quae

572 2148 686 2217 ipse
704 2145 852 2219 iuste
887 2147 1005 2204 ﬁeri
1026 2149 1257 2220 iudicat,
1282 2150 1420 2206 alios
1447 2166 1635 2207 eorum
1671 2153 1871 2222 quibus
1887 2153 2154 2224 praedica-

570 2239 705 2294 bunt
730 2238 929 2294 faciens
949 2254 1068 2295 esse
1089 2239 1272 2305 Iacob,
1299 2248 1356 2297 et
1387 2241 1520 2297 alios
1565 2240 1775 2299 faciens
1799 2257 1922 2299 esse
1958 2242 2152 2309 Israel,

573 2328 626 2383 id
651 2337 754 2395 est,
786 2329 958 2401 magis
991 2327 1281 2399 perfectos.
1330 2329 1457 2385 Non
1504 2332 1629 2402 fecit
1659 2332 1835 2388 taliter
1878 2334 2021 2388 omni
2060 2350 2158 2389 na-

573 2418 725 2488 tioni,
767 2420 823 2476 id
851 2429 957 2488 est,
986 2421 1098 2478 dixi
1124 2424 1253 2493 quia
1290 2422 1393 2479 hos
1430 2423 1566 2480 tales
1601 2436 1904 2492 convertet,
1938 2428 2033 2483 sed
2071 2435 2153 2482 ta-

574 2525 698 2565 men
729 2511 833 2567 hoc
850 2527 958 2567 non
983 2510 1145 2569 faciet
1167 2514 1309 2569 omni
1331 2514 1552 2581 nationi,
1583 2515 1637 2571 id
1676 2525 1782 2585 est,
1804 2518 2035 2574 diversis
2075 2532 2160 2575 se-

574 2600 677 2655 ctis
691 2600 1086 2658 haereticorum.
1104 2602 1282 2671 Omni,
1295 2604 1349 2661 id
1360 2616 1444 2661 est
1464 2608 1757 2663 secundum
1777 2623 1966 2664 omnes
1979 2615 2160 2679 partes

573 2703 621 2746 et
637 2692 846 2763 judicia
863 2710 982 2758 sua,
1004 2695 1059 2750 id
1079 2704 1185 2762 est,
1211 2698 1315 2753 hoc
1327 2697 1502 2769 ipsum
1517 2700 1661 2769 quod
1686 2698 1823 2755 alios
1843 2714 2031 2755 eorum
2053 2699 2162 2756 sal-

573 2781 796 2838 vabitex
815 2785 1011 2854 gratia,
1026 2785 1160 2843 alios
1172 2786 1524 2843 damuabitex
1539 2789 1770 2860 iustitia,
1795 2807 1899 2845 non
1918 2789 2162 2858 maru'fes-

575 2875 726 2943 tabit,
741 2874 795 2931 id
812 2884 916 2945 est,
931 2877 1194 2934 revelabit
1212 2877 1313 2941 eis,
1328 2893 1499 2949 quare
1512 2879 1776 2950 permittit
1790 2881 1869 2937 sic
1879 2879 2158 2937 excascari.

1051 2966 1373 3025 PSALMUb
1408 2968 1682 3025 CXLVIII.

932 3075 1200 3118 ALLBLDIA
1228 3075 1381 3119 Αεεει
1409 3078 1480 3118 Εἰ·
1505 3076 1809 3118 ῑΑειιΑιιιε.

654 3170 673 3203 ‹
710 3151 951 3211 Laudate
966 3153 1254 3209 Dominum
1282 3156 1348 3209 de
1363 3155 1537 3223 cmlis,
1554 3154 1771 3211 laudate
1781 3170 1907 3211 eum
1921 3155 1975 3211 in
1986 3155 2165 3212 excel-

588 3261 606 3294 ι
645 3244 741 3299 sis.
757 3244 999 3301 Laudate
1018 3260 1165 3312 eum,
1184 3261 1371 3319 omnes
1400 3246 1577 3316 angeli
1606 3244 1746 3316 ejus,
1773 3247 1988 3303 laudate
2016 3262 2161 3315 eum,

2247 692 2520 763 digniores
2546 698 2601 745 et
2647 689 2828 743 minus
2863 687 3037 756 dignae
3081 692 3363 747 creaturae,
3399 680 3612 736 scilicet
3650 679 3849 734 ineor-

2248 796 2449 853 ρει-επ,
2476 796 2545 837 ex
2570 777 3001 835 consideratione
3024 772 3355 845 singularum
3380 770 3577 827 invitat
3609 770 3853 826 laudare

2248 875 2555 940 Dominum,
2593 870 2858 942 incipiens
2881 885 2913 924 a
2935 866 3266 939 dignioribus,
3298 865 3373 919 ita
3408 881 3422 918 :
3446 861 3693 917 Laudate
3714 878 3849 915 eum

2247 966 2305 1021 in
2323 964 2560 1029 excelsis,
2592 963 2647 1019 id
2677 971 2784 1028 est,
2809 974 3074 1031 suprema:
3093 965 3150 1014 et
3183 956 3405 1012 altiores
3426 962 3698 1009 creaturae
3722 954 3850 1009 sint

2247 1056 2404 1112 vobis
2428 1055 2655 1111 materia
2693 1050 2947 1108 laudandi
2971 1050 3273 1105 Dominum.
3313 1047 3379 1102 Et
3406 1045 3669 1121 supponit
3712 1044 3849 1100 illas

2249 1146 2471 1202 altiores
2493 1152 2768 1202 creaturas
2798 1158 2894 1214 per
2919 1151 3123 1213 partes,
3153 1140 3232 1194 ita
3256 1157 3271 1194 :
3292 1136 3533 1192 Laudate
3551 1153 3696 1200 eum,
3720 1152 3848 1191 aut-

2251 1253 2341 1293 nes
2380 1237 2552 1309 angeli
2582 1236 2721 1307 ejus,
2758 1234 2814 1289 id
2850 1243 2955 1298 est,
2986 1246 3081 1287 vos
3110 1230 3283 1286 nuntii
3307 1229 3423 1299 eius
3458 1227 3530 1283 ad
3557 1226 3747 1295 ﬁdeles
3788 1228 3850 1281 in

2252 1340 2400 1387 terra
2444 1329 2811 1391 demorantes,
2832 1333 2888 1381 et
2927 1340 3033 1380 non
3072 1323 3247 1378 solum
3292 1320 3490 1391 angeli,
3536 1320 3634 1374 sed
3674 1319 3845 1374 etiam

2251 1435 2430 1475 omnes
2466 1419 2684 1473 uirtutes
2708 1416 2845 1487 ejus,
2872 1414 2927 1470 id
2953 1423 3059 1478 est,
3089 1426 3279 1467 omnes
3306 1410 3561 1466 caelestes
3589 1409 3846 1478 spiritus,

2251 1519 2426 1568 estote
2455 1510 2686 1565 materia
2715 1505 2992 1562 laudandi.
3020 1505 3089 1560 Et
3115 1518 3220 1558 non
3246 1492 3426 1559 solum
3464 1499 3720 1556 etelestia
3754 1500 3848 1553 in-

2251 1616 2516 1672 corporea
2541 1601 2653 1655 sint
2679 1598 2834 1653 vobis
2862 1595 3088 1651 materia
3118 1591 3370 1648 laudandi
3406 1591 3726 1653 Dominum,
3746 1588 3850 1644 sed

2252 1692 2415 1747 etiam
2465 1689 2711 1746 caelestia
2781 1701 3058 1757 corporea,
3104 1682 3355 1739 videlicet
3419 1680 3501 1736 sol
3541 1689 3593 1734 et
3642 1680 3777 1733 (una
3798 1688 3848 1732 et

2251 1781 2437 1847 stellte,
2468 1789 2581 1836 tum
2632 1795 2700 1835 ex
2742 1793 2807 1834 eo
2837 1778 2978 1848 quod
3002 1784 3149 1841 sunt,
3174 1782 3284 1829 tum
3304 1772 3466 1828 etiam
3492 1770 3641 1841 quod
3669 1767 3854 1839 fulgo.

2254 1889 2371 1929 rem
2413 1889 2480 1930 ex
2521 1887 2588 1928 eo
2640 1870 2910 1928 emittent.
2966 1867 3081 1923 Hoc
3133 1875 3218 1922 est
3263 1864 3404 1936 quod
3443 1864 3607 1928 dicit,
3660 1872 3709 1917 et
3763 1863 3852 1915 lu-

2179 1984 2223 2045 B
2250 1980 2386 2019 men.
2412 1962 2559 2028 Caeli,
2608 1961 2664 2018 id
2708 1969 2812 2027 est,
2866 1960 3266 2014 ﬁrmamentum
3307 1964 3363 2012 et
3386 1955 3560 2010 aether
3586 1993 3604 2018 ,
3629 1952 3853 2045 scilicet

2250 2057 2515 2128 complexi
2565 2055 2646 2110 vis
2697 2071 2711 2108 :
2758 2053 3027 2118 calorum,
3074 2051 3127 2105 id
3177 2058 3282 2115 εει,
3326 2057 3535 2119 septem
3603 2044 3853 2101 circulo-

2252 2164 2396 2215 rum,
2428 2146 2520 2203 ubi
2552 2145 2772 2215 aplanes
2799 2152 2855 2199 et
2901 2143 3132 2213 planetae
3182 2139 3303 2194 ﬁxae
3344 2146 3492 2204 sunt,
3530 2135 3642 2191 sint
3682 2134 3851 2190 vobis

2252 2243 2482 2300 materia
2536 2241 2788 2297 laudandi
2859 2239 3166 2295 Dominum.
3237 2235 3370 2292 Esse
3432 2248 3605 2305 aquas
3672 2245 3853 2302 super

2253 2335 2593 2391 ﬁrmamento
2621 2372 2637 2399 ,
2707 2346 2776 2388 ex
2836 2328 3036 2386 Genesi
3082 2334 3261 2400 patet,
3313 2324 3407 2380 ubi
3455 2324 3662 2378 dictum
3721 2329 3847 2375 est:

2260 2445 2281 2480 σ
2313 2427 2513 2483 Divisit
2541 2418 2709 2497 aquas
2733 2439 2853 2496 quae
2896 2429 3052 2478 erant
3090 2420 3192 2476 sub
3233 2419 3597 2482 ﬁrmamento,
3645 2414 3716 2470 ab
3756 2414 3853 2468 his

2255 2538 2377 2593 quae
2404 2529 2562 2577 erant
2606 2533 2770 2590 super
2821 2516 3218 2571 ﬁrmamentum
3248 2509 3404 2583 (Gen.
3433 2510 3499 2578 ι).
3528 2528 3549 2562 ι
3603 2507 3689 2563 Ει’
3718 2507 3851 2563 ideo

2258 2616 2497 2680 laudate,
2519 2613 2645 2684 quia
2673 2612 2785 2682 ipse
2796 2609 2955 2681 dixit,
2982 2608 3034 2662 id
3054 2598 3139 2662 εει
3161 2603 3276 2661 solo
3293 2601 3411 2674 (sic)
3433 2602 3637 2667 dicere,
3658 2600 3714 2655 id
3737 2608 3847 2665 est,

2258 2708 2372 2765 sola
2396 2706 2677 2763 voluntate
2704 2719 2821 2765 sua,
2851 2701 2994 2771 facta
3016 2708 3162 2767 sunt,
3192 2696 3402 2753 scilicet
3423 2694 3613 2751 omnia
3641 2707 3847 2748 secun-

2259 2801 2388 2857 dum
2429 2800 2617 2855 rudem
2645 2806 2702 2854 et
2737 2794 3025 2852 informem
3054 2792 3336 2849 materiam
3360 2807 3375 2845 :
3399 2791 3510 2859 ipse
3550 2788 3845 2847 mandauit,

2259 2893 2316 2949 id
2348 2900 2432 2949 est
2477 2891 2670 2957 voluit,
2716 2898 2765 2945 et
2793 2897 2972 2944 creata
2998 2895 3140 2953 sunt,
3189 2883 3247 2940 id
3285 2892 3390 2948 est,
3439 2880 3652 2951 singula
3685 2881 3852 2949 prius

2260 2984 2509 3049 confusa,
2543 2983 2750 3039 formas
2791 2978 3039 3052 proprias
3068 2982 3408 3048 receperunt.
3438 2974 3507 3029 Et
3549 2982 3850 3044 postquam

2261 3084 2446 3133 creata
2486 3085 2632 3141 sunt,
2659 3092 2680 3127 ι
2711 3072 2904 3133 statuit
2929 3086 2995 3127 ea
3024 3071 3080 3126 in
3108 3069 3362 3126 saeculum
3383 3076 3440 3123 et
3482 3067 3538 3122 in
3578 3064 3849 3121 saeculum

2261 3164 2464 3229 saeculi,
2499 3184 2519 3217 ι
2563 3164 2618 3220 id
2645 3173 2752 3229 est,
2792 3162 3018 3219 statoria
3044 3159 3175 3217 fecit
3215 3174 3303 3225 ea,
3340 3157 3546 3213 scilicet
3584 3168 3853 3210 mansura

2263 3270 2363 3327 per
2391 3264 2564 3312 totum
2589 3246 2695 3311 hcc
2721 3254 2977 3310 saeculum
3003 3260 3059 3307 et
3098 3251 3242 3306 aliud
3281 3248 3532 3305 saeculum
3555 3265 3569 3301 :
3595 3254 3653 3301 et
3684 3245 3853 3299 insu-

587 3352 606 3385 ι
653 3352 844 3393 omnes
869 3338 1101 3398 virtutes
1113 3336 1249 3407 ejus.
1266 3339 1507 3396 Laudate
1525 3355 1674 3407 eum,
1700 3340 1783 3397 sol
1801 3350 1860 3396 et
1874 3340 2026 3408 luna,
2048 3340 2164 3396 lau-
2189 3334 2234 3397 C
2264 3361 2363 3417 per
2389 3354 2724 3417 promptum,
2748 3344 2804 3400 id
2833 3351 2939 3408 est,
2968 3342 3145 3415 legem
3170 3349 3228 3397 et
3262 3338 3493 3396 cilicium
3518 3336 3764 3407 qualiter
3795 3351 3855 3392 se

588 3446 607 3480 ι
644 3430 770 3485 date
796 3444 944 3497 eum,
965 3445 1152 3486 omnes
1167 3431 1334 3488 stella:
1345 3432 1610 3488 etlumen.
1630 3432 2164 3499 Laudateeum,cmli

591 3535 611 3570 ι
645 3519 928 3587 caelorum,
960 3531 1179 3592 etaqua:
1200 3536 1517 3593 omnesquae
1539 3538 1701 3595 super
1712 3524 1878 3581 caelos
1891 3533 2037 3591 sunt,
2051 3524 2166 3579 lau-

590 3630 609 3664 ι
639 3614 766 3695 dent
780 3629 973 3670 nomen
989 3616 1363 3685 Domini.Quia
1376 3617 1489 3689 ipse
1502 3618 1715 3685 dixit,et
1728 3618 1870 3674 facta
1881 3629 2007 3676 sunt
2021 3637 2036 3674 :
2050 3619 2167 3691 ipse

589 3722 610 3758 ι
652 3705 1190 3763 mandavitetcreata
1209 3718 1358 3764 sunt.
1387 3708 1666 3766 Statuitea
1692 3711 1744 3765 in
1761 3710 2018 3767 saeculum
2030 3720 2089 3767 et
2108 3711 2166 3766 in

590 3812 609 3848 ι
650 3798 904 3853 saeculum
917 3798 1116 3861 saeculi,
1133 3809 1458 3872 praeceptum
1472 3801 1653 3872 posuit
1663 3810 1718 3858 et
1729 3816 1834 3858 non
1846 3801 2163 3872 praeteribit.

591 3904 610 3937 ι
660 3887 893 3944 Laudate
922 3888 1207 3944 Dominum
1256 3890 1323 3946 de
1348 3898 1517 3957 terra,
1560 3892 1825 3947 dracones
1878 3899 1935 3947 et
1977 3903 2167 3947 omnes

592 3994 611 4028 ‹
653 3979 854 4049 abyssi,
880 3981 1106 4050 grando,
1137 3980 1252 4046 nix,
1274 3980 1494 4051 glacies,
1521 3982 1748 4054 spiritus
1784 3980 2163 4052 procellarum,

591 4085 612 4119 ι
656 4084 777 4138 qua;
801 4068 1005 4125 faciunt
1027 4071 1251 4127 verbum
1280 4072 1416 4142 ejus.
1448 4072 1653 4143 Montes
1679 4083 1734 4130 et
1762 4089 1953 4131 omnes
1979 4073 2166 4142 colles,

591 4177 614 4213 ι
659 4158 804 4231 ligna
835 4160 1113 4217 fructifera
1137 4172 1193 4218 et
1213 4178 1404 4219 omnes
1422 4164 1592 4220 cedri.
1619 4163 1813 4220 Bestiae
1836 4172 1894 4220 et
1916 4165 2168 4221 universa

596 4270 615 4304 ι
661 4267 881 4323 pecora,
905 4261 1184 4324 serpentes
1206 4262 1262 4310 et
1285 4254 1531 4312 volucres
1551 4264 1816 4327 pennata.
1849 4255 2026 4328 Reges
2061 4264 2170 4312 ter-

594 4360 615 4395 ι
659 4358 734 4399 rm
774 4351 830 4399 et
882 4358 1073 4400 omnes
1101 4344 1305 4414 pepuli,
1357 4345 1627 4417 principes
1654 4354 1708 4403 et
1737 4361 1927 4403 omnes
1957 4345 2170 4418 iudices

599 4452 619 4486 ι
664 4442 843 4491 terrae.
867 4432 1104 4492 Iuvenes
1131 4444 1187 4492 et
1221 4436 1482 4509 virgines,
1521 4452 1679 4495 senes
1715 4453 1838 4494 cum
1859 4438 2170 4511 junioribus

595 4541 614 4576 ι
659 4523 879 4579 laudent
898 4540 1091 4581 nomen
1125 4525 1359 4595 Domini,
1384 4529 1509 4598 quia
1540 4528 1829 4585 exaltatum
1863 4538 1948 4585 est
1974 4545 2170 4587 nomen

596 4635 617 4669 ι
662 4613 779 4684 ejus
810 4615 996 4672 solius.
1022 4616 1305 4674 Confessio
1329 4617 1445 4687 ejus
1466 4634 1628 4692 super
1649 4621 1845 4677 cadum
1863 4629 1919 4677 ει
1942 4629 2164 4687 terram,

2265 3439 2529 3494 baberent
2555 3445 2612 3493 et
2645 3436 2774 3508 quid
2805 3442 3047 3506 agerent,
3082 3431 3314 3502 injunxit
3342 3444 3358 3485 :
3384 3441 3432 3486 et
3478 3446 3581 3485 non
3622 3439 3856 3498 ρηιυιετ-

2263 3528 2378 3595 ibit,
2402 3528 2455 3585 id
2477 3535 2583 3593 est,
2614 3534 2948 3599 praeceptum
2978 3539 3135 3581 suum
3163 3522 3367 3595 aliquid
3388 3522 3580 3576 horum
3606 3535 3623 3585 ;
3650 3520 3759 3574 sed
3789 3517 3857 3573 ad

2264 3622 2409 3693 quod
2446 3628 2630 3677 creata
2660 3628 2804 3688 sunt,
2838 3620 3040 3692 iugiter
3078 3615 3467 3687 adimplebunt.
3499 3613 3666 3669 Facta
3712 3627 3857 3684 ergo

2267 3713 2631 3771 admonitione
2659 3721 2720 3769 ut
2744 3714 2911 3768 Deum
2932 3712 3149 3767 laudent
3175 3726 3246 3767 ex
3265 3708 3697 3766 consideratione
3738 3721 3858 3761 cu:-

2266 3806 2502 3873 lestium,
2536 3806 2733 3862 iterum
2779 3806 2977 3861 invitat
3014 3805 3081 3859 ad
3127 3792 3289 3859 idem
3315 3816 3384 3857 ex
3410 3799 3859 3857 consideratione

2266 3899 2627 3964 terrestrium,
2661 3898 2736 3953 ita
2758 3914 2773 3952 :
2795 3895 3035 3952 Laudate
3060 3895 3343 3950 Dominum
3372 3892 3436 3947 de
3466 3902 3629 3955 terra,
3658 3888 3717 3944 id
3746 3897 3855 3952 est,

2267 3988 2449 4044 omnia
2471 3997 2685 4044 terrena
2710 3988 2819 4044 sint
2837 3988 2990 4043 vobis
3005 3985 3234 4041 materia
3258 3983 3513 4039 laudandi
3533 3981 3850 4043 Dominum,

2267 4078 2520 4135 videlicet
2563 4080 2838 4144 dracones;
2869 4093 2990 4149 qua:
3028 4084 3156 4133 sunt
3203 4073 3470 4147 praecipua
3497 4072 3761 4127 animalia
3802 4072 3855 4125 in

2271 4172 2522 4229 terrenis.
2556 4169 2627 4225 Et
2658 4187 2833 4226 omnes
2876 4170 3070 4241 abyssi.
3116 4167 3314 4241 Abyssi
3351 4167 3607 4222 dicuntur
3648 4165 3707 4220 in
3751 4167 3856 4221 hoc

2269 4263 2390 4320 loco
2437 4263 2873 4334 profundissima:
2918 4261 3112 4326 fossae,
3165 4261 3258 4317 ubi
3307 4260 3573 4316 dracones
3624 4257 3851 4313 cubant.

2276 4373 2296 4408 ι
2331 4355 2492 4426 lgnis,
2540 4355 2768 4428 grando,
2818 4354 2931 4421 nix,
2960 4353 3183 4426 glacies,
3230 4358 3287 4406 et
3321 4349 3544 4422 spiritus
3579 4348 3854 4420 procella-

2272 4462 2417 4514 rum,
2449 4465 2468 4499 ι
2498 4446 2551 4502 id
2579 4455 2685 4512 est,
2714 4447 2863 4503 venti
2892 4446 2981 4516 qui
3015 4445 3220 4501 faciunt
3242 4442 3506 4515 procellas
3536 4461 3549 4498 :
3582 4458 3710 4514 quae
3750 4443 3854 4499 sci-

2272 4537 2400 4594 licet
2430 4538 2615 4595 omnia
2648 4538 2848 4609 faciunt
2891 4536 3100 4593 verbum
3131 4536 3268 4608 ejus,
3309 4535 3364 4591 id
3402 4544 3509 4600 est,
3553 4535 3854 4590 observant

2272 4640 2599 4703 praeceptum
2629 4629 2766 4702 ejus,
2793 4630 2902 4687 sint
2923 4630 3078 4686 vobis
3121 4628 3347 4684 materia
3377 4627 3636 4682 laudandi
3668 4625 3853 4683 Domi-

595 4724 614 4760 ι
660 4716 716 4761 ει
758 4707 1018 4763 exaltavit
1062 4723 1231 4764 cornu
1271 4710 1452 4781 populi
1496 4711 1600 4767 sui.
1642 4710 1885 4783 Hymnus
1923 4712 2159 4770 omnibus

2273 4742 2421 4781 num.
2454 4744 2474 4779 ι
2502 4724 2711 4783 Montes
2750 4734 2807 4782 et
2847 4740 3038 4781 omnes
3071 4723 3257 4791 colles,
3307 4723 3450 4796 ligna
3480 4721 3771 4779 fructifera
3799 4731 3851 4777 et

596 4815 613 4848 ι
656 4798 861 4854 sanctis
874 4796 1012 4868 ejus,
1031 4798 1153 4856 ﬁliis
1164 4799 1353 4865 Israel,
1367 4801 1563 4873 p0pulo
1577 4803 2026 4874 appropinquanti
2044 4802 2168 4860 sibi.

1148 4891 1605 4949 ENARRATIO.

660 4981 720 5039 In
747 4983 1015 5055 superiori
1034 4982 1292 5053 Laudate,
1318 4986 1511 5042 invitat
1526 4986 1802 5066 Propheta
1824 5002 2015 5044 omnes
2038 4984 2171 5043 ﬁde-

591 5075 670 5132 les
691 5076 915 5133 laudare
936 5076 1220 5133 Dominum
1248 5092 1318 5134 ex
1345 5080 1777 5137 consideratione
1806 5080 2167 5150 spiritualium

592 5172 877 5239 donorum,
904 5170 1109 5228 scilicet
1129 5170 1255 5227 ﬁdei
1275 5180 1329 5228 et
1346 5171 1577 5228 aliorum
1602 5188 1723 5244 qua:
1745 5172 1820 5229 ibi
1847 5173 1988 5229 dicta
2017 5181 2164 5229 sunt.

589 5261 649 5317 ln
670 5262 840 5319 altero
861 5271 1059 5331 autem,
1086 5262 1143 5320 id
1165 5270 1283 5331 est,
1314 5262 1368 5319 in
1382 5261 1591 5330 Lauda,
1611 5263 1925 5330 Jerusalem,
1951 5280 2166 5321 rursum

559 5393 562 5396 .
593 5352 846 5409 admonet
878 5368 1068 5409 omnes
1097 5352 1318 5410 laudare
1348 5355 1636 5411 Dominum
1663 5369 1731 5411 ex
1755 5370 1819 5411 ea
1855 5357 2166 5413 considera-

594 5448 739 5501 tione
771 5444 898 5516 quia
940 5444 1234 5501 Ecclesiam
1279 5461 1434 5502 suam
1490 5455 1679 5502 contra
1735 5447 2168 5519 impugnationes

595 5535 974 5593 haereticorum
993 5536 1223 5594 ﬁrmiter
1244 5536 1440 5602 munit,
1467 5544 1522 5592 et
1544 5537 1759 5593 eosdem
1795 5539 1959 5593 etiam
1980 5549 2169 5609 postea

595 5629 663 5683 ad
691 5628 850 5685 ﬁdem
878 5629 1146 5685 convertit
1172 5647 1187 5684 :
1225 5629 1281 5684 in
1310 5631 1414 5685 hoc
1432 5643 1563 5685 vero
1585 5628 1792 5701 psalmo
1823 5629 2018 5684 invitat
2038 5630 2173 5684 ﬁde-

597 5718 676 5775 les
721 5718 941 5776 laudare
985 5718 1276 5776 Dominum
1323 5735 1394 5776 ex
1439 5720 1874 5777 consideratione
1927 5721 2170 5776 omnium

597 5817 994 5876 creaturarum,
1024 5812 1104 5865 sic
1123 5811 1308 5866 dicens
1336 5827 1351 5865 :

671 5899 908 5957 Laudate
932 5900 1211 5957 Dominum
1229 5900 1294 5958 de
1313 5901 1477 5973 aclis,
1507 5900 1560 5960 id
1594 5910 1711 5974 est,
1739 5901 1863 5961 caeli
1889 5902 2000 5961 sint
2021 5901 2173 5963 vobis

2154 6038 2253 6080 ,ἧκ’

2270 4831 2458 4873 omnes
2486 4817 2659 4883 cedri,
2687 4835 2706 4868 ι
2740 4817 2795 4872 id
2825 4825 2932 4881 est,
2969 4826 3022 4873 ει
3050 4815 3296 4873 fecunda:
3338 4817 3562 4872 arbores
3593 4825 3652 4871 et
3695 4816 3854 4871 steri-

2270 4906 2350 4964 les
2374 4926 2389 4962 :
2419 4908 2596 4963 bestia:
2626 4907 2836 4964 scilicet
2865 4907 3161 4975 silvestres,
3189 4918 3239 4963 et
3275 4908 3518 4963 universa
3554 4924 3776 4977 pecora,
3803 4906 3853 4962 id

2269 5007 2374 5063 est,
2407 5000 2610 5056 domita
2661 4998 2914 5054 animalia
2946 5008 3244 5070 :serpentes
3273 5008 3321 5053 et
3367 4995 3609 5052 uolucres
3650 4996 3855 5052 scilicet

2270 5099 2385 5145 tum
2411 5103 2480 5145 ex
2506 5105 2571 5145 ea
2600 5089 3037 5146 consideratione
3064 5089 3208 5158 quod
3247 5095 3375 5143 sunt
3407 5086 3682 5154 voluens,
3706 5094 3763 5141 et
3790 5099 3852 5140 es

2229 5196 2331 5265 “ea
2357 5181 2499 5250 quod
2526 5192 2654 5236 sunt
2682 5199 2702 5233 ι
2727 5188 2996 5250 pennatae.
3037 5178 3213 5251 Reges
3239 5187 3397 5234 terra:
3426 5186 3482 5235 et
3516 5193 3716 5234 omnes
3757 5192 3851 5248 po-

2268 5271 2397 5341 puli,
2427 5290 2449 5326 »
2480 5270 2532 5326 id
2557 5279 2664 5338 est,
2701 5272 2899 5327 subditi
2925 5271 3183 5342 ipsorum.
3219 5287 3239 5322 α
3275 5268 3552 5340 Principes
3574 5277 3644 5337 ⁸ει
3666 5281 3852 5324 omnes

2262 5360 2474 5432 iudices
2502 5368 2679 5427 teme,
2708 5379 2727 5413 ι
2759 5360 2969 5417 scilicet
2998 5375 3119 5416 cum
3167 5359 3277 5416 sint
3312 5358 3605 5431 principes,
3638 5358 3737 5414 sed
3770 5368 3842 5412 ta.

2270 5467 2393 5507 men
2418 5452 2727 5524 reipublicae
2751 5467 2937 5506 curam
2967 5451 3234 5507 habentes
3257 5467 3271 5504 :
3291 5451 3509 5520 juvenes
3535 5458 3585 5502 et
3608 5450 3851 5521 uirgines,

2269 5542 2358 5598 hic
2387 5550 2543 5596 notat
2568 5541 2807 5596 diversos
2846 5556 3008 5597 sexus
3038 5557 3221 5595 :senes
3257 5556 3374 5594 cum
3396 5538 3729 5609 junioribus,
3769 5538 3855 5594 hic

2270 5634 2511 5689 diversas
2537 5641 2742 5698 aetates,
2788 5630 3002 5687 laudent
3033 5648 3221 5686 nomen
3248 5630 3481 5698 Domini,
3507 5629 3560 5685 id
3606 5639 3713 5696 est,
3744 5643 3850 5684 om

2271 5724 2358 5780 nia
2388 5725 2503 5779 hzec
2528 5723 2804 5794 praedicta,
2852 5723 2963 5778 sint
2988 5722 3142 5777 vobis
3180 5721 3408 5777 materia
3455 5720 3713 5777 laudandi
3755 5719 3852 5774 Do-

2277 5817 2499 5871 minum.
2537 5814 2606 5870 Et
2634 5814 2830 5871 merito
2869 5815 3081 5871 debetis
3105 5829 3230 5870 eum
3260 5813 3481 5870 laudare
3509 5828 3576 5868 ex
3606 5812 3851 5869 conside-

2274 5905 2483 5964 ratione
2519 5905 2716 5964 horum
2753 5904 3021 5978 omnium,
3069 5914 3187 5964 tum
3215 5924 3234 5960 ι
3264 5905 3389 5976 quia
3434 5903 3735 5961 exaltatum
3772 5908 3852 5956 cst

2319 6046 2356 6076 ι,
2373 6049 2411 6063 -·
2429 6048 2500 6071 tu."
