4038 6422
225 423 329 485 8M

1348 418 1883 483 ENARRATIONES
1919 419 1987 478 IN
2023 419 2357 479 PSALMOS.

3376 426 3488 485 842

225 556 431 601 nomen
462 539 579 610 ejus
621 538 787 597 solius
812 558 825 595 :
852 524 880 593 ἰ
906 536 1061 609 juxta
1107 536 1274 597 illud:
1305 559 1324 593 ι
1356 541 1630 598 Exaltavit
1654 555 1800 606 eum,
1830 543 1886 601 Α
1909 537 2065 593 estin
2089 536 2397 602 concordia,
2423 533 2477 590 id
2502 539 2609 601 εει,
2635 530 2687 588 in
2717 525 3004 590 dilectione
3032 534 3126 591 Dei
3153 546 3209 593 et
3231 539 3489 609 proximi.

227 645 288 691 et
334 634 481 690 dedit
533 633 585 689 ei
628 648 823 689 nomen
870 633 1012 703 quod
1064 643 1147 689 est
1194 650 1355 705 super
1398 650 1559 691 omne
1613 650 1812 690 nomen

1915 628 1983 685 Et
2015 630 2069 684 in
2102 641 2369 702 tympano,
2410 627 2465 683 id
2511 634 2615 692 εει,
2640 626 2693 680 in
2741 627 3084 697 separatione
3109 630 3349 686 omnium
3375 632 3489 693 cri-

229 722 401 795 (Phil.
436 724 499 793 ιι)
526 740 540 777 :
569 742 589 776 ι
634 730 745 778 tum
772 723 898 794 quia
942 742 960 775 ι
998 723 1267 781 confessio
1289 725 1407 795 ejus
1428 741 1593 797 super
1617 726 1811 783 ctelum
1913 721 2213 776 minalium.
2238 719 2351 775 Hoc
2376 718 2521 774 enim
2552 717 2843 772 denotatur
2866 731 2962 787 per
2989 725 3303 790 tympanum
3340 723 3502 786 coriO.

228 825 288 871 et
313 824 539 881 terram,
570 834 589 868 ι
617 815 671 870 id
695 826 797 882 est,
829 815 949 870 laus
971 814 1087 884 ejus
1112 817 1165 871 in
1194 818 1458 886 superiori
1483 826 1537 873 ει
1560 817 1804 873 inferiori

227 919 520 965 creatura:
551 919 661 965 tum
701 911 826 979 quia
869 912 1085 967 tandem
1129 911 1392 967 exaltabit
1432 929 1594 967 cornu
1637 910 1814 982 populi

226 1003 333 1063 sui,
365 1002 418 1056 id
456 1010 558 1067 est,
585 1000 969 1057 sublimitatem
1002 1019 1223 1059 suorum
1248 1002 1395 1072 juste
1426 1004 1811 1060 remunerabit.

229 1092 495 1157 Laudate,
526 1093 763 1164 inquam,
808 1094 885 1149 sic
907 1093 1147 1149 dicentes
1176 1096 1313 1150 alter
1332 1095 1487 1150 alteri
1514 1094 1812 1166 :llymnus,

230 1182 289 1236 id
327 1191 430 1248 est,
468 1182 584 1237 laus
613 1183 685 1236 sit
719 1184 954 1238 omnibus
1004 1185 1198 1239 sanctis
1225 1186 1363 1256 ejus,
1396 1186 1447 1241 id
1497 1194 1603 1249 est,
1630 1199 1816 1239 omnes

232 1274 415 1328 sancti
469 1273 686 1328 laudent
725 1289 871 1339 eum,
920 1275 1126 1330 scilicet
1169 1278 1314 1331 omni
1364 1277 1625 1348 dignitate
1668 1277 1815 1342 vitaz,

227 1365 485 1428 Videlicet
522 1366 593 1421 illi
617 1367 707 1437 qui
745 1381 812 1421 ex
840 1367 1038 1423 ludatis
1079 1368 1205 1424 facti
1234 1380 1359 1425 sunt
1384 1370 1572 1436 Israel,
1620 1370 1672 1424 id
1714 1378 1815 1435 est,

235 1458 428 1513 ﬁdeles
478 1458 575 1520 illi,
610 1459 700 1527 qui
746 1473 809 1513 ex
860 1460 1109 1529 gentibus
1154 1461 1316 1517 additi
1361 1470 1486 1517 sunt
1531 1461 1634 1516 illis
1682 1460 1819 1515 alter

232 1546 441 1616 paries.
499 1546 614 1602 Hoc
652 1557 735 1603 est
776 1548 919 1618 quod
970 1550 1118 1615 dicit,
1170 1569 1187 1601 ‹
1214 1551 1369 1606 Filiis
1415 1551 1817 1621 lsrael,p0pulo

232 1636 691 1707 appropinquanti
743 1638 864 1704 sibi,
906 1658 924 1691 ι
961 1639 1013 1694 id
1061 1648 1163 1707 est,
1207 1641 1339 1712 ipsis
1368 1641 1491 1697 ﬁliis
1535 1642 1718 1697 lsrael.
1759 1642 1818 1697 ln

232 1742 561 1797 quocunque
614 1728 821 1798 psalmo
867 1729 1097 1785 habetur
1148 1731 1359 1787 alleluia
1407 1732 1460 1787 in
1515 1733 1818 1803 principio,

234 1814 474 1872 habetur
516 1817 746 1875 alterum
788 1818 842 1874 in
872 1818 980 1876 line
1024 1823 1316 1879 secundum
1362 1823 1577 1879 beatum
1623 1823 1816 1881 Hiero-

234 1924 479 1980 nymum.

733 2001 1052 2062 PSALMUS
1089 2002 1320 2062 CXLIX.

900 2113 1182 2154 ΑιιΕιυιΑ.

252 2192 291 2256 j';
318 2205 337 2238 ι
373 2181 597 2243 Cantate
639 2187 867 2243 Domino
894 2190 1161 2244 canticum
1192 2202 1419 2256 nOVum,
1483 2190 1600 2248 laus
1626 2192 1741 2264 ejus
1771 2206 1828 2248 tn

244 2294 263 2328 ι
311 2275 537 2332 ecclesia
582 2287 912 2333 sanctorum.
957 2279 1191 2336 Laetetur
1229 2280 1394 2337 lsracl
1426 2283 1479 2337 in
1528 2298 1594 2340 eo
1622 2284 1715 2355 qui
1752 2284 1829 2341 fe-

244 2381 262 2415 :
314 2364 389 2419 cit
418 2380 560 2431 eum,
593 2375 645 2421 et
686 2366 809 2421 filia:
838 2366 968 2422 Sion
998 2369 1268 2425 exsultent
1300 2372 1353 2424 in
1383 2387 1508 2443 rege
1535 2389 1653 2428 suo.
1686 2373 1828 2429 Lau-

243 2473 262 2504 ε
314 2455 442 2508 dent
461 2471 657 2510 nomen
680 2455 799 2527 ejus
830 2458 882 2512 in
908 2459 1096 2525 choro,
1122 2459 1177 2513 in
1209 2469 1462 2532 tympano
1491 2470 1547 2518 et
1567 2464 1830 2532 psalterio

254 2565 270 2598 ι
322 2546 551 2618 psallunt
601 2548 674 2603 ei.
734 2547 870 2615 Quia
919 2549 1311 2621 beneplacitum
1364 2562 1447 2608 est
1494 2554 1721 2610 Domino
1772 2554 1828 2610 in

248 2654 270 2687 ι
321 2636 514 2706 p0pulo
557 2652 673 2704 suo,
705 2647 762 2694 et
806 2637 1065 2693 exaltabit
1113 2652 1425 2697 mansuetos
1473 2642 1527 2697 in
1574 2644 1824 2699 salutem.

255 2746 274 2780 ι
326 2728 681 2785 Exsultabunt
712 2732 881 2785 sancti
912 2731 966 2785 in
983 2732 1176 2802 gloria,
1205 2732 1531 2789 laetabuntur
1556 2735 1609 2790 in
1638 2736 1831 2791 cubili-

247 2838 269 2871 ι
321 2820 421 2875 bus
445 2821 575 2876 suis.
622 2821 1022 2878 Exsultationes
1060 2823 1154 2878 Dei
1187 2823 1240 2878 in
1270 2834 1488 2894 gutture
1527 2841 1733 2892 eorum,
1775 2835 1833 2883 et

248 2927 269 2961 ι
318 2909 479 2979 gladii
508 2912 770 2981 ancipites
796 2912 850 2966 in
880 2913 1132 2970 manibus
1159 2929 1368 2969 eorum.
1406 2917 1489 2970 Ad
1529 2915 1830 2973 faciendam

250 3018 272 3051 ι
322 3001 613 3058 vindictam
644 3004 696 3057 in
728 3004 1056 3071 nationibus,
1090 3006 1489 3076 increpationes
1516 3008 1569 3063 in
1597 3008 1827 3080 populis.

249 3113 270 3145 ι
317 3094 399 3148 Ad
429 3094 724 3167 alligandos
757 3113 911 3167 reges
937 3113 1123 3153 eorum
1158 3099 1214 3153 in
1245 3101 1612 3171 compedibus,
1652 3110 1708 3157 et
1735 3116 1831 3157 no-

255 3205 275 3238 t
325 3188 463 3243 biles
502 3203 691 3244 eorum
719 3190 774 3244 in
804 3190 1030 3246 manicis
1060 3191 1270 3247 ferreis.
1318 3192 1388 3248 Ut
1420 3190 1624 3247 faciant
1666 3191 1720 3246 in
1751 3192 1832 3248 eis

1916 813 2117 869 mortui
2158 811 2406 868 animalis
2448 808 2779 873 obvolutum,
2808 823 2840 863 a
2870 824 2978 880 quo
3004 810 3265 883 quidquid
3300 811 3498 871 humo-

1917 907 1994 961 ris
2021 905 2205 961 carnei
2234 905 2429 969 inerat,
2471 901 2706 974 perfecte
2733 909 2816 957 est
2855 902 3211 958 abstractum.
3239 902 3311 959 Et
3351 905 3497 977 psal-

1915 1000 2044 1053 terio
2073 997 2301 1068 psallant
2327 997 2394 1063 ei,
2418 995 2471 1051 id
2496 1005 2597 1060 est,
2627 993 2847 1050 laudent
2872 1008 2992 1050 eum
3018 994 3072 1049 in
3101 995 3280 1052 anima
3302 1006 3496 1054 ornata

1914 1087 2221 1143 virtutibus.
2250 1086 2319 1143 Et
2350 1086 2470 1141 ideo
2499 1085 2698 1141 debent
2726 1094 2947 1141 cantare
2976 1084 3201 1142 Domino
3231 1086 3335 1144 hoc
3362 1103 3497 1144 can-

1919 1180 2081 1235 ticum
2146 1194 2365 1245 novum,
2415 1177 2469 1233 id
2514 1185 2614 1240 est,
2667 1175 2887 1234 laudare
2939 1192 3062 1234 eum
3109 1177 3162 1233 in
3208 1179 3399 1246 choro,
3442 1181 3500 1237 in

1920 1278 2178 1341 tympano
2208 1278 2262 1324 et
2306 1266 2564 1339 psalterio
2592 1284 2606 1322 :
2636 1286 2655 1319 ι
2686 1267 2811 1338 quia
2849 1266 3241 1337 beneplacitum
3266 1279 3351 1326 est
3388 1270 3499 1328 Do-

1920 1363 2068 1418 mino
2090 1361 2284 1434 populo
2299 1376 2421 1428 suo,
2446 1380 2465 1413 t
2488 1360 2693 1416 scilicet
2719 1359 3024 1429 hujusmodi
3049 1361 3324 1416 canticum
3348 1378 3497 1430 esse,

1919 1454 2045 1524 quia
2078 1454 2181 1508 hoc
2210 1452 2313 1507 tale
2356 1451 2624 1508 canticum
2660 1450 2839 1522 placet
2880 1451 3130 1519 Domino,
3170 1461 3282 1507 tum
3330 1455 3501 1510 etiam

1926 1547 2048 1604 ideo
2081 1548 2209 1617 quia
2237 1547 2353 1617 ipse
2380 1547 2595 1601 tandem
2629 1563 2648 1596 ι
2679 1543 2938 1600 exaltabit
2977 1554 3289 1602 mansuetos
3326 1548 3381 1602 in
3412 1563 3502 1603 sa-

1921 1637 2086 1692 lutem
2114 1656 2126 1690 :
2159 1657 2176 1689 ι
2211 1637 2263 1693 in
2304 1637 2446 1692 hanc
2481 1636 2690 1691 scilicet
2712 1637 2854 1707 quod
2884 1656 2902 1688 ‹
2933 1638 3283 1693 exsultabunt
3330 1642 3510 1698 sancti

1922 1730 1975 1785 in
2001 1729 2193 1800 gloria.
2228 1749 2247 1781 ι
2288 1729 2356 1784 Ει
2380 1729 2509 1785 licet
2537 1743 2723 1784 omnes
2751 1730 3075 1801 participent
3117 1732 3363 1787 eamdem
3393 1734 3512 1804 glo-

1923 1821 2063 1875 riam
2092 1829 2147 1877 et
2178 1820 2319 1877 idem
2364 1822 2586 1886 bonum,
2618 1829 2800 1875 tamen
2847 1820 2938 1876 alii
2981 1820 3121 1891 plus,
3165 1822 3258 1877 alii
3303 1823 3508 1890 minus,

1847 1909 1897 1973 B
1922 1927 2023 1984 pro
2050 1914 2281 1969 diversis
2302 1914 2513 1969 meritis
2540 1912 2895 1983 singulorum.
2927 1912 3043 1969 Hoc
3078 1922 3163 1970 est
3184 1915 3328 1985 quod
3348 1915 3506 1983 dicit,

1930 2003 2271 2059 La’tabuntur
2308 2005 2364 2059 in
2402 2004 2660 2059 cubilibus
2696 2007 2824 2070 suis,
2873 2005 2927 2061 id
2966 2014 3072 2072 est,
3114 2006 3345 2062 diversis
3390 2008 3506 2064 suis

1930 2078 2281 2163 donis,juxta
2314 2094 2482 2150 illud:
2513 2112 2532 2147 ι
2560 2094 2619 2151 In
2661 2095 2823 2153 domo
2841 2094 3019 2151 Patris
3049 2096 3153 2153 mei
3194 2097 3513 2154 mansiones

1930 2184 2112 2239 multae
2150 2194 2277 2240 sunt
2318 2184 2499 2257 (Joan.
2534 2186 2669 2257 xlv).
2699 2203 2718 2237 ι
2753 2184 2901 2241 Istud
2940 2186 3007 2241 ad
3034 2186 3140 2243 hoc
3169 2186 3373 2242 dictum
3399 2196 3511 2255 est,

1930 2282 1988 2329 ut
2009 2289 2073 2330 eo
2098 2274 2387 2345 perfectius
2411 2277 2638 2347 quisque
2665 2286 2886 2332 cantare
2914 2279 3150 2345 studeat,
3181 2294 3289 2349 quo
3313 2279 3508 2352 singu-

1931 2365 1997 2421 lis
2025 2380 2124 2437 pro
2150 2381 2335 2422 eorum
2373 2367 2581 2423 meritis
2620 2368 2770 2423 audit
2809 2368 3081 2424 reddenda
3117 2385 3236 2426 esse
3265 2370 3338 2425 ibi
3368 2386 3507 2442 prte-

1932 2456 2063 2511 mia.
2081 2455 2150 2511 Et
2175 2465 2235 2511 ut
2269 2456 2347 2512 ibi
2372 2457 2586 2513 tandem
2615 2458 2821 2528 possint
2849 2460 3146 2529 exsultare,
3173 2461 3262 2517 hic
3289 2462 3509 2518 interim

1934 2546 2042 2603 sint
2074 2566 2093 2599 α
2127 2547 2486 2605 exaltationes
2536 2550 2632 2606 Dei
2684 2551 2737 2606 iu
2775 2561 2990 2624 gutture
3027 2568 3236 2618 eorum,
3268 2573 3289 2608 ι
3320 2554 3375 2610 id
3408 2564 3511 2619 est,

1935 2637 2175 2693 exaltent
2200 2647 2258 2693 ut
2302 2654 2407 2695 non
2437 2639 2687 2710 ejiciatur
2724 2642 2792 2697 ab
2823 2642 2908 2698 his
2938 2645 3161 2700 verbum
3206 2643 3323 2700 Dei.
3365 2644 3516 2700 Etut

1934 2738 2302 2799 competenter
2339 2731 2885 2803 sciantannuntiare,
2920 2735 2974 2789 in
3020 2736 3278 2803 manibus,
3317 2737 3371 2793 id
3400 2746 3505 2803 est,

1934 2818 1988 2873 in
2006 2828 2274 2889 potestate
2298 2821 2511 2878 illorum
2543 2823 2654 2878 sint
2674 2822 2838 2896 gladii
2859 2826 3129 2896 ancipites,
3160 2827 3215 2883 id
3246 2838 3351 2895 est,
3382 2844 3508 2885 ver-

1935 2910 2062 2967 bum
2106 2914 2199 2970 Dei
2243 2916 2388 2986 quod
2436 2925 2520 2972 est
2562 2932 2780 2989 anceps,
2831 2918 2887 2974 id
2931 2927 3035 2985 est,
3083 2918 3409 2976 conﬁrmans
3444 2936 3514 2977 ex

1937 3014 2166 3077 utroque
2212 3014 2535 3064 testamento
2589 3023 2654 3065 ea
2699 3024 2819 3080 qua
2860 3009 3151 3066 dicuntur:
3182 3011 3261 3067 vel
3288 3026 3509 3083 anceps,

1937 3096 1989 3151 id
2018 3106 2122 3164 est,
2156 3098 2443 3157 interiores
2470 3110 2526 3156 et
2567 3103 2868 3159 exteriores
2895 3105 3104 3161 sordes.
3135 3122 3155 3158 ‹
3200 3105 3284 3161 Ad
3304 3105 3510 3163 facien-

1938 3186 2062 3244 dam
2104 3190 2398 3248 vindictam
2428 3193 2482 3248 in
2530 3195 2855 3259 nationibus,
2891 3215 2910 3250 ι
2944 3197 2997 3252 id
3041 3206 3144 3263 est,
3192 3198 3258 3253 ad
3289 3199 3390 3255 hoc
3419 3200 3509 3255 de»

253 3295 273 3327 ι
312 3276 576 3347 judicium
612 3279 1012 3351 conscriptum,
1064 3281 1232 3353 gloria
1282 3282 1399 3338 hac
1443 3290 1528 3338 est
1580 3284 1833 3339 omnibus
1860 3283 1907 3347 C
1937 3280 2070 3335 bent
2125 3283 2325 3341 habere
2371 3285 2634 3357 ancipites
2686 3288 2925 3357 gladios,
2966 3300 3028 3345 ut
3073 3289 3357 3362 subjugent
3408 3293 3515 3349 sibi

252 3388 273 3421 ι
318 3369 520 3426 sanctis
545 3371 680 3443 ejus.
716 3391 736 3425 ι

812 3486 1262 3545 ENARRATIO.

320 3572 379 3628 in
410 3574 512 3630 hoc
540 3574 746 3647 psalmo
778 3575 1048 3648 Propheta
1073 3578 1262 3634 invitat
1291 3578 1477 3637 ﬁdeles
1518 3580 1585 3637 ad
1618 3578 1836 3651 laudem

251 3664 391 3730 Dei,
442 3661 789 3737 supponendo
850 3670 1068 3726 easdem
1127 3687 1323 3728 causas
1396 3688 1529 3744 quas
1586 3674 1724 3729 dixit
1781 3673 1837 3729 in

258 3773 278 3805 ι
312 3752 552 3813 Laudate
593 3758 879 3816 Dominum
910 3762 1167 3833 quoniam
1206 3763 1402 3831 bonus,
1434 3784 1453 3819 ι
1484 3773 1540 3823 ει
1580 3766 1841 3837 quasdam

252 3846 406 3911 alias,
437 3850 511 3904 ita
542 3869 555 3905 :

335 3957 355 3990 ι
387 3939 612 3998 Cantate
646 3943 874 4001 Domino
903 3946 1173 4003 canticum
1197 3964 1418 4017 novum,
1448 3970 1469 4005 ι
1501 3951 1557 4008 id
1583 3962 1689 4022 εει,
1716 3968 1841 4010 cum

250 4030 593 4101 jucunditate
623 4038 765 4107 agite
793 4038 860 4093 ad
896 4041 1155 4097 honorem
1191 4042 1404 4099 Domini
1434 4046 1707 4102 canticum
1742 4062 1843 4104 no-

254 4136 403 4177 vum.
439 4124 506 4179 Et
535 4126 651 4183 haec
697 4128 817 4184 laus
847 4129 982 4199 ejus,
1032 4132 1085 4189 id
1121 4143 1223 4202 εει,
1272 4135 1403 4191 illud
1438 4153 1636 4194 novum
1668 4141 1845 4196 canti-

256 4226 381 4266 cum
409 4213 485 4269 ita
524 4217 595 4271 sit
626 4218 682 4273 in
719 4220 895 4287 vobis,
923 4231 984 4276 ut
1026 4224 1146 4280 sitis
1179 4227 1235 4281 in
1261 4227 1479 4284 ecclesia
1519 4240 1840 4299 sanctorum,

252 4302 312 4358 id
336 4313 439 4371 est,
492 4307 547 4361 in
576 4308 684 4365 ﬁde
709 4310 1028 4368 electorum.
1059 4315 1299 4373 Ecclesia
1337 4336 1437 4390 pro
1475 4319 1580 4377 ﬁde
1599 4323 1843 4394 ponitur,

256 4396 401 4451 sicut
430 4396 557 4454 alibi
591 4400 791 4457 dictum
833 4412 952 4460 est:
983 4423 1004 4458 ι
1032 4405 1148 4461 Non
1177 4416 1260 4463 est
1286 4408 1437 4465 locus
1476 4412 1591 4468 veri
1639 4414 1847 4469 sacriﬁ-

259 4488 332 4578 cii
360 4498 516 4547 extra
551 4492 875 4562 Ecclesiam,
905 4516 924 4550 ι
960 4498 1012 4553 id
1037 4508 1140 4565 est,
1172 4500 1354 4556 ﬁdem.
1393 4502 1613 4560 Etcum
1650 4507 1846 4578 aliquis

253 4575 457 4647 Israel,
498 4580 553 4636 id
583 4591 685 4649 εει,
719 4584 993 4654 perfectus
1012 4589 1182 4656 egerit
1218 4605 1416 4646 novum
1449 4575 1844 4663 canticum—ita

1940 3370 2151 3441 aliquos
2182 3374 2249 3429 de
2277 3377 2596 3444 nationibus,
2642 3378 2696 3434 id
2722 3388 2826 3445 est,
2854 3380 2921 3435 de
2943 3381 3171 3437 diversis
3209 3384 3374 3439 sectis
3402 3385 3519 3441 hae-

1941 3461 2236 3517 reticorum
2262 3479 2276 3518 :
2301 3463 2379 3519 illi
2407 3465 2547 3530 dico,
2576 3467 2874 3524 existentes
2898 3469 2953 3524 in
2983 3472 3300 3537 nationibus,
3332 3474 3386 3528 id
3411 3484 3519 3543 est,

1942 3553 2087 3610 inter
2109 3556 2255 3626 ipsos
2284 3558 2567 3614 hatreticos
2610 3560 2661 3614 in
2706 3560 2808 3617 hoc
2834 3560 3124 3631 plurimum
3154 3564 3513 3633 intendeutcs,

1944 3656 2005 3701 ut
2048 3648 2191 3703 sicut
2237 3649 2340 3720 ipsi
2372 3651 2439 3706 de
2490 3650 2734 3708 ﬁdelibus
2762 3652 2970 3723 aliquos
3008 3656 3409 3725 subtraxerunt,
3442 3661 3520 3715 ita

1942 3735 2034 3793 isti
2056 3738 2211 3808 quasi
2244 3739 2531 3796 vindictam
2562 3741 2840 3811 facientes,
2871 3745 3079 3816 aliquos
3105 3748 3170 3803 de
3200 3749 3518 3806 infidelitate

1943 3830 2283 3886 subtrahant.
2312 3831 2382 3887 Et
2412 3833 2554 3897 ideo,
2589 3843 2648 3889 ut
2680 3835 2853 3891 sciant
2892 3837 3173 3909 increpare
3195 3841 3261 3895 de
3291 3842 3521 3919 populis,

1943 3922 2023 3978 illi
2045 3922 2183 3988 dico,
2209 3923 2505 3981 existentes
2532 3924 2586 3980 in
2608 3927 2837 3997 populis.
2866 3925 3087 4000 Populis
3116 3940 3171 3986 et
3199 3934 3521 4001 nationibus,

1944 4013 2090 4070 idem
2118 4014 2208 4071 hic
2233 4014 2522 4087 signiﬁcat.
2552 4016 2698 4073 inter
2721 4018 3014 4075 vindictam
3054 4021 3234 4079 facere
3265 4033 3319 4079 et
3347 4024 3526 4081 incre-

1944 4122 2097 4178 pare,
2142 4116 2227 4164 est
2266 4106 2571 4165 differentia
2606 4119 2703 4165 :et
2747 4110 2866 4168 ideo
2909 4116 3061 4183 prius
3109 4114 3328 4187 alligent
3378 4134 3522 4188 reges

1946 4217 2125 4255 eorum
2152 4201 2216 4273 in
2254 4201 2606 4273 compedibus,
2650 4202 2704 4258 id
2752 4213 2859 4273 est,
2899 4205 3188 4275 magistros
3233 4208 3517 4264 haereticos

1947 4290 2350 4348 invincibilibus
2407 4292 2727 4351 rationibus.
2791 4314 2810 4346 ι
2844 4294 2911 4351 Ει
2966 4295 3171 4351 nobiles
3223 4312 3411 4353 eorum
3463 4299 3519 4354 in

1946 4381 2175 4440 manicis
2210 4382 2424 4451 ferreis,
2459 4401 2480 4437 ι
2520 4384 2579 4440 id
2598 4392 2705 4452 est,
2732 4385 2851 4442 illos
2870 4386 2961 4456 qui
2988 4387 3088 4442 sub
3118 4388 3298 4458 specie
3324 4391 3529 4445 sancti-

1948 4474 2080 4531 tatis
2126 4474 2270 4531 inter
2300 4489 2360 4531 se
2404 4484 2813 4543 conversantes,
2858 4485 2915 4532 et
2962 4475 3155 4534 famosi
3182 4485 3236 4533 et
3282 4479 3524 4552 insignes

1949 4565 2256 4622 habentur:
2289 4575 2345 4623 et
2371 4566 2513 4633 ideo,
2545 4577 2601 4620 ut
2631 4567 2831 4637 faciant
2861 4567 2917 4623 in
2946 4568 3039 4635 eis,
3069 4568 3123 4625 id
3158 4578 3261 4635 εει,
3290 4571 3354 4627 de
3396 4572 3527 4643 ipsis

255 4677 316 4723 ιη
365 4667 445 4723 sic
488 4668 543 4725 in
592 4649 822 4729 ecclésia
869 4649 1200 4743 sancw'mm’
1235 4678 1439 4734 (Mem.
1478 4649 1844 4749 sciliceh'nbn
1872 4649 2216 4715 Dhazreticis
2260 4658 2525 4729 judicium
2573 4660 2944 4731 conscriptum,
2992 4669 3055 4717 ut
3095 4663 3444 4718 constitutum
3488 4682 3519 4720 a

255 4774 337 4825 se,
384 4762 481 4818 sed
528 4762 586 4818 in
621 4782 680 4820 eo
705 4768 794 4836 qui
836 4769 956 4838 fecit
991 4787 1131 4837 eum,
1170 4772 1394 4838 scilicet,
1427 4774 1608 4842 talem,
1637 4777 1689 4832 id
1734 4788 1841 4847 est,

251 4851 416 4921 hujus
461 4856 648 4926 gratiae
687 4858 822 4913 nihil
866 4861 967 4916 sibi
1006 4865 1263 4931 ascribat,
1304 4867 1399 4921 sed
1440 4866 1571 4923 Deo.
1612 4866 1681 4923 Et
1716 4870 1843 4939 ﬁliae

251 4941 405 4997 Sion.
436 4942 783 5003 lntransitive
813 4951 1015 5007 dictum
1058 4963 1160 5021 est,
1206 4954 1259 5010 id
1282 4964 1387 5022 est,
1427 4956 1534 5013 illae
1571 4956 1694 5014 ﬁlite
1720 4974 1843 5031 quae

250 5044 380 5091 sunt
410 5037 563 5105 Sion,
589 5040 693 5097 hoc
718 5053 822 5109 est,
863 5045 1061 5117 quique
1096 5048 1450 5119 perfectiores
1491 5060 1546 5109 et
1571 5054 1843 5125 praecipue

249 5129 431 5185 ornati
460 5130 754 5191 virtutibus
792 5138 858 5191 ad
898 5140 1116 5194 modum
1146 5140 1403 5211 ﬁliarum,
1437 5144 1635 5215 quibus
1672 5146 1845 5216 major

250 5217 430 5305 cultus
487 5222 798 5294 diligentius
840 5228 1149 5285 adhibetur.
1200 5222 1344 5300 illae,
1403 5234 1668 5305 inquam,
1714 5236 1844 5305 ﬁliae

254 5304 413 5374 Sion,
462 5309 516 5365 id
557 5322 664 5379 est,
710 5313 889 5371 futura
938 5320 1302 5389 speculantes,
1330 5304 1591 5379 exsultent
1629 5326 1686 5380 in
1716 5304 1847 5398 rege

253 5416 373 5468 suo,
407 5401 461 5456 id
488 5414 593 5473 est,
621 5406 676 5461 in
716 5410 1153 5467 consideratione
1186 5415 1324 5469 tanti
1371 5416 1620 5484 rectoris,
1665 5419 1759 5490 qui
1789 5419 1844 5475 in

258 5490 364 5547 bac
403 5493 667 5565 dignitate
694 5497 950 5554 virtutum
999 5501 1121 5557 illos
1144 5504 1398 5559 custodit.
1438 5504 1595 5561 Modo
1624 5508 1847 5577 exponit

256 5584 402 5653 quod
427 5584 543 5656 ipse
570 5587 718 5643 dicat
744 5591 1016 5646 canticum
1038 5608 1261 5657 novum,
1284 5594 1355 5647 ita
1385 5595 1519 5659 dixi,
1547 5605 1606 5649 ut
1627 5606 1849 5653 cantent

254 5690 455 5731 novum
503 5680 797 5748 canticum,
830 5683 883 5736 id
930 5694 1035 5750 est,
1076 5683 1288 5739 laudent
1338 5672 1523 5741 nomen
1569 5687 1718 5757 ejus:
1745 5690 1848 5746 hoc

255 5776 360 5834 est,
391 5768 615 5826 laudent
643 5775 942 5831 secundum
970 5778 1111 5846 quod
1140 5779 1343 5849 expetit
1371 5779 1473 5834 hoc
1507 5796 1701 5835 nomen
1729 5782 1847 5851 ejus

253 5861 402 5931 quod
428 5871 515 5920 est
546 5861 825 5933 Dominus,
856 5868 931 5923 ita
976 5870 1203 5937 scilicet,
1246 5881 1309 5928 ut
1335 5872 1445 5928 sint
1490 5872 1546 5928 in
1583 5873 1762 5943 choro,
1791 5875 1845 5932 id

494 5978 767 6043 PATROL.
799 5979 1091 6047 CXXXI.

1871 6070 1952 6083 _,..

1951 4749 2135 4806 multis
2164 4749 2415 4805 Patribus
2448 4751 2676 4817 sanctis,
2705 4752 2757 4807 id
2783 4760 2887 4819 est,
2915 4752 2990 4809 ita
3031 4755 3097 4810 de
3123 4754 3228 4811 illis
3253 4756 3520 4826 judicent,

1952 4842 2092 4898 sicut
2142 4841 2198 4897 in
2242 4842 2526 4912 scripturis
2577 4853 2888 4900 sanctorum
2935 4846 3397 4917 praedecessorum
3431 4869 3441 4903 :
3470 4858 3527 4905 et

1950 4942 2212 5005 praeterea
2240 4936 2435 4991 debent
2462 4951 2584 4993 esse
2628 4938 2681 4992 in
2708 4939 2893 5005 choro,
2938 4938 2990 4995 in
3022 4948 3277 5012 tympano
3305 4951 3360 4997 ει
3394 4942 3531 5012 psal-

1952 5024 2089 5079 terio
2128 5031 2183 5080 et
2229 5024 2473 5080 doctrina
2511 5026 2793 5098 utriusque
2821 5029 3127 5085 testamenti
3156 5029 3279 5100 quia
3315 5050 3333 5081 ‹
3360 5030 3530 5102 gloria

1952 5116 2067 5172 haec
2114 5125 2198 5172 est
2247 5118 2497 5175 omnibus
2524 5119 2743 5189 ,sanctis
2780 5119 2917 5190 ejus,
2946 5139 2965 5174 ι
3000 5120 3054 5177 id
3102 5130 3187 5177 est
3224 5122 3325 5177 ista
3355 5123 3526 5194 gloria

1952 5223 2073 5278 quae
2104 5216 2190 5265 est
2207 5219 2467 5280 quantum
2499 5211 2568 5266 ad
2590 5226 2698 5279 me,
2724 5212 2817 5283 qui
2850 5213 3013 5268 etiam
3038 5212 3299 5285 propheta
3322 5229 3531 5286 magnze

1952 5300 2292 5357 auctoritatis
2335 5316 2477 5370 sum,
2530 5304 2914 5375 mmprobatur
2935 5303 3103 5362 etiam
3144 5319 3267 5363 esse
3294 5308 3531 5363 auctori-

1953 5403 2064 5451 tate
2092 5395 2333 5452 omnium
2355 5406 2686 5455 sanctorum.

2509 5510 2830 5569 PSALMUS
2866 5512 2972 5571 CL.

2604 5620 2887 5661 ALLELUIA.

2028 5714 2048 5747 ι
2093 5693 2333 5749 Laudate
2372 5691 2655 5749 Dominum
2682 5695 2736 5749 in
2765 5694 2968 5752 sanctis
2994 5693 3131 5768 ejus,
3161 5695 3377 5759 laudate
3402 5711 3530 5763 eum

1955 5805 1974 5838 ‹
2022 5788 2077 5840 in
2109 5787 2447 5840 ﬁrmamento
2469 5784 2689 5841 virtutis
2710 5786 2849 5856 ejus.
2878 5784 3116 5843 Laudate
3137 5803 3258 5845 eum
3284 5808 3335 5846 ιιι
3362 5794 3535 5850 virtu-

1953 5896 1972 5930 ι
2020 5879 2165 5937 tibus
2204 5876 2341 5948 ejus,
2374 5876 2757 5965 laudateeum
2793 5880 3092 5938 secundum
3130 5884 3532 5946 multitudinem

2990 5992 3073 6056 27

3458 6072 3511 6080 ,ρο
