4038 6422
548 432 654 520 84$

859 463 1096 522 REMIG.
1135 465 1373 523 ΑΝΤΙΞὲ
1450 466 1586 525 )PP.
1622 465 1801 523 PARS
1838 466 1879 521 Ι.
1919 496 1985 505 -
2020 456 2318 523 EXEGET.
2348 498 2420 509 —
2454 458 2805 525 COMMENT.
2837 469 2905 526 IN
2931 468 3145 527 EPIST.
3188 469 3246 527 S.
3282 468 3484 528 PAUL.

3697 466 3798 526 δα

554 599 573 632 ι
616 578 1001 650 magnitudinis
1051 579 1186 650 eius.
1230 580 1473 640 Laudato
1506 596 1630 648 eum
1674 581 1730 637 in
1784 595 1918 639 sono
1958 581 2124 647 tubae,
2151 588 2202 648 Α
2228 560 2334 652 est,
2384 583 2440 640 in
2486 560 2919 641 consideratione
2963 585 3375 661 gloriﬁcationis
3419 585 3642 651 animm,
3686 600 3804 655 qua:

554 689 573 722 ι
614 669 832 729 laudate
856 686 980 728 eum
1018 672 1075 727 in
1107 672 1365 742 psalterio
1390 682 1446 731 et
1466 673 1699 735 cithara.
1729 672 1969 731 Laudato
2001 687 2125 731 eum

552 780 570 813 ι
613 761 670 817 in
705 770 963 833 tympano
996 770 1054 817 et
1083 762 1275 829 choro,
1305 761 1525 820 laudato
1564 778 1688 819 eum
1726 763 1781 818 in
1810 763 2028 821 chordis
2070 770 2127 819 et

552 869 571 902 ι
612 862 845 923 organo.
886 850 1128 909 Laudato
1164 867 1289 908 eum
1326 852 1381 909 in
1409 852 1673 925 cymbalis
1700 854 1837 911 bene
1886 853 2120 911 sonanti-

554 964 571 997 ι
614 944 736 1011 bus,
766 944 980 1001 laudate
1015 961 1138 1003 eum
1169 947 1224 1002 in
1252 947 1515 1019 cymbalis
1545 946 1884 1017 jubilationis
1907 965 1923 1003 :
1946 947 2124 1005 omnis

551 1057 569 1090 ‹
619 1038 845 1109 spiritus
884 1038 1069 1096 laudet
1100 1039 1409 1095 Dominum.
1440 1039 1691 1097 Alleluia.
1739 1059 1760 1092 ο

566 1116 571 1121 “
600 1188 607 1191 ,
1141 1128 1588 1189 ENARRATIO.

617 1224 676 1279 in
698 1223 807 1282 hoc
825 1222 1037 1296 psalmo
1055 1224 1249 1280 invitat
1275 1224 1546 1296 Propheta
1568 1238 1760 1281 omnes
1789 1221 1974 1281 ﬁdeles
2002 1221 2120 1279 lau-

545 1319 677 1379 dare
711 1318 999 1375 Dominum
1044 1317 1419 1375 tantummodo
1462 1332 1532 1374 ex
1564 1315 2003 1375 consideratione
2040 1313 2121 1375 fu-

543 1420 682 1468 turm
706 1409 1061 1469 beatitudinis
1082 1417 1417 1476 sanctorum,
1450 1408 1526 1464 ita
1550 1426 1566 1463 :

596 1521 643 1555 «ι
668 1500 912 1559 Laudato
949 1501 1236 1563 Dominum
1271 1501 1329 1559 in
1373 1501 1581 1557 sanctis
1607 1500 1749 1574 eius,
1779 1518 1799 1561 η
1833 1499 1887 1555 id
1929 1508 2033 1565 est,
2063 1513 2121 1554 in

548 1592 985 1650 consideratione
1029 1601 1342 1651 sanctorum
1383 1592 1520 1664 eius.
1555 1591 1625 1648 Et
1668 1591 1996 1649 determinat
2035 1604 2119 1647 se-

542 1686 779 1745 cundum
829 1701 993 1758 quam
1050 1686 1547 1747 considerationem
1612 1685 1844 1745 debeant
1900 1684 2120 1741 laudare

541 1776 852 1844 Dominum,
888 1777 968 1834 sic
990 1794 1009 1832 ι
1033 1796 1054 1832 ι
1079 1775 1322 1835 Laudato
1345 1791 1471 1834 eum
1500 1776 1556 1832 in
1584 1774 1927 1835 ﬁrmamento
1952 1774 2120 1831 virtu-

543 1865 622 1925 tis
661 1867 803 1940 eius,
838 1886 861 1921 ι
893 1867 949 1924 id
965 1876 1072 1934 est,
1101 1883 1169 1927 ea
1218 1866 1676 1933 consideratione,
1724 1868 1868 1939 quod
1902 1874 2121 1923 sanctos

2225 675 2330 732 erit
2370 676 2663 732 secundum
2702 676 2998 755 perfectam
3036 670 3323 736 scientiam
3351 686 3406 735 et
3452 678 3674 751 plenam
3712 677 3804 733 Dei

2225 766 2608 839 cognitionem.
2656 764 2727 820 Et
2758 767 2986 834 cithara;
3018 767 3070 823 id
3116 779 3219 833 est,
3268 768 3323 823 in
3368 768 3806 823 consideratione

2224 852 2636 926 gloriﬁcationis
2656 856 2919 929 corporis.
2955 855 3192 914 Laudato
3221 875 3338 913 eum
3364 860 3419 913 in
3446 866 3722 931 tympano,
3756 859 3805 913 i.l
3856 862 3859 869 '

2187 950 2195 956 ’
2223 955 2325 1013 ost,
2359 948 2415 1002 in
2444 949 2787 1020 separatione
2809 950 3219 1023 corruptionum
3242 952 3484 1007 omnium
3511 969 3525 1006 :
3549 962 3602 1007 ot
3626 952 3806 1019 choro,

2221 1039 2275 1095 id
2298 1049 2403 1108 est,
2435 1041 2489 1097 in
2519 1040 2784 1098 conformi
2813 1043 3149 1099 beatitudine
3185 1056 3345 1114 quam
3374 1043 3657 1099 habebunt
3685 1057 3808 1098 cum

2227 1133 2445 1206 angelis.
2474 1132 2715 1190 Laudato
2740 1152 2859 1190 eum
2883 1136 2937 1191 in
2968 1136 3199 1203 chordis,
3228 1136 3284 1192 id
3322 1145 3425 1202 est,
3465 1136 3520 1193 in
3543 1151 3610 1192 ea
3631 1136 3809 1193 beati.

2222 1225 2432 1292 tudine,
2454 1241 2614 1298 quam
2638 1242 2737 1298 per
2757 1227 2979 1282 nimiam
3004 1226 3403 1284 tribulationem
3432 1225 3599 1298 hujus
3621 1228 3809 1283 mundi

2221 1312 2607 1388 adipiscentur.
2655 1315 2991 1388 Tympanum
3038 1325 3190 1374 notat
3239 1318 3641 1389 separationem
3694 1332 3810 1373 om-

2222 1408 2371 1463 nium
2396 1406 2720 1463 carnalium.
2749 1393 2979 1464 Chorda:
3007 1417 3188 1464 autem
3235 1407 3367 1464 illud
3408 1407 3552 1465 ldem
3583 1408 3639 1462 in
3672 1421 3808 1463 cono

2220 1500 2430 1567 cordia,
2468 1510 2525 1557 et
2560 1499 2699 1572 plus,
2726 1500 2980 1558 videlicet
3003 1500 3275 1573 quomodo
3310 1500 3378 1557 ad
3425 1498 3480 1556 id
3513 1499 3806 1570 pervenia-

2223 1601 2353 1651 tur:
2378 1603 2428 1649 et
2454 1592 2666 1649 laudato
2707 1608 2827 1649 eum
2868 1594 2924 1648 in
2952 1609 3168 1667 organo,
3198 1592 3379 1663 idest,
3418 1590 3472 1648 in
3512 1592 3804 1653 concordia

2221 1684 2556 1743 diversorum
2584 1683 2866 1752 donorum,
2894 1700 3015 1756 quae
3041 1684 3167 1740 licet
3193 1685 3406 1742 diversa
3440 1685 3573 1752 sint,
3606 1684 3802 1739 unani-

2221 1765 2386 1834 miter
2434 1786 2617 1833 tamen
2665 1786 2724 1833 et
2767 1776 2885 1833 sine
2921 1774 3124 1832 invidia
3164 1775 3359 1853 singuli
3400 1790 3520 1831 eam
3560 1775 3805 1848 posside-

2222 1870 2380 1926 bunt.
2413 1868 2484 1925 Et
2509 1879 2593 1924 est
2619 1868 2823 1924 dictum
2849 1883 2880 1922 a
2908 1866 3260 1923 similitudine
3286 1868 3496 1939 organi,
3530 1867 3586 1922 in
3620 1881 3732 1937 quo
3752 1872 3801 1920 et

543 1971 675 2016 suos
695 1958 773 2015 ita
811 1958 1158 2023 conﬁrmabit
1194 1959 1249 2016 in
1274 1959 1495 2025 virtute,
1526 1969 1588 2015 ut
1629 1960 1855 2017 ulterius
1890 1973 2116 2032 peccare
2144 1940 2194 2004 Β
2221 1961 2447 2017 diversae
2476 1960 2670 2016 ﬁstulae
2714 1969 2859 2026 sunt,
2894 1968 2951 2016 et
2981 1968 3161 2017 tamen
3200 1961 3256 2017 in
3289 1974 3423 2021 sono
3467 1974 3576 2013 non
3622 1958 3804 2013 disso—

540 2063 650 2107 non
675 2050 903 2121 possint.
931 2050 1001 2107 Et
1044 2066 1115 2109 ne
1150 2049 1349 2121 aliquis
1379 2060 1596 2122 putaret
1644 2049 1765 2107 illos
1793 2048 2117 2112 conﬁrmau-

539 2141 641 2200 doa
657 2157 779 2200 esse
812 2142 870 2199 in
894 2158 997 2199 una
1026 2143 1229 2201 virtute
1254 2151 1485 2209 tantum,
1522 2141 1672 2199 addit
1696 2159 1712 2196 :
1735 2140 1973 2197 Laudato
1996 2156 2116 2196 eum

537 2236 596 2289 in
615 2234 895 2290 virtutibus
928 2234 1065 2304 ejus,
1098 2234 1153 2289 id
1177 2243 1284 2300 est,
1317 2233 1373 2289 in
1402 2233 1843 2291 consideratione
1868 2231 2118 2303 multipli-

540 2323 687 2381 cium
730 2324 1013 2389 virtutum,
1054 2323 1109 2378 in
1157 2323 1353 2392 quibus
1402 2324 1575 2379 sancti
1605 2331 1768 2379 erunt
1800 2320 2117 2395 glorificati,

542 2415 801 2473 subaudis
839 2415 1133 2473 secundum
1166 2416 1425 2471 animam.
1462 2433 1481 2466 ι
1511 2414 1753 2477 Laudato
1776 2429 1901 2473 eum
1925 2428 2133 2485 secung

542 2507 669 2564 dum
706 2506 1106 2564 multitudinem
1151 2507 1537 2579 magnitudinis
1560 2506 1699 2577 eius,
1728 2526 1748 2560 ι
1792 2505 1846 2561 id
1874 2514 1979 2570 est,
2025 2519 2115 2563 se-

541 2600 775 2657 cundum
811 2598 1162 2671 multiplicem
1204 2598 1674 2670 gloriﬁcationem,
1716 2613 1822 2669 qua
1866 2596 2117 2669 magniﬁ-

454 2732 459 2737 ο
540 2692 650 2749 cati
697 2700 859 2751 erunt
886 2693 944 2749 in
987 2708 1238 2764 corpore,
1270 2691 1525 2753 videlicet
1549 2692 1849 2751 secundum
1891 2690 2117 2748 nimiam

536 2782 834 2855 agilitatem
860 2791 916 2842 et
951 2783 1203 2841 decorem
1231 2783 1402 2854 ipsius
1435 2783 1679 2854 corporis
1707 2791 1763 2843 et
1809 2781 2116 2853 impassibi—

536 2874 768 2942 litatom,
812 2884 870 2932 et
902 2876 1069 2932 multa
1092 2876 1233 2933 alia:
1257 2875 1414 2935 Modo
1452 2875 1767 2945 exsequitur
1800 2888 1897 2945 per
1929 2881 2118 2945 partes

537 2966 689 3025 illam
729 2970 977 3041 corporis
1024 2970 1435 3036 beatitudinem,
1471 2970 1547 3025 ita
1580 2968 1856 3029 :Laudato
1898 2986 2017 3027 eum
2061 2970 2117 3025 in

538 3073 668 3115 anno
708 3060 868 3127 tuba,
920 3060 977 3116 id
1033 3070 1141 3127 est,
1194 3062 1631 3121 consideratione
1678 3060 1821 3127 illius
1862 3059 2117 3132 perfectae

536 3150 799 3218 victoria,
848 3152 1064 3223 quando
1114 3161 1169 3211 et
1216 3153 1406 3213 mortis
1460 3163 1516 3210 et
1566 3153 1744 3211 omnis
1792 3152 2116 3215 calamitatis

536 3240 676 3299 ﬁnes
701 3254 881 3303 eruat.
923 3241 1079 3301 Unda
1122 3243 1326 3301 dictum
1355 3255 1484 3304 est:
1513 3262 1534 3301 ι
1563 3244 1667 3301 Ubi
1704 3251 1790 3301 est
1826 3258 1995 3310 mors,
2035 3244 2117 3299 vi-

534 3335 707 3392 ctoria
747 3335 876 3392 tua?
915 3335 1007 3393 ubi
1042 3350 1210 3404 more,
1247 3336 1465 3395 aculeus
1515 3333 1751 3408 tuus?(1
1781 3334 1903 3393 Cor.
1934 3335 2053 3407 xv.)
2086 3355 2106 3390 ι

534 3423 595 3489 ιη
628 3425 899 3498 principio
930 3426 1058 3486 belli
1096 3437 1152 3487 et
1185 3429 1240 3484 in
1280 3428 1389 3485 ﬁne
1419 3428 1547 3485 tuba
1585 3427 1799 3489 enititur
1823 3445 1838 3485 :
1862 3427 1989 3485 ideo
2024 3426 2116 3483 hic

533 3531 633 3589 pro
672 3517 900 3577 victoria
926 3520 1167 3591 ponitur,
1216 3520 1458 3577 Laudato
1478 3536 1600 3575 eum
1633 3520 1690 3577 in
1741 3518 2013 3590 psalterio,
2059 3517 2113 3577 id

2216 2061 2369 2109 nant.
2402 2070 2422 2105 ι
2456 2052 2697 2108 Laudato
2722 2066 2846 2109 eum
2873 2051 2928 2107 in
2964 2050 3226 2124 cymbalis
3252 2050 3387 2107 bene
3411 2048 3791 2112 sonantibus,»

2216 2145 2271 2200 id
2305 2155 2408 2211 est,
2441 2146 2495 2200 in
2525 2145 2734 2217 fulgore
2773 2153 2828 2200 et
2864 2142 3265 2217 pulchritudine
3292 2142 3540 2219 corporis
3585 2151 3797 2198 sancto-

2217 2253 2359 2303 rum,
2388 2237 2531 2307 quod
2556 2253 2659 2292 non
2683 2234 3029 2292 mediocriter
3054 2233 3339 2305 pulchrum
3368 2235 3494 2301 erit,
3521 2233 3621 2289 sed
3643 2232 3793 2289 valde

2215 2328 2522 2400 pulchrum.
2562 2327 2667 2385 Per
2694 2326 2997 2400 cymbalum
3045 2325 3309 2400 fulgorem
3347 2334 3401 2383 et
3437 2321 3795 2397 pulchritudi-

2218 2437 2341 2479 nem
2367 2439 2382 2475 :
2409 2427 2504 2492 per
2533 2420 2656 2476 bene
2695 2418 3024 2484 sonantibus,
3064 2414 3290 2474 nimiam
3331 2414 3794 2489 pulchritudinem

2218 2520 2488 2568 notamus.
2536 2510 2602 2565 Et
2638 2528 2657 2561 ι
2686 2507 2930 2564 Laudato
2960 2523 3081 2565 eum
3122 2506 3179 2563 in
3225 2504 3488 2579 cymbalis
3521 2505 3797 2581 iubilatio-

2220 2605 2329 2671 uis,
2366 2623 2385 2656 ι
2422 2603 2478 2658 id
2522 2611 2626 2666 est,
2657 2600 2714 2657 in
2752 2616 2818 2657 eo
2841 2597 2985 2671 quod
3030 2598 3202 2656 sancti
3246 2612 3315 2653 ex
3346 2588 3464 2668 ipsa
3500 2595 3798 2670 pulchritu-

2219 2696 2345 2751 dine
2366 2706 2654 2765 corporum
2681 2699 2992 2749 sanctorum
3019 2689 3187 2745 Deum
3212 2684 3452 2762 perfecte
3481 2686 3794 2745 laudabunt.

2222 2806 2242 2835 ο
2273 2785 2463 2845 Omnis
2484 2784 2707 2859 spiritus
2731 2782 2913 2843 laudet
2946 2782 3258 2850 Dominum,
3285 2800 3305 2836 ι
3347 2780 3403 2837 id
3434 2788 3543 2847 est,
3576 2796 3686 2835 non
3717 2792 3795 2834 so-

2217 2878 2329 2935 lum
2358 2877 2575 2935 laudate
2607 2892 2734 2934 eum
2752 2890 2821 2933 ex
2845 2890 2909 2932 ea
2939 2872 3331 2947 gloriﬁcatione
3355 2871 3630 2946 corporis,
3660 2868 3794 2941 quod

2217 2972 2324 3028 erit
2357 2972 2415 3028 in
2444 2979 2702 3044 tympano
2740 2976 2793 3026 et
2838 2969 3006 3027 choro
3041 2978 3097 3026 et
3123 2976 3338 3026 caeteris
3368 2964 3672 3038 praedictis,
3708 2960 3793 3018 sed

2217 3063 2387 3121 etiam
2425 3061 2572 3139 quod
2612 3060 2919 3135 spiritualo,
2957 3059 3013 3116 id
3059 3068 3165 3127 est,
3206 3058 3274 3115 ad
3320 3056 3543 3114 modum
3579 3053 3796 3126 spiritus

2216 3156 2357 3229 agile
2383 3163 2441 3213 ot
2487 3153 2687 3217 subtile
2724 3141 3007 3213 efﬁcietur.
3048 3150 3145 3207 Vel
3176 3150 3251 3207 ita
3282 3165 3299 3205 :
3326 3146 3444 3207 Non
3476 3147 3661 3205 solum
3688 3146 3794 3201 lau-

2220 3248 2346 3311 date
2377 3260 2503 3303 eum
2543 3261 2613 3305 ex
2654 3244 2913 3316 praedicta
2953 3239 3345 3316 gloriﬁoatione
3393 3237 3673 3311 corporis,
3711 3233 3799 3292 sed

2220 3340 2383 3396 etiam
2419 3352 2488 3394 ex
2531 3336 2844 3394 omnimoda
2885 3330 3285 3408 gloriﬁcatione
3317 3327 3659 3396 animarum,
3686 3339 3797 3397 qua:

2220 3441 2353 3488 tunc
2377 3430 2483 3486 erit
2513 3428 2566 3485 in
2595 3438 2880 3487 aeternum.

539 3752 3788 3795 ψ

1036 4018 1794 4129 COMMENTARIUS
1867 4018 1977 4123 ΙΝ
2050 4013 2551 4119 GAN'I‘ICUII
2624 4006 3289 4117 GANTICORUII.

531 4272 714 4355 (Vide
731 4269 1122 4352 IPatrologt'te
1154 4276 1303 4332 tam.
1329 4265 1589 4344 CXVII,
1608 4262 1739 4331 σοι.
1766 4263 1911 4341 895,
1931 4261 2043 4326 ubi
2064 4260 2267 4361 editus
2290 4264 2376 4323 est
2407 4257 2514 4323 ille
2538 4260 3018 4324 commentarius
3045 4252 3158 4315 sub
3184 4251 3432 4313 nomine
3453 4246 3803 4328 Bay-monis

1869 4400 2449 4482 Halbcrstomm'a.)

944 4870 1755 4962 COMMENTARIUS
1818 4868 1930 4954 IN
2003 4868 2156 4949 XII
2235 4860 2841 4949 PROPHETAS
2900 4852 3382 4938 MINORES.

1141 5100 1323 5185 (Vide
1352 5099 1513 5169 ωδα.
1545 5097 1666 5164 σοι.
1697 5097 1763 5176 9,
1797 5095 1963 5160 inter
1991 5092 2199 5175 apem
2228 5088 2577 5174 Haymont's
2602 5081 3185 5167 Halberatatmt's.)

1862 5320 2454 5355 wn“

1069 5526 1867 5744 autumnus
1944 5609 2051 5735 lN
2112 5600 2691 5735 ,πωπω
2765 5599 2863 5733 s.
2944 5596 3291 5733 tum.

1400 5874 1576 5951 (Vide
1609 5876 1765 5941 ibid.
1800 5876 1921 5939 col.
1952 5875 2092 5950 361,
2129 5869 2298 5935 ἄκων
2325 5871 2529 5953 Opera
2555 5871 2955 5952 ﬂagitem.)
