4038 6422
213 553 319 629 sis

566 571 797 627 nemo.
830 538 1101 627 amuss-
1132 536 1499 656 crepans
1536 569 1595 624 ll.
1637 599 1703 608 --
1733 567 2045 623 MlSCELL.
2087 567 2174 622 ne
2216 563 2664 621 DEDICATIONE
2718 523 3078 642 Ectgtssne.

3259 638 3262 642 .
3331 524 3480 645 34's"

223 708 3447 760 ψ

215 1159 602 1271 nomen]~
656 1161 939 1274 sanari
1023 1203 1386 1273 cunmm
1458 1201 2211 1267 ANTISSIODORENSIS
2281 1200 2604 1263 OBDlNlS
2683 1198 2966 1261 ssnon
3032 1193 3490 1304 suumn.

511 1423 962 1580 0PERUM
1038 1421 1335 1581 PARS
1409 1422 1798 1581 SECUNI

1894 1422 1960 1577 ι.
2048 1483 2229 1514 --
2310 1413 3140 1584 ΜδθΕῙᾸιᾹΝΕᾹ.

453 1789 1205 1989 EXPosrrlo
1289 1869 1500 1987 DE
1554 1867 2624 1986 CELEBRATIONE
2661 1801 2666 1808 “
2707 1837 3216 1981 Missa.

252 2094 432 2177 (Vide
481 2059 858 2175 Patrologiu:
911 2102 1060 2160 tom.
1115 2093 1229 2176 cr,
1287 2095 1408 2164 col.
1471 2094 1650 2168 tate,
1687 2093 2191 2254 cingerwjilcuini
2222 2092 2496 2177 oua,
2553 2090 2665 2159 to.
2718 2089 2794 2158 de
3131 2067 3424 2174 om,

1484 2369 2193 2401 ⁸*

573 2500 1237 2754 meum

1343 2595 1488 2750 nr
1595 2501 2355 2751 armatum
2466 2590 3008 2752 nterim
3036 2580 3108 2748 ‘.

1334 2861 1497 2927 (Apud
1521 2861 1750 2924 Martem,
1776 2859 2058 2914 Thesaurus
2078 2858 2345 2926 Meda.)

1667 3000 2016 3021 Ψ

471 3161 616 3232 Quid
645 3157 938 3234 signiﬁcent
971 3161 1246 3218 duodecim
1274 3158 1528 3216 candela.

280 3257 516 3328 Morem,
557 3270 718 3327 quem
762 3263 950 3311 saneta
997 3253 1232 3311 Ecclesia
1281 3261 1426 3309 tenet
1466 3252 1520 3307 in
1563 3243 1824 3308 solemni

215 3346 408 3424 demus
436 3345 722 3422 Dominicis
753 3345 1190 3410 consecratione,
1231 3357 1336 3399 που
1360 3357 1480 3398 esse
1508 3340 1793 3411 cujuscun-
1819 3353 1823 3358 ‘

214 3453 317 3510 que
343 3437 618 3510 dignitatis
648 3436 734 3493 ille
764 3438 1042 3508 cognoscit
1067 3436 1158 3506 qui
1185 3434 1420 3504 antiquae
1442 3432 1794 3488 reminiscens

212 3529 477 3593 historias,
501 3513 742 3583 meminit
767 3543 892 3583 cum
908 3535 1106 3598 quanta
1135 3525 1446 3581 celebritate
1471 3524 1792 3579 tabernacu-

211 3622 326 3676 lum
355 3621 671 3676 Testimonii
692 3627 748 3674 et
773 3619 1027 3688 templum
1055 3635 1085 3672 a
1116 3617 1404 3674 Salomone
1423 3625 1792 3674 constructum

212 3713 446 3770 Domino
478 3713 699 3783 jubente
724 3711 1027 3767 dedicatum
1067 3710 1156 3766 sit.
1187 3709 1322 3764 Nam
1351 3721 1475 3765 cum
1512 3701 1793 3765 duodecim

213 3807 382 3862 duces
404 3806 458 3858 in
487 3804 875 3876 signiﬁcatione
896 3803 1266 3860 duodeno'rum
1294 3801 1662 3872 apestolorum
1688 3811 1792 3855 una

214 3898 303 3953 die
324 3913 544 3952 munera
565 3911 659 3952 sua
680 3895 747 3951 ad
770 3893 1176 3951 tabernaculum
1199 3893 1534 3958 detulissent,
1567 3892 1794 3947 mimico
1825 3902 1827 3905 '

214 3989 513 4054 sanciente,
537 3987 674 4057 jussi
708 3998 832 4043 sunt
856 3986 1052 4056 singuli
1090 3983 1316 4056 singulis
1347 3984 1539 4039 diebus
1562 3982 1811 4038 oblatio-.

216 4095 341 4136 nem
381 4095 530 4136 suam
567 4079 780 4144 offerre,
803 4087 1072 4149 quatenus
1112 4086 1167 4132 et
1202 4076 1514 4132 festivitatis
1543 4074 1795 4145 splendor

216 4179 550 4240 augesceret,
566 4168 972 4241 signiﬁcationis
990 4168 1183 4224 futura:
1203 4167 1316 4238 ipsa
1337 4167 1537 4221 veritas
1558 4165 1794 4220 historia:

217 4261 502 4316 arrideret.
531 4260 590 4318 1n
614 4275 681 4316 eo
710 4275 940 4330 namque
965 4261 1109 4330 quod
1134 4259 1330 4332 singuli
1359 4261 1524 4314 duces
1563 4272 1662 4329 per
1685 4258 1794 4312 sin-

217 4351 373 4422 gulos
405 4351 518 4406 dies
559 4365 781 4406 munera
823 4366 919 4405 sua
953 4349 1284 4415 obtulerunt,
1303 4350 1414 4420 jam
1453 4357 1580 4404 tunc
1613 4347 1792 4419 praeli-

218 4441 514 4510 gurabatur
547 4441 688 4510 quod
720 4455 828 4494 non
868 4438 1090 4495 confuse
1127 4437 1355 4509 apostoli
1397 4437 1450 4492 in
1490 4453 1597 4491 una
1636 4447 1792 4507 gente

1810 3165 1866 3226 Α
1887 3155 2162 3214 basilicam
2191 3161 2606 3213 consecraturos
2637 3121 2990 3233 ingrediatur,
3021 3121 3312 3221 duodecim.
3338 3161 3472 3224 can-

1897 3247 2028 3302 delae
2059 3248 2114 3301 in
2144 3246 2373 3302 circuitu
2400 3249 2786 3304 accenduntur.
2810 3248 2916 3322 Ipsi
2949 3260 3074 3307 sunt
3102 3255 3246 3309 enim
3277 3254 3471 3326 quibus

1896 3335 2110 3416 Veritas
2151 3336 2281 3392 dicit
2323 3355 2336 3391 :
2383 3354 2404 3389 ι
2451 3335 2556 3394 Vos
2596 3339 2730 3394 estis
2780 3339 2874 3395 lux
2931 3343 3133 3400 mundi.
3183 3364 3202 3397 ι
3235 3331 3476 3418 ιωηιίιιιέ

1894 3430 2190 3485 exhortans
2206 3445 2302 3486 eos
2325 3431 2392 3485 ad
2417 3431 2822 3501 praedicationis
2839 3436 3066 3490 verbum
3095 3436 3338 3506 fidelibus
3359 3441 3472 3495 suis

1893 3521 2222 3598 erogandum
2251 3540 2272 3577 ε’
2315 3539 2344 3574 αι
2367 3510 2555 3590 Nemo,
2585 3517 2604 3576 ἰ
2632 3523 2823 3596 inquit,
2854 3543 2874 3578 ‹
2894 3528 3148 3583 accendit
3171 3528 3468 3597 lucernam,

1893 3623 1946 3668 et
1977 3613 2029 3669 in
2070 3610 2386 3671 abscondito
2415 3606 2567 3687 ponit
2595 3613 2769 3688 neque
2810 3619 2913 3674 sub
2952 3613 3152 3685 modio,
3191 3621 3284 3676 sed
3312 3633 3473 3692 super
3512 3619 3518 3635 ⁵

1894 3703 2305 3775 candelabrum,
2344 3709 2522 3779 ut'qui
2569 3701 2940 3781 ingrediuntur
2967 3711 3146 3767 lumen
3177 3713 3408 3768 videant.
3446 3735 3466 3768 ι

1892 3797 1982 3854 lsti
2028 3795 2152 3854 sunt
2194 3799 2299 3870 qui
2331 3809 2391 3855 ut
2430 3801 2564 3857 alios
2606 3800 2785 3858 'calere
2829 3788 3092 3859 charitate
3135 3803 3230 3878 [aL
3279 3807 3473 3861 mentis

1895 3889 2196 3962 alacritate]
2225 3892 2481 3947 docerent
2506 3899 2561 3946 et
2581 3892 2746 3948 verbo
2775 3891 3056 3964 Splendere
3088 3895 3239 3962 prius
3264 3894 3473 3964 linguas

1893 3988 2217 4052 acceperunt
2266 3982 2472 4055 igneas,
2513 3992 2573 4038 ut
2600 3984 2938 4040 insinuarent
2971 3995 3024 4040 et
3055 4000 3238 4040 amore
3268 3985 3476 4040 fervere

1893 4085 1952 4130 et
1971 4074 2342 4132 verbolucere.
2361 4076 2529 4132 Deum
2547 4091 2676 4148 ergo
2697 4077 2750 4132 ln
2775 4078 3003 4134 circuitu
3023 4079 3214 4134 domus
3235 4081 3474 4135 dicandae

1895 4170 2138 4224 duodena
2179 4165 2385 4240 fulgent
2424 4169 2648 4236 lumina,
2690 4172 3094 4226 demonstratur
3131 4173 3271 4242 quod
3312 4172 3363 4225 in
3409 4187 3474 4226 ea

1892 4245 2239 4330 praedicanda
2263 4263 2330 4316 sit
2362 4252 2545 4318 lucens
2577 4271 2632 4317 et
2659 4263 2865 4332 ardens
2885 4262 3176 4333 apostolica
3207 4263 3466 4316 doctrina.

1896 4351 2096 4405 Domus
2119 4362 2296 4407 autem
2327 4351 2440 4423 ipsa
2455 4351 2744 4407 Dominica
2763 4353 2983 4406 abusive
3006 4352 3087 4406 vel
3118 4352 3475 4422 metonymice

1895 4441 2123 4497 ecclesia
2173 4441 2384 4508 dicitur,
2416 4457 2520 4498 non
2553 4429 2783 4512 proprie.
2825 4431 2958 4496 Nam
3004 4444 3358 4513 metonymice
3385 4457 3475 4498 ec-
3516 4519 3520 4524 ἱ

217 4532 636 4602 evangelizaturi
678 4543 977 4598 manerent,
1019 4533 1113 4587 sed
1138 4530 1333 4602 singuli
1376 4531 1634 4601 plurimas
1675 4530 1788 4598 pill—
1823 4546 1865 4607 Β
1893 4536 2054 4592 clesia
2107 4538 2318 4602 dicitur,
2360 4547 2417 4592 ut
2455 4553 2552 4607 per
2595 4538 2650 4591 id
2688 4537 2829 4607 quod
2880 4538 3188 4592 continetur
3227 4537 3287 4618 id.
3331 4535 3476 4608 quod
3515 4553 3520 4562 ‘

222 4638 374 4678 resve
397 4634 580 4694 gentes
605 4638 700 4693 per
722 4624 1152 4678 distributionem
1179 4622 1350 4676 sancti
1376 4622 1608 4690 Spiritus
1634 4635 1791 4676 evan-

219 4713 496 4784 gelizaturi
527 4715 863 4768 sortirentur.
888 4713 944 4767 In
967 4729 1034 4768 eo
1062 4725 1190 4768 vero
1229 4713 1580 4782 quod-omnes
1601 4713 1789 4766 eadem

221 4820 442 4860 munera
491 4806 799 4866 obtulerunt
849 4804 1294 4875 pmiigurabatur
1339 4803 1480 4874 quod
1531 4803 1786 4872 apostolis

220 4893 468 4948 doctrina
491 4894 761 4950 unanimis
779 4903 833 4950 et
858 4908 1082 4948 consors
1105 4893 1155 4946 in
1172 4893 1423 4948 Ecclesiae
1445 4893 1798 4949 axlilicationc

222 4994 588 5049 concurreret,
605 4985 1185 5055 smnetifreationentque
1196 4985 1311 5055 ejus
1328 4997 1432 5039 non
1448 4984 1796 5039 schismatum

223 5075 537 5139 diversitas,
589 5075 688 5130 scd
734 5077 912 5145 potius
955 5075 1110 5128 unica
1158 5074 1264 5145 [αι.
1306 5073 1486 5145 unita]
1530 5073 1799 5129 confessio

227 5166 471 5220 veritatis
494 5167 802 5222 adornaret.
834 5166 939 5222 Ista
969 5175 1094 5220 sunt
1113 5173 1170 5219 et
1189 5166 1342 5236 signa
1367 5165 1600 5236 Spiritus
1625 5166 1799 5221 sancti

227 5258 374 5315 fonte
406 5258 653 5330 irrigata,
679 5273 906 5329 quorum
929 5258 1138 5314 fructus
1162 5268 1248 5313 est
1275 5260 1352 5314 ad
1371 5274 1548 5326 usum,
1581 5259 1720 5314 sicut
1742 5260 1798 5314 in

227 5350 512 5406 Ezechiele
534 5359 589 5407 et
613 5352 665 5405 in
691 5351 1015 5422 Apocalypsi
1043 5349 1255 5420 legitur,
1286 5361 1341 5406 et
1367 5350 1495 5406 folia
1522 5367 1707 5407 eorum
1734 5353 1802 5407 ad

229 5442 552 5498 medicinam
581 5454 638 5500 et
660 5459 755 5515 per
789 5443 1028 5515 singulos
1055 5457 1269 5498 menses
1301 5443 1578 5499 aﬂ’erentia
1614 5446 1804 5514 primi-

1893 4627 2132 4681 continet
2178 4626 2529 4696 signiﬁcetur.
2587 4626 2824 4682 Ecclesia
2867 4633 3112 4697 namque
3176 4627 3473 4682 convocatio
3516 4617 3521 4623 ’

1895 4717 2295 4786 interpretatur,
2321 4717 2414 4771 sed
2437 4716 2578 4771 sicut
2597 4717 2852 4781 diximus,
2880 4730 2984 4770 non
3011 4718 3226 4786 proprie
3252 4725 3478 4771 vocatur

1894 4810 2121 4865 ecclesia
2175 4812 2364 4866 domus
2410 4825 2529 4879 quae
2573 4811 2862 4864 convocari
2920 4825 3024 4864 non
3083 4801 3279 4880 potest.
3333 4811 3474 4864 Dicit

1900 4910 2075 4953 tamen
2096 4898 2386 4969 propheta:
2413 4917 2430 4949 ‹
2460 4897 2771 4953 Coadunate
2788 4913 2966 4962 senes,
2989 4908 3282 4954 convocate
3307 4900 3476 4953 eccle—

1901 4995 2056 5048 siam.
2096 5012 2116 5046 ι
2143 4992 2248 5048 Sed
2283 4993 2559 5047 sciendum
2623 5002 2704 5046 est
2742 4993 2883 5046 hunc
2939 4997 3090 5045 tisum
3141 4994 3207 5045 ab
3258 4991 3477 5058 antiquo

1897 5083 2094 5154 populo
2134 5095 2400 5155 sumptum
2420 5099 2562 5149 esse,
2593 5083 2685 5154 qui
2717 5081 3081 5136 indifferenter
3131 5095 3474 5150 synagogum,

1901 5185 1955 5230 et
1978 5175 2228 5245 populum
2261 5184 2316 5228 et
2343 5174 2538 5237 locum,
2589 5173 2677 5228 ubi
2708 5173 2773 5228 ad
2809 5173 3067 5227 orandum
3105 5179 3158 5225 et
3194 5171 3475 5240 legendum

1903 5267 2192 5322 convenire
2219 5274 2630 5331 consueverant,
2662 5279 2770 5320 uno
2808 5264 3022 5318 nomine
3048 5261 3370 5316 vocitabant.
3404 5259 3476 5311 Dc

1905 5357 2099 5428 populo
2145 5357 2286 5410 enim
2337 5357 2534 5412 dictum
2588 5367 2672 5411 est
2713 5375 2725 5409 ε
2776 5374 2796 5404 ‹
2855 5353 3102 5421 Dixitque
3157 5349 3362 5420 Moyses
3411 5348 3479 5401 ad

1909 5465 2123 5502 omnem
2148 5463 2473 5519 synagogam
2506 5447 2736 5502 filiorum
2772 5443 2952 5498 Israel.
2990 5461 3008 5492 ›
3045 5442 3118 5494 De
3146 5440 3265 5494 loco
3295 5448 3475 5492 autem

230 5532 341 5590 tiva
391 5548 488 5588 sua
511 5575 524 5599 ,
576 5535 628 5590 in
684 5549 915 5606 quorum
960 5533 1168 5604 ﬁgura,
1221 5545 1510 5608 antequam
1565 5536 1803 5606 pontifex
1830 5531 1876 5594 C
1909 5537 1964 5590 in
1987 5552 2095 5606 quo
2126 5537 2400 5591 adoraturi
2440 5545 2495 5590 et
2534 5535 2724 5590 lecturi
2763 5529 3174 5596 conveniebant,
3201 5530 3399 5584 dicitur
3427 5528 3478 5579 in

301 5701 331 5730 ι
357 5687 538 5746 Codex
569 5690 626 5744 S.
649 5691 892 5746 Audoeni
930 5690 1592 5762 Rothomagensistante
1633 5706 1801 5747 annos

233 5770 516 5833 sexcentos
547 5770 800 5833 eraratus
819 5803 834 5827 ,
863 5778 930 5816 ex
960 5777 1068 5833 quo
1095 5761 1382 5833 tractatum
1418 5761 1566 5817 illum
1592 5763 1799 5817 descri-

233 5831 460 5904 psimus,
494 5831 688 5904 nullius
726 5831 1198 5904 auctoris—nomen
1233 5831 1500 5904 praefert,
1521 5833 1716 5904 Verum
1746 5834 1797 5885 in

235 5899 422 5956 eodem
444 5903 637 5974 codice
664 5903 968 5974 immediate
997 5899 1252 5974 sequatur
1279 5903 1505 5971 Remigii
1532 5903 1798 5957 Autissio—

238 5973 483 6030 durensis
525 5973 774 6031 monachi
815 5972 1092 6044 Expositio
1126 5976 1182 6031 in
1206 5973 1562 6030 celebratione
1603 5976 1798 6037 missae,

1910 5709 2010 5767 nec
2041 5693 2210 5765 stylus
2237 5694 2356 5763 ejus
2385 5708 2416 5748 a
2448 5691 2627 5767 nostri
2647 5691 2936 5746 Tractatus
2956 5687 3243 5767 scribendi
3275 5688 3484 5767 ratione

1909 5759 2217 5838 discrepare
2246 5759 2513 5830 videatur,
2542 5762 2718 5818 eidem
2762 5761 3004 5838 auctori,
3036 5759 3208 5815 donec
3245 5759 3480 5838 certiora

1909 5836 2064 5907 nobis
2088 5829 2381 5907 suppetant
2420 5829 2855 5907 argumentacui
2893 5829 3346 5907 debean_t_'ascribi
3370 5868 3382 5892 ,
3417 5845 3481 5880 tt

1910 5900 2215 5973 conjectura
2246 5900 2581 5963 tribuendum
2605 5902 3049 5960 existimavimus.
3089 5900 3336 5954 Mauras.
