3920 5696
514 526 621 586 867

1071 521 1342 612 ⁵ΒΕΜΙΗΙΙ
1375 518 2033 580 ANTISSIODORENSIS
2068 517 2220 577 OPP.
2258 518 2437 578 PARS
2476 520 2541 577 ll.
2576 551 2649 563 —
2686 519 3182 580 MISCELLANEA.

3640 576 3645 577 ν
3689 520 3783 579 848

514 638 807 711 Evangelio
826 637 993 710 quod,
1019 654 1142 696 cum
1174 639 1419 695 centurio
1442 638 1680 694 misisset
1711 637 1779 693 ad
1807 636 2098 693 Dominum
2123 636 2178 700 Α
2201 636 2523 708 prophetam
2546 636 2675 693 olim
2710 635 2980 693 clamabat
3010 655 3023 691 :
3056 655 3074 688 ι
3103 634 3531 699 Convertiun'ni,
3575 633 3675 688 ﬁlii
3716 650 3785 689 rc-

511 732 786 805 principes
812 730 1115 787 Judaaorum
1139 746 1237 802 pro
1267 730 1498 786 sanitate
1527 729 1681 801 pueri
1716 728 1799 785 sui
1831 728 2093 799 roganda,

510 832 780 880 venerunt
818 823 886 879 ad
916 822 1202 878 Dominum
1238 822 1396 878 iidem
1436 821 1710 893 principes
1737 830 1794 876 et
1825 819 2092 891 deprecati

510 925 641 973 sunt
666 931 789 972 eum
819 913 1065 979 sollicite,
1098 913 1339 970 dicentes
1367 931 1381 968 :
1411 932 1430 965 ‹
1462 911 1665 985 Dignus
1695 921 1782 968 est
1808 919 1869 967 ut
1891 912 1995 967 hoc
2019 909 2094 965 illi

509 1016 755 1080 praestes,
784 1005 959 1079 diligit
996 1004 1142 1061 enim
1166 1013 1381 1075 gentem
1414 1012 1653 1060 nostram
1684 1012 1739 1059 et
1768 1018 2094 1076 synagogam

512 1100 628 1171 ipse
645 1096 932 1155 aediﬁcavit
951 1096 1127 1154 nobis.
1162 1116 1181 1148 ›
1207 1097 1339 1152 ltem
1364 1095 1420 1152 in
1442 1094 1667 1151 Actibus
1689 1094 2091 1166 apostolorum:

518 1213 536 1246 ι
583 1193 649 1248 Et
676 1193 1014 1248 introeuntes
1044 1189 1098 1245 in
1126 1204 1456 1262 synagogam
1497 1188 1773 1245 sederunt.
1824 1187 1955 1243 Post
1986 1185 2094 1242 lec-

512 1286 715 1342 tionem
745 1293 927 1340 autem
954 1282 1088 1355 legis
1108 1291 1162 1338 et
1184 1281 1587 1352 prophetarum,
1615 1279 1881 1335 miserunt
1913 1278 1979 1333 ad
2000 1292 2095 1333 eos

509 1378 783 1452 principes
803 1376 1046 1432 dicentes
1083 1391 1097 1429 :
1136 1373 1251 1429 Viri
1276 1370 1495 1439 fratres,
1524 1372 1570 1428 si
1596 1372 1720 1443 quis
1749 1372 1911 1427 estin
1941 1370 2094 1425 vobis

510 1486 691 1528 sermo
717 1465 1111 1524 exhortationis
1136 1464 1207 1521 ad
1230 1463 1469 1536 plebem,
1500 1463 1681 1520 dicite.
1721 1482 1742 1516 ι
1777 1460 1936 1518 Clare
1963 1476 2093 1532 ergo

510 1565 652 1621 sicut
685 1570 743 1619 et
774 1560 878 1616 alia
909 1559 1171 1631 plurima,
1192 1557 1285 1613 ‘ita
1313 1565 1369 1612 et
1396 1556 1541 1612 hunc
1567 1571 1724 1611 usum
1759 1570 1789 1609 a
1819 1554 2092 1609 veteribus

510 1659 867 1732 suscepimus,
898 1665 959 1712 ut
989 1652 1360 1711 indiﬁerenter
1395 1667 1504 1707 uno
1540 1650 1757 1707 nomine
1786 1657 1839 1704 et
1866 1646 2094 1720 populus

508 1750 766 1815 ecclesia,
802 1756 858 1804 et
905 1746 1096 1803 domus
1130 1759 1238 1815 quo
1270 1742 1451 1815 populi
1489 1740 1819 1798 conveniunt
1843 1738 2093 1794 similiter

508 1842 737 1900 coelesia
764 1849 1120 1911 nuncupetur.
1164 1836 1270 1893 Sed
1310 1849 1504 1908 magna
1537 1831 1841 1888 diﬂ'erentia
1869 1836 2094 1901 apparet

507 1939 652 1994 inter
670 1936 772 1992 ista
794 1937 899 1991 duo
920 1933 1161 1999 nomina,
1182 1930 1479 2004 Synagoga:
1505 1927 1713 1984 scilicet
1734 1933 1788 1981 et
1808 1923 2085 1980 Ecclesiae.

2197 736 2506 797 vertentes,
2539 738 2596 786 et
2633 729 2839 786 sanabo
2899 728 3212 784 aversiones
3263 735 3505 783 vestras.
3544 743 3565 777 ι
3606 724 3676 779 Et
3704 740 3786 795 per

2197 822 2550 895 Evangelium
2579 822 2871 879 salubriter
2897 837 2963 878 ac
2981 822 3069 893 pie
3094 830 3254 878 vocat
3277 819 3468 875 dicens
3496 836 3512 870 :
3550 834 3572 868 ι
3602 814 3785 872 Venite

2198 914 2267 973 ad
2294 931 2380 972 me
2403 955 2422 983 ,
2452 931 2645 972 omnes
2672 914 2764 986 qui
2796 912 3057 970 laboratis
3080 922 3133 968 et
3162 910 3374 968 onerati
3407 908 3581 974 estis,
3611 915 3669 962 et
3699 920 3784 978 ego

2196 1024 2297 1065 vos
2332 1008 2677 1080 requiescere
2701 1006 2919 1064 faciam.
2955 1026 2975 1052 ι
3009 1004 3180 1074 Quam
3215 1011 3550 1077 potestatem
3577 1016 3613 1055 a
3634 997 3786 1054 Patre

2194 1101 2366 1158 Filius
2393 1100 2603 1173 accepit
2631 1116 2755 1157 cum
2783 1098 3087 1156 cmlestium
3105 1139 3121 1167 ,
3163 1094 3516 1154 terrestrium
3543 1101 3603 1150 et
3631 1091 3784 1148 infer-

2194 1208 2388 1250 norum
2442 1191 2778 1248 dominatum
2835 1189 3168 1262 promeruit,
3214 1185 3484 1261 Apostolo
3540 1184 3780 1240 dicente:

2200 1303 2219 1336 ι
2264 1284 2496 1356 Propter
2524 1285 2671 1355 quod
2707 1292 2764 1341 et
2785 1283 2929 1340 Deus
2976 1282 3127 1339 illum
3168 1279 3434 1338 exaltavit
3472 1287 3533 1336 et
3574 1275 3784 1333 donarit

2194 1377 2272 1434 illi
2311 1393 2509 1434 nomen
2550 1377 2694 1448 quod
2731 1384 2816 1432 est
2849 1391 3014 1448 super
3050 1389 3210 1430 omne
3244 1387 3475 1437 nomen,
3501 1378 3571 1425 ut
3603 1369 3664 1425 in
3704 1386 3784 1422 no-

2194 1471 2341 1526 mine
2382 1469 2510 1526 Jesu
2554 1485 2716 1525 omne
2765 1483 2905 1540 genu
2949 1466 3227 1533 ﬂectatur,
3283 1463 3639 1529 cmlestium,
3691 1469 3780 1518 ter-

2193 1562 2450 1619 restrium
2494 1572 2550 1617 et
2595 1561 2951 1617 infernornm.
2984 1579 3003 1613 ι
3041 1558 3195 1616 Unde
3223 1558 3273 1613 ei
3310 1565 3366 1613 et
3397 1553 3568 1613 inferi
3598 1565 3780 1626 patec-

2192 1662 2319 1709 runt
2388 1650 2785 1718 descendenti,
2860 1650 3072 1706 dicente
3139 1648 3424 1705 Psalmista
3494 1666 3509 1702 :
3584 1665 3607 1700 ι
3664 1646 3782 1714 Qui:

2192 1742 2451 1800 contrivit
2506 1751 2690 1813 portas
2734 1755 2933 1806 aereas,
2986 1747 3042 1795 et
3095 1748 3278 1795 vectes
3326 1735 3629 1808 confregit.
3679 1736 3785 1791 »Ει

2191 1833 2314 1890 coeli
2361 1849 2499 1889 novo
2543 1831 2804 1903 obsequio
2843 1838 3199 1902 susceperunt
3239 1829 3310 1885 ad
3351 1828 3579 1884 Patrem
3616 1842 3783 1883 asca-

2194 1926 2432 1983 dentem.
2487 1923 2596 1980 Sed
2650 1932 2707 1981 et
2756 1924 2919 1980 corda
2968 1922 3276 1978 mortalium
3326 1921 3467 1978 dura
3508 1920 3672 1992 prius
3704 1933 3786 1990 per

509 2030 793 2101 Synagoga
820 2039 1054 2095 namque
1090 2001 1449 2093 congregatio.
1468 2006 1688 2083 dicitur,
1718 2031 1837 2086 quae
1874 2024 1929 2071 et
1953 2013 2085 2084 lapi-
2116 2001 2161 2060 Β
2188 2019 2604 2077 obstinationem
2664 2028 2849 2089 postea
2921 2014 3191 2087 patefacta
3256 2022 3386 2073 sunt
3451 2028 3557 2085 per
3618 2012 3783 2069 humi-

509 2124 637 2177 dum
673 2129 730 2176 et
760 2120 1041 2175 brutorum
1088 2112 1402 2169 animalium
1440 2110 1546 2167 dici
1603 2118 1799 2181 potest.
1845 2106 2087 2164 Ecclesia

508 2228 657 2280 vero,
695 2225 817 2283 qua:
858 2207 1172 2265 convocatio
1212 2211 1577 2274 nuncupatur,
1600 2215 1710 2256 non
1754 2199 1857 2255 nisi
1901 2212 2088 2255 eorum

506 2304 709 2375 estqui
736 2299 1103 2373 intelligentiae
1122 2294 1456 2368 praepollent,
1482 2300 1544 2349 ut
1566 2298 1897 2348 monstretur
1921 2303 2090 2359 quan-

508 2405 620 2452 tum
657 2394 824 2450 distat
864 2389 1174 2448 Christiana
1229 2385 1465 2458 dignitas
1510 2399 1542 2439 a
1585 2382 1809 2440 Judaica
1860 2380 2087 2436 vilitate.

506 2488 704 2544 Beatus
730 2498 863 2541 vero
891 2480 1228 2554 Augustinus
1268 2479 1324 2534 in
1360 2476 1500 2533 libro
1542 2474 1611 2530 de
1643 2473 1865 2544 Origine
1899 2473 2092 2528 animae

505 2580 573 2636 de
597 2581 700 2636 hac
722 2593 782 2635 re
804 2578 881 2633 ita
904 2575 1035 2632 dicit
1050 2577 1093 2629 ε’(
1118 2573 1273 2629 Sicut
1296 2586 1426 2643 ergo
1445 2568 1777 2641 appellamus
1805 2564 2092 2623 ecclesiam

506 2669 781 2727 basilicam
796 2684 905 2739 qua
920 2666 1231 2724 continetur
1259 2661 1489 2734 pepulus
1516 2660 1609 2731 qui
1642 2673 1772 2715 vere
1796 2655 2094 2727 appellatur

506 2759 778 2827 Ecclesia,
807 2768 869 2813 ut
897 2755 1116 2812 nomine
1139 2751 1416 2819 Ecclesize,
1448 2751 1501 2806 id
1530 2758 1612 2806 est
1644 2746 1828 2821 populi
1848 2746 1940 2818 qui
1963 2760 2094 2801 eon-

505 2854 705 2908 tinetur
743 2848 1110 2922 signiﬁcemus
1132 2845 1310 2901 locum
1332 2842 1426 2914 qui
1457 2840 1719 2905 continet,
1752 2839 1848 2903 ita,
1877 2837 2005 2908 quia
2033 2850 2095 2890 a-

506 2946 663 3000 nimae
675 2941 993 3014 corporibus
1006 2932 1603 3005 continentur,intelligi
1616 2945 1845 3002 corpora
1858 2928 2094 2985 ﬁliorum

505 3034 669 3091 Israel
686 3048 783 3106 per
799 3032 1109 3088 nominatas
1137 3028 1347 3084 animas
1381 3033 1626 3097 possunt.
1665 3022 1889 3093 Proprie
1911 3029 2092 3076 autem

506 3126 693 3182 Graeco
705 3122 967 3181 vocabulo
977 3120 1196 3179 basilica
1213 3120 1411 3175 dicitur
1422 3132 1542 3188 qua:
1556 3114 1747 3170 Latine
1760 3112 1904 3183 regia
1925 3110 2095 3167 inter-

506 3224 782 3287 pretatur;
807 3224 868 3269 ut
901 3211 1267 3268 habitaculum
1281 3205 1646 3280 Regisaeterni
1677 3210 2027 3260 monstretur.

576 3308 753 3375 Qum
787 3305 1189 3377 superliminare
1230 3312 1317 3367 ter
1329 3300 1637 3384 percutitur,
1668 3308 1717 3365 εὶ
1752 3313 1859 3363 pix
1897 3310 2023 3359 nmo

2136 3379 2164 3403 ς

1089 3423 1254 3464 υοιιω
1284 3405 1498 3460 dicitur.
2117 3397 2163 3449 (ἱ

576 3505 722 3563 Sane
759 3502 1080 3561 illuminatis
1127 3499 1387 3566 candelis,
1418 3512 1536 3553 mos
1556 3505 1642 3554 est
1676 3494 1989 3567 pontiﬁcum
2023 3492 2090 3548 ad

507 3597 709 3652 ostium
758 3596 1021 3651 accedere
1065 3591 1309 3647 basilicae
1358 3590 1506 3646 clero
1561 3601 1616 3645 et
1663 3588 1861 3659 popqu
1904 3586 2093 3642 subse-

508 3695 734 3757 quente,
783 3695 839 3742 et
874 3691 1159 3756 percutere
1200 3679 1734 3752 ter’superliminare
1774 3693 1899 3734 eum
1940 3678 2093 3747 virga

510 3792 673 3845 quam
715 3775 1012 3845 antiquitas
1054 3771 1353 3828 cambutam
1386 3778 1563 3835 vocat,
1598 3778 1654 3825 et
1691 3777 1913 3825 cantare
1951 3766 2095 3821 auti-

511 3870 744 3935 phonam
774 3882 789 3920 :
824 3885 844 3918 ι
879 3864 1075 3920 Tollite
1130 3870 1348 3934 portas,
1394 3861 1697 3934 principes,
1751 3869 1991 3924 vestras,
2037 3866 2094 3913 et

511 3956 817 4022 elevamini,
846 3964 1014 4026 portae
1036 3953 1339 4010 aeternales.
1371 3971 1392 4006 ι
1422 3952 1492 4008 Et
1517 3953 1631 4008 haec
1652 3951 1868 4022 quidem
1891 3964 2095 4021 nequa-

512 4062 697 4115 quam,
718 4054 778 4100 ut
800 4045 984 4115 pueris
1006 4044 1092 4100 vel
1116 4044 1394 4115 pueriliter
1418 4042 1840 4115 intelligentibus
1860 4043 2091 4103 videtur,

512 4141 826 4214 accipienda
865 4150 1013 4209 sunt,
1050 4141 1146 4197 sed
1184 4140 1453 4197 subtiliter
1492 4139 1890 4196 discutiendum
1925 4151 2094 4207 quare

512 4246 587 4288 ua
622 4251 653 4289 a
689 4233 957 4289 veteribus
997 4231 1246 4287 instituta
1286 4230 1434 4297 sint;
1478 4231 1594 4285 haec
1639 4244 1874 4298 namque
1905 4235 1962 4283 et
1989 4225 2095 4281 alia

513 4342 608 4397 per
640 4326 939 4383 doctrinam
970 4323 1338 4397 apostolorum
1368 4337 1667 4392 eorumque
1705 4318 2093 4391 discipulorum

512 4416 577 4470 ad
625 4431 723 4473 nos
765 4416 1037 4473 credimus
1080 4415 1350 4471 devoluta.
1420 4412 1637 4470 Scimus
1682 4422 1864 4468 autem
1908 4425 2095 4467 sacros

513 4507 797 4576 pontiﬁces
844 4506 1058 4563 Domini
1101 4504 1227 4562 Jesu
1267 4505 1469 4562 Christi
1521 4514 1732 4578 gestare
1780 4518 2091 4574 personam,

512 4599 656 4654 sicut
688 4601 770 4654 eis
804 4599 919 4668 ipse
946 4597 1079 4653 dicit
1107 4613 1122 4651 :
1156 4615 1176 4649 ι
1206 4597 1360 4653 Sicut
1391 4596 1543 4652 misit
1574 4610 1662 4651 me
1689 4595 1871 4662 Pater,
1899 4602 1954 4651 et
1992 4607 2094 4665 ego

514 4688 669 4743 mitto
696 4704 813 4745 vos.
852 4707 873 4740 ι
913 4687 1191 4759 Itemque:
1230 4708 1249 4743 ι
1285 4689 1389 4756 Qui
1412 4704 1511 4745 vos
1546 4689 1698 4744 audit
1722 4705 1810 4745 me
1837 4690 2006 4756 audit,
2037 4701 2094 4747 et

2186 2108 2293 2165 lem
2336 2108 2754 2166 confessionem.
2798 2105 3054 2162 Eamdem
3106 2119 3236 2178 ergo
3286 2112 3629 2177 potestatem
3684 2102 3786 2158 Sai-

2187 2212 2345 2259 vator
2403 2203 2518 2258 suis
2583 2201 2811 2272 largitur
2868 2201 3187 2273 praesulibus
3222 2243 3238 2267 ,
3302 2216 3432 2258 cum
3483 2201 3697 2266 Petro,
3743 2211 3786 2255 et

2189 2293 2310 2350 loco
2380 2292 2641 2351 Ecclesiae
2716 2293 3052 2365 principibus
3124 2302 3449 2366 potestatem
3532 2292 3786 2364 largiatur

2190 2383 2467 2442 dicendo:
2511 2404 2530 2439 ι
2577 2384 2658 2440 Tu
2706 2400 2767 2442 es
2814 2383 3041 2453 Petrus,
3087 2394 3141 2441 et
3194 2400 3354 2457 super
3394 2384 3550 2440 hanc
3593 2393 3784 2456 petru-

2189 2477 2469 2559 tediﬁcabo
2513 2478 2812 2536 Ecclesium
2863 2493 3070 2545 meam,
3123 2486 3178 2534 et
3230 2486 3402 2550 porta:
3464 2476 3640 2534 inferi
3693 2492 3784 2533 uol

2189 2567 2556 2640 praevalebunt
2609 2569 2871 2625 adversus
2919 2582 3042 2624 eam
3090 2585 3105 2621 :
3157 2575 3213 2623 et
3267 2566 3537 2638 quidquid
3604 2566 3787 2638 ligave-

2190 2664 2268 2720 ris
2325 2679 2489 2735 super
2549 2672 2753 2721 terram
2810 2663 2916 2720 erit
2966 2662 3191 2735 ligatum
3249 2670 3304 2718 et
3357 2661 3415 2716 in
3499 2660 3688 2729 celo,
3742 2668 3785 2714 et

2192 2752 2452 2825 quidquid
2509 2752 2735 2811 solveris
2787 2768 2952 2824 super
3006 2759 3210 2808 terram
3264 2750 3373 2806 erit
3428 2748 3688 2807 solutum
3740 2758 3784 2801 et

2191 2842 2248 2901 in
2317 2840 2478 2901 calo.
2532 2863 2552 2900 ι
2611 2844 2710 2902 Cui
2764 2858 2896 2917 ergo
2957 2843 3152 2901 dicitur
3219 2851 3392 2915 porta:
3460 2841 3639 2898 inferi
3696 2856 3785 2897 non

2191 2933 2557 3006 praevalebunt
2605 2942 2662 2991 et
2705 2934 2756 2990 ei
2809 2933 3012 3006 ligandi
3067 2933 3125 2989 in
3174 2933 3315 2989 caelo
3350 2941 3407 2989 ct
3465 2930 3721 2988 solvendi
3743 2930 3788 2985 is

2194 3033 2342 3082 terra
2396 3025 2561 3084 simul
2615 3024 2959 3098 privilegium
3025 3024 3292 3092 trahitur,
3359 3031 3591 3080 constat
3650 3021 3789 3079 nini-

2194 3133 2315 3174 rum
2374 3117 2499 3189 quia
2556 3125 2612 3173 et
2660 3116 2835 3185 coelo,
2885 3124 2941 3173 et
2991 3125 3151 3173 terrae
3200 3125 3257 3173 et
3322 3114 3545 3171 inferno
3605 3114 3791 3187 princi-

2194 3220 2372 3285 petur.
2425 3211 2561 3268 Cum
2595 3224 2726 3283 ergo
2761 3208 3006 3283 pontifex
3044 3209 3195 3282 virga
3236 3224 3334 3264 sua
3378 3208 3793 3281 superliminare

2198 3303 2391 3360 futurae
2436 3302 2681 3360 ecclesia:
2727 3311 2809 3358 ter
2853 3302 3122 3375 percutit,
3145 3301 3388 3381 ostendit
3423 3302 3560 3372 quia
3616 3301 3792 3358 sibiet

2193 3400 2350 3472 cili,
2400 3407 2456 3456 et
2501 3407 2663 3455 terra:
2712 3407 2768 3455 et
2824 3395 2983 3454 inferi
3033 3404 3273 3470 potestas
3318 3396 3492 3453 cedit.
3543 3395 3705 3453 Unde
3745 3405 3795 3449 et

2193 3513 2315 3575 post
2363 3492 2766 3573 percussionem
2811 3491 3010 3549 ostium
3061 3491 3339 3563 aperitur,
3372 3489 3640 3546 videlicet
3682 3488 3792 3559 quia

2195 3595 2298 3652 sibi
2343 3605 2666 3667 potestatem
2715 3610 2869 3652 suam
2925 3586 3100 3667 digne.
3139 3585 3494 3645 conservanti
3546 3600 3681 3665 pars

2194 3702 2353 3745 versa
2397 3687 2651 3744 resistere
2698 3703 2809 3744 non
2848 3695 3049 3758 potest.
3098 3685 3236 3743 Nam
3276 3690 3396 3758 ipsa
3445 3689 3683 3750 domus,
3719 3701 3799 3737 au-

2196 3788 2413 3850 tequam
2470 3793 2593 3836 eam
2646 3778 2890 3851 pontifex
2944 3779 3313 3852 ingrediatur,
3386 3780 3579 3849 populi
3660 3780 3794 3849 igno-

2195 3872 2369 3929 rantis
2409 3870 2648 3944 perﬁdia:
2695 3870 2966 3945 repagulis
3016 3870 3208 3928 inclusi
3260 3869 3499 3941 ﬁguram
3551 3879 3707 3926 tenet
3742 3869 3800 3923 ad

2195 3979 2357 4036 quem
2406 3962 2670 4019 Dominus
2716 3962 2866 4018 venit
2918 3969 2981 4018 ut
3027 3961 3285 4018 educeret
3333 3969 3572 4016 cunctos
3620 3960 3695 4014 de
3734 3967 3801 4013 te-

2195 4055 2410 4120 nebris,
2465 4055 2552 4110 cui
2603 4053 2768 4110 Pater
2816 4052 3074 4109 dixerat:
3126 4071 3145 4104 ι
3187 4050 3300 4122 Ego
3340 4062 3476 4106 ante
3523 4060 3578 4105 te
3632 4052 3727 4105 ίὶιι)
3755 4056 3801 4102 et

2194 4147 2457 4221 gloriosos
2481 4156 2642 4203 terra:
2681 4145 3001 4212 humiliabo,
3025 4152 3213 4217 portas
3239 4159 3414 4200 aereas
3437 4154 3733 4200 conteram
3755 4153 3801 4195 et

2197 4247 2382 4296 vectes
2431 4237 2641 4294 ferreos
2696 4235 3053 4310 confringam.
3100 4255 3121 4289 ι
3173 4235 3416 4306 itemque
3463 4246 3592 4305 post
3626 4235 3801 4304 aliqua

2194 4333 2246 4390 ei
2286 4332 2449 4389 Pater
2498 4331 2673 4388 dicit:
2710 4348 2731 4383 ι
2776 4329 2848 4390 Ut
2897 4330 3107 4387 diceres
3142 4329 3230 4386 his
3268 4329 3362 4400 qui
3401 4329 3576 4384 vineti
3626 4337 3799 4383 sunt:

2194 4424 2385 4490 Exite,
2424 4431 2480 4480 et
2523 4422 2609 4480 his
2655 4422 2749 4493 qui
2785 4421 2843 4476 in
2888 4421 3130 4478 tenebris
3168 4428 3296 4477 sunt
3327 4438 3342 4475 :
3373 4419 3746 4475 Revelamini.
3778 4436 3796 4468 ι

2195 4516 2351 4585 Quod
2403 4524 2460 4572 et
2508 4531 2606 4588 per
2653 4513 2893 4584 seipsum
2943 4512 3207 4568 Dominus
3256 4510 3314 4566 in
3363 4525 3538 4568 carne
3579 4511 3803 4567 veniens

2196 4606 2405 4679 peregit
2464 4614 2523 4661 et
2575 4618 2750 4674 usque
2807 4602 2865 4659 in
2930 4601 3094 4658 ﬁnem
3153 4600 3336 4659 seculi
3402 4616 3508 4672 per
3572 4600 3803 4657 vicaria

2198 4714 2326 4755 suos
2365 4711 2525 4770 agere
2554 4710 2660 4751 non
2694 4693 2927 4750 desistit.
2959 4690 3222 4750 Cantatur
3268 4703 3456 4749 autem
3504 4693 3801 4764 antiphm:

514 4779 605 4849 qui
644 4795 738 4836 vos
775 4779 984 4852 spernit
1018 4794 1105 4836 me
1135 4781 1363 4851 spernit.
1390 4799 1410 4833 ι
1458 4778 1662 4839 Beatus
1698 4782 1862 4838 etiam
1892 4782 2091 4840 Paulus
2115 4748 2171 4811 Β
2196 4804 2228 4846 a
2271 4748 2523 4861 pontiﬁce
2579 4787 2795 4842 dicente
2836 4801 2852 4839 :
2898 4748 2931 4837 ν(
2973 4748 3169 4841 ῗόιιίιε
3224 4792 3449 4855 portas,
3492 4748 3801 4854 principes.

514 4870 642 4925 huic
686 4870 869 4927 sensui
918 4869 1243 4943 astipulatur
1283 4886 1408 4927 cum
1452 4872 1571 4928 vice
1602 4870 1807 4928 Christi
1848 4888 1908 4929 se
1939 4873 2090 4944 fungi

515 4970 745 5019 testatur
785 4964 971 5020 dicens
1011 4980 1026 5019 :
1073 4980 1097 5017 ι
1131 4962 1239 5019 Pro
1264 4961 1482 5019 Christo
1507 4963 1774 5036 legatione
1800 4964 2091 5037 fungimur,

514 5056 861 5113 obsecramus
902 5071 1003 5128 pro
1034 5053 1286 5123 Christo,
1331 5058 1754 5114 reconciliamini
1779 5058 2027 5117 Domino.
2066 5079 2087 5115 ι

520 5147 679 5218 Virga
718 5158 897 5203 autem
935 5147 1230 5203 sacerdotis
1266 5157 1506 5218 potestas
1551 5150 1872 5222 intelligitur
1909 5168 2093 5209 sacer-

516 5235 708 5292 dotalis
744 5253 907 5306 quam
938 5237 1020 5292 eis
1057 5236 1285 5292 contulit
1321 5253 1445 5293 cum
1484 5241 1755 5308 apostolos
1795 5244 1863 5297 ad
1898 5243 2097 5314 praedi-

517 5326 783 5381 cationem
824 5327 1044 5382 mittens
1078 5326 1214 5382 nihil
1239 5328 1320 5383 eis
1346 5326 1491 5382 aliud
1512 5330 1778 5398 permisit,
1800 5330 2094 5405 Evangelio

520 5414 729 5471 dicente
754 5417 896 5487 quod
926 5432 1033 5471 non
1058 5417 1303 5486 permisit
1334 5427 1393 5472 ut
1416 5418 1618 5488 aliquid
1648 5420 1897 5476 tollerent
1931 5424 1985 5478 in
2008 5425 2096 5481 via

519 5507 624 5563 nisi
649 5508 856 5579 virgam
884 5517 1111 5564 tantum.
1140 5508 1277 5575 Quia
1307 5510 1456 5581 virga
1488 5512 1663 5567 sancti
1702 5516 2013 5572 sacerdotes
2040 5526 2097 5572 et

520 5597 869 5650 consolantur
896 5599 1154 5648 humiles-
1190 5608 1247 5654 et
1279 5609 1485 5653 terrent
1518 5602 1778 5660 superbos
1808 5620 1872 5658 ac
1894 5605 2099 5658 feriunt

2202 4889 2444 4946 vestras,
2502 4885 2558 4935 et
2612 4875 2927 4942 elevamini,
2994 4886 3165 4948 portae
3220 4876 3552 4944 aatcrnales,
3613 4895 3634 4929 ι
3700 4886 3798 4929 etc.

2196 4972 2330 5029 Cum
2384 4969 2705 5026 auctoritate
2765 4969 2947 5025 divina
2998 4967 3231 5040 imperat
3294 4967 3553 5038 pontifex
3606 4968 3800 5024 daemo-

2195 5061 2355 5117 nibus
2397 5058 2514 5115 sive
2562 5058 2711 5114 vitiis
2754 5058 2983 5114 diversis
3009 5098 3024 5123 ,
3076 5069 3136 5113 ut
3176 5056 3373 5113 tollant
3412 5066 3607 5129 portas
3641 5072 3799 5119 suas.

2198 5159 2465 5223 quatenus
2509 5157 2679 5219 porta:
2702 5149 2950 5205 caelestes
2990 5146 3267 5204 eleventur
3304 5154 3365 5203 et
3412 5148 3651 5204 introeat
3686 5147 3799 5201 Bc;

2200 5244 2403 5316 gloriae.
2446 5241 2622 5299 Portae
2665 5242 2811 5298 enim
2858 5240 3050 5297 mortis
3090 5248 3219 5297 sunt
3266 5250 3544 5310 peccata,
3590 5242 3657 5295 de
3687 5240 3803 5311 qui-

2200 5335 2302 5392 bus
2359 5335 2628 5405 Propheta
2698 5334 2961 5405 gloriatur
3009 5334 3077 5388 ad
3135 5330 3476 5395 Dominum,
3544 5331 3741 5387 dicens
3787 5346 3801 5380 :

2206 5443 2226 5477 ‹
2272 5424 2372 5492 Qui
2406 5424 2614 5479 exaltas
2647 5438 2733 5478 me
2767 5423 2835 5479 de
2878 5421 3049 5494 portis
3090 5420 3304 5476 mortis.
3344 5441 3367 5473 ι
3404 5419 3588 5478 Porta:
3619 5431 3802 5475 aula

2201 5528 2328 5578 sunt
2379 5518 2662 5575 aeternalcs
2718 5534 2817 5588 per
2874 5534 3008 5588 quas
3062 5515 3403 5589 ingredimur
3452 5517 3524 5571 ad
3593 5515 3801 5569 vitam.

2204 5610 2273 5654 de
2319 5609 2514 5654 mnibus
2563 5608 2907 5662 nmseuuitur
2947 5609 3086 5663 idem
3129 5605 3425 5662 Psalmista
3472 5624 3490 5663 :
3545 5628 3563 5657 ι
3610 5605 3689 5661 [ῖι
3714 5620 3803 5658 38-
