4038 6426
288 451 398 510 849

1421 453 1510 509 DE
1549 450 2010 511 DEDICATIONE
2046 448 2428 507 ECCLESIIE.

3476 444 3582 501 850

283 563 631 635 praedicatio,
686 579 784 636 per
836 578 971 634 quas
1023 565 1137 618 Rex
1192 562 1377 635 glorim
1433 564 1710 630 introivit,
1758 578 1882 620 cum
1908 566 1961 628 Α
1988 579 2107 618 rum
2137 564 2380 620 actiones
2414 578 2514 636 pro
2541 564 2794 621 omnibus
2824 562 3164 631 hominibus,
3210 576 3312 634 pro
3357 562 3578 634 regibus

282 655 536 713 Christus
584 670 697 728 .per
762 665 950 713 sancta
1020 671 1185 729 opera
1234 658 1287 712 in
1340 657 1584 713 Ecclesia
1642 673 1743 713 sua
1799 658 1883 714 sui

278 750 628 823 praesentiam
674 759 858 806 notam
911 750 1092 806 faciat.
1143 750 1327 806 Gloria
1373 751 1518 806 enim
1567 750 1733 823 Regis
1787 765 1887 806 no.

279 840 382 896 stri
430 848 515 896 est
563 855 688 896 cum
734 842 787 896 in
829 840 1072 895 Ecclesia
1118 842 1236 912 ejus
1283 850 1522 913 potestas
1566 851 1623 898 et
1667 842 1885 898 miseri-

279 931 465 987 cordia
519 941 575 986 et
618 931 830 1000 justitia
890 932 1248 1003 praedicatur,
1317 932 1533 988 dicente
1560 931 1880 1004 Scriptura,

283 1043 304 1077 (
353 1024 477 1094 quia
528 1023 698 1095 gloria
747 1040 933 1096 regum
984 1024 1055 1079 sit
1102 1024 1279 1080 celate
1323 1026 1585 1092 verbum,
1628 1034 1682 1080 et
1712 1026 1882 1096 gloria

277 1115 495 1170 Domini
524 1116 847 1197 inyestigare
879 1130 1207 1171 sermonem.
1253 1136 1273 1169 ι
1320 1116 1523 1188 Aperto
1553 1132 1681 1172 vero
1709 1118 1847 1175 ostio
1866 1158 1881 1185 ,

278 1208 452 1263 intrat
502 1208 773 1280 pontifex,
808 1209 995 1265 dicens
1040 1225 1161 1265 cum
1208 1209 1356 1267 clero
1407 1220 1462 1266 et
1507 1210 1705 1282 popqu
1751 1220 1881 1267 ter:

284 1318 305 1352 ι
354 1299 463 1355 Pax
528 1300 652 1356 huic
714 1301 919 1356 domui.
967 1320 985 1353 ι
1042 1301 1178 1369 Quia
1245 1301 1504 1358 Dominus
1570 1303 1882 1375 ingrediens

276 1394 539 1449 mundum
585 1409 756 1464 genus
806 1395 1103 1450 humanum
1149 1411 1247 1467 per
1287 1396 1469 1452 carnis
1514 1413 1626 1452 suae
1675 1412 1883 1452 assum-

273 1488 517 1558 ptionem
591 1488 819 1543 Domino
883 1489 1287 1558 reconciliavit,
1360 1504 1660 1561 pacemque
1732 1489 1878 1545 illam

275 1595 442 1647 quam
492 1579 759 1635 discordia
811 1595 908 1650 per
952 1592 1234 1652 peccatum
1284 1581 1581 1636 disciderat
1629 1582 1744 1653 ipse
1791 1582 1880 1636 ad-

273 1678 469 1725 ventus
518 1672 601 1726 sui
661 1672 1009 1727 miseratione
1063 1673 1346 1728 conscivit.
1398 1673 1537 1728 llinc
1592 1682 1677 1729 est
1730 1674 1878 1728 enim

272 1767 419 1836 quod
470 1766 646 1840 angeli
712 1781 778 1823 eo
842 1777 970 1824 nato
1024 1767 1394 1823 clamaverunt
1451 1786 1464 1822 :
1526 1787 1544 1819 ί
1590 1766 1772 1823 Gloria
1824 1768 1877 1824 in

272 1858 507 1915 excelsis
562 1860 709 1927 Deo,
762 1868 818 1916 et
880 1861 933 1916 in
994 1868 1135 1916 terra
1201 1876 1307 1933 pax
1360 1859 1668 1914 hominibus
1721 1858 1875 1915 bona:

1987 663 2043 711 et
2070 670 2169 725 pro
2194 655 2279 710 his
2313 656 2407 727 qui
2447 655 2502 711 in
2533 655 2867 712 sublimitate
2906 664 3049 710 sunt.
3089 674 3109 707 ι
3143 652 3391 709 Pontifex
3423 667 3579 723 ergo,

1988 747 2113 802 dum
2138 746 2425 802 ecclesiam
2470 762 2664 801 novam
2694 746 3137 803 sanctificaturus
3181 760 3300 801 eam
3340 745 3581 816 ingredi-

1987 849 2076 895 tur
2114 849 2168 895 et
2194 840 2380 896 statim
2406 839 2473 895 ad
2505 840 2809 896 orationem
2851 855 2911 895 se
2948 837 3182 905 confert,
3212 837 3455 908 Apostoli
3487 851 3584 893 vo-

1985 948 2104 989 cem
2129 933 2384 1005 complet,
2434 934 2529 1003 qui
2575 934 2811 1005 primum
2857 934 3099 989 omnium
3142 932 3419 988 orationes
3464 930 3583 987 ﬁeri

1984 1025 2159 1096 poscit
2184 1040 2284 1097 pro
2312 1026 2568 1081 omnibus
2608 1026 2949 1092 hominibus,
3001 1024 3209 1082 scilicet
3240 1035 3296 1081 et
3335 1040 3435 1096 pro
3467 1039 3586 1080 cre-

1986 1117 2239 1171 dentibus
2287 1124 2343 1172 et
2383 1118 2615 1172 necdum
2666 1117 3031 1173 credentibus.
3087 1117 3340 1171 Attamen
3390 1131 3583 1171 eorum

1984 1210 2161 1265 adhuc
2190 1218 2372 1282 typum
2406 1219 2554 1266 tenet
2581 1212 2672 1281 qui
2712 1211 2900 1265 rudem
2946 1210 3157 1281 plebem
3199 1210 3469 1265 instruere
3498 1209 3583 1263 iu-

1986 1303 2212 1373 cipiunt.
2243 1304 2371 1359 Inde
2414 1312 2500 1359 est
2526 1305 2669 1375 quod
2715 1320 2943 1374 surgens
2972 1306 3041 1360 ab
3073 1304 3323 1359 oratione
3350 1318 3457 1358 non
3490 1318 3581 1357 sa-

1986 1394 2126 1450 lutat
2147 1396 2404 1466 populum
2437 1398 2614 1452 adhuc
2637 1397 2888 1462 dicendo,
2917 1415 2936 1447 (
2958 1396 3217 1451 Dominus
3231 1395 3533 1457 vobiscum,
3560 1414 3579 1446 ι

1984 1488 2185 1545 sed'ad
2226 1490 2527 1544 orationem
2578 1498 2800 1545 cunctos
2833 1491 3103 1545 hortatur.
3150 1487 3390 1543 Necdum
3435 1487 3584 1541 enim

1982 1580 2211 1649 populus
2246 1580 2491 1636 novellus
2522 1581 2590 1635 ad
2634 1596 2753 1636 eam
2782 1581 3098 1653 dignitatem
3138 1578 3463 1648 pervenitut
3489 1592 3582 1633 sa-

1982 1674 2220 1729 cerdotis
2263 1673 2590 1730 salutatione
2638 1674 2833 1746 dignus
2879 1654 3147 1729 videatur.
3195 1672 3387 1727 Adhuc
3436 1672 3581 1726 enim

1982 1764 2166 1820 fenum
2226 1775 2493 1821 tectorum
2541 1776 2645 1831 est,
2711 1767 2778 1821 de
2827 1782 2935 1837 quo
2980 1782 3088 1821 non
3134 1765 3320 1837 implet
3362 1780 3581 1820 manum

1980 1873 2134 1913 suam
2160 1858 2253 1928 qui
2277 1859 2452 1924 metit,
2484 1873 2587 1914 nec
2617 1859 2796 1914 sinum
2832 1874 2991 1914 suum
3022 1861 3115 1929 qui
3140 1858 3443 1929 manipulos
3470 1856 3583 1912 col-
3644 1858 3645 1861 “

270 1952 585 2007 voluntatis.
635 1973 653 2004 ι
712 1952 851 2008 Hinc
896 1962 980 2010 est
1023 1954 1169 2025 quod
1220 1954 1335 2024 ipse
1385 1953 1645 2023 Princeps
1693 1968 1874 2008 sacer-
1902 1963 1949 2017 Β
1978 1949 2117 2021 ligit,
2150 1959 2211 2004 ut
2238 1950 2318 2005 eis
2352 1950 2528 2020 possit
2563 1950 2671 2005 dici
2711 1966 2741 2005 a
2782 1950 3257 2021 praetereuntibus,
3304 1968 3322 2001 α
3352 1947 3583 2004 Benedi-

270 2045 460 2099 dotum
528 2045 974 2115 praedicatoribus
1039 2062 1176 2118 quos
1233 2046 1491 2103 Ecclesia:
1546 2045 1881 2117 praeﬁciebat

268 2139 529 2211 praecepit
577 2141 761 2197 dicens
807 2158 821 2195 :
862 2160 880 2193 ι
924 2141 1196 2197 lntrantes
1244 2150 1425 2196 autem
1473 2140 1731 2205 domum,
1788 2154 1877 2194 sa-

269 2233 441 2289 lutate
488 2250 609 2290 eam
662 2235 905 2291 dicentes
953 2254 966 2290 :
1019 2235 1133 2290 Pax
1186 2235 1315 2291 huic
1369 2234 1569 2289 domui.
1620 2254 1639 2286 ι
1678 2233 1785 2289 Sed
1826 2243 1881 2289 et

270 2327 388 2398 ipse
433 2326 714 2398 ingressus
762 2329 982 2385 domum
1030 2328 1243 2385 Zachaei
1301 2329 1437 2385 dixit
1476 2348 1489 2384 :
1540 2347 1560 2381 ι
1602 2327 1740 2396 Quia
1783 2329 1879 2384 ho-

268 2420 359 2476 die
409 2435 514 2491 pax
565 2421 693 2477 huic
749 2423 931 2479 domui
980 2422 1123 2479 facta
1176 2432 1295 2489 est,
1354 2439 1418 2479 eo
1464 2422 1608 2494 quod
1656 2432 1710 2477 et
1764 2423 1879 2493 ipse

267 2511 415 2567 ﬁlius
451 2514 521 2567 sit
572 2514 825 2570 Abrahae.
873 2534 892 2567 ι
937 2516 1194 2586 Idemque
1246 2525 1370 2586 post
1422 2516 1875 2571 resurrectionem

268 2620 537 2676 apparens
580 2608 859 2677 discipulis
908 2609 1022 2665 suis
1060 2610 1137 2663 ait
1174 2627 1186 2663 :
1230 2626 1249 2661 ι
1295 2608 1408 2664 Pax
1457 2609 1632 2664 vobis.
1687 2627 1705 2659 ι
1740 2607 1879 2663 Ροη-

269 2700 406 2756 tifex
462 2716 591 2773 ergo
637 2701 925 2757 ecclesiam
978 2702 1319 2774 ingrediens,
1380 2720 1400 2754 ί
1445 2701 1557 2757 Pax
1604 2702 1729 2757 huic
1782 2702 1878 2756 do-

268 2792 411 2856 mni,
458 2810 478 2844 ι
516 2792 745 2859 clamat,
798 2794 925 2864 quia
974 2795 1147 2851 sancti
1203 2795 1455 2850 doctores
1490 2796 1556 2848 ad
1613 2795 1715 2849 hoc
1766 2802 1876 2848 sat-

268 2893 439 2954 agunt
525 2893 584 2940 ut
642 2885 872 2957 populus
934 2886 1027 2958 qui
1089 2902 1121 2941 a
1187 2887 1415 2943 Domino
1468 2886 1879 2942 discordaverat

266 2994 366 3049 per
390 2988 635 3048 peccata,
680 2980 731 3035 ei
774 2981 1156 3037 reconcilietur
1202 2997 1299 3053 per
1338 2982 1604 3036 bonorum
1650 2996 1874 3051 operum

264 3074 548 3129 exercitia.
605 3073 718 3130 Hoc
766 3074 967 3131 Paulus
1017 3077 1130 3146 agit
1168 3091 1306 3146 pene
1356 3092 1454 3146 per
1503 3091 1695 3130 omnes
1750 3076 1875 3145 Epi-

266 3168 436 3225 stolas
493 3184 621 3226 suas
692 3170 982 3227 scribendo
1049 3170 1116 3225 ad
1191 3169 1482 3240 discipulos
1544 3187 1556 3222 :
1624 3187 1643 3220 ι
1686 3167 1873 3223 Gratia

265 3261 423 3317 vobis
447 3270 501 3315 et
525 3276 631 3331 pax
655 3276 685 3315 a
717 3261 829 3317 Deo
864 3262 1023 3318 Patre
1060 3270 1113 3317 et
1145 3262 1372 3316 Domino
1398 3259 1524 3316 Jesu
1571 3260 1812 3318 Christo.
1849 3280 1867 3311 ι

265 3351 401 3407 Item
437 3352 649 3408 Petrus.
688 3372 707 3404 ε
750 3352 939 3409 Gratia
979 3355 1132 3409 vobis
1163 3363 1215 3408 et
1250 3369 1354 3424 pax
1397 3352 1805 3422 multiplicetur.
1845 3372 1864 3404 ι

266 3442 479 3499 Clamat
522 3453 706 3501 autem
757 3454 876 3512 ter,
926 3453 988 3499 ut
1028 3444 1236 3508 Patris,
1294 3453 1350 3500 et
1397 3444 1557 3510 Filii,
1608 3452 1663 3498 et
1699 3442 1871 3514 Spiri-

269 3543 355 3591 tus
416 3538 629 3604 sancti,
690 3553 920 3609 quorum
981 3554 1087 3592 una
1142 3545 1229 3593 est
1285 3537 1581 3601 divinitas,
1647 3536 1717 3591 sit
1782 3550 1870 3591 re-

269 3627 667 3686 conciliationis
714 3644 869 3701 :equa
922 3630 1188 3701 parilitas.
1239 3630 1392 3686 Unus
1438 3637 1521 3685 est
1567 3630 1713 3685 enim
1760 3629 1869 3683 Do-

269 3718 480 3786 minus,
549 3735 655 3775 una
718 3720 887 3788 ﬁdes,
944 3736 1109 3776 unum
1166 3722 1453 3792 baptisma.
1512 3722 1570 3776 ln
1631 3721 1717 3776 his
1782 3735 1870 3775 re-

269 3812 703 3870 conciliationem
748 3822 805 3870 et
850 3830 1041 3886 pacem
1090 3818 1158 3871 ad
1211 3815 1381 3869 Deum
1429 3828 1529 3886 per
1580 3815 1869 3870 Dominum

268 3914 517 3961 nostrum
552 3906 735 3962 Jesum
771 3906 1051 3964 Christum
1104 3908 1436 3974 meruimus,
1480 3908 1694 3963 dicente
1731 3907 1872 3978 Apo-

269 3998 440 4064 stolo,
487 3999 615 4070 quia
652 4017 672 4051 ι
713 3999 1023 4070 paciﬁcavit
1069 4014 1165 4071 per
1211 4001 1533 4071 sanguinem
1565 4015 1723 4055 suum
1762 4016 1869 4055 non

268 4090 441 4144 solum
496 4106 616 4161 qua:
676 4092 727 4146 in
789 4093 976 4159 caelis,
1031 4094 1127 4149 sed
1188 4093 1350 4149 etiam
1409 4108 1530 4165 quae
1591 4094 1646 4149 in
1712 4094 1875 4149 terris

269 4192 398 4238 sunt
428 4183 483 4237 in
534 4184 671 4254 ipso.
720 4203 740 4236 ι
776 4184 930 4254 Quod
964 4200 1093 4241 vero
1138 4186 1379 4241 intrante
1408 4186 1664 4258 pontiﬁce
1699 4186 1873 4242 eccle-

269 4271 440 4335 siam,
499 4272 677 4330 clerus
736 4290 860 4331 cum
917 4275 1141 4343 litania,
1208 4277 1521 4333 sacerdotes
1581 4286 1636 4333 et
1698 4277 1876 4332 levita:

268 4366 529 4434 prostrati
593 4367 648 4422 in
716 4376 917 4425 terram
985 4370 1053 4424 ad
1121 4370 1406 4425 Dominum
1478 4370 1715 4426 clamant
1776 4386 1875 4442 pro

270 4458 703 4517 sanctiﬁcatione
768 4462 937 4532 ipsius
1004 4462 1236 4529 domus,
1301 4463 1405 4519 hoc
1468 4473 1553 4519 est
1615 4464 1758 4533 quod
1822 4471 1877 4518 et

270 4550 532 4607 Dominus
584 4562 711 4609 ante
765 4555 1073 4624 passionem
1129 4556 1241 4627 egit
1294 4570 1395 4626 pro
1450 4555 1765 4626 discipulis,
1820 4562 1877 4610 et

268 4658 372 4715 pro
420 4646 627 4701 cunctis
678 4646 770 4717 qui
824 4656 948 4718 post
1000 4656 1301 4718 sequuntur
1357 4646 1606 4703 ﬁdelibus
1654 4646 1870 4703 Patrem

269 4749 537 4803 exorans,
586 4737 813 4793 dicendo
853 4757 866 4793 :
910 4758 928 4790 ι
973 4738 1167 4805 Pater,
1210 4740 1491 4796 sanctiﬁca
1541 4755 1635 4797 eos
1684 4742 1737 4796 in
1774 4758 1871 4798 no-

270 4827 420 4882 mine
469 4835 561 4882 tuo
607 4842 743 4899 quos
787 4827 1003 4885 dedisti.
1058 4829 1174 4886 Non
1224 4847 1320 4902 pro
1372 4832 1456 4888 his
1507 4843 1686 4889 autem
1736 4850 1869 4907 rogo

270 4923 514 4982 tantum,
563 4918 658 4973 sed
691 4932 791 4989 pro
843 4919 924 4975 eis
973 4922 1062 4991 qui
1117 4922 1373 4977 credituri
1425 4933 1551 4978 sunt
1605 4939 1704 4995 per
1746 4940 1870 4981 ver-

268 5006 401 5061 bum
440 5018 631 5062 eornm
683 5008 735 5063 in
788 5024 895 5066 me.
951 5030 971 5063 ι
1023 5009 1131 5067 Sed
1180 5021 1236 5068 et
1285 5013 1511 5085 apostoli
1559 5014 1614 5070 in
1670 5015 1868 5086 episto-

270 5097 341 5153 lis
396 5100 509 5154 suis
557 5100 837 5173 discipulis
891 5103 1137 5159 scribunt
1190 5119 1349 5160 orare
1408 5122 1468 5163 se
1517 5107 1633 5163 sine
1696 5108 1867 5162 inter-

270 5187 535 5244 missione
596 5191 663 5246 ad
729 5190 1016 5247 Dominum
1076 5209 1174 5265 pro
1232 5195 1366 5266 ipsis
1430 5205 1487 5251 et
1548 5198 1868 5253 memoriam

273 5278 454 5335 facere
492 5296 680 5337 eorum
730 5284 784 5339 in
816 5286 1170 5343 orationibus.
1196 5286 1419 5345 Necnon
1463 5290 1721 5347 Ecclesiae
1755 5307 1872 5348 mos

274 5371 499 5427 inolevit
551 5389 648 5444 per
701 5376 1045 5434 traditionem
1100 5382 1471 5450 apostolorum
1526 5391 1587 5438 ut
1634 5401 1740 5441 non
1777 5400 1869 5441 so-

273 5462 386 5518 lum
438 5480 538 5536 pro
582 5465 861 5535 ﬁdelibus,
908 5470 1003 5525 sed
1036 5477 1091 5525 et
1148 5486 1247 5542 pro
1302 5472 1573 5529 haereticis
1632 5482 1688 5529 et
1721 5476 1871 5531 schi-

274 5559 547 5624 smaticis,
606 5576 817 5617 necnon
865 5560 1063 5619 Iudaeis
1115 5579 1179 5619 ac
1224 5566 1450 5637 paganis
1496 5567 1708 5623 Domini
1763 5569 1868 5625 mi-

278 5652 633 5708 sericordiam
680 5656 1019 5711 conveniant.
1074 5656 1211 5712 Nam
1260 5658 1450 5713 beatus
1505 5657 1704 5715 Paulus
1752 5668 1869 5715 tan-

278 5758 441 5814 quam
498 5746 771 5817 ingressus
820 5748 1135 5815 ecclesiam,
1183 5752 1499 5807 cohortatur
1558 5768 1745 5810 omnes
1798 5755 1866 5810 ad

280 5837 579 5893 orationem
667 5840 849 5897 dicens
929 5856 945 5896 :
1023 5861 1042 5897 σ
1100 5842 1337 5901 Obsecro
1420 5845 1654 5917 primum
1744 5863 1860 5903 om-

280 5930 435 5987 nium
513 5930 634 5990 ﬁeri
712 5934 987 5993 orationes
1014 5977 1032 6007 ,
1118 5937 1544 6008 postulationes,
1658 5940 1865 6007 gratia-

1980 2041 2091 2095 ctio
2116 2040 2333 2096 Domini
2361 2056 2524 2112 super
2544 2057 2664 2107 vos,
2690 2043 3064 2097 benediximus
3093 2043 3247 2097 vobis
3275 2042 3328 2095 in
3365 2040 3583 2095 nomine

1979 2132 2218 2189 Domini.
2254 2152 2272 2186 ι
2320 2132 2378 2187 In
2421 2149 2654 2203 quorum
2704 2134 2875 2204 figura
2916 2133 3057 2189 Boos
3094 2133 3187 2188 ille
3226 2132 3580 2200 fortissimus,

1979 2226 2110 2281 dum
2158 2241 2428 2282 messores
2476 2242 2603 2282 suos
2636 2227 2908 2291 inviserit,
2942 2226 3105 2293 dixit,
3150 2242 3169 2277 ι
3197 2225 3458 2280 Dominus
3487 2240 3583 2280 vo-

1978 2319 2211 2375 biscum.
2256 2340 2274 2371 ι
2307 2319 2445 2387 Quia
2490 2320 2745 2375 videlicet
2778 2319 3039 2376 Dominus
3086 2327 3273 2374 noster
3306 2318 3579 2373 veraciter

1980 2408 2157 2476 fortis,
2188 2411 2331 2480 quod
2363 2426 2561 2466 nomen
2590 2411 2730 2466 Boos
2754 2420 2936 2476 sonat,
2962 2413 3090 2465 dum
3137 2425 3409 2465 messores
3453 2424 3582 2465 suos

1980 2500 2128 2555 intra
2168 2498 2263 2572 [αι.
2295 2500 2349 2555 in
2381 2516 2533 2555 sacra
2574 2500 2773 2573 inesse]
2804 2516 3035 2557 messem
3072 2501 3267 2557 viderit
3310 2500 3577 2566 laborare,

1977 2591 2373 2647 benedictionis
2422 2607 2533 2647 sua:
2582 2593 2831 2648 ubertate
2874 2607 2968 2648 eos
3015 2590 3339 2656 accumulat,
3365 2600 3421 2646 et
3469 2599 3578 2645 tam

1977 2686 2280 2757 praepositis
2348 2701 2508 2756 quam
2588 2684 2845 2754 subjectis
2910 2685 3097 2755 implet
3161 2684 3578 2753 promissionem

1979 2792 2134 2831 suam
2187 2778 2416 2833 dicens:
2473 2796 2491 2828 ι
2521 2777 2660 2832 Ecce
2699 2792 2801 2847 ego
2839 2777 3123 2831 vobiscum
3164 2791 3283 2831 sum
3328 2777 3580 2831 omnibus

1978 2872 2170 2927 diebus
2224 2885 2398 2941 usque
2464 2872 2529 2925 ad
2582 2870 3105 2927 consummationem
3156 2868 3359 2923 saeculi.
3406 2887 3426 2919 ι
3485 2867 3579 2921 Eis

1979 2978 2107 3019 vero
2133 2978 2253 3033 qua:
2280 2963 2509 3018 necdum
2544 2961 2597 3022 in
2624 2962 2746 3017 ﬁdei
2777 2962 3039 3016 societate
3064 2959 3319 3015 Ecclesia:
3346 2958 3576 3013 adunari

1979 3064 2334 3120 meruerunt,
2373 3070 2479 3109 non
2532 3054 2707 3109 solum
2758 3070 2863 3109 non
2918 3052 3227 3117 benedixit,
3274 3051 3367 3106 sed
3414 3050 3579 3104 etiam

1977 3148 2195 3203 misceri
2223 3147 2469 3217 prohibet
2500 3146 2597 3219 [αι.
2631 3144 2832 3218 renuit]
2853 3144 3081 3199 dicendo
3102 3159 3199 3214 per
3219 3140 3535 3213 Apostolum
3559 3158 3574 3195 :

1986 3257 2004 3289 ι
2043 3238 2173 3305 Quae
2194 3239 2619 3294 communicatio
2645 3238 2845 3294 Christi
2876 3238 2943 3291 ad
2986 3236 3191 3292 Belial?
3214 3236 3315 3303 Qui
3342 3249 3577 3291 conven-

1899 3327 1943 3389 C
1978 3336 2065 3382 tus
2104 3327 2304 3399 templo
2353 3327 2450 3383 Dei
2499 3343 2622 3404 cum
2654 3327 2850 3383 idolis?
2880 3346 2898 3379 ι
2941 3326 3184 3396 Itemque
3224 3340 3322 3396 per
3350 3325 3578 3395 prophe-

1976 3428 2085 3474 tam
2124 3438 2135 3473 :
2177 3440 2195 3471 ι
2228 3419 2571 3489 Separamini
2597 3460 2614 3486 ,
2659 3419 2789 3475 dicit
2828 3419 3111 3484 Dominus,
3147 3426 3203 3472 et
3239 3416 3577 3471 immundum

1973 3525 2043 3564 ne
2074 3510 2378 3581 tetigeritis.
2418 3530 2435 3562 ι
2473 3510 2714 3579 Itemque
2744 3524 2842 3579 per
2878 3508 3099 3563 beatum
3124 3506 3387 3562 Joannem
3418 3523 3432 3559 :
3473 3524 3490 3555 ‹
3513 3503 3572 3559 Si

1974 3606 2068 3674 qui
2106 3604 2255 3660 venit
2278 3605 2346 3660 ad
2372 3618 2469 3658 vos
2501 3612 2557 3658 et
2587 3605 2730 3659 hanc
2768 3602 3070 3658 doctrinam
3107 3617 3214 3656 non
3247 3598 3443 3664 affert,
3472 3613 3575 3653 nec

1976 3711 2071 3751 avc
2100 3696 2149 3751 ei
2184 3696 2450 3752 dixeritis.
2485 3715 2503 3748 ι
2548 3696 2825 3751 Orandum
2848 3703 2933 3750 est
2954 3710 3083 3766 ergo
3117 3709 3217 3765 pro
3245 3692 3444 3748 talibus
3478 3692 3573 3761 qui

1974 3788 2206 3845 necdum
2252 3789 2452 3843 initiati
2509 3798 2674 3854 sunt,
2726 3804 2833 3843 non
2873 3797 3052 3843 tamen
3106 3784 3374 3840 salutandi
3421 3797 3569 3850 sunt,

1974 3882 2102 3953 quia
2139 3897 2247 3937 non
2278 3890 2362 3938 est
2390 3882 2471 3937 eis
2496 3882 2582 3936 vel
2612 3882 3064 3937 consentiendum
3106 3880 3191 3935 vel
3217 3878 3569 3942 adulandum,

1974 3977 2102 4045 quia
2131 3975 2261 4044 ipsis
2292 3974 2741 4044 praedicatoribus
2788 3974 3049 4029 Dominus
3078 3971 3242 4038 dicit,
3276 3980 3335 4026 ut
3378 3981 3573 4026 euntes

1975 4068 2043 4121 ad
2070 4067 2477 4138 praedicandum
2510 4069 2783 4123 neminem
2814 4067 3052 4122 salutent
3083 4066 3137 4120 in
3168 4065 3275 4120 via.
3312 4064 3449 4120 Hinc
3487 4072 3572 4119 est

1975 4160 2140 4215 etiam
2172 4159 2315 4229 quod
2342 4159 2569 4214 Elis'eus
2602 4174 2766 4213 verus
2806 4175 2929 4215 cum
2970 4174 3198 4229 puerum
3230 4157 3470 4211 mitteret
3503 4156 3573 4209 ad

1976 4252 2412 4307 resuscitandum
2458 4259 2731 4306 mortuum
2756 4290 2771 4317 ,
2801 4250 3059 4320 praecepit
3101 4257 3160 4303 ut
3202 4248 3470 4303 neminem
3513 4246 3569 4300 in

1976 4344 2061 4398 via
2114 4344 2417 4408 salutaret,
2453 4342 2705 4398 videlicet
2751 4344 3020 4398 neminem
3059 4339 3203 4394 ﬂuxa
3239 4339 3364 4393 vitae
3411 4336 3571 4408 hujus

1976 4435 2171 4507 gaudia
2200 4435 2588 4505 requirentem,
2616 4442 2671 4488 et
2690 4434 2803 4489 hzec
2830 4448 2953 4487 cum
2987 4431 3267 4486 alacritate
3312 4439 3571 4500 appeten-

1978 4534 2087 4581 tem
2123 4541 2220 4597 spe
2245 4542 2399 4582 cassa
2426 4526 2511 4581 vel
2550 4526 2859 4581 adulatione
2883 4523 3206 4589 demulceat,
3240 4523 3333 4579 sed
3360 4522 3427 4576 ad
3472 4524 3571 4577 mi-

1978 4618 2262 4674 nisterium
2284 4618 2387 4674 sibi
2418 4617 2714 4674 iniunctum
2744 4626 2857 4673 tota
2882 4616 3183 4673 intentione
3202 4614 3568 4687 peragendum

1898 4691 1951 4752 Ῑ)
1977 4708 2219 4765 festinet.

1975 4830 2116 4898 Quid
2140 4830 2395 4901 sianiﬁcet
2416 4832 2555 4904 quod
2581 4831 2826 4886 sacerdos
2849 4829 2943 4904 [al.
2965 4828 3223 4904 pontifex]
3237 4828 3569 4902 alphabetum

2458 4903 2513 4957 in
2541 4904 2836 4973 pavimento
2852 4902 3067 4956 scribit.

2046 5013 2140 5071 llis
2182 5015 2287 5071 rite
2333 5014 2650 5087 completis,
2703 5016 2893 5086 incipit
2939 5015 3183 5088 pontifex
3226 5016 3294 5072 de
3342 5016 3565 5072 sinistro

1972 5108 2169 5179 angulo
2198 5108 2265 5163 ab
2305 5108 2518 5164 oriente
2558 5109 2799 5165 scribere
2842 5124 2939 5179 per
2977 5110 3343 5180 pavimentum
3384 5108 3569 5180 alpha-

1970 5199 2153 5256 betum
2184 5216 2357 5273 usque
2383 5200 2449 5255 ad
2482 5202 2737 5257 dextrum
2769 5201 3022 5273 angulum
3051 5201 3372 5266 occidentis,
3404 5210 3569 5271 atque

1970 5292 2169 5347 iterum
2218 5292 2469 5348 similiter
2512 5308 2543 5346 a
2586 5294 2775 5348 dextro
2811 5292 3006 5364 angulo
3034 5291 3260 5347 orientis
3298 5306 3469 5361 usque
3511 5292 3565 5346 in

1970 5383 2249 5438 sinistrum
2289 5383 2543 5454 angulum
2586 5382 2974 5439 occidentalem
3024 5380 3277 5437 basilicce.
3307 5380 3437 5448 Quae
3476 5396 3567 5436 res

1973 5474 2195 5547 puerilis
2224 5474 2380 5530 ludus
2406 5475 2699 5540 videretur,
2731 5474 2832 5528 nisi
2865 5490 2894 5527 a
2924 5474 3135 5544 magnis
3179 5480 3234 5527 et
3271 5472 3562 5541 spirituali-

1980 5568 2100 5634 bus,
2146 5576 2329 5637 utpote
2369 5565 2679 5636 apostolicis
2718 5564 2882 5630 viris,
2930 5564 3175 5619 instituta
3221 5562 3554 5619 crederetur.

1974 5656 2152 5728 Atque
2181 5656 2301 5711 ideo
2333 5666 2480 5710 tanto
2529 5655 2701 5726 magis
2731 5655 2995 5709 sacratius
3022 5654 3152 5726 quid
3192 5654 3246 5709 in
3288 5654 3377 5708 tali
3414 5653 3556 5709 facto

1970 5749 2042 5805 sit
2069 5747 2404 5803 reconditum
2441 5746 2823 5818 requirendum
2852 5754 2952 5813 est,
2988 5756 3194 5818 quanto
3236 5747 3414 5801 minus
3450 5761 3557 5801 non

1970 5840 2391 5911 intelligentibus
2421 5838 2525 5895 vile
2554 5839 2725 5894 videri
2763 5847 2957 5909 potest.
3006 5838 3297 5895 Sciendum
3344 5848 3557 5902 tamen,

1968 5935 2112 5992 sicut
2148 5932 2261 6004 jam
2297 5948 2460 6005 supra
2502 5932 2707 5991 dictum
2753 5938 2855 6003 est,
2900 5931 3082 5990 omnia
3120 5946 3241 6003 quae
3273 5931 3328 5987 in
3349 5928 3561 5988 .talibus
