  <div class='ocr_page' id='page_1' title='image "/cluster/home/n/w/nwhite01/storage/ocr_20150623/131/hvd.32044015471725/431.png"; bbox 0 0 4038 6434; ppageno 0'>
   <div class='ocr_carea' id='block_1_1' title="bbox 445 453 641 510">
    <p class='ocr_par' dir='ltr' id='par_1_1' title="bbox 445 453 641 510">
     <span class='ocr_line' id='line_1_1' title="bbox 445 453 641 510; baseline -0.005 -2"><span class='ocrx_word' id='word_1_1' title='bbox 445 481 448 488; x_wconf 89' lang='grc'><strong>·</strong></span> <span class='ocrx_word' id='word_1_2' title='bbox 545 453 641 510; x_wconf 79' lang='grc'><strong>851</strong></span> 
     </span>
    </p>
   </div>
   <div class='ocr_carea' id='block_1_2' title="bbox 1129 454 3219 534">
    <p class='ocr_par' dir='ltr' id='par_1_2' title="bbox 1129 454 3219 534">
     <span class='ocr_line' id='line_1_2' title="bbox 1129 454 3219 534; baseline 0.012 -25"><span class='ocrx_word' id='word_1_3' title='bbox 1129 454 1384 513; x_wconf 79' lang='lat' dir='ltr'><strong>REMIGII</strong></span> <span class='ocrx_word' id='word_1_4' title='bbox 1423 459 2076 517; x_wconf 60' lang='lat' dir='ltr'><strong>ANTISSIODORICN‘SlS</strong></span> <span class='ocrx_word' id='word_1_5' title='bbox 2113 461 2265 521; x_wconf 79' lang='lat' dir='ltr'><strong>OPP.</strong></span> <span class='ocrx_word' id='word_1_6' title='bbox 2295 466 2474 524; x_wconf 75' lang='lat' dir='ltr'><strong>PARS</strong></span> <span class='ocrx_word' id='word_1_7' title='bbox 2513 468 2576 525; x_wconf 90' lang='lat' dir='ltr'><strong>ll.</strong></span> <span class='ocrx_word' id='word_1_8' title='bbox 2614 502 2683 513; x_wconf 89' lang='lat'><strong>-</strong></span> <span class='ocrx_word' id='word_1_9' title='bbox 2721 472 3219 534; x_wconf 61' lang='lat' dir='ltr'><strong>MISCEILANEA.</strong></span> 
     </span>
    </p>
   </div>
   <div class='ocr_carea' id='block_1_3' title="bbox 3696 488 3809 544">
    <p class='ocr_par' dir='ltr' id='par_1_3' title="bbox 3696 488 3809 544">
     <span class='ocr_line' id='line_1_3' title="bbox 3696 488 3809 544; baseline 0.018 -2"><span class='ocrx_word' id='word_1_10' title='bbox 3696 488 3809 544; x_wconf 71' lang='grc'><strong>852</strong></span> 
     </span>
    </p>
   </div>
   <div class='ocr_carea' id='block_1_4' title="bbox 549 562 3808 670">
    <p class='ocr_par' dir='ltr' id='par_1_4' title="bbox 549 562 3808 670">
     <span class='ocr_line' id='line_1_4' title="bbox 549 562 3808 670; baseline 0.011 -49"><span class='ocrx_word' id='word_1_11' title='bbox 549 567 681 624; x_wconf 91' lang='lat' dir='ltr'><strong>ﬁuut</strong></span> <span class='ocrx_word' id='word_1_12' title='bbox 727 566 934 622; x_wconf 81' lang='lat' dir='ltr'><strong>Domini</strong></span> <span class='ocrx_word' id='word_1_13' title='bbox 961 563 1264 637; x_wconf 62' lang='lat' dir='ltr'><strong>esemplum</strong></span> <span class='ocrx_word' id='word_1_14' title='bbox 1305 562 1666 638; x_wconf 70' lang='lat' dir='ltr'><strong>pratceSSlSSc,</strong></span> <span class='ocrx_word' id='word_1_15' title='bbox 1705 574 1756 628; x_wconf 84' lang='lat' dir='ltr'><strong>et</strong></span> <span class='ocrx_word' id='word_1_16' title='bbox 1785 574 1926 642; x_wconf 88' lang='lat' dir='ltr'><strong>quod</strong></span> <span class='ocrx_word' id='word_1_17' title='bbox 1953 575 2002 627; x_wconf 92' lang='lat' dir='ltr'><strong>in</strong></span> <span class='ocrx_word' id='word_1_18' title='bbox 2035 573 2121 628; x_wconf 91' lang='lat' dir='ltr'><strong>illo</strong></span> <span class='ocrx_word' id='word_1_19' title='bbox 2150 573 2197 633; x_wconf 79' lang='grc' dir='ltr'>Α</span> <span class='ocrx_word' id='word_1_20' title='bbox 2226 579 2613 636; x_wconf 76' lang='lat' dir='ltr'><strong>occidentalem</strong></span> <span class='ocrx_word' id='word_1_21' title='bbox 2657 562 2969 652; x_wconf 87' lang='lat' dir='ltr'><strong>sinistrum,</strong></span> <span class='ocrx_word' id='word_1_22' title='bbox 3002 587 3102 642; x_wconf 91' lang='lat' dir='ltr'><strong>hoc</strong></span> <span class='ocrx_word' id='word_1_23' title='bbox 3153 589 3388 662; x_wconf 85' lang='lat' dir='ltr'><strong>indicare</strong></span> <span class='ocrx_word' id='word_1_24' title='bbox 3430 596 3647 654; x_wconf 86' lang='lat' dir='ltr'><strong>videtur</strong></span> <span class='ocrx_word' id='word_1_25' title='bbox 3679 603 3808 670; x_wconf 82' lang='lat' dir='ltr'><strong>quia</strong></span> 
     </span>
    </p>
   </div>
   <div class='ocr_carea' id='block_1_5' title="bbox 545 661 2117 732">
    <p class='ocr_par' dir='ltr' id='par_1_5' title="bbox 545 661 2117 732">
     <span class='ocr_line' id='line_1_5' title="bbox 545 661 2117 732; baseline 0.003 -14"><span class='ocrx_word' id='word_1_26' title='bbox 545 662 818 732; x_wconf 61' lang='lat' dir='ltr'><strong>praeessit</strong></span> <span class='ocrx_word' id='word_1_27' title='bbox 854 661 907 716; x_wconf 90' lang='lat' dir='ltr'><strong>in</strong></span> <span class='ocrx_word' id='word_1_28' title='bbox 957 664 1360 718; x_wconf 75' lang='lat' dir='ltr'><strong>successoribus</strong></span> <span class='ocrx_word' id='word_1_29' title='bbox 1401 664 1733 722; x_wconf 72' lang='lat' dir='ltr'><strong>immutabile</strong></span> <span class='ocrx_word' id='word_1_30' title='bbox 1771 667 2117 722; x_wconf 76' lang='lat' dir='ltr'><strong>remansisse.</strong></span> 
     </span>
    </p>
   </div>
   <div class='ocr_carea' id='block_1_6' title="bbox 547 752 2122 823">
    <p class='ocr_par' dir='ltr' id='par_1_6' title="bbox 547 752 2122 823">
     <span class='ocr_line' id='line_1_6' title="bbox 547 752 2122 823; baseline 0.005 -18"><span class='ocrx_word' id='word_1_31' title='bbox 547 752 807 822; x_wconf 83' lang='lat' dir='ltr'><strong>Superius</strong></span> <span class='ocrx_word' id='word_1_32' title='bbox 849 765 1081 823; x_wconf 88' lang='lat' dir='ltr'><strong>namque</strong></span> <span class='ocrx_word' id='word_1_33' title='bbox 1124 753 1362 821; x_wconf 77' lang='lat' dir='ltr'><strong>pontifex</strong></span> <span class='ocrx_word' id='word_1_34' title='bbox 1402 757 1776 812; x_wconf 89' lang='lat' dir='ltr'><strong>tantummodo</strong></span> <span class='ocrx_word' id='word_1_35' title='bbox 1823 758 2122 813; x_wconf 88' lang='lat' dir='ltr'><strong>orationem</strong></span> 
     </span>
    </p>
   </div>
   <div class='ocr_carea' id='block_1_7' title="bbox 547 844 2121 921">
    <p class='ocr_par' dir='ltr' id='par_1_7' title="bbox 547 844 2121 921">
     <span class='ocr_line' id='line_1_7' title="bbox 547 844 2121 921; baseline 0.005 -23"><span class='ocrx_word' id='word_1_36' title='bbox 547 844 705 912; x_wconf 80' lang='lat' dir='ltr'><strong>fudit,</strong></span> <span class='ocrx_word' id='word_1_37' title='bbox 737 859 880 900; x_wconf 81' lang='lat' dir='ltr'><strong>nunc</strong></span> <span class='ocrx_word' id='word_1_38' title='bbox 910 859 1042 899; x_wconf 85' lang='lat' dir='ltr'><strong>vero</strong></span> <span class='ocrx_word' id='word_1_39' title='bbox 1058 845 1170 914; x_wconf 82' lang='lat' dir='ltr'><strong>jam</strong></span> <span class='ocrx_word' id='word_1_40' title='bbox 1191 846 1459 919; x_wconf 87' lang='lat' dir='ltr'><strong>alphabeti</strong></span> <span class='ocrx_word' id='word_1_41' title='bbox 1491 849 1736 906; x_wconf 85' lang='lat' dir='ltr'><strong>ordinem</strong></span> <span class='ocrx_word' id='word_1_42' title='bbox 1763 865 1860 921; x_wconf 89' lang='lat' dir='ltr'><strong>per</strong></span> <span class='ocrx_word' id='word_1_43' title='bbox 1887 849 2121 906; x_wconf 89' lang='lat' dir='ltr'><strong>futuram</strong></span> 
     </span>
    </p>
   </div>
   <div class='ocr_carea' id='block_1_8' title="bbox 483 936 2120 1014">
    <p class='ocr_par' dir='ltr' id='par_1_8' title="bbox 483 936 2120 1014">
     <span class='ocr_line' id='line_1_8' title="bbox 483 936 2120 1014; baseline 0.004 -22"><span class='ocrx_word' id='word_1_44' title='bbox 483 970 486 980; x_wconf 90' lang='lat'><strong><em>-</em></strong></span> <span class='ocrx_word' id='word_1_45' title='bbox 541 936 827 992; x_wconf 77' lang='lat' dir='ltr'><strong>ecclesiam</strong></span> <span class='ocrx_word' id='word_1_46' title='bbox 863 938 964 992; x_wconf 80' lang='lat' dir='ltr'><strong>sub</strong></span> <span class='ocrx_word' id='word_1_47' title='bbox 990 946 1154 994; x_wconf 63' lang='lat' dir='ltr'><strong>certa</strong></span> <span class='ocrx_word' id='word_1_48' title='bbox 1189 939 1594 1010; x_wconf 77' lang='lat' dir='ltr'><strong>signiﬁcationis</strong></span> <span class='ocrx_word' id='word_1_49' title='bbox 1626 944 1884 1014; x_wconf 80' lang='lat' dir='ltr'><strong>mysterio</strong></span> <span class='ocrx_word' id='word_1_50' title='bbox 1917 944 2120 1000; x_wconf 87' lang='lat' dir='ltr'><strong>descri-</strong></span> 
     </span>
    </p>
   </div>
   <div class='ocr_carea' id='block_1_9' title="bbox 451 1028 2120 1103">
    <p class='ocr_par' dir='ltr' id='par_1_9' title="bbox 451 1028 2120 1103">
     <span class='ocr_line' id='line_1_9' title="bbox 451 1028 2120 1103; baseline 0.005 -21"><span class='ocrx_word' id='word_1_51' title='bbox 451 1057 460 1062; x_wconf 67' lang='grc' dir='ltr'><em>ο</em></span> <span class='ocrx_word' id='word_1_52' title='bbox 493 1067 495 1070; x_wconf 60' lang='grc'>‹</span> <span class='ocrx_word' id='word_1_53' title='bbox 543 1028 644 1084; x_wconf 86' lang='lat' dir='ltr'><strong>bit.</strong></span> <span class='ocrx_word' id='word_1_54' title='bbox 668 1029 810 1096; x_wconf 79' lang='lat' dir='ltr'><strong>Quid</strong></span> <span class='ocrx_word' id='word_1_55' title='bbox 838 1039 1015 1086; x_wconf 83' lang='lat' dir='ltr'><strong>autem</strong></span> <span class='ocrx_word' id='word_1_56' title='bbox 1047 1046 1144 1102; x_wconf 86' lang='lat' dir='ltr'><strong>per</strong></span> <span class='ocrx_word' id='word_1_57' title='bbox 1178 1031 1542 1103; x_wconf 80' lang='lat' dir='ltr'><strong>alphabetum,</strong></span> <span class='ocrx_word' id='word_1_58' title='bbox 1571 1034 1674 1089; x_wconf 86' lang='lat' dir='ltr'><strong>nisi</strong></span> <span class='ocrx_word' id='word_1_59' title='bbox 1709 1035 1860 1091; x_wconf 90' lang='lat' dir='ltr'><strong>initia</strong></span> <span class='ocrx_word' id='word_1_60' title='bbox 1891 1043 1941 1090; x_wconf 89' lang='lat' dir='ltr'><strong>et</strong></span> <span class='ocrx_word' id='word_1_61' title='bbox 1973 1036 2120 1091; x_wconf 83' lang='lat' dir='ltr'><strong>rudi-</strong></span> 
     </span>
    </p>
   </div>
   <div class='ocr_carea' id='block_1_10' title="bbox 453 1118 2124 1197">
    <p class='ocr_par' dir='ltr' id='par_1_10' title="bbox 453 1118 2124 1197">
     <span class='ocr_line' id='line_1_10' title="bbox 453 1118 2124 1197; baseline 0.007 -26"><span class='ocrx_word' id='word_1_62' title='bbox 453 1145 458 1165; x_wconf 76' lang='grc' dir='ltr'>ι</span> <span class='ocrx_word' id='word_1_63' title='bbox 544 1128 725 1174; x_wconf 87' lang='lat' dir='ltr'><strong>menta</strong></span> <span class='ocrx_word' id='word_1_64' title='bbox 757 1118 1014 1176; x_wconf 78' lang='lat' dir='ltr'><strong>doctrinae</strong></span> <span class='ocrx_word' id='word_1_65' title='bbox 1057 1134 1228 1179; x_wconf 72' lang='lat' dir='ltr'><strong>suum</strong></span> <span class='ocrx_word' id='word_1_66' title='bbox 1274 1125 1496 1197; x_wconf 73' lang='lat' dir='ltr'><strong>intelligi</strong></span> <span class='ocrx_word' id='word_1_67' title='bbox 1541 1126 1840 1182; x_wconf 77' lang='lat' dir='ltr'><strong>convenit?</strong></span> <span class='ocrx_word' id='word_1_68' title='bbox 1880 1125 2038 1183; x_wconf 85' lang='lat' dir='ltr'><strong>Unde</strong></span> <span class='ocrx_word' id='word_1_69' title='bbox 2070 1134 2124 1182; x_wconf 92' lang='lat' dir='ltr'><strong>et</strong></span> 
     </span>
    </p>
   </div>
   <div class='ocr_carea' id='block_1_11' title="bbox 455 1208 2122 1296">
    <p class='ocr_par' dir='ltr' id='par_1_11' title="bbox 455 1208 2122 1296">
     <span class='ocr_line' id='line_1_11' title="bbox 455 1208 2122 1296; baseline 0.007 -35"><span class='ocrx_word' id='word_1_70' title='bbox 455 1243 458 1245; x_wconf 50' lang='grc' dir='ltr'>λ</span> <span class='ocrx_word' id='word_1_71' title='bbox 542 1209 740 1264; x_wconf 85' lang='lat' dir='ltr'><strong>Paulus</strong></span> <span class='ocrx_word' id='word_1_72' title='bbox 761 1208 1001 1267; x_wconf 70' lang='lat' dir='ltr'><strong>Hebraeis</strong></span> <span class='ocrx_word' id='word_1_73' title='bbox 1023 1214 1360 1284; x_wconf 71' lang='lat' dir='ltr'><strong>exprobrans</strong></span> <span class='ocrx_word' id='word_1_74' title='bbox 1384 1217 1515 1271; x_wconf 82' lang='lat' dir='ltr'><strong>dicit</strong></span> <span class='ocrx_word' id='word_1_75' title='bbox 1545 1235 1558 1271; x_wconf 88' lang='lat'><strong>:</strong></span> <span class='ocrx_word' id='word_1_76' title='bbox 1583 1232 1608 1268; x_wconf 65' lang='grc' dir='ltr'><strong>ί</strong></span> <span class='ocrx_word' id='word_1_77' title='bbox 1635 1217 1846 1272; x_wconf 84' lang='lat' dir='ltr'><strong>Etenim</strong></span> <span class='ocrx_word' id='word_1_78' title='bbox 1878 1227 1997 1296; x_wconf 83' lang='lat' dir='ltr'><strong>eum</strong></span> <span class='ocrx_word' id='word_1_79' title='bbox 2027 1219 2122 1273; x_wconf 89' lang='lat' dir='ltr'><strong>de-</strong></span> 
     </span>
    </p>
   </div>
   <div class='ocr_carea' id='block_1_12' title="bbox 543 1303 2125 1381">
    <p class='ocr_par' dir='ltr' id='par_1_12' title="bbox 543 1303 2125 1381">
     <span class='ocr_line' id='line_1_12' title="bbox 543 1303 2125 1381; baseline 0.004 -22"><span class='ocrx_word' id='word_1_80' title='bbox 543 1303 744 1359; x_wconf 86' lang='lat' dir='ltr'><strong>beretis</strong></span> <span class='ocrx_word' id='word_1_81' title='bbox 772 1305 1014 1375; x_wconf 73' lang='lat' dir='ltr'><strong>magistri</strong></span> <span class='ocrx_word' id='word_1_82' title='bbox 1044 1321 1167 1363; x_wconf 83' lang='lat' dir='ltr'><strong>esse</strong></span> <span class='ocrx_word' id='word_1_83' title='bbox 1189 1348 1204 1374; x_wconf 91' lang='lat'><strong>,</strong></span> <span class='ocrx_word' id='word_1_84' title='bbox 1245 1318 1704 1381; x_wconf 79' lang='lat' dir='ltr'><strong>proptertempus</strong></span> <span class='ocrx_word' id='word_1_85' title='bbox 1733 1326 1946 1367; x_wconf 84' lang='lat' dir='ltr'><strong>rursum</strong></span> <span class='ocrx_word' id='word_1_86' title='bbox 1983 1311 2125 1366; x_wconf 89' lang='lat' dir='ltr'><strong>indi-</strong></span> 
     </span>
    </p>
   </div>
   <div class='ocr_carea' id='block_1_13' title="bbox 457 1396 2126 1472">
    <p class='ocr_par' dir='ltr' id='par_1_13' title="bbox 457 1396 2126 1472">
     <span class='ocr_line' id='line_1_13' title="bbox 457 1396 2126 1472; baseline 0.005 -23"><span class='ocrx_word' id='word_1_87' title='bbox 457 1425 465 1438; x_wconf 69' lang='grc' dir='ltr'>ν</span> <span class='ocrx_word' id='word_1_88' title='bbox 540 1396 680 1466; x_wconf 80' lang='lat' dir='ltr'><strong>getis</strong></span> <span class='ocrx_word' id='word_1_89' title='bbox 708 1405 768 1452; x_wconf 90' lang='lat' dir='ltr'><strong>ut</strong></span> <span class='ocrx_word' id='word_1_90' title='bbox 795 1412 892 1452; x_wconf 89' lang='lat' dir='ltr'><strong>vos</strong></span> <span class='ocrx_word' id='word_1_91' title='bbox 919 1397 1258 1455; x_wconf 88' lang='lat' dir='ltr'><strong>instruamini</strong></span> <span class='ocrx_word' id='word_1_92' title='bbox 1289 1416 1408 1472; x_wconf 75' lang='lat' dir='ltr'><strong>quae</strong></span> <span class='ocrx_word' id='word_1_93' title='bbox 1433 1403 1541 1457; x_wconf 91' lang='lat' dir='ltr'><strong>sint</strong></span> <span class='ocrx_word' id='word_1_94' title='bbox 1572 1403 1835 1458; x_wconf 86' lang='lat' dir='ltr'><strong>elementa</strong></span> <span class='ocrx_word' id='word_1_95' title='bbox 1865 1403 2043 1459; x_wconf 89' lang='lat' dir='ltr'><strong>mundi</strong></span> <span class='ocrx_word' id='word_1_96' title='bbox 2071 1413 2126 1459; x_wconf 88' lang='lat' dir='ltr'><strong>et</strong></span> 
     </span>
    </p>
   </div>
   <div class='ocr_carea' id='block_1_14' title="bbox 540 1491 2122 1566">
    <p class='ocr_par' dir='ltr' id='par_1_14' title="bbox 540 1491 2122 1566">
     <span class='ocr_line' id='line_1_14' title="bbox 540 1491 2122 1566; baseline 0.004 -23"><span class='ocrx_word' id='word_1_97' title='bbox 540 1491 762 1544; x_wconf 82' lang='lat' dir='ltr'><strong>exordia</strong></span> <span class='ocrx_word' id='word_1_98' title='bbox 821 1505 1131 1547; x_wconf 81' lang='lat' dir='ltr'><strong>sermonum</strong></span> <span class='ocrx_word' id='word_1_99' title='bbox 1199 1493 1314 1548; x_wconf 85' lang='lat' dir='ltr'><strong>Dei.</strong></span> <span class='ocrx_word' id='word_1_100' title='bbox 1355 1514 1372 1545; x_wconf 72' lang='grc' dir='ltr'><strong>ι</strong></span> <span class='ocrx_word' id='word_1_101' title='bbox 1437 1493 1636 1550; x_wconf 88' lang='lat' dir='ltr'><strong>Scribit</strong></span> <span class='ocrx_word' id='word_1_102' title='bbox 1701 1512 1829 1566; x_wconf 83' lang='lat' dir='ltr'><strong>ergo</strong></span> <span class='ocrx_word' id='word_1_103' title='bbox 1886 1496 2122 1566; x_wconf 79' lang='lat' dir='ltr'><strong>pontifex</strong></span> 
     </span>
    </p>
   </div>
   <div class='ocr_carea' id='block_1_15' title="bbox 544 1580 2126 1654">
    <p class='ocr_par' dir='ltr' id='par_1_15' title="bbox 544 1580 2126 1654">
     <span class='ocr_line' id='line_1_15' title="bbox 544 1580 2126 1654; baseline 0.005 -22"><span class='ocrx_word' id='word_1_104' title='bbox 544 1580 818 1648; x_wconf 84' lang='lat' dir='ltr'><strong>alphabeti</strong></span> <span class='ocrx_word' id='word_1_105' title='bbox 842 1583 1109 1647; x_wconf 80' lang='lat' dir='ltr'><strong>ordinem,</strong></span> <span class='ocrx_word' id='word_1_106' title='bbox 1143 1598 1262 1638; x_wconf 82' lang='lat' dir='ltr'><strong>cum</strong></span> <span class='ocrx_word' id='word_1_107' title='bbox 1301 1585 1421 1639; x_wconf 78' lang='lat' dir='ltr'><strong>fidei</strong></span> <span class='ocrx_word' id='word_1_108' title='bbox 1446 1585 1601 1640; x_wconf 81' lang='lat' dir='ltr'><strong>docet</strong></span> <span class='ocrx_word' id='word_1_109' title='bbox 1620 1585 2044 1654; x_wconf 75' lang='lat' dir='ltr'><strong>simplicitatem,</strong></span> <span class='ocrx_word' id='word_1_110' title='bbox 2072 1593 2126 1640; x_wconf 92' lang='lat' dir='ltr'><strong>et</strong></span> 
     </span>
    </p>
   </div>
   <div class='ocr_carea' id='block_1_16' title="bbox 545 1671 2123 1746">
    <p class='ocr_par' dir='ltr' id='par_1_16' title="bbox 545 1671 2123 1746">
     <span class='ocr_line' id='line_1_16' title="bbox 545 1671 2123 1746; baseline 0.002 -22"><span class='ocrx_word' id='word_1_111' title='bbox 545 1671 678 1725; x_wconf 88' lang='lat' dir='ltr'><strong>dicit</strong></span> <span class='ocrx_word' id='word_1_112' title='bbox 712 1685 834 1727; x_wconf 91' lang='lat' dir='ltr'><strong>cum</strong></span> <span class='ocrx_word' id='word_1_113' title='bbox 864 1672 1030 1727; x_wconf 87' lang='lat' dir='ltr'><strong>Paulo</strong></span> <span class='ocrx_word' id='word_1_114' title='bbox 1071 1674 1312 1743; x_wconf 86' lang='lat' dir='ltr'><strong>apostolo</strong></span> <span class='ocrx_word' id='word_1_115' title='bbox 1339 1693 1352 1728; x_wconf 90' lang='lat'><em>:</em></span> <span class='ocrx_word' id='word_1_116' title='bbox 1387 1693 1407 1725; x_wconf 74' lang='grc' dir='ltr'><em>ι</em></span> <span class='ocrx_word' id='word_1_117' title='bbox 1438 1675 1544 1731; x_wconf 85' lang='lat' dir='ltr'><strong>Lac</strong></span> <span class='ocrx_word' id='word_1_118' title='bbox 1571 1675 1722 1730; x_wconf 85' lang='lat' dir='ltr'><strong>vobis</strong></span> <span class='ocrx_word' id='word_1_119' title='bbox 1750 1684 1932 1746; x_wconf 86' lang='lat' dir='ltr'><strong>potum</strong></span> <span class='ocrx_word' id='word_1_120' title='bbox 1977 1675 2123 1740; x_wconf 86' lang='lat' dir='ltr'><strong>dcdi,</strong></span> 
     </span>
    </p>
   </div>
   <div class='ocr_carea' id='block_1_17' title="bbox 437 1765 2127 1838">
    <p class='ocr_par' dir='ltr' id='par_1_17' title="bbox 437 1765 2127 1838">
     <span class='ocr_line' id='line_1_17' title="bbox 437 1765 2127 1838; baseline 0.005 -23"><span class='ocrx_word' id='word_1_121' title='bbox 437 1802 464 1814; x_wconf 66' lang='grc' dir='ltr'><strong>ρ.</strong></span> <span class='ocrx_word' id='word_1_122' title='bbox 545 1777 652 1816; x_wconf 92' lang='lat' dir='ltr'><strong>non</strong></span> <span class='ocrx_word' id='word_1_123' title='bbox 681 1779 882 1818; x_wconf 90' lang='lat' dir='ltr'><strong>escam.</strong></span> <span class='ocrx_word' id='word_1_124' title='bbox 913 1765 1156 1820; x_wconf 77' lang='lat' dir='ltr'><strong>Nondum</strong></span> <span class='ocrx_word' id='word_1_125' title='bbox 1186 1769 1328 1820; x_wconf 89' lang='lat' dir='ltr'><strong>enim</strong></span> <span class='ocrx_word' id='word_1_126' title='bbox 1361 1769 1642 1838; x_wconf 79' lang='lat' dir='ltr'><strong>poteratis,</strong></span> <span class='ocrx_word' id='word_1_127' title='bbox 1675 1769 1770 1822; x_wconf 88' lang='lat' dir='ltr'><strong>sed</strong></span> <span class='ocrx_word' id='word_1_128' title='bbox 1813 1784 1912 1823; x_wconf 90' lang='lat' dir='ltr'><strong>nec</strong></span> <span class='ocrx_word' id='word_1_129' title='bbox 1952 1768 2127 1823; x_wconf 86' lang='lat' dir='ltr'><strong>adhuc</strong></span> 
     </span>
    </p>
   </div>
   <div class='ocr_carea' id='block_1_18' title="bbox 461 1855 2127 1943">
    <p class='ocr_par' dir='ltr' id='par_1_18' title="bbox 461 1855 2127 1943">
     <span class='ocr_line' id='line_1_18' title="bbox 461 1855 2127 1943; baseline 0.004 -35"><span class='ocrx_word' id='word_1_130' title='bbox 461 1889 470 1895; x_wconf 63' lang='grc' dir='ltr'><strong>ι</strong></span> <span class='ocrx_word' id='word_1_131' title='bbox 544 1855 760 1924; x_wconf 86' lang='lat' dir='ltr'><strong>quidem</strong></span> <span class='ocrx_word' id='word_1_132' title='bbox 807 1859 1051 1926; x_wconf 87' lang='lat' dir='ltr'><strong>potestis.</strong></span> <span class='ocrx_word' id='word_1_133' title='bbox 1084 1877 1103 1909; x_wconf 77' lang='grc' dir='ltr'><strong><em>ι</em></strong></span> <span class='ocrx_word' id='word_1_134' title='bbox 1159 1860 1310 1914; x_wconf 87' lang='lat' dir='ltr'><strong>Sicut</strong></span> <span class='ocrx_word' id='word_1_135' title='bbox 1356 1861 1498 1914; x_wconf 92' lang='lat' dir='ltr'><strong>enim</strong></span> <span class='ocrx_word' id='word_1_136' title='bbox 1552 1861 2127 1943; x_wconf 68' lang='lat' dir='ltr'><strong>parvulorum-erm“-</strong></span> 
     </span>
    </p>
   </div>
   <div class='ocr_carea' id='block_1_19' title="bbox 545 1948 2128 2044">
    <p class='ocr_par' dir='ltr' id='par_1_19' title="bbox 545 1948 2128 2044">
     <span class='ocr_line' id='line_1_19' title="bbox 545 1948 2128 2044; baseline 0.005 -42"><span class='ocrx_word' id='word_1_137' title='bbox 545 1948 677 2003; x_wconf 90' lang='lat' dir='ltr'><strong>tioni</strong></span> <span class='ocrx_word' id='word_1_138' title='bbox 706 1950 954 2020; x_wconf 74' lang='lat' dir='ltr'><strong>congruit</strong></span> <span class='ocrx_word' id='word_1_139' title='bbox 995 1953 1227 2021; x_wconf 90' lang='lat' dir='ltr'><strong>primum</strong></span> <span class='ocrx_word' id='word_1_140' title='bbox 1266 1955 1568 2010; x_wconf 88' lang='lat' dir='ltr'><strong>litterarum</strong></span> <span class='ocrx_word' id='word_1_141' title='bbox 1614 1957 1883 2011; x_wconf 77' lang='lat' dir='ltr'><strong>elementa</strong></span> <span class='ocrx_word' id='word_1_142' title='bbox 1910 1949 2128 2044; x_wconf 32' lang='lat' dir='ltr'><strong>[cogno—</strong></span> 
     </span>
    </p>
   </div>
   <div class='ocr_carea' id='block_1_20' title="bbox 458 2043 2128 2133">
    <p class='ocr_par' dir='ltr' id='par_1_20' title="bbox 458 2043 2128 2133">
     <span class='ocr_line' id='line_1_20' title="bbox 458 2043 2128 2133; baseline 0.005 -38"><span class='ocrx_word' id='word_1_143' title='bbox 458 2061 467 2072; x_wconf 68' lang='grc' dir='ltr'>ι</span> <span class='ocrx_word' id='word_1_144' title='bbox 544 2054 718 2107; x_wconf 80' lang='lat' dir='ltr'><strong>scere,</strong></span> <span class='ocrx_word' id='word_1_145' title='bbox 751 2043 940 2098; x_wconf 87' lang='lat' dir='ltr'><strong>deinde</strong></span> <span class='ocrx_word' id='word_1_146' title='bbox 966 2059 1030 2099; x_wconf 88' lang='lat' dir='ltr'><strong>ac</strong></span> <span class='ocrx_word' id='word_1_147' title='bbox 1075 2043 1331 2116; x_wconf 84' lang='lat' dir='ltr'><strong>syllabas,</strong></span> <span class='ocrx_word' id='word_1_148' title='bbox 1385 2063 1451 2104; x_wconf 86' lang='lat' dir='ltr'><strong>ac</strong></span> <span class='ocrx_word' id='word_1_149' title='bbox 1498 2057 1621 2118; x_wconf 82' lang='lat' dir='ltr'><strong>post</strong></span> <span class='ocrx_word' id='word_1_150' title='bbox 1659 2051 1823 2105; x_wconf 81' lang='lat' dir='ltr'><strong>verba</strong></span> <span class='ocrx_word' id='word_1_151' title='bbox 1851 2045 2128 2133; x_wconf 54' lang='lat' dir='ltr'><strong>paulatim</strong></span> 
     </span>
    </p>
   </div>
   <div class='ocr_carea' id='block_1_21' title="bbox 463 2131 2126 2210">
    <p class='ocr_par' dir='ltr' id='par_1_21' title="bbox 463 2131 2126 2210">
     <span class='ocr_line' id='line_1_21' title="bbox 463 2131 2126 2210; baseline 0.007 -26"><span class='ocrx_word' id='word_1_152' title='bbox 463 2179 473 2199; x_wconf 48' lang='grc' dir='ltr'>τ</span> <span class='ocrx_word' id='word_1_153' title='bbox 541 2131 611 2185; x_wconf 89' lang='lat' dir='ltr'><strong>ad</strong></span> <span class='ocrx_word' id='word_1_154' title='bbox 640 2135 1028 2189; x_wconf 76' lang='lat' dir='ltr'><strong>sententiarum</strong></span> <span class='ocrx_word' id='word_1_155' title='bbox 1059 2137 1420 2206; x_wconf 83' lang='lat' dir='ltr'><strong>cognitionem</strong></span> <span class='ocrx_word' id='word_1_156' title='bbox 1451 2141 1769 2209; x_wconf 82' lang='lat' dir='ltr'><strong>pervenire.</strong></span> <span class='ocrx_word' id='word_1_157' title='bbox 1802 2142 1880 2196; x_wconf 84' lang='lat' dir='ltr'><strong>sic</strong></span> <span class='ocrx_word' id='word_1_158' title='bbox 1909 2131 2126 2210; x_wconf 76' lang='lat' dir='ltr'><strong>quidam</strong></span> 
     </span>
    </p>
   </div>
   <div class='ocr_carea' id='block_1_22' title="bbox 489 2225 2209 2296">
    <p class='ocr_par' dir='ltr' id='par_1_22' title="bbox 489 2225 2209 2296">
     <span class='ocr_line' id='line_1_22' title="bbox 489 2225 2209 2296; baseline 0.009 -24"><span class='ocrx_word' id='word_1_159' title='bbox 489 2261 494 2272; x_wconf 71' lang='lat'><strong>.,</strong></span> <span class='ocrx_word' id='word_1_160' title='bbox 545 2225 756 2293; x_wconf 86' lang='lat' dir='ltr'><strong>gradus.</strong></span> <span class='ocrx_word' id='word_1_161' title='bbox 774 2235 899 2281; x_wconf 89' lang='lat' dir='ltr'><strong>sunt</strong></span> <span class='ocrx_word' id='word_1_162' title='bbox 927 2225 1232 2284; x_wconf 86' lang='lat' dir='ltr'><strong>intellectus</strong></span> <span class='ocrx_word' id='word_1_163' title='bbox 1277 2229 1330 2283; x_wconf 92' lang='lat' dir='ltr'><strong>in</strong></span> <span class='ocrx_word' id='word_1_164' title='bbox 1380 2227 1582 2284; x_wconf 79' lang='lat' dir='ltr'><strong>familia</strong></span> <span class='ocrx_word' id='word_1_165' title='bbox 1617 2243 1820 2286; x_wconf 64' lang='lat' dir='ltr'><strong>sanctae</strong></span> <span class='ocrx_word' id='word_1_166' title='bbox 1851 2230 2124 2296; x_wconf 57' lang='lat' dir='ltr'><strong>Ecclesiae,</strong></span> <span class='ocrx_word' id='word_1_167' title='bbox 2205 2245 2209 2250; x_wconf 89' lang='lat'><strong><em>&#39;</em></strong></span> 
     </span>
    </p>
   </div>
   <div class='ocr_carea' id='block_1_23' title="bbox 467 2317 2128 2391">
    <p class='ocr_par' dir='ltr' id='par_1_23' title="bbox 467 2317 2128 2391">
     <span class='ocr_line' id='line_1_23' title="bbox 467 2317 2128 2391; baseline 0.006 -23"><span class='ocrx_word' id='word_1_168' title='bbox 467 2340 471 2344; x_wconf 90' lang='lat'><strong><em>-</em></strong></span> <span class='ocrx_word' id='word_1_169' title='bbox 545 2330 775 2384; x_wconf 89' lang='lat' dir='ltr'><strong>quorum</strong></span> <span class='ocrx_word' id='word_1_170' title='bbox 804 2317 1014 2385; x_wconf 86' lang='lat' dir='ltr'><strong>primus</strong></span> <span class='ocrx_word' id='word_1_171' title='bbox 1049 2326 1133 2372; x_wconf 88' lang='lat' dir='ltr'><strong>est</strong></span> <span class='ocrx_word' id='word_1_172' title='bbox 1179 2333 1366 2373; x_wconf 87' lang='lat' dir='ltr'><strong>eorum</strong></span> <span class='ocrx_word' id='word_1_173' title='bbox 1403 2321 1496 2389; x_wconf 86' lang='lat' dir='ltr'><strong>qui</strong></span> <span class='ocrx_word' id='word_1_174' title='bbox 1531 2317 1848 2391; x_wconf 80' lang='lat' dir='ltr'><strong>simpliciter</strong></span> <span class='ocrx_word' id='word_1_175' title='bbox 1883 2323 2128 2378; x_wconf 75' lang='lat' dir='ltr'><strong>viventes</strong></span> 
     </span>
    </p>
   </div>
   <div class='ocr_carea' id='block_1_24' title="bbox 548 2392 2127 2485">
    <p class='ocr_par' dir='ltr' id='par_1_24' title="bbox 548 2392 2127 2485">
     <span class='ocr_line' id='line_1_24' title="bbox 548 2392 2127 2485; baseline 0.006 -25"><span class='ocrx_word' id='word_1_176' title='bbox 548 2407 722 2461; x_wconf 87' lang='lat' dir='ltr'><strong>adhuc</strong></span> <span class='ocrx_word' id='word_1_177' title='bbox 753 2414 931 2461; x_wconf 84' lang='lat' dir='ltr'><strong>tamen</strong></span> <span class='ocrx_word' id='word_1_178' title='bbox 979 2409 1045 2462; x_wconf 88' lang='lat' dir='ltr'><strong>ad</strong></span> <span class='ocrx_word' id='word_1_179' title='bbox 1093 2392 1259 2464; x_wconf 84' lang='lat' dir='ltr'><strong>robur</strong></span> <span class='ocrx_word' id='word_1_180' title='bbox 1289 2411 1548 2466; x_wconf 67' lang='lat' dir='ltr'><strong>doctrinae</strong></span> <span class='ocrx_word' id='word_1_181' title='bbox 1579 2413 1948 2483; x_wconf 75' lang='lat' dir='ltr'><strong>protic&#39;ientes</strong></span> <span class='ocrx_word' id='word_1_182' title='bbox 1974 2415 2127 2485; x_wconf 87' lang='lat' dir='ltr'><strong>quasi</strong></span> 
     </span>
    </p>
   </div>
   <div class='ocr_carea' id='block_1_25' title="bbox 547 2495 2125 2573">
    <p class='ocr_par' dir='ltr' id='par_1_25' title="bbox 547 2495 2125 2573">
     <span class='ocr_line' id='line_1_25' title="bbox 547 2495 2125 2573; baseline 0.007 -24"><span class='ocrx_word' id='word_1_183' title='bbox 547 2495 736 2563; x_wconf 87' lang='lat' dir='ltr'><strong>primis</strong></span> <span class='ocrx_word' id='word_1_184' title='bbox 766 2497 1050 2554; x_wconf 88' lang='lat' dir='ltr'><strong>elementis</strong></span> <span class='ocrx_word' id='word_1_185' title='bbox 1070 2502 1308 2556; x_wconf 80' lang='lat' dir='ltr'><strong>contenti</strong></span> <span class='ocrx_word' id='word_1_186' title='bbox 1334 2512 1481 2556; x_wconf 84' lang='lat' dir='ltr'><strong>sunt.</strong></span> <span class='ocrx_word' id='word_1_187' title='bbox 1510 2502 1615 2558; x_wconf 85' lang='lat' dir='ltr'><strong>Sed</strong></span> <span class='ocrx_word' id='word_1_188' title='bbox 1629 2512 1632 2516; x_wconf 86' lang='grc'>·</span> <span class='ocrx_word' id='word_1_189' title='bbox 1650 2504 2125 2573; x_wconf 84' lang='lat' dir='ltr'><strong>quomodo-eadem</strong></span> 
     </span>
    </p>
   </div>
   <div class='ocr_carea' id='block_1_26' title="bbox 545 2586 2126 2669">
    <p class='ocr_par' dir='ltr' id='par_1_26' title="bbox 545 2586 2126 2669">
     <span class='ocr_line' id='line_1_26' title="bbox 545 2586 2126 2669; baseline 0.009 -29"><span class='ocrx_word' id='word_1_190' title='bbox 545 2586 812 2644; x_wconf 87' lang='lat' dir='ltr'><strong>elementa</strong></span> <span class='ocrx_word' id='word_1_191' title='bbox 853 2591 1017 2646; x_wconf 84' lang='lat' dir='ltr'><strong>scribi</strong></span> <span class='ocrx_word' id='word_1_192' title='bbox 1070 2593 1299 2648; x_wconf 84' lang='lat' dir='ltr'><strong>debeant</strong></span> <span class='ocrx_word' id='word_1_193' title='bbox 1336 2597 1696 2652; x_wconf 83' lang='lat' dir='ltr'><strong>attendamus.</strong></span> <span class='ocrx_word' id='word_1_194' title='bbox 1741 2597 1854 2653; x_wconf 81' lang='lat' dir='ltr'><strong>Non</strong></span> <span class='ocrx_word' id='word_1_195' title='bbox 1900 2600 2126 2669; x_wconf 86' lang='lat' dir='ltr'><strong>passim,</strong></span> 
     </span>
    </p>
   </div>
   <div class='ocr_carea' id='block_1_27' title="bbox 547 2679 2126 2759">
    <p class='ocr_par' dir='ltr' id='par_1_27' title="bbox 547 2679 2126 2759">
     <span class='ocr_line' id='line_1_27' title="bbox 547 2679 2126 2759; baseline 0.009 -27"><span class='ocrx_word' id='word_1_196' title='bbox 547 2679 644 2733; x_wconf 85' lang='lat' dir='ltr'><strong>sed</strong></span> <span class='ocrx_word' id='word_1_197' title='bbox 689 2680 947 2742; x_wconf 78' lang='lat' dir='ltr'><strong>distincto</strong></span> <span class='ocrx_word' id='word_1_198' title='bbox 976 2684 1187 2746; x_wconf 76' lang='lat' dir='ltr'><strong>ordine</strong></span> <span class='ocrx_word' id='word_1_199' title='bbox 1235 2687 1303 2740; x_wconf 89' lang='lat' dir='ltr'><strong>ab</strong></span> <span class='ocrx_word' id='word_1_200' title='bbox 1347 2687 1546 2759; x_wconf 79' lang='lat' dir='ltr'><strong>angulo</strong></span> <span class='ocrx_word' id='word_1_201' title='bbox 1594 2690 1815 2745; x_wconf 88' lang='lat' dir='ltr'><strong>sinistro</strong></span> <span class='ocrx_word' id='word_1_202' title='bbox 1879 2692 2126 2747; x_wconf 84' lang='lat' dir='ltr'><strong>orientali</strong></span> 
     </span>
    </p>
   </div>
   <div class='ocr_carea' id='block_1_28' title="bbox 547 2772 2128 2854">
    <p class='ocr_par' dir='ltr' id='par_1_28' title="bbox 547 2772 2128 2854">
     <span class='ocr_line' id='line_1_28' title="bbox 547 2772 2128 2854; baseline 0.009 -31"><span class='ocrx_word' id='word_1_203' title='bbox 547 2785 715 2840; x_wconf 87' lang='lat' dir='ltr'><strong>usque</strong></span> <span class='ocrx_word' id='word_1_204' title='bbox 753 2772 806 2826; x_wconf 90' lang='lat' dir='ltr'><strong>in</strong></span> <span class='ocrx_word' id='word_1_205' title='bbox 843 2774 1093 2829; x_wconf 80' lang='lat' dir='ltr'><strong>dextrum</strong></span> <span class='ocrx_word' id='word_1_206' title='bbox 1143 2777 1396 2847; x_wconf 84' lang='lat' dir='ltr'><strong>angulum</strong></span> <span class='ocrx_word' id='word_1_207' title='bbox 1443 2781 1856 2837; x_wconf 82' lang='lat' dir='ltr'><strong>occidentalem.-</strong></span> <span class='ocrx_word' id='word_1_208' title='bbox 1902 2782 1977 2837; x_wconf 80' lang='lat' dir='ltr'><strong>Ac</strong></span> <span class='ocrx_word' id='word_1_209' title='bbox 2017 2783 2128 2854; x_wconf 85' lang='lat' dir='ltr'><strong>pri—</strong></span> 
     </span>
    </p>
   </div>
   <div class='ocr_carea' id='block_1_29' title="bbox 546 2865 2176 2945">
    <p class='ocr_par' dir='ltr' id='par_1_29' title="bbox 546 2865 2176 2945">
     <span class='ocr_line' id='line_1_29' title="bbox 546 2865 2176 2945; baseline 0.011 -30"><span class='ocrx_word' id='word_1_210' title='bbox 546 2872 696 2918; x_wconf 88' lang='lat' dir='ltr'><strong>mum</strong></span> <span class='ocrx_word' id='word_1_211' title='bbox 735 2865 1023 2920; x_wconf 85' lang='lat' dir='ltr'><strong>sciendum</strong></span> <span class='ocrx_word' id='word_1_212' title='bbox 1074 2876 1157 2923; x_wconf 88' lang='lat' dir='ltr'><strong>est</strong></span> <span class='ocrx_word' id='word_1_213' title='bbox 1204 2871 1346 2939; x_wconf 87' lang='lat' dir='ltr'><strong>quod</strong></span> <span class='ocrx_word' id='word_1_214' title='bbox 1385 2882 1620 2940; x_wconf 87' lang='lat' dir='ltr'><strong>quatuor</strong></span> <span class='ocrx_word' id='word_1_215' title='bbox 1669 2875 1844 2945; x_wconf 81' lang='lat' dir='ltr'><strong>anguli</strong></span> <span class='ocrx_word' id='word_1_216' title='bbox 1889 2875 2126 2932; x_wconf 72' lang='lat' dir='ltr'><strong>basilica:</strong></span> <span class='ocrx_word' id='word_1_217' title='bbox 2172 2913 2176 2918; x_wconf 64' lang='grc' dir='ltr'><em>ι</em></span> 
     </span>
    </p>
   </div>
   <div class='ocr_carea' id='block_1_30' title="bbox 542 2954 2126 3035">
    <p class='ocr_par' dir='ltr' id='par_1_30' title="bbox 542 2954 2126 3035">
     <span class='ocr_line' id='line_1_30' title="bbox 542 2954 2126 3035; baseline 0.009 -29"><span class='ocrx_word' id='word_1_218' title='bbox 542 2960 777 3022; x_wconf 80' lang='lat' dir='ltr'><strong>quatuor</strong></span> <span class='ocrx_word' id='word_1_219' title='bbox 801 2954 1080 3025; x_wconf 72' lang='lat' dir='ltr'><strong>designent</strong></span> <span class='ocrx_word' id='word_1_220' title='bbox 1110 2960 1292 3013; x_wconf 90' lang='lat' dir='ltr'><strong>mundi</strong></span> <span class='ocrx_word' id='word_1_221' title='bbox 1340 2961 1528 3032; x_wconf 80' lang='lat' dir='ltr'><strong>plagas</strong></span> <span class='ocrx_word' id='word_1_222' title='bbox 1548 3005 1561 3027; x_wconf 91' lang='lat'><strong>,</strong></span> <span class='ocrx_word' id='word_1_223' title='bbox 1593 2964 1658 3019; x_wconf 87' lang='lat' dir='ltr'><strong>ad</strong></span> <span class='ocrx_word' id='word_1_224' title='bbox 1708 2979 1854 3033; x_wconf 83' lang='lat' dir='ltr'><strong>quas</strong></span> <span class='ocrx_word' id='word_1_225' title='bbox 1883 2967 2126 3035; x_wconf 78' lang='lat' dir='ltr'><strong>pervenit</strong></span> 
     </span>
    </p>
   </div>
   <div class='ocr_carea' id='block_1_31' title="bbox 545 3044 2125 3128">
    <p class='ocr_par' dir='ltr' id='par_1_31' title="bbox 545 3044 2125 3128">
     <span class='ocr_line' id='line_1_31' title="bbox 545 3044 2125 3128; baseline 0.009 -30"><span class='ocrx_word' id='word_1_226' title='bbox 545 3044 791 3099; x_wconf 84' lang='lat' dir='ltr'><strong>doctrina</strong></span> <span class='ocrx_word' id='word_1_227' title='bbox 829 3046 1195 3104; x_wconf 86' lang='lat' dir='ltr'><strong>ecclesiastica</strong></span> <span class='ocrx_word' id='word_1_228' title='bbox 1241 3066 1362 3122; x_wconf 65' lang='lat' dir='ltr'><strong>qum</strong></span> <span class='ocrx_word' id='word_1_229' title='bbox 1397 3069 1494 3123; x_wconf 90' lang='lat' dir='ltr'><strong>per</strong></span> <span class='ocrx_word' id='word_1_230' title='bbox 1541 3055 1750 3111; x_wconf 86' lang='lat' dir='ltr'><strong>litteras</strong></span> <span class='ocrx_word' id='word_1_231' title='bbox 1792 3057 2125 3128; x_wconf 87' lang='lat' dir='ltr'><strong>signiﬁcatur</strong></span> 
     </span>
    </p>
   </div>
   <div class='ocr_carea' id='block_1_32' title="bbox 482 3134 2124 3217">
    <p class='ocr_par' dir='ltr' id='par_1_32' title="bbox 482 3134 2124 3217">
     <span class='ocr_line' id='line_1_32' title="bbox 482 3134 2124 3217; baseline 0.009 -25"><span class='ocrx_word' id='word_1_232' title='bbox 482 3187 487 3192; x_wconf 87' lang='lat'><strong>.</strong></span> <span class='ocrx_word' id='word_1_233' title='bbox 547 3134 601 3189; x_wconf 90' lang='lat' dir='ltr'><strong>in</strong></span> <span class='ocrx_word' id='word_1_234' title='bbox 639 3144 784 3205; x_wconf 85' lang='lat' dir='ltr'><strong>terra</strong></span> <span class='ocrx_word' id='word_1_235' title='bbox 823 3140 1148 3210; x_wconf 84' lang='lat' dir='ltr'><strong>descriptas.</strong></span> <span class='ocrx_word' id='word_1_236' title='bbox 1193 3142 1346 3210; x_wconf 83' lang='lat' dir='ltr'><strong>Quod</strong></span> <span class='ocrx_word' id='word_1_237' title='bbox 1399 3146 1742 3217; x_wconf 84' lang='lat' dir='ltr'><strong>alphabetum</strong></span> <span class='ocrx_word' id='word_1_238' title='bbox 1790 3149 1987 3204; x_wconf 86' lang='lat' dir='ltr'><strong>ibidem</strong></span> <span class='ocrx_word' id='word_1_239' title='bbox 2033 3150 2124 3206; x_wconf 88' lang='lat' dir='ltr'><strong>de-</strong></span> 
     </span>
    </p>
   </div>
   <div class='ocr_carea' id='block_1_33' title="bbox 547 3227 2124 3321">
    <p class='ocr_par' dir='ltr' id='par_1_33' title="bbox 547 3227 2124 3321">
     <span class='ocr_line' id='line_1_33' title="bbox 547 3227 2124 3321; baseline 0.011 -42"><span class='ocrx_word' id='word_1_240' title='bbox 547 3227 804 3283; x_wconf 81' lang='lat' dir='ltr'><strong>scribitur</strong></span> <span class='ocrx_word' id='word_1_241' title='bbox 830 3233 1140 3299; x_wconf 81' lang='lat' dir='ltr'><strong>praedicatio</strong></span> <span class='ocrx_word' id='word_1_242' title='bbox 1169 3235 1443 3307; x_wconf 78' lang='lat' dir='ltr'><strong>Evangelii</strong></span> <span class='ocrx_word' id='word_1_243' title='bbox 1491 3240 1714 3310; x_wconf 80' lang='lat' dir='ltr'><strong>simplex</strong></span> <span class='ocrx_word' id='word_1_244' title='bbox 1746 3249 1800 3295; x_wconf 90' lang='lat' dir='ltr'><strong>et</strong></span> <span class='ocrx_word' id='word_1_245' title='bbox 1823 3253 1954 3312; x_wconf 88' lang='lat' dir='ltr'><strong>pura</strong></span> <span class='ocrx_word' id='word_1_246' title='bbox 1994 3241 2124 3321; x_wconf 43' lang='lat' dir='ltr'><strong>inSif</strong></span> 
     </span>
    </p>
   </div>
   <div class='ocr_carea' id='block_1_34' title="bbox 521 3321 2146 3402">
    <p class='ocr_par' dir='ltr' id='par_1_34' title="bbox 521 3321 2146 3402">
     <span class='ocr_line' id='line_1_34' title="bbox 521 3321 2146 3402; baseline 0.012 -31"><span class='ocrx_word' id='word_1_247' title='bbox 521 3328 762 3388; x_wconf 73' lang='lat' dir='ltr'><strong>nuntur.</strong></span> <span class='ocrx_word' id='word_1_248' title='bbox 785 3321 847 3376; x_wconf 84' lang='lat' dir='ltr'><strong>~ln</strong></span> <span class='ocrx_word' id='word_1_249' title='bbox 888 3323 1175 3394; x_wconf 84' lang='lat' dir='ltr'><strong>alphabeto</strong></span> <span class='ocrx_word' id='word_1_250' title='bbox 1226 3327 1359 3384; x_wconf 84' lang='lat' dir='ltr'><strong>nihil</strong></span> <span class='ocrx_word' id='word_1_251' title='bbox 1409 3332 1760 3402; x_wconf 80' lang='lat' dir='ltr'><strong>duplicitatis,</strong></span> <span class='ocrx_word' id='word_1_252' title='bbox 1793 3334 1940 3389; x_wconf 86' lang='lat' dir='ltr'><strong>nihil</strong></span> <span class='ocrx_word' id='word_1_253' title='bbox 1979 3329 2146 3391; x_wconf 12' lang='lat' dir='ltr'><strong>falsi-i</strong></span> 
     </span>
    </p>
   </div>
   <div class='ocr_carea' id='block_1_35' title="bbox 549 3412 2124 3494">
    <p class='ocr_par' dir='ltr' id='par_1_35' title="bbox 549 3412 2124 3494">
     <span class='ocr_line' id='line_1_35' title="bbox 549 3412 2124 3494; baseline 0.011 -30"><span class='ocrx_word' id='word_1_254' title='bbox 549 3412 675 3466; x_wconf 82' lang='lat' dir='ltr'><strong>tatis</strong></span> <span class='ocrx_word' id='word_1_255' title='bbox 725 3414 974 3481; x_wconf 86' lang='lat' dir='ltr'><strong>incurrit,</strong></span> <span class='ocrx_word' id='word_1_256' title='bbox 1015 3422 1140 3486; x_wconf 87' lang='lat' dir='ltr'><strong>quia</strong></span> <span class='ocrx_word' id='word_1_257' title='bbox 1193 3422 1502 3492; x_wconf 81' lang='lat' dir='ltr'><strong>evangelica</strong></span> <span class='ocrx_word' id='word_1_258' title='bbox 1529 3426 1750 3494; x_wconf 47' lang='lat' dir='ltr'><strong>vpuritas</strong></span> <span class='ocrx_word' id='word_1_259' title='bbox 1793 3427 1929 3480; x_wconf 86' lang='lat' dir='ltr'><strong>nihil</strong></span> <span class='ocrx_word' id='word_1_260' title='bbox 1969 3426 2124 3482; x_wconf 68' lang='lat' dir='ltr'><strong>fuca-</strong></span> 
     </span>
    </p>
   </div>
   <div class='ocr_carea' id='block_1_36' title="bbox 549 3503 2125 3583">
    <p class='ocr_par' dir='ltr' id='par_1_36' title="bbox 549 3503 2125 3583">
     <span class='ocr_line' id='line_1_36' title="bbox 549 3503 2125 3583; baseline 0.012 -28"><span class='ocrx_word' id='word_1_261' title='bbox 549 3507 699 3566; x_wconf 89' lang='lat' dir='ltr'><strong>tum,</strong></span> <span class='ocrx_word' id='word_1_262' title='bbox 752 3503 884 3558; x_wconf 87' lang='lat' dir='ltr'><strong>nihil</strong></span> <span class='ocrx_word' id='word_1_263' title='bbox 935 3508 1138 3578; x_wconf 87' lang='lat' dir='ltr'><strong>appetit</strong></span> <span class='ocrx_word' id='word_1_264' title='bbox 1189 3509 1382 3567; x_wconf 86' lang='lat' dir='ltr'><strong>falsum</strong></span> <span class='ocrx_word' id='word_1_265' title='bbox 1411 3550 1426 3576; x_wconf 88' lang='lat'><strong>,</strong></span> <span class='ocrx_word' id='word_1_266' title='bbox 1473 3513 1576 3568; x_wconf 37' lang='lat' dir='ltr'><strong>sed.</strong></span> <span class='ocrx_word' id='word_1_267' title='bbox 1617 3514 1847 3583; x_wconf 84' lang='lat' dir='ltr'><strong>simplici</strong></span> <span class='ocrx_word' id='word_1_268' title='bbox 1899 3516 2125 3574; x_wconf 76' lang='lat' dir='ltr'><strong>veritate</strong></span> 
     </span>
    </p>
   </div>
   <div class='ocr_carea' id='block_1_37' title="bbox 545 3593 2124 3673">
    <p class='ocr_par' dir='ltr' id='par_1_37' title="bbox 545 3593 2124 3673">
     <span class='ocr_line' id='line_1_37' title="bbox 545 3593 2124 3673; baseline 0.009 -26"><span class='ocrx_word' id='word_1_269' title='bbox 545 3593 773 3649; x_wconf 76' lang='lat' dir='ltr'><strong>subnixa</strong></span> <span class='ocrx_word' id='word_1_270' title='bbox 801 3605 1078 3652; x_wconf 79' lang='lat' dir='ltr'><strong>externam</strong></span> <span class='ocrx_word' id='word_1_271' title='bbox 1106 3613 1330 3670; x_wconf 85' lang='lat' dir='ltr'><strong>prorsus</strong></span> <span class='ocrx_word' id='word_1_272' title='bbox 1372 3604 1579 3673; x_wconf 89' lang='lat' dir='ltr'><strong>respuit</strong></span> <span class='ocrx_word' id='word_1_273' title='bbox 1619 3604 1924 3660; x_wconf 77' lang='lat' dir='ltr'><strong>falsitatem.</strong></span> <span class='ocrx_word' id='word_1_274' title='bbox 1972 3605 2124 3673; x_wconf 74' lang='lat' dir='ltr'><strong>Qudd</strong></span> 
     </span>
    </p>
   </div>
   <div class='ocr_carea' id='block_1_38' title="bbox 547 3683 2121 3765">
    <p class='ocr_par' dir='ltr' id='par_1_38' title="bbox 547 3683 2121 3765">
     <span class='ocr_line' id='line_1_38' title="bbox 547 3683 2121 3765; baseline 0.009 -29"><span class='ocrx_word' id='word_1_275' title='bbox 547 3683 822 3741; x_wconf 75' lang='lat' dir='ltr'><strong>alitemab</strong></span> <span class='ocrx_word' id='word_1_276' title='bbox 847 3687 1042 3758; x_wconf 85' lang='lat' dir='ltr'><strong>angulo</strong></span> <span class='ocrx_word' id='word_1_277' title='bbox 1070 3690 1318 3746; x_wconf 87' lang='lat' dir='ltr'><strong>orientali</strong></span> <span class='ocrx_word' id='word_1_278' title='bbox 1356 3693 1410 3746; x_wconf 88' lang='lat' dir='ltr'><strong>in</strong></span> <span class='ocrx_word' id='word_1_279' title='bbox 1445 3693 1696 3765; x_wconf 80' lang='lat' dir='ltr'><strong>angulum</strong></span> <span class='ocrx_word' id='word_1_280' title='bbox 1734 3695 2121 3751; x_wconf 84' lang='lat' dir='ltr'><strong>occidentalem</strong></span> 
     </span>
    </p>
   </div>
   <div class='ocr_carea' id='block_1_39' title="bbox 495 3775 2123 3860">
    <p class='ocr_par' dir='ltr' id='par_1_39' title="bbox 495 3775 2123 3860">
     <span class='ocr_line' id='line_1_39' title="bbox 495 3775 2123 3860; baseline 0.008 -32"><span class='ocrx_word' id='word_1_281' title='bbox 495 3833 498 3836; x_wconf 51' lang='grc'>,</span> <span class='ocrx_word' id='word_1_282' title='bbox 545 3775 696 3843; x_wconf 86' lang='lat' dir='ltr'><strong>prior</strong></span> <span class='ocrx_word' id='word_1_283' title='bbox 721 3793 913 3835; x_wconf 85' lang='lat' dir='ltr'><strong>versus</strong></span> <span class='ocrx_word' id='word_1_284' title='bbox 941 3783 1160 3848; x_wconf 87' lang='lat' dir='ltr'><strong>desinit,</strong></span> <span class='ocrx_word' id='word_1_285' title='bbox 1208 3784 1512 3855; x_wconf 85' lang='lat' dir='ltr'><strong>iterumque</strong></span> <span class='ocrx_word' id='word_1_286' title='bbox 1539 3789 1610 3842; x_wconf 88' lang='lat' dir='ltr'><strong>ab</strong></span> <span class='ocrx_word' id='word_1_287' title='bbox 1636 3787 1883 3842; x_wconf 86' lang='lat' dir='ltr'><strong>orientali</strong></span> <span class='ocrx_word' id='word_1_288' title='bbox 1931 3788 2123 3860; x_wconf 79' lang='lat' dir='ltr'><strong>angulo</strong></span> 
     </span>
    </p>
   </div>
   <div class='ocr_carea' id='block_1_40' title="bbox 547 3864 2123 3950">
    <p class='ocr_par' dir='ltr' id='par_1_40' title="bbox 547 3864 2123 3950">
     <span class='ocr_line' id='line_1_40' title="bbox 547 3864 2123 3950; baseline 0.011 -32"><span class='ocrx_word' id='word_1_289' title='bbox 547 3864 601 3920; x_wconf 89' lang='lat' dir='ltr'><strong>in</strong></span> <span class='ocrx_word' id='word_1_290' title='bbox 635 3868 914 3928; x_wconf 78' lang='lat' dir='ltr'><strong>sinistrum</strong></span> <span class='ocrx_word' id='word_1_291' title='bbox 943 3875 1198 3944; x_wconf 84' lang='lat' dir='ltr'><strong>angulum</strong></span> <span class='ocrx_word' id='word_1_292' title='bbox 1243 3879 1632 3936; x_wconf 85' lang='lat' dir='ltr'><strong>occidentalem</strong></span> <span class='ocrx_word' id='word_1_293' title='bbox 1657 3920 1670 3945; x_wconf 94' lang='lat'><strong>,</strong></span> <span class='ocrx_word' id='word_1_294' title='bbox 1702 3879 1910 3949; x_wconf 83' lang='lat' dir='ltr'><strong>duplici</strong></span> <span class='ocrx_word' id='word_1_295' title='bbox 1942 3881 2123 3950; x_wconf 67' lang='lat' dir='ltr'><strong>ilgulte</strong></span> 
     </span>
    </p>
   </div>
   <div class='ocr_carea' id='block_1_41' title="bbox 547 3960 2123 4040">
    <p class='ocr_par' dir='ltr' id='par_1_41' title="bbox 547 3960 2123 4040">
     <span class='ocr_line' id='line_1_41' title="bbox 547 3960 2123 4040; baseline 0.005 -23"><span class='ocrx_word' id='word_1_296' title='bbox 547 3960 830 4037; x_wconf 66' lang='lat' dir='ltr'><strong>asguudet,</strong></span> <span class='ocrx_word' id='word_1_297' title='bbox 859 3977 1088 4031; x_wconf 81' lang='lat' dir='ltr'><strong>quarum</strong></span> <span class='ocrx_word' id='word_1_298' title='bbox 1115 3966 1287 4034; x_wconf 86' lang='lat' dir='ltr'><strong>prima</strong></span> <span class='ocrx_word' id='word_1_299' title='bbox 1316 3979 1421 4034; x_wconf 87' lang='lat' dir='ltr'><strong>est,</strong></span> <span class='ocrx_word' id='word_1_300' title='bbox 1455 3971 1584 4040; x_wconf 85' lang='lat' dir='ltr'><strong>quia</strong></span> <span class='ocrx_word' id='word_1_301' title='bbox 1613 3971 1667 4024; x_wconf 92' lang='lat' dir='ltr'><strong>in</strong></span> <span class='ocrx_word' id='word_1_302' title='bbox 1700 3968 1796 4024; x_wconf 90' lang='lat' dir='ltr'><strong>tali</strong></span> <span class='ocrx_word' id='word_1_303' title='bbox 1830 3965 2123 4025; x_wconf 82' lang='lat' dir='ltr'><strong>schismate</strong></span> 
     </span>
    </p>
   </div>
   <div class='ocr_carea' id='block_1_42' title="bbox 544 4036 2120 4131">
    <p class='ocr_par' dir='ltr' id='par_1_42' title="bbox 544 4036 2120 4131">
     <span class='ocr_line' id='line_1_42' title="bbox 544 4036 2120 4131; baseline 0.007 -27"><span class='ocrx_word' id='word_1_304' title='bbox 544 4036 676 4104; x_wconf 58' lang='lat' dir='ltr'><strong>crus</strong></span> <span class='ocrx_word' id='word_1_305' title='bbox 709 4049 990 4120; x_wconf 79' lang='lat' dir='ltr'><strong>ﬁguratur,</strong></span> <span class='ocrx_word' id='word_1_306' title='bbox 1035 4064 1094 4110; x_wconf 95' lang='lat' dir='ltr'><strong>ut</strong></span> <span class='ocrx_word' id='word_1_307' title='bbox 1115 4057 1374 4114; x_wconf 71' lang='lat' dir='ltr'><strong>doctrinae</strong></span> <span class='ocrx_word' id='word_1_308' title='bbox 1400 4036 1721 4131; x_wconf 75' lang='lat' dir='ltr'><strong>evangelicae</strong></span> <span class='ocrx_word' id='word_1_309' title='bbox 1749 4076 1897 4116; x_wconf 88' lang='lat' dir='ltr'><strong>mors</strong></span> <span class='ocrx_word' id='word_1_310' title='bbox 1919 4061 2120 4118; x_wconf 72' lang='lat' dir='ltr'><strong>Christi</strong></span> 
     </span>
    </p>
   </div>
   <div class='ocr_carea' id='block_1_43' title="bbox 545 4143 2121 4224">
    <p class='ocr_par' dir='ltr' id='par_1_43' title="bbox 545 4143 2121 4224">
     <span class='ocr_line' id='line_1_43' title="bbox 545 4143 2121 4224; baseline 0.009 -30"><span class='ocrx_word' id='word_1_311' title='bbox 545 4153 764 4211; x_wconf 85' lang='lat' dir='ltr'><strong>semper</strong></span> <span class='ocrx_word' id='word_1_312' title='bbox 783 4143 1073 4200; x_wconf 85' lang='lat' dir='ltr'><strong>inseratur.</strong></span> <span class='ocrx_word' id='word_1_313' title='bbox 1106 4146 1162 4201; x_wconf 91' lang='lat' dir='ltr'><strong>ln</strong></span> <span class='ocrx_word' id='word_1_314' title='bbox 1191 4151 1368 4204; x_wconf 89' lang='lat' dir='ltr'><strong>crucis</strong></span> <span class='ocrx_word' id='word_1_315' title='bbox 1396 4151 1537 4205; x_wconf 87' lang='lat' dir='ltr'><strong>enim</strong></span> <span class='ocrx_word' id='word_1_316' title='bbox 1569 4152 1740 4224; x_wconf 86' lang='lat' dir='ltr'><strong>etllgie</strong></span> <span class='ocrx_word' id='word_1_317' title='bbox 1767 4154 1961 4210; x_wconf 67' lang='lat' dir='ltr'><strong>litterae</strong></span> <span class='ocrx_word' id='word_1_318' title='bbox 1987 4155 2121 4221; x_wconf 83' lang='lat' dir='ltr'><strong>ﬁgu-</strong></span> 
     </span>
    </p>
   </div>
   <div class='ocr_carea' id='block_1_44' title="bbox 545 4236 2120 4312">
    <p class='ocr_par' dir='ltr' id='par_1_44' title="bbox 545 4236 2120 4312">
     <span class='ocr_line' id='line_1_44' title="bbox 545 4236 2120 4312; baseline 0.011 -30"><span class='ocrx_word' id='word_1_319' title='bbox 545 4239 773 4298; x_wconf 87' lang='lat' dir='ltr'><strong>rantur,</strong></span> <span class='ocrx_word' id='word_1_320' title='bbox 819 4248 943 4288; x_wconf 90' lang='lat' dir='ltr'><strong>cum</strong></span> <span class='ocrx_word' id='word_1_321' title='bbox 990 4236 1323 4307; x_wconf 86' lang='lat' dir='ltr'><strong>simplicibus</strong></span> <span class='ocrx_word' id='word_1_322' title='bbox 1371 4241 1676 4312; x_wconf 88' lang='lat' dir='ltr'><strong>quibusque</strong></span> <span class='ocrx_word' id='word_1_323' title='bbox 1719 4258 1867 4300; x_wconf 88' lang='lat' dir='ltr'><strong>mors</strong></span> <span class='ocrx_word' id='word_1_324' title='bbox 1921 4245 2120 4300; x_wconf 76' lang='lat' dir='ltr'><strong>ChriSti</strong></span> 
     </span>
    </p>
   </div>
   <div class='ocr_carea' id='block_1_45' title="bbox 495 4321 2122 4410">
    <p class='ocr_par' dir='ltr' id='par_1_45' title="bbox 495 4321 2122 4410">
     <span class='ocr_line' id='line_1_45' title="bbox 495 4321 2122 4410; baseline 0.014 -36"><span class='ocrx_word' id='word_1_325' title='bbox 495 4373 504 4388; x_wconf 73' lang='grc'>,</span> <span class='ocrx_word' id='word_1_326' title='bbox 544 4321 860 4393; x_wconf 88' lang='lat' dir='ltr'><strong>simpliciter</strong></span> <span class='ocrx_word' id='word_1_327' title='bbox 882 4332 1143 4390; x_wconf 89' lang='lat' dir='ltr'><strong>innuitur.</strong></span> <span class='ocrx_word' id='word_1_328' title='bbox 1178 4336 1331 4394; x_wconf 82' lang='lat' dir='ltr'><strong>Unde</strong></span> <span class='ocrx_word' id='word_1_329' title='bbox 1356 4339 1556 4394; x_wconf 88' lang='lat' dir='ltr'><strong>Paulus</strong></span> <span class='ocrx_word' id='word_1_330' title='bbox 1583 4340 1899 4410; x_wconf 89' lang='lat' dir='ltr'><strong>quibusdam</strong></span> <span class='ocrx_word' id='word_1_331' title='bbox 1923 4341 2122 4397; x_wconf 83' lang='lat' dir='ltr'><strong>talibus</strong></span> 
     </span>
    </p>
   </div>
   <div class='ocr_carea' id='block_1_46' title="bbox 499 4412 2115 4492">
    <p class='ocr_par' dir='ltr' id='par_1_46' title="bbox 499 4412 2115 4492">
     <span class='ocr_line' id='line_1_46' title="bbox 499 4412 2115 4492; baseline 0.011 -23"><span class='ocrx_word' id='word_1_332' title='bbox 499 4465 508 4469; x_wconf 88' lang='lat'><strong>-</strong></span> <span class='ocrx_word' id='word_1_333' title='bbox 543 4412 657 4470; x_wconf 86' lang='lat' dir='ltr'><strong>ait:</strong></span> <span class='ocrx_word' id='word_1_334' title='bbox 695 4436 714 4468; x_wconf 68' lang='grc' dir='ltr'>ι</span> <span class='ocrx_word' id='word_1_335' title='bbox 748 4417 889 4478; x_wconf 85' lang='lat' dir='ltr'><strong>Nihil</strong></span> <span class='ocrx_word' id='word_1_336' title='bbox 913 4438 998 4478; x_wconf 89' lang='lat' dir='ltr'><strong>me</strong></span> <span class='ocrx_word' id='word_1_337' title='bbox 1009 4423 1244 4492; x_wconf 72' lang='lat' dir='ltr'><strong>iudicavi</strong></span> <span class='ocrx_word' id='word_1_338' title='bbox 1273 4430 1413 4486; x_wconf 89' lang='lat' dir='ltr'><strong>scire</strong></span> <span class='ocrx_word' id='word_1_339' title='bbox 1434 4432 1578 4486; x_wconf 87' lang='lat' dir='ltr'><strong>inter</strong></span> <span class='ocrx_word' id='word_1_340' title='bbox 1600 4446 1695 4487; x_wconf 87' lang='lat' dir='ltr'><strong>vos</strong></span> <span class='ocrx_word' id='word_1_341' title='bbox 1721 4432 1822 4488; x_wconf 91' lang='lat' dir='ltr'><strong>nisi</strong></span> <span class='ocrx_word' id='word_1_342' title='bbox 1844 4431 2115 4488; x_wconf 87' lang='lat' dir='ltr'><strong>Christum</strong></span> 
     </span>
    </p>
   </div>
   <div class='ocr_carea' id='block_1_47' title="bbox 541 4499 2118 4592">
    <p class='ocr_par' dir='ltr' id='par_1_47' title="bbox 541 4499 2118 4592">
     <span class='ocr_line' id='line_1_47' title="bbox 541 4499 2118 4592; baseline 0.015 -38"><span class='ocrx_word' id='word_1_343' title='bbox 541 4499 744 4572; x_wconf 70' lang='lat' dir='ltr'><strong>Iesum,</strong></span> <span class='ocrx_word' id='word_1_344' title='bbox 777 4511 996 4567; x_wconf 90' lang='lat' dir='ltr'><strong>ethunc</strong></span> <span class='ocrx_word' id='word_1_345' title='bbox 1027 4516 1365 4572; x_wconf 82' lang='lat' dir='ltr'><strong>cruciﬁxum.</strong></span> <span class='ocrx_word' id='word_1_346' title='bbox 1400 4538 1422 4570; x_wconf 70' lang='grc' dir='ltr'><strong><em>ι</em></strong></span> <span class='ocrx_word' id='word_1_347' title='bbox 1461 4519 1612 4586; x_wconf 82' lang='lat' dir='ltr'><strong>Quod</strong></span> <span class='ocrx_word' id='word_1_348' title='bbox 1643 4536 1773 4577; x_wconf 86' lang='lat' dir='ltr'><strong>vero</strong></span> <span class='ocrx_word' id='word_1_349' title='bbox 1818 4523 1885 4576; x_wconf 77' lang='lat' dir='ltr'><strong>al)</strong></span> <span class='ocrx_word' id='word_1_350' title='bbox 1923 4522 2118 4592; x_wconf 70' lang='lat' dir='ltr'><strong>angulo</strong></span> 
     </span>
    </p>
   </div>
   <div class='ocr_carea' id='block_1_48' title="bbox 541 4595 2193 4692">
    <p class='ocr_par' dir='ltr' id='par_1_48' title="bbox 541 4595 2193 4692">
     <span class='ocr_line' id='line_1_48' title="bbox 541 4595 2193 4692; baseline 0.012 -44"><span class='ocrx_word' id='word_1_351' title='bbox 541 4595 760 4664; x_wconf 87' lang='lat' dir='ltr'><strong>sinistro</strong></span> <span class='ocrx_word' id='word_1_352' title='bbox 785 4602 1030 4681; x_wconf 79' lang='lat' dir='ltr'><strong>orientali</strong></span> <span class='ocrx_word' id='word_1_353' title='bbox 1065 4607 1302 4663; x_wconf 89' lang='lat' dir='ltr'><strong>scribere</strong></span> <span class='ocrx_word' id='word_1_354' title='bbox 1351 4610 1536 4679; x_wconf 90' lang='lat' dir='ltr'><strong>incipit</strong></span> <span class='ocrx_word' id='word_1_355' title='bbox 1579 4628 1747 4681; x_wconf 87' lang='lat' dir='ltr'><strong>usque</strong></span> <span class='ocrx_word' id='word_1_356' title='bbox 1775 4614 1828 4666; x_wconf 94' lang='lat' dir='ltr'><strong>in</strong></span> <span class='ocrx_word' id='word_1_357' title='bbox 1861 4613 2110 4683; x_wconf 85' lang='lat' dir='ltr'><strong>angulum</strong></span> <span class='ocrx_word' id='word_1_358' title='bbox 2137 4629 2193 4692; x_wconf 75' lang='grc' dir='ltr'><strong>ι)</strong></span> 
     </span>
    </p>
   </div>
   <div class='ocr_carea' id='block_1_49' title="bbox 541 4676 2119 4773">
    <p class='ocr_par' dir='ltr' id='par_1_49' title="bbox 541 4676 2119 4773">
     <span class='ocr_line' id='line_1_49' title="bbox 541 4676 2119 4773; baseline 0.011 -33"><span class='ocrx_word' id='word_1_359' title='bbox 541 4676 953 4757; x_wconf 85' lang='lat' dir='ltr'><strong>occidentalem,</strong></span> <span class='ocrx_word' id='word_1_360' title='bbox 998 4698 1224 4767; x_wconf 84' lang='lat' dir='ltr'><strong>angulus</strong></span> <span class='ocrx_word' id='word_1_361' title='bbox 1256 4700 1474 4754; x_wconf 87' lang='lat' dir='ltr'><strong>sinister</strong></span> <span class='ocrx_word' id='word_1_362' title='bbox 1506 4699 1762 4758; x_wconf 86' lang='lat' dir='ltr'><strong>Judaicus</strong></span> <span class='ocrx_word' id='word_1_363' title='bbox 1801 4704 2119 4773; x_wconf 87' lang='lat' dir='ltr'><strong>intelligitur</strong></span> 
     </span>
    </p>
   </div>
   <div class='ocr_carea' id='block_1_50' title="bbox 511 4779 2116 4864">
    <p class='ocr_par' dir='ltr' id='par_1_50' title="bbox 511 4779 2116 4864">
     <span class='ocr_line' id='line_1_50' title="bbox 511 4779 2116 4864; baseline 0.014 -37"><span class='ocrx_word' id='word_1_364' title='bbox 511 4779 787 4852; x_wconf 85' lang='lat' dir='ltr'><strong>populus.</strong></span> <span class='ocrx_word' id='word_1_365' title='bbox 815 4782 966 4841; x_wconf 87' lang='lat' dir='ltr'><strong>Unde</strong></span> <span class='ocrx_word' id='word_1_366' title='bbox 1005 4787 1172 4842; x_wconf 88' lang='lat' dir='ltr'><strong>isdem</strong></span> <span class='ocrx_word' id='word_1_367' title='bbox 1204 4790 1427 4859; x_wconf 82' lang='lat' dir='ltr'><strong>angulus</strong></span> <span class='ocrx_word' id='word_1_368' title='bbox 1472 4793 1752 4850; x_wconf 85' lang='lat' dir='ltr'><strong>orientalis</strong></span> <span class='ocrx_word' id='word_1_369' title='bbox 1794 4802 1967 4849; x_wconf 83' lang='lat' dir='ltr'><strong>estex</strong></span> <span class='ocrx_word' id='word_1_370' title='bbox 2009 4809 2116 4864; x_wconf 89' lang='lat' dir='ltr'><strong>quo</strong></span> 
     </span>
    </p>
   </div>
   <div class='ocr_carea' id='block_1_51' title="bbox 505 4871 2112 4954">
    <p class='ocr_par' dir='ltr' id='par_1_51' title="bbox 505 4871 2112 4954">
     <span class='ocr_line' id='line_1_51' title="bbox 505 4871 2112 4954; baseline 0.013 -36"><span class='ocrx_word' id='word_1_371' title='bbox 505 4871 692 4922; x_wconf 78' lang='lat' dir='ltr'><strong>“ortus</strong></span> <span class='ocrx_word' id='word_1_372' title='bbox 720 4880 803 4924; x_wconf 88' lang='lat' dir='ltr'><strong>est</strong></span> <span class='ocrx_word' id='word_1_373' title='bbox 832 4871 1111 4948; x_wconf 85' lang='lat' dir='ltr'><strong>Dominus.</strong></span> <span class='ocrx_word' id='word_1_374' title='bbox 1132 4871 1394 4934; x_wconf 87' lang='lat' dir='ltr'><strong>Pervenit</strong></span> <span class='ocrx_word' id='word_1_375' title='bbox 1437 4891 1615 4938; x_wconf 89' lang='lat' dir='ltr'><strong>autem</strong></span> <span class='ocrx_word' id='word_1_376' title='bbox 1660 4900 1830 4953; x_wconf 89' lang='lat' dir='ltr'><strong>usque</strong></span> <span class='ocrx_word' id='word_1_377' title='bbox 1860 4885 1911 4938; x_wconf 92' lang='lat' dir='ltr'><strong>in</strong></span> <span class='ocrx_word' id='word_1_378' title='bbox 1943 4901 2112 4954; x_wconf 89' lang='lat' dir='ltr'><strong>angu-</strong></span> 
     </span>
    </p>
   </div>
   <div class='ocr_carea' id='block_1_52' title="bbox 540 4957 2115 5046">
    <p class='ocr_par' dir='ltr' id='par_1_52' title="bbox 540 4957 2115 5046">
     <span class='ocr_line' id='line_1_52' title="bbox 540 4957 2115 5046; baseline 0.013 -37"><span class='ocrx_word' id='word_1_379' title='bbox 540 4957 650 5012; x_wconf 92' lang='lat' dir='ltr'><strong>lum</strong></span> <span class='ocrx_word' id='word_1_380' title='bbox 681 4961 1071 5018; x_wconf 83' lang='lat' dir='ltr'><strong>occidentalem</strong></span> <span class='ocrx_word' id='word_1_381' title='bbox 1097 4968 1339 5037; x_wconf 82' lang='lat' dir='ltr'><strong>pontifex</strong></span> <span class='ocrx_word' id='word_1_382' title='bbox 1367 4973 1669 5037; x_wconf 82' lang='lat' dir='ltr'><strong>scribendo,</strong></span> <span class='ocrx_word' id='word_1_383' title='bbox 1702 4975 1825 5046; x_wconf 84' lang='lat' dir='ltr'><strong>quia</strong></span> <span class='ocrx_word' id='word_1_384' title='bbox 1851 4988 1972 5028; x_wconf 90' lang='lat' dir='ltr'><strong>cum</strong></span> <span class='ocrx_word' id='word_1_385' title='bbox 2011 4974 2115 5029; x_wconf 82' lang='lat' dir='ltr'><strong>Du-</strong></span> 
     </span>
    </p>
   </div>
   <div class='ocr_carea' id='block_1_53' title="bbox 514 5043 2112 5133">
    <p class='ocr_par' dir='ltr' id='par_1_53' title="bbox 514 5043 2112 5133">
     <span class='ocr_line' id='line_1_53' title="bbox 514 5043 2112 5133; baseline 0.012 -32"><span class='ocrx_word' id='word_1_386' title='bbox 514 5043 516 5046; x_wconf 64' lang='grc'><em>’</em></span> <span class='ocrx_word' id='word_1_387' title='bbox 540 5049 717 5105; x_wconf 89' lang='lat' dir='ltr'><strong>minus</strong></span> <span class='ocrx_word' id='word_1_388' title='bbox 744 5061 929 5107; x_wconf 90' lang='lat' dir='ltr'><strong>noster</strong></span> <span class='ocrx_word' id='word_1_389' title='bbox 953 5069 982 5107; x_wconf 90' lang='lat' dir='ltr'><strong>a</strong></span> <span class='ocrx_word' id='word_1_390' title='bbox 1011 5052 1210 5111; x_wconf 74' lang='lat' dir='ltr'><strong>Judzeis</strong></span> <span class='ocrx_word' id='word_1_391' title='bbox 1239 5069 1392 5114; x_wconf 88' lang='lat' dir='ltr'><strong>ortus</strong></span> <span class='ocrx_word' id='word_1_392' title='bbox 1412 5049 1516 5124; x_wconf 66' lang='lat' dir='ltr'><strong>sit,</strong></span> <span class='ocrx_word' id='word_1_393' title='bbox 1540 5077 1684 5115; x_wconf 89' lang='lat' dir='ltr'><strong>mors</strong></span> <span class='ocrx_word' id='word_1_394' title='bbox 1715 5043 1891 5116; x_wconf 86' lang='lat' dir='ltr'><strong>tamen</strong></span> <span class='ocrx_word' id='word_1_395' title='bbox 1936 5063 2052 5133; x_wconf 87' lang='lat' dir='ltr'><strong>ejus</strong></span> <span class='ocrx_word' id='word_1_396' title='bbox 2082 5081 2112 5120; x_wconf 88' lang='lat' dir='ltr'><strong>a</strong></span> 
     </span>
    </p>
   </div>
   <div class='ocr_carea' id='block_1_54' title="bbox 538 5134 2110 5221">
    <p class='ocr_par' dir='ltr' id='par_1_54' title="bbox 538 5134 2110 5221">
     <span class='ocr_line' id='line_1_54' title="bbox 538 5134 2110 5221; baseline 0.01 -27"><span class='ocrx_word' id='word_1_397' title='bbox 538 5141 788 5210; x_wconf 81' lang='lat' dir='ltr'><strong>gentibus</strong></span> <span class='ocrx_word' id='word_1_398' title='bbox 814 5155 898 5199; x_wconf 90' lang='lat' dir='ltr'><strong>est</strong></span> <span class='ocrx_word' id='word_1_399' title='bbox 926 5155 1194 5216; x_wconf 88' lang='lat' dir='ltr'><strong>suscepta.</strong></span> <span class='ocrx_word' id='word_1_400' title='bbox 1234 5134 1358 5202; x_wconf 86' lang='lat' dir='ltr'><strong>Sive</strong></span> <span class='ocrx_word' id='word_1_401' title='bbox 1400 5145 1624 5221; x_wconf 85' lang='lat' dir='ltr'><strong>angulus</strong></span> <span class='ocrx_word' id='word_1_402' title='bbox 1652 5153 1932 5208; x_wconf 86' lang='lat' dir='ltr'><strong>orientalis</strong></span> <span class='ocrx_word' id='word_1_403' title='bbox 1969 5155 2110 5209; x_wconf 90' lang='lat' dir='ltr'><strong>nati-</strong></span> 
     </span>
    </p>
   </div>
   <div class='ocr_carea' id='block_1_55' title="bbox 509 5231 2108 5312">
    <p class='ocr_par' dir='ltr' id='par_1_55' title="bbox 509 5231 2108 5312">
     <span class='ocr_line' id='line_1_55' title="bbox 509 5231 2108 5312; baseline 0.009 -29"><span class='ocrx_word' id='word_1_404' title='bbox 509 5231 699 5298; x_wconf 67' lang='lat' dir='ltr'><strong>~vitas,</strong></span> <span class='ocrx_word' id='word_1_405' title='bbox 739 5236 1090 5292; x_wconf 87' lang='lat' dir='ltr'><strong>occidentalis</strong></span> <span class='ocrx_word' id='word_1_406' title='bbox 1117 5241 1362 5293; x_wconf 87' lang='lat' dir='ltr'><strong>ascensio</strong></span> <span class='ocrx_word' id='word_1_407' title='bbox 1413 5239 1464 5294; x_wconf 91' lang='lat' dir='ltr'><strong>in</strong></span> <span class='ocrx_word' id='word_1_408' title='bbox 1513 5258 1612 5312; x_wconf 87' lang='lat' dir='ltr'><strong>qua</strong></span> <span class='ocrx_word' id='word_1_409' title='bbox 1653 5243 1868 5307; x_wconf 83' lang='lat' dir='ltr'><strong>occidit,</strong></span> <span class='ocrx_word' id='word_1_410' title='bbox 1908 5243 1967 5310; x_wconf 86' lang='lat' dir='ltr'><strong>id</strong></span> <span class='ocrx_word' id='word_1_411' title='bbox 2007 5253 2108 5308; x_wconf 90' lang='lat' dir='ltr'><strong>est,</strong></span> 
     </span>
    </p>
   </div>
   <div class='ocr_carea' id='block_1_56' title="bbox 535 5315 2112 5398">
    <p class='ocr_par' dir='ltr' id='par_1_56' title="bbox 535 5315 2112 5398">
     <span class='ocr_line' id='line_1_56' title="bbox 535 5315 2112 5398; baseline 0.007 -21"><span class='ocrx_word' id='word_1_412' title='bbox 535 5329 721 5392; x_wconf 89' lang='lat' dir='ltr'><strong>postea</strong></span> <span class='ocrx_word' id='word_1_413' title='bbox 742 5325 896 5382; x_wconf 90' lang='lat' dir='ltr'><strong>nobis</strong></span> <span class='ocrx_word' id='word_1_414' title='bbox 920 5343 1025 5382; x_wconf 91' lang='lat' dir='ltr'><strong>non</strong></span> <span class='ocrx_word' id='word_1_415' title='bbox 1055 5329 1321 5398; x_wconf 87' lang='lat' dir='ltr'><strong>apparuit.</strong></span> <span class='ocrx_word' id='word_1_416' title='bbox 1345 5315 1545 5385; x_wconf 79' lang='lat' dir='ltr'><strong>Scribit</strong></span> <span class='ocrx_word' id='word_1_417' title='bbox 1574 5323 1714 5387; x_wconf 87' lang='lat' dir='ltr'><strong>enim</strong></span> <span class='ocrx_word' id='word_1_418' title='bbox 1735 5331 1909 5388; x_wconf 88' lang='lat' dir='ltr'><strong>Lucas</strong></span> <span class='ocrx_word' id='word_1_419' title='bbox 1931 5335 1996 5388; x_wconf 88' lang='lat' dir='ltr'><strong>ah</strong></span> <span class='ocrx_word' id='word_1_420' title='bbox 2019 5350 2112 5388; x_wconf 87' lang='lat' dir='ltr'><strong>an-</strong></span> 
     </span>
    </p>
   </div>
   <div class='ocr_carea' id='block_1_57' title="bbox 536 5414 2112 5492">
    <p class='ocr_par' dir='ltr' id='par_1_57' title="bbox 536 5414 2112 5492">
     <span class='ocr_line' id='line_1_57' title="bbox 536 5414 2112 5492; baseline 0.006 -24"><span class='ocrx_word' id='word_1_421' title='bbox 536 5414 660 5485; x_wconf 90' lang='lat' dir='ltr'><strong>gulo</strong></span> <span class='ocrx_word' id='word_1_422' title='bbox 681 5416 928 5472; x_wconf 77' lang='lat' dir='ltr'><strong>orientali</strong></span> <span class='ocrx_word' id='word_1_423' title='bbox 965 5417 1185 5475; x_wconf 82' lang='lat' dir='ltr'><strong>sinistro</strong></span> <span class='ocrx_word' id='word_1_424' title='bbox 1224 5435 1390 5490; x_wconf 91' lang='lat' dir='ltr'><strong>usque</strong></span> <span class='ocrx_word' id='word_1_425' title='bbox 1434 5417 1487 5474; x_wconf 91' lang='lat' dir='ltr'><strong>in</strong></span> <span class='ocrx_word' id='word_1_426' title='bbox 1527 5421 1774 5492; x_wconf 88' lang='lat' dir='ltr'><strong>angulum</strong></span> <span class='ocrx_word' id='word_1_427' title='bbox 1807 5424 2112 5479; x_wconf 87' lang='lat' dir='ltr'><strong>occidenta-</strong></span> 
     </span>
    </p>
   </div>
   <div class='ocr_carea' id='block_1_58' title="bbox 537 5507 2110 5583">
    <p class='ocr_par' dir='ltr' id='par_1_58' title="bbox 537 5507 2110 5583">
     <span class='ocr_line' id='line_1_58' title="bbox 537 5507 2110 5583; baseline 0.006 -23"><span class='ocrx_word' id='word_1_428' title='bbox 537 5507 639 5562; x_wconf 87' lang='lat' dir='ltr'><strong>lem</strong></span> <span class='ocrx_word' id='word_1_429' title='bbox 675 5511 948 5578; x_wconf 78' lang='lat' dir='ltr'><strong>dextrum,</strong></span> <span class='ocrx_word' id='word_1_430' title='bbox 994 5515 1210 5581; x_wconf 85' lang='lat' dir='ltr'><strong>quando</strong></span> <span class='ocrx_word' id='word_1_431' title='bbox 1253 5514 1486 5583; x_wconf 90' lang='lat' dir='ltr'><strong>primum</strong></span> <span class='ocrx_word' id='word_1_432' title='bbox 1523 5507 1842 5570; x_wconf 88' lang='lat' dir='ltr'><strong>sermonem</strong></span> <span class='ocrx_word' id='word_1_433' title='bbox 1874 5513 2002 5570; x_wconf 89' lang='lat' dir='ltr'><strong>fecit</strong></span> <span class='ocrx_word' id='word_1_434' title='bbox 2044 5517 2110 5570; x_wconf 82' lang='lat' dir='ltr'><strong>de</strong></span> 
     </span>
    </p>
   </div>
   <div class='ocr_carea' id='block_1_59' title="bbox 533 5602 2106 5676">
    <p class='ocr_par' dir='ltr' id='par_1_59' title="bbox 533 5602 2106 5676">
     <span class='ocr_line' id='line_1_59' title="bbox 533 5602 2106 5676; baseline 0.004 -21"><span class='ocrx_word' id='word_1_435' title='bbox 533 5602 783 5659; x_wconf 89' lang='lat' dir='ltr'><strong>omnibus</strong></span> <span class='ocrx_word' id='word_1_436' title='bbox 811 5621 930 5674; x_wconf 68' lang='lat' dir='ltr'><strong>qua:</strong></span> <span class='ocrx_word' id='word_1_437' title='bbox 959 5605 1122 5674; x_wconf 81' lang='lat' dir='ltr'><strong>coepit</strong></span> <span class='ocrx_word' id='word_1_438' title='bbox 1145 5603 1301 5660; x_wconf 80' lang='lat' dir='ltr'><strong>Jesus</strong></span> <span class='ocrx_word' id='word_1_439' title='bbox 1350 5605 1526 5660; x_wconf 86' lang='lat' dir='ltr'><strong>facere</strong></span> <span class='ocrx_word' id='word_1_440' title='bbox 1551 5616 1605 5661; x_wconf 90' lang='lat' dir='ltr'><strong>et</strong></span> <span class='ocrx_word' id='word_1_441' title='bbox 1629 5607 1820 5662; x_wconf 89' lang='lat' dir='ltr'><strong>docere</strong></span> <span class='ocrx_word' id='word_1_442' title='bbox 1857 5622 2024 5676; x_wconf 89' lang='lat' dir='ltr'><strong>usque</strong></span> <span class='ocrx_word' id='word_1_443' title='bbox 2056 5609 2106 5662; x_wconf 94' lang='lat' dir='ltr'><strong>in</strong></span> 
     </span>
    </p>
   </div>
   <div class='ocr_carea' id='block_1_60' title="bbox 522 5687 2104 5767">
    <p class='ocr_par' dir='ltr' id='par_1_60' title="bbox 522 5687 2104 5767">
     <span class='ocr_line' id='line_1_60' title="bbox 522 5687 2104 5767; baseline 0.003 -21"><span class='ocrx_word' id='word_1_444' title='bbox 522 5687 677 5747; x_wconf 60' lang='lat' dir='ltr'><strong>&#39;diem</strong></span> <span class='ocrx_word' id='word_1_445' title='bbox 694 5709 797 5763; x_wconf 87' lang='lat' dir='ltr'><strong>qua</strong></span> <span class='ocrx_word' id='word_1_446' title='bbox 824 5694 1138 5765; x_wconf 70' lang='lat' dir='ltr'><strong>praecipiens</strong></span> <span class='ocrx_word' id='word_1_447' title='bbox 1163 5695 1417 5766; x_wconf 90' lang='lat' dir='ltr'><strong>apostolis</strong></span> <span class='ocrx_word' id='word_1_448' title='bbox 1441 5713 1537 5766; x_wconf 87' lang='lat' dir='ltr'><strong>per</strong></span> <span class='ocrx_word' id='word_1_449' title='bbox 1554 5696 1812 5767; x_wconf 87' lang='lat' dir='ltr'><strong>Spiritum</strong></span> <span class='ocrx_word' id='word_1_450' title='bbox 1837 5705 2104 5764; x_wconf 88' lang='lat' dir='ltr'><strong>sanctum,</strong></span> 
     </span>
    </p>
   </div>
   <div class='ocr_carea' id='block_1_61' title="bbox 521 5776 2102 5856">
    <p class='ocr_par' dir='ltr' id='par_1_61' title="bbox 521 5776 2102 5856">
     <span class='ocr_line' id='line_1_61' title="bbox 521 5776 2102 5856; baseline 0.004 -20"><span class='ocrx_word' id='word_1_451' title='bbox 521 5776 669 5853; x_wconf 80' lang='lat' dir='ltr'><strong>‘quos</strong></span> <span class='ocrx_word' id='word_1_452' title='bbox 695 5783 876 5852; x_wconf 87' lang='lat' dir='ltr'><strong>elegit,</strong></span> <span class='ocrx_word' id='word_1_453' title='bbox 925 5796 1231 5856; x_wconf 87' lang='lat' dir='ltr'><strong>assumptus</strong></span> <span class='ocrx_word' id='word_1_454' title='bbox 1260 5797 1360 5842; x_wconf 90' lang='lat' dir='ltr'><strong>est.</strong></span> <span class='ocrx_word' id='word_1_455' title='bbox 1407 5786 1510 5841; x_wconf 85' lang='lat' dir='ltr'><strong>Sed</strong></span> <span class='ocrx_word' id='word_1_456' title='bbox 1538 5801 1656 5842; x_wconf 89' lang='lat' dir='ltr'><strong>cum</strong></span> <span class='ocrx_word' id='word_1_457' title='bbox 1707 5803 1893 5842; x_wconf 90' lang='lat' dir='ltr'><strong>versus</strong></span> <span class='ocrx_word' id='word_1_458' title='bbox 1935 5779 2102 5842; x_wconf 87' lang='lat' dir='ltr'><strong>isdem</strong></span> 
     </span>
    </p>
   </div>
   <div class='ocr_carea' id='block_1_62' title="bbox 2227 672 3812 754">
    <p class='ocr_par' dir='ltr' id='par_1_62' title="bbox 2227 672 3812 754">
     <span class='ocr_line' id='line_1_62' title="bbox 2227 672 3812 754; baseline 0.019 -31"><span class='ocrx_word' id='word_1_459' title='bbox 2227 686 2346 724; x_wconf 92' lang='lat' dir='ltr'><strong>cum</strong></span> <span class='ocrx_word' id='word_1_460' title='bbox 2398 672 2669 742; x_wconf 85' lang='lat' dir='ltr'><strong>plenitudo</strong></span> <span class='ocrx_word' id='word_1_461' title='bbox 2694 677 2930 745; x_wconf 82' lang='lat' dir='ltr'><strong>gentium</strong></span> <span class='ocrx_word' id='word_1_462' title='bbox 2960 679 3232 737; x_wconf 87' lang='lat' dir='ltr'><strong>introierit</strong></span> <span class='ocrx_word' id='word_1_463' title='bbox 3264 692 3389 754; x_wconf 85' lang='lat' dir='ltr'><strong>tunc</strong></span> <span class='ocrx_word' id='word_1_464' title='bbox 3419 689 3595 745; x_wconf 78' lang='lat' dir='ltr'><strong>cuiuis</strong></span> <span class='ocrx_word' id='word_1_465' title='bbox 3639 691 3812 751; x_wconf 81' lang='lat' dir='ltr'><strong>lsrael</strong></span> 
     </span>
    </p>
   </div>
   <div class='ocr_carea' id='block_1_63' title="bbox 2224 763 3816 852">
    <p class='ocr_par' dir='ltr' id='par_1_63' title="bbox 2224 763 3816 852">
     <span class='ocr_line' id='line_1_63' title="bbox 2224 763 3816 852; baseline 0.017 -34"><span class='ocrx_word' id='word_1_466' title='bbox 2224 763 2403 819; x_wconf 88' lang='lat' dir='ltr'><strong>salvus</strong></span> <span class='ocrx_word' id='word_1_467' title='bbox 2441 766 2552 821; x_wconf 84' lang='lat' dir='ltr'><strong>ﬁet.</strong></span> <span class='ocrx_word' id='word_1_468' title='bbox 2583 765 2877 841; x_wconf 89' lang='lat' dir='ltr'><strong>Utriusque</strong></span> <span class='ocrx_word' id='word_1_469' title='bbox 2919 787 3047 846; x_wconf 85' lang='lat' dir='ltr'><strong>ergo</strong></span> <span class='ocrx_word' id='word_1_470' title='bbox 3073 777 3252 848; x_wconf 90' lang='lat' dir='ltr'><strong>populi</strong></span> <span class='ocrx_word' id='word_1_471' title='bbox 3289 779 3671 852; x_wconf 79' lang='lat' dir='ltr'><strong>collectionem</strong></span> <span class='ocrx_word' id='word_1_472' title='bbox 3705 787 3816 845; x_wconf 86' lang='lat' dir='ltr'><strong>duo</strong></span> 
     </span>
    </p>
   </div>
   <div class='ocr_carea' id='block_1_64' title="bbox 2223 855 3812 946">
    <p class='ocr_par' dir='ltr' id='par_1_64' title="bbox 2223 855 3812 946">
     <span class='ocr_line' id='line_1_64' title="bbox 2223 855 3812 946; baseline 0.018 -40"><span class='ocrx_word' id='word_1_473' title='bbox 2223 867 2410 908; x_wconf 90' lang='lat' dir='ltr'><strong>versus</strong></span> <span class='ocrx_word' id='word_1_474' title='bbox 2453 855 2542 909; x_wconf 85' lang='lat' dir='ltr'><strong>isti</strong></span> <span class='ocrx_word' id='word_1_475' title='bbox 2574 856 2894 928; x_wconf 72' lang='lat' dir='ltr'><strong>signiﬁcant.</strong></span> <span class='ocrx_word' id='word_1_476' title='bbox 2947 862 2999 917; x_wconf 91' lang='lat' dir='ltr'><strong>in</strong></span> <span class='ocrx_word' id='word_1_477' title='bbox 3032 862 3194 920; x_wconf 88' lang='lat' dir='ltr'><strong>imam</strong></span> <span class='ocrx_word' id='word_1_478' title='bbox 3229 877 3404 925; x_wconf 89' lang='lat' dir='ltr'><strong>tamen</strong></span> <span class='ocrx_word' id='word_1_479' title='bbox 3444 875 3629 946; x_wconf 75' lang='lat' dir='ltr'><strong>crucis</strong></span> <span class='ocrx_word' id='word_1_480' title='bbox 3658 893 3812 946; x_wconf 79' lang='lat' dir='ltr'><strong>com-</strong></span> 
     </span>
    </p>
   </div>
   <div class='ocr_carea' id='block_1_65' title="bbox 2224 945 3816 1041">
    <p class='ocr_par' dir='ltr' id='par_1_65' title="bbox 2224 945 3816 1041">
     <span class='ocr_line' id='line_1_65' title="bbox 2224 945 3816 1041; baseline 0.018 -45"><span class='ocrx_word' id='word_1_481' title='bbox 2224 958 2434 1015; x_wconf 89' lang='lat' dir='ltr'><strong>pagem.</strong></span> <span class='ocrx_word' id='word_1_482' title='bbox 2467 945 2601 1002; x_wconf 85' lang='lat' dir='ltr'><strong>Hinc</strong></span> <span class='ocrx_word' id='word_1_483' title='bbox 2644 959 2724 1004; x_wconf 90' lang='lat' dir='ltr'><strong>est</strong></span> <span class='ocrx_word' id='word_1_484' title='bbox 2755 952 2894 1020; x_wconf 87' lang='lat' dir='ltr'><strong>quod</strong></span> <span class='ocrx_word' id='word_1_485' title='bbox 2937 949 3128 1022; x_wconf 86' lang='lat' dir='ltr'><strong>Jacob,</strong></span> <span class='ocrx_word' id='word_1_486' title='bbox 3163 973 3283 1014; x_wconf 91' lang='lat' dir='ltr'><strong>cum</strong></span> <span class='ocrx_word' id='word_1_487' title='bbox 3313 959 3436 1018; x_wconf 88' lang='lat' dir='ltr'><strong>ﬁliis</strong></span> <span class='ocrx_word' id='word_1_488' title='bbox 3465 945 3674 1041; x_wconf 74' lang='lat' dir='ltr'><strong>Ioseph</strong></span> <span class='ocrx_word' id='word_1_489' title='bbox 3723 968 3816 1034; x_wconf 79' lang='lat' dir='ltr'><strong>be-</strong></span> 
     </span>
    </p>
   </div>
   <div class='ocr_carea' id='block_1_66' title="bbox 2226 1038 3816 1122">
    <p class='ocr_par' dir='ltr' id='par_1_66' title="bbox 2226 1038 3816 1122">
     <span class='ocr_line' id='line_1_66' title="bbox 2226 1038 3816 1122; baseline 0.017 -33"><span class='ocrx_word' id='word_1_490' title='bbox 2226 1038 2532 1103; x_wconf 84' lang='lat' dir='ltr'><strong>nediceret,</strong></span> <span class='ocrx_word' id='word_1_491' title='bbox 2583 1042 2893 1099; x_wconf 87' lang='lat' dir='ltr'><strong>cauccllalis</strong></span> <span class='ocrx_word' id='word_1_492' title='bbox 2945 1048 3192 1105; x_wconf 87' lang='lat' dir='ltr'><strong>manibus</strong></span> <span class='ocrx_word' id='word_1_493' title='bbox 3235 1049 3460 1122; x_wconf 76' lang='lat' dir='ltr'><strong>efﬁgiem</strong></span> <span class='ocrx_word' id='word_1_494' title='bbox 3510 1038 3701 1114; x_wconf 79' lang='lat' dir='ltr'><strong>crucis</strong></span> <span class='ocrx_word' id='word_1_495' title='bbox 3736 1059 3816 1116; x_wconf 74' lang='lat' dir='ltr'><strong>fa-</strong></span> 
     </span>
    </p>
   </div>
   <div class='ocr_carea' id='block_1_67' title="bbox 2224 1127 3810 1217">
    <p class='ocr_par' dir='ltr' id='par_1_67' title="bbox 2224 1127 3810 1217">
     <span class='ocr_line' id='line_1_67' title="bbox 2224 1127 3810 1217; baseline 0.018 -38"><span class='ocrx_word' id='word_1_496' title='bbox 2224 1127 2395 1192; x_wconf 89' lang='lat' dir='ltr'><strong>ciens,</strong></span> <span class='ocrx_word' id='word_1_497' title='bbox 2413 1128 2654 1185; x_wconf 83' lang='lat' dir='ltr'><strong>dextram</strong></span> <span class='ocrx_word' id='word_1_498' title='bbox 2681 1150 2896 1189; x_wconf 91' lang='lat' dir='ltr'><strong>manum</strong></span> <span class='ocrx_word' id='word_1_499' title='bbox 2922 1154 3082 1207; x_wconf 88' lang='lat' dir='ltr'><strong>super</strong></span> <span class='ocrx_word' id='word_1_500' title='bbox 3096 1141 3528 1212; x_wconf 76' lang='lat' dir='ltr'><strong>caputEphraim</strong></span> <span class='ocrx_word' id='word_1_501' title='bbox 3541 1127 3810 1217; x_wconf 81' lang='lat' dir='ltr'><strong>minoris,</strong></span> 
     </span>
    </p>
   </div>
   <div class='ocr_carea' id='block_1_68' title="bbox 2215 1218 3809 1310">
    <p class='ocr_par' dir='ltr' id='par_1_68' title="bbox 2215 1218 3809 1310">
     <span class='ocr_line' id='line_1_68' title="bbox 2215 1218 3809 1310; baseline 0.017 -39"><span class='ocrx_word' id='word_1_502' title='bbox 2215 1218 2517 1274; x_wconf 45' lang='lat' dir='ltr'><strong>“sinistram</strong></span> <span class='ocrx_word' id='word_1_503' title='bbox 2549 1232 2724 1277; x_wconf 77' lang='lat' dir='ltr'><strong>autem</strong></span> <span class='ocrx_word' id='word_1_504' title='bbox 2773 1241 2934 1296; x_wconf 87' lang='lat' dir='ltr'><strong>super</strong></span> <span class='ocrx_word' id='word_1_505' title='bbox 2958 1239 3116 1300; x_wconf 90' lang='lat' dir='ltr'><strong>caput</strong></span> <span class='ocrx_word' id='word_1_506' title='bbox 3154 1230 3400 1292; x_wconf 80' lang='lat' dir='ltr'><strong>Manasse</strong></span> <span class='ocrx_word' id='word_1_507' title='bbox 3430 1235 3662 1305; x_wconf 84' lang='lat' dir='ltr'><strong>majoris</strong></span> <span class='ocrx_word' id='word_1_508' title='bbox 3711 1257 3809 1310; x_wconf 88' lang='lat' dir='ltr'><strong>po-</strong></span> 
     </span>
    </p>
   </div>
   <div class='ocr_carea' id='block_1_69' title="bbox 2225 1310 3812 1400">
    <p class='ocr_par' dir='ltr' id='par_1_69' title="bbox 2225 1310 3812 1400">
     <span class='ocr_line' id='line_1_69' title="bbox 2225 1310 3812 1400; baseline 0.018 -35"><span class='ocrx_word' id='word_1_509' title='bbox 2225 1310 2350 1376; x_wconf 77' lang='lat' dir='ltr'><strong>suit,</strong></span> <span class='ocrx_word' id='word_1_510' title='bbox 2377 1313 2688 1384; x_wconf 80' lang='lat' dir='ltr'><strong>signiﬁcans</strong></span> <span class='ocrx_word' id='word_1_511' title='bbox 2712 1320 2835 1388; x_wconf 86' lang='lat' dir='ltr'><strong>quia</strong></span> <span class='ocrx_word' id='word_1_512' title='bbox 2858 1324 3086 1396; x_wconf 91' lang='lat' dir='ltr'><strong>populus</strong></span> <span class='ocrx_word' id='word_1_513' title='bbox 3122 1327 3307 1383; x_wconf 78' lang='lat' dir='ltr'><strong>dexter</strong></span> <span class='ocrx_word' id='word_1_514' title='bbox 3338 1334 3613 1400; x_wconf 89' lang='lat' dir='ltr'><strong>quondam</strong></span> <span class='ocrx_word' id='word_1_515' title='bbox 3657 1337 3712 1390; x_wconf 91' lang='lat' dir='ltr'><strong>in</strong></span> <span class='ocrx_word' id='word_1_516' title='bbox 3737 1340 3812 1392; x_wconf 84' lang='lat' dir='ltr'><strong>si-</strong></span> 
     </span>
    </p>
   </div>
   <div class='ocr_carea' id='block_1_70' title="bbox 2227 1403 3814 1490">
    <p class='ocr_par' dir='ltr' id='par_1_70' title="bbox 2227 1403 3814 1490">
     <span class='ocr_line' id='line_1_70' title="bbox 2227 1403 3814 1490; baseline 0.018 -35"><span class='ocrx_word' id='word_1_517' title='bbox 2227 1403 2455 1458; x_wconf 88' lang='lat' dir='ltr'><strong>nistrum</strong></span> <span class='ocrx_word' id='word_1_518' title='bbox 2509 1417 2852 1490; x_wconf 82' lang='lat' dir='ltr'><strong>verteretur,</strong></span> <span class='ocrx_word' id='word_1_519' title='bbox 2905 1413 3228 1487; x_wconf 88' lang='lat' dir='ltr'><strong>sinistcrquc</strong></span> <span class='ocrx_word' id='word_1_520' title='bbox 3276 1419 3329 1474; x_wconf 91' lang='lat' dir='ltr'><strong>in</strong></span> <span class='ocrx_word' id='word_1_521' title='bbox 3377 1422 3654 1480; x_wconf 80' lang='lat' dir='ltr'><strong>dextrum.</strong></span> <span class='ocrx_word' id='word_1_522' title='bbox 3710 1427 3814 1483; x_wconf 85' lang='lat' dir='ltr'><strong>Sed</strong></span> 
     </span>
    </p>
   </div>
   <div class='ocr_carea' id='block_1_71' title="bbox 2224 1489 3812 1584">
    <p class='ocr_par' dir='ltr' id='par_1_71' title="bbox 2224 1489 3812 1584">
     <span class='ocr_line' id='line_1_71' title="bbox 2224 1489 3812 1584; baseline 0.018 -38"><span class='ocrx_word' id='word_1_523' title='bbox 2224 1503 2399 1562; x_wconf 85' lang='lat' dir='ltr'><strong>neque</strong></span> <span class='ocrx_word' id='word_1_524' title='bbox 2429 1495 2495 1549; x_wconf 86' lang='lat' dir='ltr'><strong>ab</strong></span> <span class='ocrx_word' id='word_1_525' title='bbox 2524 1511 2583 1551; x_wconf 87' lang='lat' dir='ltr'><strong>re</strong></span> <span class='ocrx_word' id='word_1_526' title='bbox 2626 1489 2803 1570; x_wconf 85' lang='lat' dir='ltr'><strong>agitur</strong></span> <span class='ocrx_word' id='word_1_527' title='bbox 2841 1510 2898 1580; x_wconf 85' lang='lat' dir='ltr'><strong>ut</strong></span> <span class='ocrx_word' id='word_1_528' title='bbox 2924 1504 3061 1558; x_wconf 89' lang='lat' dir='ltr'><strong>idem</strong></span> <span class='ocrx_word' id='word_1_529' title='bbox 3089 1509 3240 1562; x_wconf 76' lang='lat' dir='ltr'><strong>,ordo</strong></span> <span class='ocrx_word' id='word_1_530' title='bbox 3277 1508 3358 1564; x_wconf 88' lang='lat' dir='ltr'><strong>vel</strong></span> <span class='ocrx_word' id='word_1_531' title='bbox 3391 1513 3664 1584; x_wconf 89' lang='lat' dir='ltr'><strong>scriptura</strong></span> <span class='ocrx_word' id='word_1_532' title='bbox 3693 1533 3812 1573; x_wconf 88' lang='lat' dir='ltr'><strong>cum</strong></span> 
     </span>
    </p>
   </div>
   <div class='ocr_carea' id='block_1_72' title="bbox 2223 1585 3814 1681">
    <p class='ocr_par' dir='ltr' id='par_1_72' title="bbox 2223 1585 3814 1681">
     <span class='ocr_line' id='line_1_72' title="bbox 2223 1585 3814 1681; baseline 0.018 -43"><span class='ocrx_word' id='word_1_533' title='bbox 2223 1585 2372 1655; x_wconf 85' lang='lat' dir='ltr'><strong>virga</strong></span> <span class='ocrx_word' id='word_1_534' title='bbox 2396 1591 2710 1646; x_wconf 79' lang='lat' dir='ltr'><strong>sacerdotali</strong></span> <span class='ocrx_word' id='word_1_535' title='bbox 2737 1604 3042 1667; x_wconf 83' lang='lat' dir='ltr'><strong>peragatur.</strong></span> <span class='ocrx_word' id='word_1_536' title='bbox 3071 1597 3530 1661; x_wconf 74' lang='lat' dir='ltr'><strong>Praemonstratur</strong></span> <span class='ocrx_word' id='word_1_537' title='bbox 3572 1625 3814 1681; x_wconf 86' lang='lat' dir='ltr'><strong>namque</strong></span> 
     </span>
    </p>
   </div>
   <div class='ocr_carea' id='block_1_73' title="bbox 2183 1678 3815 1766">
    <p class='ocr_par' dir='ltr' id='par_1_73' title="bbox 2183 1678 3815 1766">
     <span class='ocr_line' id='line_1_73' title="bbox 2183 1678 3815 1766; baseline 0.018 -38"><span class='ocrx_word' id='word_1_538' title='bbox 2183 1697 2186 1702; x_wconf 87' lang='grc'>·</span> <span class='ocrx_word' id='word_1_539' title='bbox 2226 1678 2350 1746; x_wconf 88' lang='lat' dir='ltr'><strong>quia</strong></span> <span class='ocrx_word' id='word_1_540' title='bbox 2377 1681 2562 1734; x_wconf 80' lang='lat' dir='ltr'><strong>eadem</strong></span> <span class='ocrx_word' id='word_1_541' title='bbox 2608 1687 2932 1751; x_wconf 86' lang='lat' dir='ltr'><strong>pernmlatio</strong></span> <span class='ocrx_word' id='word_1_542' title='bbox 2970 1704 3088 1758; x_wconf 80' lang='lat' dir='ltr'><strong>quae</strong></span> <span class='ocrx_word' id='word_1_543' title='bbox 3116 1707 3144 1744; x_wconf 88' lang='lat' dir='ltr'><strong>a</strong></span> <span class='ocrx_word' id='word_1_544' title='bbox 3175 1687 3374 1748; x_wconf 84' lang='lat' dir='ltr'><strong>Judaeis</strong></span> <span class='ocrx_word' id='word_1_545' title='bbox 3405 1698 3469 1751; x_wconf 87' lang='lat' dir='ltr'><strong>ad</strong></span> <span class='ocrx_word' id='word_1_546' title='bbox 3499 1689 3697 1766; x_wconf 78' lang='lat' dir='ltr'><strong>gentes</strong></span> <span class='ocrx_word' id='word_1_547' title='bbox 3727 1678 3815 1756; x_wconf 73' lang='lat' dir='ltr'><strong>ve-</strong></span> 
     </span>
    </p>
   </div>
   <div class='ocr_carea' id='block_1_74' title="bbox 2228 1769 3813 1856">
    <p class='ocr_par' dir='ltr' id='par_1_74' title="bbox 2228 1769 3813 1856">
     <span class='ocr_line' id='line_1_74' title="bbox 2228 1769 3813 1856; baseline 0.017 -33"><span class='ocrx_word' id='word_1_548' title='bbox 2228 1770 2425 1840; x_wconf 89' lang='lat' dir='ltr'><strong>nltpcr</strong></span> <span class='ocrx_word' id='word_1_549' title='bbox 2453 1773 2809 1830; x_wconf 82' lang='lat' dir='ltr'><strong>ministerium</strong></span> <span class='ocrx_word' id='word_1_550' title='bbox 2840 1781 3254 1847; x_wconf 66' lang='lat' dir='ltr'><strong>praedicatorum</strong></span> <span class='ocrx_word' id='word_1_551' title='bbox 3301 1769 3578 1852; x_wconf 78' lang='lat' dir='ltr'><strong>celebrata</strong></span> <span class='ocrx_word' id='word_1_552' title='bbox 3621 1779 3718 1856; x_wconf 71' lang='lat' dir='ltr'><strong>Sit,</strong></span> <span class='ocrx_word' id='word_1_553' title='bbox 3761 1805 3813 1849; x_wconf 88' lang='lat' dir='ltr'><strong>ct</strong></span> 
     </span>
    </p>
   </div>
   <div class='ocr_carea' id='block_1_75' title="bbox 2228 1863 3813 1944">
    <p class='ocr_par' dir='ltr' id='par_1_75' title="bbox 2228 1863 3813 1944">
     <span class='ocr_line' id='line_1_75' title="bbox 2228 1863 3813 1944; baseline 0.016 -30"><span class='ocrx_word' id='word_1_554' title='bbox 2228 1876 2289 1915; x_wconf 87' lang='lat' dir='ltr'><strong>ca</strong></span> <span class='ocrx_word' id='word_1_555' title='bbox 2318 1863 2491 1918; x_wconf 91' lang='lat' dir='ltr'><strong>denuo</strong></span> <span class='ocrx_word' id='word_1_556' title='bbox 2521 1869 2799 1923; x_wconf 87' lang='lat' dir='ltr'><strong>conversio</strong></span> <span class='ocrx_word' id='word_1_557' title='bbox 2819 1882 2938 1938; x_wconf 60' lang='lat' dir='ltr'><strong>quae</strong></span> <span class='ocrx_word' id='word_1_558' title='bbox 2965 1873 3018 1925; x_wconf 92' lang='lat' dir='ltr'><strong>in</strong></span> <span class='ocrx_word' id='word_1_559' title='bbox 3041 1874 3144 1928; x_wconf 87' lang='lat' dir='ltr'><strong>line</strong></span> <span class='ocrx_word' id='word_1_560' title='bbox 3173 1877 3353 1932; x_wconf 66' lang='lat' dir='ltr'><strong>scaeuli</strong></span> <span class='ocrx_word' id='word_1_561' title='bbox 3383 1887 3813 1944; x_wconf 84' lang='lat' dir='ltr'><strong>consummanda</strong></span> 
     </span>
    </p>
   </div>
   <div class='ocr_carea' id='block_1_76' title="bbox 2229 1949 3813 2046">
    <p class='ocr_par' dir='ltr' id='par_1_76' title="bbox 2229 1949 3813 2046">
     <span class='ocr_line' id='line_1_76' title="bbox 2229 1949 3813 2046; baseline 0.015 -37"><span class='ocrx_word' id='word_1_562' title='bbox 2229 1964 2312 2010; x_wconf 89' lang='lat' dir='ltr'><strong>est</strong></span> <span class='ocrx_word' id='word_1_563' title='bbox 2345 1971 2444 2028; x_wconf 89' lang='lat' dir='ltr'><strong>per</strong></span> <span class='ocrx_word' id='word_1_564' title='bbox 2485 1961 3010 2044; x_wconf 80' lang='lat' dir='ltr'><strong>epuS&#39;nibilominus</strong></span> <span class='ocrx_word' id='word_1_565' title='bbox 3040 1949 3398 2028; x_wconf 29' lang='lat' dir='ltr'><strong>sacerdotale.</strong></span> <span class='ocrx_word' id='word_1_566' title='bbox 3421 1967 3708 2046; x_wconf 85' lang='lat' dir='ltr'><strong>perﬁciat,</strong></span> <span class='ocrx_word' id='word_1_567' title='bbox 3763 1979 3813 2032; x_wconf 87' lang='lat' dir='ltr'><strong>id</strong></span> 
     </span>
    </p>
   </div>
   <div class='ocr_carea' id='block_1_77' title="bbox 2229 2038 2976 2119">
    <p class='ocr_par' dir='ltr' id='par_1_77' title="bbox 2229 2038 2976 2119">
     <span class='ocr_line' id='line_1_77' title="bbox 2229 2038 2976 2119; baseline 0.013 -18"><span class='ocrx_word' id='word_1_568' title='bbox 2229 2056 2332 2114; x_wconf 85' lang='lat' dir='ltr'><strong>est,</strong></span> <span class='ocrx_word' id='word_1_569' title='bbox 2364 2064 2460 2119; x_wconf 88' lang='lat' dir='ltr'><strong>per</strong></span> <span class='ocrx_word' id='word_1_570' title='bbox 2485 2038 2944 2119; x_wconf 61' lang='lat' dir='ltr'><strong>‘lir-iedicatimtetii.</strong></span> <span class='ocrx_word' id='word_1_571' title='bbox 2973 2076 2976 2078; x_wconf 47' lang='grc' dir='ltr'><strong>ν</strong></span> 
     </span>
    </p>
   </div>
   <div class='ocr_carea' id='block_1_78' title="bbox 2229 2136 3811 2228">
    <p class='ocr_par' dir='ltr' id='par_1_78' title="bbox 2229 2136 3811 2228">
     <span class='ocr_line' id='line_1_78' title="bbox 2229 2136 3811 2228; baseline 0.013 -34"><span class='ocrx_word' id='word_1_572' title='bbox 2229 2138 2337 2195; x_wconf 81' lang='lat' dir='ltr'><strong>Cur</strong></span> <span class='ocrx_word' id='word_1_573' title='bbox 2365 2159 2501 2215; x_wconf 82' lang='lat' dir='ltr'><strong>aqua</strong></span> <span class='ocrx_word' id='word_1_574' title='bbox 2529 2143 2631 2199; x_wconf 81' lang='lat' dir='ltr'><strong>sali</strong></span> <span class='ocrx_word' id='word_1_575' title='bbox 2661 2147 2921 2228; x_wconf 60' lang='lat' dir='ltr'><strong>cinerique</strong></span> <span class='ocrx_word' id='word_1_576' title='bbox 2956 2136 3229 2228; x_wconf 35' lang='lat' dir='ltr'><strong>miscetur;</strong></span> <span class='ocrx_word' id='word_1_577' title='bbox 3251 2163 3298 2228; x_wconf 84' lang='lat' dir='ltr'><strong>e_l</strong></span> <span class='ocrx_word' id='word_1_578' title='bbox 3323 2155 3478 2226; x_wconf 79' lang='lat' dir='ltr'><strong>super</strong></span> <span class='ocrx_word' id='word_1_579' title='bbox 3515 2155 3713 2228; x_wconf 70' lang='lat' dir='ltr'><strong>aquam</strong></span> <span class='ocrx_word' id='word_1_580' title='bbox 3750 2179 3811 2216; x_wconf 69' lang='lat' dir='ltr'><strong>ea:</strong></span> 
     </span>
    </p>
   </div>
   <div class='ocr_carea' id='block_1_79' title="bbox 2633 2216 3519 2292">
    <p class='ocr_par' dir='ltr' id='par_1_79' title="bbox 2633 2216 3519 2292">
     <span class='ocr_line' id='line_1_79' title="bbox 2633 2216 3519 2292; baseline 0.012 -22"><span class='ocrx_word' id='word_1_581' title='bbox 2633 2216 2745 2270; x_wconf 75' lang='lat' dir='ltr'><strong>sale</strong></span> <span class='ocrx_word' id='word_1_582' title='bbox 2767 2228 2815 2270; x_wconf 81' lang='lat' dir='ltr'><strong>et</strong></span> <span class='ocrx_word' id='word_1_583' title='bbox 2835 2216 3014 2274; x_wconf 73' lang='lat' dir='ltr'><strong>cinere</strong></span> <span class='ocrx_word' id='word_1_584' title='bbox 3034 2235 3165 2275; x_wconf 66' lang='lat' dir='ltr'><strong>crux</strong></span> <span class='ocrx_word' id='word_1_585' title='bbox 3191 2216 3396 2292; x_wconf 52' lang='lat' dir='ltr'><strong>ﬁgitur:</strong></span> <span class='ocrx_word' id='word_1_586' title='bbox 3438 2233 3442 2250; x_wconf 73' lang='lat'><strong><em>‘</em></strong></span> <span class='ocrx_word' id='word_1_587' title='bbox 3514 2247 3519 2252; x_wconf 77' lang='grc'><strong>-</strong></span> 
     </span>
    </p>
   </div>
   <div class='ocr_carea' id='block_1_80' title="bbox 2298 2302 3812 2381">
    <p class='ocr_par' dir='ltr' id='par_1_80' title="bbox 2298 2302 3812 2381">
     <span class='ocr_line' id='line_1_80' title="bbox 2298 2302 3812 2381; baseline 0.013 -24"><span class='ocrx_word' id='word_1_588' title='bbox 2298 2302 2424 2359; x_wconf 87' lang='lat' dir='ltr'><strong>Post</strong></span> <span class='ocrx_word' id='word_1_589' title='bbox 2453 2305 2568 2360; x_wconf 74' lang='lat' dir='ltr'><strong>haec</strong></span> <span class='ocrx_word' id='word_1_590' title='bbox 2590 2306 2654 2361; x_wconf 85' lang='lat' dir='ltr'><strong>ad</strong></span> <span class='ocrx_word' id='word_1_591' title='bbox 2675 2307 3004 2380; x_wconf 58' lang='lat' dir='ltr'><strong>allici-alam.</strong></span> <span class='ocrx_word' id='word_1_592' title='bbox 3025 2315 3278 2367; x_wconf 79' lang='lat' dir='ltr'><strong>sacerdos</strong></span> <span class='ocrx_word' id='word_1_593' title='bbox 3319 2316 3483 2381; x_wconf 80' lang='lat' dir='ltr'><strong>subit,</strong></span> <span class='ocrx_word' id='word_1_594' title='bbox 3507 2327 3642 2373; x_wconf 69' lang='lat' dir='ltr'><strong>arm</strong></span> <span class='ocrx_word' id='word_1_595' title='bbox 3687 2329 3812 2379; x_wconf 79' lang='lat' dir='ltr'><strong>ante</strong></span> 
     </span>
    </p>
   </div>
   <div class='ocr_carea' id='block_1_81' title="bbox 2231 2394 3810 2477">
    <p class='ocr_par' dir='ltr' id='par_1_81' title="bbox 2231 2394 3810 2477">
     <span class='ocr_line' id='line_1_81' title="bbox 2231 2394 3810 2477; baseline 0.015 -30"><span class='ocrx_word' id='word_1_596' title='bbox 2231 2394 2400 2457; x_wconf 83' lang='lat' dir='ltr'><strong>altare</strong></span> <span class='ocrx_word' id='word_1_597' title='bbox 2431 2406 2613 2468; x_wconf 78' lang='lat' dir='ltr'><strong>astans</strong></span> <span class='ocrx_word' id='word_1_598' title='bbox 2633 2398 2806 2464; x_wconf 80' lang='lat' dir='ltr'><strong>Deum</strong></span> <span class='ocrx_word' id='word_1_599' title='bbox 2843 2401 2894 2454; x_wconf 85' lang='lat' dir='ltr'><strong>in</strong></span> <span class='ocrx_word' id='word_1_600' title='bbox 2921 2400 3221 2471; x_wconf 75' lang='lat' dir='ltr'><strong>adiutorem</strong></span> <span class='ocrx_word' id='word_1_601' title='bbox 3251 2397 3639 2477; x_wconf 68' lang='lat' dir='ltr'><strong>sibi&#39;~invocat,?</strong></span> <span class='ocrx_word' id='word_1_602' title='bbox 3670 2406 3810 2470; x_wconf 65' lang='lat' dir='ltr'><strong>v‘clut</strong></span> 
     </span>
    </p>
   </div>
   <div class='ocr_carea' id='block_1_82' title="bbox 2227 2488 3811 2575">
    <p class='ocr_par' dir='ltr' id='par_1_82' title="bbox 2227 2488 3811 2575">
     <span class='ocr_line' id='line_1_82' title="bbox 2227 2488 3811 2575; baseline 0.013 -36"><span class='ocrx_word' id='word_1_603' title='bbox 2227 2488 2318 2555; x_wconf 94' lang='lat' dir='ltr'><strong>qui</strong></span> <span class='ocrx_word' id='word_1_604' title='bbox 2347 2497 2475 2544; x_wconf 89' lang='lat' dir='ltr'><strong>tunc</strong></span> <span class='ocrx_word' id='word_1_605' title='bbox 2497 2490 2712 2546; x_wconf 78' lang='lat' dir='ltr'><strong>inchoet</strong></span> <span class='ocrx_word' id='word_1_606' title='bbox 2732 2495 2966 2561; x_wconf 86' lang='lat' dir='ltr'><strong>operari.</strong></span> <span class='ocrx_word' id='word_1_607' title='bbox 2989 2493 3128 2549; x_wconf 80' lang='lat' dir='ltr'><strong>Nam</strong></span> <span class='ocrx_word' id='word_1_608' title='bbox 3151 2493 3467 2567; x_wconf 67' lang='lat' dir='ltr'><strong>prasterista</strong></span> <span class='ocrx_word' id='word_1_609' title='bbox 3497 2503 3648 2558; x_wconf 80' lang='lat' dir='ltr'><strong>velut</strong></span> <span class='ocrx_word' id='word_1_610' title='bbox 3671 2519 3811 2575; x_wconf 65' lang='lat' dir='ltr'><strong>quae-</strong></span> 
     </span>
    </p>
   </div>
   <div class='ocr_carea' id='block_1_83' title="bbox 2228 2579 3810 2662">
    <p class='ocr_par' dir='ltr' id='par_1_83' title="bbox 2228 2579 3810 2662">
     <span class='ocr_line' id='line_1_83' title="bbox 2228 2579 3810 2662; baseline 0.013 -31"><span class='ocrx_word' id='word_1_611' title='bbox 2228 2579 2350 2634; x_wconf 83' lang='lat' dir='ltr'><strong>dam</strong></span> <span class='ocrx_word' id='word_1_612' title='bbox 2388 2581 2585 2649; x_wconf 66' lang='lat' dir='ltr'><strong>praevia</strong></span> <span class='ocrx_word' id='word_1_613' title='bbox 2638 2580 2810 2638; x_wconf 81' lang='lat' dir='ltr'><strong>fuere.</strong></span> <span class='ocrx_word' id='word_1_614' title='bbox 2861 2584 3003 2640; x_wconf 72' lang='lat' dir='ltr'><strong>Dicit</strong></span> <span class='ocrx_word' id='word_1_615' title='bbox 3042 2587 3185 2640; x_wconf 87' lang='lat' dir='ltr'><strong>enim</strong></span> <span class='ocrx_word' id='word_1_616' title='bbox 3220 2605 3233 2642; x_wconf 88' lang='lat'><strong>:</strong></span> <span class='ocrx_word' id='word_1_617' title='bbox 3276 2602 3300 2639; x_wconf 68' lang='grc' dir='ltr'><em>ι</em></span> <span class='ocrx_word' id='word_1_618' title='bbox 3324 2584 3464 2646; x_wconf 85' lang='lat' dir='ltr'><strong>Deus</strong></span> <span class='ocrx_word' id='word_1_619' title='bbox 3509 2593 3570 2646; x_wconf 76' lang='lat' dir='ltr'><strong>in</strong></span> <span class='ocrx_word' id='word_1_620' title='bbox 3608 2595 3810 2662; x_wconf 78' lang='lat' dir='ltr'><strong>adjuto-</strong></span> 
     </span>
    </p>
   </div>
   <div class='ocr_carea' id='block_1_84' title="bbox 2228 2671 3806 2754">
    <p class='ocr_par' dir='ltr' id='par_1_84' title="bbox 2228 2671 3806 2754">
     <span class='ocr_line' id='line_1_84' title="bbox 2228 2671 3806 2754; baseline 0.013 -30"><span class='ocrx_word' id='word_1_621' title='bbox 2228 2671 2367 2731; x_wconf 79' lang='lat' dir='ltr'><strong>rium</strong></span> <span class='ocrx_word' id='word_1_622' title='bbox 2395 2686 2576 2726; x_wconf 88' lang='lat' dir='ltr'><strong>meum</strong></span> <span class='ocrx_word' id='word_1_623' title='bbox 2610 2673 2848 2740; x_wconf 85' lang='lat' dir='ltr'><strong>intende,</strong></span> <span class='ocrx_word' id='word_1_624' title='bbox 2878 2695 2894 2726; x_wconf 77' lang='grc' dir='ltr'><strong><em>ι</em></strong></span> <span class='ocrx_word' id='word_1_625' title='bbox 2931 2686 3036 2733; x_wconf 91' lang='lat' dir='ltr'><strong>etc.</strong></span> <span class='ocrx_word' id='word_1_626' title='bbox 3057 2679 3365 2750; x_wconf 84' lang='lat' dir='ltr'><strong>Adjungens</strong></span> <span class='ocrx_word' id='word_1_627' title='bbox 3391 2700 3409 2734; x_wconf 71' lang='grc' dir='ltr'>ι</span> <span class='ocrx_word' id='word_1_628' title='bbox 3429 2683 3620 2740; x_wconf 83' lang='lat' dir='ltr'><strong>Gloria</strong></span> <span class='ocrx_word' id='word_1_629' title='bbox 3643 2687 3806 2754; x_wconf 74' lang='lat' dir='ltr'><strong>Patri,</strong></span> 
     </span>
    </p>
   </div>
   <div class='ocr_carea' id='block_1_85' title="bbox 2177 2764 3809 2845">
    <p class='ocr_par' dir='ltr' id='par_1_85' title="bbox 2177 2764 3809 2845">
     <span class='ocr_line' id='line_1_85' title="bbox 2177 2764 3809 2845; baseline 0.015 -29"><span class='ocrx_word' id='word_1_630' title='bbox 2177 2772 2282 2818; x_wconf 48' lang='lat' dir='ltr'><strong>get</strong></span> <span class='ocrx_word' id='word_1_631' title='bbox 2308 2764 2478 2829; x_wconf 87' lang='lat' dir='ltr'><strong>Filio,</strong></span> <span class='ocrx_word' id='word_1_632' title='bbox 2509 2773 2563 2821; x_wconf 91' lang='lat' dir='ltr'><strong>et</strong></span> <span class='ocrx_word' id='word_1_633' title='bbox 2593 2764 2817 2837; x_wconf 88' lang='lat' dir='ltr'><strong>Spiritui</strong></span> <span class='ocrx_word' id='word_1_634' title='bbox 2863 2779 3052 2826; x_wconf 85' lang='lat' dir='ltr'><strong>sancto</strong></span> <span class='ocrx_word' id='word_1_635' title='bbox 3077 2813 3090 2836; x_wconf 92' lang='lat'><strong>,</strong></span> <span class='ocrx_word' id='word_1_636' title='bbox 3134 2773 3338 2845; x_wconf 87' lang='lat' dir='ltr'><strong>absque</strong></span> <span class='ocrx_word' id='word_1_637' title='bbox 3377 2776 3617 2834; x_wconf 78' lang='lat' dir='ltr'><strong>alleluia.</strong></span> <span class='ocrx_word' id='word_1_638' title='bbox 3654 2801 3674 2833; x_wconf 73' lang='grc' dir='ltr'><strong>ι</strong></span> <span class='ocrx_word' id='word_1_639' title='bbox 3717 2780 3809 2840; x_wconf 78' lang='lat' dir='ltr'><strong>ilic</strong></span> 
     </span>
    </p>
   </div>
   <div class='ocr_carea' id='block_1_86' title="bbox 2220 2866 3807 2932">
    <p class='ocr_par' dir='ltr' id='par_1_86' title="bbox 2220 2866 3807 2932">
     <span class='ocr_line' id='line_1_86' title="bbox 2220 2866 3807 2932; baseline 0.014 -25"><span class='ocrx_word' id='word_1_640' title='bbox 2220 2870 2460 2924; x_wconf 84' lang='lat' dir='ltr'><strong>namque</strong></span> <span class='ocrx_word' id='word_1_641' title='bbox 2507 2869 2696 2914; x_wconf 82' lang='lat' dir='ltr'><strong>versus</strong></span> <span class='ocrx_word' id='word_1_642' title='bbox 2745 2869 3045 2932; x_wconf 80' lang='lat' dir='ltr'><strong>martyrum</strong></span> <span class='ocrx_word' id='word_1_643' title='bbox 3083 2866 3498 2924; x_wconf 75' lang='lat' dir='ltr'><strong>est‘Domiuum</strong></span> <span class='ocrx_word' id='word_1_644' title='bbox 3555 2872 3807 2929; x_wconf 82' lang='lat' dir='ltr'><strong>invocan-</strong></span> 
     </span>
    </p>
   </div>
   <div class='ocr_carea' id='block_1_87' title="bbox 2181 2945 3808 3035">
    <p class='ocr_par' dir='ltr' id='par_1_87' title="bbox 2181 2945 3808 3035">
     <span class='ocr_line' id='line_1_87' title="bbox 2181 2945 3808 3035; baseline 0.012 -35"><span class='ocrx_word' id='word_1_645' title='bbox 2181 2987 2186 3000; x_wconf 83' lang='grc'><strong><em>,</em></strong></span> <span class='ocrx_word' id='word_1_646' title='bbox 2230 2945 2358 2999; x_wconf 91' lang='lat' dir='ltr'><strong>tium</strong></span> <span class='ocrx_word' id='word_1_647' title='bbox 2405 2947 2456 3002; x_wconf 92' lang='lat' dir='ltr'><strong>in</strong></span> <span class='ocrx_word' id='word_1_648' title='bbox 2486 2948 2568 3002; x_wconf 89' lang='lat' dir='ltr'><strong>sui</strong></span> <span class='ocrx_word' id='word_1_649' title='bbox 2596 2947 2949 3019; x_wconf 73' lang='lat' dir='ltr'><strong>adiutorium,</strong></span> <span class='ocrx_word' id='word_1_650' title='bbox 2989 2953 3117 3008; x_wconf 89' lang='lat' dir='ltr'><strong>dum</strong></span> <span class='ocrx_word' id='word_1_651' title='bbox 3156 2955 3222 3010; x_wconf 87' lang='lat' dir='ltr'><strong>ad</strong></span> <span class='ocrx_word' id='word_1_652' title='bbox 3257 2961 3579 3030; x_wconf 81' lang='lat' dir='ltr'><strong>martyrium</strong></span> <span class='ocrx_word' id='word_1_653' title='bbox 3622 2978 3808 3035; x_wconf 83' lang='lat' dir='ltr'><strong>prope-</strong></span> 
     </span>
    </p>
   </div>
   <div class='ocr_carea' id='block_1_88' title="bbox 2231 3040 3808 3123">
    <p class='ocr_par' dir='ltr' id='par_1_88' title="bbox 2231 3040 3808 3123">
     <span class='ocr_line' id='line_1_88' title="bbox 2231 3040 3808 3123; baseline 0.016 -34"><span class='ocrx_word' id='word_1_654' title='bbox 2231 3046 2369 3102; x_wconf 89' lang='lat' dir='ltr'><strong>rant,</strong></span> <span class='ocrx_word' id='word_1_655' title='bbox 2403 3040 2495 3094; x_wconf 89' lang='lat' dir='ltr'><strong>sed</strong></span> <span class='ocrx_word' id='word_1_656' title='bbox 2529 3049 2584 3094; x_wconf 90' lang='lat' dir='ltr'><strong>et</strong></span> <span class='ocrx_word' id='word_1_657' title='bbox 2611 3040 2890 3097; x_wconf 83' lang='lat' dir='ltr'><strong>doctorum</strong></span> <span class='ocrx_word' id='word_1_658' title='bbox 2941 3056 3062 3100; x_wconf 88' lang='lat' dir='ltr'><strong>cum</strong></span> <span class='ocrx_word' id='word_1_659' title='bbox 3090 3057 3275 3103; x_wconf 87' lang='lat' dir='ltr'><strong>contra</strong></span> <span class='ocrx_word' id='word_1_660' title='bbox 3304 3049 3478 3106; x_wconf 89' lang='lat' dir='ltr'><strong>aerias</strong></span> <span class='ocrx_word' id='word_1_661' title='bbox 3510 3061 3808 3123; x_wconf 80' lang='lat' dir='ltr'><strong>potestates</strong></span> 
     </span>
    </p>
   </div>
   <div class='ocr_carea' id='block_1_89' title="bbox 2181 3132 3804 3212">
    <p class='ocr_par' dir='ltr' id='par_1_89' title="bbox 2181 3132 3804 3212">
     <span class='ocr_line' id='line_1_89' title="bbox 2181 3132 3804 3212; baseline 0.014 -30"><span class='ocrx_word' id='word_1_662' title='bbox 2181 3177 2187 3202; x_wconf 62' lang='grc'>,</span> <span class='ocrx_word' id='word_1_663' title='bbox 2227 3145 2326 3200; x_wconf 84' lang='lat' dir='ltr'><strong>pro</strong></span> <span class='ocrx_word' id='word_1_664' title='bbox 2359 3140 2546 3187; x_wconf 87' lang='lat' dir='ltr'><strong>sancta</strong></span> <span class='ocrx_word' id='word_1_665' title='bbox 2581 3132 2825 3190; x_wconf 85' lang='lat' dir='ltr'><strong>Ecclesia</strong></span> <span class='ocrx_word' id='word_1_666' title='bbox 2863 3135 3028 3193; x_wconf 87' lang='lat' dir='ltr'><strong>duros</strong></span> <span class='ocrx_word' id='word_1_667' title='bbox 3055 3138 3398 3212; x_wconf 86' lang='lat' dir='ltr'><strong>incertosque</strong></span> <span class='ocrx_word' id='word_1_668' title='bbox 3425 3156 3652 3200; x_wconf 83' lang='lat' dir='ltr'><strong>sumunt</strong></span> <span class='ocrx_word' id='word_1_669' title='bbox 3678 3163 3804 3204; x_wconf 78' lang='lat' dir='ltr'><strong>eon-</strong></span> 
     </span>
    </p>
   </div>
   <div class='ocr_carea' id='block_1_90' title="bbox 2147 3273 2200 3352">
    <p class='ocr_par' dir='ltr' id='par_1_90' title="bbox 2147 3273 2200 3352">
     <span class='ocr_line' id='line_1_90' title="bbox 2147 3273 2200 3352; baseline 0 0"><span class='ocrx_word' id='word_1_670' title='bbox 2147 3273 2200 3352; x_wconf 71' lang='lat'><strong>(3</strong></span> 
     </span>
    </p>
   </div>
   <div class='ocr_carea' id='block_1_91' title="bbox 2197 3318 3806 3398">
    <p class='ocr_par' dir='ltr' id='par_1_91' title="bbox 2197 3318 3806 3398">
     <span class='ocr_line' id='line_1_91' title="bbox 2197 3318 3806 3398; baseline 0.009 -28"><span class='ocrx_word' id='word_1_671' title='bbox 2197 3367 2200 3370; x_wconf 83' lang='lat'><strong>.</strong></span> <span class='ocrx_word' id='word_1_672' title='bbox 2230 3328 2325 3368; x_wconf 87' lang='lat' dir='ltr'><strong>sus</strong></span> <span class='ocrx_word' id='word_1_673' title='bbox 2347 3330 2564 3370; x_wconf 83' lang='lat' dir='ltr'><strong>carnem</strong></span> <span class='ocrx_word' id='word_1_674' title='bbox 2595 3325 2652 3372; x_wconf 85' lang='lat' dir='ltr'><strong>et</strong></span> <span class='ocrx_word' id='word_1_675' title='bbox 2676 3318 3009 3395; x_wconf 74' lang='lat' dir='ltr'><strong>sanguinem,</strong></span> <span class='ocrx_word' id='word_1_676' title='bbox 3047 3323 3424 3380; x_wconf 41' lang='lat' dir='ltr'><strong>sed&#39;advorsus</strong></span> <span class='ocrx_word' id='word_1_677' title='bbox 3441 3327 3732 3398; x_wconf 80' lang='lat' dir='ltr'><strong>principes</strong></span> <span class='ocrx_word' id='word_1_678' title='bbox 3755 3339 3806 3385; x_wconf 76' lang='grc' dir='ltr'><strong>α</strong></span> 
     </span>
    </p>
   </div>
   <div class='ocr_carea' id='block_1_92' title="bbox 2229 3220 3805 3293">
    <p class='ocr_par' dir='ltr' id='par_1_92' title="bbox 2229 3220 3805 3293">
     <span class='ocr_line' id='line_1_92' title="bbox 2229 3220 3805 3293; baseline 0.011 -17"><span class='ocrx_word' id='word_1_679' title='bbox 2229 3220 2426 3291; x_wconf 83' lang='lat' dir='ltr'><strong>flictus,</strong></span> <span class='ocrx_word' id='word_1_680' title='bbox 2455 3225 2689 3280; x_wconf 86' lang='lat' dir='ltr'><strong>scientes</strong></span> <span class='ocrx_word' id='word_1_681' title='bbox 2714 3227 2854 3293; x_wconf 90' lang='lat' dir='ltr'><strong>quod</strong></span> <span class='ocrx_word' id='word_1_682' title='bbox 2886 3243 2904 3278; x_wconf 69' lang='grc' dir='ltr'><strong>ε</strong></span> <span class='ocrx_word' id='word_1_683' title='bbox 2935 3243 3042 3284; x_wconf 91' lang='lat' dir='ltr'><strong>non</strong></span> <span class='ocrx_word' id='word_1_684' title='bbox 3073 3230 3144 3285; x_wconf 87' lang='lat' dir='ltr'><strong>sit</strong></span> <span class='ocrx_word' id='word_1_685' title='bbox 3167 3231 3247 3288; x_wconf 87' lang='lat' dir='ltr'><strong>eis</strong></span> <span class='ocrx_word' id='word_1_686' title='bbox 3268 3233 3592 3290; x_wconf 84' lang='lat' dir='ltr'><strong>colluctatio</strong></span> <span class='ocrx_word' id='word_1_687' title='bbox 3616 3237 3805 3293; x_wconf 84' lang='lat' dir='ltr'><strong>adver-</strong></span> 
     </span>
    </p>
   </div>
   <div class='ocr_carea' id='block_1_93' title="bbox 2227 3410 3801 3478">
    <p class='ocr_par' dir='ltr' id='par_1_93' title="bbox 2227 3410 3801 3478">
     <span class='ocr_line' id='line_1_93' title="bbox 2227 3410 3801 3478; baseline 0.011 -17"><span class='ocrx_word' id='word_1_688' title='bbox 2227 3415 2522 3476; x_wconf 84' lang='lat' dir='ltr'><strong>potestates</strong></span> <span class='ocrx_word' id='word_1_689' title='bbox 2547 3448 2584 3473; x_wconf 68' lang='grc'><strong>,,</strong></span> <span class='ocrx_word' id='word_1_690' title='bbox 2614 3410 2871 3471; x_wconf 81' lang='lat' dir='ltr'><strong>adversus</strong></span> <span class='ocrx_word' id='word_1_691' title='bbox 2920 3414 3103 3469; x_wconf 87' lang='lat' dir='ltr'><strong>mundi</strong></span> <span class='ocrx_word' id='word_1_692' title='bbox 3161 3425 3401 3472; x_wconf 85' lang='lat' dir='ltr'><strong>rectores</strong></span> <span class='ocrx_word' id='word_1_693' title='bbox 3453 3423 3801 3478; x_wconf 76' lang='lat' dir='ltr'><strong>tenebrarum</strong></span> 
     </span>
    </p>
   </div>
   <div class='ocr_carea' id='block_1_94' title="bbox 2225 3499 3797 3576">
    <p class='ocr_par' dir='ltr' id='par_1_94' title="bbox 2225 3499 3797 3576">
     <span class='ocr_line' id='line_1_94' title="bbox 2225 3499 3797 3576; baseline 0.007 -22"><span class='ocrx_word' id='word_1_694' title='bbox 2225 3499 2439 3562; x_wconf 79' lang='lat' dir='ltr'><strong>harum,</strong></span> <span class='ocrx_word' id='word_1_695' title='bbox 2471 3507 2658 3565; x_wconf 85' lang='lat' dir='ltr'><strong>contra</strong></span> <span class='ocrx_word' id='word_1_696' title='bbox 2689 3502 2988 3570; x_wconf 82' lang='lat' dir='ltr'><strong>spiritualia</strong></span> <span class='ocrx_word' id='word_1_697' title='bbox 3025 3507 3279 3576; x_wconf 62' lang='lat' dir='ltr'><strong>nequitiae.</strong></span> <span class='ocrx_word' id='word_1_698' title='bbox 3317 3507 3371 3572; x_wconf 80' lang='lat' dir='ltr'><strong>in</strong></span> <span class='ocrx_word' id='word_1_699' title='bbox 3413 3510 3746 3568; x_wconf 66' lang='lat' dir='ltr'><strong>calonibus.</strong></span> <span class='ocrx_word' id='word_1_700' title='bbox 3779 3531 3797 3565; x_wconf 75' lang='grc' dir='ltr'><strong>ι</strong></span> 
     </span>
    </p>
   </div>
   <div class='ocr_carea' id='block_1_95' title="bbox 2227 3589 3800 3670">
    <p class='ocr_par' dir='ltr' id='par_1_95' title="bbox 2227 3589 3800 3670">
     <span class='ocr_line' id='line_1_95' title="bbox 2227 3589 3800 3670; baseline 0.011 -29"><span class='ocrx_word' id='word_1_701' title='bbox 2227 3589 2448 3657; x_wconf 81' lang='lat' dir='ltr'><strong>Quanto</strong></span> <span class='ocrx_word' id='word_1_702' title='bbox 2481 3605 2612 3661; x_wconf 82' lang='lat' dir='ltr'><strong>ergo</strong></span> <span class='ocrx_word' id='word_1_703' title='bbox 2645 3591 2969 3654; x_wconf 75' lang='lat' dir='ltr'><strong>inﬁrmiores</strong></span> <span class='ocrx_word' id='word_1_704' title='bbox 3012 3609 3071 3652; x_wconf 85' lang='lat' dir='ltr'><strong>se</strong></span> <span class='ocrx_word' id='word_1_705' title='bbox 3102 3611 3173 3666; x_wconf 72' lang='lat' dir='ltr'><strong>ex</strong></span> <span class='ocrx_word' id='word_1_706' title='bbox 3197 3612 3304 3653; x_wconf 77' lang='lat' dir='ltr'><strong>sua</strong></span> <span class='ocrx_word' id='word_1_707' title='bbox 3330 3605 3800 3670; x_wconf 30' lang='lat' dir='ltr'><strong>cognoscuntlim-</strong></span> 
     </span>
    </p>
   </div>
   <div class='ocr_carea' id='block_1_96' title="bbox 2221 3682 3800 3766">
    <p class='ocr_par' dir='ltr' id='par_1_96' title="bbox 2221 3682 3800 3766">
     <span class='ocr_line' id='line_1_96' title="bbox 2221 3682 3800 3766; baseline 0.011 -31"><span class='ocrx_word' id='word_1_708' title='bbox 2221 3682 2536 3753; x_wconf 79' lang='lat' dir='ltr'><strong>becillitato,</strong></span> <span class='ocrx_word' id='word_1_709' title='bbox 2569 3694 2718 3750; x_wconf 83' lang='lat' dir='ltr'><strong>tanto</strong></span> <span class='ocrx_word' id='word_1_710' title='bbox 2761 3686 3224 3755; x_wconf 77' lang='lat' dir='ltr'><strong>adiutoriuchi</strong></span> <span class='ocrx_word' id='word_1_711' title='bbox 3249 3691 3478 3764; x_wconf 85' lang='lat' dir='ltr'><strong>amplius</strong></span> <span class='ocrx_word' id='word_1_712' title='bbox 3499 3694 3800 3766; x_wconf 68' lang='lat' dir='ltr'><strong>implorant</strong></span> 
     </span>
    </p>
   </div>
   <div class='ocr_carea' id='block_1_97' title="bbox 2213 3772 3796 3854">
    <p class='ocr_par' dir='ltr' id='par_1_97' title="bbox 2213 3772 3796 3854">
     <span class='ocr_line' id='line_1_97' title="bbox 2213 3772 3796 3854; baseline 0.011 -28"><span class='ocrx_word' id='word_1_713' title='bbox 2213 3787 2290 3846; x_wconf 80' lang='lat' dir='ltr'><strong>cx</strong></span> <span class='ocrx_word' id='word_1_714' title='bbox 2325 3772 2470 3840; x_wconf 77' lang='lat' dir='ltr'><strong>illius</strong></span> <span class='ocrx_word' id='word_1_715' title='bbox 2509 3774 2857 3854; x_wconf 77' lang='lat' dir='ltr'><strong>benignitate.</strong></span> <span class='ocrx_word' id='word_1_716' title='bbox 2900 3777 3138 3841; x_wconf 73' lang='lat' dir='ltr'><strong>Necdum</strong></span> <span class='ocrx_word' id='word_1_717' title='bbox 3181 3790 3363 3854; x_wconf 79' lang='lat' dir='ltr'><strong>tamen</strong></span> <span class='ocrx_word' id='word_1_718' title='bbox 3411 3784 3669 3842; x_wconf 79' lang='lat' dir='ltr'><strong>laudibus</strong></span> <span class='ocrx_word' id='word_1_719' title='bbox 3700 3789 3796 3844; x_wconf 72' lang='lat' dir='ltr'><strong>Bel</strong></span> 
     </span>
    </p>
   </div>
   <div class='ocr_carea' id='block_1_98' title="bbox 2229 3853 3848 3948">
    <p class='ocr_par' dir='ltr' id='par_1_98' title="bbox 2229 3853 3848 3948">
     <span class='ocr_line' id='line_1_98' title="bbox 2229 3853 3848 3948; baseline 0.012 -33"><span class='ocrx_word' id='word_1_720' title='bbox 2229 3878 2248 3915; x_wconf 70' lang='grc' dir='ltr'><strong>ι</strong></span> <span class='ocrx_word' id='word_1_721' title='bbox 2285 3861 2495 3940; x_wconf 84' lang='lat' dir='ltr'><strong>alleluia</strong></span> <span class='ocrx_word' id='word_1_722' title='bbox 2523 3883 2540 3917; x_wconf 72' lang='grc' dir='ltr'>ι</span> <span class='ocrx_word' id='word_1_723' title='bbox 2567 3853 2889 3946; x_wconf 72' lang='lat' dir='ltr'><strong>adiungunt,</strong></span> <span class='ocrx_word' id='word_1_724' title='bbox 2915 3869 3040 3938; x_wconf 77' lang='lat' dir='ltr'><strong>quia</strong></span> <span class='ocrx_word' id='word_1_725' title='bbox 3068 3853 3243 3931; x_wconf 75' lang='lat' dir='ltr'><strong>adhuc</strong></span> <span class='ocrx_word' id='word_1_726' title='bbox 3265 3872 3317 3927; x_wconf 89' lang='lat' dir='ltr'><strong>in</strong></span> <span class='ocrx_word' id='word_1_727' title='bbox 3341 3872 3624 3930; x_wconf 83' lang='lat' dir='ltr'><strong>laboribus</strong></span> <span class='ocrx_word' id='word_1_728' title='bbox 3648 3887 3797 3948; x_wconf 57' lang='lat' dir='ltr'><strong>aulae</strong></span> <span class='ocrx_word' id='word_1_729' title='bbox 3846 3884 3848 3886; x_wconf 76' lang='grc'>’</span> 
     </span>
    </p>
   </div>
   <div class='ocr_carea' id='block_1_99' title="bbox 2194 3953 3796 4039">
    <p class='ocr_par' dir='ltr' id='par_1_99' title="bbox 2194 3953 3796 4039">
     <span class='ocr_line' id='line_1_99' title="bbox 2194 3953 3796 4039; baseline 0.009 -31"><span class='ocrx_word' id='word_1_730' title='bbox 2194 3953 2508 4031; x_wconf 15' lang='lat' dir='ltr'><strong>bsudoribus</strong></span> <span class='ocrx_word' id='word_1_731' title='bbox 2537 3968 2599 4012; x_wconf 85' lang='lat' dir='ltr'><strong>se</strong></span> <span class='ocrx_word' id='word_1_732' title='bbox 2631 3971 2752 4012; x_wconf 82' lang='lat' dir='ltr'><strong>esse</strong></span> <span class='ocrx_word' id='word_1_733' title='bbox 2783 3959 3137 4030; x_wconf 82' lang='lat' dir='ltr'><strong>conspiciunt.</strong></span> <span class='ocrx_word' id='word_1_734' title='bbox 3186 3961 3456 4018; x_wconf 67' lang='lat' dir='ltr'><strong>«Alleluia</strong></span> <span class='ocrx_word' id='word_1_735' title='bbox 3487 3984 3511 4018; x_wconf 76' lang='grc' dir='ltr'>ι</span> <span class='ocrx_word' id='word_1_736' title='bbox 3548 3983 3796 4039; x_wconf 80' lang='lat' dir='ltr'><strong>namque</strong></span> 
     </span>
    </p>
   </div>
   <div class='ocr_carea' id='block_1_100' title="bbox 2188 4045 3795 4128">
    <p class='ocr_par' dir='ltr' id='par_1_100' title="bbox 2188 4045 3795 4128">
     <span class='ocr_line' id='line_1_100' title="bbox 2188 4045 3795 4128; baseline 0.011 -32"><span class='ocrx_word' id='word_1_737' title='bbox 2188 4097 2197 4126; x_wconf 23' lang='grc' dir='ltr'>ἑ</span> <span class='ocrx_word' id='word_1_738' title='bbox 2221 4054 2433 4123; x_wconf 26' lang='lat' dir='ltr'><strong>vox‘est</strong></span> <span class='ocrx_word' id='word_1_739' title='bbox 2458 4045 2833 4123; x_wconf 75' lang='lat' dir='ltr'><strong>exsnltationis</strong></span> <span class='ocrx_word' id='word_1_740' title='bbox 2853 4048 3148 4118; x_wconf 77' lang='lat' dir='ltr'><strong>adlaudes</strong></span> <span class='ocrx_word' id='word_1_741' title='bbox 3186 4051 3279 4110; x_wconf 86' lang='lat' dir='ltr'><strong>Dei</strong></span> <span class='ocrx_word' id='word_1_742' title='bbox 3310 4053 3656 4126; x_wconf 81' lang='lat' dir='ltr'><strong>solummodo</strong></span> <span class='ocrx_word' id='word_1_743' title='bbox 3684 4074 3795 4128; x_wconf 79' lang='lat' dir='ltr'><strong>pcr-</strong></span> 
     </span>
    </p>
   </div>
   <div class='ocr_carea' id='block_1_101' title="bbox 2199 4134 3797 4216">
    <p class='ocr_par' dir='ltr' id='par_1_101' title="bbox 2199 4134 3797 4216">
     <span class='ocr_line' id='line_1_101' title="bbox 2199 4134 3797 4216; baseline 0.009 -26"><span class='ocrx_word' id='word_1_744' title='bbox 2199 4134 2416 4206; x_wconf 8' lang='lat' dir='ltr'><strong>gtiuens.</strong></span> <span class='ocrx_word' id='word_1_745' title='bbox 2443 4134 2628 4206; x_wconf 84' lang='lat' dir='ltr'><strong>Sancti</strong></span> <span class='ocrx_word' id='word_1_746' title='bbox 2659 4149 2836 4212; x_wconf 84' lang='lat' dir='ltr'><strong>autem</strong></span> <span class='ocrx_word' id='word_1_747' title='bbox 2867 4139 3115 4212; x_wconf 80' lang='lat' dir='ltr'><strong>doctores</strong></span> <span class='ocrx_word' id='word_1_748' title='bbox 3147 4141 3382 4211; x_wconf 82' lang='lat' dir='ltr'><strong>quandiu</strong></span> <span class='ocrx_word' id='word_1_749' title='bbox 3410 4145 3463 4199; x_wconf 85' lang='lat' dir='ltr'><strong>in</strong></span> <span class='ocrx_word' id='word_1_750' title='bbox 3499 4145 3797 4216; x_wconf 68' lang='lat' dir='ltr'><strong>afflictione</strong></span> 
     </span>
    </p>
   </div>
   <div class='ocr_carea' id='block_1_102' title="bbox 2220 4228 3794 4307">
    <p class='ocr_par' dir='ltr' id='par_1_102' title="bbox 2220 4228 3794 4307">
     <span class='ocr_line' id='line_1_102' title="bbox 2220 4228 3794 4307; baseline 0.008 -28"><span class='ocrx_word' id='word_1_751' title='bbox 2220 4233 2369 4307; x_wconf 86' lang='lat' dir='ltr'><strong>sunt,</strong></span> <span class='ocrx_word' id='word_1_752' title='bbox 2387 4236 2574 4300; x_wconf 83' lang='lat' dir='ltr'><strong>utpote</strong></span> <span class='ocrx_word' id='word_1_753' title='bbox 2591 4228 2682 4296; x_wconf 79' lang='lat' dir='ltr'><strong>qni</strong></span> <span class='ocrx_word' id='word_1_754' title='bbox 2699 4229 2926 4301; x_wconf 82' lang='lat' dir='ltr'><strong>necdum</strong></span> <span class='ocrx_word' id='word_1_755' title='bbox 2943 4230 3008 4286; x_wconf 89' lang='lat' dir='ltr'><strong>de</strong></span> <span class='ocrx_word' id='word_1_756' title='bbox 3023 4230 3408 4301; x_wconf 81' lang='lat' dir='ltr'><strong>discipulorum</strong></span> <span class='ocrx_word' id='word_1_757' title='bbox 3424 4234 3673 4304; x_wconf 77' lang='lat' dir='ltr'><strong>profectu</strong></span> <span class='ocrx_word' id='word_1_758' title='bbox 3686 4238 3794 4307; x_wconf 80' lang='lat' dir='ltr'><strong>glo-</strong></span> 
     </span>
    </p>
   </div>
   <div class='ocr_carea' id='block_1_103' title="bbox 2220 4303 3794 4396">
    <p class='ocr_par' dir='ltr' id='par_1_103' title="bbox 2220 4303 3794 4396">
     <span class='ocr_line' id='line_1_103' title="bbox 2220 4303 3794 4396; baseline 0.01 -25"><span class='ocrx_word' id='word_1_759' title='bbox 2220 4303 2356 4386; x_wconf 81' lang='lat' dir='ltr'><strong>riari</strong></span> <span class='ocrx_word' id='word_1_760' title='bbox 2378 4333 2481 4376; x_wconf 94' lang='lat' dir='ltr'><strong>non</strong></span> <span class='ocrx_word' id='word_1_761' title='bbox 2506 4328 2749 4396; x_wconf 73' lang='lat' dir='ltr'><strong>possunt,</strong></span> <span class='ocrx_word' id='word_1_762' title='bbox 2778 4320 3054 4396; x_wconf 82' lang='lat' dir='ltr'><strong>deprecari</strong></span> <span class='ocrx_word' id='word_1_763' title='bbox 3094 4324 3304 4379; x_wconf 88' lang='lat' dir='ltr'><strong>Domini</strong></span> <span class='ocrx_word' id='word_1_764' title='bbox 3334 4303 3665 4396; x_wconf 74' lang='lat' dir='ltr'><strong>adiutorium</strong></span> <span class='ocrx_word' id='word_1_765' title='bbox 3689 4303 3794 4386; x_wconf 74' lang='lat' dir='ltr'><strong>non</strong></span> 
     </span>
    </p>
   </div>
   <div class='ocr_carea' id='block_1_104' title="bbox 2220 4407 3793 4483">
    <p class='ocr_par' dir='ltr' id='par_1_104' title="bbox 2220 4407 3793 4483">
     <span class='ocr_line' id='line_1_104' title="bbox 2220 4407 3793 4483; baseline 0.01 -24"><span class='ocrx_word' id='word_1_766' title='bbox 2220 4407 2487 4482; x_wconf 85' lang='lat' dir='ltr'><strong>desinunt.</strong></span> <span class='ocrx_word' id='word_1_767' title='bbox 2518 4409 2719 4470; x_wconf 60' lang='lat' dir='ltr'><strong>Laetum</strong></span> <span class='ocrx_word' id='word_1_768' title='bbox 2746 4419 2921 4482; x_wconf 83' lang='lat' dir='ltr'><strong>autem</strong></span> <span class='ocrx_word' id='word_1_769' title='bbox 2955 4420 3081 4480; x_wconf 86' lang='lat' dir='ltr'><strong>tunc</strong></span> <span class='ocrx_word' id='word_1_770' title='bbox 3102 4413 3310 4470; x_wconf 87' lang='lat' dir='ltr'><strong>alleluia</strong></span> <span class='ocrx_word' id='word_1_771' title='bbox 3338 4417 3655 4483; x_wconf 84' lang='lat' dir='ltr'><strong>cantabunt,</strong></span> <span class='ocrx_word' id='word_1_772' title='bbox 3680 4437 3793 4475; x_wconf 86' lang='lat' dir='ltr'><strong>cum</strong></span> 
     </span>
    </p>
   </div>
   <div class='ocr_carea' id='block_1_105' title="bbox 2220 4489 3791 4581">
    <p class='ocr_par' dir='ltr' id='par_1_105' title="bbox 2220 4489 3791 4581">
     <span class='ocr_line' id='line_1_105' title="bbox 2220 4489 3791 4581; baseline 0.011 -32"><span class='ocrx_word' id='word_1_773' title='bbox 2220 4489 2610 4576; x_wconf 82' lang='lat' dir='ltr'><strong>discipulorum</strong></span> <span class='ocrx_word' id='word_1_774' title='bbox 2635 4516 2856 4581; x_wconf 75' lang='lat' dir='ltr'><strong>suorum</strong></span> <span class='ocrx_word' id='word_1_775' title='bbox 2885 4502 3054 4577; x_wconf 73' lang='lat' dir='ltr'><strong>vitam</strong></span> <span class='ocrx_word' id='word_1_776' title='bbox 3089 4504 3315 4561; x_wconf 92' lang='lat' dir='ltr'><strong>Domino</strong></span> <span class='ocrx_word' id='word_1_777' title='bbox 3352 4521 3602 4564; x_wconf 85' lang='lat' dir='ltr'><strong>crescere</strong></span> <span class='ocrx_word' id='word_1_778' title='bbox 3649 4511 3791 4565; x_wconf 83' lang='lat' dir='ltr'><strong>vide-</strong></span> 
     </span>
    </p>
   </div>
   <div class='ocr_carea' id='block_1_106' title="bbox 2219 4591 3791 4668">
    <p class='ocr_par' dir='ltr' id='par_1_106' title="bbox 2219 4591 3791 4668">
     <span class='ocr_line' id='line_1_106' title="bbox 2219 4591 3791 4668; baseline 0.011 -26"><span class='ocrx_word' id='word_1_779' title='bbox 2219 4591 2361 4656; x_wconf 90' lang='lat' dir='ltr'><strong>rint,</strong></span> <span class='ocrx_word' id='word_1_780' title='bbox 2413 4600 2472 4646; x_wconf 92' lang='lat' dir='ltr'><strong>ut</strong></span> <span class='ocrx_word' id='word_1_781' title='bbox 2507 4591 2746 4648; x_wconf 84' lang='lat' dir='ltr'><strong>Paulus:</strong></span> <span class='ocrx_word' id='word_1_782' title='bbox 2781 4612 2811 4668; x_wconf 23' lang='grc' dir='ltr'><strong>ν(</strong></span> <span class='ocrx_word' id='word_1_783' title='bbox 2846 4591 3000 4652; x_wconf 88' lang='lat' dir='ltr'><strong>Nunc</strong></span> <span class='ocrx_word' id='word_1_784' title='bbox 3040 4597 3271 4653; x_wconf 75' lang='lat' dir='ltr'><strong>vivimus</strong></span> <span class='ocrx_word' id='word_1_785' title='bbox 3317 4599 3361 4653; x_wconf 83' lang='lat' dir='ltr'><strong>si</strong></span> <span class='ocrx_word' id='word_1_786' title='bbox 3402 4615 3499 4656; x_wconf 80' lang='lat' dir='ltr'><strong>vos</strong></span> <span class='ocrx_word' id='word_1_787' title='bbox 3540 4603 3701 4656; x_wconf 82' lang='lat' dir='ltr'><strong>statis</strong></span> <span class='ocrx_word' id='word_1_788' title='bbox 3744 4604 3791 4659; x_wconf 91' lang='lat' dir='ltr'><strong>in</strong></span> 
     </span>
    </p>
   </div>
   <div class='ocr_carea' id='block_1_107' title="bbox 2222 4683 3792 4766">
    <p class='ocr_par' dir='ltr' id='par_1_107' title="bbox 2222 4683 3792 4766">
     <span class='ocr_line' id='line_1_107' title="bbox 2222 4683 3792 4766; baseline 0.009 -30"><span class='ocrx_word' id='word_1_789' title='bbox 2222 4683 2463 4739; x_wconf 88' lang='lat' dir='ltr'><strong>Domino.</strong></span> <span class='ocrx_word' id='word_1_790' title='bbox 2497 4705 2522 4764; x_wconf 37' lang='lat' dir='ltr'><strong>i&#39;</strong></span> <span class='ocrx_word' id='word_1_791' title='bbox 2552 4686 2612 4766; x_wconf 78' lang='lat' dir='ltr'><strong>Et</strong></span> <span class='ocrx_word' id='word_1_792' title='bbox 2652 4686 2780 4741; x_wconf 89' lang='lat' dir='ltr'><strong>item</strong></span> <span class='ocrx_word' id='word_1_793' title='bbox 2810 4705 2823 4741; x_wconf 89' lang='lat'><strong>:</strong></span> <span class='ocrx_word' id='word_1_794' title='bbox 2867 4687 3050 4766; x_wconf 72' lang='lat' dir='ltr'><strong>«Scio</strong></span> <span class='ocrx_word' id='word_1_795' title='bbox 3086 4699 3268 4744; x_wconf 90' lang='lat' dir='ltr'><strong>autem</strong></span> <span class='ocrx_word' id='word_1_796' title='bbox 3309 4693 3448 4760; x_wconf 92' lang='lat' dir='ltr'><strong>quod</strong></span> <span class='ocrx_word' id='word_1_797' title='bbox 3476 4695 3701 4750; x_wconf 87' lang='lat' dir='ltr'><strong>veniens</strong></span> <span class='ocrx_word' id='word_1_798' title='bbox 3732 4696 3792 4750; x_wconf 86' lang='lat' dir='ltr'><strong>ad</strong></span> 
     </span>
    </p>
   </div>
   <div class='ocr_carea' id='block_1_108' title="bbox 2216 4761 3788 4841">
    <p class='ocr_par' dir='ltr' id='par_1_108' title="bbox 2216 4761 3788 4841">
     <span class='ocr_line' id='line_1_108' title="bbox 2216 4761 3788 4841; baseline 0.006 -13"><span class='ocrx_word' id='word_1_799' title='bbox 2216 4793 2312 4830; x_wconf 85' lang='lat' dir='ltr'><strong>vos</strong></span> <span class='ocrx_word' id='word_1_800' title='bbox 2358 4777 2409 4831; x_wconf 92' lang='lat' dir='ltr'><strong>in</strong></span> <span class='ocrx_word' id='word_1_801' title='bbox 2452 4761 2778 4833; x_wconf 85' lang='lat' dir='ltr'><strong>abundantia</strong></span> <span class='ocrx_word' id='word_1_802' title='bbox 2818 4761 3211 4837; x_wconf 87' lang='lat' dir='ltr'><strong>benedictionis</strong></span> <span class='ocrx_word' id='word_1_803' title='bbox 3250 4782 3447 4840; x_wconf 87' lang='lat' dir='ltr'><strong>Christi</strong></span> <span class='ocrx_word' id='word_1_804' title='bbox 3505 4788 3740 4841; x_wconf 77' lang='lat' dir='ltr'><strong>veniam.</strong></span> <span class='ocrx_word' id='word_1_805' title='bbox 3769 4808 3788 4838; x_wconf 84' lang='lat' dir='ltr'><strong>a</strong></span> 
     </span>
    </p>
   </div>
   <div class='ocr_carea' id='block_1_109' title="bbox 2217 4870 3792 4954">
    <p class='ocr_par' dir='ltr' id='par_1_109' title="bbox 2217 4870 3792 4954">
     <span class='ocr_line' id='line_1_109' title="bbox 2217 4870 3792 4954; baseline 0.006 -30"><span class='ocrx_word' id='word_1_806' title='bbox 2217 4870 2522 4927; x_wconf 84' lang='lat' dir='ltr'><strong>Perfectum</strong></span> <span class='ocrx_word' id='word_1_807' title='bbox 2563 4881 2738 4928; x_wconf 87' lang='lat' dir='ltr'><strong>tamen</strong></span> <span class='ocrx_word' id='word_1_808' title='bbox 2768 4871 2979 4928; x_wconf 88' lang='lat' dir='ltr'><strong>alleluia</strong></span> <span class='ocrx_word' id='word_1_809' title='bbox 3020 4883 3150 4942; x_wconf 87' lang='lat' dir='ltr'><strong>tunc</strong></span> <span class='ocrx_word' id='word_1_810' title='bbox 3180 4879 3552 4954; x_wconf 45' lang='lat' dir='ltr'><strong>.rcsonabunt,</strong></span> <span class='ocrx_word' id='word_1_811' title='bbox 3581 4880 3792 4948; x_wconf 66' lang='lat' dir='ltr'><strong>querulo</strong></span> 
     </span>
    </p>
   </div>
   <div class='ocr_carea' id='block_1_110' title="bbox 2218 4961 3789 5035">
    <p class='ocr_par' dir='ltr' id='par_1_110' title="bbox 2218 4961 3789 5035">
     <span class='ocr_line' id='line_1_110' title="bbox 2218 4961 3789 5035; baseline 0.004 -17"><span class='ocrx_word' id='word_1_812' title='bbox 2218 4961 2308 5018; x_wconf 88' lang='lat' dir='ltr'><strong>ﬁet</strong></span> <span class='ocrx_word' id='word_1_813' title='bbox 2328 4962 2468 5032; x_wconf 89' lang='lat' dir='ltr'><strong>quod</strong></span> <span class='ocrx_word' id='word_1_814' title='bbox 2500 4963 2755 5033; x_wconf 89' lang='lat' dir='ltr'><strong>scriptum</strong></span> <span class='ocrx_word' id='word_1_815' title='bbox 2783 4973 2903 5018; x_wconf 88' lang='lat' dir='ltr'><strong>est:</strong></span> <span class='ocrx_word' id='word_1_816' title='bbox 2939 4981 2959 5015; x_wconf 74' lang='grc' dir='ltr'><strong><em>ι</em></strong></span> <span class='ocrx_word' id='word_1_817' title='bbox 2983 4963 3133 5032; x_wconf 74' lang='lat' dir='ltr'><strong>Beati</strong></span> <span class='ocrx_word' id='word_1_818' title='bbox 3165 4967 3254 5035; x_wconf 85' lang='lat' dir='ltr'><strong>qui</strong></span> <span class='ocrx_word' id='word_1_819' title='bbox 3285 4967 3532 5029; x_wconf 82' lang='lat' dir='ltr'><strong>habitant</strong></span> <span class='ocrx_word' id='word_1_820' title='bbox 3552 4969 3789 5025; x_wconf 84' lang='lat' dir='ltr'><strong>indomo</strong></span> 
     </span>
    </p>
   </div>
   <div class='ocr_carea' id='block_1_111' title="bbox 2219 5053 3786 5126">
    <p class='ocr_par' dir='ltr' id='par_1_111' title="bbox 2219 5053 3786 5126">
     <span class='ocr_line' id='line_1_111' title="bbox 2219 5053 3786 5126; baseline 0.006 -22"><span class='ocrx_word' id='word_1_821' title='bbox 2219 5061 2329 5117; x_wconf 88' lang='lat' dir='ltr'><strong>tua,</strong></span> <span class='ocrx_word' id='word_1_822' title='bbox 2372 5053 2635 5118; x_wconf 90' lang='lat' dir='ltr'><strong>Domine,</strong></span> <span class='ocrx_word' id='word_1_823' title='bbox 2684 5053 2736 5106; x_wconf 92' lang='lat' dir='ltr'><strong>in</strong></span> <span class='ocrx_word' id='word_1_824' title='bbox 2783 5054 2973 5114; x_wconf 63' lang='lat' dir='ltr'><strong>saecula</strong></span> <span class='ocrx_word' id='word_1_825' title='bbox 3003 5056 3319 5126; x_wconf 51' lang='lat' dir='ltr'><strong>surculorum</strong></span> <span class='ocrx_word' id='word_1_826' title='bbox 3345 5056 3786 5118; x_wconf 71' lang='lat' dir='ltr'><strong>laudabuntte.—i</strong></span> 
     </span>
    </p>
   </div>
   <div class='ocr_carea' id='block_1_112' title="bbox 2217 5144 3786 5222">
    <p class='ocr_par' dir='ltr' id='par_1_112' title="bbox 2217 5144 3786 5222">
     <span class='ocr_line' id='line_1_112' title="bbox 2217 5144 3786 5222; baseline 0.004 -22"><span class='ocrx_word' id='word_1_827' title='bbox 2217 5144 2371 5200; x_wconf 90' lang='lat' dir='ltr'><strong>Unde</strong></span> <span class='ocrx_word' id='word_1_828' title='bbox 2399 5157 2451 5202; x_wconf 91' lang='lat' dir='ltr'><strong>et</strong></span> <span class='ocrx_word' id='word_1_829' title='bbox 2485 5161 2600 5222; x_wconf 88' lang='lat' dir='ltr'><strong>mos</strong></span> <span class='ocrx_word' id='word_1_830' title='bbox 2646 5147 2912 5208; x_wconf 84' lang='lat' dir='ltr'><strong>incrcbuit</strong></span> <span class='ocrx_word' id='word_1_831' title='bbox 2950 5155 3009 5202; x_wconf 92' lang='lat' dir='ltr'><strong>ut</strong></span> <span class='ocrx_word' id='word_1_832' title='bbox 3051 5163 3148 5218; x_wconf 88' lang='lat' dir='ltr'><strong>per</strong></span> <span class='ocrx_word' id='word_1_833' title='bbox 3193 5149 3306 5205; x_wconf 85' lang='lat' dir='ltr'><strong>dies</strong></span> <span class='ocrx_word' id='word_1_834' title='bbox 3333 5147 3672 5214; x_wconf 67' lang='lat' dir='ltr'><strong>~aftlictiouis,</strong></span> <span class='ocrx_word' id='word_1_835' title='bbox 3702 5153 3786 5221; x_wconf 85' lang='lat' dir='ltr'><strong>qui</strong></span> 
     </span>
    </p>
   </div>
   <div class='ocr_carea' id='block_1_113' title="bbox 2215 5240 3786 5309">
    <p class='ocr_par' dir='ltr' id='par_1_113' title="bbox 2215 5240 3786 5309">
     <span class='ocr_line' id='line_1_113' title="bbox 2215 5240 3786 5309; baseline 0.003 -15"><span class='ocrx_word' id='word_1_836' title='bbox 2215 5250 2340 5296; x_wconf 87' lang='lat' dir='ltr'><strong>sunt</strong></span> <span class='ocrx_word' id='word_1_837' title='bbox 2387 5240 2823 5309; x_wconf 77' lang='lat' dir='ltr'><strong>Quadragesimtc</strong></span> <span class='ocrx_word' id='word_1_838' title='bbox 2871 5250 2996 5296; x_wconf 87' lang='lat' dir='ltr'><strong>ante</strong></span> <span class='ocrx_word' id='word_1_839' title='bbox 3041 5241 3281 5307; x_wconf 83' lang='lat' dir='ltr'><strong>Pascha,</strong></span> <span class='ocrx_word' id='word_1_840' title='bbox 3332 5259 3350 5292; x_wconf 80' lang='grc' dir='ltr'>ι</span> <span class='ocrx_word' id='word_1_841' title='bbox 3380 5242 3592 5298; x_wconf 87' lang='lat' dir='ltr'><strong>alleluia</strong></span> <span class='ocrx_word' id='word_1_842' title='bbox 3633 5264 3652 5296; x_wconf 70' lang='grc' dir='ltr'><strong><em>ι</em></strong></span> <span class='ocrx_word' id='word_1_843' title='bbox 3689 5259 3786 5298; x_wconf 87' lang='lat' dir='ltr'><strong>non</strong></span> 
     </span>
    </p>
   </div>
   <div class='ocr_carea' id='block_1_114' title="bbox 2215 5330 3786 5403">
    <p class='ocr_par' dir='ltr' id='par_1_114' title="bbox 2215 5330 3786 5403">
     <span class='ocr_line' id='line_1_114' title="bbox 2215 5330 3786 5403; baseline 0 -16"><span class='ocrx_word' id='word_1_844' title='bbox 2215 5340 2482 5394; x_wconf 88' lang='lat' dir='ltr'><strong>cantetur,</strong></span> <span class='ocrx_word' id='word_1_845' title='bbox 2515 5330 2638 5403; x_wconf 86' lang='lat' dir='ltr'><strong>quia</strong></span> <span class='ocrx_word' id='word_1_846' title='bbox 2669 5331 2783 5386; x_wconf 89' lang='lat' dir='ltr'><strong>dies</strong></span> <span class='ocrx_word' id='word_1_847' title='bbox 2826 5339 2952 5385; x_wconf 89' lang='lat' dir='ltr'><strong>sunt</strong></span> <span class='ocrx_word' id='word_1_848' title='bbox 2996 5330 3171 5387; x_wconf 87' lang='lat' dir='ltr'><strong>luctus</strong></span> <span class='ocrx_word' id='word_1_849' title='bbox 3212 5341 3267 5386; x_wconf 91' lang='lat' dir='ltr'><strong>et</strong></span> <span class='ocrx_word' id='word_1_850' title='bbox 3305 5331 3675 5401; x_wconf 65' lang='lat' dir='ltr'><strong>poenitentiae;</strong></span> <span class='ocrx_word' id='word_1_851' title='bbox 3709 5348 3786 5388; x_wconf 82' lang='lat' dir='ltr'><strong>re-</strong></span> 
     </span>
    </p>
   </div>
   <div class='ocr_carea' id='block_1_115' title="bbox 2215 5422 3786 5493">
    <p class='ocr_par' dir='ltr' id='par_1_115' title="bbox 2215 5422 3786 5493">
     <span class='ocr_line' id='line_1_115' title="bbox 2215 5422 3786 5493; baseline 0.001 -13"><span class='ocrx_word' id='word_1_852' title='bbox 2215 5427 2549 5484; x_wconf 87' lang='lat' dir='ltr'><strong>surrectione</strong></span> <span class='ocrx_word' id='word_1_853' title='bbox 2577 5432 2753 5481; x_wconf 89' lang='lat' dir='ltr'><strong>autem</strong></span> <span class='ocrx_word' id='word_1_854' title='bbox 2787 5422 3063 5479; x_wconf 91' lang='lat' dir='ltr'><strong>Dominica</strong></span> <span class='ocrx_word' id='word_1_855' title='bbox 3095 5433 3336 5493; x_wconf 88' lang='lat' dir='ltr'><strong>peracta,</strong></span> <span class='ocrx_word' id='word_1_856' title='bbox 3357 5425 3473 5481; x_wconf 89' lang='lat' dir='ltr'><strong>sine</strong></span> <span class='ocrx_word' id='word_1_857' title='bbox 3517 5424 3786 5482; x_wconf 81' lang='lat' dir='ltr'><strong>intermis-</strong></span> 
     </span>
    </p>
   </div>
   <div class='ocr_carea' id='block_1_116' title="bbox 2214 5495 3788 5586">
    <p class='ocr_par' dir='ltr' id='par_1_116' title="bbox 2214 5495 3788 5586">
     <span class='ocr_line' id='line_1_116' title="bbox 2214 5495 3788 5586; baseline 0.001 -17"><span class='ocrx_word' id='word_1_858' title='bbox 2214 5515 2364 5569; x_wconf 89' lang='lat' dir='ltr'><strong>sione</strong></span> <span class='ocrx_word' id='word_1_859' title='bbox 2398 5495 2665 5586; x_wconf 82' lang='lat' dir='ltr'><strong>cantetur.</strong></span> <span class='ocrx_word' id='word_1_860' title='bbox 2697 5512 3105 5586; x_wconf 80' lang='lat' dir='ltr'><strong>Pontifexergo</strong></span> <span class='ocrx_word' id='word_1_861' title='bbox 3128 5513 3217 5585; x_wconf 90' lang='lat' dir='ltr'><strong>qui</strong></span> <span class='ocrx_word' id='word_1_862' title='bbox 3250 5529 3372 5584; x_wconf 79' lang='lat' dir='ltr'><strong>eum</strong></span> <span class='ocrx_word' id='word_1_863' title='bbox 3403 5513 3788 5583; x_wconf 77' lang='lat' dir='ltr'><strong>discipulorum</strong></span> 
     </span>
    </p>
   </div>
   <div class='ocr_carea' id='block_1_117' title="bbox 2211 5585 3781 5683">
    <p class='ocr_par' dir='ltr' id='par_1_117' title="bbox 2211 5585 3781 5683">
     <span class='ocr_line' id='line_1_117' title="bbox 2211 5585 3781 5683; baseline -0.003 -22"><span class='ocrx_word' id='word_1_864' title='bbox 2211 5607 2458 5675; x_wconf 84' lang='lat' dir='ltr'><strong>imperita</strong></span> <span class='ocrx_word' id='word_1_865' title='bbox 2490 5585 2879 5683; x_wconf 75' lang='lat' dir='ltr'><strong>repugnatione</strong></span> <span class='ocrx_word' id='word_1_866' title='bbox 2909 5613 2958 5658; x_wconf 88' lang='lat' dir='ltr'><strong>et</strong></span> <span class='ocrx_word' id='word_1_867' title='bbox 2990 5604 3424 5682; x_wconf 80' lang='lat' dir='ltr'><strong>contradictione</strong></span> <span class='ocrx_word' id='word_1_868' title='bbox 3453 5603 3637 5659; x_wconf 78' lang='lat' dir='ltr'><strong>adhuc</strong></span> <span class='ocrx_word' id='word_1_869' title='bbox 3671 5619 3781 5670; x_wconf 54' lang='lat' dir='ltr'><strong>cer.</strong></span> 
     </span>
    </p>
   </div>
   <div class='ocr_carea' id='block_1_118' title="bbox 2212 5679 3778 5776">
    <p class='ocr_par' dir='ltr' id='par_1_118' title="bbox 2212 5679 3778 5776">
     <span class='ocr_line' id='line_1_118' title="bbox 2212 5679 3778 5776; baseline -0.002 -25"><span class='ocrx_word' id='word_1_870' title='bbox 2212 5706 2308 5761; x_wconf 90' lang='lat' dir='ltr'><strong>tat,</strong></span> <span class='ocrx_word' id='word_1_871' title='bbox 2354 5679 2932 5776; x_wconf 11' lang='lat' dir='ltr'><strong>adjutor‘ium‘q‘uidem</strong></span> <span class='ocrx_word' id='word_1_872' title='bbox 2965 5679 3175 5750; x_wconf 84' lang='lat' dir='ltr'><strong>Domini</strong></span> <span class='ocrx_word' id='word_1_873' title='bbox 3228 5694 3406 5766; x_wconf 78' lang='lat' dir='ltr'><strong>adea</strong></span> <span class='ocrx_word' id='word_1_874' title='bbox 3455 5694 3778 5760; x_wconf 75' lang='lat' dir='ltr'><strong>devincenda</strong></span> 
     </span>
    </p>
   </div>
   <div class='ocr_carea' id='block_1_119' title="bbox 2207 5769 3775 5860">
    <p class='ocr_par' dir='ltr' id='par_1_119' title="bbox 2207 5769 3775 5860">
     <span class='ocr_line' id='line_1_119' title="bbox 2207 5769 3775 5860; baseline -0.001 -19"><span class='ocrx_word' id='word_1_875' title='bbox 2207 5785 2432 5860; x_wconf 77' lang='lat' dir='ltr'><strong>ﬂagitat,</strong></span> <span class='ocrx_word' id='word_1_876' title='bbox 2458 5769 2668 5860; x_wconf 77' lang='lat' dir='ltr'><strong>alleluia</strong></span> <span class='ocrx_word' id='word_1_877' title='bbox 2695 5773 2881 5860; x_wconf 82' lang='lat' dir='ltr'><strong>autem</strong></span> <span class='ocrx_word' id='word_1_878' title='bbox 2927 5787 3102 5858; x_wconf 85' lang='lat' dir='ltr'><strong>adhuc</strong></span> <span class='ocrx_word' id='word_1_879' title='bbox 3145 5786 3372 5858; x_wconf 78' lang='lat' dir='ltr'><strong>pleniter</strong></span> <span class='ocrx_word' id='word_1_880' title='bbox 3401 5801 3523 5856; x_wconf 83' lang='lat' dir='ltr'><strong>cum</strong></span> <span class='ocrx_word' id='word_1_881' title='bbox 3559 5785 3640 5854; x_wconf 76' lang='lat' dir='ltr'><strong>eis</strong></span> <span class='ocrx_word' id='word_1_882' title='bbox 3681 5799 3775 5854; x_wconf 83' lang='lat' dir='ltr'><strong>non</strong></span> 
     </span>
    </p>
   </div>
   <div class='ocr_carea' id='block_1_120' title="bbox 522 5857 3776 5962">
    <p class='ocr_par' dir='ltr' id='par_1_120' title="bbox 522 5857 3776 5962">
     <span class='ocr_line' id='line_1_120' title="bbox 522 5857 3776 5962; baseline 0.001 -31"><span class='ocrx_word' id='word_1_883' title='bbox 522 5877 603 5932; x_wconf 88' lang='lat' dir='ltr'><strong>&#39;ab</strong></span> <span class='ocrx_word' id='word_1_884' title='bbox 643 5875 836 5948; x_wconf 80' lang='lat' dir='ltr'><strong>angulo</strong></span> <span class='ocrx_word' id='word_1_885' title='bbox 865 5873 1109 5932; x_wconf 85' lang='lat' dir='ltr'><strong>orientali</strong></span> <span class='ocrx_word' id='word_1_886' title='bbox 1162 5878 1354 5934; x_wconf 81' lang='lat' dir='ltr'><strong>dextro</strong></span> <span class='ocrx_word' id='word_1_887' title='bbox 1400 5880 1686 5934; x_wconf 84' lang='lat' dir='ltr'><strong>revertitur</strong></span> <span class='ocrx_word' id='word_1_888' title='bbox 1733 5881 1797 5934; x_wconf 89' lang='lat' dir='ltr'><strong>ad</strong></span> <span class='ocrx_word' id='word_1_889' title='bbox 1849 5879 2099 5951; x_wconf 78' lang='lat' dir='ltr'><strong>angulum</strong></span> <span class='ocrx_word' id='word_1_890' title='bbox 2205 5857 2407 5962; x_wconf 0' lang='lat' dir='ltr'><strong>caritati,</strong></span> <span class='ocrx_word' id='word_1_891' title='bbox 2429 5869 2563 5949; x_wconf 82' lang='lat' dir='ltr'><strong>quia</strong></span> <span class='ocrx_word' id='word_1_892' title='bbox 2591 5857 2886 5936; x_wconf 78' lang='lat' dir='ltr'><strong>secundum</strong></span> <span class='ocrx_word' id='word_1_893' title='bbox 2915 5877 3260 5958; x_wconf 22' lang='lat' dir='ltr'><strong>Scripturamz</strong></span> <span class='ocrx_word' id='word_1_894' title='bbox 3292 5893 3397 5950; x_wconf 87' lang='lat' dir='ltr'><strong>non</strong></span> <span class='ocrx_word' id='word_1_895' title='bbox 3432 5886 3517 5956; x_wconf 75' lang='lat' dir='ltr'><strong>est</strong></span> <span class='ocrx_word' id='word_1_896' title='bbox 3537 5877 3776 5951; x_wconf 70' lang='lat' dir='ltr'><strong>speciosa</strong></span> 
     </span>
    </p>
   </div>
  </div>
