4038 6420
312 469 423 543 353.

1434 464 1519 518 DE
1559 460 2014 518 DEDICATIONE
2054 458 2426 516 ECCLESIIE.

3436 462 3439 465 λ
3464 447 3582 510 854

313 588 431 644 laus
472 585 527 641 iu
565 598 659 640 ore
690 583 1011 654 peccatoris.
1044 581 1227 652 Neque
1258 582 1446 652 primis
1492 582 1669 636 adhuc
1710 580 1880 634 inbae-
1911 591 1959 651 Α
1985 576 2167 631 vimtm
2220 593 2343 631 cum
2400 590 2539 646 aqua
2591 576 2839 639 mistum,
2891 573 3194 629 insinuatur
3234 573 3359 642 quia
3401 586 3575 659 popu:

312 688 495 738 rentes
520 677 840 734 rudimentis
867 676 1045 731 adhuc
1071 685 1297 745 possunt
1329 690 1515 731 eorum
1556 673 1741 729 subire
1760 672 1885 728 ofﬁ-

310 772 457 828 cium
488 810 505 837 ,
555 786 782 842 quorum
834 769 1104 841 perfectus
1141 770 1353 825 animus
1399 770 1452 823 in
1496 768 1652 822 laude
1696 766 1882 822 Omni-

308 862 547 932 potentis
590 875 651 916 se
688 859 1029 917 solummodo
1070 858 1221 914 novit
1256 872 1541 929 occupare.
1572 855 1722 924 Quod
1751 856 1887 911 bene

308 954 494 1010 sciens
548 953 809 1024 propheta
867 952 1035 1007 David
1089 950 1324 1021 psalmos
1389 958 1592 1018 septem
1644 963 1780 1019 quos
1829 948 1887 1002 in

272 1044 470 1109 ~laude
521 1044 735 1101 Domini
784 1044 1126 1114 composuit,
1174 1054 1229 1099 et
1280 1042 1489 1099 alleluia
1542 1041 1695 1096 titulo
1746 1056 1887 1112 prae-

308 1140 520 1197 notavit
559 1148 618 1196 et
665 1139 770 1194 ﬁne
814 1138 1109 1203 conclusit,
1154 1151 1261 1194 non
1294 1138 1347 1191 in
1398 1135 1573 1205 capite
1606 1134 1884 1205 psalterii,

308 1248 417 1289 non
460 1234 518 1287 in
575 1233 791 1297 medio,
833 1232 914 1286 vel
965 1232 1020 1286 in
1073 1230 1175 1285 alia
1224 1228 1457 1299 qualibet
1508 1229 1760 1299 regione,
1795 1226 1889 1283 sed

309 1324 365 1378 in
412 1323 517 1378 ﬁne
576 1323 795 1393 posuit,
854 1333 1040 1391 aperte
1087 1322 1315 1375 innuens
1376 1318 1503 1389 quia
1558 1332 1743 1373 eorum
1804 1324 1889 1373 est

307 1415 524 1470 alleluia
566 1415 834 1471 veraciter
881 1422 1103 1469 cantare
1149 1415 1239 1483 qui
1286 1412 1396 1481 jam
1446 1411 1571 1466 vitia
1619 1410 1885 1476 evadere,

307 1516 368 1563 et
425 1508 479 1561 in
531 1507 769 1563 culmine
830 1505 1174 1576 perfectionis
1228 1510 1637 1575 perseveranter
1690 1510 1888 1556 norunt

307 1601 633 1656 consistere.
665 1600 896 1655 Econtra
930 1608 1110 1654 autem
1159 1614 1189 1652 a
1240 1597 1396 1652 laude
1436 1597 1529 1651 Dei
1568 1596 1890 1650 cohibentur

313 1694 409 1762 qui
432 1693 610 1748 adhuc
630 1693 774 1747 vitiis
793 1692 1066 1747 enervitcr
1081 1691 1450 1753 succumbunt,
1478 1688 1887 1745 dicenteeodem

269 1804 283 1834 ·.
308 1785 597 1842 Psalmista
630 1799 647 1839 :
683 1805 701 1838 ι
737 1784 1015 1841 Peccatori
1042 1792 1221 1839 autem
1250 1784 1391 1838 dixit
1412 1783 1554 1837 Deus
1584 1800 1597 1835 :
1629 1781 1808 1849 Quare
1832 1791 1887 1837 tu

306 1894 533 1936 euarras
544 1880 783 1951 justitias
803 1895 951 1935 meas
973 1888 1026 1933 et
1045 1877 1275 1933 assumis
1295 1884 1674 1933 testamentum
1710 1891 1887 1931 meum

1987 675 2071 728 ius
2117 686 2212 741 per
2260 686 2323 726 os
2370 670 2740 741 praedicatoris
2793 669 2981 723 instrui
3038 667 3227 734 debet,
3276 668 3421 738 quod
3467 667 3573 723 Do-

1988 764 2165 818 minus
2213 772 2396 817 noster
2446 772 2500 816 et
2547 761 2795 817 Salvator
2843 761 2986 816 Deus
3043 768 3125 815 est
3166 768 3223 815 et
3276 761 3474 826 homo,
3515 767 3575 815 et

1990 864 2244 922 tanquam
2286 853 2469 907 vinum
2493 842 2730 907 'mistutn
2774 853 2845 908 sit
2882 869 3055 923 aqua,
3102 869 3207 908 non
3247 862 3428 908 tamen
3457 851 3576 922 eius

1992 949 2246 1003 divinitas
2306 956 2389 1002 est
2443 962 2701 1002 conversa
2762 949 2815 1002 in
2880 947 3271 1003 humanitatem
3327 954 3421 1002 aut
3474 946 3577 1000 hu-

1989 1038 2221 1093 manitas
2266 1038 2319 1091 in
2368 1037 2737 1101 divinitatem,
2792 1037 2886 1092 sed
2944 1038 3287 1092 manentibus
3334 1037 3386 1090 in
3438 1036 3578 1091 inte-

1990 1131 2186 1200 gritate
2234 1129 2474 1195 naturis,
2528 1130 2777 1183 divinitas
2834 1130 3120 1199 assumpsit
3178 1130 3573 1184 humanitatem

1990 1235 2151 1274 unam
2202 1235 2488 1289 personam
2536 1218 2805 1285 efﬁciens,
2846 1234 2950 1274 non
2992 1228 3305 1274 naturarum
3330 1218 3575 1290 proprie-

1992 1324 2154 1370 tatem
2199 1324 2558 1369 eommutans.
2609 1312 2674 1366 Et
2717 1315 3003 1367 intuendus
3046 1312 3178 1368 ordo
3223 1326 3385 1382 quam
3450 1327 3574 1383 gra-

1990 1405 2155 1460 datim
2220 1414 2426 1476 pergat.
2494 1404 2729 1460 Primum
2787 1404 3023 1475 pontifex
3086 1404 3284 1459 ostium
3362 1402 3572 1474 aperit,

1991 1494 2184 1551 deinde
2247 1510 2345 1565 pro
2403 1496 2599 1565 p0pulo
2660 1503 2802 1550 orat.
2873 1494 2999 1550 Post
3054 1496 3169 1549 haec
3229 1494 3577 1563 alphabetum

1990 1586 2197 1643 scribit.
2243 1586 2370 1641 inde
2412 1601 2603 1656 aquam
2652 1602 2773 1642 cum
2823 1587 3006 1642 cinere
3049 1594 3104 1641 et
3148 1585 3226 1641 sal
3273 1584 3573 1649 benedicit,

1991 1679 2077 1735 cui
2139 1679 2322 1732 vinum
2390 1678 2691 1744 admiscet,
2748 1679 2875 1748 quia
2933 1679 3297 1748 unusquisque
3344 1676 3579 1746 primum

1989 1786 2085 1840 per
2146 1770 2500 1826 confessionis
2549 1781 2759 1841 portam
2813 1770 3021 1841 aperit;
3082 1770 3275 1825 deinde
3342 1766 3579 1822 cilicium

1992 1862 2287 1917 sacerdotis
2336 1871 2418 1917 est
2468 1878 2566 1932 pro
2612 1878 2678 1917 co
2725 1877 2883 1918 orare
2929 1871 2984 1916 et
3028 1861 3179 1931 quasi
3236 1860 3580 1915 catechume-

308 1984 410 2043 ρει*
434 1988 497 2027 os
543 1946 691 2028 unum
719 1973 740 2026 ?
775 1992 793 2025 ι
847 1970 983 2026 Hinc
1011 1980 1093 2026 εει
1133 1970 1274 2039 quod
1314 1969 1604 2039 Apostolus
1628 1969 1890 2039 quosdam
1920 1966 1967 2025 Β
1996 1968 2121 2006 num
2179 1951 2426 2018 eilicere;
2474 1952 2665 2011 deinde
2711 1952 2944 2023 qualiter
2975 1952 3119 2005 uniri
3166 1950 3335 2021 possit
3365 1946 3580 2018 corpori

310 2065 583 2131 hortatur,
608 2075 667 2120 ut
688 2079 809 2121 cum
833 2063 1138 2135 praepositis
1156 2062 1268 2117 suis
1288 2060 1501 2131 plenum
1524 2059 1737 2114 alleluia
1758 2074 1886 2114 can-

309 2167 426 2214 tare
491 2159 698 2229 possint
759 2159 942 2213 dicens
1010 2158 1090 2213 eis
1145 2174 1159 2209 :
1217 2174 1235 2207 ι
1299 2154 1523 2211 Obedite
1584 2152 1887 2223 praepositis

309 2253 531 2317 vestris,
585 2261 639 2307 et
688 2250 961 2321 subjacete
1004 2251 1083 2306 eis
1111 2289 1126 2314 ,
1182 2248 1281 2319 ipsi
1332 2247 1477 2302 enim
1526 2245 1886 2317 pervigilant,

304 2343 458 2411 quasi
502 2344 764 2396 rationem
804 2348 907 2411 pro
954 2341 1105 2396 vobis
1154 2340 1411 2397 reddituri
1441 2379 1455 2405 ,
1498 2346 1555 2393 et
1598 2352 1719 2391 cum
1761 2350 1890 2407 gau-

308 2435 397 2489 dio
467 2435 568 2489 hoc
634 2434 831 2489 facient
882 2443 939 2489 et
999 2448 1105 2488 non
1158 2440 1457 2500 gementes.
1515 2447 1534 2481 ι
1586 2428 1718 2483 Post
1777 2429 1891 2483 haec

308 2526 645 2581 benedieitur
692 2541 829 2596 aqua
878 2540 1000 2581 cum
1052 2525 1426 2581 commistione
1474 2522 1602 2576 salis
1657 2532 1713 2575 et
1750 2520 1893 2574 cine-

306 2618 401 2672 ris.
458 2617 667 2688 Aquam
721 2618 935 2687 quidem
989 2616 1291 2687 signiﬁcare
1352 2613 1606 2684 populum
1665 2618 1893 2666 testatur

282 2710 656 2782 -Apocalypsis
726 2711 989 2777 Joannis,
1062 2710 1287 2765 dicendo
1356 2724 1370 2761 :
1434 2725 1453 2759 ‹
1522 2708 1686 2775 Aquae
1747 2704 1893 2759 enim

306 2806 489 2876 populi
549 2816 707 2869 sunt;
771 2825 789 2858 ι
841 2805 932 2860 Sal
984 2813 1163 2861 autem
1220 2802 1462 2859 doctrina
1498 2800 1659 2856 Verbi
1702 2798 1889 2853 divini.

313 2893 469 2952 Unde
533 2896 585 2949 in
620 2895 759 2965 Lege
822 2896 1132 2966 pragcipitur
1188 2904 1246 2948 ut
1303 2894 1353 2947 in
1410 2892 1557 2947 omni
1623 2888 1894 2945 sacriﬁcio

306 2989 386 3045 sal
439 2987 724 3055 olim-auir,
772 2989 984 3046 dicente
1033 2988 1340 3062 legislature
1381 3003 1401 3047 ;
1455 3003 1473 3039 ι
1504 2986 1579 3043 ,ln
1624 2985 1770 3041 omni
1809 2998 1895 3038 sa-

306 3080 512 3136 criﬁcio
561 3081 754 3138 oiieres
801 3083 915 3148 sal,
971 3097 1070 3136 nec
1116 3080 1330 3137 auferes
1386 3080 1467 3136 sal
1515 3079 1737 3134 foederis
1794 3081 1899 3134 Do—

309 3172 439 3227 mini
477 3171 570 3229 Dei
610 3174 683 3228 tui
738 3174 804 3229 de
849 3172 1118 3229 sacriﬁcio
1149 3172 1295 3241 ejus,
1337 3190 1357 3225 r
1403 3172 1549 3243 quod
1595 3180 1679 3226 est
1713 3179 1897 3241 aperte

288 3262 491 3319 dicere
542 3282 555 3317 :
602 3265 783 3321 omnia
836 3260 956 3335 qua:
1005 3266 1112 3320 Deo
1164 3263 1361 3320 olferre
1411 3263 1647 3320 volueris
1694 3277 1895 3332 opera,

1988 2044 2072 2098 sui
2120 2042 2417 2098 Salvatoris
2456 2058 2553 2114 per
2589 2058 2798 2099 sacram
2848 2044 3146 2100 doctrinam
3186 2042 3413 2106 docere,
3452 2039 3581 2095 inde

1990 2133 2220 2203 qualiter
2268 2135 2412 2190 Deus
2459 2145 2514 2189 et
2563 2136 2725 2190 homo
2775 2136 2847 2191 sit
2884 2134 3133 2192 Christus
3179 2135 3421 2191 studiose
3449 2148 3583 2189 con-

1992 2226 2238 2292 tradere,
2281 2227 2348 2281 ad
2392 2227 2638 2282 ultimum
2687 2242 2845 2282 sacro
2888 2226 3033 2284 fonte
3080 2226 3376 2299 purificari.
3407 2225 3581 2294 Quem

1990 2316 2235 2372 ordinem
2292 2318 2496 2383 tenuit,
2549 2328 2604 2373 et
2652 2320 2940 2374 tenendum
2997 2334 3097 2374 suo
3138 2318 3383 2389 exemplo
3433 2316 3587 2372 dedi-

1991 2412 2152 2467 cavit.
2205 2412 2302 2467 Cui
2358 2428 2480 2468 cum
2533 2422 2715 2468 mutus
2767 2422 2822 2467 et
2878 2412 3075 2469 surdus
3131 2412 3343 2467 oblatus
3397 2416 3479 2465 est
3527 2414 3583 2465 et

1993 2504 2295 2569 sanandus,
2327 2504 2514 2559 eduxit
2546 2520 2667 2559 eum
2700 2504 2768 2560 de
2820 2507 2976 2559 turba
3021 2518 3263 2560 seorsum
3286 2543 3302 2568 ,
3345 2509 3400 2557 et
3434 2500 3584 2556 misit

1994 2597 2188 2667 digitos
2241 2612 2367 2652 suos
2419 2598 2470 2650 in
2528 2597 2818 2662 auriculas,
2861 2606 2916 2651 et
2965 2610 3204 2667 expuens
3261 2594 3439 2664 tetigit
3475 2593 3581 2647 liu-

1994 2704 2150 2762 gnam
2197 2688 2354 2758 ejus,
2400 2698 2457 2744 et
2502 2691 2803 2759 suspiciens
2852 2690 2903 2743 in
2962 2689 3159 2743 emtum
3204 2687 3494 2755 ingemuit,
3528 2692 3584 2741 et

1996 2781 2071 2834 ait
2130 2779 2205 2834 illi
2265 2797 2278 2834 :
2341 2796 2359 2831 α
2414 2779 2619 2849 Epheta
2694 2778 2835 2847 quod
2906 2786 2989 2832 est
3064 2776 3365 2846 adaperire.
3420 2795 3443 2826 θ
3506 2774 3581 2827 Dc

1999 2872 2153 2927 turba
2203 2887 2430 2941 namque
2475 2872 2595 2940 quis
2639 2871 2919 2935 educitur,
2966 2885 3088 2924 cum
3138 2867 3407 2938 prioribus
3437 2866 3583 2921 vitiis

1998 2980 2094 3036 per
2161 2964 2550 3022 confessionem
2621 2972 2678 3020 et
2744 2962 3140 3024 abdicationem
3215 2958 3575 3015 abrenuntiat.

1998 3059 2157 3130 Digiti
2206 3060 2272 3113 in
2318 3057 2587 3113 auriculas
2638 3058 2956 3121 mittuntur;
3011 3070 3130 3109 cum
3184 3052 3366 3107 audito
3421 3051 3582 3105 verbo

2000 3152 2094 3207 Dei
2148 3152 2529 3206 catechizatur.
2601 3148 2855 3219 Suspexit
2921 3158 3099 3203 autem
3164 3147 3215 3201 in
3279 3144 3477 3202 omium
3530 3150 3585 3196 et

2001 3244 2292 3316 ingemuit,
2319 3251 2375 3298 ut
2417 3244 2726 3297 sacerdotes
2771 3240 2865 3295 Dei
2904 3240 3133 3294 doceant
3178 3236 3389 3291 Domini
3421 3235 3584 3288 mise-

306 3357 632 3413 auctoritate
703 3323 1025 3413 condiantur
1086 3356 1286 3411 divina.
1343 3354 1455 3411 Nec
1524 3323 1746 3425 aliquid.
1923 3349 1967 3414 C
1999 3334 2287 3390 'icordiam
2332 3349 2455 3388 cm“
2499 3333 2702 3404 Gemit“
2751 3338 2934 3425 Ρθῑθτθ
2972 3344 3070 3400 Pro
3118 3328 3198 3425 {is
3237 3327 3432 3425 (ἰρίβυξ
3465 3323 3584 3378 “'05

307 3457 463 3519 putes
512 3458 724 3519 gratum
782 3452 1076 3521 quodnon
1128 3452 1291 3507 fuerit
1343 3451 1491 3506 illius
1546 3451 1662 3523 lege
1716 3452 1893 3507 sanci-

310 3551 442 3598 tum.
490 3543 639 3600 Cinis
682 3554 865 3600 autem
903 3545 1172 3616 signiﬁcat
1222 3546 1740 3599 consummationem
1790 3543 1893 3598 Do-

311 3634 521 3691 minicc
572 3636 869 3706 passionis,
918 3648 1078 3707 quam
1137 3634 1475 3706 signiﬁcabat
1528 3634 1664 3689 cinis
1714 3634 1894 3689 vitulae

308 3726 454 3783 illius
504 3743 626 3799 qua!
673 3728 899 3785 mactari
952 3728 1101 3799 iussa
1149 3736 1232 3783 est
1283 3727 1337 3781 in
1402 3726 1519 3797 lege
1582 3726 1648 3780 ad
1706 3726 1892 3794 expla-

312 3822 510 3879 tionem
571 3824 766 3895 populi.
822 3822 971 3879 Cinis
1030 3836 1264 3895 namque
1306 3822 1491 3878 vitulaa
1547 3822 1725 3877 rubea:
1764 3836 1893 3877 caro

308 3922 395 3969 est
454 3914 783 3978 Salvutoris,
838 3916 1000 3969 rubra
1063 3928 1159 3985 per
1212 3916 1529 3983 sanguinem
1595 3914 1775 3969 crucis
1840 3919 1895 3968 et

306 4004 498 4062 ekusta
533 4006 663 4078 igne
705 4006 1084 4062 tribulationis.
1126 4007 1264 4063 Hinc
1309 4007 1421 4078 ipse
1458 4005 1739 4071 Salvator,
1770 4020 1893 4060 cum

306 4098 463 4166 quasi
519 4096 737 4166 quidam
796 4098 954 4152 torris
1008 4099 1315 4153 exurendus
1369 4097 1767 4167 quodammodo
1826 4096 1896 4151 ad

310 4190 490 4260 ignem
548 4190 836 4245 duceretur
885 4190 1171 4261 passionis,
1204 4191 1281 4246 ait
1329 4209 1342 4245 :
1398 4207 1418 4243 ι
1463 4191 1521 4246 Si
1573 4191 1717 4245 enim
1768 4205 1896 4245 san-

300 4281 431 4351 guis
522 4279 793 4335 hircorum
856 4288 912 4335 et
975 4277 1262 4335 vitulorum
1295 4321 1310 4347 ,
1376 4289 1433 4336 et
1509 4281 1646 4335 cinis
1719 4278 1898 4335 vitulae

312 4385 569 4441 aspersus
622 4373 931 4441 inquinatos
985 4373 1289 4428 sanctiﬁcat
1347 4371 1413 4427 ad
1460 4372 1897 4428 cmundationem

300 4463 534 4530 carnis,
608 4471 812 4533 quanto
873 4464 1043 4535 magis
1115 4464 1333 4533 sanguis
1399 4461 1600 4520 Christi
1654 4462 1743 4531 qui
1801 4477 1897 4531 per

313 4556 573 4627 Spiritum
626 4563 870 4612 sanctum
935 4558 1282 4626 semetipsum
1343 4555 1537 4611 obtulit
1586 4555 1899 4610 immacula-

317 4660 427 4705 tum
494 4651 638 4716 Deo,
701 4650 1017 4705 emundabit
1078 4648 1459 4705 conscientiam
1528 4657 1769 4703 nostram
1832 4647 1899 4702 ab

1991 3428 2214 3499 contigit
2264 3440 2519 3498 praeesse.
2570 3427 2645 3481 De
2688 3424 2858 3481 saliva
2906 3432 3084 3477 autem
3134 3420 3343 3475 Domini
3400 3418 3582 3487 lingua

1992 3518 2230 3588 tangitur
2280 3518 2455 3582 muti,
2513 3525 2573 3571 ut
2642 3517 2821 3571 divino
2883 3515 3048 3571 verbo
3105 3513 3443 3569 instruantur
3491 3509 3583 3579 qui

1992 3612 2163 3667 sacris
2216 3610 2489 3683 mysteriis
2530 3610 2831 3665 initiantur.

1998 3722 2140 3790 Quid
2177 3724 2243 3778 sit
2288 3722 2430 3786 quod
2469 3723 2711 3777 sacerdos
2748 3737 2842 3792 per
2876 3732 3105 3792 quatuor
3140 3718 3326 3773 altaris
3384 3728 3581 3770 cornua

2481 3794 2643 3864 digito
2683 3809 2888 3847 crucem
2928 3792 3075 3862 facit.

2064 3906 2193 3963 Post
2245 3907 2361 3964 hmc
2422 3907 2582 3979 tingit
2630 3908 2883 3963 sacerdos
2942 3906 3167 3975 digitum
3221 3905 3274 3958 in
3323 3916 3498 3973 aqua,
3530 3902 3587 3955 et

1995 3998 2125 4056 facit
2168 4010 2383 4056 erucem
2436 4015 2537 4070 per
2595 4008 2827 4069 quatuor
2887 4012 3091 4054 cornua
3146 3995 3361 4051 altaris.
3402 3993 3587 4047 Altare

1996 4104 2228 4162 namque
2276 4090 2532 4147 Ecclesia:
2584 4092 2810 4163 ﬁguram
2864 4090 3103 4161 praefert.
3157 4087 3307 4154 Quod
3357 4093 3589 4154 quattuor

1996 4199 2196 4239 cornua
2240 4184 2437 4249 habet,
2493 4182 2617 4253 quia
2666 4194 2762 4252 per
2813 4191 3046 4252 quatuor
3101 4178 3284 4233 mundi
3338 4175 3588 4232 cardines

1998 4276 2296 4343 dilatatur,
2347 4277 2486 4332 sicut
2538 4276 2666 4330 olim
2722 4275 2952 4329 Abrahae
2997 4271 3383 4342 repromissum
3435 4274 3516 4321 est
3555 4282 3587 4319 a

1998 4369 2227 4425 Domino
2278 4387 2289 4422 :
2351 4386 2368 4420 ‹
2416 4367 2740 4422 Dilataberis
2787 4365 2852 4420 ad
2906 4365 3169 4418 orientem
3229 4369 3281 4414 et
3334 4358 3590 4413 occiden-

2000 4470 2107 4517 tem
2135 4502 2149 4528 ,
2220 4460 2643 4529 septentrionem
2688 4466 2742 4511 et
2804 4455 3105 4510 meridiem.
3157 4470 3175 4503 ι
3212 4451 3278 4505 Ει
3346 4449 3480 4502 bene
3525 4447 3591 4500 de

2000 4568 2138 4623 aqua
2186 4566 2319 4607 crux
2368 4550 2428 4605 ﬁt
2478 4564 2641 4619 super
2690 4546 2857 4601 altare
2917 4561 3011 4614 per
3063 4550 3298 4613 quatuor
3352 4552 3588 4600 cornua,

2001 4651 2061 4697 ut
2126 4642 2524 4697 demonstretur
2588 4654 2801 4693 onmem
2866 4636 3159 4691 Ecclesium
3226 4630 3590 4687 mundandam

315 4742 569 4812 operibus
622 4743 849 4797 mOrtuis
898 4742 965 4795 ad
1018 4741 1364 4797 serviendum
1422 4739 1532 4794 Deo
1583 4738 1827 4792 viventi?
1871 4757 1890 4789 ι
1924 4708 2119 4790 Desse
2165 4750 2195 4787 a
2255 4732 2503 4787 sordibus
2565 4739 2904 4800 peccatorum
2961 4742 3057 4796 per
3116 4725 3389 4778 lavacrum
3441 4734 3593 4787 aqum

313 4836 468 4905 Aqua
526 4848 655 4905 ergo
692 4833 1054 4899 benedicitur,
1105 4840 1157 4887 et
1217 4840 1278 4887 ut
1333 4829 1658 4886 sanctificari
1704 4828 1894 4897 possit,

314 4926 397 4983 sal
439 4926 490 4982 ei
533 4930 657 4981 cum
700 4925 880 4981 cinere
920 4926 1210 4991 miscetur,
1256 4936 1379 4977 cum
1422 4920 1598 4992 populi
1640 4933 1736 4989 per
1763 4934 1900 4989 pon-

316 5019 479 5076 tiﬁcis
507 5018 738 5074 oiiicium
788 5027 849 5073 ut
896 5018 1217 5074 sanctiﬁcari
1264 5017 1473 5088 possint
1505 5022 1557 5071 et
1604 5015 1769 5070 verbo
1806 5013 1902 5069 Dei

321 5115 667 5175 imbuuntur,
734 5119 822 5177 et,
878 5110 1108 5179 qualiter
1160 5110 1376 5166 Christo
1434 5116 1685 5178 tanquam
1742 5106 1903 5175 capiti

319 5222 515 5280 corpus
540 5219 634 5277 per
664 5204 781 5273 ejus
807 5204 1109 5275 passionem
1140 5202 1531 5272 conjungantur
1564 5209 1617 5253 et
1653 5196 1898 5253 sanctiﬁ-

316 5310 547 5365 centur,
595 5296 923 5354 suillcienter
974 5297 1334 5352 instruuntur.
1390 5293 1478 5348 Fit
1538 5301 1716 5347 autem
1769 5305 1903 5344 crux

314 5407 486 5465 super
537 5402 734 5462 aquam
801 5404 866 5445 ex
921 5388 1032 5444 sale
1098 5396 1155 5442 et
1214 5387 1397 5442 cinere
1467 5400 1587 5440 cum
1645 5383 1906 5439 docentur

318 5482 502 5557 populi
568 5490 767 5540 sanctae
828 5479 1077 5536 'l‘rinitati
1133 5479 1338 5550 gratias
1399 5476 1605 5532 referre
1659 5490 1757 5544 pro
1809 5488 1907 5528 sua

320 5576 624 5632 eruditione
668 5584 830 5645 atque
876 5571 1261 5642 redemptione.
1312 5567 1449 5623 Huic
1495 5581 1624 5622 vero
1668 5566 1907 5619 misturae

320 5668 538 5723 additur
582 5668 764 5723 vinum
819 5680 941 5722 cum
994 5678 1170 5735 aqua;
1218 5677 1337 5733 quae
1392 5661 1499 5715 duo
1541 5657 1809 5730 geminam
1854 5657 1907 5710 in

327 5762 555 5817 Domino
580 5759 705 5816 Jesu
734 5758 948 5815 Christo
972 5754 1265 5826 przeferunt
1294 5760 1539 5807 naturam
1573 5749 1625 5802 in
1665 5762 1765 5800 una
1794 5760 1911 5816 per-

324 5867 477 5910 sona.
505 5854 659 5922 Aqua
681 5852 824 5908 enim
846 5847 1258 5911 humanitatem,
1280 5846 1462 5899 vinum
1492 5854 1622 5896 vero
1641 5838 1909 5908 significat

328 5945 681 6001 divinitatem.
733 5943 868 5998 Dum
912 5956 1044 6012 ergo
1063 5941 1299 5997 misturze
1339 5934 1604 6007 superiori
1655 5931 1910 5988 miscetur

1999 4834 2054 4881 et
2102 4840 2194 4894 per
2245 4822 2422 4877 crucis
2479 4821 2806 4891 passionem.
2851 4818 2991 4871 Bene
3045 4830 3140 4884 per
3191 4820 3422 4883 quatuor
3472 4823 3626 4862 cor-n

2004 4933 2145 4981 nua,
2220 4925 2276 4970 ut
2342 4916 2737 4969 demonstretur
2804 4910 3005 4963 nullum
3077 4904 3450 4974 excipiendum
3526 4913 3596 4953 ex

2004 5009 2319 5066 salvatione.
2357 5006 2459 5062 Sed
2504 5007 2644 5061 sicut
2673 5005 2802 5059 dicit
2849 5001 3136 5071 Apostolus
3169 5016 3182 5051 :
3222 5016 3240 5048 ι
3282 4996 3340 5050 In
3375 4993 3595 5048 Christo

2004 5100 2131 5156 Jesu
2196 5114 2301 5155 non
2355 5106 2437 5152 est
2490 5095 2742 5161 Judacus,
2806 5109 2979 5163 neque
3032 5091 3289 5152 Graecus,
3343 5098 3448 5138 non
3510 5092 3595 5138 est

2005 5209 2235 5257 servus,
2292 5204 2463 5260 neque
2520 5189 2693 5251 liber,
2751 5202 2854 5240 non
2909 5191 2990 5238 est
3050 5179 3359 5242 masculus,
3421 5186 3595 5241 neque

2006 5283 2246 5349 femina,
2304 5284 2396 5337 sed
2446 5296 2633 5336 omnes
2694 5279 2748 5333 in
2808 5276 3023 5332 Christo
3088 5286 3252 5325 unum
3315 5279 3521 5321 sumus.
3570 5282 3587 5314 ι

2008 5374 2136 5430 inde
2186 5374 2333 5427 venit
2384 5381 2507 5427 ante
2557 5370 2763 5431 altare,
2822 5374 2874 5422 ct
2919 5364 3154 5435 aspergit
3205 5359 3333 5414 illud
3390 5366 3594 5424 septem

2008 5468 2237 5523 vicibus.
2292 5465 2613 5537 Septenario
2672 5476 2897 5517 numero
2937 5458 3210 5530 plenitudo
3263 5451 3595 5524 signiﬁcatur

2011 5558 2246 5629 Spiritus
2270 5554 2439 5611 sancti
2469 5597 2482 5619 ,
2520 5563 2749 5610 testante
2779 5552 2911 5605 Isaia
2938 5590 2951 5615 ,
2995 5548 3083 5617 qui
3114 5547 3179 5601 dc
3212 5543 3440 5598 Domino
3471 5541 3545 5593 ait
3580 5557 3592 5592 :

2018 5666 2036 5700 ι
2086 5647 2152 5702 Et
2202 5646 2505 5716 requiescet
2543 5658 2704 5713 super
2750 5654 2869 5695 eum
2909 5639 3142 5709 Spiritus
3174 5633 3433 5695 Domini,
3484 5629 3599 5699 Spi-

2012 5744 2151 5798 ritus
2200 5740 2479 5811 sapientiac
2530 5748 2585 5792 et
2647 5736 2967 5800 intellectus,
3003 5732 3236 5803 Spiritus
3287 5724 3496 5783 consilii
3544 5729 3600 5775 et

2013 5833 2373 5895 fortitudinis,
2433 5830 2665 5900 Spiritus
2714 5826 2950 5883 scientias
2995 5831 3050 5878 et
3097 5820 3355 5893 pietatis,
3404 5823 3459 5870 et
3513 5826 3601 5866 re-

2014 5926 2179 5997 plebit
2200 5938 2322 5980 eum
2348 5922 2581 5995 Spiritus
2603 5918 2812 5977 timoris
2839 5914 3071 5974 Domini.
3106 5931 3124 5968 ι
3143 5911 3217 5969 Ut
3233 5924 3363 5981 ergo
3384 5908 3602 5964 demon-
