4038 6424
525 438 634 502 855

1075 441 1331 502 REMIGII
1367 442 2021 504 ANTISSIODORENSIS
2057 445 2208 504 OPP.
2249 448 2450 508 PARS.
2486 451 2548 507 ll.
2580 484 2652 497 ——
2688 454 3186 519 MISCELLANEA.

3684 468 3796 526 856'

519 543 733 625 streutr
772 562 899 636 quia
949 561 1187 635 Spiritus
1226 572 1447 622 sanctus
1492 567 1777 637 baptizatis
1824 567 2101 633 tribuitur,
2131 571 2181 630 Α
2212 571 2293 635 ni,
2346 580 2454 626 tam
2503 589 2635 630 voce
2680 592 2841 648 quam
2896 595 3059 652 opere
3099 583 3346 656 ingerere
3387 589 3617 646 dicendo
3666 611 3793 650 cum

518 657 643 728 iure
664 664 870 727 septem
894 655 1103 711 vicibus
1147 656 1316 713 altare
1367 656 1700 714 sanctificata
1729 674 1868 730 aqua
1893 674 2107 730 resper-

522 749 688 820 gitur.
716 746 992 819 Hyssopus
1026 755 1206 802 autem
1254 762 1374 802 cum
1404 765 1512 820 quo
1538 752 1728 806 eadem
1762 765 1904 822 aqua
1949 765 2105 821 spar-

521 841 675 912 gitur
705 840 875 896 herba
925 848 1010 896 cst
1058 840 1307 905 humilis,
1357 857 1479 913 qua:
1529 843 1802 899 radicibus
1850 858 2105 899 saxorum

520 931 723 988 dicitur
768 941 1054 1002 penetrare
1105 931 1358 986 duritiam
1407 940 1463 988 et
1515 933 1863 988 interioribus
1907 948 2103 1003 pecca-

523 1022 657 1078 toris
685 1020 780 1094 [αι.
809 1018 1066 1093 pectoris]
1096 1021 1342 1076 medetur
1361 1020 1736 1087 incommodis,
1764 1020 1916 1092 cujus
1937 1021 2102 1077 etiam

519 1111 804 1182 aspergine
858 1110 1210 1166 immunditiae
1258 1110 1660 1167 delebanturln
1692 1111 1841 1183 lege,
1891 1110 2101 1182 signifi-

517 1217 652 1258 cans
717 1201 1073 1258 humilitatem
1139 1201 1341 1258 Christi
1409 1219 1528 1274 quae
1585 1202 1840 1259 duritiam
1901 1211 2100 1260 nostra:

515 1291 897 1348 obstinationis
917 1291 1238 1361 confringit,
1265 1293 1650 1365 passionesque
1675 1305 1836 1366 atque
1864 1295 2100 1350 immun-

515 1384 680 1440 ditias
730 1384 1017 1440 interiores
1050 1399 1243 1440 curare
1271 1385 1437 1440 novit.
1462 1384 1615 1455 Aqua
1647 1401 1776 1457 ergo
1821 1402 1941 1442 cum
1972 1387 2104 1458 hys-

514 1491 646 1547 sopo
706 1476 1012 1547 aspergitur
1070 1490 1192 1531 cum
1244 1474 1544 1547 baptismus
1599 1476 1801 1533 Christi
1846 1478 2100 1548 passione

512 1569 884 1626 sanctificatus
910 1567 1163 1624 Ecclesia:
1190 1567 1464 1624 tribuitur.
1489 1567 1693 1625 Circuit
1716 1578 1898 1625 autem
1926 1570 2098 1625 altare

511 1660 816 1731 spargendo
871 1659 1117 1716 eamdem
1166 1673 1398 1730 aquam,
1443 1667 1502 1714 ut
1547 1659 1814 1731 significet
1848 1661 2097 1718 doctores

509 1768 618 1808 non
651 1753 848 1808 debere
877 1753 990 1808 otio
1019 1751 1326 1823 indulgere,
1360 1752 1453 1808 sed
1497 1767 1686 1808 eorum
1719 1767 1932 1824 semper
1961 1769 2096 1824 quos

505 1845 738 1902 Domino
767 1845 1103 1901 initiaverint
1133 1861 1322 1902 curam
1353 1859 1540 1916 gerere
1569 1855 1623 1900 et
1649 1861 1839 1902 eorum
1867 1848 2096 1903 munda-

2207 662 2503 732 Aposlolo:
2559 684 2579 718 ι
2638 667 2864 740 Semper
2911 674 3376 734 mortificationem
3430 681 3635 740 Christi
3686 688 3796 741 cir-

2207 754 2571 813 cumferentes
2615 758 2670 813 in
2727 763 3044 832 corporibus
3096 770 3336 836 nostris,
3397 780 3457 826 ut
3503 773 3616 830 vita
3663 774 3795 832 Iesu

2207 849 2586 905 manifestetur
2605 851 2658 907 in
2679 855 2852 910 nobis.
2875 875 2896 910 ι
2922 856 2989 912 Εῐ
3013 869 3232 917 cantare
3248 860 3508 921 dicendo:
3539 885 3558 919 ι
3584 867 3796 926 Domus

2206 953 2324 995 mea
2352 942 2541 997 domus
2565 945 2824 1002 orationis
2851 951 3169 1018 vocabitur;
3210 973 3229 1006 ι
3275 964 3333 1010 ιιι
3377 956 3584 1014 scilicet
3620 960 3792 1016 talem

2205 1035 2489 1092 ecclesiam
2531 1038 2624 1094 Dei
2652 1052 2917 1111 praeparet
2945 1061 3064 1116 quae
3101 1064 3206 1104 non
3241 1049 3314 1105 sit
3336 1053 3590 1123 spelunca
3616 1055 3792 1112 latro-

2205 1139 2356 1191 num,
2379 1128 2472 1183 sed
2487 1130 2684 1206 domus
2705 1133 2988 1202 orationis,
3014 1137 3063 1190 id
3092 1147 3174 1194 est
3197 1155 3266 1194 ne
3290 1140 3438 1200 fures
3459 1154 3516 1200 et
3541 1144 3792 1204 latrones

2200 1406 2263 1490 ut
2296 1401 2424 1490 rsive
2468 1405 2825 1469 manducent,
2872 1408 2987 1464 sive
3037 1411 3256 1478 bibant,
3308 1416 3423 1471 sive
3455 1417 3603 1474 aliud
3654 1421 3791 1490 quid

2199 1489 2404 1547 faciant
2434 1491 2488 1549 in
2540 1494 2764 1565 gloriam
2807 1498 3019 1556 Domini
3069 1503 3300 1572 faciant,
3351 1515 3407 1562 et
3455 1489 3793 1566 benedicant

2200 1583 2487 1641 Dominum
2514 1586 2567 1642 in
2590 1590 2735 1644 omni
2767 1598 3034 1663 tempore,
3077 1604 3132 1650 et
3178 1610 3390 1668 semper
3416 1599 3533 1656 laus
3576 1601 3676 1657 Dei
3729 1605 3788 1658 in

2199 1688 2296 1730 ore
2343 1691 2559 1745 eorum,
2607 1679 2838 1750 qualiter
2880 1699 3096 1740 versum
3144 1687 3558 1759 subsequentem
3605 1692 3790 1748 libera

2197 1767 2370 1836 possit
2389 1782 2523 1824 voce
2547 1779 2805 1826 cantare:
2841 1792 2859 1824 α
2888 1772 3131 1831 Narrabo
3159 1792 3355 1832 nomen
3388 1788 3536 1834 tuum
3587 1780 3790 1836 fratri-

2196 1855 2298 1913 bus
2319 1858 2480 1923 meis,
2511 1858 2566 1914 in
2613 1860 2790 1918 medio
2834 1864 3077 1920 ecclesia:
3102 1865 3334 1924 laudabo
3375 1880 3458 1938 te,
3499 1892 3518 1924 ι
3553 1873 3787 1930 imitans

507 1937 640 1993 ιῖοηί
690 1953 909 2008 Operam
961 1937 1122 2003 dare;
1189 1945 1250 1992 ιιι
1301 1936 1559 1992 Dominus
1612 1936 1793 1992 ητίιιθῐ
1837 1938 2088 2008 angelum
2119 1925 2168 1986 Β
2195 1949 2482 2008 Dominum
2511 1954 2602 2025 qui
2624 1969 2912 2027 resurgens
2939 1973 2968 2012 a
3000 1960 3229 2016 mortuis
3255 1925 3784 2022 dixitmulieribus:

504 2043 661 2084 suum
692 2030 744 2086 in
792 2029 1018 2085 circuitu
1049 2044 1238 2085 eorum
1281 2036 1337 2084 et
1371 2029 1566 2100 eripiat
1607 2044 1703 2085 eos
1732 2030 2088 2086 continuatim

501 2136 683 2177 orare.
713 2120 920 2177 Circuit
955 2129 1136 2176 autem
1185 2129 1355 2176 totam
1411 2119 1696 2177 ecclesiam
1749 2130 1804 2177 et
1851 2124 2088 2195 aspergit

500 2212 739 2280 parietes
766 2210 907 2266 illius
929 2251 944 2276 ,
973 2219 1035 2266 ut
1067 2211 1401 2267 demonstret
1444 2225 1503 2266 se
1529 2225 1745 2266 omnem
1771 2227 1955 2267 curam
1986 2213 2090 2268 im-

499 2305 737 2374 pendere
766 2305 982 2375 utrique
1013 2303 1199 2370 sexui,
1243 2302 1388 2358 omni
1428 2303 1570 2358 :etati
1590 2344 1606 2369 ,
1637 2303 1784 2360 omni
1812 2304 2083 2376 dignitati.

499 2396 708 2453 Deinde
755 2397 950 2452 iterum
987 2396 1212 2454 veniens
1260 2404 1387 2452 ante
1437 2395 1609 2451 altare
1650 2397 1918 2469 respergit
1954 2397 2085 2454 illud

465 2490 740 2556 .secundo
797 2498 854 2545 et
898 2505 1112 2546 omnem
1160 2489 1472 2556 ecclesiam,
1530 2489 1730 2546 docens
1761 2506 1868 2547 non
1907 2491 2082 2547 solum

499 2581 820 2636 mundatum
873 2579 1068 2636 dobere
1113 2595 1236 2636 esse
1283 2579 1588 2652 quempiam
1634 2579 1729 2653 [αι.
1765 2583 2083 2640 cessandoa

496 2671 747 2745 peccato]
785 2687 815 2727 a
862 2679 1086 2744 peccato
1107 2672 1318 2742 operis,
1367 2672 1463 2729 sed
1506 2673 1671 2729 etiam
1719 2674 2078 2746 cogitationis.

496 2764 652 2834 Quod
682 2765 922 2821 ostendit
950 2765 1210 2821 Dominus
1237 2765 1291 2820 in
1322 2763 1644 2839 Evangelio,
1669 2766 1856 2824 dicens
1881 2786 1894 2823 :
1924 2788 1944 2821 ‹
1974 2773 2082 2824 Λιι-

497 2858 656 2914 distis
688 2858 815 2928 quia
842 2857 1040 2913 dictum
1070 2867 1155 2914 est
1197 2858 1472 2929 antiquis:
1515 2857 1632 2915 Non
1675 2861 1928 2926 occides;
1976 2878 2078 2933 ego

494 2957 679 3003 autem
702 2949 822 3003 dico
851 2947 1037 3013 vobis,
1066 2949 1194 3018 quia
1223 2948 1315 3018 qui
1355 2949 1610 3005 irascitur
1638 2949 1795 3006 fratri
1823 2967 1923 3008 suo
1953 2968 2076 3009 reus

491 3037 839 3107 eritjudicio.
884 3057 903 3091 ι
943 3038 1168 3094 Gemina
1199 3054 1330 3111 ergo
1354 3041 1622 3110 respersio
1649 3057 1834 3114 aquae,
1885 3051 1942 3098 ut
1966 3044 2078 3100 dic-

493 3136 642 3194 tum,
673 3129 938 3198 duplicem
981 3129 1247 3201 significat
1275 3132 1714 3199 inundationem,
1750 3135 2073 3191 exteriorem

493 3222 703 3278 scilicet
749 3232 803 3280 et
853 3223 1190 3281 interiorem.
1247 3224 1380 3281 Cum
1439 3235 1618 3282 autem
1680 3230 1841 3314 tertio
1884 3232 2070 3287 eadem

493 3315 720 3372 ecclesia
753 3332 894 3387 aqua
923 3317 1200 3383 lustratur,
1234 3334 1264 3374 a
1302 3320 1463 3376 tertio
1501 3334 1696 3392 genere
1725 3298 2072 3392 psccatorum
2099 3284 2147 3349 Ο

495 3409 777 3464 emundari
809 3408 1001 3466 debere
1026 3411 1352 3479 decernitur,
1382 3412 1435 3467 id
1456 3422 1559 3478 est,
1591 3413 1894 3471 locutionis.
1921 3415 2075 3484 Quod

495 3504 591 3576 qui
629 3503 806 3560 facere
835 3504 1135 3577 neglexerit
1183 3505 1367 3562 audiet
1410 3507 1727 3578 prophetam
1755 3508 2075 3565 terribiliter

492 3597 916 3653 comminantem
948 3615 962 3653 :
1001 3615 1021 3650 ι
1058 3596 1126 3652 Et
1169 3597 1276 3653 erit
1323 3595 1601 3653 tribulatio
1647 3597 1742 3672 [αι.
1774 3598 2002 3672 clamor]
2039 3616 2073 3656 a

491 3697 648 3760 porta
687 3689 952 3760 piscium,
983 3696 1040 3744 et
1064 3687 1302 3745 ululatus
1348 3704 1380 3744 a
1431 3689 1669 3746 secunda
1715 3697 1770 3745 et
1817 3693 2072 3747 contritio

491 3795 686 3851 magna
711 3795 742 3834 a
768 3779 1012 3836 collibus.
1043 3799 1063 3834 ι
1088 3779 1316 3836 Canitur
1337 3790 1517 3836 autem
1543 3782 1832 3852 antiphona
1854 3783 2072 3840 interim

491 3872 581 3928 vel
604 3871 838 3942 psalmus
869 3889 883 3927 :
920 3891 939 3924 ι
972 3872 1240 3944 Exsurgat
1264 3873 1404 3928 Deus
1429 3883 1484 3929 et
1511 3873 1838 3945 dissipentur
1866 3875 2072 3932 inimici

491 3963 641 4033 eius,
679 3983 698 4015 ι
733 3963 824 4033 qui
867 3979 1174 4036 quanquam
1220 3964 1287 4020 de
1318 3965 1518 4022 Judaeis
1570 3967 1908 4039 conscriptus
1955 3982 2074 4024 cre-

493 4056 655 4110 datur
678 4062 732 4110 et
759 4055 1107 4125 intelligatur,
1147 4065 1327 4110 tamen
1355 4056 1421 4111 ab
1452 4056 1531 4112 eis
1559 4057 1652 4128 qui
1678 4058 1821 4115 istud
1847 4059 2068 4116 ordina-

488 4153 689 4200 verunt
714 4141 944 4199 oliicium
967 4183 982 4208 ,
1023 4151 1078 4199 et
1104 4142 1316 4198 diabolo
1363 4152 1417 4199 et
1441 4144 1708 4201 ministris
1734 4146 1851 4216 ejus
1875 4161 2071 4202 conve-

490 4237 612 4293 nire
641 4251 799 4307 posse
829 4235 1134 4291 intellectus
1154 4241 1240 4290 est
1271 4252 1285 4289 :
1313 4233 1575 4291 Cantatur
1619 4246 1798 4293 autem
1826 4239 2072 4308 antipho-

489 4343 600 4387 na:
635 4348 654 4381 ‹
692 4328 792 4397 Qui
817 4328 1028 4384 habitat
1056 4328 1110 4383 in
1141 4327 1411 4399 adjutorio
1431 4327 1693 4384 Altissimi
1715 4370 1730 4394 ,
1777 4330 1829 4385 in
1855 4339 2068 4400 protec-

491 4423 638 4478 tione
677 4421 771 4478 Dei
824 4420 947 4477 coeli
997 4419 1439 4486 commorabitur,
1477 4439 1497 4474 ι
1528 4428 1830 4478 asserentes
1864 4421 2068 4479 nullum

488 4528 650 4584 posse
678 4513 882 4584 protegi
907 4528 938 4567 a
963 4511 1072 4569 Deo
1100 4511 1205 4568 nisi
1243 4525 1366 4566 eum
1396 4511 1489 4583 qui
1539 4511 1593 4566 in
1641 4511 1756 4582 ejus
1801 4513 2069 4584 adjutorio

491 4604 846 4668 habitaverit,
881 4604 932 4660 id
961 4612 1075 4670 est,
1122 4603 1296 4675 ipsum
1323 4603 1622 4674 adiutorem
1650 4604 1753 4661 sibi
1780 4620 1901 4663 esse
1929 4606 2067 4663 assi-

490 4697 594 4752 due
615 4696 931 4766 deprecatus
953 4695 1129 4752 fuerit.
1144 4671 1210 4751 in
1230 4711 1295 4753 eo
1320 4671 1451 4753 vero
1473 4698 1615 4768 quod
1641 4697 1806 4754 mittit
1823 4698 2064 4769 pontifex
2087 4671 2143 4736 D

489 4788 768 4845 ministros
803 4787 894 4860 qui
924 4787 977 4842 in
999 4787 1230 4843 circuitu
1267 4787 1505 4844 basilica:
1536 4788 1767 4860 psallant
1805 4798 1860 4845 et
1883 4805 2066 4862 asper-

488 4887 651 4952 gant,
719 4879 834 4949 ipse
896 4887 1074 4934 autem
1127 4894 1227 4949 per
1283 4879 1517 4935 mediam
1580 4879 1863 4936 ecclesiam
1917 4883 2066 4938 vadit

489 4971 791 5043 spargendo
819 4969 873 5024 in
903 4977 1128 5039 utraque
1158 4978 1311 5040 parte
1327 4968 1532 5026 faciens
1556 4986 1795 5038 crucem,
1821 4982 2064 5045 apertum

488 5065 584 5120 dat
641 5062 898 5118 indicium
943 5059 1069 5130 quia
1126 5059 1368 5130 pontifex
1424 5059 1696 5130 adjutores
1749 5063 1852 5119 sibi
1908 5065 2068 5121 debet

489 5155 760 5211 asciscere
793 5153 886 5225 qui
921 5153 1178 5211 Ecclesize
1205 5153 1462 5210 excubias
1490 5153 1744 5223 adiuvent
1773 5159 2063 5215 custodire.

491 5244 645 5301 Unde
702 5253 759 5300 et
812 5245 1000 5302 beatus
1048 5243 1258 5316 Moyses
1323 5246 1662 5316 septuaginta
1718 5249 2064 5320 presbyteros

489 5334 653 5406 elegit
695 5333 786 5405 qui
842 5333 1020 5405 populi
1078 5331 1488 5388 necessitatibus
1535 5344 1939 5391 concurrerent.
1998 5335 2066 5392 Et

488 5425 750 5481 Dominus
778 5425 891 5498 ipse
913 5433 1037 5496 post
1059 5425 1339 5481 duodecim
1365 5425 1727 5495 apostolorum
1749 5427 2064 5486 electionem

490 5517 826 5588 septuaginta
848 5517 982 5573 duos
1004 5516 1149 5573 misit
1176 5517 1244 5573 ad
1263 5517 1582 5589 explendam
1603 5519 2063 5589 praedicationem.

489 5607 608 5678 Ipse
640 5617 817 5666 tamen
849 5610 997 5667 nullo
1023 5610 1182 5666 modo
1204 5611 1482 5668 securitati
1513 5621 1608 5667 aut
1633 5613 1837 5684 torpori
1862 5614 2066 5685 aliqua-

491 5706 651 5755 tenus
674 5701 832 5758 debet
877 5703 1190 5776 indulgere,
1242 5705 1336 5762 sed
1362 5719 1457 5777 per
1503 5706 1736 5762 mediam
1767 5705 2063 5764 Ecclesiam

491 5791 815 5861 conspicuus
835 5794 1104 5861 incedere,
1128 5811 1316 5853 omnes
1337 5797 1583 5868 exemplo
1610 5814 1709 5854 suo
1742 5797 2062 5868 informare,

493 5884 742 5943 omnibus
762 5895 1102 5944 sacramenta
1123 5897 1232 5943 tam
1265 5889 1442 5944 crucis
1471 5903 1632 5959 quam
1668 5893 1863 5948 mortis
1883 5892 2064 5949 Domi-

2196 2062 2217 2095 ‹
2262 2043 2366 2108 Ite,
2399 2043 2564 2101 dicite
2591 2043 2852 2102 fratribus
2895 2049 3031 2105 meis
3075 2061 3134 2106 ut
3160 2061 3287 2106 eant
3319 2053 3372 2107 in
3409 2052 3712 2110 Galilaeam.
3758 2078 3780 2108 ι

2188 2134 2316 2192 Haec
2343 2145 2522 2192 autem
2546 2146 2673 2193 tunc
2695 2137 2835 2196 bene
2861 2141 2972 2211 agit
2993 2143 3263 2212 pontifex,
3293 2161 3413 2201 cum
3438 2161 3598 2202 omne
3627 2151 3788 2217 quod

2185 2228 2328 2286 bona
2359 2228 2742 2286 deliberatione
2763 2231 2982 2289 inchoat
3001 2250 3098 2306 per
3113 2236 3352 2292 divinam
3376 2239 3784 2296 invocationem

2187 2331 2245 2378 et
2275 2323 2574 2380 orationem
2601 2337 2664 2380 ut
2686 2340 3063 2384 consummare
3104 2331 3274 2401 possit
3311 2333 3579 2403 impetrat.
3613 2335 3786 2392 [inde

2185 2411 2275 2468 his
2302 2413 2553 2483 peractis,
2584 2415 2650 2470 ad
2672 2416 2974 2473 orationem
3001 2434 3060 2474 se
3084 2421 3294 2476 confert
3318 2423 3552 2491 pontifex
3577 2437 3787 2494 petens

2185 2511 2249 2558 ut
2289 2519 2479 2560 omnes
2527 2506 2620 2578 qui
2661 2506 2716 2562 in
2754 2510 2998 2566 eamdem
3042 2513 3256 2569 domum
3286 2517 3488 2571 oraturi
3516 2521 3786 2576 venerint

2183 2595 2458 2652 orationes
2479 2613 2605 2654 suas
2632 2601 2914 2657 exattditas
2941 2604 3229 2673 gaudeant.
3278 2606 3576 2679 Utrumque
3609 2626 3779 2664 nam-

2184 2702 2291 2757 que
2318 2687 2516 2746 Paulus
2537 2693 2727 2763 agebat
2756 2695 3028 2765 apostolus
3052 2697 3141 2767 qui
3161 2739 3175 2762 ,
3208 2698 3345 2754 sicut
3384 2701 3532 2767 dicit,
3563 2702 3782 2758 sollici-

2181 2780 2424 2836 tudinem
2479 2785 2846 2854 quotidianam
2900 2790 3094 2860 agebat
3143 2790 3450 2866 [habebat]
3518 2797 3780 2852 omnium

2180 2872 2546 2931 Ecclesiarum
2567 2919 2580 2942 ,
2609 2893 2732 2934 cum
2760 2880 3162 2940 infirmantibus
3183 2883 3594 2955 'infirmabatur,
3635 2907 3778 2946 cum

2179 2969 2671 3028 scandalizantibus
2701 2975 2996 3042 urebatur,
3037 2987 3090 3033 et
3134 2989 3290 3035 nocte
3331 2989 3386 3036 et
3426 2984 3510 3038 die
3554 2999 3777 3040 memo-

2180 3059 2317 3117 riam
2343 3077 2400 3116 se
2429 3063 2483 3118 in
2509 3065 2844 3122 orationibus
2871 3071 2984 3125 suis
3016 3071 3212 3127 habere
3243 3075 3523 3131 fatebatur.

2287 3153 2430 3219 Quid
2456 3157 2712 3226 signiﬁcet
2742 3177 2892 3231 aqua:
2936 3164 3121 3232 effusio
3159 3166 3212 3220 in
3249 3167 3412 3222 basim
3448 3169 3652 3226 altaris.

2250 3243 2527 3316 Completa
2571 3250 2912 3319 expiatione,
2967 3263 3022 3310 et
3075 3257 3352 3324 cantibus,
3405 3269 3457 3314 et
3501 3264 3778 3319 orationi-

2175 3338 2280 3395 bus
2311 3347 2476 3410 atque
2497 3343 2748 3399 omnibus
2799 3360 2920 3415 quae
2956 3349 3203 3417 superius
3233 3351 3373 3406 dicta
3417 3363 3578 3421 sunt,
3627 3372 3776 3411 con-

2175 3430 2411 3486 vertitur
2468 3433 2710 3503 pontifex
2765 3437 2833 3492 ad
2901 3437 3113 3506 altare,
3188 3442 3448 3514 incipiens
3511 3447 3779 3518 antipho-

2172 3536 2344 3579 nam:
2384 3541 2404 3575 σ
2437 3523 2675 3580 lntroibo
2704 3526 2772 3582 ad
2818 3527 2992 3585 altare
3012 3529 3141 3596 Dei,
3173 3533 3240 3588 ad
3286 3534 3452 3590 Deum
3501 3537 3592 3606 qui
3626 3537 3774 3594 laeti-

2176 3612 2305 3670 ficat
2326 3613 2667 3684 juventutem
2706 3632 2883 3673 meam
2932 3640 2951 3672 I
2988 3632 3045 3676 et
3085 3638 3206 3678 cum
3255 3625 3463 3694 psalmo
3490 3627 3774 3684 cantando

2173 3704 2325 3760 vadit
2345 3715 2472 3761 ante
2497 3705 2668 3762 altare
2685 3715 2741 3763 et
2762 3707 3089 3780 funditquod
3113 3715 3374 3770 remansit
3399 3715 3466 3770 de
3495 3731 3635 3786 aqua
3660 3733 3774 3787 pu-

2175 3795 2497 3853 rificationis
2519 3798 2586 3853 ad
2608 3799 2780 3855 basim
2807 3799 3016 3858 altaris.
3041 3802 3179 3870 Quid
3206 3805 3472 3876 significet
3495 3824 3636 3879 aqua
3655 3810 3770 3867 ista

2175 3903 2243 3945 ex
2265 3904 2369 3959 qua
2385 3890 2703 3961 purificatur
2728 3893 2957 3949 ecclesia
2980 3894 3093 3962 jam
3140 3899 3389 3968 superius
3412 3901 3616 3958 dictum
3642 3915 3764 3971 est,

2176 3981 2479 4037 doctrinam
2515 3983 2722 4039 scilicet
2747 3984 3192 4054 ecclesiasticam,
3219 4004 3340 4062 quae
3373 3992 3612 4049 maxime
3631 4009 3767 4052 con-

2175 4070 2376 4126 tinetur
2422 4073 2473 4126 in
2523 4087 2678 4129 sacra
2710 4076 3009 4133 eruditione
3053 4079 3201 4134 verbi
3252 4095 3372 4150 quae
3409 4083 3757 4154 significatur

2173 4177 2273 4234 per
2299 4162 2398 4226 sal,
2427 4171 2483 4220 et
2529 4164 2583 4220 in
2620 4165 3001 4235 praedicatione
3044 4170 3235 4226 mortis
3265 4169 3562 4231 Salvatoris
3589 4187 3646 4231 et
3674 4195 3757 4235 re-

2174 4253 2497 4328 demptionis
2539 4266 2740 4314 nostra:
2764 4275 2883 4330 qua:
2908 4261 3246 4332 significatur
3275 4280 3375 4335 per
3419 4268 3656 4334 cineres,
3681 4283 3764 4328 at.

2174 4362 2280 4418 que
2322 4347 2374 4404 in
2406 4349 2875 4406 commendatione
2913 4353 3139 4422 geminae
3181 4354 3350 4423 ipsius
3391 4367 3602 4415 naturae
3637 4378 3762 4432 quae

2173 4439 2512 4512 significatur
2532 4456 2629 4512 per
2649 4456 2801 4511 aquae
2823 4442 3042 4514 vinique
3067 4445 3466 4504 admistionem.
3489 4449 3600 4505 Per
3619 4453 3761 4511 hanc

2173 4546 2305 4603 ergo
2334 4532 2589 4588 sacerdos
2615 4548 2848 4604 sequens
2879 4538 3103 4609 vestigia
3141 4539 3225 4594 sui
3255 4539 3553 4599 Salvatoris
3581 4547 3754 4604 eccle-

2175 4625 2312 4682 siam
2336 4625 2606 4696 purificat,
2643 4642 2766 4683 cum
2791 4629 3047 4698 populum
3071 4645 3130 4688 se
3150 4631 3454 4690 audientem
3487 4649 3754 4707 quantum

2166 4717 2422 4790 possibile
2471 4725 2560 4774 est
2605 4719 2807 4785 erudit,
2844 4723 3093 4794 castigat,
3123 4725 3458 4794 consolatur,
3491 4740 3548 4785 et
3584 4733 3749 4798 fovet,

2165 4821 2222 4867 et
2248 4819 2436 4866 contra
2457 4825 2645 4866 omnes
2666 4811 2869 4867 inimici
2901 4813 3126 4870 insidias
3147 4818 3348 4872 armari
3378 4820 3560 4877 docet.
3595 4824 3750 4893 Quod

2166 4908 2348 4957 autem
2378 4909 2626 4973 superest
2655 4916 2808 4972 aquae
2844 4905 3226 4973 purificatoria:
3255 4909 3324 4964 ad
3369 4911 3543 4968 basim
3573 4914 3750 4972 fundit

2166 4990 2370 5058 altaris,
2415 4991 2543 5062 quia
2584 4991 2729 5061 quod
2774 4992 2887 5062 ipse
2934 4994 3143 5064 nequit,
3194 4997 3472 5056 humiliter
3517 5003 3747 5063 Domino

2165 5083 2474 5147 committit,
2526 5083 2901 5154 purgationem
2957 5086 3162 5143 scilicet
3202 5089 3614 5161 discipulorum,
3659 5102 3747 5156 cui

2166 5173 2352 5244 utique
2385 5173 2500 5244 ipse
2524 5181 2780 5244 tanquam
2819 5175 2982 5232 homo
3005 5181 3285 5249 cooperari
3326 5190 3382 5238 et
3406 5184 3747 5246 collaborare

2165 5273 2362 5338 potest.
2415 5265 2664 5322 Perfecta
2706 5275 2887 5324 autem
2938 5271 3219 5328 mundatio
3255 5272 3398 5330 illius
3422 5285 3508 5331 est
3551 5279 3743 5346 solius,

2165 5366 2258 5437 qui
2288 5380 2425 5436 quos
2469 5365 2743 5434 praescivit
2773 5374 2829 5422 et
2862 5367 3267 5437 praedestinavit
3293 5372 3606 5432 conformes
3629 5377 3743 5433 fieri

2167 5455 2386 5526 imagini
2414 5454 2506 5508 filii
2535 5455 2640 5510 sui.
2665 5453 2804 5510 Hinc
2825 5464 2910 5512 est
2933 5458 3076 5528 quod
3099 5459 3153 5514 in
3179 5459 3294 5532 lege
3317 5460 3531 5520 Veteris
3553 5465 3747 5522 Testa-

2167 5548 2334 5603 menti
2365 5546 2584 5616 sanguis
2611 5547 2935 5616 hostiarum,
2979 5551 3122 5606 sicut
3164 5550 3374 5620 iussum
3400 5565 3540 5623 erat,
3577 5560 3663 5614 vel
3689 5560 3743 5616 in

2166 5638 2422 5694 cornibus
2468 5637 2655 5694 altaris
2704 5639 3024 5708 ponebatur,
3057 5640 3142 5697 vel
3182 5657 3248 5698 ex
3284 5644 3557 5715 aliquibus
3588 5649 3743 5706 ostiis

2166 5727 2336 5797 digito
2387 5726 2684 5783 sacerdotis
2736 5737 2924 5784 contra
2958 5728 3176 5785 domum
3218 5733 3419 5802 septies
3445 5739 3743 5805 spargeba-

2169 5831 2278 5887 tur,
2309 5820 2532 5891 etquod
2568 5821 2835 5891 reliquum
2879 5831 2998 5877 erat
3023 5825 3090 5879 ad
3120 5823 3292 5880 basim
3325 5827 3517 5883 altaris
3553 5829 3741 5887 funde-

2167 5914 2349 5971 batur.
2382 5912 2748 5971 -Sacerdotum
2795 5915 2942 5972 enim
2989 5925 3072 5973 est
3102 5918 3362 5990 quidquid
3407 5931 3638 5992 possunt
3673 5922 3741 5977 ad
