3920 5580
92 412 203 469 857

1215 410 1300 465 DE
1342 408 1794 465 DICDICATIONE
1836 409 2207 469 ECCI.ESI£.

3242 411 3349 467 858

91 508 390 584 utilitatem
431 526 609 599 gregis
651 524 752 581 sibi
785 523 1060 581 commissi
1099 510 1379 583 laborare;
1415 522 1556 591 quod
1586 538 1679 574 au-
1707 522 1752 582 A
1782 524 2083 578 commissa:
2130 524 2196 579 ad
2225 524 2557 580 roborandos
2603 523 2985 595 discipulorum
3018 523 3227 578 animos
3254 538 3349 595 ap-

98 628 213 674 tem
256 619 398 672 vires
448 632 574 671 suas
613 614 848 679 excedit,
889 613 1114 667 Domino
1144 610 1487 665 devotissime
1533 625 1679 664 com-

98 710 380 765 mendare.
415 707 585 774 Quam
615 706 841 761 formam
875 706 989 776 ipse
1019 704 1225 774 primus
1276 712 1552 772 pastorum
1578 701 1680 757 Do-

97 801 291 854 minus
309 809 363 854 et
384 798 636 853 Salvator
656 807 843 853 noster
867 796 1184 865 impressam
1211 794 1291 848 eis
1312 792 1549 863 reliquit,
1564 792 1679 863 qui,

98 906 229 945 cum
259 889 494 959 passioni
539 887 650 958 jam
702 887 1181 959 appropinquaret,
1211 884 1500 953 discipulos
1543 898 1680 954 quos

100 982 411 1051 relinquere
442 981 496 1035 in
528 989 672 1035 terra
698 979 981 1034 videbatur
1026 976 1171 1031 Patri
1215 977 1464 1046 dignatus
1498 983 1582 1031 est
1610 975 1679 1031 ad

96 1072 515 1143 pnerogandum
564 1068 866 1140 exemplum
919 1065 1228 1138 pastoribus
1277 1065 1677 1131 commendare,

101 1162 293 1216 dicens
322 1175 338 1214 :
369 1179 387 1211 α
420 1160 533 1231 Ego
567 1174 667 1230 pro
707 1159 788 1213 eis
832 1173 981 1229 rogo,
1007 1173 1112 1211 non
1149 1171 1247 1226 pro
1299 1156 1498 1210 mundo
1526 1170 1677 1226 rogo,

101 1257 203 1312 sed
232 1271 328 1327 pro
357 1255 443 1311 bis
466 1270 604 1326 quos
638 1252 831 1308 dedisti
864 1252 1019 1317 mihi,
1046 1251 1172 1322 quia
1200 1250 1274 1305 tui
1304 1260 1447 1305 sunt.
1479 1250 1545 1304 Et
1561 1264 1680 1304 mea

100 1347 289 1402 omnia
317 1355 406 1401 tua
433 1355 560 1400 sunt
583 1354 637 1400 et
662 1354 750 1399 tua
779 1359 896 1399 mea
925 1352 1069 1408 sunt,
1106 1352 1159 1398 et
1198 1342 1526 1398 clariﬁeatus
1560 1358 1677 1397 sum

104 1436 158 1490 in
188 1437 289 1501 eis,
320 1445 374 1490 et
419 1433 531 1504 jam
570 1449 679 1489 non
713 1449 853 1502 ,sum
888 1433 938 1487 in
987 1434 1209 1500 mundo,
1236 1442 1290 1488 et
1313 1433 1364 1487 1ιί
1397 1433 1450 1487 in
1481 1433 1682 1488 mundo

103 1536 255 1591 sunt,
286 1536 341 1582 et
366 1541 465 1597 ego
485 1525 549 1581 ad
580 1535 630 1580 te
663 1526 839 1581 venio.
872 1525 1034 1581 Pater
1066 1534 1276 1591 sancte,
1303 1541 1560 1580 conserva
1589 1540 1682 1581 eos

105 1622 159 1673 in
194 1620 411 1675 nomine
450 1631 541 1675 tuo
571 1634 707 1690 quos
732 1619 925 1674 dedisti
958 1619 1110 1685 mihi,
1140 1628 1198 1673 ut
1226 1619 1335 1674 sint
1355 1634 1521 1673 unum
1542 1619 1683 1673 sicut

106 1720 163 1766 et
209 1726 327 1766 nos.
359 1711 493 1767 Cum
539 1726 715 1768 essem
765 1727 888 1767 cum
924 1711 1004 1767 eis
1047 1725 1145 1783 ego
1177 1714 1455 1767 servabam
1488 1727 1582 1767 eos
1627 1712 1679 1767 in

107 1803 328 1857 nomine
360 1811 467 1867 tuo,
508 1821 527 1855 ι
571 1811 676 1857 etc.
706 1800 835 1869 Qum
862 1802 915 1857 in
950 1803 1139 1858 eadem
1180 1803 1425 1858 oratione
1469 1802 1686 1857 miseri-

107 1896 348 1950 corditer
368 1893 530 1950 veluti
552 1893 672 1949 fons
693 1893 952 1949 bonitatis
975 1908 1073 1965 pro
1097 1894 1389 1963 .discipulis
1417 1909 1575 1948 orare
1601 1893 1683 1948 di-
1712 1875 1760 1935 Β

107 1996 304 2060 gnatus
323 1996 426 2043 est.
470 1986 563 2043 Sic
593 1998 646 2042 et
690 1985 908 2051 Paulus,
967 2001 1087 2042 cum
1124 1984 1236 2056 jam
1271 1986 1585 2041 relicturum
1628 1999 1687 2040 se

110 2078 405 2149 discipulos
446 2087 627 2133 nosset
656 2085 712 2133 et
747 2077 827 2131 eis
872 2074 1016 2147 quod
1044 2076 1274 2147 amplius
1310 2093 1432 2132 eum
1453 2076 1564 2147 jam
1600 2077 1686 2131 vi-

109 2170 222 2225 suri
246 2184 351 2225 non
378 2178 563 2225 essent
588 2169 899 2234 indicasset,
928 2169 1082 2239 quasi
1115 2184 1307 2239 aquam
1330 2183 1449 2239 quae
1471 2168 1685 2223 residua

108 2272 231 2317 erat
272 2260 669 2332 puriﬁeationis
698 2261 765 2315 ad
811 2261 981 2316 basim
1030 2260 1219 2315 altaris
1261 2260 1515 2332 perfudit,
1561 2275 1685 2316 cum

113 2356 342 2409 Domino
370 2356 617 2412 ﬁdelibus
658 2358 825 2412 vitam
868 2357 922 2412 in
966 2357 1195 2412 articulo
1238 2358 1360 2411 vitae
1406 2356 1687 2427 praesentis

110 2449 529 2515 commendavit,
566 2449 748 2505 dicens
789 2467 803 2503 :
838 2468 859 2501 ‹
904 2448 973 2505 Et
1034 2466 1175 2504 nunc
1223 2449 1540 2504 commendo
1591 2464 1686 2504 vos

112 2540 341 2597 Domino
367 2550 421 2597 et
462 2544 627 2597 verbo
668 2543 855 2615 gratiae
904 2543 1020 2612 ejus
1067 2543 1156 2614 qui
1191 2550 1382 2613 potens
1410 2550 1494 2597 est
1534 2542 1687 2599 vobis

109 2630 381 2688 aediﬁcare
416 2644 472 2689 et
500 2633 629 2688 dare
651 2635 1020 2690 hmreditatem
1045 2634 1097 2689 in
1124 2635 1327 2689 sanctis
1348 2634 1631 2701 omnibus;
1662 2652 1681 2687 ι

112 2725 259 2794 quod
310 2727 475 2781 etiam
516 2728 808 2798 antiphona
863 2728 977 2798 ipsa
1021 2728 1215 2783 innuit.
1259 2728 1401 2783 Dicit
1427 2728 1571 2783 enim
1602 2729 1690 2783 in-

112 2820 402 2874 troiturum
428 2836 486 2876 se
525 2822 591 2877 ad
622 2821 791 2877 altare
817 2821 931 2889 Dei,
971 2822 1021 2877 id
1044 2829 1128 2877 est
1152 2823 1220 2877 ad
1250 2820 1418 2877 altare
1449 2820 1589 2890 quod
1618 2821 1689 2875 si-

111 2910 339 2982 gnificat
384 2912 517 2967 illud
545 2913 775 2969 visibile.
824 2912 956 2967 Illud
998 2913 1201 2968 scilicet
1236 2913 1377 2981 quod
1410 2910 1691 2980 spirituale

111 3011 221 3067 est,
255 3004 319 3057 ad
356 3004 498 3073 quod
545 3005 834 3060 videndum
867 3022 971 3060 non
1006 3013 1255 3075 penetrat
1276 3003 1465 3060 oculus
1494 3017 1688 3058 carna-

111 3095 198 3155 lis,
224 3095 365 3165 quod
394 3095 628 3152 Joannes
660 3098 711 3151 in
734 3097 1054 3167 Apocalypsi
1084 3096 1240 3162 vidit,
1265 3097 1331 3151 de
1359 3111 1466 3166 quo
1501 3109 1691 3150 ascen-

110 3187 194 3239 dit
222 3185 401 3241 fumus
424 3196 721 3241 aromatum
752 3204 871 3258 qua:
906 3188 1323 3241 suntorationes
1351 3195 1687 3250 sanctorum,

111 3275 166 3328 in
218 3285 507 3346 conspectu
553 3276 785 3342 Domini,
843 3277 1103 3332 offerente
1151 3277 1359 3347 angelo.
1405 3275 1516 3331 Hoc
1544 3276 1689 3331 enim

108 3368 387 3439 signiﬁcat
425 3370 565 3439 quod
597 3371 960 3440 subsequitur,
993 3390 1010 3422 ‹
1046 3370 1108 3424 ad
1144 3372 1309 3425 Demn
1339 3370 1428 3441 qui
1453 3369 1691 3425 laetiﬁcat

100 3460 449 3529 iuventutem
482 3478 675 3517 meam.
712 3483 730 3515 ι
760 3462 1023 3518 Juventus
1054 3464 1195 3517 enim
1219 3464 1317 3517 ista
1348 3470 1449 3528 est,
1479 3463 1603 3532 quia
1636 3464 1691 3517 in

107 3550 397 3620 procinctu
426 3553 568 3621 quod
597 3562 785 3608 contra
814 3553 1083 3608 diabolum
1115 3564 1422 3623 susceptum
1446 3560 1547 3617 est,
1574 3551 1689 3608 for-

108 3658 222 3697 ;em
252 3658 311 3698 se
334 3644 510 3698 reddit
540 3646 764 3700 audiens
789 3660 817 3699 a
849 3643 1054 3701 Joanne
1085 3661 1099 3700 :
1138 3664 1156 3696 ι
1193 3646 1383 3700 Scribo
1406 3645 1577 3711 vobis,
1598 3644 1690 3715 ju-

107 3748 303 3798 venes,
333 3734 586 3802 quoniam
618 3734 783 3791 fortes
813 3735 965 3801 estis,
1000 3743 1054 3791 et
1082 3736 1290 3790 vicistis
1314 3735 1627 3806 malignum.
1665 3752 1685 3788 ι

259 3824 400 3889 Quid
430 3825 683 3895 signiﬁcet
704 3826 842 3897 quod
864 3825 1031 3881 altare
1060 3826 1217 3881 linteo
1238 3828 1544 3897 extergitur.

183 3915 379 3970 Postea
420 3931 549 3971 vero
578 3918 873 3988 extergitur
911 3918 1082 3974 altare
1121 3918 1187 3973 de
1218 3918 1381 3972 linteo
1437 3917 1575 3985 Quid
1603 3918 1689 3973 in-

103 4005 373 4078 telligitur
393 4022 493 4077 per
520 4007 741 4063 linteum
771 4008 874 4064 nisi
902 4008 1192 4063 Dominicze
1215 4008 1480 4079 passionis
1509 4023 1691 4062 exem-

102 4100 297 4169 plum?
342 4099 535 4155 Linum
571 4116 804 4171 namque
834 4101 901 4157 de
927 4109 1073 4156 terra
1109 4102 1283 4156 oritur
1312 4109 1366 4155 et
1394 4115 1586 4168 magno
1616 4099 1695 4154 la-

107 4192 249 4244 bore
280 4190 348 4243 ad
370 4191 659 4246 candorem
688 4192 1019 4261 perducitur.
1045 4192 1137 4248 Sic
1160 4200 1215 4247 et
1243 4207 1373 4247 caro
1395 4191 1691 4247 Salvatoris

106 4282 288 4335 nostri
319 4281 388 4336 de
419 4291 561 4336 terra
590 4292 707 4337 orta
739 4292 843 4348 est,
889 4292 1074 4354 utpote
1100 4284 1167 4337 de
1197 4284 1351 4337 beata
1384 4282 1549 4337 Maria
1571 4282 1694 4337 Vir-

103 4375 260 4443 gine,
289 4374 385 4428 sed
412 4374 577 4428 variis
619 4374 1054 4429 tribulationibus
1080 4374 1317 4429 exercita
1353 4373 1601 4444 pervenit
1624 4373 1693 4428 ad

103 4465 408 4519 candorem
451 4464 784 4536 gloriamque
815 4464 1246 4520 resurrectionis.
1276 4464 1585 4535 Extergitur
1610 4478 1692 4520 er-

102 4570 176 4625 go
202 4554 379 4609 altare
401 4556 469 4611 de
500 4555 685 4622 linteo,
719 4570 840 4610 cum
876 4555 1252 4610 tribulationes
1277 4565 1478 4610 sancta:
1504 4554 1690 4609 Eccle-

100 4646 203 4699 sia:
240 4646 386 4701 inter
437 4661 722 4715 pressuras
756 4646 1056 4701 mundiales
1100 4645 1691 4700 liniuntur.Salvatoris

100 4736 381 4806 exemplo.
435 4736 586 4792 Unde
623 4747 679 4792 et
726 4737 839 4807 ipse
879 4736 1157 4806 discipulis
1210 4736 1379 4791 dicit:
1413 4754 1431 4787 ‹
1466 4735 1580 4789 Non
1606 4743 1692 4789 est

102 4829 411 4899 discipulus
468 4844 629 4900 supra
678 4831 1014 4901 magistrum.
1063 4847 1082 4881 ι
1130 4828 1410 4900 Itemque:
1449 4844 1469 4878 ι
1503 4826 1558 4881 Si
1605 4841 1692 4881 me

102 4921 383 4987 persecuti
434 4929 561 4976 sunt
611 4929 666 4976 et
721 4937 818 4976 vos
867 4929 1276 4992 persequentur.
1315 4940 1334 4973 ›
1370 4920 1482 4975 Hoc
1526 4918 1690 4973 linteo

102 5012 305 5067 beatus
331 5013 522 5068 Petrus
550 5012 934 5083 discipulorum
964 5015 1187 5069 sudores
1210 5022 1495 5085 extergere
1518 5025 1688 5066 .cura-

102 5103 204 5157 bat
226 5118 353 5157 cum
386 5102 755 5160 laborantibus
809 5106 1084 5175 discipulis
1126 5104 1428 5175 exemplum
1476 5101 1693 5157 Domini

102 5197 473 5267 praerogabat,
506 5198 695 5253 dicens
724 5214 737 5250 :
765 5217 783 5249 ‹
818 5198 1033 5253 Christo
1061 5198 1223 5267 igitur
1253 5196 1481 5269 passoin
1501 5208 1688 5259 carne,

108 5288 214 5360 [αι.
250 5288 432 5362 cruce]
462 5298 520 5345 et
545 5302 644 5342 vos
683 5290 873 5345 eadem
925 5290 1249 5362 cogitatione
1296 5287 1579 5343 armamini
1619 5305 1638 5338 ι
1673 5300 1690 5341 :

102 5380 354 5449 Itemque
383 5399 396 5435 :
425 5400 445 5435 ‹
478 5379 734 5435 Christus
776 5397 963 5452 passus
991 5390 1072 5436 est
1096 5394 1196 5450 pro
1227 5379 1400 5444 nobis,
1423 5377 1574 5432 vobis
1609 5390 1692 5429 re-

500 5485 545 5490 -κ
599 5468 703 5504 '---n
732 5480 790 5515 ιιι.
812 5468 1111 5528 sequamini
1141 5468 1364 5537 vestigia
1394 5465 1527 5535 ejus.
1567 5483 1586 5517 ι
1621 5462 1689 5517 Et

1330 5570 1445 5580 ..ενι-ιη
1506 5572 1521 5580 ι
1581 5553 1660 5580 ’.Δ

1780 615 1949 684 ponit,
1983 615 2152 670 altare
2181 616 2453 671 madidum
2480 616 2667 671 labore
2688 615 3225 671 bumanitatisliuteo
3256 613 3350 669 ab-

1780 705 1973 776 stergit
2004 705 2297 761 Dominica:
2345 705 2684 762 imitationis.
2730 706 2931 761 Deinde
2978 704 3134 760 offert
3166 704 3348 759 incen-

1780 810 1918 850 sum.
1947 795 2049 851 Per
2100 796 2377 853 incensum
2427 798 2656 853 virtutes
2698 798 3004 852 orationum
3057 794 3348 869 signiﬁcari

1781 886 1937 941 testis
1956 895 2038 941 est
2065 885 2349 942 Psalmista
2382 889 2469 958 qui
2493 888 2568 942 ait
2597 907 2610 942 :
2650 906 2669 940 ‹
2714 888 2983 960 Dirigatur
3005 888 3181 943 oratio
3207 902 3349 953 mea,

1782 982 1923 1038 sicut
1962 982 2239 1038 incensum
2282 983 2334 1037 in
2372 992 2663 1055 conspectu
2696 992 2806 1039 tuo.
2843 1004 2861 1036 ι
2902 984 2967 1039 Ει
3004 981 3354 1054 Apocalypsis

1781 1069 2005 1127 Joannis
2031 1073 2098 1127 de
2141 1072 2333 1144 angelo
2363 1074 2499 1128 dixit
2534 1074 2675 1143 quod
2703 1074 2823 1128 data
2867 1084 2993 1129 sunt
3026 1073 3101 1127 illi
3125 1072 3347 1127 incensa

1783 1164 1948 1218 multa
1979 1174 2038 1218 ut
2065 1166 2215 1220 daret
2254 1165 2319 1219 de
2360 1166 2693 1221 orationibus
2734 1175 3042 1221 sanctorum
3077 1180 3238 1235 super
3276 1163 3356 1217 al-

1784 1260 1897 1307 tare
1929 1254 2071 1322 quod
2106 1255 2266 1309 estin
2313 1263 2605 1324 conspectu
2652 1256 2883 1311 Domini.
2925 1254 3055 1311 Jure
3095 1271 3221 1327 ergo
3266 1254 3353 1309 ille

1784 1344 2033 1399 sacerdos
2060 1360 2159 1416 per
2187 1346 2461 1401 orationes
2491 1356 2614 1400 vota
2663 1346 2919 1417 persolvit
2948 1347 3039 1417 qui
3067 1345 3353 1416 discipulo-

1784 1451 1902 1490 rum
1931 1436 2096 1489 vitam
2120 1452 2242 1491 cum
2273 1446 2421 1491 tanto
2452 1452 2634 1493 amore
2673 1438 2817 1508 quod
2839 1438 3087 1509 superius
3114 1437 3355 1509 praemis-

1784 1544 1902 1583 sum
1929 1537 2013 1583 est
2041 1529 2296 1583 custodit.
2343 1528 2436 1583 Ille
2467 1544 2703 1599 namque
2733 1538 2787 1585 et
2824 1545 2922 1600 pro
2949 1544 3007 1583 se
3042 1538 3095 1584 et
3118 1546 3215 1599 pro
3238 1529 3359 1584 aliis

1784 1621 1923 1676 bene
1948 1631 2003 1676 et
2035 1622 2354 1678 ﬁducialiter
2380 1610 2525 1688 orat,
2563 1639 2723 1693 quem
2765 1625 2833 1679 ab
2867 1624 3103 1679 utilitate
3128 1623 3359 1696 proximi

1783 1709 1961 1765 nullus
1987 1726 2141 1765 amor
2180 1711 2444 1782 privatus,
2474 1712 2678 1767 nullum
2706 1714 2877 1768 otium
2919 1729 3081 1785 segne
3120 1722 3355 1769 revocat.

1785 1802 1912 1856 Post
1946 1801 2264 1857 effusionem
2290 1818 2417 1873 ergo
2449 1820 2600 1875 aqua:
2643 1805 2709 1860 ad
2753 1805 2925 1861 basim
2972 1805 3157 1861 altaris
3183 1815 3364 1861 exter-

1787 1895 1931 1964 gitur
1979 1893 2149 1947 altare
2204 1895 2271 1947 de
2312 1894 2498 1959 linteo,
2538 1905 2594 1951 et
2630 1895 2856 1954 offertur
2898 1898 3198 1963 incensum,
3230 1898 3356 1968 quia

1787 2001 2012 2041 necesse
2040 1996 2123 2039 est
2151 1995 2211 2040 ut
2234 1988 2487 2043 sacerdos
2516 1990 2606 2059 qui
2636 1988 2860 2045 salutem
2883 1990 3060 2060 populi
3082 1990 3181 2045 sibi
3212 2005 3360 2045 com-

1788 2078 1937 2133 missi
1988 2079 2215 2133 Domino
2247 2082 2613 2147 commendat,
2659 2092 2714 2137 et
2739 2099 2836 2154 per
2865 2080 3208 2138 atﬂictionem
3238 2098 3361 2137 cor-

1787 2170 1956 2240 poris,
1987 2179 2041 2224 et
2076 2187 2174 2241 per
2198 2172 2550 2228 intentionem
2594 2173 2722 2229 illud
2746 2184 2871 2246 agat
2892 2175 2991 2245 piae
3018 2174 3365 2229 intercessio-

1786 2259 1893 2313 nis.
1926 2258 2079 2315 Unde
2110 2260 2369 2316 Dominus
2407 2271 2693 2333 postquam
2722 2263 2867 2319 Patri
2897 2263 3189 2334 discipulos
3216 2279 3361 2319 com-

1789 2352 2083 2418 mendavit,
2118 2369 2243 2409 mox
2270 2355 2577 2424 passionem
2629 2357 2906 2412 subiturus
2931 2372 3031 2427 pro
3058 2357 3137 2411 eis
3162 2356 3364 2411 oratio-

1788 2460 1910 2499 nem
1962 2446 2066 2516 pia:
2102 2446 2504 2502 intercessionis
2534 2448 2740 2502 effudit.
2779 2446 2884 2503 Sed
2908 2457 2963 2502 et
3006 2448 3197 2503 beatus
3222 2447 3363 2501 Pau-

1789 2537 1872 2593 lus
1901 2553 2023 2593 cum
2075 2539 2237 2593 sociis
2274 2540 2720 2609 praedicatoribus
2754 2539 2897 2595 idem
2946 2539 3141 2610 legitur
3166 2538 3360 2610 egisse.

1792 2626 2065 2699 Scriptum
2102 2636 2185 2683 est
2210 2628 2354 2682 enim
2396 2629 2449 2683 in
2480 2628 2617 2683 libro
2664 2631 2895 2684 Actuum
2947 2629 3358 2699 apostolorum:

1796 2739 1814 2772 ‹
1853 2719 1920 2775 Ει
1963 2735 2086 2774 cum
2136 2720 2547 2775 constituissent
2588 2719 2668 2775 eis
2709 2736 2807 2790 per
2851 2720 3088 2791 singulas
3116 2720 3366 2775 civitates

1789 2811 2133 2882 presbyteros
2171 2818 2225 2864 et
2257 2810 2532 2875 diaconos,
2558 2818 2612 2864 et
2641 2817 2890 2865 orassent
2927 2825 3048 2865 cum
3087 2807 3363 2879 jejunato-

1791 2903 1966 2969 ribus,
2007 2902 2521 2957 commendaverunt
2548 2916 2642 2959 eos
2672 2901 2899 2958 Domino
2923 2900 2979 2958 in
3004 2916 3163 2973 quem
3184 2900 3361 2958 credi—

1792 2994 2008 3049 derunt.
2032 3013 2049 3047 ι

2010 3086 2149 3154 Quid
2178 3089 2410 3159 signetur
2438 3089 2495 3143 in
2517 3088 2665 3143 varia
2689 3088 2930 3143 unctione
2959 3078 3163 3143 altaris.

1864 3182 2075 3237 interea
2102 3181 2267 3236 mittit
2290 3180 2535 3250 pontifex
2553 3179 2728 3236 oleum
2751 3195 2913 3250 super
2949 3179 3141 3245 altare,
3170 3177 3223 3232 in
3252 3192 3366 3234 me-

1794 3276 1881 3331 dio
1936 3275 2122 3330 altaris
2161 3291 2378 3330 crucem
2408 3290 2477 3331 ex
2522 3290 2587 3330 eo
2632 3274 2838 3330 faciens
2866 3283 2921 3331 et
2948 3290 3107 3344 super
3137 3282 3368 3344 quatuor

1796 3366 2017 3437 angulos
2042 3365 2247 3420 altaris.
2277 3365 2344 3419 Et
2365 3366 2582 3435 quidem
2604 3366 2737 3422 satis
2762 3380 2997 3435 congrue
3021 3366 3154 3421 ordo
3179 3380 3365 3419 serva-

1795 3466 1889 3511 tur
1932 3466 1991 3511 ut
2037 3466 2159 3526 post
2203 3456 2643 3511 emundationem
2682 3469 2780 3527 per
2832 3471 3026 3525 aquam
3069 3462 3124 3510 et
3162 3454 3363 3523 reliqua

1795 3565 1914 3619 quae
1946 3549 2089 3603 dicta
2117 3557 2241 3604 sunt
2269 3546 2625 3617 perfundatur
2651 3547 2821 3603 altare
2849 3547 2991 3613 oleo,
3014 3547 3140 3618 quia
3166 3553 3222 3601 et
3242 3560 3370 3600 san-

1793 3648 1879 3694 cta
1928 3638 2166 3694 Ecclesia
2207 3638 2355 3709 prius
2396 3654 2541 3709 aqua
2582 3638 2872 3693 mandatur
2913 3637 2970 3692 in
2995 3635 3148 3692 fonte
3192 3634 3368 3705 bapti-

1795 3730 1983 3787 smatis
2019 3739 2072 3785 et
2109 3728 2187 3785 sic
2223 3730 2474 3785 unctione
2505 3730 2790 3800 insignitur
2808 3742 2904 3798 per
2934 3742 3124 3782 manus
3148 3724 3366 3798 pontifi-

1795 3823 1872 3877 cis
1915 3830 1974 3876 ut
2026 3820 2260 3893 Spiritus
2310 3821 2480 3876 sancti
2531 3821 2584 3876 iu
2637 3836 2695 3875 se
2744 3828 3016 3875 mereatur
3050 3819 3363 3884 adventum,

1794 3932 1918 3971 nam
1959 3916 2138 3971 oleum
2191 3915 2418 3984 gratiam
2471 3914 2739 3986 signiﬁcat
2786 3913 3019 3985 Spiritus
3054 3912 3249 3978 sancti,
3285 3920 3362 3977 et,

1794 4009 1920 4063 dum
1949 4008 2127 4063 oleum
2157 4006 2471 4078 corporibus
2501 4006 2786 4061 adhibetur
2810 4004 3069 4069 exterius,
3102 4004 3366 4059 adventus

1797 4099 2031 4170 Spiritus
2059 4098 2232 4154 sancti
2290 4098 2625 4170 signiﬁcatur
2658 4098 2905 4157 interius.
2957 4096 3111 4153 Unde
3139 4112 3235 4168 per
3260 4095 3371 4150 Isa-

1796 4192 1901 4245 iam
1927 4192 2249 4261 promissum
2282 4200 2367 4246 est
2399 4208 2412 4245 :
2448 4211 2465 4244 ι
2495 4190 2563 4246 Et
2600 4198 2996 4260 computrescet
3016 4190 3204 4258 jugum
3227 4206 3257 4242 a
3288 4188 3369 4241 fa-

1794 4284 1877 4339 cie
1901 4283 2027 4339 olei.
2063 4302 2082 4336 ι
2110 4281 2302 4355 Jugum
2334 4284 2478 4337 enim
2513 4283 2823 4338 dzemonicae
2852 4280 3240 4336 dominationis
3270 4295 3367 4349 pu-

1792 4376 1926 4429 truit
1954 4374 2007 4429 in
2032 4389 2229 4445 genere
2271 4376 2504 4429 humano
2528 4389 2626 4444 per
2654 4375 2941 4429 adventum
2984 4372 3216 4443 Spiritus
3241 4386 3370 4426 salt-

1792 4466 1884 4521 cti.
1921 4464 2025 4519 Sed
2053 4465 2401 4535 quaerendum
2425 4480 2522 4519 cur
2542 4465 2594 4518 in
2618 4464 2794 4518 medio
2815 4463 3001 4518 altaris
3030 4478 3164 4518 crux
3186 4462 3278 4517 fiat
3302 4478 3371 4518 ex

1793 4556 1932 4622 oleo,
1958 4565 2010 4611 et
2041 4556 2119 4611 sic
2157 4571 2253 4626 per
2280 4564 2513 4625 quatuor
2543 4555 2767 4625 angulos
2814 4553 2949 4622 ejus.
2998 4552 3078 4609 Ad
3108 4552 3251 4623 quod
3279 4567 3366 4609 re-

1796 4648 2168 4719 spondendum
2196 4648 2326 4718 quia
2350 4647 2605 4703 Ecclesia:
2656 4646 3003 4703 fundamenta
3038 4655 3199 4716 atque
3220 4644 3372 4699 initia

1796 4739 1850 4794 in
1893 4737 2192 4794 Jerusalem
2242 4739 2416 4808 primo
2471 4745 2848 4803 surrexerunt,
2880 4751 3042 4809 quam
3094 4734 3148 4789 in
3196 4734 3373 4790 medio

1798 4832 1981 4887 mundi
2008 4832 2209 4887 scimus
2262 4831 2521 4901 positam,
2571 4838 2707 4884 teste
2749 4828 3057 4897 Ezechiele,
3081 4827 3173 4896 qui
3203 4825 3372 4880 dicit:

1801 4945 1821 4979 ι
1853 4926 1958 4983 Ista
2003 4934 2086 4981 est
2116 4922 2441 4991 Jerusalem,
2477 4922 2532 4978 in
2572 4923 2751 4977 medio
2782 4925 3022 4994 gentium
3048 4918 3203 4990 posui
3233 4932 3377 4982 eam,

1794 5024 1850 5071 et
1895 5017 1951 5071 in
1994 5014 2223 5071 circuitu
2270 5018 2389 5090 ejus
2441 5023 2636 5067 terras.
2682 5032 2700 5063 ι
2732 5013 2800 5067 Et
2853 5014 2983 5070 item
3037 5006 3376 5062 Psalmista:

1798 5127 1817 5161 ‹
1854 5109 1997 5165 Deus
2044 5115 2224 5163 autem
2282 5125 2378 5167 rex
2426 5113 2608 5160 noster
2636 5113 2762 5160 ante
2782 5106 2977 5160 saecula
3025 5103 3284 5166 operatus
3304 5101 3387 5148 est

1791 5200 2024 5256 salutem
2055 5199 2107 5253 in
2154 5201 2345 5260 medio
2376 5209 2551 5255 teme.
2593 5212 2610 5245 ›
2656 5193 2717 5248 ln
2766 5197 3004 5250 medium
3050 5199 3177 5255 ergo
3202 5184 3391 5237 allatis

1791 5292 1969 5348 oleum
2006 5290 2258 5347 funditur
2288 5298 2343 5353 in
2370 5291 2584 5349 modum
2615 5287 2816 5352 crucis,
2849 5297 2905 5342 et
2933 5286 3014 5342 sic
3036 5291 3133 5348 per
3159 5286 3396 5344 quatuor

1794 5384 2021 5454 angulos
2048 5380 2188 5452 ejus,
2247 5388 2387 5456 quia
2416 5380 2643 5452 prinum
2673 5375 2728 5429 in
2751 5374 3058 5431 Jerusalem
3085 5363 3291 5456 posita:
3317 5381 3402 5420 su-

1791 5474 2041 5541 pervenit
2096 5455 2376 5534 Ecclesize
2412 5472 2605 5526 donum
2651 5463 2891 5534 Spiritus
2919 5455 3125 5521 sancti.
3156 5462 3211 5507 ει
3240 5455 3324 5509 Sic
3350 5456 3405 5509 ίῐι

1802 5576 1816 5580 -
1878 5576 1888 5580 -
2104 5576 2191 5580 ___--
2220 5563 2264 5580 ι·
2433 5569 2445 5580 ι
2464 5574 2510 5580 --
2553 5552 2788 5580 ιΙιι-ιξινιιιιι
2842 5563 2921 5580 ιιι..
2988 5544 3269 5580 αο,ἶ“.¹“¹’“
3324 5552 3404 5576 Λα.

2490 5574 2510 5580 ρ
2553 5557 2788 5580 Ᾱιι-ἶινιιιιι
2842 5563 2921 5580 ιιι..
