3920 5560
569 460 672 524 859

1117 473 1373 531 REMIGII
1406 478 2058 541 ANTISSIODORENSIS
2089 443 2240 543 OPP:
2280 487 2460 545 PARS
2494 489 2560 546 ll.
2598 521 2669 532 —-
2707 491 3207 555 MISCELLANEA.
3276 536 3283 542 ο
3718 494 3806 551 ὅθ
3882 470 3883 509 ἶ

570 568 787 640 rionune
830 563 1031 665 Patris,
1054 562 1276 659 etFilii,
1307 600 1362 647 et
1387 592 1619 665 Spiritus
1647 594 1841 666 sancti,
1879 617 1900 650 ι
1930 613 2134 671 praece-
2161 608 2211 669 Α
2236 601 2394 658 saria:
2413 643 2429 671 ,
2475 604 2761 675 pretiosior
2778 614 2959 663 tamen
2988 609 3072 666 bis
3092 609 3334 667 charitas
3358 609 3621 667 habetur.
3658 608 3807 665 .linde

508 692 513 695 ·
569 677 646 746 pit
670 680 748 733 cis
776 686 978 751 tamen,
1007 690 1067 739 ut
1095 685 1380 742 adventuum
1411 690 1583 746 sancti
1631 689 1863 763 Spiritus
1906 691 1960 749 in
1982 692 2140 759 Jeru-

570 767 738 823 salem
766 781 1143 841 exspectarent
1169 786 1222 831 et
1255 778 1331 833 sic
1356 778 1421 833 ad
1445 779 1743 837 docendum
1767 794 2137 855 properarent,

570 859 792 918 dicens:
828 883 847 917 ‹
889 861 991 922 Vos
1017 876 1192 924 autem
1236 869 1418 927 sedete
1454 872 1505 927 in
1541 874 1758 933 civitate
1793 878 2140 958 quoadusque

512 980 517 985 -
569 950 866 1039 induamini
890 958 1085 1015 virtute
1112 976 1178 1015 ex
1206 961 1332 1017 alto.
1365 984 1383 1016 ›
1412 963 1748 1024 Recordatus
1798 979 1977 1027 autem
2006 950 2141 1041 pon-

568 1030 700 1097 tiféx
725 1046 926 1101 veteris
958 1046 1196 1105 historia)
1220 1051 1377 1106 simul
1408 1064 1461 1108 et
1491 1055 1773 1113 ministerii
1799 1074 1921 1114 cum
1947 1059 2094 1116 canit
2122 1077 2136 1115 :

574 1148 595 1185 α
631 1133 816 1191 Erexit
858 1134 1024 1195 Jacob
1068 1139 1297 1211 lapidem
1332 1144 1382 1199 in
1416 1144 1648 1208 titulum.
1684 1144 1915 1205 fundens
1962 1150 2138 1207 oleum

518 1241 526 1245 ί
568 1225 818 1297 desuper.
860 1248 880 1282 ι
913 1228 1078 1288 Jacob
1116 1248 1349 1306 namque
1394 1253 1514 1292 cum
1561 1240 1852 1309 exsularet,
1909 1241 2139 1314 lapidem

509 1325 514 1331 ‘
568 1315 668 1370 sibi
700 1319 799 1373 sub
825 1322 1000 1391 capite
1027 1325 1204 1395 posuit
1232 1327 1286 1382 in
1314 1326 1519 1394 Bcthel,
1548 1340 1601 1387 et
1632 1333 1904 1391 dormivit.
1941 1336 2142 1393 Domus

540 1406 662 1462 'Dei
693 1418 777 1464 est
804 1410 1043 1469 Ecclesia
1100 1417 1286 1487 ipsius,
1321 1418 1460 1475 sicut
1499 1419 1696 1480 Paulus
1734 1423 1809 1480 ait
1846 1428 1912 1482 ad
1962 1428 2141 1485 Timo-

569 1499 750 1555 theum
783 1518 796 1554 :
830 1519 850 1554 ι
879 1500 936 1557 Si
960 1515 1140 1561 autem
1172 1507 1477 1577 tardavero,
1511 1531 1529 1565 ›
1564 1512 1759 1583 inquit,
1789 1535 1806 1569 ι
1844 1517 1986 1575 scias
2008 1534 2141 1589 qua-

566 1590 689 1645 liter
726 1601 779 1647 te
831 1604 1077 1665 oporteat
1126 1601 1435 1655 conversari
1479 1601 1532 1656 in
1581 1600 1741 1659 domo
1778 1602 1873 1662 Dei
1914 1623 2033 1677 quae
2056 1616 2141 1665 est

514 1698 519 1711 ‘
567 1684 803 1741 Ecclesia
832 1687 1018 1758 ipsius.
1054 1706 1071 1741 ι
1106 1689 1267 1761 Lapis
1307 1700 1484 1747 autem
1529 1693 1617 1749 ille
1658 1711 1818 1767 quem
1853 1693 2018 1755 Jacob
2039 1698 2139 1756 sub

2238 691 2439 753 Paulus
2461 696 2517 752 in
2551 696 2788 767 Epistola
2806 712 2905 756 sua
2926 700 3096 757 dicit:
3122 720 3145 757 ι
3172 701 3330 759 Nunc
3367 712 3557 759 autem
3602 712 3808 759 unum

2239 784 2405 849 ﬁdes,
2468 800 2629 859 spes,
2686 788 2958 857 charitas,
3011 792 3122 848 tria
3180 792 3339 860 hac;
3398 792 3581 863 major
3638 800 3805 847 actm

2241 875 2431 932 horum
2459 887 2545 935 est
2570 880 2827 939 charitas.
2860 903 2882 936 δ
2938 882 3107 954 Major
3141 885 3400 942 estenim
3424 885 3683 941 charits
3720 884 3806 939 ﬁde
3892 878 3893 947 ἶ

2239 975 2297 1024 et
2326 983 2452 1040 spe,
2483 972 2611 1054 quia
2633 972 2753 1041 istis
2780 972 3152 1032 deﬁcientibus
3179 975 3424 1033 claritas
3452 982 3681 1039 manet.
3712 975 3807 1031 sive

2239 1058 2365 1128 quia
2411 1061 2692 1119 charitatis
2738 1063 2950 1121 initium
3006 1080 3112 1136 qua
3164 1067 3335 1122 Deum
3395 1066 3685 1137 diligimus
3739 1067 3805 1120 at:
3890 1058 3893 1111 i

2240 1148 2528 1207 inchoatur
2557 1168 2677 1209 cum
2713 1169 2809 1225 per
2833 1155 3106 1226 speculum
3129 1157 3377 1227 videtnon
3400 1165 3459 1213 et
3490 1159 3552 1213 in
3572 1156 3803 1225 aisn-

2243 1247 2294 1296 te
2313 1281 2328 1307 ,
2355 1244 2823 1301 consummabitur
2844 1261 2968 1321 cum
3004 1247 3299 1302 viderimus
3327 1246 3475 1304 facie
3504 1246 3582 1301 ad
3614 1245 3804 1301 faciem.

2242 1332 2399 1390 Canit
2444 1345 2627 1393 autem
2658 1339 2910 1397 sacerdos
2954 1338 3074 1397 fuso
3107 1339 3408 1397 chrismate
3444 1354 3625 1410 super
3664 1338 3805 1392 altare

2243 1425 2633 1498 antipbonam:
2670 1447 2689 1482 ι
2724 1428 2864 1485 Ecce
2907 1430 3041 1487 odor
3070 1429 3165 1484 lilii
3196 1430 3303 1487 "rei
3336 1430 3488 1486 sicut
3532 1428 3676 1487 odor
3712 1431 3803 1498 ξτί

2240 1516 2384 1588 pleni
2414 1534 2573 1588 quem
2610 1520 2882 1577 benedixit
2919 1521 3193 1578 Dominus.
3235 1541 3256 1575 ο
3287 1521 3684 1579 neminiseem
3698 1520 3802 1574 diu:

2241 1610 2578 1681 prophetiam
2622 1609 2787 1668 Jacob
2820 1614 3219 1683 pronuntiatam
3269 1628 3420 1668 nunc
3462 1611 3725 1684 compleri
3763 1612 3802 1665 is

2243 1701 2499 1758 Ecclesiae
2525 1702 2880 1759 :editicatione
2909 1702 3004 1777 [αι.
3034 1702 3454 1776 gloriﬁcatione]
3482 1704 3651 1775 cujus
3666 1702 3805 1758 Filias

568 1778 743 1847 capite
784 1778 971 1836 habuit
1017 1791 1201 1855 typum
1256 1782 1555 1842 Salvatoris
1580 1790 1864 1860 expressit.
1894 1791 1987 1849 llle
2011 1807 2139 1865 ergo
2192 1772 2197 1781 λ
2241 1792 2501 1851 Dominus
2540 1804 2726 1851 uoster
2770 1772 2930 1852 Iesus
2955 1772 3204 1854 Christus
3230 1772 3573 1855 secundum
3614 1808 3801 1849 eam

522 1888 529 1889 ν
570 1868 915 1928 fundamenta
954 1872 1148 1931 domus
1172 1877 1264 1932 Dei
1294 1879 1648 1952 contemplari
1680 1895 1919 1940 meretur
1943 1886 2034 1957 qui
2061 1886 2141 1942 la-
2240 1886 2455 1955 existit,
2505 1902 2667 1958 quem
2712 1887 2801 1943 ille
2847 1886 2961 1958 jam
3013 1897 3143 1946 tunc
3186 1889 3357 1949 multa
3404 1897 3539 1960 ραι
3593 1897 3802 1957 ωιιιιοα

518 1962 743 2033 "pidcm
774 1963 863 2021 ad'
885 1960 1046 2039 caput
1090 1968 1273 2037 habet,
1306 1974 1429 2045 quia
1463 1973 1550 2031 ille
1579 1977 1846 2033 veraciter
1871 1994 1989 2051 quae
2016 1987 2142 2036 sunt
2171 1978 2216 2040 B
2243 1979 2576 2037 nasciturum
2605 1980 2886 2051 praevidit,
2931 1981 3083 2053 citius
3120 1995 3252 2055 ager
3295 1990 3385 2039 est
3444 1991 3569 2039 tota
3614 1981 3804 2036 latitudo

518 2068 523 2073 ·
566 2053 743 2110 divina
774 2059 1034 2129 conspicit
1064 2061 1151 2131 qui
1176 2070 1357 2134 caput,
1386 2063 1438 2120 id
1468 2075 1551 2121 est
1579 2076 1812 2124 mentem
1842 2069 1895 2126 in
1920 2069 2137 2139 Christo

567 2145 731 2203 lixam
770 2148 948 2207 habet.
983 2151 1147 2209 Unxit
1205 2168 1381 2211 autem
1432 2156 1681 2215 eumdem
1733 2159 1986 2233 lapidem,
2011 2165 2139 2236 quia

565 2240 813 2312 prmvidit
840 2240 1076 2300 biturum
1100 2246 1245 2301 illum
1275 2246 1505 2319 lapidem
1532 2257 1585 2304 et
1607 2253 1906 2324 ungendum
1934 2256 2025 2325 qui
2049 2271 2138 2313 re-

569 2330 826 2400 probatns
872 2349 902 2389 a
953 2330 1154 2392 Iuda-is
1202 2338 1616 2407 mdiﬂcanlibus,
1663 2351 1719 2397 et
1748 2352 1942 2401 unctus
1971 2360 2000 2400 a
2027 2345 2139 2405 Deo

572 2419 732 2479 Patre
777 2423 896 2480 oleo
922 2425 1298 2485 exsultationis
1325 2446 1436 2501 prae
1454 2426 1808 2503 participibus
1834 2433 1963 2491 suis.
1992 2434 2140 2494 Unde

526 2526 529 2533 ’
565 2520 621 2568 ct
642 2508 837 2571 Petrus
866 2532 882 2571 :
922 2532 941 2570 ι
975 2515 1126 2575 Sicut
1155 2518 1308 2576 unxit
1336 2536 1457 2577 eum
1481 2518 1622 2577 Deus
1644 2522 1846 2595 Spiritu
1874 2535 2061 2585 sancto
2085 2535 2141 2585 et

524 2627 531 2635 -
564 2604 788 2671 virtute,
828 2622 846 2662 ι
873 2622 904 2664 a
929 2624 1033 2681 qua
1064 2610 1315 2668 unctione
1343 2612 1611 2678 Christus,
1643 2614 1693 2670 id
1723 2626 1807 2673 est
1843 2628 2038 2675 unctus
2058 2618 2143 2698 di-

526 2696 531 2723 ⁵
569 2694 728 2753 citur.
785 2694 985 2770 Unguit
1024 2700 1266 2772 pontifex
1320 2720 1481 2761 manu
1528 2721 1624 2762 sua
1666 2706 1839 2780 ipsum
1887 2694 2141 2780 lapidem,

526 2794 537 2805 '
568 2786 693 2858 quia
720 2786 774 2844 in
809 2796 1074 2863 potestate
1090 2781 1548 2855 veri‘Sacerdotis
1570 2799 1739 2855 nostri
1778 2799 1898 2868 fuit,
1929 2803 2143 2873 quando

526 2892 529 2893 '
570 2878 831 2951 Spiritum
875 2872 1235 2943 Paracietum'
1261 2904 1422 2960 super
1456 2886 1752 2947 Ecclesiam
1800 2872 1964 2949 misit.
1993 2893 2144 2951 Unde

571 2973 700 3030 dicit
714 2974 782 3031 ad
804 2974 1051 3033 eumdem
1078 2977 1310 3051 lapidem
1335 2996 1494 3051 quem
1522 2982 1753 3052 primum
1775 3000 1933 3043 manu
1956 2985 2140 3041 unxit:

573 3088 591 3120 ι
627 3069 681 3125 Si
707 3086 814 3127 non
844 3074 1049 3143 abiero,
1069 3068 1379 3135 Paracletus
1406 3094 1514 3134 non
1528 3081 1717 3146 veniet
1742 3080 1808 3135 ad
1832 3096 1958 3146 vos;
1990 3082 2034 3137 si
2056 3099 2144 3137 an.

569 3169 677 3216 tem
707 3161 911 3233 abiero,
942 3150 1153 3223 mittam
1178 3184 1300 3225 eum
1332 3169 1397 3225 ad
1427 3185 1542 3228 vos.
1569 3190 1587 3224 ι
1615 3168 1749 3227 Dum
1776 3187 1905 3245 ergo
1931 3176 2146 3245 quando

530 3252 738 3312 "Voluit
756 3246 1017 3329 Spiritum
1040 3269 1283 3339 sanctum
1300 3256 1554 3320 Ecclesiae
1574 3265 1860 3336 primitivae
1879 3267 2145 3338 attribuit,

2239 2072 2424 2127 mundi
2454 2086 2551 2142 per
2581 2087 2739 2143 quem
2770 2072 2961 2131 dilktsa
2988 2083 3075 2130 est
3099 2073 3361 2131 Ecclesia.
3412 2072 3525 2130 Hic
3562 2088 3697 2145 ergo
3738 2073 3804 2126 di-

2239 2178 2425 2220 versos
2450 2163 2611 2222 ﬂores
2654 2165 2839 2226 odoris
2882 2166 3111 2238 protulit
3135 2166 3365 2237 optimi.
3414 2183 3550 2223 ann
3600 2182 3741 2222 rens
3766 2168 3804 2217 is

2240 2254 2605 2326 martyribus,
2662 2255 2773 2312 lilia
2826 2256 2880 2312 in
2926 2256 3262 2330 virginibus,
3310 2258 3492 2314 violas
3543 2258 3603 2313 in
3653 2256 3801 2313 seculi

2238 2342 2738 2416 contemptoribus,
2789 2346 2992 2405 virides
3038 2348 3235 2404 herbas
3291 2348 3352 2404 in
3406 2347 3803 2421 incipientibus.

2238 2426 2461 2487 ﬂoridas
2492 2432 2545 2487 in
2594 2433 3037 2504 proﬁcientibus,
3089 2435 3278 2505 plenas
3328 2435 3385 2491 in
3442 2435 3805 2491 consumatis

2241 2529 2404 2593 atque
2458 2521 2714 2595 perfectis
2759 2524 3081 2581 animalibus
3130 2524 3381 2597 proferre
3427 2541 3544 2581 non
3597 2524 3796 2581 desidit.

2240 2610 2385 2670 Odor
2406 2630 2535 2686 ergo
2577 2615 2673 2672 lilii
2724 2615 2858 2674 odor
2897 2624 2982 2673 est
3030 2617 3143 2690 agri
3191 2616 3374 2690 pleni,
3424 2632 3567 2673 cum
3620 2630 3802 2686 eam

2242 2716 2442 2764 sanctae
2504 2707 2757 2765 Ecdesia:
2806 2708 3032 2765 diversis
3077 2708 3390 2780 resplendet
3436 2710 3728 2765 virtutibus
3762 2716 3802 2761 et

2243 2812 2461 2853 suavem
2507 2795 2724 2853 Christo
2781 2795 2993 2854 confert
3036 2798 3279 2855 odorem.
3326 2796 3493 2855 Unde
3534 2799 3703 2854 herba
3739 2796 3799 2850 is:

2199 2956 2203 2961 τ
2242 2888 2537 2945 aromatica
2567 2882 2634 2943 de
2664 2882 2725 2944 se
2770 2897 2826 2944 et
2851 2889 2965 2945 suis
2988 2888 3255 2945 similibus
3298 2886 3532 2967 aiebat:
3574 2906 3597 2941 ι
3641 2886 3801 2943 Christi

2244 2977 2417 3034 bonus
2438 2979 2571 3034 odor
2608 2988 2795 3035 sumus
2836 2978 2944 3034 Deo
2975 2978 3028 3034 in
3057 2979 3204 3041 omni
3254 2979 3401 3039 loco.
3438 2999 3461 3032 ι
3524 2980 3727 3036 Deinde
3762 2980 3801 3033 in

2244 3066 2470 3126 circuitu
2498 3069 2749 3128 Ecclesiae
2774 3086 2871 3142 per
2895 3070 3131 3143 parietes
3149 3087 3368 3129 crucem
3397 3070 3609 3145 pollice
3632 3073 3699 3129 de
3718 3072 3803 3141 ipso

2245 3161 2536 3218 chrismate
2581 3161 2823 3234 pontifex
2868 3163 2999 3219 facit
3053 3164 3315 3243 incipiens
3352 3180 3384 3219 a
3416 3164 3627 3221 dextro
3671 3164 3804 3219 latere

2245 3267 2414 3325 usque
2434 3250 2486 3311 in
2514 3253 2817 3310 sinistrum.
2856 3252 3042 3332 Altare
3076 3255 3294 3326 quidem
3324 3262 3517 3329 totum
3544 3256 3805 3327 perﬁcitur

526 3344 543 3353 ”
568 3346 755 3420 utique
780 3364 942 3408 manu
966 3368 1062 3409 sua
1088 3342 1319 3439 lapidem
1345 3356 1522 3426 unxit,
1549 3356 1674 3428 quia
1696 3360 1914 3431 quando
1932 3368 1987 3417 et
2006 3375 2140 3438 quo-

2244 3358 2397 3399 sacra
2428 3342 2714 3412 unctione;
2759 3343 2992 3415 parietes
3016 3353 3196 3401 autem
3240 3343 3539 3417 signantur
3562 3346 3807 3417 pontiﬁcis

569 3440 732 3498 modo
753 3443 924 3502 voluit
951 3444 1129 3503 oleum
1163 3444 1397 3523 Spiritus
1440 3442 1615 3509 sancti
1647 3451 1912 3509 attribuit.
1952 3452 2144 3527 Manus

532 3542 537 3550 ‘
571 3532 714 3589 enim
760 3542 998 3606 poteStas
1022 3535 1136 3607 ejus
1162 3531 1498 3613 intelligitur,
1526 3541 1666 3613 sicut
1709 3543 1970 3615 scriptum
1999 3553 2095 3617 est,
2125 3563 2141 3600 :

530 3626 541 3631 ‘
578 3638 596 3676 ι
634 3616 856 3681 Factum
888 3637 971 3683 est
997 3628 1219 3702 verbum
1255 3628 1468 3691 Domini
1507 3630 1559 3691 in
1585 3650 1745 3696 manu
1770 3638 1972 3710 Aggai,
2007 3658 2027 3694 ι
2060 3616 2146 3696 vel

571 3714 855 3787 Cujusiihct
907 3719 1133 3780 alterius
1183 3720 1487 3796 prophetae.
1518 3727 1654 3786 Hinc
1677 3726 1872 3791 Petrus
1901 3751 1915 3788 :
1948 3751 1969 3787 ι
2007 3733 2147 3791 Dex-

565 3815 685 3864 tera
740 3809 907 3889 igitur
952 3804 1047 3871 Dei
1109 3810 1369 3874 exaltata’
1404 3829 1462 3878 et
1512 3824 1874 3895 promissione
1912 3826 2145 3901 Spiritus

540 3900 742 3957 'sancti
774 3914 990 3988 accepta
1043 3904 1226 3964 ell‘udit
1271 3909 1327 3966 in
1378 3927 1476 3987 nos
1502 3916 1593 3987 qui
1621 3917 1909 3976 credimus.
1945 3900 2146 3988 sQuod

544 3986 700 4047 'vero
726 3991 785 4071 in
805 3986 1035 4051 circuitu
1082 3997 1249 4069 ipsius
1275 3986 1462 4077 altaris
1510 3986 1648 4064 alius
1681 4009 1936 4086 sacerdos
1965 3986 2147 4073 incen-

538 4084 547 4092 ‘
572 4096 690 4138 sum
712 4087 882 4156 ponit,
900 4090 1148 4163 congruit
1172 4090 1245 4155 illi
1272 4096 1500 4166 tempori
1522 4100 1739 4168 quando
1760 4084 2002 4172 Spiritus
2020 4117 2150 4159 san-

540 4176 692 4238 ctus
718 4181 917 4239 missus
933 4176 1026 4240 'est
1052 4201 1214 4260 super
1245 4190 1519 4265 apostolos
1548 4193 1614 4255 de
1649 4196 1844 4265 quibus
1882 4196 2145 4267 scriptum

570 4282 654 4329 est
670 4291 713 4329 ει
736 4270 889 4343 Quod
901 4283 1029 4334 ante
1043 4270 1575 4355 adventum‘Spiritus
1588 4288 1756 4343 sancti
1770 4297 2148 4362 erantsemper

544 4360 553 4365 ’
571 4361 624 4417 in
640 4362 859 4434 templo,
875 4362 1154 4425 laudantes
1166 4367 1333 4426 Deum
1348 4384 1400 4437 et
1416 4374 1794 4453 benedicentes
1805 4360 2109 4438 Dominum.
2120 4400 2139 4434 ι

542 4454 549 4457 ’
570 4448 705 4508 Cum
720 4467 851 4526 ergo
875 4454 1115 4526 pontifex
1139 4458 1309 4523 altare
1328 4460 1517 4535 unguit
1537 4464 1672 4522 alius
1692 4448 1946 4524 sacerdos
1966 4469 2148 4529 incen-

556 4537 888 4630 sumlponit,
926 4544 1051 4616 quia
1078 4564 1200 4605 cum
1228 4549 1490 4611 Dominus
1518 4565 1571 4610 et
1608 4556 1858 4616 Salvator
1883 4557 2143 4630 Spiritum

573 4622 814 4689 sanctum
841 4641 1004 4708 super
1017 4636 1315 4715 Ecclesiam
1338 4647 1600 4703 missurus
1614 4656 1716 4714 est,
1732 4658 1787 4705 et
1799 4649 1909 4720 ipse
1923 4622 2145 4722 aposto-

571 4721 746 4781 lorum
776 4725 992 4799 chorus,
1013 4730 1105 4802 qui
1127 4730 1396 4793 secundus
1428 4738 1681 4803 sacerdos
1710 4750 1895 4797 noster
1914 4752 2019 4812 est,
2042 4743 2148 4800 vir-

575 4822 747 4872 tutem
769 4816 1030 4879 Orationis
1055 4823 1121 4878 ad
1148 4820 1436 4889 Dominum
1460 4829 2031 4905 mittebat..Simulque
2056 4850 2140 4893 os-

549 4906 813 4993 ‘tenditur
825 4910 1093 4987 neminem
1112 4912 1462 5003 dignumesse
1477 4922 1708 4985 adventu
1723 4922 2145 4995 sanctiSpiritus

550 4998 677 5083 “nisi
711 5012 873 5073 quem
897 5000 1069 5079 virtus
1096 5018 1267 5093 sacrae
1291 4994 2143 5092 commendat,orationierueeri

556 5080 754 5175 autem
785 5102 1074 5179 potestcur
1092 5080 1262 5159 altare
1286 5084 1542 5175 unguitur
1563 5112 1617 5177 et
1632 5080 1715 5165 bis
1733 5121 1799 5162 ex
1813 5107 1932 5164 oleo
1946 5080 2146 5179 simpli-

552 5174 654 5265 ‘ci,
670 5189 830 5261 tertio
858 5174 1036 5271 autem
1066 5193 1377 5271 chrismate.
1408 5195 1514 5258 Sed
1560 5174 1952 5270 respondemus
1981 5202 2140 5273 quia,

507 5287 515 5293 '
554 5264 693 5331 'cum
717 5276 887 5336 sancti
916 5264 1147 5353 Spiritus
1171 5264 1803 5365 dona'sintmuitiplicia,
1834 5300 1942 5346 tres
1963 5300 2142 5356 tamen

2245 3432 2459 3508 pollice,
2486 3437 2612 3507 quia
2664 3452 2764 3508 per
2812 3436 2983 3492 altare
3026 3436 3310 3517 signantur
3355 3437 3430 3492 illi
3488 3439 3589 3510 qui
3638 3437 3807 3511 petisti

2246 3524 2479 3598 Spiritus
2504 3526 2678 3584 sancti
2728 3524 3041 3585 debriantur
3067 3542 3593 3607 munere,quoruns
3628 3529 3809 3585 adiacet

2246 3632 2400 3675 mens
2425 3618 2479 3674 in
2509 3617 2718 3676 Domini
2747 3635 2951 3685 amore.
2973 3619 3144 3677 fervet
3162 3633 3397 3693 semper,
3428 3631 3607 3693 atque
3637 3619 3808 3678 inienia

2216 3784 2221 3789 ο
2245 3723 2351 3781 quo
2372 3712 2541 3784 magis
2573 3708 2932 3779 delectantur,
2960 3726 3025 3769 eo
3049 3713 3270 3784 majoris
3297 3713 3441 3773 illius
3471 3731 3709 3772 munere
3730 3717 3810 3769 ist-

2245 3800 2591 3874 pinguantur.
2650 3802 2755 3860 Per
2800 3804 3035 3876 parietes
3083 3814 3268 3864 autem
3298 3836 3301 3839 η
3329 3807 3563 3864 minoris
3620 3821 3812 3879 quoque

2245 3892 2452 3955 ordinis
2470 3936 2486 3964 ,
2525 3892 2723 3970 quibus
2741 3895 2938 3955 sufﬁcit
2958 3895 3100 3975 quod
3122 3896 3329 3971 lapides
3350 3898 3475 3955 sint
3494 3898 3755 3956 Εωιαὰ
3773 3904 3813 3950 et

2216 3986 2301 4065 in
2325 3992 2600 4066 compagis
2626 3992 2880 4053 Ecclesiae
2930 3998 3154 4051 manent
3205 3992 3439 4061 unione,
3494 4003 3671 4064 atque
3718 3993 3812 4047 illeo

2245 4101 2342 4159 per
2361 4087 2519 4144 ﬁdem
2547 4082 2815 4159 passionis
2847 4102 2913 4144 ac
2944 4086 3393 4154 resurrectionis,
3412 4097 3474 4143 et
3510 4102 3625 4157 per
3662 4086 3814 4145 dien-

2248 4189 2410 4239 tatem
2433 4177 2788 4237 fraternitatis
2817 4180 2958 4236 dona
2998 4187 3276 4236 merentur
3301 4179 3495 4237 Sancti
3514 4176 3811 4249 spiritus

2243 4276 2436 4333 dextro
2459 4285 2639 4332 autem
2671 4289 2842 4347 usque
2871 4275 2926 4331 in
2955 4274 3229 4333 sinistrum
3258 4289 3398 4337 crux
3430 4273 3691 4346 pingitur
3710 4288 3811 4327 an

2245 4374 2391 4425 recta
2452 4365 2781 4435 intentione,
2804 4366 2969 4427 intrat
3017 4365 3138 4436 quis
3165 4364 3499 4429 meum.
3530 4375 3592 4420 et
3644 4362 3812 4430 ἰιιρις

2240 4460 2505 4517 societate
2538 4459 2837 4529 persistens
2856 4458 3253 4529 passionesque
3274 4459 3364 4518 sui
3410 4458 3725 4516 Salvator-is
3748 4471 3813 4512 re-

2245 4551 2537 4609 miniscens
2567 4552 2824 4609 terminat
2845 4551 2985 4608 hanc
3013 4551 3201 4614 vitam.
3236 4550 3401 4608 Ganit
3430 4552 3649 4607 interea
3696 4550 3809 4605 anti-

2247 4654 2359 4703 stes
2380 4645 2734 4715 antiphonam
2773 4662 2788 4701 :
2828 4663 2846 4696 ‹
2878 4643 3248 4703 Sanctiﬁcavit
3268 4644 3540 4701 Dominis
3558 4641 3808 4700 Tabern-

2248 4739 2426 4796 culum
2450 4753 2626 4795 suum.
2661 4757 2683 4793 ι
2718 4736 3149 4794 Tabernaculum
3173 4736 3269 4793 Dei
3297 4736 3552 4793 Eedesia
3578 4746 3686 4799 est.
3710 4736 3807 4806 quia

2247 4839 2302 4887 et
2326 4831 2383 4886 in
2407 4830 2661 4900 praesenti
2708 4829 2820 4889 vita
2851 4827 3008 4898 quasi
3051 4827 3105 4883 in
3148 4825 3344 4885 itinere
3370 4834 3461 4882 est
3500 4838 3732 4897 pergens
3760 4820 3807 4876 ad

2246 4920 2504 4991 patriam,
2556 4918 2641 4973 vel
2683 4919 2812 4989 quia
2857 4917 3094 4999 suscepit
3147 4916 3349 4974 bellum
3406 4924 3609 4971 contra
3664 4913 3807 4968 aerias

2245 5018 2562 5084 potestates.
2586 5011 2760 5080 Quam
2794 5010 3061 5069 Dominus
3080 5007 3451 5065 sanctiﬁcavit
3472 5006 3591 5073 sic.
3615 5016 3673 5062 ut
3696 5005 3808 5073 Ase-

2244 5108 2415 5165 stolus
2436 5106 2602 5162 dicit:
2640 5124 2660 5159 ‹
2696 5105 2921 5162 Faciens
2944 5119 3065 5181 eam
3086 5119 3194 5161 non
3219 5096 3424 5161 habere
3442 5100 3715 5157 maculam
3736 5106 3805 5150 ιιι

2234 5216 2458 5273 ωυρμ).
2519 5219 2539 5253 ι
2595 5198 2751 5277 canit
2792 5197 2995 5253 etiam:
3032 5213 3051 5249 α
3086 5195 3321 5265 Lapides
3346 5194 3602 5264 pretiosi
3647 5203 3805 5247 omnes

2251 5290 2391 5346 muri
2409 5288 2505 5344 tui.
2541 5311 2560 5342 ι
2588 5288 2722 5345 Muri
2749 5285 3051 5344 Jerusalem
3078 5285 3413 5343 munitiones
3436 5293 3574 5340 sunt
3594 5283 3805 5351 Scriptu-

2126 5391 2143 5412 ο
2252 5396 2432 5432 rarum
2452 5380 2648 5428 mnibus
2667 5386 2924 5428 arcentur
2941 5374 3135 5434 Judei.
3157 5375 3399 5428 humili
3418 5371 3802 5447 ιιαιιηριιιί
