4038 6466
232 502 327 558 861

1349 503 1438 559 DE
1464 498 1919 560 DEDICATIONE
1958 504 2333 562 ECCLESI/E.

3405 509 3507 569 862

230 634 364 674 vero
388 618 580 673 iterum
606 632 821 674 crucem
869 618 1074 675 incensi
1105 633 1265 689 super
1294 618 1463 675 altare
1489 618 1619 675 facit
1648 621 1822 690 ponti-
1852 626 1899 685 Α
1927 624 2107 677 omnia
2166 624 2482 680 linteamina
2537 625 2783 689 ecclesia:
2830 629 3075 699 pontiﬁci
3138 630 3507 687 benedicenda

228 711 343 779 fex,
365 710 567 765 indicat
591 711 735 780 quia,
757 719 1046 781 antequam
1069 710 1295 783 gratiam
1320 704 1822 779 mereamur,etiam

228 805 489 861 instantia
521 806 825 860 orationum
879 821 908 860 a
956 805 1066 861 Deo
1108 820 1334 876 poscere
1366 798 1659 862 debemus.
1714 805 1822 869 Sed

228 912 409 969 neque
437 907 559 967 post
580 906 858 967 acceptam
889 894 1187 951 bonitatem
1227 896 1439 953 remissi
1468 904 1523 952 et
1551 886 1823 969 negligen}

230 1002 312 1048 tes
340 1008 459 1047 csse
487 992 743 1047 debemus
762 1031 776 1055 ,
825 992 952 1061 quin
980 992 1158 1059 potius
1180 1001 1361 1063 grates
1404 992 1478 1046 illi
1510 976 1824 1047 innumeras

226 1101 332 1155 pro
368 1082 645 1139 beneficiis
673 1082 883 1137 collatis
914 1078 1193 1138 exsolvere
1222 1083 1476 1139 convenit
1518 1070 1585 1137 ne
1627 1082 1822 1152 ingrati

229 1194 458 1233 munere
510 1165 760 1245 suscepto
810 1173 1102 1231 reddantur
1157 1177 1504 1246 accipiendo,
1546 1176 1825 1245 simulque

228 1270 509 1341 priveinur
535 1277 789 1339 accepto,
815 1268 955 1323 sicut
998 1269 1085 1324 ille
1136 1269 1415 1340 negligens
1440 1278 1495 1323 et
1541 1269 1825 1324 indevotus

218 1344 425 1419 servus
449 1362 539 1433 qui
570 1374 791 1432 accepto
818 1362 1031 1417 Domini
1065 1363 1297 1428 talento,
1331 1378 1434 1418 non
1472 1363 1631 1419 modo
1673 1364 1825 1418 inde-

228 1468 391 1511 votus
422 1457 701 1529 apparuit,
751 1459 845 1512 sed
900 1459 1062 1512 etiam
1094 1458 1161 1512 ad
1212 1458 1537 1512 calumniam
1594 1458 1825 1513 Domino

218 1536 568 1605 inferendam
592 1566 791 1621 procax
820 1560 871 1605 et
900 1550 1195 1605 malevolus
1221 1552 1449 1606 exstitit.
1473 1552 1624 1618 Quod
1646 1553 1825 1608 vitans

230 1642 499 1714 pontifex,
536 1654 819 1713 postquam
844 1644 1016 1699 altare
1044 1645 1254 1699 Domini
1280 1646 1544 1716 spirituali
1570 1646 1665 1718 [αι.
1700 1663 1822 1717 spe-

230 1736 379 1809 ciali]
405 1736 695 1792 chrismate
744 1737 893 1802 linit,
942 1738 1007 1791 ad
1068 1739 1371 1815 orationem
1419 1740 1825 1811 gratiarumque

230 1828 501 1883 actionem
530 1842 650 1883 sese
696 1828 922 1883 devotus
962 1828 1267 1896 submittit,
1298 1831 1480 1885 sciens
1525 1832 1818 1900 scriptum:

220 1912 253 1971 ἰ
284 1920 369 1974 Ad
411 1919 587 1975 locum
631 1922 770 1976 unde
815 1931 1017 1977 exeunt
1060 1922 1280 1977 ﬂumina
1335 1934 1713 1991 revertuntur,
1764 1934 1825 1980 ut

231 2014 429 2068 iterum
453 2012 639 2068 ﬂuant.
676 2033 693 2065 ι
732 2011 917 2083 Neque
955 2014 1100 2070 enim
1128 2014 1299 2069 ﬂuere
1332 2015 1542 2081 valent,
1575 2018 1684 2070 imo
1712 2016 1818 2072 sic—
1848 2030 1896 2089 Β

229 2114 425 2160 cantur
443 2105 626 2175 omnia
648 2104 871 2160 ﬂumina
900 2105 1002 2160 nisi
1024 2108 1091 2160 ad
1116 2108 1398 2163 matricem
1422 2108 1646 2163 redeant
1665 2110 1825 2181 abys-

222 2213 389 2273 sum,
444 2199 603 2269 quia,
644 2198 749 2253 nisi
800 2209 1148 2268 perceptores
1179 2199 1487 2255 divinorum
1536 2216 1823 2261 munerum

228 2302 352 2343 sese
382 2288 661 2343 humiliter
698 2288 817 2358 ejus
862 2290 1115 2358 potentia:
1148 2291 1382 2357 subdere
1433 2292 1744 2347 studueriut
1790 2306 1825 2347 a

229 2392 340 2447 quo
362 2387 421 2432 ut
443 2377 612 2433 ﬂuant
647 2391 1007 2449 acceperunt,
1052 2397 1238 2449 eorum
1263 2382 1400 2440 velle
1448 2393 1503 2440 et
1541 2399 1700 2454 posse
1722 2384 1828 2439 ari-

229 2469 399 2523 ditate
428 2480 688 2541 perpetua
718 2481 1077 2528 marcesceut.
1107 2472 1241 2527 Nam
1274 2475 1597 2543 quibusdam
1626 2475 1826 2530 talibus
1861 2472 1865 2477 ⁷

228 2560 519 2631 Apostolus
551 2564 887 2639 exprobrans
931 2563 1043 2617 ait:
1081 2582 1099 2613 ι
1141 2562 1280 2631 Quid
1305 2566 1447 2619 enim
1488 2567 1656 2622 habes
1680 2568 1825 2637 quod

228 2666 337 2706 non
362 2636 653 2722 accepisti?
675 2631 731 2708 gi
756 2663 932 2709 autem
957 2655 1236 2724 accepisti,
1253 2656 1379 2725 quid
1399 2656 1648 2727 gloriaris
1669 2658 1824 2727 quasi

229 2759 336 2799 non
365 2745 676 2815 acceperis?
711 2766 729 2798 ι
765 2745 870 2805 Sed
917 2755 973 2800 et
1015 2746 1264 2803 Pontifex
1317 2749 1672 2817 pontiﬁcum,
1722 2751 1825 2805 Do-

232 2834 412 2891 minus
440 2836 693 2896 Salvator
745 2847 971 2905 noster,
1019 2840 1111 2908 qui
1163 2841 1315 2896 sedet
1364 2841 1419 2897 in
1456 2842 1676 2896 dextera
1727 2858 1823 2911 pa,-

233 2938 400 3009 terua:
428 2930 762 3001 majestatis,
805 2947 1023 2988 crucem
1051 2934 1259 2989 incensi
1286 2950 1451 3005 super
1498 2936 1670 2992 altare
1699 2945 1825 2994 tunc

228 3022 417 3091 ponit,
447 3038 566 3079 cum
594 3038 692 3093 pro
721 3025 898 3091 nobis,
926 3025 1068 3080 sicut
1091 3025 1384 3097 Apostolus
1412 3029 1565 3095 dicit,
1598 3029 1816 3085 Patrem

228 3113 550 3171 intervenit.
588 3115 816 3173 Crucem
864 3118 1006 3172 enim
1049 3120 1256 3176 incensi
1290 3120 1472 3179 facere
1498 3133 1585 3179 est
1620 3125 1826 3195 passio—

230 3221 356 3273 nem
380 3221 534 3261 suam
568 3207 715 3281 Patri
740 3210 1029 3269 ostendere
1052 3228 1117 3267 ac
1142 3228 1241 3282 pro
1266 3215 1424 3270 nobis
1457 3215 1823 3285 interpellare.

231 3297 379 3373 Dicit
428 3298 571 3352 enim
614 3299 817 3355 Paulus
848 3303 1125 3373 apostolus
1156 3321 1169 3358 :
1208 3325 1225 3355 ι
1254 3304 1505 3362 Christus
1535 3306 1693 3364 Jesus
1729 3310 1820 3380 qui

1925 714 2175 771 oﬂerunt.
2207 719 2346 786 Quid
2366 735 2465 790 per
2491 720 2591 781 hos
2619 721 2899 779 ministros
2916 724 3021 779 nisi
3053 724 3106 778 hi
3138 724 3511 794 intelliguntur

1909 806 2016 884 qui
2046 806 2308 864 Ecclesia:
2336 810 2561 866 servitio
2604 811 2688 867 vel
2731 813 2947 868 ornatui
2992 813 3327 885 delegantur,
3373 830 3511 884 quos

1925 910 2144 959 necesse
2174 908 2259 954 est
2282 901 2350 954 ad
2392 902 2645 958 decorem
2675 903 2932 959 Ecclesiae
2970 905 3139 959 multa
3164 904 3420 961 conferre
3454 914 3511 960 et

1927 990 2074 1045 varia
2105 993 2337 1062 propria:
2373 996 2721 1065 possibilitati
2766 1000 3162 1070 congruentia?
3197 1002 3339 1056 sicut
3366 1002 3513 1056 enim

1927 1082 1981 1136 in
2022 1085 2221 1155 populo
2266 1086 2588 1155 Israelitico,
2617 1106 2742 1146 cum
2788 1090 3191 1149 tabernaculum
3224 1093 3376 1163 jussu
3418 1094 3515 1150 Dei

1927 1186 2359 1245 construeretur,
2390 1164 2541 1234 varia
2585 1182 2765 1237 oblata
2808 1192 2935 1238 sunt
2962 1185 3208 1246 donaria,
3245 1185 3327 1239 sic
3371 1194 3427 1240 et
3458 1186 3513 1241 in

1925 1277 2127 1323 sanctm
2153 1269 2409 1325 Ecclesia:
2432 1272 2625 1327 decore
2652 1274 2861 1328 diversa
2884 1276 3241 1331 conteruntur
3256 1276 3394 1331 dona
3417 1292 3516 1347 per

1926 1360 2205 1415 ministros
2247 1361 2364 1432 ejus
2411 1361 2640 1418 Domino
2665 1366 2954 1421 oﬂ'ereuda.
3003 1368 3107 1422 Alii
3138 1383 3370 1439 namque
3406 1369 3513 1423 lin-

1930 1450 2162 1504 teamina
2194 1450 2450 1519 olferunt,
2482 1470 2709 1523 corpora
2739 1457 2948 1511 scilicet
2985 1460 3213 1514 diversis
3254 1459 3511 1515 virtutum

1927 1544 2201 1597 exercitiis
2244 1545 2309 1599 ad
2359 1548 2654 1603 candorem
2713 1550 2983 1606 castitatis
3047 1552 3350 1620 perducta;
3421 1552 3513 1607 alii

1929 1633 2089 1688 rubra
2125 1635 2461 1701 indumenta,
2498 1637 2549 1692 id
2581 1649 2690 1703 est,
2720 1640 2884 1694 corda
2914 1642 2982 1696 ad
3028 1642 3349 1712 martyrium
3368 1657 3517 1713 prat-

1927 1736 2148 1796 parata;
2195 1728 2285 1782 alii
2316 1728 2629 1801 liyacintina
2658 1732 2749 1803 qui
2779 1733 2959 1788 dicere
2998 1742 3198 1788 norunt
3226 1752 3240 1788 ;
3272 1752 3291 1784 ι
3318 1732 3515 1789 Nostra

1927 1826 2106 1869 autem
2128 1820 2467 1875 conversatio
2491 1820 2542 1872 in
2569 1820 2719 1879 caelis
2743 1832 2843 1877 est.
2868 1842 2887 1875 ›
2919 1823 3023 1876 Alii
3048 1824 3297 1879 coccinea
3320 1823 3515 1879 ardore

1927 1908 2211 1964 charitatis
2273 1912 2589 1982 ﬂagrantia;
2644 1915 2734 1967 alii
2784 1914 3056 1970 scutulata
3105 1918 3308 1975 ledere
3363 1916 3513 1987 pacis

1925 1998 2359 2070 inseparabiliter
2394 2003 2574 2070 unita;
2604 2004 2695 2058 alii
2716 2016 2896 2061 autem
2918 2022 3044 2061 vasa
3065 2023 3231 2062 aurea
3247 2017 3301 2063 et
3317 2022 3508 2076 argen—

1930 2106 2015 2152 tea
2037 2114 2228 2153 sensus
2251 2110 2305 2153 et
2331 2098 2529 2171 eloquii
2561 2112 2841 2157 venustate
2872 2103 3149 2173 fulgentia.
3177 2104 3305 2171 Qua:
3325 2102 3511 2158 omnia

1928 2191 2280 2247 considerans
2313 2192 2600 2251 Psalmista
2633 2196 2700 2249 ab
2728 2196 2967 2252 Ecclesia
3002 2213 3129 2253 vero
3157 2198 3290 2269 llegi
3330 2198 3512 2253 debito

1928 2300 2050 2338 cum
2093 2286 2298 2343 honore
2337 2286 2529 2343 referri
2569 2288 2837 2344 acclamat
2870 2290 2948 2355 ei,
2979 2290 3165 2344 dicens
3210 2307 3224 2343 :
3278 2308 3296 2339 ι
3326 2289 3515 2345 Astitit

1929 2378 2113 2449 regina
2142 2396 2173 2433 a
2206 2380 2415 2435 dextris
2446 2380 2552 2437 tuis
2583 2382 2635 2435 in
2664 2383 2864 2437 vestitu
2886 2384 3156 2437 deaurato
3178 2381 3515 2436 circumdata

1929 2472 2215 2526 varietate.
2251 2493 2268 2531 ρ
2316 2474 2453 2528 liinc
2476 2484 2561 2529 est
2585 2476 2730 2544 quod
2752 2476 2893 2531 idem
2924 2477 3039 2545 ipse
3070 2475 3516 2545 Prophetatanta

1928 2566 2272 2627 ordinatione
2316 2568 2502 2623 videns
2547 2569 2809 2624 honorem
2840 2569 2952 2624 Deo
2996 2569 3243 2625 exhiberi
3282 2570 3515 2634 debere,

1928 2660 2175 2713 hortatur
2222 2662 2444 2731 angelos
2484 2662 2599 2716 sive
2649 2663 2923 2733 apostolos
2958 2664 3147 2718 dicens
3178 2678 3191 2715 :
3230 2681 3249 2713 ‹
3276 2662 3520 2732 ϐοιεισθε

1928 2762 2050 2823 gate
2078 2753 2153 2806 illi
2193 2763 2414 2807 sanctos
2438 2754 2554 2824 ejus
2582 2756 2674 2823 qui
2703 2756 3093 2810 ordinaverunt
3136 2765 3518 2810 testamentum

1926 2846 2043 2915 ejus
2070 2862 2232 2916 super
2264 2847 2551 2902 sacrificia.
2586 2868 2615 2901 ι
2650 2848 2758 2902 Sed
2788 2858 2843 2904 et
2875 2850 2993 2919 ipse
3034 2849 3293 2903 Dominus
3312 2849 3517 2917 gratis-

1927 2939 2065 2995 sime
2130 2940 2566 2995 benedictionem
2635 2940 2833 2996 talibus
2904 2941 3183 3012 impertiri
3241 2940 3517 3010 dignatur,

1926 3033 2141 3091 dicente
2196 3033 2387 3088 eodem
2443 3032 2731 3089 Psalmista
2785 3052 2798 3089 :
2858 3050 2877 3086 ι
2909 3032 3198 3089 Benedixit
3260 3031 3519 3087 Dominus

1926 3124 2183 3183 timentes
2219 3142 2277 3181 se
2307 3126 2533 3195 pusillos
2563 3142 2689 3181 cum
2716 3126 3034 3198 majoribus.
3071 3144 3090 3178 ι

1930 3218 2069 3285 Quid
2096 3219 2282 3275 innuat
2314 3219 2970 3343 translatiqrelilquiarnm
2999 3228 3046 3274 et
3073 3218 3303 3273 conditio
3334 3230 3517 3271 earum

2590 3307 2647 3343 ιη
2677 3308 2708 3343 a
2733 3302 2856 3343 tan.

2590 3307 2647 3346 ιιι
2677 3302 2856 3347 attan.

228 3396 479 3471 mortuus
527 3398 632 3455 est,
667 3391 757 3461 qui
804 3402 857 3444 et
896 3394 1219 3459 resurrexit,
1272 3396 1362 3464 qui
1403 3405 1458 3451 et
1489 3399 1733 3456 ascendit
1766 3400 1823 3455 in

1952 3440 1953 3443 η
1996 3384 2093 3441 llis
2116 3384 2219 3441 rite
2249 3385 2509 3454 peractis,
2541 3384 2689 3439 vadit
2714 3382 2963 3459 pontifex
2989 3384 3057 3439 ad
3096 3398 3223 3440 eum
3254 3382 3431 3438 locum
3467 3382 3518 3436 in

226 3481 402 3545 cwlos
435 3492 488 3534 et
515 3482 581 3537 ad
609 3481 888 3539 dexteram
918 3484 1097 3543 Patris
1133 3487 1302 3550 sedet,
1332 3489 1425 3557 qui
1456 3490 1618 3546 etiam
1647 3492 1819 3546 inter-

226 3572 395 3645 pellat
434 3590 530 3645 pro
570 3577 746 3633 nobis.
778 3597 798 3629 ι
839 3578 965 3632 Post
1006 3581 1307 3636 orationem
1347 3582 1533 3654 incipit
1580 3586 1821 3654 pontifex

227 3664 585 3736 antiphonam
613 3686 628 3720 :
674 3688 688 3718 ι
721 3669 997 3725 Conlirma
1018 3672 1146 3737 hoc,
1181 3675 1343 3736 Deus.
1381 3678 1525 3745 quod
1568 3689 1824 3748 operatus

224 3772 288 3813 es
311 3757 367 3812 in
402 3757 582 3822 nobis,
612 3773 643 3813 a
681 3762 882 3832 templo
911 3774 1102 3819 sancto
1146 3773 1235 3819 tuo
1274 3769 1418 3835 quod
1462 3777 1546 3825 est
1584 3771 1639 3824 in
1666 3770 1824 3827 Jeru-

226 3848 397 3903 salem
428 3862 442 3901 :
476 3866 493 3899 ›
514 3864 639 3904 cum
669 3869 687 3903 ι
718 3850 898 3907 Gloria
930 3852 1133 3910 Patri.)
1173 3856 1469 3929 Postquam
1502 3862 1648 3917 enim
1688 3879 1824 3933 pene

227 3950 508 4011 peractum
532 3952 617 3996 est
644 3944 1007 4001 ministerium
1035 3948 1356 4005 salvationis
1388 3952 1666 4019 humanae,
1691 3934 1817 4024 pre-

228 4042 407 4109 catur,
437 4034 522 4089 vel
555 4044 613 4089 ut
642 4036 760 4107 ipse
790 4038 1049 4096 Dominus
1078 4041 1297 4098 Patrem
1334 4061 1591 4112 exorans,
1618 4057 1677 4103 ut
1696 4064 1825 4104 con-

229 4123 413 4189 lirmet
441 4126 584 4193 quod
613 4138 874 4197 operatus
894 4140 999 4197 est,
1028 4140 1087 4186 ut
1111 4134 1159 4187 ei
1187 4135 1366 4191 omnis
1398 4144 1539 4191 terra
1572 4138 1824 4207 subjicia-

230 4224 318 4270 tur
350 4228 570 4287 propter
595 4218 747 4288 cujus
774 4223 1199 4292 redemptiouem
1232 4226 1343 4296 ipse
1374 4229 1511 4284 mori
1534 4244 1641 4285 non
1663 4232 1821 4287 dubi-

232 4310 388 4374 tavit,
427 4311 568 4366 sicut
632 4313 680 4367 ei
748 4323 874 4371 ante
935 4317 1371 4375 incarnationem
1426 4324 1753 4393 promiserat
1804 4343 1819 4382 ε

234 4417 254 4451 ι
286 4399 505 4456 Postula
553 4417 584 4458 a
634 4420 744 4471 me,
794 4416 850 4461 et
898 4408 1040 4463 dabo
1076 4410 1174 4465 tibi
1221 4420 1409 4483 gentes
1451 4415 1821 4473 limreditatem

230 4500 411 4559 tuam;
446 4512 463 4545 ι
520 4502 574 4549 et
619 4495 865 4567 reliqua;
899 4499 982 4555 vel
1008 4501 1190 4558 omnis
1240 4503 1482 4573 pontifex
1511 4507 1630 4563 vice
1678 4508 1823 4565 illius

228 4582 458 4655 fungens
482 4585 732 4643 obsecrat
769 4599 827 4643 ut
860 4593 1005 4660 quod
1038 4593 1181 4649 illius
1213 4597 1354 4651 dono
1385 4608 1675 4657 exercetur
1701 4601 1822 4671 ejus

229 4693 452 4734 munere
480 4695 651 4750 usque
680 4683 734 4737 in
778 4686 938 4740 linem
990 4688 1340 4759 perducatur,
1389 4702 1466 4759 ut,
1524 4698 1818 4752 secundum

228 4771 582 4838 Apostolum,
626 4789 813 4846 neque
865 4778 1182 4849 tribulatio,
1242 4798 1342 4839 nec
1397 4788 1674 4856 angustia,
1726 4805 1826 4846 nec

230 4862 466 4937 auditas,
502 4880 676 4935 neque
701 4868 1237 4943 periculum,neque
1277 4875 1383 4931 ulla
1416 4887 1665 4933 creatura
1702 4895 1825 4950 pos-

231 4954 299 5008 sit
329 4970 429 5010 nos
459 4972 717 5026 separare
754 4975 783 5015 a
806 4962 1079 5018 charitate
1120 4965 1215 5032 Dei
1246 4984 1366 5042 qua:
1394 4980 1477 5025 est
1518 4972 1571 5026 in
1608 4974 1825 5029 Christo

229 5048 354 5104 Jesu
403 5051 632 5107 Domino
685 5066 893 5113 nostro.
952 5058 1091 5126 Quid
1136 5064 1222 5120 sit
1270 5077 1469 5133 autem,
1495 5069 1621 5123 illud
1679 5072 1821 5141 quod

232 5139 376 5197 Deus
402 5154 661 5212 operatus
687 5158 769 5203 est
795 5149 846 5203 in
874 5152 1049 5219 nobis,
1076 5157 1218 5211 unde
1240 5160 1451 5215 scilicet
1468 5139 1820 5219 illuddonum

229 5238 521 5292 cmerserit
556 5241 754 5311 adjecit
783 5261 797 5299 :
836 5263 855 5295 ί
885 5244 931 5299 Α
966 5249 1164 5318 templo
1207 5262 1396 5308 saneto
1429 5264 1520 5310 tuo
1561 5259 1704 5326 quod
1740 5267 1825 5313 est

230 5328 282 5383 in
313 5327 695 5389 Jerusalem.»
736 5335 778 5389 A
817 5339 1015 5409 templo
1049 5343 1194 5395 enim
1247 5343 1392 5399 illius
1439 5352 1582 5416 quod
1638 5358 1721 5407 est
1766 5352 1819 5405 in

229 5420 532 5488 Jerusalem
560 5430 825 5496 processit
851 5433 993 5500 quod
1021 5444 1278 5502 operatus
1305 5448 1386 5493 est
1404 5440 1457 5492 in
1488 5442 1663 5509 nobis,
1696 5444 1819 5513 quia

230 5518 299 5575 ab
334 5518 577 5573 Ecclesia
620 5520 764 5576 illius
803 5536 1186 5591 processerunt
1213 5528 1303 5597 qui
1337 5529 1390 5583 in
1429 5533 1582 5586 nobis
1612 5535 1820 5604 operati

232 5620 372 5667 sunt.
394 5615 808 5681 prtedicationes
827 5628 883 5672 et
918 5619 1069 5688 signa
1098 5635 1397 5676 exercuere
1431 5625 1664 5679 virtutis.
1693 5628 1823 5692 Quae

232 5707 415 5762 omnia
448 5709 515 5761 ad
542 5708 767 5779 gloriam
800 5712 969 5767 refert
999 5713 1237 5769 Ecclesia
1285 5715 1478 5780 Patris,
1513 5728 1565 5772 et
1596 5719 1739 5785 Filii,
1770 5732 1825 5775 et

234 5798 472 5871 Spiritus
499 5804 698 5869 sancti,
743 5806 998 5874 quoniam
1043 5808 1322 5878 cognoscit
1359 5825 1522 5863 unum
1554 5821 1609 5865 et
1636 5827 1822 5867 verum

234 5891 403 5951 Deum
437 5894 492 5949 in
530 5896 772 5955 trinitate
801 5908 861 5953 et
891 5900 1097 5956 unitate
1134 5903 1545 5959 consistentem.
1568 5904 1827 5960 Postume

234 5994 417 6043 autem
457 5988 772 6046 subdiaconi
813 5991 896 6046 vel
936 5994 1170 6068 acolythi
1214 5995 1552 6065 linteamina,
1599 6013 1722 6053 vasa
1772 6006 1827 6055 et

1927 3492 2035 3548 quo
2064 3478 2305 3549 reliquiae
2330 3477 2610 3547 praeterita
2640 3488 2803 3535 nocte
2829 3492 2955 3533 cum
2991 3477 3191 3547 vigiliis
3218 3475 3440 3531 fuerunt
3466 3483 3523 3531 ct

1920 3570 2101 3629 elevat
2144 3586 2256 3629 eas.
2297 3570 2440 3638 Quid
2492 3571 2548 3626 in
2598 3570 2962 3628 hisinnuitur
3015 3571 3147 3629 nisi'
3167 3573 3311 3641 quod
3360 3585 3521 3626 verus

1924 3661 2178 3737 Pontifex
2224 3673 2414 3719 noster
2462 3672 2752 3735 postquam
2785 3666 3115 3735 praeparavit
3160 3664 3338 3729 nobis,
3378 3664 3522 3719 sicut

1925 3755 2216 3824 Apostolus
2275 3756 2369 3821 ait,
2443 3756 2770 3823 civitatein,
2830 3757 3122 3813 revertitur
3182 3766 3239 3810 ut
3301 3764 3520 3811 sanctos

1928 3861 2141 3917 quoque
2158 3848 2249 3918 qui
2278 3848 2331 3902 in
2353 3857 2519 3902 nocte
2538 3849 2799 3918 praesenti
2815 3858 3101 3905 morantur
3121 3857 3177 3905 et
3199 3848 3522 3917 semctipsos

1928 3956 2053 3996 cum
2084 3957 2279 4012 magna
2311 3941 2803 4011 circumspectione
2848 3944 3183 4008 custodiunt,
3235 3942 3521 4011 vigilantes

1927 4035 2069 4093 sicut
2116 4036 2380 4093 Deminus
2419 4036 2553 4090 dicit
2598 4052 2613 4091 :
2672 4052 2692 4087 ι
2728 4035 2961 4106 Vigilate
3013 4046 3068 4089 et
3106 4043 3278 4101 orate,
3334 4049 3400 4088 ne
3440 4034 3521 4088 iii-

1929 4129 2086 4184 tretis
2116 4129 2171 4184 in
2204 4129 2582 4196 tentatiouem,
2617 4149 2637 4183 ο
2683 4138 2929 4185 assumat
2950 4144 3044 4185 eos
3080 4129 3147 4183 de
3174 4129 3305 4183 locis
3332 4130 3443 4183 suis
3465 4137 3523 4181 ut

1925 4221 2187 4292 perducat
2228 4236 2325 4276 eos
2354 4220 2407 4274 iu
2434 4223 2653 4277 domum
2682 4221 2862 4277 Patris
2890 4222 3015 4277 sui?
3044 4221 3335 4290 Postquam
3374 4222 3517 4273 enim

1925 4316 2251 4387 praeparavit
2279 4315 2522 4384 pontifex
2549 4331 2701 4372 arant
2728 4317 2782 4371 in
2813 4333 2917 4387 qua
2948 4315 3190 4385 reliquiae
3219 4316 3519 4371 conderen-

1928 4417 2037 4474 tur,
2055 4409 2284 4471 assumit
2304 4424 2399 4471 eas
2420 4419 2475 4464 et
2500 4418 2681 4479 portat
2703 4410 2768 4463 ad
2794 4409 2973 4467 locum
2994 4416 3377 4478 praeparatum,
3394 4407 3520 4475 quia

1927 4500 2041 4571 ipse
2066 4501 2320 4557 Pontifex
2346 4502 2665 4571 pontiﬁcum
2698 4502 2856 4572 cujus
2891 4491 3063 4557 vicem
3094 4501 3198 4555 iste
3228 4509 3371 4555 tenet
3396 4515 3521 4570 pro-

1928 4592 2077 4649 misit
2119 4594 2378 4662 apostolis
2414 4594 2547 4660 suis,
2598 4604 2651 4649 et
2696 4608 2795 4664 per
2831 4608 2927 4650 eos
2973 4592 3515 4670 cunctisglidelibus:

1933 4706 1951 4739 ε
1990 4688 2136 4743 Vado
2160 4703 2359 4757 parare
2403 4689 2558 4744 vobis
2590 4688 2765 4744 locum
2790 4728 2803 4755 ,
2831 4699 2905 4753 et,
2944 4690 2989 4744 si
3020 4689 3207 4744 abiero
3233 4696 3289 4744 et
3312 4703 3521 4757 praepa-

1856 4770 1903 4829 D
1933 4794 2126 4834 ravero
2155 4779 2310 4835 vobis
2347 4780 2544 4845 locum,
2580 4782 2778 4836 iterum
2802 4783 3013 4837 veniam
3040 4791 3097 4836 et
3124 4797 3395 4836 assmnam
3426 4796 3517 4837 vos

1928 4872 1999 4937 ad
2024 4886 2111 4927 mc
2139 4873 2339 4941 ipsum,
2378 4883 2438 4928 ut
2468 4874 2557 4928 ubi
2590 4889 2691 4945 ego
2720 4890 2839 4930 sum
2882 4884 2936 4928 et
2963 4886 3057 4929 vos
3086 4875 3225 4929 sitis.
3258 4893 3276 4925 ι
3319 4875 3516 4927 Sancta

1929 4976 2455 5025 autemsanetorutn
2489 4978 2635 5034 sunt,
2667 4986 2776 5038 quo
2811 4969 2955 5023 nulla
3006 4970 3266 5038 iniquitas
3302 4966 3517 5022 vcl'fua-

1929 5061 2073 5123 ditas
2096 5062 2358 5115 accedere
2386 5070 2586 5130 potest,
2615 5078 2736 5131 qua:
2764 5078 2869 5116 non
2904 5071 3028 5117 sunt
3053 5064 3104 5116 in
3138 5071 3279 5115 term
3322 5059 3420 5115 sed
3460 5060 3512 5112 in

1929 5157 2116 5222 caelis;
2150 5170 2257 5225 quo
2287 5166 2408 5209 orat
2439 5156 2681 5225 pontifex
2720 5173 2779 5211 se
2821 5156 3107 5227 pervenire
3135 5157 3355 5219 debere,
3388 5168 3511 5207 cum

1928 5258 2243 5303 sanctorum
2279 5248 2333 5301 in
2375 5250 2806 5303 sanctificatione
2845 5247 3147 5302 animarum
3178 5246 3353 5299 elevat
3384 5244 3513 5297 reli-

1926 5342 2101 5409 quias.
2134 5340 2430 5395 Elevantur
2463 5352 2644 5396 autem
2671 5357 2794 5397 cum
2832 5358 3027 5411 magno
3060 5342 3267 5394 honore
3295 5348 3350 5391 et
3372 5350 3512 5392 can-

1930 5432 2072 5484 tibus
2138 5431 2376 5497 divinis,
2412 5433 2568 5500 -quia
2629 5432 2863 5486 ministri
2926 5431 2999 5484 illi
3051 5429 3145 5499 qui
3209 5431 3513 5481 animarum

1928 5524 2181 5576 ductores
2215 5531 2271 5576 et
2303 5532 2540 5579 rectores
2576 5530 2727 5586 sunt,
2758 5520 2919 5574 valde
2952 5521 3293 5590 caligaudent
3317 5522 3514 5573 eorum

1929 5615 2178 5685 dignitati
2226 5616 2369 5685 quod
2418 5616 2605 5669 vident
2659 5616 2712 5669 in
2774 5614 3025 5684 snpcrnis
3088 5613 3189 5668 sibi
3242 5612 3513 5683 conjungi.

1929 5711 2164 5766 Cautum
2214 5722 2395 5765 autem
2426 5730 2441 5763 ς
2468 5720 2500 5761 Δι
2534 5710 2859 5774 Ambulatis,
2902 5709 3074 5764 sancti
3119 5709 3236 5774 Dei,
3285 5708 3520 5778 ingredi-

1929 5806 2058 5863 mini
2084 5806 2138 5859 in
2172 5805 2446 5859 civitatem
2466 5802 2713 5869 Domini,
2747 5823 2764 5852 ι
2798 5802 2850 5856 id
2875 5809 2957 5857 est
2987 5803 3037 5855 in
3066 5801 3342 5856 coeleatent
3366 5800 3521 5855 Jeru-

1929 5900 2118 5971 salem.
2153 5899 2304 5954 Unde
2336 5898 2471 5953 dicit
2496 5897 2791 5968 Apostolus
2823 5915 2836 5951 :
2875 5915 2895 5949 ι
2924 5896 3056 5965 Quae
3082 5905 3269 5951 autem
3297 5906 3519 5949 sursum

1930 6003 2013 6049 est
2053 5990 2354 6049 Jerusalem
2396 5991 2563 6049 libera
2617 6000 2723 6061 est,
2761 6006 2883 6062 quae
2918 5999 3002 6048 est
3038 5998 3213 6048 mater
3254 5997 3461 6045 nostra.
3494 6004 3515 6040 ο
