4038 6422
554 405 658 462 865

1145 404 1402 462 REMIGII
1439 405 2094 465 ANTISSIODORENSIS
2133 406 2281 466 OPP.
2322 409 2499 469 PARS
2536 411 2598 470 ll.
2639 442 2708 455 —
2745 412 3241 478 MISCELLANEA.

3708 423 3810 478 θοι

485 541 496 552 ~
556 518 708 588 Quod
733 525 913 574 autem
935 518 1300 592 subsequitur,
1335 541 1352 573 ‹
1381 521 1643 577 aedificata
1672 532 1756 578 est
1780 524 1933 580 vobis
1959 523 2132 580 eccle-
2160 532 2209 592 Α
2239 526 2361 582 illnc
2385 543 2572 584 omnes
2606 537 2823 585 sanctos
2858 532 3156 601 suscipiens
3195 541 3398 588 aeterna
3435 532 3720 589 mansione
3762 537 3813 592 ἰι

557 610 636 665 sia
687 625 847 677 nova,
877 630 896 664 ι
963 611 1076 682 ipsa
1123 621 1207 668 est
1264 613 1562 684 eademque
1597 614 1861 681 Ecclesia,
1910 631 2028 686 quae
2075 627 2130 672 et

556 701 751 756 civitas
789 717 953 788 quam
989 701 1276 774 Apostolus
1316 703 1613 760 Ecclesium
1656 707 1985 777 primitivam
2027 723 2128 762 no-

560 792 751 847 minat.
790 793 1092 849 Cantantur
1138 795 1300 850 etiam
1333 795 1562 852 diversae
1605 798 1915 868 antiphoua:
1952 800 2129 855 eidem

561 887 746 942 sensui
793 896 1172 958 congruentes,
1213 888 1502 958 tripudium
1557 887 1765 944 scilicet
1813 899 1868 944 et
1899 890 2134 945 exsulta-

563 975 761 1030 tionem
794 975 1068 1030 imitantes
1094 976 1460 1046 angeliearum
1499 977 1759 1032 virtutum
1787 995 1906 1050 quae
1933 994 2134 1035 exeun-

564 1075 646 1123 tes
692 1069 757 1123 de
799 1083 1028 1141 corpore
1070 1070 1399 1125 comitantur
1448 1085 1726 1141 usqueque
1773 1087 1872 1142 pro
1925 1073 2136 1128 meritis

563 1160 668 1216 sibi
714 1161 974 1217 indebitis
1019 1162 1393 1218 mansionibus
1440 1164 1787 1234 recipiantur.
1826 1165 2136 1235 Ingrediens

561 1263 741 1311 autem
768 1254 1006 1326 pontifex
1026 1255 1308 1312 ecclesiam
1337 1257 1466 1312 dicit
1505 1257 1826 1323 orationem,
1860 1259 2138 1329 postulans

562 1357 623 1402 ut
651 1348 868 1404 domum
898 1364 1049 1404 suam
1090 1349 1349 1404 Dominus
1381 1350 1675 1405 clementer
1712 1351 2049 1422 ingrediatur
2083 1361 2140 1409 et

564 1441 617 1496 in
643 1455 864 1496 suorum
905 1441 1159 1496 cordibus
1202 1440 1438 1497 fidelium
1479 1451 1796 1512 perpetuam
1846 1443 2142 1500 constituat

564 1533 919 1590 mansionem.
990 1535 1190 1591 Domus
1237 1536 1382 1590 enim
1447 1536 1590 1592 illius
1638 1535 1858 1591 fuerunt
1907 1546 1961 1592 et
2014 1545 2142 1612 sunt

564 1628 764 1694 sancti,
795 1629 921 1683 dum
946 1628 999 1684 in
1029 1644 1257 1699 corpore
1285 1639 1502 1685 manent
1530 1631 1669 1686 sicut
1695 1631 1807 1701 ipse
1837 1631 2138 1700 promittit:

569 1737 588 1770 ι
621 1717 964 1775 lnambulabo
1011 1719 1065 1774 in
1115 1721 1193 1775 eis
1257 1729 1311 1776 et
1358 1721 1689 1776 inhabitabo.
1727 1742 1745 1774 ι
1799 1722 2040 1792 Itemque
2087 1724 2142 1780 in

563 1808 852 1880 Evangelio
883 1827 896 1864 :
933 1828 952 1862 ‹
980 1810 1047 1865 Ει
1067 1812 1346 1868 veniemus
1371 1819 1426 1867 et
1456 1813 1794 1869 mansionem
1838 1816 1978 1884 apud
2017 1831 2140 1870 eum

563 1901 844 1958 faciemus.
877 1922 896 1956 ›
941 1903 1183 1974 Itemque
1213 1904 1266 1958 in
1313 1905 1634 1977 Apocalypsi
1674 1924 1689 1962 :

562 1996 759 2050 ostium
811 2003 866 2051 et
899 1997 1055 2067 pulso
1091 2015 1104 2051 :
1159 1997 1216 2052 Si
1270 1998 1391 2068 quis
1427 2000 1701 2069 aperuerit
1740 2000 1894 2066 mihi,
1933 2000 2145 2056 intrabo

564 2087 630 2141 ad
659 2101 778 2142 eum
811 2094 865 2142 et
891 2089 1118 2144 ceenabo
1145 2103 1266 2143 cum
1310 2088 1443 2158 ipso,
1477 2097 1533 2143 et
1571 2089 1684 2159 ipse
1717 2104 1947 2144 mecum.
1979 2109 1997 2141 ›
2035 2088 2144 2144 Sed

567 2187 696 2234 tunc
731 2179 1065 2248 permaxime
1096 2189 1414 2251 perpetuam
1448 2182 1500 2235 in
1533 2182 1613 2236 eis
1643 2182 1979 2236 mansionem
2013 2197 2143 2237 con-

567 2269 744 2323 stituit
765 2284 910 2334 cum,
938 2285 1046 2324 non
1075 2269 1252 2329 dicam
1277 2270 1489 2340 aliquod
1515 2271 1711 2325 malum
1739 2287 1893 2342 opus,
1926 2272 2019 2327 sed
2045 2287 2144 2327 nec

567 2359 704 2415 levis
732 2361 1124 2429 inquinationis
1155 2363 1415 2433 cogitatio
1437 2380 1560 2419 eum
1596 2381 1625 2419 a
1648 2366 1809 2420 corde
1830 2365 1941 2434 jam
1964 2365 2146 2437 expel-

568 2453 643 2508 lat
686 2454 944 2510 fidelium.
993 2455 1146 2512 Nunc
1199 2457 1344 2512 enim
1398 2473 1506 2512 non
1556 2457 1818 2529 perpelim
1877 2457 1931 2512 in
1993 2456 2147 2512 nobis

569 2554 778 2612 manet,
831 2556 1016 2618 utpote
1041 2563 1267 2619 quorum
1299 2549 1553 2619 cogitatio
1581 2549 1633 2602 in
1665 2549 1874 2603 diversa
1905 2547 2141 2615 vacillat,

569 2646 624 2693 et
669 2655 813 2695 nunc
840 2641 965 2706 hac,
1011 2657 1153 2710 nunc
1190 2641 1310 2697 illac
1339 2641 1578 2707 fluitans,
1614 2658 1718 2697 non
1749 2650 1927 2713 potest
1955 2658 2145 2714 perpe-

570 2730 665 2785 tim
689 2724 935 2801 eum'qui
967 2747 1180 2788 omnem
1222 2731 1356 2803 fugit
1382 2732 1733 2804 pollutionem
1767 2732 1966 2788 habere
1994 2748 2146 2788 man-

568 2837 767 2876 sorem.
801 2823 961 2879 Venit
1007 2832 1185 2879 autem
1230 2823 1470 2896 pontifex
1501 2825 1570 2879 ad
1611 2823 1780 2880 altare
1818 2825 1906 2879 ubi
1953 2839 2146 2879 recon-

569 2913 756 2970 denda:
779 2924 908 2970 sunt
940 2915 1197 2986 reliquiae,
1240 2927 1295 2971 et
1327 2916 1570 2972 extendit
1603 2916 1782 2971 velum
1819 2916 1962 2972 inter
2003 2931 2063 2972 se
2089 2925 2146 2972 et

569 3007 842 3078 populum,
873 3016 928 3064 et
955 3009 1196 3065 recondit
1246 3011 1359 3080 ipse
1400 3025 1494 3065 eas
1540 3010 1592 3065 in
1642 3011 1761 3066 loco
1784 3010 1992 3075 altaris,
2020 3011 2146 3081 quia

569 3099 817 3155 Pontifex
864 3109 1065 3166 noster,
1112 3101 1250 3156 sicut
1285 3101 1482 3157 Paulus
1523 3102 1618 3166 ait,
1653 3101 1858 3156 assistit
1894 3101 2146 3158 Pontifex

572 3191 876 3248 futurorum
906 3195 1170 3250 bonorum
1200 3203 1256 3251 et
1283 3195 1490 3256 assistit
1511 3194 1680 3250 vultui
1721 3195 1813 3250 Dei
1841 3209 1939 3265 pro
1968 3193 2142 3259 nobis,

571 3293 631 3339 ut
665 3285 730 3340 de
750 3285 1021 3357 ergastulo
1041 3287 1320 3356 praesentis
1343 3287 1525 3342 saeculi
1551 3286 1806 3342 liberatos
1834 3287 2057 3342 collocet
2084 3285 2138 3340 in

2246 3277 2357 3332 suis
2397 3275 2640 3332 fidelibus
2686 3276 2991 3340 traduntur,
3037 3274 3246 3329 dicente
3294 3273 3574 3344 Scriptura
3614 3292 3628 3327 :

572 3377 892 3433 habitaculis
938 3393 1047 3433 ara:
1092 3379 1348 3444 caelestis,
1394 3379 1493 3433 sub
1526 3394 1630 3448 qua
1665 3379 1796 3434 vidit
1823 3394 1915 3434 eos
1954 3382 2143 3437 beatus

568 3467 802 3524 Joannes
833 3469 886 3524 in
918 3469 1237 3541 Apocalypsi
1277 3484 1374 3524 sua
1413 3469 1708 3524 clamantes
1760 3478 1815 3525 et
1850 3471 2142 3526 vindictam

569 3569 942 3629 exspectantes
965 3559 1035 3614 de
1063 3561 1144 3616 his
1164 3561 1256 3631 qui
1285 3575 1378 3616 eos
1409 3559 1820 3626 tribulaverant,
1854 3561 1971 3617 sive
1998 3571 2143 3618 certe

570 3655 1035 3709 conversationem
1062 3669 1249 3708 eorum
1297 3655 1350 3709 in
1380 3654 1602 3709 meliora
1644 3663 1908 3724 petentes.
1944 3655 2144 3710 Exten-

569 3745 646 3800 dit
670 3754 851 3800 autem
893 3745 1069 3800 velum
1100 3745 1241 3799 inter
1287 3759 1344 3800 se
1378 3752 1434 3800 et
1471 3745 1725 3815 populum
1757 3746 1848 3816 qui
1888 3762 2053 3813 nunc,
2088 3755 2144 3802 et

569 3839 703 3908 ipse,
733 3847 787 3895 et
834 3838 948 3893 loca
993 3848 1303 3894 sanctarum
1352 3839 1654 3893 animarum
1702 3850 1910 3895 secreta
1957 3848 2082 3895 sunt
2110 3856 2143 3896 a

567 3929 777 3984 visione
808 3929 1137 3984 mortalium.
1180 3929 1376 3985 Beatus
1419 3937 1597 3985 autem
1637 3929 1834 3986 Paulus
1872 3930 2142 4000 apostolus

571 4023 624 4077 in
668 4021 904 4093 Epistola
952 4023 1018 4076 ad
1062 4021 1315 4078 Hebraeos
1352 4022 1659 4092 pontificem
1703 4023 1910 4078 Veteris
1952 4023 2143 4079 Testa-

569 4115 735 4170 menti
784 4113 985 4169 Sancta
1023 4124 1334 4169 sanctorum
1364 4115 1756 4184 ingredientem
1792 4124 1975 4187 typum
2015 4115 2144 4171 dicit

569 4209 806 4264 tenuisse
830 4207 942 4262 veri
969 4215 1024 4262 et
1044 4205 1232 4260 mlerni
1263 4204 1541 4260 Pontificis
1575 4205 1788 4259 Domini
1817 4205 1986 4260 nostri
2014 4204 2143 4262 Jesu

567 4301 788 4359 Christi.
838 4298 1027 4353 Velum
1081 4310 1261 4354 autem
1303 4296 1502 4353 caelum
1548 4296 1951 4366 interpretatur,
2001 4297 2143 4355 ultra

567 4395 708 4464 quod
733 4391 903 4447 Filius
926 4390 1020 4446 Dei
1050 4390 1360 4461 ingrediens
1391 4389 1632 4461 quotidie
1664 4403 1763 4459 pro
1796 4389 1950 4445 nobis
1979 4390 2144 4446 inter-

569 4487 753 4558 pellat,
783 4493 838 4541 et
869 4485 935 4540 ad
978 4499 1037 4540 se
1075 4484 1356 4541 venientes
1400 4484 1456 4539 in
1503 4491 1691 4540 sancta
1723 4499 1838 4550 ara,
1874 4483 1929 4539 id
1963 4493 2049 4540 est
2089 4485 2142 4541 in

570 4578 810 4649 requiem
831 4585 1087 4633 aeternam
1110 4576 1338 4632 collocat
1359 4576 1412 4632 in
1436 4592 1541 4647 qua
1567 4576 1834 4631 veraciter
1855 4584 2139 4631 cantatur:

2230 619 2310 674 eis
2337 618 2563 674 habitat.
2615 620 2757 675 Istud
2791 621 2934 676 enim
2976 622 3342 678 habitaculum
3383 625 3530 695 quod
3570 624 3815 683 videmus

2231 719 2504 768 terrenum
2542 721 2624 768 est
2658 722 2824 783 atque
2855 715 3247 782 transitorium,
3277 716 3372 772 sed
3399 731 3501 773 nec
3533 719 3817 788 coaptione

2233 811 2545 857 sanctorum
2576 803 2894 870 aedificatur,
2923 806 3017 859 sed
3055 805 3292 877 lapidum
3316 817 3479 877 atque
3503 807 3814 878 lignorum:

2234 891 2365 946 illud
2395 908 2525 948 vero
2557 893 2925 950 habitaculum
2951 906 3215 952 aeternum
3250 905 3353 962 est,
3385 900 3515 969 quia
3557 899 3696 953 nulli
3726 902 3816 954 ob-

2234 983 2455 1036 noxium
2507 984 2813 1052 mutationi,
2855 994 2912 1040 et
2961 987 3026 1041 de
3050 988 3255 1042 sanctis
3305 989 3366 1044 fit
3408 989 3502 1060 qui
3537 997 3671 1043 sunt
3709 991 3818 1045 veri

2235 1072 2440 1144 lapides
2483 1077 2901 1148 participatione
2927 1079 3071 1134 illius
3103 1080 3297 1151 lapidis
3327 1082 3608 1152 angularis
3642 1082 3696 1136 in
3723 1099 3821 1153 quo

2237 1167 2491 1238 templum
2514 1177 2771 1224 aeternum
2795 1180 3132 1240 compactum
3156 1179 3211 1226 et
3236 1181 3606 1228 constructum
3629 1175 3822 1229 crescit

2238 1257 2293 1312 in
2332 1270 2677 1330 augmentum
2710 1260 2827 1327 Dei,
2884 1263 3044 1317 modo
3089 1264 3142 1318 in
3176 1264 3380 1335 Spiritu
3430 1275 3654 1332 sancto;
3703 1275 3823 1321 tunc

2240 1359 2419 1404 autem
2449 1349 2740 1421 perfectum
2772 1353 2894 1419 erit,
2933 1369 3055 1408 cum
3092 1355 3269 1409 omnis
3313 1371 3574 1411 numerus
3603 1367 3817 1411 sancto-

2238 1457 2362 1497 rum
2388 1441 2642 1498 collectus
2668 1442 2830 1498 fuerit
2858 1454 2913 1499 et
2949 1447 3110 1516 capiti
3146 1462 3246 1502 suo
3283 1447 3622 1503 mternaliter
3643 1449 3827 1504 adhae-

2241 1533 2393 1587 serit.
2430 1533 2558 1588 Post
2583 1535 2697 1590 haec
2734 1537 2965 1590 vestitur
2992 1538 3183 1592 altare.
3229 1537 3285 1592 Si
3322 1538 3498 1593 altare
3525 1539 3825 1594 Eeclesiam

2244 1623 2611 1696 intelligimus,
2637 1627 2721 1681 vel
2759 1630 3252 1699 peregrinationem
3294 1630 3351 1685 in
3395 1631 3580 1697 terris,
3616 1632 3702 1687 vel
3746 1647 3832 1686 as-

2245 1725 2459 1787 sumpta
2487 1718 2539 1771 in
2567 1718 2742 1784 cmlis,
2764 1719 3086 1774 vestimenta
3110 1721 3227 1792 ejus
3254 1735 3485 1791 corpora
3516 1731 3830 1777 sanctorum

2245 1825 2351 1863 non
2381 1811 2671 1881 incongrue
2703 1811 3071 1882 intelligimus.
3112 1811 3322 1868 Nudum
3351 1822 3434 1869 est
3460 1814 3607 1869 enim
3636 1815 3830 1878 altare,

1745 1925 1764 1958 ‹
1795 1907 1932 1962 Ecce
1959 1916 2042 1962 sto
2077 1909 2144 1964 ad
2173 1908 2221 1968 Β
2250 1903 2375 1957 dum
2412 1902 2606 1956 animae
2633 1903 2954 1973 corporibus
2983 1913 3159 1960 exuta:
3183 1913 3236 1960 et
3263 1906 3316 1960 in
3360 1905 3512 1961 caelis
3552 1906 3832 1961 collocata:

2250 1992 2388 2047 diem
2441 1993 2850 2049 resurrectionis
2905 2004 3244 2066 exspectant.
3317 1994 3592 2051 Vestietur
3646 2007 3832 2051 autem

2247 2084 2483 2153 quando,
2511 2085 2652 2140 sicut
2689 2083 2948 2140 Dominus
2982 2085 3137 2151 dicit,
3167 2085 3347 2140 mittet
3389 2085 3561 2140 Filius
3590 2085 3834 2140 hominis

2246 2176 2464 2247 angelos
2491 2191 2618 2232 suos
2648 2191 2770 2231 cum
2819 2176 2945 2231 tuba
2989 2186 3043 2232 et
3078 2192 3211 2233 voce
3253 2193 3445 2249 magna
3482 2185 3538 2232 et
3574 2177 3837 2248 colligent

2246 2266 2447 2323 electos
2473 2265 2592 2335 ejus
2623 2282 2652 2320 a
2678 2274 2912 2338 quatuor
2943 2267 3153 2338 angulis
3184 2275 3362 2323 teme.
3397 2268 3636 2323 Vestitur
3656 2268 3835 2322 altare

2247 2360 2486 2430 quando,
2529 2359 2671 2414 sicut
2707 2357 2994 2428 Apostolus
3038 2359 3188 2425 dicit,
3224 2368 3437 2430 oportet
3477 2359 3836 2429 corruptibile

2247 2451 2350 2505 hoc
2380 2449 2604 2505 induere
2656 2449 3118 2520 incorruptionem
3143 2459 3198 2504 et
3223 2450 3451 2506 mortale
3470 2450 3572 2506 hoc
3605 2450 3836 2504 induere

2247 2542 2729 2598 immortalitatem.
2793 2540 3072 2596 Benedicit
3125 2540 3368 2612 pontifex
3419 2541 3599 2612 ipsum
3653 2540 3835 2596 altare

2246 2649 2368 2691 cum
2413 2648 2849 2704 unumquemque
2894 2632 3132 2688 fidelium
3173 2631 3434 2688 Dominus
3472 2641 3528 2688 et
3575 2631 3834 2688 Salvator

2247 2725 2406 2796 digna
2455 2723 2922 2796 congratulatione
2965 2723 3130 2789 fovet,
3178 2738 3244 2778 eo
3283 2722 3426 2794 quod
3466 2724 3520 2778 in
3573 2722 3658 2777 his
3706 2739 3832 2793 quae

2245 2822 2477 2891 quisque
2509 2821 2650 2875 dono
2676 2819 2819 2874 illius
2846 2818 3057 2889 accepit
3077 2818 3238 2890 digna
3267 2832 3388 2873 sese
3413 2818 3835 2872 conversatione

2250 2913 2564 2969 tractaverit
2591 2914 2773 2968 dicens
2807 2913 2857 2969 ei
2892 2931 2906 2967 :
2949 2929 2968 2963 ι
2997 2912 3164 2982 Euge,
3192 2925 3346 2968 serve
3374 2911 3514 2966 bone
3541 2919 3595 2964 et
3630 2908 3833 2974 ﬁdelis,

2247 3005 2374 3076 quia
2436 3020 2598 3074 super
2654 3019 2825 3074 pauca
2885 3003 3037 3058 fuisti
3093 3002 3302 3068 ﬁdelis,
3370 3001 3512 3056 intra
3579 3001 3662 3055 in-
3703 3015 3837 3070 gau-

2247 3098 2392 3152 dium
2432 3094 2641 3151 Domini
2686 3095 2780 3150 tui.
2815 3114 2834 3147 ›
2876 3094 3001 3149 Haec.
3030 3102 3153 3148 sunt
3195 3093 3336 3149 enim
3380 3093 3519 3148 dona
3570 3107 3694 3162 qua:
3739 3107 3838 3162 per

2249 3185 2560 3241 Pontificem
2608 3200 2772 3240 unum
2820 3185 3244 3249 sanctificantur,
3292 3191 3348 3238 et
3391 3182 3655 3238 sumenda
3703 3183 3840 3252 ipsis

3689 3273 3839 3344 quod

2247 3369 2494 3424 comedat
2553 3367 2922 3438 unusquisque
2996 3366 3203 3421 fructus
3263 3365 3507 3420 laborum
3573 3380 3839 3431 suorum,

2248 3468 2304 3515 et
2331 3460 2585 3530 operibus
2629 3458 2744 3514 suis
2774 3466 3066 3514 saturetur.
3119 3457 3272 3524 Quod
3306 3470 3436 3511 vero
3475 3455 3724 3525 pontifex
3758 3472 3841 3512 re-

2247 3552 2475 3606 vertitur
2502 3551 2557 3606 in
2586 3551 2886 3607 sacrarium
2927 3564 3049 3605 cum
3075 3549 3360 3605 ordinibus
3395 3547 3528 3613 suis,
3568 3557 3628 3602 et
3665 3548 3841 3602 induit

2249 3659 2308 3700 se
2337 3643 2674 3700 vestimentis
2717 3643 2836 3698 aliis
2863 3651 2985 3713 post
3026 3643 3284 3698 vestitum
3310 3641 3506 3707 altare,
3549 3641 3842 3695 intimatur

2250 3735 2408 3791 nobis
2445 3736 2569 3806 quia
2600 3735 2839 3818 pputit‘ex
2866 3723 3053 3788 noster
3082 3733 3150 3788 ad
3178 3732 3438 3804 judicium
3470 3732 3705 3786 veniens
3733 3746 3839 3786 non

2249 3829 2582 3886 solemnibus
2606 3828 2846 3884 induitur
2871 3828 3131 3892 vestibus,
3159 3827 3284 3896 quia
3311 3840 3657 3896 nequaquam
3680 3831 3843 3879 aeter-

2251 3922 2439 3978 nitatis
2483 3936 2594 3976 suae
2648 3921 2874 3992 gloriam
2925 3918 3318 3975 demonstrabit
3352 3917 3584 3980 cunctis,
3639 3916 3738 3970 sed
3789 3917 3841 3969 in

2251 4009 2422 4071 forma
2470 4012 2610 4069 servi
2652 4021 2761 4067 tam
2806 4011 2992 4066 electis
3033 4026 3196 4080 quam
3242 4007 3488 4079 reprobis
3532 4007 3840 4078 apparebit,

2250 4107 2647 4165 resurrectione
2675 4120 2803 4160 vero
2831 4113 3072 4176 peracta,
3104 4101 3352 4157 fidelibus
3373 4101 3486 4154 suis
3514 4099 3841 4154 aeternitatis

2250 4200 2476 4272 gloriam
2499 4197 2910 4253 demonstrabit.
2940 4196 3013 4250 De
3037 4194 3232 4265 quibus
3253 4193 3514 4262 scriptum
3538 4199 3627 4245 est
3645 4209 3658 4220 ·
3683 4210 3702 4241 ι
3735 4189 3841 4244 Re-

2249 4306 2371 4364 gem
2393 4291 2446 4346 in
2469 4291 2662 4344 decore
2676 4286 3086 4343 videbuntoculi
3100 4284 3235 4354 ejus.
3251 4304 3269 4337 ι
3292 4283 3422 4338 Nam
3440 4283 3507 4337 de
3524 4282 3837 4351 separatio-

2251 4396 2320 4436 ne
2334 4382 2687 4452 rcproborum
2714 4395 2743 4434 a
2767 4388 2917 4434 sorte
2930 4377 3217 4446 iustorum,
3236 4391 3305 4431 ne
3320 4373 3536 4429 videant
3549 4375 3700 4443 quod
3714 4373 3842 4427 solis

2251 4485 2498 4531 servatur
2528 4474 2717 4529 electis
2747 4473 3008 4543 scriptum
3038 4479 3123 4526 est
3149 4488 3162 4524 :
3201 4489 3220 4522 ι
3249 4467 3492 4523 Tollatur
3520 4465 3725 4535 impius
3772 4480 3840 4519 ne

2251 4567 2432 4622 videat
2450 4566 2676 4638 gloriam
2702 4564 2852 4620 Dei.»
2877 4564 3015 4619 Hinc
3038 4571 3122 4617 est
3141 4562 3286 4633 quod
3318 4561 3384 4616 de
3403 4557 3577 4614 servis
3607 4557 3841 4628 vigilan-

574 4687 596 4722 ι
628 4668 986 4724 Exsultabunt
1013 4667 1187 4722 sancti
1223 4667 1277 4722 in
1304 4667 1497 4738 gloria,
1537 4665 1862 4722 laetabuntur
1901 4667 1953 4720 in
1997 4667 2146 4722 cubio
2172 4657 2224 4717 D
2253 4660 2396 4716 tibus
2419 4668 2476 4714 et
2503 4659 2791 4714 adventum
2813 4655 2931 4725 ejus
2965 4653 3407 4725 exspectantibus
3428 4649 3697 4705 Dominus
3724 4651 3836 4703 ait:

569 4761 712 4817 libus
755 4760 886 4814 suis.
923 4778 940 4811 ι
982 4759 1167 4815 Gloria
1218 4759 1362 4813 enim
1408 4758 1518 4822 illa,
1551 4774 1655 4828 qua
1698 4774 1792 4814 eos
1835 4758 2143 4830 glorificans

567 4851 736 4909 Filius
767 4851 909 4906 dicet
937 4867 952 4905 :
995 4869 1015 4902 ‹
1043 4848 1253 4916 Venite,
1287 4849 1557 4906 benedicti
1586 4849 1764 4906 Patris
1804 4852 1933 4918 mei,
1971 4851 2148 4922 perci-

2253 4773 2272 4806 c
2298 4753 2467 4808 Amen
2493 4751 2614 4809 dico
2634 4751 2810 4816 vobis,
2835 4749 2978 4819 quod
3006 4748 3298 4819 praecinget
3318 4761 3399 4811 se,
3437 4754 3495 4798 et
3520 4744 3692 4799 faciet
3719 4742 3838 4797 illos

2249 4847 2610 4913 discumbere,
2657 4854 2712 4901 et
2761 4843 3033 4899 transiens
3091 4839 3423 4897 ministrabit
3479 4837 3609 4892 illis.
3638 4856 3657 4890 ι
3694 4835 3840 4892 Prae-

571 4946 685 5016 pite
728 4959 951 5015 regnum
997 4942 1139 5012 quod
1199 4942 1351 4999 vobis
1395 4951 1643 5014 paratum
1686 4951 1772 4998 est
1823 4942 1893 4998 ab
1939 4933 2148 5016 origine
2173 4988 2197 5020 ,
2250 4939 2430 5010 cinget
2467 4939 2612 4994 enim
2659 4952 2735 5002 se,
2777 4935 2995 5008 quando
3045 4935 3112 4990 ad
3150 4931 3456 4989 mercedem
3491 4929 3685 4985 electis
3721 4929 3840 4984 red-

570 5035 778 5090 mundi.
817 5053 836 5086 ι
878 5033 954 5090 lbi
987 5033 1237 5088 laetantur
1277 5034 1330 5088 in
1377 5033 1644 5090 cubilibus
1694 5035 1826 5102 suis,
1869 5036 1921 5089 id
1951 5045 2054 5102 est,
2099 5036 2151 5091 in

569 5127 844 5192 cordibus,
887 5126 1002 5182 sive
1037 5125 1093 5181 in
1144 5125 1513 5182 mansionibus
1543 5126 1792 5194 diversis,
1835 5142 1980 5194 cum,
2015 5129 2156 5185 sicut

569 5219 701 5275 dicit
726 5221 917 5276 beatus
946 5217 1186 5277 Joannes
1215 5219 1266 5274 in
1293 5219 1612 5290 Apocalypsi
1639 5235 1735 5275 sua
1768 5237 1783 5274 :
1823 5238 1842 5272 ι
1868 5220 2154 5292 Absterget

570 5314 714 5370 Deus
744 5328 963 5370 omnem
988 5314 1282 5386 lacrymam
1316 5313 1384 5368 ab
1407 5313 1578 5370 oculis
1605 5329 1817 5380 eorum,
1841 5323 1897 5369 et
1921 5315 2152 5385 amplius

568 5421 675 5464 non
714 5407 820 5463 erit
856 5421 1032 5477 neque
1075 5423 1246 5474 mors,
1276 5422 1451 5478 neque
1499 5406 1693 5484 luctus,
1744 5407 1869 5478 quia
1913 5407 2008 5481 [αι.
2041 5423 2147 5478 qua

567 5498 766 5574 prima]
812 5502 988 5572 prima
1031 5499 1348 5556 abierunt.»
1412 5499 1510 5556 Cui
1567 5499 1644 5555 rei
1697 5499 1936 5555 concinit
1975 5500 2150 5554 oratio

565 5594 842 5666 pontificis
902 5595 1088 5650 dicens
1144 5611 1159 5651 :
1217 5595 1492 5651 «Domine
1531 5594 1694 5661 Dens,
1740 5595 1831 5665 qui
1890 5609 1957 5649 ex
2002 5593 2149 5649 omni

569 5685 852 5756 coaptione
882 5696 1192 5742 sanctorum
1223 5696 1485 5744 aeternum
1523 5687 1619 5742 tibi
1647 5686 1836 5741 condis
1869 5685 2152 5740 habitacu-

569 5773 703 5830 lum.
739 5794 759 5828 ι
822 5775 880 5831 In
928 5777 1172 5834 ecclesiis
1220 5794 1453 5848 namque
1499 5787 1762 5833 :eternum
1807 5778 1910 5833 sibi
1969 5776 2153 5834 condit

570 5865 940 5925 habitaculum
987 5884 1058 5926 ex
1109 5869 1259 5927 omni
1307 5871 1592 5941 coaptione
1644 5879 1973 5936 sanctorum,
2022 5868 2151 5941 quia

2253 5029 2479 5086 dendam
2513 5044 2573 5085 se
2599 5036 2885 5099 pmparat.
2925 5026 3079 5082 Facit
3106 5034 3284 5080 autem
3311 5022 3432 5077 illos
3463 5021 3835 5082 discumbere,

2253 5135 2377 5177 cum
2410 5133 2505 5175 eos
2537 5119 2591 5173 in
2621 5127 2826 5172 mterna
2856 5116 3191 5173 beatitudine
3212 5113 3367 5184 quasi
3398 5112 3451 5166 in
3479 5111 3720 5181 quadam
3746 5124 3838 5164 ara

2254 5212 2384 5269 facit
2430 5213 2790 5283 requiescere.
2830 5209 3124 5265 Transiens
3155 5215 3334 5262 autem
3367 5202 3664 5268 ministrat,
3713 5201 3836 5270 quia

2254 5308 2321 5362 de
2351 5305 2555 5377 judicio
2585 5297 2652 5358 ad
2684 5317 2909 5373 regnum
2947 5308 3222 5372 properat.
3253 5297 3490 5352 Ornatur
3521 5303 3708 5348 autem
3741 5294 3838 5348 Ec-

2254 5399 2441 5464 clesia,
2469 5405 2524 5453 et
2549 5395 2921 5452 accenduntur
2948 5393 3236 5449 luminaria
3277 5388 3467 5455 multa,
3503 5403 3630 5443 cum
3669 5388 3838 5442 virtu-

2255 5500 2368 5547 tum
2391 5499 2708 5546 ornamenta
2731 5503 2852 5558 qua:
2884 5486 3091 5558 positus
3113 5485 3165 5539 in
3205 5495 3428 5554 corpore
3459 5481 3629 5550 gessit
3675 5495 3838 5535 unus.

2255 5583 2488 5654 quisque
2539 5581 2593 5634 in
2651 5578 3053 5636 resurrectione
3109 5573 3522 5631 demonstrabit.
3583 5570 3742 5628 Unde
3786 5579 3838 5627 et

2257 5676 2546 5748 Apostolus
2589 5691 2602 5728 :
2659 5692 2676 5724 ι
2707 5672 2901 5737 Nolite,
2937 5670 3131 5741 inquit,
3171 5677 3294 5725 ante
3332 5677 3545 5740 tempus
3571 5666 3833 5736 judicare,

2259 5770 2610 5843 quoadusque
2673 5766 2857 5822 veniat
2927 5763 3187 5820 Dominus
3243 5763 3336 5834 qui
3401 5770 3454 5817 et
3512 5757 3837 5816 illuminabit

2258 5863 2576 5921 abscondita
2601 5862 2955 5918 tenebrarum
2979 5865 3036 5915 et
3062 5852 3434 5913 manifestabit
3457 5849 3688 5909 consilia
3721 5863 3837 5906 eor-
