3920 5424
58 500 181 557 865

1565 505 1890 565 llOMlLl/E.

3260 514 3363 571 866

62 614 330 682 dium,et
351 622 481 672 tunc
502 630 621 674 .aus
641 617 749 674 erit
768 619 1057 691 unicuique
1084 636 1115 676 a
1142 621 1273 679 Deo.
1298 641 1317 676 ›
1340 622 1671 696 Resplendet
1703 628 1745 685 A
1775 624 1859 679 sui
1890 623 2301 680 admirabuntur
2323 625 2621 697 potentiam
2650 626 2702 682 in
2722 626 3067 682 damnatione
3093 626 3362 687 malorum

63 708 328 766 Ecclesia
353 710 537 767 multis
571 711 950 781 luminaribus,
991 731 1138 783 cum,
1168 717 1309 773 sicttt
1346 718 1422 773 ait
1447 718 1678 791 Aposto-

60 801 178 865 lus,
213 803 374 859 stella
402 819 433 859 a
458 804 612 860 stella
638 805 819 862 diﬁ‘ert
844 808 897 862 in
933 807 1259 875 claritatem,
1298 811 1377 867 sic
1404 821 1459 868 et
1494 828 1679 868 resur-

62 891 258 947 rectio
283 902 640 949 mortuorum.
666 895 734 951 Et
753 896 1017 955 Dominus
1040 899 1095 954 in
1119 900 1411 973 Evangelio
1435 919 1448 956 :
1484 922 1501 954 ι
1528 901 1679 960 Tunc

53 980 205 1051 justi
244 983 529 1057 fulgebunt
573 988 714 1044 sicut
740 989 821 1045 sol
867 989 922 1044 in
969 1006 1137 1062 regno
1189 992 1365 1049 Patris
1413 1009 1623 1051 eorum.
1654 1016 1672 1050 ι

62 1073 326 1146 Itemque
371 1075 602 1133 Daniel:
640 1098 659 1131 ι
688 1079 792 1147 Qui
829 1082 975 1137 docti
1005 1080 1209 1139 fuerint
1255 1082 1309 1139 in
1340 1084 1538 1156 populo
1577 1084 1681 1139 ful-

62 1168 287 1238 gebunt
328 1169 468 1225 sicut
509 1171 766 1242 splendor
801 1172 1152 1242 ﬁrmamenti,
1192 1184 1247 1232 et
1285 1178 1376 1246 qui
1422 1179 1489 1231 ad
1522 1177 1681 1249 justi-

65 1259 213 1314 tiam
269 1261 528 1317 erudiunt
581 1262 803 1330 multos,
844 1266 1000 1334 quasi
1050 1266 1221 1322 stellae
1276 1267 1332 1321 in
1389 1277 1681 1338 perpetuas

64 1355 445 1412 reternitates.
480 1375 499 1410 ι
545 1354 746 1428 Incipit
768 1368 949 1413 autem
981 1369 1174 1417 cantor
1194 1358 1415 1417 dicere:
1449 1380 1467 1412 σ
1499 1360 1683 1417 Terri-

66 1448 207 1504 bilis
270 1459 356 1506 est
406 1451 558 1507 locus
606 1453 729 1509 iste.
760 1472 780 1507 ι
852 1452 991 1521 Quid
1050 1452 1197 1509 enim
1252 1452 1548 1507 terribilius
1595 1452 1682 1508 die

62 1540 301 1611 judicii,
343 1544 408 1599 de
436 1561 543 1616 quo
564 1546 827 1603 Dominus
851 1547 982 1603 dicit
1011 1548 1079 1602 ad
1100 1545 1201 1603 Job
1223 1563 1347 1603 cum
1375 1549 1440 1602 de
1459 1547 1681 1602 damna-

68 1632 233 1689 tione
260 1635 460 1691 diaholi
509 1647 701 1709 ageret
734 1656 747 1692 :
788 1658 805 1691 ι
831 1638 966 1695 Cum
1009 1639 1257 1695 sublatus
1287 1639 1470 1703 fuerit,
1525 1639 1682 1694 time-

67 1724 220 1781 bunt
264 1728 445 1798 angeli
492 1739 549 1785 et
576 1730 752 1785 territi
790 1730 1208 1802 purgabuntur?
1234 1752 1254 1785 ι
1295 1732 1367 1787 At
1390 1746 1521 1787 vero
1558 1738 1681 1802 post

70 1817 487 1885 separationem
513 1818 809 1875 multorum
845 1836 1188 1892 nequaquam
1228 1832 1493 1878 terrorem
1518 1822 1683 1876 susti-

70 1906 289 1964 nebunt
332 1909 492 1967 electi
524 1912 819 1983 poenalem,
870 1914 968 1971 sed
1017 1915 1360 1972 solummodo
1400 1916 1680 1973 Creatoris

1780 725 1837 772 et
1868 715 2211 772 clementiam
2245 719 2295 772 in
2336 718 2656 775 liberatione
2684 721 2972 775 bonorum.
3007 719 3193 791 Neque
3217 723 3363 778 enim

1779 810 1865 866 vel
1904 826 2048 866 nunc
2092 811 2146 866 in
2192 813 2396 868 sanctis
2437 814 2641 885 angelis
2684 825 2860 870 terror
2889 822 2973 870 est
3023 816 3364 877 excrucians.

1780 910 2018 958 attamen
2050 903 2303 960 Ezechiel
2348 906 2689 977 conspiciens
2723 909 2939 978 agmina
2966 908 3209 963 rmlestia
3237 908 3368 963 dicit

1782 993 1849 1048 de
1870 992 1948 1049 eis
1972 1010 1985 1047 :
2021 1013 2038 1045 ‹
2067 994 2203 1050 Cum
2229 995 2386 1051 ﬁeret
2412 1011 2513 1050 vox
2538 1012 2701 1067 super
2724 995 3127 1053 ﬁrmamentqu
3150 996 3368 1054 stabant

1781 1087 2038 1142 animalia
2097 1097 2155 1144 et
2196 1089 2624 1145 demittebantur
2672 1106 2867 1161 penna:
2930 1107 3143 1146 eorum.
3178 1110 3197 1143 ι
3265 1090 3368 1158 Qui

1781 1179 1926 1234 enim
1977 1194 2170 1235 sensus
2212 1181 2454 1251 cegitare
2500 1191 2678 1252 potest
2724 1182 3083 1238 substantiam
3125 1183 3218 1238 Dei
3253 1183 3370 1238 sine

1782 1286 1979 1343 magno
2009 1272 2237 1328 horrore
2267 1274 2484 1338 mentis,
2516 1290 2639 1329 cum
2661 1274 2808 1330 dicat
2836 1275 3125 1347 Apostolus
3158 1291 3171 1329 :
3209 1293 3227 1326 ι
3258 1275 3367 1329 l’ax

1782 1360 1877 1416 Dei
1915 1377 2035 1432 quae
2078 1370 2373 1433 exsuperat
2415 1379 2631 1419 omnem
2679 1367 2987 1421 sensum?»
3030 1368 3200 1433 Quem
3237 1382 3367 1437 ergo

1783 1452 1961 1509 nullus
1986 1468 2177 1510 sensus
2212 1454 2470 1523 prazvalct
2492 1456 2754 1526 cogitare,
2790 1466 2960 1511 restat
2983 1466 3041 1509 ut
3080 1457 3169 1526 qui
3201 1457 3267 1511 de
3304 1473 3369 1512 co

1783 1543 1990 1615 cogitat
2030 1560 2136 1601 non
2179 1546 2248 1600 sit
2274 1561 2500 1615 prorsus
2530 1545 2668 1601 liber
2696 1546 2763 1601 ab
2791 1547 2937 1602 omni
2972 1555 3199 1603 terrore.
3234 1546 3366 1601 Pro-

1784 1626 1930 1691 cedit
1958 1637 2153 1692 deinde
2180 1637 2418 1707 pontifex
2450 1637 2767 1693 solemniler
2805 1649 2858 1693 ct
2890 1637 2950 1693 lit
2977 1637 3211 1693 cilicium
3247 1654 3367 1693 cum

1782 1726 1999 1794 laetitia,
2043 1730 2199 1798 quia,
2242 1728 2447 1799 judicio
2498 1740 2753 1801 peracto,
2805 1731 3075 1787 videbitur
3119 1731 3257 1786 facie
3304 1729 3371 1784 ad

1784 1820 2004 1890 faciem,
2036 1839 2142 1878 non
2172 1839 2270 1894 per
2291 1822 2570 1896 speculum
2610 1834 2664 1880 et
2696 1825 2747 1880 in
2775 1826 3062 1897 a‘nigtnate
3088 1826 3228 1880 sicut
3277 1840 3373 1896 per

1784 1916 2104 1987 prophetam
2139 1916 2341 1974 dicitur
2375 1937 2387 1971 :
2425 1936 2443 1969 ‹
2482 1916 2695 1972 Laetitia
2722 1918 3053 1988 sempiterna
3086 1918 3191 1973 erit
3217 1916 3315 1973 eis.
3346 1934 3367 1968 ι

92 2119 3363 2152 mw

525 2338 1155 2467 REMIGII
1250 2336 1978 2468 HOMILL‘E
2072 2335 2935 2468 DUODECIM.

895 2584 1146 2648 (Fontani,
1172 2580 1321 2634 Novae
1344 2581 1650 2633 eruditorum
1673 2581 1901 2644 Delicim,
1926 2585 2045 2634 tom.
2064 2577 2159 2644 ΙΙΙ,
2176 2591 2289 2643 pag.
2312 2580 2539 2646 85-220.)

714 2932 1013 2998 HOMILLL
1028 2930 1072 2996 Ι.

78 3062 137 3119 lx
164 3076 324 3118 mue
351 3059 624 3116 Murum
651 3075 666 3112 :
697 3055 844 3112 Sicut
870 3058 1008 3111 enim
1038 3053 1224 3125 fulgur
1245 3054 1350 3109 erit
1370 3047 1436 3109 ab
1462 3046 1684 3125 erigat-8,

158 3143 211 3187 et
240 3140 459 3201 apparet
491 3130 547 3186 in
582 3128 867 3194 occidente,
912 3128 989 3181 ita
1038 3123 1134 3181 erit
1178 3137 1226 3180 et
1278 3126 1527 3181 adventus
1554 3123 1687 3179 Filii

157 3204 406 3259 hominis.
798 3272 813 3285 ἦ

158 3300 390 3372 Nomine
412 3329 626 3386 quoque
645 3312 873 3370 orientis
899 3320 956 3367 et
979 3311 1278 3368 occidentis
1305 3319 1476 3367 totum
1497 3311 1684 3367 orbem

79 3418 360 3465 terrarum
388 3404 898 3477 voluitsigniﬁcare,
920 3418 1017 3474 per
1044 3418 1204 3474 quem
1228 3412 1415 3459 sancta
1441 3402 1686 3457 Ecclesia

76 3502 267 3557 futura
282 3508 421 3565 erat,
440 3498 728 3570 incipiente
740 3497 1032 3568 Evangelio
1048 3498 1116 3552 ab
1133 3495 1541 3566 Hierosolymis.
1552 3495 1688 3549 Con-

77 3600 346 3664 gruenter
388 3591 533 3647 enim
584 3588 669 3645 his
702 3588 886 3645 verbis
925 3588 1134 3643 monuit
1163 3586 1424 3641 Dominus
1450 3585 1685 3654 discipu-

76 3683 171 3739 los
219 3698 370 3750 suos,
412 3683 521 3737 imo
570 3695 760 3737 omnes
814 3678 1000 3735 ﬁdeles
1034 3689 1095 3734 ut
1122 3679 1428 3748 quicunque
1477 3676 1531 3729 in
1562 3691 1686 3730 eum

77 3775 313 3831 credere
340 3772 587 3837 voluerit,
638 3772 749 3843 jam
781 3771 836 3825 in
864 3770 1103 3825 Ecclesia
1150 3770 1204 3825 in
1251 3770 1381 3825 orbe
1419 3777 1684 3824 terrarum

76 3867 409 3929 constituta,
437 3873 493 3919 et
521 3863 668 3919 clara
708 3863 850 3919 facta
893 3877 998 3917 non
1029 3860 1218 3916 credat
1264 3859 1555 3925 haereticis,
1594 3873 1687 3913 ne-

76 3973 196 4029 que
245 3955 648 4020 schismaticis;
692 3954 1115 4022 unumquodque
1159 3951 1304 4005 enim
1338 3950 1599 4014 schisma,
1633 3956 1689 4003 et

76 4062 433 4119 unaquaeque
460 4045 688 4102 haeresis
718 4060 873 4101 suum
902 4044 1078 4099 locum
1105 4040 1296 4097 habuit
1325 4041 1379 4095 in
1423 4041 1553 4095 orbe
1582 4048 1689 4094 ter-

76 4160 299 4209 rarum,
341 4150 397 4199 et
435 4155 561 4197 suas
606 4148 793 4210 partes
818 4136 1075 4203 obtinuit,
1108 4135 1193 4192 vel
1238 4143 1388 4192 certe
1430 4133 1530 4203 ipsi
1577 4133 1688 4187 lite-

76 4235 247 4291 retiei
274 4234 505 4291 secretis
528 4240 586 4288 et
608 4229 839 4287 occultis
885 4222 999 4284 suis
1028 4226 1423 4283 conventiculis
1463 4225 1685 4296 imperi-

1705 2932 1755 2995 B
1781 2927 1952 2987 orbis.
1983 2927 2052 2983 Et
2080 2939 2149 2982 ne
2175 2940 2275 2980 nos
2306 2923 2479 2995 ignari
2511 2933 2756 2978 essemus
2785 2919 2929 2976 illius
2977 2917 3079 2975 loci
3122 2933 3228 2990 quo
3261 2919 3375 2991 ipse

1790 3032 1909 3077 erat
1956 3029 2215 3077 venturus
2271 3018 2393 3072 ideo
2443 3014 2756 3085 subjunxit,
2801 3032 2820 3065 ‹
2869 3011 3174 3082 ubicunque
3213 3011 3374 3067 fuerit

1789 3130 2011 3192 corpus,
2040 3112 2149 3174 illis
2178 3108 2649 3187 ratgrcgahunut-r
2674 3115 2728 3169 et
2758 3103 2970 3182 aquilre.
3002 3122 3021 3151 ι
3054 3102 3121 3157 Et
3149 3111 3233 3163 est
3254 3116 3375 3159 scu-

1790 3228 1883 3269 sus
1907 3228 1921 3266 :
1951 3213 2041 3267 ubi
2068 3227 2198 3282 ergo
2230 3224 2426 3279 corpus
2453 3216 2739 3276 assumpttc
2761 3204 3114 3259 humanitatis
3136 3210 3373 3271 potentia

1792 3304 2093 3359 divinitatis
2128 3302 2482 3357 sublevavero
2508 3298 2558 3352 in
2591 3294 2935 3352 ccelumilluc
2963 3292 3373 3364 congregabun-

1791 3404 1880 3450 tur
1918 3395 2135 3465 aquilae,
2196 3392 2251 3447 id
2295 3399 2377 3447 est
2424 3390 2618 3445 animae
2672 3387 2992 3443 electorum.
3051 3385 3118 3440 Et
3151 3385 3374 3455 pulchre

1791 3491 1984 3547 anima:
2012 3490 2311 3546 electorum
2337 3485 2533 3556 aquilis
2576 3483 2965 3551 assimilantur,
2992 3482 3245 3552 quoniam
3271 3480 3377 3535 sic-

1789 3591 1850 3637 ut
1875 3581 2068 3652 aquilae
2098 3595 2312 3651 semper
2338 3578 2446 3633 alta
2497 3584 2801 3647 penetrant,
2851 3575 2930 3631 sic
2958 3581 3013 3630 et
3048 3572 3243 3628 anima:
3268 3571 3376 3627 ele-

1791 3684 2000 3731 Ctorum
2030 3673 2135 3727 ima
2165 3680 2219 3727 et
2246 3680 2462 3726 terrena
2491 3668 2796 3739 despiciunt
2842 3676 2898 3723 et
2926 3664 3171 3722 coelestia
3214 3677 3374 3733 appeo

1792 3774 1941 3831 tunt;
1974 3764 2116 3820 unde
2172 3763 2431 3819 Dominus
2485 3762 2615 3816 dicit
2670 3761 2738 3815 de
2782 3757 2924 3814 Job:
2950 3775 2974 3831 ο(
3018 3755 3271 3826 Nunquid
3307 3752 3372 3808 ad

1792 3856 2081 3927 imperium
2135 3863 2283 3908 tuum
2322 3851 2695 3908 sublevabitur
2738 3847 2956 3919 aquila?
3002 3866 3021 3899 ι
3057 3843 3376 3917 Spirituales

1791 3966 2026 4020 namque
2053 3949 2156 4003 viri
2189 3947 2546 4003 humilitatem
2574 3954 2629 3999 et
2664 3942 2969 4015 passionem
3012 3939 3227 3996 Domini
3256 3936 3377 3993 imi-

1792 4044 1956 4097 tando
1997 4040 2220 4111 pulchre
2247 4037 2440 4107 aquilae
2477 4045 2759 4097 vocantur,
2788 4034 2913 4104 quia
2957 4031 3113 4104 quasi
3151 4031 3217 4086 de
3261 4028 3377 4098 ejus

1791 4146 2017 4203 corpore
2051 4132 2363 4195 satiantur;
2414 4129 2557 4198 quod
2609 4140 2806 4197 corpus
2833 4124 2997 4180 etiam
3039 4122 3268 4179 cadaver
3297 4119 3378 4175 di-

1793 4226 1955 4291 citur,
1996 4226 2123 4295 quia
2149 4238 2246 4293 per
2276 4230 2507 4277 mortem
2545 4219 2762 4283 cecidit,
2811 4218 3044 4273 cadaver
3073 4214 3218 4269 enim
3246 4210 3378 4267 dici-

76 4336 174 4383 tos
196 4339 446 4397 quosque
462 4338 599 4393 quos
625 4327 881 4393 poterant
906 4318 1265 4388 decipiebant.
1297 4317 1379 4371 Ad
1406 4316 1511 4371 hoc
1540 4314 1686 4370 enim
1715 4304 1759 4366 C
1795 4326 1880 4372 tur
1909 4333 1939 4371 a
1971 4315 2233 4371 cadendo.
2272 4310 2522 4368 Nonnulli
2571 4324 2700 4365 vero
2743 4308 2885 4362 hanc
2935 4303 3259 4362 sententiam
3302 4300 3375 4354 ita

76 4419 332 4491 pertinet
359 4415 503 4487 quod
530 4414 791 4469 Dominus
818 4411 896 4465 ait
923 4429 937 4464 :
979 4428 999 4461 ί
1037 4408 1095 4464 Si
1122 4407 1245 4478 quis
1285 4407 1440 4463 vobis
1464 4405 1682 4471 dixerit,

74 4508 232 4565 Ecce
276 4507 369 4562 hic
394 4513 482 4561 est
528 4503 798 4568 Christus,
829 4515 960 4556 ecce
990 4498 1119 4565 illic,
1149 4497 1316 4553 nolite
1361 4497 1618 4561 credere,
1660 4514 1679 4548 ι

77 4597 235 4671 quod
285 4595 556 4668 signiﬁcat
602 4602 787 4664 partes
841 4600 1109 4647 terrarum
1150 4597 1206 4643 et
1261 4586 1683 4658 provinciarum.

76 4689 244 4760 Quod
271 4696 455 4744 autem
485 4684 783 4756 subjungit,
834 4700 855 4734 ι
888 4681 1027 4737 Ecce
1056 4680 1111 4735 in
1142 4679 1358 4735 deserto
1385 4686 1490 4743 est,
1523 4676 1687 4732 nolite

77 4781 320 4838 credere
358 4801 377 4833 ι
402 4822 418 4847 ,
448 4780 719 4852 signiﬁcat
751 4776 962 4835 occulta
988 4777 1044 4832 et
1077 4785 1286 4832 secreta
1312 4770 1686 4830 conventicula

78 4874 495 4931 haereticorum.
553 4872 706 4940 Quod
754 4885 886 4941 ergo
929 4868 1192 4924 Dominus
1229 4866 1363 4923 dicit
1395 4866 1687 4920 adventum

82 4982 250 5023 suum
281 4973 671 5035 perventurum
703 4963 770 5018 ab
797 4962 1009 5019 oriente
1040 4974 1210 5031 usque
1238 4959 1291 5014 in
1328 4956 1686 5021 occidentem,

80 5058 353 5113 adversus
393 5056 512 5111 illos
535 5054 822 5110 haereticos
846 5053 994 5107 valet
1014 5053 1107 5123 qui
1136 5066 1235 5122 per
1262 5047 1558 5122 particulas
1599 5062 1689 5104 or-

80 5148 171 5204 bis
199 5156 467 5203 terrarum
513 5143 1030 5208 commorabantur,
1072 5150 1129 5197 et
1173 5150 1381 5198 tantum
1439 5138 1582 5208 apud
1629 5151 1690 5192 se

84 5239 363 5298 Christum
394 5253 519 5296 esse
547 5236 814 5291 dicebant.
850 5233 1005 5302 Quod
1050 5243 1231 5290 autem
1256 5236 1333 5291 ait
1363 5253 1382 5285 ‹
1415 5232 1561 5287 sicut
1582 5227 1686 5284 lul-

224 5356 245 5390 ι
289 5335 558 5390 εάνθινςιις
600 5327 714 5372 illnc
767 5326 904 5362 ""l‘“
964 5327 1051 5364 ηιιῖ
1104 5328 1311 5360 “nn-Illa
1357 5328 1686 5360 ηηηαυηησιηίι

1790 4408 2172 4464 intellexerunt
2197 4402 2579 4460 historialiter:
2597 4420 2613 4452 ι
2644 4400 2947 4468 ubicunque
2973 4395 3136 4450 fuerit
3157 4407 3372 4462 corpus,

1788 4501 1842 4558 id
1866 4509 1950 4557 est
1978 4500 2285 4567 ubicunque
2313 4495 2476 4550 fuerit
2517 4506 2715 4563 corpus
2748 4506 2925 4546 meum
2951 4485 3290 4552 cruciﬁxum,
3321 4492 3376 4541 et

1787 4594 1879 4650 ubi
1904 4593 2093 4648 hostia:
2106 4588 2427 4649 olTeruntur,
2445 4586 2569 4639 illuc
2598 4582 3069 4655 congregabuntur
3089 4577 3304 4649 aquila),
3324 4576 3374 4631 id

1788 4685 2253 4743 estRomanorum
2281 4678 2497 4733 milites.
2514 4675 2650 4743 Quid
2675 4682 2760 4729 est
2788 4673 2931 4728 enim
2952 4672 3096 4742 quod
3119 4667 3377 4724 Dominus

1787 4776 1941 4841 dicit,
1961 4794 1979 4828 ι
2003 4773 2187 4829 statim
2202 4780 2381 4825 autem
2396 4776 2517 4838 post
2532 4764 2931 4821 tribulationem
2944 4763 3150 4818 dlerum
3165 4760 3375 4815 illorum

1789 4866 1869 4922 sol
1885 4860 2282 4925 obscurabitur,
2299 4869 2355 4915 et
2377 4858 2498 4912 luna
2522 4872 2627 4909 non
2649 4855 2798 4911 dabit
2823 4854 3001 4910 lumen
3027 4865 3205 4914 suum;
3220 4870 3236 4900 ι
3254 4848 3377 4918 quid

1789 4958 1935 5015 enim
1966 4943 2145 5024 magni
2174 4960 2260 5007 est
2288 4950 2433 5021 quod
2465 4947 2729 5003 Dominus
2755 4947 2873 5003 hare
2903 4946 3054 5015 signa
3083 4941 3379 4996 secundum

1792 5063 1950 5105 suum
2009 5046 2303 5101 adventum
2368 5039 2504 5096 dixit
2552 5039 2884 5109 praecedere,
2940 5047 3061 5089 cum
3111 5029 3385 5084 multotics

1793 5140 1911 5196 haec
1938 5138 2095 5209 signa
2125 5133 2297 5192 etiam
2327 5141 2452 5189 ante
2477 5128 2710 5198 primum
2737 5145 2893 5184 suum
2930 5122 3224 5178 adventum
3253 5119 3390 5182 [ιξριτι

1793 5232 1962 5289 fuisse
1997 5207 2271 5298 lcgantur
2323 5230 2374 5284 in
2423 5221 2577 5277 libris
2626 5221 2904 5291 gentilium
2937 5222 2995 5267 et
3035 5207 3399 5298 philosopho-

1795 5341 1916 5378 rum
1961 5296 2169 5378 dictis?
2210 5321 2329 5378 Aut
2391 5327 2491 5369 cur
2536 5309 2669 5365 dicit
2720 5310 2885 5365 solem
2927 5310 2982 5357 et
3034 5296 3225 5351 lunam
3288 5309 3407 5351 esse
