4038 6488
483 496 615 567 867.

1018 476 1277 555 aanimi
1313 477 1972 554 aurissmnoneums
2011 492 2082 550 οι

2180 493 2384 561 PARS
2421 493 2486 549 ll.
2520 520 2591 532 —
2628 489 3129 548 MISCELLANEA.

483 611 764 689 Ecclesia;
785 612 904 683 ipsa
937 610 1137 684 quippe
1161 618 1247 671 est
1272 610 1382 687 sol,
1420 610 1534 683 ipsa
1557 618 1640 665 est
1659 618 1719 665 et
1739 607 1888 674 luna,
1912 607 1964 662 in
1999 622 2064 662 ea
2092 612 2144 671 Α
2168 622 2291 663 eum
2318 615 2537 663 euntem
2568 606 2622 667 in
2659 605 2879 663 ctelum.
2912 625 2932 658 ι
2956 602 3152 663 Veniet
3165 607 3319 667 enim
3336 605 3757 673 Dominum

484 707 655 781 etiam
677 712 805 763 sunt
826 702 1118 781 διεπώλει,
1149 704 1291 781 quod
1316 702 1542 779 inuasit
1568 710 1622 757 et
1648 701 1738 778 sol.
1755 698 2064 775 manifestat

486 780 741 853 Salomon
754 779 1003 866 qui'dicit
1025 811 1040 848 :
1064 812 1083 847 t
1118 779 1371 873 Speciosa
1388 800 1447 848 ut
1468 792 1614 873 luna,
1637 792 1808 849 electa
1833 802 1889 848 ut
1916 791 2013 848 sol.
2038 809 2058 845 ι
2082 858 2087 863 _

485 885 670 958 lmpiis
698 899 932 955 namque
966 870 1404 963 persecutoribus
1431 870 1571 939 ultra
1595 885 1813 959 modum
1841 883 2061 941 saavien~

486 978 656 1045 tibus,
694 988 749 1033 et
786 975 1044 1037 felicitate
1073 974 1258 1033 mundi
1290 975 1393 1032 sibi
1423 974 1695 1034 arridente
1739 975 2065 1047 dicentibus,

484 1067 635 1141 Pax,
686 1082 831 1141 pax,
879 1075 936 1123 et
977 1066 1265 1135 securitas,
1305 1065 1385 1123 sol
1412 1065 1811 1133 obscurabitur,
1843 1074 1900 1125 et
1941 1065 2095 1123 luna.

487 1176 595 1221 non
624 1160 771 1217 dabit
813 1159 995 1215 lumen
1041 1173 1235 1226 suum,
1283 1158 1405 1229 quia
1455 1166 1640 1215 sancta
1671 1157 1915 1216 Ecclesia
1960 1173 2070 1215 non

488 1253 807 1329 apparebit,
862 1260 917 1308 et
964 1250 1133 1310 stella:
1165 1236 1360 1309 cadent
1402 1251 1468 1307 de
1494 1250 1653 1317 coelo,
1685 1251 1809 1322 quia
1849 1249 1927 1309 illi
1976 1251 2072 1321 qui

487 1346 660 1417 gratia
688 1344 813 1402 fidei
844 1352 897 1401 et
935 1340 1255 1417 amararum
1293 1342 1550 1399 virtutum
1578 1341 1742 1397 veluti
1772 1341 1942 1398 stellae
1970 1339 2073 1397 ful-

487 1453 615 1509 gere
643 1437 991 1502 videbuntur,
1017 1442 1275 1515 corruerit
1301 1449 1331 1489 a
1363 1432 1487 1500 fide,
1518 1432 1772 1502 quoniam
1825 1430 1982 1491 facile
2003 1431 2071 1489 ab

486 1528 821 1607 Antichristo
853 1526 1210 1607 decipientur.
1241 1544 1259 1577 t
1290 1523 1358 1582 Et
1382 1525 1611 1584 virtutes
1634 1524 1896 1582 caelorum
1917 1539 2068 1582 com-

489 1604 872 1687 movebuntur,
901 1604 929 1673 ἰ
950 1604 1019 1675 id
1047 1627 1131 1678 est
1161 1617 1459 1675 ﬁrmissimi
1484 1617 1565 1697 in.
1585 1614 1831 1675 Ecclesia
1856 1624 2071 1688 pertur-

490 1712 782 1792 babumur,
819 1709 966 1789 quod
994 1707 1307 1769 manifestat
1359 1705 1596 1775 Joannes
1646 1708 1701 1763 in
1752 1705 2075 1783 Apocalypsi

491 1816 614 1879 cum
649 1800 888 1879 loquitur
934 1800 1001 1857 de
1043 1799 1275 1857 dracone
1316 1813 1511 1871 magno
1548 1797 1772 1857 dicens:
1810 1814 1830 1849 ‹
1863 1796 1931 1853 Ει
1965 1804 2077 1852 tra-

490 1872 903 1953 nebat-tertiam
947 1878 1161 1964 partem
1215 1889 1490 1947 stellarum
1536 1888 1590 1945 in
1642 1889 1813 1949 cauda
1870 1903 1987 1945 sua.
2048 1907 2066 1943 ι

2165 699 2365 761 virtute
2385 697 2554 756 multa
2581 705 2637 754 et
2662 696 2949 767 majestate
2972 738 2991 764 ,
3035 697 3095 753 id
3129 705 3214 754 est
3238 697 3293 753 in
3320 706 3532 756 terrore
3558 708 3616 757 et
3639 699 3757 756 cia-

2167 788 2358 862 ritate;
2386 787 2671 866 apparebit
2690 786 2888 859 quippe
2912 786 3170 843 terribilis
3197 796 3252 843 et
3285 786 3515 845 blandus
3537 828 3557 856 ,
3590 781 3764 846 tetri;-

2167 883 2289 941 bilis
2316 890 2374 938 ut
2400 889 2603 938 terreat
2629 880 2823 952 impios
2844 921 2860 947 ,
2889 879 3121 937 blandus
3151 888 3213 939 ut
3254 879 3562 938 demulceat
3600 882 3755 953 pios;

2166 983 2225 1047 et
2252 974 2432 1031 mittet
2472 972 2691 1044 angelos
2720 987 2848 1029 suos
2877 990 2896 1027 ο
2927 958 3046 1027 cum
3086 972 3236 1028 tuba.
3267 991 3288 1026 ι
3319 970 3449 1030 Hice
3479 973 3612 1029 tuba
3647 989 3763 1031 mn

2167 1081 2357 1123 revera
2382 1079 2644 1136 corporea
2676 1062 3021 1137 intelligenda
3046 1071 3153 1131 est,
3177 1064 3275 1125 sed
3301 1063 3761 1136 archangelorum

2167 1173 2271 1214 vox
2298 1175 2315 1227 ;
2352 1166 2410 1213 et
2434 1155 2662 1228 pulchre
2691 1154 2899 1212 addidit
2928 1173 2947 1207 t
2978 1169 3104 1224 cum
3139 1169 3273 1213 voce
3295 1170 3492 1227 magna
3515 1196 3532 1224 ,
3572 1174 3594 1208 ι
3624 1170 3764 1228 quo-

2169 1249 2317 1305 niam
2339 1248 2457 1304 hiec
2489 1263 2591 1303 vox
2623 1248 2757 1303 adeo
2785 1261 2981 1320 magna
3016 1246 3155 1313 erit,
3191 1253 3251 1302 ut
3278 1243 3346 1301 ad
3373 1245 3672 1313 clamorem
3695 1245 3767 1301 il-

2168 1337 2274 1396 lius
2295 1353 2484 1397 omnes
2513 1337 2710 1397 mortui
2728 1335 2796 1393 de
2827 1345 2985 1393 terra:
3010 1335 3233 1408 pulvere
3256 1345 3544 1408 resurgant
3590 1335 3769 1407 Hujus

2171 1431 2312 1489 tubae
2331 1416 2659 1487 mentionem
2683 1426 2812 1484 facit
2835 1426 3125 1507 Apostolus
3153 1441 3276 1483 cum
3299 1425 3473 1483 dicit:
3506 1444 3527 1479 ι
3562 1426 3619 1482 in
3644 1443 3769 1483 mo-

2170 1531 2389 1590 mento,
2411 1523 2471 1601 in
2502 1523 2614 1601 ictu
2649 1521 2827 1601 oculi,
2849 1521 2904 1579 in
2929 1520 3221 1578 novissima
3246 1520 3585 1579 tuba:canet
3610 1522 3766 1578 enim

2172 1615 2298 1685 tuba
2318 1653 2350 1695 ,ι
2368 1594 2423 1669 et
2447 1594 2647 1673 mortui
2675 1594 2958 1695 resurgent
2983 1611 3323 1682 incorrupti'.
3355 1620 3412 1667 et
3431 1626 3532 1670 nos
3561 1611 3770 1669 imum.

2173 1692 2427 1763 tabimur.
2469 1724 2488 1765 ι
2522 1704 2725 1763 Addit:
2752 1692 2799 1771 ⁴ς’
2820 1711 2875 1760 et
2902 1702 3309 1777 congregabuut
3331 1703 3534 1761 electos
3562 1718 3770 1785 aqua-

2174 1803 2298 1855 tuor
2316 1797 2493 1855 ventis
2519 1795 2664 1855 coeli.
2698 1815 2719 1850 ο
2742 1790 2795 1855 Α
2812 1805 3045 1869 quatuor
3074 1784 3249 1855 ventis
3264 1796 3391 1857 coeli
3416 1797 3573 1875 dicit,
3597 1796 3651 1854 id
3672 1806 3775 1873 est.

2176 1904 2209 1969 a
2238 1897 2474 1962 quatuor
2501 1888 2813 1949 elimatibus
2844 1888 3030 1945 mundi
3058 1929 3073 1953 ,
3112 1888 3214 1951 hoc
3240 1897 3325 1969 est
3350 1897 3581 1969 oriente,
3612 1886 3770 1968 uoci.

491 1980 632 2039 Hinc
664 1991 745 2038 est
786 1954 1125 2052 etiam-qned
1151 1972 1409 2036 Dominus
1450 1981 1517 2036 de
1551 1974 1809 2035 Beemoth
1836 1976 2075 2050 loquitur
2100 1960 2149 2021 Β
2176 1954 2355 2048 dente,
2385 1972 2636 2051 aquilone
2668 1992 2724 2036 et
2758 1969 2975 2047 austro;
3002 1972 3060 2035 et
3080 1994 3148 2035 ne
3164 1966 3304 2035 forte
3325 1954 3799 2050 aliquis’pu‘taret‘

489 2073 681 2149 adlob
722 2074 905 2131 dicens
936 2092 949 2128 :
981 2091 1001 2125 t
1038 2072 1252 2129 Sternet
1277 2072 1377 2126 sibi
1408 2086 1599 2126 aurum
1637 2070 1792 2140 quasi
1823 2069 2015 2125 lutum.
2047 2088 2067 2121 ι

490 2164 643 2233 Quod
688 2173 865 2221 autem
894 2164 1043 2230 dicit,
1102 2181 1121 2216 t
1156 2164 1337 2220 statim
1378 2171 1556 2218 autem
1605 2170 1727 2231 post
1773 2161 2075 2217 tribulatio-

496 2272 622 2313 nem
653 2256 861 2313 dierum
910 2255 1122 2310 illorum
1168 2273 1187 2307 ι
1228 2269 1335 2308 non
1368 2252 1769 2324 intelligendum
1818 2259 1903 2307 est
1932 2250 2075 2320 quod

489 2356 713 2419 peracta
741 2346 1089 2409 tribulatione
1112 2346 1228 2405 hate
1256 2343 1375 2406 tlerl
1418 2343 1676 2409 debeant,
1704 2343 1798 2401 sed
1824 2342 2081 2403 inchoata

491 2446 549 2494 et
590 2438 768 2492 adhuc
792 2435 1153 2500 imminente:
1196 2432 1467 2505 praemia!
1510 2434 1661 2489 enim
1689 2431 1991 2499 tribulatio,
2015 2441 2079 2487 ut

491 2528 846 2599 plurimorum
875 2535 1131 2596 sequatur
1169 2524 1418 2581 defectio.
1469 2524 1537 2580 Et
1584 2525 1708 2595 quia
1750 2539 1848 2601 per
1889 2538 2077 2580 omnes

492 2597 608 2673 dies
632 2616 738 2671 erit
763 2614 852 2669 illa
886 2613 1180 2680 tribulatio,
1208 2614 1410 2670 idcirco
1430 2612 1687 2669 Dominus
1709 2597 1826 2668 ait:
1867 2628 1888 2665 ‹
1920 2611 2076 2669 'runc
2119 2597 2125 2639 ῖ

496 2707 779 2778 apparebit
808 2707 1019 2776 signum
1069 2704 1162 2759 ﬁlii
1213 2704 1447 2760 hominis
1474 2705 1526 2760 in
1571 2704 1733 2761 caelo.
1774 2723 1793 2757 ι
1847 2702 2077 2776 Signum

493 2801 589 2857 ﬁlii
631 2800 863 2856 hominis
904 2808 1082 2870 potest
1108 2798 1334 2869 intelligi
1364 2799 1575 2870 signum
1629 2797 1847 2864 crucis,
1901 2806 1961 2852 ut
1988 2808 2074 2853 se-

494 2894 736 2957 cundum
772 2892 1094 2953 Zachariam
1127 2900 1185 2957 et
1209 2890 1471 2948 Joannem
1532 2908 1550 2942 t
1587 2890 1803 2946 videant
1832 2908 1853 2959 ρ
1907 2887 2077 2950 ιιιόωί

499 3007 523 3045 t
554 2988 609 3045 in
654 2980 1282 3065 quemgpupugeruntgv'p
1316 2974 1433 3040 sive
1458 2991 1637 3055 potest
1661 2981 1885 3059 intelligi
1906 2980 2076 3052 vexil-

494 3079 605 3142 lum
648 3066 775 3139 (idei
812 3086 868 3137 et
899 3072 1139 3137 victoriaé
1190 3072 1589 3146 triumphantis,
1626 3092 1647 3128 t
1681 3083 1737 3131 et
1773 3082 1903 3131 tunc
1927 3068 2089 3149 plan?

496 3181 624 3249 gent
670 3186 858 3226 omnes
896 3165 1069 3225 tribus
1119 3177 1294 3223 terrae.
1343 3187 1362 3222 ι
1395 3166 1475 3222 Illi
1505 3166 1757 3223 videlicet
1801 3165 2075 3239 plangent,

496 3262 590 3335 qui
626 3275 733 3317 non
785 3258 1091 3316 habuerunt
1120 3257 1503 3331 municipatum
1548 3256 1602 3311 in
1641 3255 1802 3326 caelo,
1842 3255 1939 3313 sed
1984 3270 2080 3313 eo-

497 3319 619 3409 rum
649 3351 868 3408 nomina
919 3350 1119 3422 scripta
1145 3357 1304 3405 erunt
1322 3319 1401 3409 .in
1430 3357 1596 3404 terra.
1631 3319 1925 3418 Sequitur:
1955 3364 1976 3401 ι
2009 3342 2078 3403 Et
2103 3319 2149 3383 C

496 3443 749 3503 videbitis
791 3440 959 3497 lilium
991 3440 1227 3496 hominis
1274 3439 1576 3496 venientem
1624 3439 1679 3494 in
1711 3439 1941 3497 nubibus
1969 3428 2085 3497 cce;

496 3536 554 3591 li.
589 3556 608 3590 ι
647 3532 772 3592 Haec
818 3532 1085 3591 sententia
1139 3531 1348 3588 duobus
1379 3532 1552 3588 modis
1584 3531 1809 3604 intelligi
1859 3540 2077 3605 potest:

496 3636 684 3685 sancta
719 3622 964 3685 Ecclesia
1015 3624 1159 3679 enim
1204 3630 1288 3678 est
1320 3624 1491 3679 nubes
1514 3620 1693 3678 lucida
1724 3630 1780 3678 et
1826 3623 2078 3688 candida,

499 3700 833 3779 fructiﬁcans
854 3726 907 3775 et
928 3729 1176 3774 crescens
1206 3730 1271 3771 ex
1299 3730 1364 3771 eo
1392 3714 1534 3786 quod
1559 3714 1727 3785 cmpit
1750 3714 2046 3785 praedicare
2062 3722 2089 3770 :‘

503 3832 523 3867 ι
559 3813 946 3871 Paenitentiam
992 3809 1152 3882 agite,
1205 3806 1651 3880 appmpiuquavit
1679 3807 1821 3863 enim
1854 3818 2081 3878 regnum

499 3904 801 3971 caelorum;
842 3890 873 3958 Da
898 3900 1157 3956 Dominus
1196 3899 1339 3953 enim
1381 3897 1437 3977 in
1494 3897 1752 3953 membris
1783 3896 1895 3953 suis
1926 3897 2085 3969 quasi

505 3996 559 4049 in
607 3994 841 4053 nubibus
878 3980 1078 4058 veniet,
1120 3992 1232 4046 sive
1274 3990 1328 4045 in
1380 4004 1607 4061 corpore
1657 4004 1756 4046 suo
1804 3989 1947 4060 quod
2000 3997 2083 4045 est

503 4070 753 4141 Ecclesia
780 4094 1035 4157 tanquam
1085 4081 1138 4136 in
1189 4083 1329 4138 nube
1358 4081 1531 4137 lucida
1558 4090 1614 4137 et
1664 4083 1914 4147 candida,
1945 4076 2087 4137 sicut

501 4182 556 4229 ct
605 4168 845 4245 quotidie
876 4171 1230 4242 spiritualiter
1268 4172 1453 4227 venire
1504 4163 1607 4227 non
1650 4176 1846 4228 cessat.
1887 4168 1994 4226 Sed
2037 4171 2089 4227 si‘

504 4254 675 4323 nubes
705 4262 881 4324 lucida
912 4275 968 4321 et
1001 4252 1230 4322 candida
1259 4276 1442 4323 sancta
1473 4264 1715 4321 Ecclesia
1761 4274 1845 4321 est
1884 4265 2085 4321 intelli—'

502 4357 695 4431 gentia,
731 4358 858 4435 quid
913 4368 999 4413 est
1027 4362 1207 4414 autem
1238 4357 1384 4428 quod
1438 4357 1612 4412 dicit:
1650 4373 1668 4408 t
1710 4372 1831 4411 cum
1882 4357 2083 4413 virtute

502 4449 668 4506 multa
715 4456 769 4507 et
828 4447 1153 4522 majestate?
1200 4468 1218 4502 ι
1269 4446 1498 4504 Pulchre
1543 4447 1758 4520 quidem
1808 4447 1938 4504 dicit
1965 4465 2083 4503 cum

502 4542 688 4599 virtute
708 4541 871 4597 multa
903 4551 950 4595 et
966 4544 1254 4613 majestate,
1271 4540 1523 4612 quoniam
1548 4541 1637 4596 illa
1653 4541 1838 4597 ultima
1856 4541 2089 4598 tribula-‘

504 4633 581 4687 tio
600 4641 805 4703 quanto
817 4632 986 4703 major
1006 4642 1062 4687 et
1076 4633 1289 4704 gravior
1309 4633 1434 4698 erit,
1463 4642 1613 4688 tanto
1641 4633 1811 4703 major
1831 4635 2003 4691 virtus
2028 4630 2091 4691 et'

504 4720 759 4792 majestas
787 4723 1063 4805 apparebit
1088 4724 1145 4779 in
1171 4724 1393 4789 sanctis,
1423 4724 1620 4794 quibus
1636 4723 1784 4779 dabit
1823 4727 2079 4781 virtutem

506 4831 571 4870 ne
595 4823 741 4869 tanta
765 4815 1139 4885 persecutione
1164 4824 1507 4886 superentur.
1528 4816 1703 4872 Aliter
1722 4825 1902 4888 potest
1925 4819 2084 4873 intel-

505 4907 594 4979 ligi
620 4908 727 4962 ita:
755 4905 1013 4985 Dominus
1034 4908 1177 4962 enim
1203 4906 1518 4964 manifestus
1539 4909 1717 4963 veniet
1739 4910 1803 4963 ad
1822 4909 2081 4980 judicium

507 4998 560 5053 in
585 4997 835 5064 nubibus,
852 4996 904 5052 in
921 4998 1035 5066 ipso
1048 5013 1293 5068 corpore,
1309 4999 1359 5054 id
1375 5000 1613 5069 estquod
1628 5016 1693 5055 ex
1708 4998 1928 5073 Virgine
1945 5014 2088 5057 sunt-

506 5088 707 5158 psit,et
735 5088 911 5159 inquo
933 5096 1177 5143 mortuus
1197 5095 1299 5155 est,
1324 5087 1378 5142 in
1400 5102 1507 5157 quo
1529 5096 1583 5143 et
1600 5090 1917 5157 resurrexit,
1941 5099 1994 5144 et
2018 5090 2087 5145 ad

404 5222 414 5233 .
508 5166 673 5235 caelus
695 5177 956 5245 ascendit,
980 5187 1035 5234 et
1051 5178 1179 5235 illud
1201 5179 1268 5234 ad
1286 5179 1560 5236 dexteram
1588 5178 1764 5236 Patris
1782 5180 2083 5237 collocavit.

510 5271 601 5327 Sic
643 5272 785 5327 enim
816 5269 1136 5329 manifestus
1167 5270 1233 5324 ad
1257 5268 1518 5338 judicium
1548 5271 1602 5325 in
1627 5270 1857 5327 nubibus
1887 5272 2084 5338 veniet,

509 5358 959 5432 quemadmodum
988 5360 1043 5421 in
1066 5358 1574 5417 nubibus’ascendit.
1598 5361 1819 5432 thuod
1848 5364 1901 5418 in
1922 5362 2088 5418 nubes

509 5439 834 5519 ascenderit,
861 5449 1236 5507 manifestatur
1260 5451 1313 5505 in
1339 5449 1566 5508 Actibus
1590 5452 1975 5524 apostolorum,
1996 5454 2089 5510 ubi

509 5532 705 5620 legitur
722 5546 847 5621 quia
865 5566 883 5599 t
906 5546 1209 5605 videntibus
1229 5564 1247 5599 t
1268 5546 1525 5619 apostolis
1553 5567 1570 5600 ‹
1593 5547 1901 5604 sublevatus
1914 5557 2017 5614 est,
2035 5554 2092 5605 et

509 5639 680 5701 nubes
700 5638 940 5711 suscepit
964 5654 1108 5703 eum,
1124 5647 1176 5695 et
1199 5634 1475 5701 ferebatur
1498 5639 1552 5695 in
1574 5637 1788 5696 coelum.
1816 5656 1833 5691 ι
1862 5637 1928 5695 Et
1949 5639 2090 5710 quod

512 5728 570 5786 in
589 5722 822 5805 nubibus
840 5739 1102 5788 venturus
1122 5729 1193 5786 sit
1221 5739 1388 5793 testes
1415 5742 1539 5787 sunt
1561 5731 1730 5803 angeli
1764 5731 1853 5801 qui
1887 5731 2091 5786 miran-

508 5816 657 5882 tibus
685 5825 941 5896 apostolis
984 5823 1277 5881 dixerunt:
1325 5844 1344 5876 ι
1380 5808 1516 5892 Quid
1553 5824 1897 5881 adiniramini
1945 5825 2090 5896 aspi-

516 5920 718 5976 cientes
749 5922 801 5975 in
830 5918 1024 5975 coelum
1045 5919 1070 5973 Υ
1095 5918 1185 5975 Sic
1207 5919 1387 5974 veniet
1411 5920 1859 5984 qummdtmuluin
1881 5919 2092 5976 vidistis

2175 2073 2318 2152 quod
2348 2072 2687 2149 solummodo
2723 2088 2753 2126 a
2777 2080 3009 2151 quatuor
3032 2070 3279 2150 partibus
3318 2071 3540 2143 mundi,
3566 2079 3623 2127 et
3645 2088 3783 2149 non~

2173 2178 2205 2219 a
2241 2161 2655 2219 mediterraneis
2684 2162 2995 2232 regionibus
3035 2171 3090 2216 et
3126 2161 3261 2217 locis
3282 2160 3643 2234 congregandi
3672 2176 3774 2217 es-

2174 2262 2297 2311 sent
2329 2252 2514 2319 electi,
2558 2251 2681 2308 ideo
2705 2250 2949 2322 profecto
2983 2249 3190 2306 addidit
3222 2269 3241 2303 ι
3275 2265 3307 2306 a
3338 2250 3569 2306 summis
3595 2248 3771 2306 caelo-

2174 2354 2294 2409 rum
2345 2358 2521 2419 usque
2563 2343 2631 2402 ad
2679 2343 2941 2403 terminos
2963 2354 3191 2415 conm,
3226 2360 3246 2397 ι
3298 2342 3518 2401 idesta
3548 2343 3771 2398 cunctis

2176 2434 2377 2493 ﬁnibus
2424 2444 2625 2501 terra},
2670 2434 2767 2490 ubi
2809 2433 3325 2506 longedistantibus
3357 2434 3579 2490 circulis
3603 2433 3766 2501 celi,

2175 2536 2334 2583 terrae
2360 2526 2595 2583 insidere
2616 2525 2870 2604 videntur
2880 2540 3049 2604 usque
3067 2526 3135 2580 ad
3163 2524 3420 2580 terminos
3437 2540 3649 2590 eorum,
3664 2540 3772 2595 per

2177 2618 2438 2674 directum
2464 2624 2520 2673 et
2552 2600 3008 2673 mediterraneum
3059 2630 3229 2686 usque
3255 2616 3323 2670 ad
3348 2623 3628 2671 extremos
3651 2624 3770 2670 ter-

2174 2710 2354 2766 minus
2375 2720 2550 2765 terrae.
2593 2707 2779 2764 Nullus
2805 2723 2933 2779 ergo
2965 2707 3172 2764 electus
3191 2709 3496 2764 remanebit
3519 2718 3647 2763 tunc
3668 2709 3767 2779 qui

2180 2801 2418 2857 venienti
2455 2801 2683 2857 Domino
2718 2800 2785 2854 ad
2804 2797 3068 2868 judicium
3096 2813 3207 2856 non
3234 2808 3489 2855 occurrat
3518 2800 3576 2855 in
3601 2814 3735 2856 aere
3753 2840 3771 2867 ,

2177 2892 2291 2948 sive
2314 2892 2469 2947 vivus
2496 2892 2547 2945 in
2578 2905 2803 2961 corpore
2824 2898 3099 2971 repertus,
3116 2890 3233 2971 sive
3260 2891 3327 2947 de
3351 2900 3513 2947 terra:
3539 2891 3771 2963 pulvere

2160 2985 2471 3042 suscitatus
2517 2984 2584 3038 ad
2617 2968 3063 3073 vitamaVen-ient
3091 2964 3257 3038 etiam
3282 2982 3498 3052 reprobi
3522 2983 3594 3038 ad
3616 2982 3769 3053 judi-

2177 3077 2323 3132 cium
2346 3075 2471 3132 sive
2490 3074 2600 3128 vivi
2627 3074 2682 3129 in
2969 3069 3201 3146 reperti,
3223 3074 3341 3130 sive
3360 3074 3430 3130 de
3458 3072 3625 3130 terra
3649 3075 3772 3147 μω.

2177 3176 2321 3225 vere‘
2342 3166 2683 3233 resuscitati,‘
2703 3168 2811 3222 sed'
2831 3173 3027 3238 magna
3062 3164 3320 3223 distantia
3346 3174 3369 3234 ς
3410 3166 3594 3225 sancti
3620 3167 3770 3223 enim

2179 3272 2235 3319 et
2271 3246 2431 3316 electi
2477 3258 2759 3339 intrabunt
2794 3257 2856 3331 in
2885 3258 3138 3339 gaudium
3161 3257 3377 3333 Domini
3405 3256 3525 3324 sui;
3561 3254 3772 3314 inimici

2180 3367 2358 3415 autem
2398 3336 2612 3425 Domini
2636 3363 2855 3426 peracta
2876 3336 3276 3410 resurrectione
3296 3348 3557 3423 peribunt
3590 3360 3648 3408 et
3690 3353 3772 3408 di—

2182 3436 2505 3525 spergentur
2553 3461 2585 3503 a
2629 3436 2770 3504 facie
2820 3441 3068 3518 ipsius.'t
3108 3444 3415 3527 nbat-bore
3438 3454 3626 3503 autem
3684 3432 3797 3525 ﬁci?

2180 3542 2370 3598 discite
2400 3538 2729 3613 para‘bolam.
2761 3559 2780 3592 ι
2811 3537 2946 3606 Quia
2969 3532 3228 3594 Deminus
3246 3532 3637 3611 multiplicibus
3650 3552 3774 3593 ver

2180 3633 2264 3690 bis
2302 3640 2359 3689 et
2406 3631 2823 3688 destructionem
2875 3624 3204 3697 Jerusalem,
3259 3639 3316 3686 et
3363 3630 3779 3701 persecutiones

2180 3722 2534 3788 Antichristi,
2558 3734 2658 3777 nec
2686 3735 2792 3777 non
2819 3729 2874 3776 et
2901 3720 3051 3792 signa
3079 3720 3162 3776 sui
3186 3720 3450 3776 adventus
3475 3723 3774 3792 praedixit,

2182 3813 2384 3871 idcirco
2424 3827 2575 3869 more
2614 3810 3022 3868 Palzestinorum
3060 3811 3210 3866 venit
3252 3810 3323 3866 ad
3341 3811 3665 3883 parabolatn
3695 3812 3782 3867 di-

2182 3922 2310 3963 cens
2341 3925 2353 3961 :
2394 3923 2412 3957 ι
2450 3906 2531 3961 Ab
2560 3905 2757 3960 arbore
2803 3912 2980 3960 autem
3018 3900 3105 3959 ﬁci
3131 3904 3324 3960 discite
3353 3906 3713 3977 parabolam;
3753 3927 3771 3961 ι

2183 4000 2249 4053 ac
2277 3998 2319 4052 si
2356 3997 2589 4052 diceret:
2624 3994 2692 4051 Ut
2716 3994 2823 4049 vim
2855 3993 3142 4049 verborum
3173 4008 3416 4050 meorum
3445 3996 3660 4052 arctius
3691 3998 3780 4051 iit-

2185 4083 2454 4160 t‘elligalis,
2491 4097 2741 4141 naturam
2787 4084 2875 4140 ﬁci
2906 4084 3339 4141 animadvertite.
3374 4084 3489 4142 Sub
3522 4087 3780 4158 exemplo

2184 4180 2417 4253 namque
2456 4178 2665 4234 arboris
2713 4176 2896 4233 docuit
2942 4178 3229 4233 adventum
3251 4172 3773 4243 consummationis,

2158 4283 2239 4349 .et
2267 4281 2349 4329 est
2377 4287 2568 4328 sensus
2601 4288 2613 4325 :
2645 4268 2964 4337 Sicutenim
2986 4264 3115 4325 'cdm
3147 4270 3317 4326 teneri
3342 4276 3468 4325 sunt
3498 4269 3553 4324 in
3578 4270 3781 4325 arbore

2185 4362 2318 4419 ﬁcus
2338 4360 2585 4418 cauliculi
2611 4401 2625 4426 ,
2653 4371 2708 4427 et
2728 4354 2938 4432 gemma
2963 4361 3197 4431 erumpit
3224 4360 3279 4415 in
3301 4358 3480 4425 ﬂores,
3499 4370 3553 4417 et
3582 4370 3778 4418 cortex

2184 4456 2312 4512 folia
2339 4453 2595 4533 parturit,
2622 4439 2766 4510 veris
2811 4450 3087 4510 introitum
3129 4463 3183 4510 et
3222 4455 3426 4510 aestatis
3480 4457 3777 4512 adventum

2186 4528 2518 4621 intelligitis;
2551 4528 2629 4601 sic
2663 4554 2718 4601 et
2768 4558 2890 4602 cum
2917 4545 3237 4603 hiecomni'a
3258 4544 3505 4603 videritis
3534 4562 3643 4603 non
3670 4558 3776 4619 pu-

2186 4639 2310 4694 tetis
2333 4639 2515 4693 statim
2544 4624 2732 4693 adesse
2764 4636 2904 4692 diem
2923 4636 3133 4706 judicii,
3158 4637 3253 4693 sed
3272 4624 3389 4693 hcce
3411 4639 3576 4707 ’quasi
3610 4654 3781 4710 quos¢

2186 4730 2308 4785 dam
2330 4743 2691 4800 praecursores
2712 4726 2918 4795 venire,
2934 4734 2991 4782 ut
3013 4729 3265 4784 ostendat
3286 4728 3410 4800 quia
3441 4746 3462 4781 t
3498 4743 3671 4801 prope
3690 4740 3781 4787 est

2185 4830 2240 4877 et
2262 4822 2315 4878 in
2333 4820 2532 4892 jauuis.
2558 4838 2577 4874 ι
2606 4820 2979 4876 Etnotandum
3002 4821 3125 4893 quia
3151 4837 3257 4879 non
3285 4823 3361 4878 ait
3385 4832 3620 4891 tantum,
3647 4838 3777 4881 cum

2186 4913 2435 4968 videritis
2482 4912 2600 4968 haec
2621 4952 2635 4977 ,
2687 4910 2780 4967 sed
2811 4910 3017 4968 addidit
3045 4931 3065 4965 ι
3097 4914 3329 4980 Omnia,t
3368 4917 3632 4986 quoniam
3663 4928 3773 4972 non

2188 5005 2431 5075 quaedam
2455 5044 2471 5070 ,
2530 5003 2624 5059 sed
2667 5004 2850 5058 omnia
2878 5020 2996 5079 qua:
3024 5005 3222 5078 scripta
3254 5017 3382 5063 sunt
3409 5008 3608 5063 debent
3633 5026 3775 5082 pre

2190 5096 2380 5151 cedere
2412 5096 2553 5151 diem
2578 5096 3079 5154 consummationis.
3116 5099 3290 5156 Lucas
3318 5102 3653 5175 evangelista
3688 5106 3774 5160 di-

2190 5186 2294 5241 cit:
2322 5205 2340 5238 (
2379 5184 2474 5242 l'lis
2504 5184 2616 5241 neri
2641 5186 3022 5255 incipientibus
3049 5190 3299 5260 respicite
3320 5201 3375 5247 et
3401 5191 3576 5249 levate
3593 5195 3775 5266 capita

2190 5284 2394 5344 vestra,
2426 5278 2680 5348 quoniam
2711 5279 3106 5351 appropinquat
3152 5281 3449 5352 redemptio
3495 5293 3673 5339 vestra
3703 5327 3719 5350 ,
3753 5305 3770 5337 ι

2189 5380 2243 5425 et
2274 5384 2378 5424 non
2400 5370 2561 5425 debet
2590 5369 2758 5427 videri
2785 5368 3115 5428 contrarium
3144 5414 3161 5441 ,
3183 5373 3436 5446 quoniam
3468 5375 3572 5432 hoc
3597 5376 3777 5446 ipsum

2192 5472 2275 5521 est
2305 5464 2447 5535 quod
2472 5463 2755 5521 Matthazus
2796 5466 2962 5523 dicit:
3002 5487 3020 5520 t
3050 5482 3219 5539 prepe
3246 5477 3328 5525 est
3359 5468 3413 5524 in
3433 5467 3641 5538 januis,
3664 5488 3685 5522 ι
3722 5470 3777 5524 ld

2192 5564 2273 5617 est
2304 5571 2471 5629 prope
2507 5564 2566 5612 ut
2589 5558 2896 5632 egrediatur
2919 5570 2974 5621 et
3007 5560 3189 5616 veniat
3216 5560 3529 5617 manifestus
3576 5560 3649 5616 ad
3690 5576 3779 5617 rc-

2192 5650 2461 5722 gnandum
2511 5662 2632 5703 cum
2679 5648 2866 5706 electis
2914 5651 3045 5707 suis.
3076 5651 3444 5722 Splritualiter
3467 5651 3587 5707 haec
3614 5652 3779 5708 arbor

2195 5739 2533 5817 Synagogam
2566 5741 2865 5813 significat;
2901 5743 3018 5800 haec
3042 5743 3186 5799 enim
3219 5753 3302 5800 est
3337 5744 3425 5802 illa
3451 5744 3682 5800 ﬁculnea
3707 5744 3779 5799 ad

2195 5846 2355 5901 quam
2391 5830 2649 5885 Dominus
2671 5832 2891 5888 veniens
2911 5849 3016 5889 non
3048 5834 3267 5891 invento
3294 5832 3469 5889 fructu
3491 5833 3775 5891 maledixit

2193 5922 2264 5989 ei,
2295 5927 2347 5975 et
2373 5920 2630 5978 continuo
2656 5921 2721 5977 ad
2754 5924 2971 5979 verbum
2999 5923 3166 5995 ipsius
3190 5924 3367 5980 aruit:
3398 5925 3512 5981 hate
3543 5939 3775 5995 namque
