4038 6420
208 440 314 497 869

1668 441 1990 500 llOMILl/E.

205 554 394 620 arbor,
422 552 474 607 id
496 561 577 607 est
602 551 910 626 Synagoga,
933 554 1057 624 quia
1080 557 1312 611 venienti
1340 556 1566 613 Domino
1580 558 1782 611 nullum
1812 572 1857 627 Α
1888 557 2047 627 hujus
2076 554 2288 621 mundi;
2322 576 2340 608 ι
2375 561 2429 610 et
2450 552 2766 612 Psalmista:
2798 575 2815 607 ‹
2849 554 3076 612 Mutabis
3094 572 3156 612 ea
3176 565 3229 613 et
3264 566 3322 611 ut
3344 574 3460 613 ma-

204 644 447 698 fiuctum
464 643 687 715 justitize
708 644 888 700 offerri
910 645 1095 713 voluit,
1119 660 1280 719 atque
1311 648 1509 705 idcirco
1527 658 1783 720 perpetua

201 737 491 795 sterilitate
505 738 757 793 damnata
776 748 888 806 est;
921 740 1013 796 sed
1030 741 1144 795 haec
1159 757 1278 811 qua:
1301 742 1449 813 prius
1474 742 1786 798 inlidelitatc

200 827 374 894 aruit,
403 826 445 883 si
480 829 770 900 contigerit
799 840 856 884 ut
884 830 1120 887 rediviva
1158 834 1431 889 viriditate
1470 832 1691 890 ﬂoribus
1733 844 1785 888 et

199 917 470 974 fructibus
498 920 803 988 decoretur,
838 922 890 975 id
915 932 995 977 est
1020 922 1231 994 repulsa
1256 925 1505 980 diuturna
1544 926 1784 980 cmcitate

196 1011 562 1081 infidelitatis,
588 1013 763 1070 lucem
795 1015 916 1071 fidei
948 1018 1221 1088 suscipiat,
1249 1028 1302 1073 et
1326 1016 1589 1075 fructibus
1617 1019 1783 1075 bono-

195 1122 320 1161 rum
361 1122 584 1177 operum
610 1119 924 1176 exornetur,
950 1112 1111 1166 arbor
1131 1128 1250 1181 quae
1272 1113 1358 1167 diu
1386 1113 1584 1167 sterilis
1611 1114 1783 1168 fuerat

196 1198 423 1269 incipiet
453 1196 676 1254 reddere
699 1200 930 1255 fructum
945 1217 1103 1272 quem
1130 1202 1281 1275 prius
1308 1215 1616 1273 negaverat,
1625 1203 1781 1271 juxta

194 1286 329 1341 illud
365 1280 427 1341 Β.
477 1286 577 1347 Job
615 1303 630 1342 :
684 1308 702 1340 ι
735 1288 959 1361 Lignum
986 1306 1134 1361 spem
1164 1292 1343 1357 habet,
1398 1293 1440 1346 si
1495 1295 1777 1362 prxucisum

195 1375 365 1431 fuerit
396 1394 609 1434 rursum
648 1378 883 1447 virescit,
929 1389 983 1436 et
1016 1381 1154 1436 rami
1185 1381 1302 1452 ejus
1332 1382 1612 1454 pullulant,
1648 1394 1702 1439 et
1734 1386 1778 1440 si

195 1467 441 1523 senuerit
467 1469 519 1524 in
546 1478 689 1524 terra
722 1472 869 1526 radix
895 1472 1030 1542 ejus,
1060 1481 1113 1527 et
1140 1480 1363 1528 truncus
1394 1473 1538 1528 illius
1565 1475 1628 1528 in
1669 1476 1777 1544 pul-

194 1577 330 1617 vere
358 1571 605 1620 mortuus
633 1563 814 1630 fuerit,
849 1579 1060 1623 rursum
1104 1567 1172 1621 ad
1210 1568 1429 1621 odorem
1462 1582 1616 1637 aquas
1657 1584 1777 1639 ger-

195 1652 447 1721 minabit,
479 1664 533 1710 et
560 1653 722 1711 faciet
747 1671 953 1713 comam
979 1656 1131 1728 quasi
1155 1670 1277 1714 cum
1300 1658 1534 1727 primum
1564 1657 1776 1727 planta-

199 1754 313 1802 tum
352 1756 453 1802 est.
484 1767 502 1799 ι
557 1744 669 1803 Hoc
702 1736 928 1821 lignum,
959 1746 1013 1803 id
1042 1757 1125 1805 est
1154 1747 1459 1823 Synagoga,
1486 1751 1628 1823 quod
1661 1751 1778 1805 infi-

196 1836 421 1891 delitate
460 1836 602 1891 aruit
637 1846 691 1892 et
735 1838 1015 1909 praecisum
1041 1846 1165 1905 est,
1218 1854 1433 1893 rursum
1459 1840 1525 1893 ad
1553 1840 1772 1895 odorem

1889 648 2105 711 buntur,
2130 667 2148 698 ι
2168 648 2260 700 sed
2277 662 2380 701 non
2400 646 2704 701 transibunt
2727 661 2823 715 per
2840 648 3125 701 essentiam
3138 662 3297 715 quam
3315 658 3483 702 nunc'

1889 740 2139 794 retinent.
2182 738 2386 793 Rursus
2412 740 2758 809 quaerendum
2788 747 2869 793 est
2897 754 3065 808 quare
3088 738 3344 791 Dominus
3379 738 3458 793 di-
3484 748 3487 751 ‘

1887 840 2007 895 cat,
2044 850 2062 881 ‹
2095 827 2301 883 Caelum
2334 840 2388 885 et
2418 837 2557 884 terra
2584 829 2914 894 transibunt;
2945 828 3105 883 verba
3131 838 3305 885 autem
3338 836 3488 885 meai

1885 938 1990 977 non
2016 923 2367 993 prmteribunt
2390 964 2403 987 ,
2445 944 2461 975 ›
2488 938 2609 978 cum
2646 923 2698 977 in
2719 938 2897 975 rerum
2927 932 3114 976 natura
3145 922 3274 977 nihil
3297 924 3483 978 durat

1882 1014 2043 1069 bilius
2073 1015 2141 1069 sit
2161 1014 2363 1069 ρατιοοῐ
2390 1022 2559 1079 terra,
2593 1022 2646 1069 et
2669 1013 2802 1067 nihil
2826 1013 3060 1068 velocius
3083 1028 3242 1081 quam
3278 1028 3455 1068 sermo

1884 1115 2141 1160 transeat.
2185 1103 2360 1160 Verba
2415 1107 2556 1160 enim
2593 1120 2870 1175 quousque
2939 1103 3252 1172 imperfecta
3297 1114 3452 1171 sunt,

1880 1198 2043 1250 verba
2081 1212 2184 1251 non
2222 1207 2370 1263 sunt;
2403 1212 2523 1251 cum
2550 1211 2678 1251 vero
2700 1196 2935 1267 perfecte
2966 1195 3190 1249 formata
3214 1196 3414 1250 fuerint
3438 1238 3451 1261 ,

1879 1289 2099 1344 omnino
2118 1288 2224 1358 iam
2251 1306 2354 1345 non
2372 1298 2514 1352 sunt,
2536 1290 2660 1359 quia
2683 1306 2780 1343 nec
2800 1291 2982 1360 perlici
3012 1290 3111 1344 nisi
3144 1291 3452 1345 transienth
3476 1304 3477 1307 ‘

1880 1391 2133 1451 possunt;
2188 1384 2285 1439 sed
2318 1384 2595 1439 sciendum
2626 1393 2706 1439 est
2734 1385 2855 1453 quia
2900 1383 3106 1437 Domini
3130 1387 3291 1440 verba
3344 1402 3450 1439 non

1880 1484 2073 1537 sonos,
2105 1488 2209 1527 non
2240 1486 2418 1539 Voces,
2448 1488 2621 1544 neque
2651 1473 2858 1527 litteras
2878 1473 3144 1543 appellat,
3178 1477 3272 1530 sed
3308 1476 3451 1544 ipsas

1880 1578 1967 1618 res
1993 1571 2047 1618 et
2068 1564 2363 1619 sententias
2393 1580 2511 1636 quae
2549 1565 2727 1619 verbis
2753 1564 3107 1634 eXplicantur.
3136 1564 3196 1618 Et
3226 1574 3308 1620 est
3330 1579 3452 1619 sen-

1879 1671 2004 1712 sus:
2033 1655 2208 1713 Verba
2232 1665 2407 1712 autem
2437 1673 2574 1724 mea,
2600 1658 2727 1727 ipsae
2750 1672 2837 1712 res
2867 1657 3072 1713 scilicet
3092 1665 3145 1711 et
3174 1659 3471 1713 sententiae‘

1878 1762 1986 1801 non
2018 1748 2167 1818 prius
2189 1748 2494 1804 transibunt
2513 1763 2671 1818 quam
2714 1763 2875 1819 opere
2902 1748 3292 1818 compleantur,
3317 1762 3454 1818 quas

1875 1838 2109 1909 explicat
2139 1855 2289 1895 meus
2318 1853 2496 1896 sermo
2518 1840 2606 1909 qui
2642 1832 3142 1910 transit.’Sequitur
3168 1858 3180 1892 :
3212 1858 3230 1889 ε
3269 1840 3341 1894 De
3364 1840 3452 1893 die

193 1944 351 1999 aquae
385 1928 728 2000 germinabit,
760 1929 812 1985 id
849 1939 930 1985 est
951 1932 1019 1985 ad
1043 1929 1268 1986 verbum
1294 1939 1493 1986 sancta:
1516 1932 1773 2000 przedica-
1800 1942 1849 2001 Β
1877 1937 2055 1984 autem
2085 1928 2171 1983 illa
2193 1939 2249 1985 et
2280 1931 2414 1985 hora
2434 1944 2591 1984 nemo
2614 1931 2733 1994 scit,
2766 1945 2939 1998 neque
2968 1931 3139 2000 angeli
3166 1931 3446 1995 caelorum,

196 2021 361 2077 tionis
398 2023 557 2078 faciet
586 2038 792 2079 comam
843 2024 997 2094 quasi
1044 2039 1168 2080 cum
1215 2023 1447 2095 primum
1474 2024 1770 2094 plantatum

194 2124 299 2178 est,
332 2114 458 2185 quia
491 2114 911 2187 prmdicantibus
938 2114 1050 2170 Elia
1076 2124 1131 2171 et
1160 2116 1366 2181 Enoch,
1393 2116 1457 2173 ad
1488 2116 1771 2187 pristinam

194 2204 511 2275 dignitatem
572 2220 737 2277 quam
766 2207 951 2261 habuit
978 2206 1030 2261 in
1064 2207 1387 2278 patriarchis
1410 2216 1463 2263 et
1492 2208 1771 2279 prophetis

192 2303 522 2351 revertetur.
573 2294 682 2351 Nos
734 2312 863 2368 ergo
910 2314 1033 2353 cum
1080 2298 1376 2355 viderimus
1430 2300 1544 2354 haec
1588 2300 1769 2355 omnia

192 2385 329 2450 ﬁeri,
363 2385 419 2439 id
438 2393 521 2440 est
552 2385 893 2460 Synagogam
922 2390 986 2442 ad
1019 2388 1175 2443 fidem
1209 2402 1263 2445 et
1286 2390 1353 2444 ad
1378 2390 1660 2460 pristinam
1690 2391 1773 2446 di-

191 2480 452 2550 gnitatem
491 2480 733 2535 converti
794 2497 953 2551 quam
999 2481 1127 2536 olim
1167 2482 1371 2547 habuit,
1400 2483 1658 2539 debemus
1687 2484 1770 2538 in-

193 2570 431 2640 telligere
451 2571 577 2644 quia
606 2588 772 2643 prope
792 2582 872 2627 est
896 2572 1008 2627 dies
1031 2574 1528 2630 consummationis.
1559 2594 1576 2627 ι
1596 2575 1768 2631 Amen

191 2664 311 2717 dico
336 2661 489 2718 vobis
518 2664 643 2734 quia
673 2679 780 2719 non
811 2666 1108 2736 pneteribit
1148 2667 1262 2722 base
1288 2669 1563 2738 generatio
1598 2669 1768 2723 donec

191 2756 374 2811 omnia
421 2755 573 2811 fiant.
609 2776 629 2811 ι
670 2754 881 2814 Veritas
910 2767 1087 2813 autem
1138 2760 1386 2816 veritatis
1417 2777 1509 2816 usa
1540 2772 1623 2816 est
1651 2776 1766 2817 ser-

191 2861 350 2901 mone
405 2854 465 2900 ut
500 2844 677 2903 omnis
708 2846 951 2903 dubietas
981 2864 1013 2902 a
1044 2850 1299 2905 cordibus
1348 2849 1635 2922 legentiqu
1679 2851 1765 2906 vel

190 2941 523 2997 audientium
545 2942 911 3011 repelleretur.
938 2942 1351 3001 Generationcm
1375 2956 1554 3000 autem
1586 2945 1766 3017 appel-

189 3030 259 3084 lat
291 3030 689 3089 multitudinem
728 3034 892 3092 totius
922 3036 1141 3091 humani
1189 3038 1424 3111 generis,
1478 3038 1560 3093 vel
1617 3048 1765 3097 certe

188 3124 332 3181 illius
362 3124 568 3189 Iudaici
619 3127 832 3198 populi,
865 3138 918 3184 et
968 3146 1157 3187 revera
1203 3147 1309 3186 non
1336 3132 1485 3201 prius
1515 3131 1765 3187 transibit

188 3216 300 3271 haec
356 3216 470 3288 ipsa
520 3220 795 3290 generatio
832 3237 992 3292 quam
1032 3222 1210 3277 omnia
1253 3239 1373 3297 quae
1402 3224 1602 3293 scripta
1640 3233 1765 3279 sunt

1877 2020 1978 2074 nisi
2008 2018 2167 2075 Pater
2186 2021 2352 2077 solus.
2388 2040 2407 2073 ι
2450 2020 2662 2076 Marcus
2683 2020 3015 2090 evangelista
3042 2034 3145 2077 non
3172 2020 3341 2076 solum
3366 2022 3446 2077 di-

1874 2111 1949 2167 cit
1983 2112 2201 2185 angelos
2232 2114 2474 2179 nescire,
2531 2113 2624 2169 sed
2648 2114 2815 2169 etiam
2844 2123 2899 2168 et
2937 2112 3130 2167 Filium
3151 2155 3164 2178 ,
3192 2115 3273 2169 sic
3300 2115 3445 2169 enim

1873 2204 1949 2258 ait
1978 2222 1991 2257 :
2035 2224 2054 2257 ι
2084 2204 2157 2260 De
2202 2205 2288 2260 die
2319 2214 2495 2259 autem
2527 2205 2615 2260 illa
2642 2214 2697 2259 et
2742 2206 2872 2260 hora
2908 2220 3075 2259 nemo
3128 2204 3230 2259 scit
3273 2220 3449 2273 neque

1873 2294 2048 2368 angeli
2077 2295 2129 2349 in
2154 2295 2310 2361 cmlo,
2334 2310 2506 2366 neque
2540 2294 2730 2358 Filius,
2758 2284 2862 2349 nisi
2896 2294 3054 2349 Pater
3080 2294 3249 2350 solus.
3289 2313 3307 2345 ι
3343 2295 3455 2349 Sed

1871 2386 2218 2457 quzerendum
2251 2396 2333 2441 est
2361 2400 2527 2457 quare
2551 2386 2638 2441 ille
2662 2387 2803 2441 dicat
2827 2383 3022 2440 Filium
3054 2386 3263 2441 nescire
3310 2385 3408 2439 ista
3430 2392 3457 2449 ,‘

1870 2486 1925 2532 et
1964 2477 2134 2532 solum
2162 2476 2375 2531 Patrem
2425 2477 2596 2542 scire,
2627 2485 2749 2533 cum
2798 2478 2911 2548 ipse
2962 2478 3145 2532 dicat:
3203 2495 3221 2528 ι
3255 2476 3445 2533 Omnia

1872 2569 2065 2623 tradita
2097 2578 2221 2623 sunt
2258 2584 2285 2622 a
2330 2568 2487 2622 Patre
2532 2584 2677 2631 meo,
2713 2589 2729 2619 ι
2767 2577 2821 2623 et
2848 2569 2976 2625 item
3008 2582 3025 2621 :
3054 2586 3074 2619 π
3111 2567 3299 2624 Omnia
3328 2583 3448 2637 quze

1868 2660 2030 2715 habet
2061 2660 2219 2715 Pater
2266 2674 2383 2713 mea
2419 2667 2577 2725 sunt,
2611 2678 2631 2713 ι
2680 2667 2734 2714 et
2779 2659 2906 2714 illud
2936 2673 2954 2713 :
3005 2676 3027 2710 ‹
3062 2659 3171 2730 Ego
3211 2667 3264 2712 et
3289 2658 3449 2713 Pater

1869 2766 2035 2805 unum
2080 2765 2284 2805 sumus.
2318 2768 2337 2801 ι
2379 2747 2435 2804 Si
2466 2750 2609 2803 enim
2650 2749 2765 2819 ipse
2791 2758 2845 2805 et
2892 2748 3057 2804 Pater
3090 2764 3257 2803 unum
3287 2760 3440 2817 sunt,

1867 2842 2136 2913 quomodo
2162 2850 2335 2897 neseit
2365 2840 2532 2896 Filius
2560 2842 2703 2911 quod
2725 2841 2827 2896 scit
2854 2840 3047 2895 Pater?
3069 2839 3175 2895 Sed
3207 2848 3266 2895 ut
3296 2839 3444 2894 locus

1867 2934 1969 2989 iste
1994 2934 2174 2989 sobrie
2209 2933 2539 3004 intelligatur
2562 2934 2850 2989 videndum
2880 2940 2963 2988 est
3000 2932 3142 3002 quod
3169 2934 3239 2987 sit
3264 2933 3402 2987 scire
3426 2973 3439 2997 ,

1865 3024 1948 3079 vel
1976 3024 2105 3095 quid
2148 3024 2375 3080 nescire.
2410 3024 2563 3079 Scire
2593 3024 2687 3078 Dei
2714 3036 2797 3079 est
2830 3024 3157 3095 approbare,
3188 3023 3328 3078 unde
3367 3023 3445 3077 ait

1865 3110 2068 3190 Moysi:
2111 3134 2129 3169 ι
2176 3117 2308 3174 Novi
2354 3128 2403 3173 te
2441 3130 2507 3172 ex
2558 3118 2807 3183 nomine,
2852 3136 2869 3169 ι
2914 3117 2965 3171 id
3000 3124 3085 3172 est
3126 3116 3430 3186 approbavi.

1861 3207 2033 3263 Aliter
2072 3210 2212 3264 scire
2269 3208 2362 3263 Dei
2413 3219 2495 3263 est
2550 3208 2685 3263 alios
2735 3209 2970 3263 scientes
3020 3205 3235 3271 facere,
3300 3210 3445 3261 unde

185 3323 350 3378 Opere
372 3309 761 3380 compleantur.
797 3330 815 3363 ι
852 3312 1059 3369 C(elum
1082 3323 1137 3371 et
1165 3322 1306 3369 terra
1341 3316 1646 3372 transibunt
1681 3334 1694 3370 :
1733 3335 1752 3369 ι

1869 3299 2073 3373 Moyses
2120 3302 2255 3355 dixit
2311 3302 2433 3357 filiis
2488 3302 2689 3356 Israel:
2742 3320 2759 3352 ι
2791 3301 2985 3356 Tentat
3027 3316 3121 3356 vos
3182 3302 3441 3356 Dominus

184 3398 394 3453 (Icelum
425 3403 568 3456 enim
595 3402 736 3472 quod
762 3404 991 3461 transire
1031 3404 1227 3461 dicitur
1272 3422 1377 3461 non
1426 3408 1755 3474 aathcreum,

185 3504 363 3561 neque
398 3491 690 3560 sidereum,
722 3493 815 3550 sed
846 3510 1062 3551 aereum
1094 3495 1391 3569 intelligere
1422 3498 1694 3561 debemus,
1726 3510 1753 3551 a

184 3594 291 3648 quo
333 3594 461 3635 aves
483 3580 607 3636 cmli
629 3590 682 3636 et
726 3583 909 3638 nubila
937 3592 1219 3640 vocantur.
1256 3585 1409 3654 Quod
1452 3586 1761 3646 manifestat

183 3667 378 3724 Petrus
412 3671 685 3743 apostolus
711 3688 832 3728 cum
856 3674 985 3730 dicit
1010 3693 1024 3729 :
1064 3674 1165 3744 Qui
1202 3676 1323 3731 coeli
1350 3686 1506 3731 erant
1536 3677 1686 3747 prius
1706 3686 1762 3735 et

185 3769 332 3814 terra
366 3761 431 3816 de
461 3778 599 3832 aqua
625 3805 640 3829 ,
670 3772 726 3819 et
752 3779 850 3838 per
878 3780 1072 3836 aquam
1101 3766 1406 3824 consistens
1432 3768 1524 3824 Dei
1554 3771 1719 3826 verbo
1742 3811 1758 3839 ,

182 3866 281 3921 per
311 3868 431 3922 quze
473 3860 599 3909 tunc
649 3854 736 3911 ille
782 3857 1015 3914 mundus
1068 3872 1207 3927 aqua
1241 3858 1530 3915 inundatus
1574 3862 1757 3931 periit.

182 3941 321 3997 (Σωιὶ
374 3942 517 3998 enim
563 3946 653 4016 qui
678 3960 819 4001 nunc
841 3958 965 4003 sunt
991 3956 1045 4003 et
1076 3957 1218 4005 terra
1249 3952 1436 4007 eodem
1488 3954 1653 4010 verbo
1678 3967 1761 4009 re-

182 4034 345 4103 positi
399 4044 523 4089 sunt
568 4036 674 4109 igni
707 4040 964 4093 reservati
1017 4039 1069 4093 in
1101 4040 1240 4095 diem
1263 4040 1473 4111 iudicii,
1500 4052 1552 4096 et
1578 4045 1756 4114 perdi-

183 4128 348 4183 tionis
368 4130 642 4185 hominum
670 4132 974 4203 impiorum.
1000 4134 1199 4204 Aperte
1224 4137 1367 4191 enim
1421 4135 1611 4193 beatus
1634 4156 1759 4210 apo-

184 4218 359 4274 slolus
410 4218 602 4276 Petrus
631 4223 864 4277 ostendit
887 4224 970 4279 his
998 4225 1200 4292 verbis,
1229 4227 1355 4296 quia
1387 4243 1491 4283 non
1516 4230 1603 4284 alii
1635 4231 1759 4286 coeli

181 4312 307 4383 igne
329 4314 557 4383 perituri
584 4325 730 4381 sunt,
764 4332 927 4389 quam
963 4317 1039 4372 illi
1068 4320 1157 4389 qui
1193 4321 1343 4389 prius
1373 4322 1672 4390 perierunt.
1704 4324 1763 4379 Id

182 4414 267 4461 est
298 4408 476 4462 inania
507 4409 607 4465 ista
653 4418 705 4466 et
735 4411 989 4466 nebulosa
1021 4414 1190 4482 spatia
1220 4421 1443 4469 ventosa
1472 4416 1614 4471 acris
1639 4457 1652 4481 ,
1701 4417 1755 4471 in

181 4501 378 4571 quibus
397 4517 523 4557 aves
544 4512 599 4558 et
624 4504 802 4558 nubila
814 4504 1120 4561 discurrunt
1137 4546 1152 4571 ,
1178 4504 1303 4560 illuc
1317 4506 1460 4561 enim
1482 4508 1760 4577 perveniet

182 4590 321 4662 ignis
347 4606 453 4661 quo
465 4592 740 4662 perveniet
760 4608 920 4666 aqua,
948 4594 1002 4649 id
1028 4602 1111 4650 est
1133 4602 1339 4649 tantum
1370 4595 1507 4667 ignis
1533 4596 1754 4662 valebit,

1861 3390 2005 3446 Deus
2026 3400 2206 3447 vester
2235 3402 2295 3446 ut
2323 3394 2459 3447 sciat
2485 3393 2529 3447 si
2562 3393 2783 3463 diligitis
2808 3409 2950 3455 eum,
2981 3412 2997 3444 ι
3038 3396 3179 3462 quod
3214 3408 3317 3448 non
3362 3394 3438 3448 ita

1862 3483 2234 3554 accipiendum
2285 3493 2367 3539 est
2417 3484 2571 3553 quasi
2622 3485 2694 3539 sit
2744 3486 2943 3553 aliquid
2993 3485 3134 3554 quod
3182 3486 3320 3540 Deus
3350 3502 3443 3541 ne-

1862 3574 2032 3637 Sciat;
2096 3574 2189 3629 sed
2238 3592 2254 3625 ‹
2285 3574 2420 3629 sciat
2449 3593 2467 3627 ι
2528 3574 2691 3641 dicit,
2743 3576 2792 3629 id
2839 3585 2920 3629 t'sl.
2964 3576 3106 3631 scire
3159 3592 3252 3632 vos
3282 3576 3446 3632 faciat

1865 3674 2128 3738 quantum
2161 3669 2214 3722 in
2244 3667 2359 3739 ejus
2386 3667 2673 3723 dilectione
2700 3668 3071 3740 proieceritis,
3116 3673 3257 3740 quod
3287 3670 3445 3725 aliter

1861 3758 2113 3829 cognosci
2142 3772 2248 3812 non
2293 3766 2504 3827 poterat
2532 3757 2635 3813 nisi
2680 3758 3067 3813 tentationibus
3099 3760 3436 3829 probaretur.

1863 3849 1921 3906 Si
1952 3864 2080 3919 ergo
2107 3852 2245 3907 scire
2272 3851 2363 3906 Dei
2391 3862 2472 3907 est
2499 3852 2816 3922 approbare,
2856 3853 3064 3906 nescire
3086 3852 3226 3906 illius
3254 3866 3441 3922 reproa

1862 3940 1993 3997 bare
2018 3950 2121 4007 est,
2154 3943 2293 3997 unde
2342 3944 2394 3997 in
2441 3943 2547 3997 fine
2590 3942 2768 3997 szrculi
2814 3944 3055 3998 dicturus
3102 3953 3184 3997 est
3212 3944 3391 4013 impiis
3424 3958 3444 3996 τ

1868 4052 1887 4085 ‹
1914 4033 2107 4089 Nescio
2135 4049 2245 4097 vos,
2280 4055 2298 4086 ι
2334 4035 2385 4088 id
2412 4044 2495 4089 est
2538 4036 2589 4088 in
2625 4036 2865 4089 doctrina
2914 4047 2968 4089 et
2997 4033 3276 4105 disciplina
3319 4052 3436 4089 mea

1864 4140 1971 4180 non
2004 4140 2101 4180 vos
2128 4126 2377 4191 invenio,
2414 4141 2541 4180 non!
2565 4141 2659 4179 vos
2700 4128 2957 4195 approbo.
2998 4125 3205 4180 Rursus
3228 4126 3270 4179 si
3300 4127 3442 4181 seire

1864 4217 1958 4271 Dei
1983 4228 2069 4272 est
2094 4217 2228 4272 alios
2253 4218 2487 4273 scientes
2526 4217 2722 4281 facere,
2754 4218 2962 4271 nescire
3026 4218 3167 4271 illius
3195 4226 3277 4270 est
3308 4216 3440 4271 alios

1864 4308 2069 4364 utiliter
2114 4310 2419 4363 nescientes
2461 4308 2661 4362 facere.
2716 4308 2781 4361 Et
2825 4309 2947 4362 ideo
2991 4309 3178 4362 beatus
3227 4307 3438 4361 Marcus

1863 4403 1994 4457 dicit
2036 4400 2231 4456 Filium
2282 4402 2513 4463 nescire,
2560 4399 2687 4467 quia
2731 4400 2843 4468 ipse
2892 4398 3096 4452 utiliter
3148 4398 3436 4452 facitallos

1862 4492 2072 4547 nescire
2094 4490 2233 4543 diem
2260 4490 2446 4557 judicii
2469 4528 2484 4554 ,
2531 4490 2673 4558 quod
2714 4504 2817 4542 non
2866 4489 3083 4557 prode“
3119 4488 3224 4543 illis
3253 4491 3392 4543 seire
3420 4504 3435 4556 ;

1864 4584 1907 4637 si
1932 4583 2075 4637 enim
2120 4583 2279 4636 homo
2302 4581 2445 4636 diem
2472 4581 2660 4652 judieii
2681 4620 2696 4645 ,
2746 4580 2829 4635 vel
2856 4582 2995 4633 diem
3019 4582 3210 4636 mortis
3239 4596 3436 4651 cogno-

182 4658 445 4753 q'uamﬁm
466 4658 607 4755 ξιφω
640 4658 1003 4757 super-omnes
1028 4695 1234 4743 montes
1249 4658 1512 4754 εχετξνῑι,
1539 4658 1762 4759 quinae;
1787 4658 1840 4719 D
1867 4680 2063 4737 sceret,
2096 4670 2239 4725 aliud
2265 4680 2473 4739 tempus
2500 4672 2784 4739 deputaret
2808 4670 3194 4740 voluptatibus,
3222 4680 3278 4726 et
3297 4672 3439 4725 aliud

182 4778 286 4833 cim
308 4773 514 4832 scilicet
542 4776 757 4843 cubitis;
784 4787 989 4833 tantum
1013 4780 1207 4852 quippe
1222 4779 1417 4836 coelum
1441 4791 1494 4837 et
1518 4789 1658 4837 terra
1682 4800 1763 4838 ar-

182 4868 667 4940 debunt,quantum
684 4879 863 4925 nostra
880 4871 1077 4928 malitia
1091 4873 1423 4944 coinquinari
1451 4882 1758 4947 potuerunt.

182 4956 537 5026 Quaerendum
567 4976 709 5015 nunc
730 4970 811 5016 est
840 4977 1005 5032 quare
1040 4962 1298 5020 Dominus
1322 4964 1454 5019 dicit
1506 4983 1523 5016 ι
1551 4963 1757 5021 Caelum

181 5062 236 5107 et
257 5062 400 5108 terra
426 5054 750 5121 transibunt,
772 5070 789 5105 ι
808 5070 928 5110 cum
944 5054 1298 5112 Ecclesiastes
1318 5056 1461 5111 dicat
1488 5075 1502 5111 :
1537 5076 1554 5108 ι
1578 5054 1752 5113 Gene-

181 5142 320 5197 ratio
354 5141 526 5211 vadit,
555 5152 611 5199 et
647 5145 921 5217 generatio
964 5147 1235 5216 pmterit,
1267 5155 1414 5203 terra
1462 5156 1641 5203 autem
1697 5148 1753 5202 in

181 5241 441 5288 teternum
459 5242 585 5291 stat.
611 5254 630 5289 ι
650 5233 707 5290 Si
732 5244 871 5293 terra
896 5236 948 5290 in
970 5244 1231 5292 aeternum
1260 5246 1389 5306 stat,
1419 5254 1548 5312 ergo
1567 5248 1622 5294 et
1641 5255 1753 5296 cm-

182 5321 328 5391 lum;
364 5322 490 5381 etsi
523 5325 719 5381 coelum
745 5336 797 5381 et
838 5335 981 5381 terra
1018 5327 1070 5381 in
1112 5337 1373 5383 aeternum
1416 5338 1590 5395 stant,
1619 5345 1756 5402 quo-

182 5413 344 5469 modo
369 5414 706 5473 transibunt?
752 5414 855 5472 Sed
883 5417 1165 5472 sciendum
1194 5426 1276 5473 est
1299 5419 1424 5488 quia
1455 5420 1760 5476 transibunt

181 5520 280 5578 per
301 5503 729 5561 meliorationem
754 5515 809 5562 et
832 5508 1255 5575 renovationem,
1266 5506 1421 5577 juxta
1450 5509 1578 5564 illud
1605 5509 1763 5567 Joan-

182 5596 305 5653 nis;
338 5614 356 5648 ι
392 5594 510 5652 Erit
537 5596 735 5653 ecelum
771 5614 969 5653 novum
1001 5606 1054 5655 et
1098 5609 1240 5655 terra
1265 5614 1442 5665 nova;
1478 5618 1496 5653 ι
1530 5604 1624 5656 sed
1655 5616 1759 5658 non

184 5691 491 5748 transibunt
538 5708 634 5764 per
681 5693 1057 5760 abolitionem,
1104 5694 1627 5764 transibuntquippe
1664 5707 1762 5764 per

186 5783 645 5856 imaginationem,
677 5794 731 5841 et
753 5787 983 5857 speciem
1005 5801 1165 5857 quam
1192 5803 1335 5843 nunc
1366 5788 1589 5853 habent,
1618 5787 1760 5856 quod

187 5878 495 5936 manifestat
512 5880 799 5952 Apostolus
812 5899 931 5937 cum
945 5880 1103 5937 dicit:
1134 5901 1153 5935 ι
1176 5881 1414 5953 ντωιθτίι
1436 5882 1576 5937 enim
1593 5880 1761 5953 figura

1868 4765 2224 4837 pmnitentiaa;
2257 4764 2426 4819 voluit
2444 4764 2639 4834 quippe
2660 4762 2920 4818 Dominus
2946 4765 3085 4819 diem
3109 4766 3295 4835 judicii
3320 4781 3437 4819 om-

1867 4860 2024 4914 nibus
2037 4857 2458 4919 esseoccultum,
2486 4866 2750 4925 quatenus
2777 4870 2989 4925 semper
3017 4859 3089 4911 sit
3118 4868 3432 4926 suspectus;

1866 4952 2034 5007 voluit
2061 4965 2181 5007 esse
2211 4952 2469 5019 ignotum,
2524 4957 2582 5002 ut.
2626 4963 2814 5003 omnes
2871 4950 2977 5003 sint
3010 4950 3180 5017 parati
3218 4960 3271 5003 et
3314 4965 3435 5017 pera

1857 5047 2064 5120 vigiles.
2126 5046 2319 5101 Beatus
2370 5057 2500 5098 vero
2559 5042 2842 5097 Matthzcus
2903 5042 3024 5097 ideo
3082 5042 3211 5097 dicit
3264 5046 3437 5096 solum

1858 5139 2073 5196 Patrem
2102 5139 2261 5203 scire,
2308 5135 2435 5206 quia
2488 5136 2709 5191 nomine
2746 5134 2923 5189 Patris
2978 5133 3092 5187 vult
3136 5132 3354 5203 intelligi
3384 5141 3440 5187 et
3502 5161 3509 5167 -

1860 5231 2078 5299 Filium,
2138 5251 2155 5283 ι
2181 5230 2433 5301 quoniam
2486 5229 2600 5298 ipse
2640 5228 2694 5283 in
2738 5228 2914 5289 Patre,
2946 5235 3002 5279 et
3040 5226 3203 5280 Pater
3222 5225 3276 5279 in
3304 5224 3439 5280 Filio

1864 5331 1978 5388 est;
2012 5342 2029 5373 ›
2077 5333 2131 5377 et
2162 5319 2324 5375 Pater
2349 5319 2454 5375 dici
2501 5336 2607 5374 non
2650 5327 2830 5388 potest
2859 5317 2963 5372 nisi
2998 5316 3195 5370 habeat
3218 5314 3437 5381 Filium,

1865 5428 2041 5486 neque
2083 5412 2255 5469 Filius
2302 5413 2406 5469 nisi
2452 5413 2644 5467 habeat
2685 5411 2921 5464 Patrem.
2984 5408 3118 5475 Quia
3164 5422 3297 5479 ergo
3335 5424 3439 5462 una

1865 5509 2164 5566 substantia
2212 5508 2390 5563 Patris
2419 5518 2472 5562 et
2518 5505 2674 5571 Filii,
2709 5505 2909 5559 idcirco
2952 5504 3093 5574 quod
3138 5504 3241 5558 scit
3283 5504 3442 5559 Pater

1867 5603 1969 5659 scit
1993 5600 2232 5672 profecto
2271 5608 2326 5654 et
2364 5596 2553 5662 Filius,
2582 5604 2638 5651 et
2676 5596 2815 5664 quod
2854 5595 3025 5650 nescit
3052 5592 3235 5659 Pater,
3266 5594 3441 5650 nescit

1868 5705 1921 5750 et
1943 5695 2129 5750 Filius.
2168 5711 2186 5745 t
2218 5693 2373 5747 Sicut
2426 5699 2605 5743 autem
2638 5688 2690 5742 in
2735 5688 2925 5743 diebus
2966 5687 3099 5754 Noe,
3148 5688 3220 5742 ita
3254 5688 3361 5743 erit
3387 5695 3443 5743 et

1868 5787 2131 5842 adventus
2159 5781 2280 5837 Filii
2312 5779 2562 5836 hominis.
2597 5798 2615 5831 ι
2653 5777 2841 5833 Subito
2872 5778 3135 5834 adventus
3180 5777 3264 5833 sui
3297 5777 3441 5832 diem

1871 5878 2129 5934 Dominus
2162 5873 2387 5930 diversis
2418 5870 2740 5927 testimoniis
2776 5870 3132 5927 confirmavit.
3185 5870 3442 5941 Superius

3260 496 3269 506 ,
3354 444 3456 499 870
3588 530 3591 531 ν
