4038 6424
560 495 661 551 871

1165 491 1421 550 REMIGII
1459 489 2112 548 ANTISSIODORENSIS
2149 484 2301 546 OPP.
2342 485 2520 544 PARS
2557 486 2620 543 ll.
2663 516 2734 528 —
2761 485 3260 542 MISCELLANEA.

3709 484 3816 544 872

573 605 900 679 comparavit
941 605 1089 661 illum
1129 606 1325 676 fulguri
1370 607 1696 672 coruscanti,
1751 616 1806 662 et
1830 607 1937 661 cito
1964 614 2142 660 trans-
2167 609 2217 665 Α
2245 608 2508 664 strantur,
2535 599 2588 654 in
2614 599 2698 654 bis
2727 614 2960 668 namque
2981 597 3264 653 ordinibus
3290 604 3414 651 sunt
3440 595 3593 661 boni,
3615 604 3746 651 sunt
3769 607 3824 650 et

561 699 793 765 volanti;
820 714 962 755 nunc
984 709 1162 755 autem
1192 701 1494 771 aequiparat
1520 701 1666 754 illum
1697 701 1886 755 diebus
1918 697 2028 752 Noe
2052 696 2138 752 vel

565 791 702 848 Loth
721 831 737 856 ,
765 790 904 845 sicut
924 790 1061 845 alter
1078 789 1407 860 evangelista
1434 791 1567 846 dicit
1590 791 1860 861 quomodo
1887 788 2139 844 omnibus

569 881 883 937 mortalibus
914 881 1224 952 repentinus
1248 883 1566 951 supervenit
1605 882 1876 937 interitus.
1918 880 1986 934 Et
2014 880 2140 949 quia

568 979 816 1042 poterant
855 971 969 1026 haec
1012 971 1174 1026 verba
1224 971 1434 1026 Domini
1485 971 1855 1042 multipliciter
1916 970 2140 1040 intelligi

569 1069 626 1116 et
649 1061 797 1117 varie
827 1061 1057 1127 discuti,
1106 1059 1307 1116 idcirco
1347 1061 1607 1118 Dominus
1654 1078 1751 1132 per
1789 1061 2143 1132 semetipsum

569 1154 816 1223 exposuit
839 1155 1062 1210 dicens:
1096 1153 1247 1209 Sicut
1271 1164 1428 1210 erant
1455 1155 1701 1210 homines
1727 1164 1852 1210 ante
1884 1154 2143 1210 diluvium

570 1245 914 1301 comedentes
937 1255 992 1300 et
1014 1244 1282 1310 bibentes,
1315 1245 1576 1300 nubentes
1597 1253 1651 1299 et
1677 1253 1900 1316 nuptum
1929 1245 2147 1299 trahen-

573 1345 674 1394 tes.
715 1339 867 1406 Quod
892 1348 1068 1395 autem
1097 1339 1293 1394 dicitur
1326 1338 1648 1393 comedentes
1685 1347 1732 1392 et
1763 1337 2010 1402 bibentes,
2039 1352 2145 1392 non

566 1429 718 1502 juxta
766 1429 1142 1499 impiissimum
1173 1432 1364 1498 dogma
1395 1428 1715 1495 Marcionis,
1745 1436 1802 1483 et
1842 1427 2145 1493 Manicbzri,

573 1533 735 1593 atque
759 1523 968 1577 Tatiani
993 1523 1244 1577 alimenta
1276 1521 1720 1586 condemnantur,
1747 1537 1922 1591 neque
1948 1521 2144 1576 bonum

576 1610 838 1682 coniugii,
869 1628 1096 1682 quorum
1123 1611 1349 1666 alterum
1378 1612 1644 1668 concessit
1687 1612 1828 1666 Deus
1862 1611 1926 1665 ad
1953 1626 2147 1681 propa-

575 1705 803 1774 gandam
833 1702 1094 1771 sobolem,
1146 1703 1374 1758 alterum
1417 1718 1546 1758 vero
1584 1702 1651 1757 ad
1698 1702 2146 1758 sustentationem

581 1794 740 1864 huius
766 1793 920 1861 vitae;
951 1795 1044 1850 sed
1073 1795 1196 1864 quia
1226 1793 1514 1864 Apostolus
1543 1792 1672 1849 dicit
1699 1811 1713 1848 :
1753 1811 1772 1844 ‹
1801 1793 1991 1848 Omnia
2015 1792 2146 1846 mihi

578 1884 780 1949 licent,
829 1885 922 1940 sed
952 1899 1058 1939 non
1105 1885 1285 1940 omnia
1333 1884 1644 1955 expediunt,
1675 1902 1695 1937 ι
1745 1883 1940 1956 quibus
1965 1883 2146 1939 verbis

2242 695 2393 760 mali,
2445 702 2573 748 sunt
2596 691 2727 761 justi
2757 701 2811 746 et
2854 691 3062 760 iniusti.
3116 690 3255 746 Sunt
3291 691 3434 747 enim
3478 689 3699 761 plurimi
3728 691 3823 761 qui

2243 801 2341 857 pro
2367 785 2550 840 divino
2576 799 2760 840 amore
2789 792 2842 838 et
2878 782 3117 839 ctrlestis
3152 782 3342 853 patriae
3386 781 3824 838 remuneratione

2246 879 2301 933 in
2329 895 2457 950 agro
2502 887 2703 934 sancta:
2742 876 2998 933 Ecclesia:
3032 876 3314 931 laborant:
3346 876 3400 931 hi
3450 875 3710 931 nimirum
3748 892 3826 930 as-

2247 981 2530 1025 sumentur
2562 970 2628 1024 ad
2661 969 2855 1039 gaudia
2885 978 3104 1023 aeterna:
3141 966 3520 1032 beatitudinis;
3548 975 3605 1021 et
3630 975 3758 1021 sunt
3791 983 3821 1021 e

2245 1061 2522 1118 contrario
2570 1062 2658 1132 qui
2712 1078 2812 1133 pro
2858 1062 3090 1117 terrenis
3143 1060 3312 1118 lucris
3359 1069 3416 1118 et
3466 1060 3828 1118 saecularibus

2247 1162 2480 1234 negotiis
2507 1161 2792 1227 laborant,
2822 1160 2876 1215 hi
2914 1160 3062 1216 enim
3108 1159 3482 1229 relinquentur
3512 1157 3578 1212 ad
3610 1172 3828 1228 paamm

2245 1264 2460 1309 :eternae
2488 1252 2871 1309 damnationis.
2913 1252 3178 1308 Similiter
3199 1261 3331 1307 sunt
3349 1251 3403 1305 in
3427 1249 3622 1306 ordine
3655 1250 3831 1304 conti-

2247 1346 2489 1401 nentium
2519 1344 2609 1414 qui
2653 1343 2967 1414 pudicitiam
3018 1343 3199 1399 cordis
3228 1351 3282 1398 et
3326 1342 3572 1413 corporis
3603 1357 3704 1411 pro
3753 1342 3832 1394 di-

2247 1436 2374 1490 vino
2401 1449 2585 1489 amore
2627 1449 2846 1489 servare
2875 1434 3114 1498 student,
3153 1432 3353 1503 quique
3377 1431 3516 1488 bene
3537 1431 3832 1502 designari-

2248 1534 2337 1580 tur
2361 1540 2458 1595 per
2507 1524 2743 1595 virgines
2771 1523 3065 1594 prudentes
3089 1564 3104 1590 ,
3150 1523 3225 1578 illi
3251 1523 3448 1594 quippe
3482 1531 3834 1578 assumentur

2249 1618 2315 1672 ad
2365 1631 2587 1688 regnum
2625 1623 2896 1687 perpetua:
2940 1613 3324 1680 beatitudinis;
3371 1624 3427 1668 et
3475 1629 3506 1668 e
3546 1612 3834 1668 contrario

2249 1716 2376 1762 sunt
2423 1706 2510 1761 alii
2542 1705 2635 1777 qui
2685 1705 3053 1776 integritatem
3101 1703 3278 1759 cordis
3330 1710 3386 1758 et
3437 1702 3684 1771 corporis
3737 1717 3835 1772 pro

2250 1800 2487 1855 humano
2533 1797 2718 1852 favore
2762 1804 3014 1860 servant,
3061 1794 3337 1865 quietiam
3373 1793 3600 1864 pulchre
3625 1808 3723 1862 per
3758 1791 3840 1845 fa-

2253 1897 2372 1943 tuas
2401 1886 2637 1958 virgines
2663 1885 3038 1955 designantur,
3080 1883 3168 1938 isti
3197 1899 3431 1953 namque
3458 1882 3838 1952 relinquentur:-

579 1977 965 2034 immoderatus
1013 1993 1144 2034 usus
1193 1986 1251 2033 et
1297 1978 1566 2049 appetitus
1606 1992 1792 2033 eorum
1836 1991 1958 2048 qua:
2002 1975 2150 2030 licita
2182 1968 2226 2027 Β
2255 1979 2321 2033 ad
2351 1987 2567 2033 aeterna:
2598 1976 2962 2032 damnationis
3005 1990 3242 2046 poenam.
3300 1974 3437 2030 Sunt
3487 1983 3542 2029 et
3586 1974 3838 2030 nonnulli

581 2079 708 2126 sunt
737 2070 1148 2140 reprehenditur
1193 2080 1246 2126 et
1270 2070 1676 2126 condemnatur.
1713 2067 1831 2124 Non
1861 2067 2005 2124 enim
2029 2068 2152 2123 ideo

582 2161 858 2232 perierunt
902 2161 1028 2231 quia
1077 2162 1194 2216 inec
1239 2162 1504 2232 agebant,
1546 2160 1640 2216 sed
1665 2159 1790 2231 quia
1814 2159 1899 2215 his
1926 2173 1985 2214 se
2012 2168 2152 2214 totos

583 2250 970 2316 subdiderunt,
1021 2258 1076 2304 et
1103 2258 1322 2320 propter
1361 2250 1476 2305 haec
1500 2248 1592 2304 Dei
1628 2246 1888 2317 judicium
1915 2254 2152 2302 contem-

581 2349 807 2411 pserunt
830 2348 884 2395 et
931 2339 997 2394 ab
1025 2354 1090 2394 co
1117 2347 1480 2404 recesserunt,
1525 2337 1728 2393 idcirco
1755 2337 1878 2408 quia
1915 2335 2000 2392 vel
2030 2335 2154 2407 igne

586 2429 884 2502 perierunt.
923 2429 1216 2500 Sequitur:
1255 2447 1274 2481 ι
1301 2443 1469 2499 usque
1506 2427 1573 2484 ad
1603 2443 1726 2484 eum
1755 2428 1894 2483 diem
1923 2442 2030 2498 quo
2073 2427 2154 2481 in-

585 2521 746 2576 travit
791 2520 843 2575 in
890 2535 1072 2576 arcam
1113 2519 1246 2576 Noe.
1295 2539 1316 2574 ι
1370 2517 1480 2574 Noe
1519 2518 1902 2589 interpretatur
1933 2517 2151 2588 requies,

585 2622 747 2684 atque
784 2627 848 2668 ea
890 2612 1158 2684 signiﬁcat
1199 2609 1506 2678 Christum;
1553 2625 1678 2665 arca
1725 2625 1850 2666 vero
1888 2609 2157 2680 signiﬁcat

587 2713 828 2760 sanctam
853 2703 1171 2760 Ecclesiam.
1212 2702 1325 2758 Noe
1347 2717 1531 2758 arcam
1564 2701 1816 2767 fabricat,
1840 2701 1964 2770 quia
1999 2699 2156 2756 Chri-

588 2803 704 2850 stus
727 2793 954 2850 diversis
1000 2793 1286 2860 ﬁdelibus,
1333 2802 1590 2864 tanquam
1633 2792 1700 2848 de
1724 2792 1972 2864 levigatis
1996 2791 2154 2863 lignis

584 2894 828 2942 sanctam
858 2887 1124 2942 construit
1163 2884 1478 2941 Ecclesiam.
1531 2883 1776 2941 Perfecte
1818 2898 2032 2954 quoque
2067 2899 2158 2938 ar-

585 2992 702 3034 cam
729 2987 1155 3034 consummatam
1193 2975 1306 3033 Noe
1335 2977 1596 3043 intrabit,
1640 2977 1764 3046 quia
1812 2975 2062 3031 Christus
2101 2975 2156 3030 in

587 3075 673 3132 die
699 3075 882 3146 iudicii
906 3074 1168 3144 completo
1193 3073 1490 3129 electorum
1517 3086 1746 3127 numero
1774 3081 2019 3126 sanctam
2052 3069 2158 3124 Ec-

586 3167 808 3224 clesiam
841 3166 1126 3238 praesentia
1166 3181 1277 3222 suae
1326 3164 1548 3219 visionis
1593 3162 1901 3220 illustrabit.
1947 3161 2159 3230 Quous-

583 3276 688 3332 que
717 3275 844 3316 arca
870 3257 1165 3315 fabricatur
1190 3257 1340 3329 impii
1363 3257 1727 3323 luxuriantur,
1751 3264 1806 3312 et
1829 3255 1987 3312 bonis
2021 3263 2156 3310 tem-

583 3327 856 3424 poralibus
899 3351 1168 3418 laetantur,
1229 3327 1384 3420 iuxta
1429 3350 1560 3406 illud
1609 3349 1956 3406 Salomonis:
1989 3366 2008 3401 ι
2039 3327 2226 3403 Lae-C

587 3453 766 3499 tantur
813 3459 934 3498 cum
980 3441 1119 3497 male
1167 3439 1439 3507 fecerint,
1488 3449 1544 3497 et
1580 3440 1852 3496 exsultant
1897 3439 1952 3494 in
1991 3437 2156 3494 rebus

585 3535 864 3606 pessimis;
893 3553 915 3587 ι
944 3534 1039 3590 sed
1065 3532 1302 3605 perfecte
1321 3542 1691 3589 consummata
1713 3548 1839 3588 arca
1863 3531 2010 3602 impii
2031 3545 2158 3601 per-

585 3627 756 3682 ibunt.
809 3625 1086 3698 Signiﬁcat
1132 3633 1310 3682 autem
1347 3626 1474 3696 quia
1521 3625 1612 3695 qui
1653 3625 1742 3680 hic
1787 3624 2158 3679 laborantibus

585 3729 638 3774 et
664 3718 1067 3774 decertantibus
1090 3717 1293 3774 sanctis
1315 3716 1601 3783 insultant,
1619 3716 1700 3772 eis
1727 3713 1836 3770 illic
1861 3715 2154 3780 coronatis,

585 3811 690 3882 ipsi
713 3827 873 3882 ptena
893 3823 1109 3869 aeterna:
1133 3813 1494 3870 damnationis
1521 3812 1844 3884 plectentur.
1874 3811 2026 3867 Tunc
2050 3811 2157 3865 duo

587 3911 749 3957 erunt
777 3903 832 3958 in
867 3920 1029 3976 agro;
1063 3915 1190 3960 tunc
1215 3905 1464 3962 videlicet
1501 3920 1622 3960 cum
1654 3905 1768 3959 dies
1806 3918 2152 3958 consumma-

590 3993 750 4049 tionis
779 3997 1076 4053 advenerit.
1117 3997 1222 4054 Sed
1252 3998 1344 4069 qui
1367 4006 1491 4053 sunt
1516 3997 1604 4054 isti
1633 3998 1739 4052 duo
1769 3997 1822 4051 in
1849 4012 2000 4068 agro,
2039 3995 2158 4050 duae

588 4084 851 4142 rnolentes
897 4086 951 4141 in
977 4088 1120 4144 mola
1145 4128 1162 4155 ,
1207 4097 1262 4144 et
1302 4091 1406 4144 duo
1448 4089 1503 4143 in
1551 4088 1714 4154 lecto,
1757 4103 1987 4158 quorum
2019 4101 2158 4140 unus

595 4188 921 4248 assumetur,
951 4190 1006 4236 et
1034 4181 1169 4237 alter
1197 4181 1566 4252 relinquetur?
1604 4181 1700 4237 His
1741 4181 1945 4236 scilicet
1976 4179 2156 4236 verbis

590 4275 700 4324 tres
724 4271 942 4326 ordines
967 4279 1167 4327 sancta:
1211 4270 1470 4328 Ecclesiae
1512 4271 1974 4336 demonstrantur,
2020 4285 2162 4339 prae-

587 4361 888 4418 dicatorum
919 4361 1212 4430 videlicet,
1258 4369 1314 4418 et
1354 4361 1747 4418 continentium
1791 4369 1952 4430 atque
1977 4359 2162 4430 conju-

588 4465 866 4529 gatorum,
915 4471 1046 4526 ager
1082 4471 1318 4526 namque
1358 4464 1601 4512 sanctam
1645 4454 1918 4526 signiﬁcat
1966 4452 2158 4509 Eccle-

586 4551 740 4607 siam.
799 4549 940 4621 Ergo
991 4565 1087 4620 per
1136 4549 1271 4605 duos
1314 4548 1370 4604 in
1417 4564 1548 4621 agro
1588 4548 1813 4620 pulchre
1843 4548 2159 4620 designatur

584 4641 720 4696 ordo
747 4641 1181 4710 prmdicatorum,
1210 4640 1406 4710 quibus
1430 4640 1754 4696 commissus
1776 4649 1858 4696 est
1881 4655 2008 4712 ager
2033 4655 2162 4695 san-

587 4742 689 4790 ctae
715 4731 1000 4798 Ecclesia;
1024 4747 1119 4803 per
1143 4731 1277 4788 duos
1317 4731 1373 4787 in
1416 4730 1556 4788 lecto
1585 4734 1718 4788 ordo
1743 4732 2155 4797 continentium,

589 4823 681 4894 qui
706 4823 874 4877 otium
900 4829 955 4877 et
981 4821 1218 4891 quietem
1245 4821 1480 4892 eligunt,
1507 4831 1564 4878 et
1590 4839 1764 4893 neque
1788 4822 1948 4893 hujus
1975 4821 2157 4877 saeculi

585 4916 753 4981 curis,
781 4928 956 4984 neque
986 4912 1216 4968 terrenis
1260 4915 1492 4984 negotiis
1536 4914 1900 4984 implicantur,
1948 4923 2004 4969 et
2032 4913 2158 4969 inde

585 5007 808 5079 pulchre
830 5021 1018 5063 eorum
1042 5006 1257 5076 requies
1283 5006 1501 5062 nomine
1519 5006 1643 5062 lecti
1663 5005 2002 5076 designatur,
2028 5007 2155 5078 quia

587 5101 715 5155 dum
740 5113 773 5154 a
802 5098 947 5156 curis
977 5097 1133 5154 istius
1159 5097 1344 5154 saeculi
1384 5106 1753 5170 segregantur,
1804 5097 1956 5167 quasi
1998 5097 2054 5152 in
2079 5096 2160 5152 le-

584 5197 672 5246 cto
713 5190 1079 5260 requiescunt.
1136 5187 1241 5245 Per
1283 5189 1416 5246 duas
1455 5189 1718 5245 molentes
1756 5189 1810 5243 in
1841 5189 1977 5244 mola
2005 5189 2150 5246 desi-

584 5292 782 5356 gnatur
823 5283 958 5340 ordo
1003 5280 1446 5355 coniugatorum,
1488 5281 1581 5353 qui
1621 5281 1748 5337 dum
1787 5297 1886 5353 per
1913 5280 2154 5337 diversas

583 5391 745 5434 curas
772 5391 914 5432 nunc
937 5375 1004 5431 ad
1032 5375 1192 5443 hanc,
1223 5391 1366 5432 nunc
1394 5376 1460 5431 ad
1487 5375 1631 5430 illam
1658 5373 1968 5440 flectuntur,
1999 5373 2156 5444 quasi

583 5471 780 5526 molam
809 5469 862 5525 in
892 5469 1120 5525 circuitu
1151 5469 1411 5535 trahunt;
1460 5477 1516 5523 et
1541 5467 1668 5538 quia
1697 5467 1800 5522 iste
1827 5468 1960 5523 ordo
2001 5467 2155 5522 inlir-

584 5563 722 5619 mior
749 5571 832 5619 est
855 5563 909 5618 in
934 5561 1177 5618 Ecclesia
1203 5601 1220 5626 ,
1250 5561 1452 5618 ideirco
1481 5559 1703 5632 pulchre
1741 5560 2010 5632 coniugati
2053 5560 2152 5616 sub

581 5653 815 5711 femineo
853 5669 1050 5727 genere
1111 5652 1506 5724 exprimuntur.
1593 5650 1748 5718 Quod
1795 5659 1976 5706 autem
2021 5650 2154 5706 dicit

583 5760 725 5802 unus
751 5755 1080 5812 assumetur,
1107 5755 1164 5801 et
1189 5744 1342 5800 °alter
1370 5743 1726 5814 relinquetur,
1772 5759 1878 5800 non
1909 5744 1982 5799 ita
2010 5745 2154 5800 acci-

582 5836 838 5907 piendum
860 5845 945 5892 est
970 5837 1122 5907 quasi
1153 5836 1221 5892 de
1245 5835 1452 5891 duobus
1480 5835 1792 5916 hominibus
1819 5837 1924 5893 hoc
1946 5837 2151 5892 dictum

582 5927 672 5996 sit,
705 5928 800 5986 sed
845 5929 929 5986 his
957 5930 1136 5985 verbis
1161 5929 1267 5986 duo
1314 5943 1512 5999 genera
1544 5929 1886 5988 aﬁ‘cctionum
1930 5935 2152 5991 demon-

2256 2071 2308 2126 in
2351 2069 2542 2126 ordine
2589 2068 2998 2140 coniugatorum
3046 2067 3140 2138 qui
3184 2075 3449 2138 praecepta
3502 2065 3603 2121 Dei
3649 2079 3837 2122 custo-

2252 2161 2428 2226 diunt,
2473 2170 2637 2230 atque
2664 2175 2728 2214 ea
2773 2156 3067 2229 adimplere
3114 2164 3386 2229 satagunt,
3424 2165 3698 2227 quatenus
3729 2159 3837 2212 Deo

2253 2253 2466 2324 placere
2490 2253 2716 2323 possint.
2754 2251 2820 2306 Hi
2848 2250 3101 2306 nimirum
3130 2257 3476 2305 assumentur
3509 2249 3577 2304 ad
3609 2265 3839 2321 regnum

2257 2355 2472 2400 mternm
2495 2343 2879 2410 beatitudinis;
2904 2352 2960 2397 et
2998 2344 3126 2397 item
3169 2350 3294 2397 sunt
3335 2341 3578 2397 nonnulli
3603 2343 3698 2413 qui
3732 2359 3838 2396 non

2256 2434 2428 2490 solum
2452 2443 2718 2506 prmcepta
2749 2433 2841 2489 Dei
2878 2443 3250 2499 contemnunt,
3279 2434 3373 2490 sed
3397 2435 3561 2488 etiam
3595 2434 3831 2489 diversis

2253 2525 2506 2581 sordibus
2535 2524 2787 2579 vitiorum
2837 2524 3286 2593 coinquinantur,
3319 2523 3408 2578 isti
3445 2524 3722 2594 siquidem
3756 2543 3841 2580 re-

2255 2615 2567 2686 linquentur
2597 2615 2664 2669 ad
2691 2613 3008 2684 supplicium
3039 2624 3309 2684 perpetuae
3341 2613 3734 2671 damnationis.
3776 2615 3836 2668 lli

2256 2706 2422 2761 etiam
2455 2715 2565 2761 tres
2594 2705 2813 2762 ordines
2840 2705 3062 2775 pulchre
3091 2704 3443 2776 designantur
3484 2721 3583 2774 per
3623 2715 3737 2762 tres
3767 2707 3839 2762 vi-

2256 2812 2348 2852 ros
2371 2812 2598 2867 quorum
2627 2797 2872 2852 meminit
2896 2795 3155 2851 Dominus
3175 2796 3313 2866 apud
3348 2796 3694 2853 Ezccliielem
3720 2813 3838 2867 pro-

2254 2888 2475 2959 phetam
2502 2887 2724 2943 dicens:
2765 2906 2782 2938 ι
2814 2887 2950 2942 Vivo
2977 2902 3098 2958 ego,
3130 2886 3258 2942 dicit
3294 2887 3556 2944 Dominus
3589 2931 3602 2952 ,
3627 2891 3754 2958 quia
3795 2892 3838 2945 si

2257 2986 2456 3042 fuerint
2492 2996 2597 3042 tres
2625 2986 2724 3041 viri
2749 2985 2883 3057 justi
2924 2985 2977 3040 in
3023 2984 3200 3042 medio
3223 3000 3430 3052 eorum,
3478 2986 3532 3041 id
3582 2999 3671 3042 est
3709 2987 3838 3052 Noe,

2258 3080 2447 3135 Daniel
2470 3089 2525 3135 et
2545 3079 2664 3147 Job,
2689 3094 2795 3134 non
2821 3078 3127 3134 liberabunt
3150 3077 3288 3133 ﬁlios
3317 3093 3443 3134 suos
3469 3094 3653 3150 neque
3677 3079 3834 3144 ﬁlias,

2259 3172 2354 3228 sed
2400 3172 2501 3243 ipsi
2551 3171 2651 3228 soli
2694 3171 3002 3228 liberabunt
3045 3171 3255 3226 animas
3289 3187 3434 3226 suas.
3466 3189 3486 3224 ι
3532 3170 3654 3227 Noe
3696 3172 3842 3228 enim

2261 3280 2442 3319 arcam
2476 3263 2616 3319 rexit
2661 3263 2714 3318 in
2745 3263 2924 3330 undis,
2957 3263 3095 3318 unde
3132 3262 3354 3334 pulchre
3400 3263 3679 3334 signiﬁcat
3705 3264 3846 3318 ordi-

2256 3376 2380 3416 nem
2409 3360 2837 3430 praadicatorum,
2855 3358 2947 3428 qui
2977 3359 3117 3414 inter
3141 3358 3331 3413 fluctus
3355 3357 3517 3427 hujus
3545 3359 3678 3413 vitae
3702 3376 3839 3429 pra:-

2257 3451 2428 3508 sentis
2459 3461 2702 3506 sanctam
2730 3448 3027 3505 Ecclesiam
3065 3458 3278 3520 regunt.
3319 3448 3507 3505 Daniel
3540 3465 3676 3505 vero
3705 3452 3846 3505 celi-

2255 3548 2378 3603 bem
2421 3545 2584 3600 vitam
2623 3544 2824 3616 elegit,
2874 3541 2927 3598 id
2957 3551 3040 3598 est
3083 3551 3327 3598 terrenas
3351 3543 3572 3612 nuptias
3602 3554 3850 3599 contem-

2256 3638 2382 3708 psit,
2409 3646 2464 3692 et
2492 3650 2706 3706 semper
2743 3635 2798 3688 in
2841 3632 2961 3688 aula
2996 3634 3137 3703 regis
3165 3637 3446 3688 continens
3471 3631 3606 3698 fuit;
3641 3642 3698 3687 et
3727 3634 3848 3688 ideo

2255 3726 2395 3781 bene
2423 3740 2520 3796 per
2566 3723 2715 3778 illum
2744 3723 2877 3778 ordo
2919 3722 3313 3778 continentium
3364 3721 3705 3791 designatur.
3745 3717 3846 3774 Job

2258 3827 2436 3872 autem
2460 3818 2649 3872 habuit
2669 3833 2912 3884 uxorem,
2939 3815 3081 3872 ﬁlios
3107 3825 3163 3870 et
3189 3814 3356 3882 ﬁlias;
3379 3813 3503 3870 ideo
3530 3825 3724 3886 aperte
3750 3829 3848 3884 per

2259 3907 2406 3964 illum
2431 3909 2742 3979 designatur
2767 3907 2900 3963 ordo
2919 3905 3355 3976 coniugatorum;
3395 3905 3538 3975 quod
3581 3905 3693 3959 illic
3718 3905 3849 3958 dicit

2259 4013 2365 4053 non
2394 3997 2697 4052 liberabunt
2729 3996 2886 4064 ﬁlios,
2937 4011 3112 4067 neque
3140 3995 3296 4062 ﬁlias,
3340 3996 3443 4051 hoc
3472 4004 3557 4052 est
3583 3996 3732 4068 quod
3758 3995 3846 4051 hic

2260 4091 2336 4146 ait
2363 4107 2376 4144 :
2416 4105 2555 4146 unus
2579 4098 2907 4156 assumetur,
2929 4097 2984 4144 et
3012 4103 3152 4145 unus
3175 4087 3525 4159 relinquetur.

2851 4202 3138 4260 HOMILIA
3176 4201 3241 4259 ll.

2257 4317 2314 4374 in
2349 4334 2503 4375 ILLUD
2533 4316 2803 4375 Murum
2833 4333 2849 4372 :
2877 4317 3111 4373 Joannes
3133 4331 3253 4371 cum
3274 4315 3504 4371 audisset
3532 4317 3593 4372 in
3622 4317 3844 4372 vinculis

2330 4407 2486 4516 effera
2508 4388 2739 4515 (iliristi,
2785 4387 2991 4444 mittens
3025 4391 3161 4443 duos
3202 4387 3267 4443 de
3306 4388 3581 4459 discipulis
3627 4392 3744 4444 suis
3773 4391 3844 4467 ait

2330 4480 2348 4516 ι
2392 4479 2456 4516 ιε.
2489 4476 2520 4516 e
2547 4476 2596 4516 c.

2442 4502 2456 4526 ν
2489 4499 2596 4516 νῦν.

2332 4550 2502 4622 Huius
2530 4547 2970 4620 interrogationis
3008 4547 3152 4604 beati
3187 4544 3408 4603 Joannis
3448 4555 3501 4604 et
3523 4549 3842 4619 responsio.

2263 4644 2347 4700 nis
2410 4642 2622 4700 Domini
2675 4643 2840 4697 etiam
2887 4640 3062 4696 Lucas
3133 4637 3458 4710 evangelista
3506 4639 3843 4694 mentionem

2261 4735 2410 4801 facit,
2437 4734 2533 4790 sed
2562 4749 2668 4789 non
2696 4733 2748 4788 in
2776 4732 2964 4789 eodem
3013 4732 3134 4788 loco
3169 4747 3275 4802 quo
3313 4731 3502 4786 beatus
3530 4729 3838 4797 Matthaeus,

2257 4835 2314 4880 et
2343 4825 2461 4880 ideo
2491 4825 2757 4879 incertum
2792 4832 2874 4878 est
2901 4822 3023 4892 quis
3047 4838 3233 4877 eorum
3265 4821 3568 4878 servaverit
3593 4824 3840 4878 ordinem

2259 4919 2339 4974 rei
2363 4925 2546 4990 gestae,
2575 4916 2660 4972 vel
2692 4916 2817 4987 quis
2843 4915 3132 4972 recolendo
3160 4916 3524 4986 descripserit.
3561 4914 3670 4971 Sed
3702 4933 3843 4987 qua:-

2257 5009 2486 5062 rendum
2527 5015 2612 5062 est
2654 5021 2825 5076 quare
2873 5005 3110 5062 Joannes
3161 5005 3394 5078 Baptista
3445 5007 3748 5077 propheta,
3786 5016 3844 5063 et

2257 5097 2546 5169 plusquam
2579 5099 2864 5168 propheta,
2895 5099 3103 5168 positus
3136 5097 3288 5170 juxta
3337 5098 3536 5154 fluenta
3564 5098 3836 5164 Jordanis,

2262 5189 2627 5245 testimonium
2649 5187 2924 5260 perhibuit
2944 5188 3169 5244 Domino
3192 5189 3408 5246 dicens:
3443 5209 3462 5241 ‹
3493 5189 3634 5246 Ecce
3653 5192 3842 5262 Agnus

2260 5279 2374 5344 Dei,
2409 5294 2536 5336 ecce
2563 5280 2653 5350 qui
2680 5278 2818 5335 tollit
2847 5290 3066 5352 peccata
3095 5280 3300 5334 mundi.
3332 5299 3351 5332 ι
3380 5279 3448 5335 Ει
3477 5279 3640 5335 item:
3671 5300 3690 5333 ι
3716 5282 3844 5336 Post

2261 5387 2350 5428 me
2370 5371 2519 5429 venit
2559 5370 2663 5437 vir,
2700 5372 2790 5442 qui
2827 5383 2953 5428 ante
2981 5387 3066 5428 me
3093 5373 3268 5429 factus
3296 5379 3415 5428 est:
3448 5390 3468 5425 ι
3504 5381 3561 5428 et
3587 5374 3795 5442 pariter
3823 5391 3838 5426 :

2267 5481 2286 5516 ι
2316 5465 2406 5534 qui
2437 5463 2602 5520 habet
2631 5475 2882 5534 sponsam
2911 5479 3140 5534 sponsus
3167 5473 3270 5520 est.
3301 5483 3322 5516 ι
3377 5463 3444 5518 Et
3468 5473 3529 5519 ut
3551 5480 3707 5521 suam
3731 5466 3838 5519 hu-

2262 5556 2542 5614 militatem
2569 5565 2624 5614 et
2671 5557 2790 5627 eius
2814 5557 3186 5614 excellentiam
3225 5558 3668 5624 demonstraret,
3711 5558 3838 5613 alibi

2259 5654 2388 5710 dicit
2423 5671 2438 5709 :
2483 5673 2502 5706 ι
2536 5653 2637 5721 Qui
2671 5653 2739 5709 de
2776 5663 2924 5710 terra
2960 5663 3084 5721 est,
3141 5654 3208 5709 de
3259 5661 3400 5708 terra
3445 5650 3708 5722 loquitur,
3746 5651 3839 5721 qui

2257 5755 2436 5802 autem
2469 5745 2534 5800 de
2561 5745 2700 5801 ctelo
2723 5747 2870 5800 venit
2895 5761 3055 5816 super
3081 5761 3270 5801 omnes
3293 5754 3393 5800 est.
3432 5762 3452 5796 ι
3484 5743 3686 5799 Postea
3711 5759 3839 5798 vero

2256 5838 2465 5907 positus
2492 5838 2546 5891 in
2582 5853 2803 5893 carcere
2847 5838 2997 5893 misit
3030 5836 3321 5909 discipulos
3355 5852 3484 5893 suos
3531 5837 3600 5892 ad
3649 5835 3837 5892 Jesum

2258 5942 2312 5989 et
2357 5930 2745 6002 interrogavit:
2786 5949 2805 5983 ι
2841 5927 2920 5988 Tu
2955 5947 3014 5988 es
3039 5930 3130 6002 qui
3170 5940 3427 5990 venturus
3468 5945 3531 5988 es
3571 5945 3642 5987 an
3672 5929 3836 5986 alium
