3920 5564
678 260 765 278 MA

54 319 161 376 875

1520 314 1846 374 HOMILIE.

3225 321 3331 379 874

56 433 446 503 expectamus“!
479 452 497 487 ι
547 432 798 504 Nunquid
847 432 1130 505 ignorabat
1174 433 1365 489 beatus
1410 430 1645 488 Joannes
1671 428 1914 521 Abuisti
1948 427 2316 486 testimonium
2340 437 2495 488 trans
2519 430 2808 487 Jordanem
2830 432 3087 501 baptizat,
3121 443 3177 490 et
3204 436 3327 506 plu-

60 524 211 579 illum
242 540 359 580 esse
387 526 478 580 Dei
509 525 546 579 F
554 526 723 590 ilium,
756 525 839 578 cui
863 526 1015 594 prius
1058 525 1420 580 testimonium
1464 524 1642 594 perhi-

53 617 285 670 buerat?
314 616 557 672 Profecto
580 633 721 681 non;
753 617 845 670 sed
875 618 1046 685 primo
1073 617 1349 671 sciendum
1371 616 1495 684 quia
1523 614 1642 669 fue-

54 716 180 760 runt
212 706 447 760 nonnulli
479 707 592 776 qui,
621 706 939 774 simpliciter
992 706 1349 775 intelligentes
1387 706 1529 760 hunc
1558 704 1639 759 Io-

60 814 205 861 cum,
239 799 490 852 dixerunt
513 800 655 868 quod
676 814 839 853 causa
863 800 1176 868 ignorantia:
1204 800 1637 870 interrogaverit.

57 889 168 943 Sed
200 891 419 944 omnino
446 906 551 944 non
582 872 735 960 quasi
766 891 1021 961 ignorans
1078 892 1433 963 interrogavit
1477 907 1639 962 quem

54 982 211 1050 prius
252 983 532 1039 confessus
577 984 790 1049 fuerat;
830 1000 933 1038 non
987 985 1130 1039 enim
1180 984 1463 1053 ignorabat
1513 997 1636 1038 eum

53 1078 143 1131 Dei
183 1094 305 1133 esse
328 1080 541 1142 Filium,
562 1081 652 1151 qui
681 1096 868 1135 vocem
898 1079 1072 1133 Patris
1099 1080 1162 1133 de
1182 1079 1318 1133 ccelo
1347 1079 1639 1135 inlonantis

59 1168 356 1222 audierat:
404 1188 423 1220 ι
464 1169 561 1224 llic
615 1179 699 1223 est
744 1170 915 1225 Filius
965 1184 1117 1224 meus
1136 1170 1384 1235 dilectus,
1432 1170 1486 1224 in
1530 1184 1639 1239 quo

62 1256 202 1310 mihi
242 1258 560 1328 complacui,
594 1277 612 1311 ›
648 1267 703 1313 et
731 1276 890 1329 quem
923 1262 977 1315 in
1004 1270 1160 1315 utero
1201 1261 1389 1315 matris
1429 1262 1637 1329 positus

50 1352 311 1419 cognovit
331 1393 345 1418 ,
376 1354 470 1409 sed
502 1354 820 1423 ignorantiae
855 1354 1239 1425 discipulorum
1263 1370 1483 1409 suorum
1510 1370 1638 1410 con-

50 1441 237 1496 sulerc
262 1443 465 1509 voluit;
492 1445 715 1499 timebat
740 1446 882 1500 enim
910 1461 977 1501 ne
1003 1447 1247 1517 discipuli
1272 1447 1640 1504 suisociarent

48 1549 102 1587 se
135 1531 354 1589 Scribis
381 1546 436 1590 et
464 1535 755 1592 Pharisaeis
776 1577 792 1602 ,
821 1547 875 1592 et
902 1538 1095 1593 flerent
1119 1554 1307 1594 eorum
1353 1554 1633 1610 sequaces.

47 1621 259 1678 Idcirco
305 1625 453 1681 misit
501 1642 595 1682 eos
638 1628 705 1682 ad
739 1628 941 1693 Jesum,
976 1639 1035 1684 ut
1066 1629 1194 1684 dum
1232 1630 1333 1685 sibi
1365 1630 1629 1686 videretur

48 1728 298 1781 quaerere
323 1714 423 1785 ipsi
451 1716 753 1785 discerent;
785 1728 840 1774 et
866 1720 991 1774 dum
1033 1721 1281 1776 viderent
1328 1737 1451 1777 eum
1482 1723 1634 1793 signa

1748 535 1835 575 res
1864 521 1930 574 ad
1965 535 2087 575 eum
2114 523 2367 587 veniunt;
2406 541 2425 574 ι
2462 538 2526 576 ac
2569 523 2614 577 si
2649 523 2892 577 dicerent
2921 540 2933 575 :
2972 522 3083 577 Hoc
3124 525 3328 582 malum

1746 619 1804 666 tu
1830 608 2029 675 fecisti,
2056 621 2111 667 et
2139 612 2253 666 haec
2282 627 2444 666 causa
2472 611 2566 667 tibi
2596 611 2909 682 imputanda
2937 623 3041 677 est,
3071 618 3329 682 quoniam

1746 704 1850 760 nisi
1908 713 1960 758 tu
2009 704 2057 758 ei
2116 706 2481 759 testimonium
2525 705 2922 775 perhibuisses,
2981 705 3127 760 nullo
3168 708 3328 762 modo

1746 798 1916 852 turba:
1948 806 1999 852 te
2035 797 2507 867 derelinquerent,
2538 805 2592 851 et
2628 796 2773 850 illum
2827 806 3206 866 sequerentur.
3248 798 3330 853 Ad

1744 888 1859 942 haec
1912 886 2150 942 Joannes
2204 888 2529 957 respondit:
2578 907 2595 938 ι
2634 887 2804 941 Nemo
2848 896 3029 956 potest
3083 888 3330 957 accipere

1748 978 2066 1047 quidquam,
2096 978 2199 1032 nisi
2227 978 2277 1032 ei
2309 978 2491 1033 datum
2530 976 2693 1032 fuerit
2721 978 2979 1046 desuper;
3013 997 3031 1028 ι
3062 988 3117 1031 et
3146 978 3271 1032 item
3308 992 3321 1030 ι

1749 1087 1768 1121 ‹
1809 1069 1957 1123 illum
1990 1078 2202 1139 oportet
2225 1084 2494 1132 crescere,
2523 1084 2608 1123 me
2634 1077 2814 1124 autem
2839 1069 3038 1133 minui;
3072 1089 3089 1121 ι
3123 1080 3174 1125 et
3198 1070 3329 1124 alibi

1743 1160 1876 1215 dicit
1908 1177 1922 1215 :
1960 1177 1979 1210 ‹
2014 1159 2115 1226 Qui
2146 1160 2212 1214 de
2241 1168 2384 1213 terra
2414 1167 2497 1213 est
2523 1159 2589 1213 de
2618 1168 2757 1213 terra
2804 1160 3067 1228 loquitur,
3098 1160 3187 1229 qui
3220 1175 3318 1213 au-

1743 1258 1851 1305 tem
1875 1250 1940 1304 de
1967 1249 2105 1304 crelo
2135 1250 2281 1303 venit
2306 1265 2470 1319 super
2491 1265 2678 1304 omnes
2701 1259 2813 1315 est;
2849 1271 2866 1301 ι
2898 1252 3050 1320 quasi
3081 1251 3321 1306 diceret:

1741 1355 1866 1411 ego,
1894 1341 2020 1410 quia
2066 1340 2131 1395 de
2165 1349 2309 1394 terra
2340 1356 2484 1405 sum,
2516 1342 2634 1395 ideo
2664 1343 2817 1410 quasi
2849 1352 3097 1397 terrenus
3122 1355 3175 1397 ct
3217 1343 3323 1397 fra-

1742 1432 1863 1502 gilis
1890 1432 2050 1486 homo
2068 1431 2288 1500 loquor;
2316 1431 2406 1487 ille
2423 1447 2569 1497 vero,
2599 1432 2689 1501 qui
2720 1434 2784 1487 de
2812 1434 2951 1489 coelo
2966 1437 3129 1499 venit,
3162 1450 3329 1505 super

1739 1536 1928 1576 omnes
1960 1530 2064 1585 est,
2097 1521 2222 1590 quia
2267 1522 2410 1575 Deus
2438 1530 2544 1586 est,
2567 1530 2621 1577 et
2644 1521 2847 1577 idcirco
2874 1524 3013 1578 sicut
3054 1524 3196 1578 Deus
3247 1525 3323 1578 lo-
3392 1518 3397 1523 ’

1743 1611 1944 1680 quitur.
2000 1610 2069 1665 Et
2114 1610 2241 1680 quia
2291 1609 2368 1664 illi
2410 1610 2725 1665 invidebant
2762 1612 3026 1677 Domino,
3064 1614 3333 1669 timuerat

1740 1702 1934 1757 beatus
1951 1700 2186 1757 Joannes
2209 1716 2305 1755 eos
2326 1710 2475 1771 peste
2498 1703 2764 1771 superbia:
2794 1712 2850 1757 et
2871 1704 3180 1760 invidentia;
3207 1720 3332 1775 per-

48 1812 98 1857 ει
135 1784 404 1860 ιηεηριίιρ
451 1784 762 1873 facientem,
793 1810 1077 1867 crederem
1098 1827 1223 1867 eum
1255 1826 1376 1869 esse
1406 1814 1501 1869 Dei
1532 1784 1633 1869 ᾖ,
1663 1784 1715 1845 Β
1744 1793 1841 1848 ire.
1888 1793 2095 1848 Idcirco
2133 1792 2281 1847 misit
2308 1806 2401 1847 eos
2422 1792 2487 1846 ad
2534 1790 2739 1859 Jesum,
2799 1802 2877 1859 ut,
2919 1794 3047 1848 dum
3078 1795 3328 1850 viderent

56 1894 214 1955 lium,
246 1906 299 1951 et
351 1897 403 1952 in
457 1898 604 1955 illum
652 1902 966 1969 crederent,
1002 1912 1057 1958 et
1086 1903 1448 1975 intelligerent
1486 1905 1637 1962 illum

45 1985 220 2039 solum
269 2001 389 2043 esse
436 1990 769 2059 sequendum
811 2001 866 2046 et
906 1992 1253 2059 imitandum,
1309 2010 1472 2066 quem
1522 1998 1639 2068 ipse

46 2075 289 2134 Joannes
319 2081 637 2148 magistrum
663 2085 904 2139 omnium
936 2085 1315 2141 confitebatur.
1348 2087 1489 2142 Dicit
1511 2089 1637 2144 bea-

50 2178 134 2225 tus
161 2171 464 2241 Gregorius
484 2189 617 2245 papa
640 2175 765 2245 quia
786 2175 973 2231 beatus
987 2176 1222 2233 Joannes
1240 2178 1380 2232 aliud
1410 2178 1635 2245 sciebat,

47 2271 93 2315 et
138 2262 292 2317 aliud
342 2265 643 2331 nesciebat;
690 2268 893 2323 sciebat
928 2270 1070 2324 enim
1096 2284 1218 2323 eum
1266 2285 1385 2325 esse
1414 2271 1505 2326 Dei
1543 2271 1637 2326 Fi-

45 2352 198 2416 lium,
233 2361 289 2407 et
321 2354 533 2425 Agnum
565 2356 656 2427 qui
689 2368 914 2413 venerat
942 2360 1128 2415 tollere
1157 2362 1340 2417 mundi
1371 2373 1634 2432 peccata;

47 2455 427 2504 verumtamen
480 2450 755 2507 nesciebat
788 2461 967 2507 utrum
998 2454 1113 2524 ipse
1142 2464 1288 2509 esset
1317 2456 1638 2524 moriturus,

46 2547 94 2592 et
120 2540 194 2593 ad
233 2539 431 2615 inferni
468 2540 700 2597 claustra
724 2544 1103 2610 descensurus,
1134 2555 1193 2600 ut
1216 2547 1339 2601 inde
1361 2548 1642 2603 abstrahe-

46 2638 124 2685 ret
155 2646 290 2687 suos
320 2633 523 2689 electos
551 2635 643 2706 qui
676 2636 913 2692 indebite
942 2638 1354 2705 detinebantur’;
1379 2656 1449 2695 an
1473 2640 1639 2696 alium

46 2739 141 2793 pro
177 2739 237 2780 se
269 2725 532 2794 mitteret,
563 2728 653 2798 qui
682 2744 852 2798 genus
884 2730 1181 2784 humanum
1221 2731 1538 2787 redimeret.
1573 2732 1639 2788 Et

46 2814 167 2869 ideo
228 2816 381 2871 misit
423 2818 713 2889 discipulos
746 2835 871 2876 suos
908 2821 975 2875 ad
1018 2820 1202 2877 Jesum
1230 2830 1288 2877 ut
1322 2836 1419 2894 per
1461 2825 1644 2879 omnia

46 2902 289 2959 ollicium
321 2922 432 2962 sua:
470 2909 852 2979 praecursionis
888 2911 1168 2981 impleret;
1197 2927 1262 2967 ac
1285 2912 1330 2967 si
1358 2913 1563 2968 diceret
1588 2920 1643 2968 et

45 2994 164 3051 aliis
189 2997 377 3053 verbis
400 3013 413 3052 :
433 2997 585 3055 Sicut
606 3002 749 3058 enim
772 3018 870 3073 pro
894 3004 1202 3059 hominibus
1226 3006 1371 3061 nasci
1394 3008 1644 3077 dignatus

44 3099 200 3149 :s,an
226 3088 297 3141 ad
322 3086 517 3145 inferni
540 3092 778 3147 claustra
802 3094 1129 3150 descendere
1143 3097 1381 3167 digneris
1406 3098 1639 3162 insinua,

46 3185 101 3229 ut
128 3178 226 3247 qui
258 3195 563 3249 prmcursor
585 3191 687 3239 ture
708 3185 1006 3241 nativitatis
1032 3188 1237 3249 exstiti,
1264 3189 1456 3244 mortis
1477 3190 1640 3245 etiam

42 3282 356 3335 pnecursor
382 3271 525 3339 fiam,
570 3284 624 3329 et
652 3284 704 3329 te
740 3277 795 3330 in
832 3276 1043 3333 inferno
1066 3279 1307 3333 nuntiem
1334 3291 1640 3345 venturum,

41 3374 207 3427 quem
232 3360 405 3415 etiam
433 3363 487 3417 in
517 3358 775 3421 mundum
808 3370 1021 3424 venisse
1053 3371 1323 3424 nuntiavi.
1358 3370 1509 3427 Unde
1536 3372 1642 3427 Do-

40 3450 234 3504 minus
267 3452 585 3520 requisitus,
616 3458 913 3512 numeratis
941 3474 1050 3513 suae
1084 3460 1299 3514 virtutis
1329 3460 1605 3517 miraculis
1625 3503 1641 3527 ,

40 3544 146 3594 hoc
206 3549 295 3593 est
350 3560 368 3593 Ι
401 3544 527 3598 caeci
557 3544 763 3611 vident,
797 3547 973 3602 claudi
1027 3549 1322 3615 ambulant,
1359 3569 1377 3602 ι
1421 3565 1546 3604 mox
1576 3552 1642 3606 de

44 3631 373 3687 humilitate
404 3649 515 3689 sure
542 3637 731 3691 mortis
761 3639 1039 3707 respondit
1061 3640 1246 3694 dicens
1277 3656 1289 3691 :
1321 3658 1340 3691 ‹
1376 3649 1429 3694 et
1453 3642 1643 3695 beatus

45 3732 135 3775 cst
167 3722 267 3791 qui
300 3738 408 3777 non
456 3723 617 3778 fuerit
658 3727 1054 3782 scandalizatus
1086 3729 1137 3782 in
1173 3745 1289 3793 me;
1330 3749 1347 3779 ι
1391 3730 1473 3784 his
1499 3732 1643 3784 enim

48 3811 252 3867 verbis
298 3812 659 3869 humilitatem
708 3825 763 3869 et
807 3816 1157 3885 ahjectionem
1188 3834 1299 3872 sure
1335 3820 1526 3876 mortis
1554 3822 1647 3875 de-

38 3904 408 3971 monstravit,
455 3906 609 3975 quasi
642 3907 843 3962 diceret
872 3908 989 3963 aliis
1014 3910 1194 3963 verbis
1220 3925 1234 3963 :
1264 3910 1397 3965 Mira
1426 3913 1643 3984 quidem

46 3994 234 4059 facio,
270 3996 365 4049 sed
416 3995 622 4063 abjecta
673 3999 879 4068 perpeti
926 4015 1031 4053 non
1081 4000 1373 4070 dedignor;
1423 4012 1477 4057 et
1524 4004 1644 4065 ideo

40 4086 214 4140 valde
249 4087 546 4142 cavendum
569 4099 650 4143 est
677 4090 982 4143 hominibus
1010 4092 1140 4145 utin
1173 4109 1255 4146 me
1284 4103 1509 4148 mortem
1539 4111 1645 4150 non

40 4179 386 4247 despiciant,
420 4182 511 4250 qui
544 4182 697 4252 signa
728 4193 1076 4238 venerantur.
1116 4184 1263 4240 Visis
1290 4187 1434 4241 enim
1461 4196 1539 4241 tot
1567 4189 1645 4242 si-

39 4273 162 4342 gnis
211 4272 490 4340 tantisque
545 4274 845 4340 miraculis,
896 4291 1001 4329 non
1046 4274 1350 4333 debuerant
1398 4281 1647 4336 homines

39 4362 456 4427 scandalizari,
503 4365 595 4418 sed
652 4365 831 4433 potius
904 4366 1197 4431 admirari;
1257 4369 1350 4423 sed
1402 4369 1646 4425 infideles

42 4471 218 4527 grave
278 4456 593 4509 scandalum
646 4460 698 4509 in
758 4456 904 4510 illum
957 4459 1315 4527 pertulerunt,
1361 4461 1485 4514 dum
1526 4471 1648 4530 post

1745 1901 1868 1941 eum
1901 1886 2052 1956 signa
2078 1896 2239 1954 atque
2263 1885 2521 1939 miracula
2548 1884 2856 1948 facientem,
2892 1888 3174 1943 crederent
3202 1904 3327 1943 eum

1741 1993 1859 2033 esse
1891 1978 1984 2033 Dei
2009 1976 2226 2042 Filium,
2252 1986 2308 2032 et
2326 1976 2441 2045 ejus
2471 1976 2811 2047 discipulatui
2840 1977 3182 2032 inhmrerent.
3215 1979 3324 2034 Do-

1740 2070 1919 2123 minus
1946 2083 2074 2140 ergo
2098 2068 2399 2138 intelligens
2421 2068 2772 2122 intentionem
2791 2068 2931 2121 beati
2959 2066 3184 2123 Joannis
3213 2070 3323 2124 sic-

1739 2167 1800 2213 ut
1821 2159 1983 2223 Deus,
2011 2174 2117 2213 non
2143 2160 2208 2212 ad
2254 2159 2732 2227 interrogationem
2775 2160 3159 2230 discnpulorum
3182 2160 3326 2229 ejus,

1741 2250 1837 2305 sed
1869 2249 1937 2303 ad
1964 2249 2324 2304 intentionem
2354 2249 2525 2319 ipsius
2554 2250 3052 2319 respondit,dicens
3084 2266 3097 2303 :
3130 2269 3147 2301 ι
3180 2251 3323 2306 Eun-

1743 2349 1825 2395 tes
1865 2340 2173 2396 renuntiate
2202 2338 2395 2394 Joanni
2427 2355 2547 2410 qua:
2579 2340 2806 2395 audistis
2834 2349 2889 2394 et
2911 2341 3163 2405 vidistis;
3201 2360 3220 2393 ι
3266 2357 3329 2397 ac

1745 2431 1789 2486 si
1812 2430 2019 2485 diceret
2045 2448 2057 2483 :
2088 2428 2213 2485 Feci
2241 2431 2384 2501 quod
2404 2430 2591 2496 voluit,
2615 2432 2697 2500 egi
2728 2432 2868 2501 quod
2900 2433 3125 2502 rogavit.
3150 2431 3319 2502 Signa

1742 2522 1956 2585 videtis,
1994 2521 2200 2576 credite
2233 2522 2279 2576 si
2309 2521 2493 2577 vultis.
2527 2522 2645 2578 Duo
2684 2524 2826 2577 enim
2863 2525 3039 2581 dixit:
3081 2526 3324 2581 Audistis

1745 2624 1800 2671 et
1848 2614 2085 2681 vidistis;
2117 2630 2351 2684 quorum
2392 2631 2556 2669 unum
2610 2614 2847 2671 refertur
2886 2617 2954 2671 ad
2995 2618 3323 2683 doctrinam,

1744 2707 1971 2763 alterum
2002 2723 2131 2763 vero
2178 2710 2245 2763 ad
2288 2724 2441 2779 opus.
2478 2709 2743 2765 Viderunt
2789 2710 2933 2765 enim
2976 2710 3127 2782 signa
3158 2721 3324 2780 atque

1746 2800 2040 2866 miracula,
2088 2800 2375 2856 audierunt
2428 2800 2729 2856 doctrinam
2762 2801 3088 2871 evangelicae
3116 2802 3326 2871 gratiae.

1747 2888 2019 2959 Pauperes
2071 2888 2305 2960 appellat
2357 2890 2650 2961 discipulos
2704 2907 2849 2957 suos,
2901 2892 3029 2963 quia
3065 2908 3332 2964 pauperes

1746 2991 1902 3037 erant
1946 2983 2158 3053 spiritu,
2207 2984 2260 3038 id
2302 2993 2385 3039 est
2431 2984 2663 3041 humiles
2692 2986 2880 3053 corde,
2914 2986 3029 3042 sive
3059 3001 3327 3057 pauperes

1751 3073 1883 3129 dicit
1914 3074 2098 3140 rebus,
2124 3082 2183 3129 ut
2212 3089 2309 3145 per
2336 3076 2438 3130 hoc
2465 3077 2864 3133 demonstraret
2889 3079 3014 3149 quia
3056 3077 3197 3133 nulla
3246 3078 3332 3132 di-

1669 3152 1715 3216 C
1750 3164 1950 3220 stantia
1978 3175 2061 3221 est
2092 3167 2146 3221 in
2176 3167 2561 3237 praedicatione
2589 3169 2862 3241 Evangelii
2892 3171 3036 3225 inter
3057 3172 3249 3226 divites
3278 3180 3335 3226 et

1752 3272 2039 3327 pauperes.
2070 3257 2205 3313 Cum
2238 3274 2367 3314 vero
2396 3262 2656 3317 Dominus
2679 3262 2807 3317 dicit
2838 3277 2853 3316 :
2891 3282 2909 3313 ι
2943 3263 3010 3317 Ει
3032 3264 3224 3319 beatus
3247 3272 3332 3318 est

1748 3352 1839 3421 qui
1872 3368 1978 3405 non
2013 3350 2175 3406 fuerit
2202 3354 2599 3410 scandalizatus
2636 3355 2687 3409 in
2729 3371 2838 3421 me,
2868 3374 2887 3407 ›
2926 3356 3028 3410 hac
3057 3357 3331 3410 sententia

1748 3441 1893 3510 ipsos
1914 3442 2297 3509 internuntios,
2318 3444 2466 3498 idest
2486 3445 2777 3514 discipulos
2796 3444 3019 3500 Joannis
3042 3449 3329 3514 percussit,

1746 3535 1901 3604 quasi
1933 3544 2180 3604 patenter
2207 3536 2409 3591 diceret
2434 3553 2449 3593 :
2480 3536 2586 3592 Vos
2614 3538 2962 3593 scandalizati
2988 3540 3121 3593 estis
3142 3540 3334 3593 adver-

1750 3641 1868 3681 sum
1897 3640 2002 3691 me,
2035 3627 2130 3681 sed
2162 3628 2304 3682 beati
2335 3642 2454 3682 esse
2481 3643 2585 3682 non
2611 3629 2857 3697 poteritis
2885 3629 2985 3683 nisi
3018 3629 3331 3684 scandalum

1750 3719 2153 3789 deposueritis,
2186 3731 2240 3775 et
2292 3721 2344 3774 in
2411 3737 2499 3776 me
2557 3722 2917 3777 credideritis.
2968 3721 3335 3793 Spiritualiter

1748 3810 1984 3867 Joannes
2016 3813 2228 3868 vinctus
2271 3814 2541 3885 significat
2579 3814 2748 3887 legem
2787 3816 3021 3870 vinctam
3044 3858 3058 3880 ,
3086 3826 3141 3872 et
3179 3819 3334 3887 quasi

1749 3905 2114 3959 carceralibus
2165 3906 2403 3960 tenebris
2457 3906 2759 3961 obstrusam
2805 3923 2903 3977 per
2948 3918 3166 3978 peccata
3212 3910 3330 3977 ple-

1747 3993 1831 4048 bis
1858 4005 1913 4047 ct
1939 3994 2132 4047 malam
2168 3994 2669 4064 interpretationem
2720 3995 3032 4052 Scribarum
3066 4008 3121 4052 et
3142 3997 3337 4053 Phari-

1758 4101 2007 4141 sazorum.
2054 4085 2159 4141 Per
2190 4086 2474 4142 Dominum
2508 4104 2637 4144 vero
2665 4098 2844 4159 potest
2892 4091 3111 4161 intelligi
3160 4093 3336 4161 gratia

1750 4180 2052 4249 Evangelii,
2078 4181 2236 4235 sicuti
2253 4197 2348 4251 per
2368 4180 2631 4237 Joannem
2656 4182 2765 4246 lex,
2790 4184 2913 4251 quia
2942 4185 3080 4237 sicut
3100 4183 3335 4238 Joannes

1751 4271 2030 4341 perhibuit
2056 4273 2422 4327 testimonium
2460 4273 2704 4337 Domino,
2751 4275 2824 4327 ita
2870 4284 2925 4327 et
2952 4273 3035 4327 lex
3064 4275 3337 4343 perhibuit

1754 4364 2118 4418 testimonium
2167 4365 2354 4434 gratiae
2402 4364 2694 4435 Evangelii.
2742 4363 2884 4417 Misit
2928 4380 3057 4431 ergo
3097 4363 3333 4418 Joannes

1754 4458 2016 4527 quosdam
2047 4457 2341 4525 discipulos
2367 4472 2492 4511 suos
2522 4458 2587 4509 ad
2626 4454 2809 4509 Jesum
2831 4498 2843 4517 ,
2886 4456 3010 4525 quia
3054 4456 3135 4509 lex
3186 4456 3337 4511 misit

50 4546 323 4601 niracula
373 4562 497 4599 eum
541 4548 857 4601 morientem
898 4549 1168 4603 viderunt.
1199 4549 1265 4605 Et
1300 4552 1443 4620 quod
1469 4553 1651 4621 passio
1676 4532 1730 4591 Ῑ)
1758 4551 1978 4607 Scribas
2008 4560 2061 4605 et
2089 4551 2393 4605 Phariszeos
2422 4548 2735 4603 dubitantes
2762 4550 2827 4604 de
2858 4550 3089 4604 adventu
3120 4550 3334 4605 Domini

42 4640 237 4694 :rucis
300 4639 615 4692 scandalum
653 4639 759 4694 illis
800 4640 962 4694 fuerit
1005 4642 1291 4711 Apostolus
1344 4644 1653 4701 manifestat

42 4748 173 4787 Tum
222 4730 301 4783 ait
338 4747 350 4781 :
390 4748 407 4779 ι
447 4728 554 4784 Nos
584 4729 943 4800 praedicamus
984 4730 1261 4787 Christum
1307 4736 1648 4801 crucifixum,

42 4820 265 4877 [inlatis
309 4820 530 4889 quidem
584 4821 918 4886 scandalum,
950 4822 1201 4893 gentibus
1251 4831 1430 4878 autem
1475 4823 1652 4878 stulti-

44 4918 215 4969 .iam.
256 4931 273 4961 ι
309 4909 510 4965 Judzeis
539 4911 736 4981 quippe
782 4912 1095 4966 scandalum
1126 4922 1275 4977 erat,
1313 4923 1367 4969 et
1396 4915 1648 4985 gentibus

43 5005 221 5059 valde
262 5000 486 5055 stultum
521 5001 805 5055 videbatur
832 5004 1102 5071 quomodo
1130 5003 1335 5083 Auctor
1361 5006 1485 5060 vita
1507 5006 1647 5060 mori

44 5099 364 5171 potuisset;
396 5097 522 5151 inde
551 5096 699 5149 enim
726 5095 887 5150 homo
915 5096 1093 5164 majus
1124 5099 1433 5155 scandalum
1459 5100 1653 5154 adver-

43 5208 142 5248 sus
202 5187 494 5243 Dominum
544 5185 774 5256 sumpsit
823 5190 964 5241 unde
993 5196 1045 5242 et
1086 5193 1258 5261 magis
1290 5192 1501 5247 debitor
1537 5190 1654 5245 fieri

46 5280 251 5338 'lehuit
280 5301 293 5336 :
323 5281 417 5336 Dei
450 5279 650 5348 quippe
688 5275 857 5333 Filius
888 5287 1034 5335 tanto
1065 5280 1280 5351 dignius
1307 5285 1655 5340 honorandus

46 5384 185 5431 erat
214 5375 280 5429 ab
312 5370 646 5434 hominibus,
682 5379 887 5437 quanto
916 5370 1130 5439 indigna
1163 5377 1401 5445 suscepit
1430 5390 1529 5444 pro
1559 5375 1655 5429 ho-

1757 4643 2075 4709 Salvatoris,
2113 4651 2167 4697 et
2208 4641 2467 4696 Dominus
2504 4641 2659 4710 quasi
2702 4641 2903 4696 eisdem
2942 4642 3219 4711 respondit
3251 4642 3337 4696 di-

1757 4749 1884 4789 cens
1915 4750 1927 4785 :
1967 4751 1985 4783 ε
2016 4733 2219 4787 Euntes
2250 4731 2553 4786 renuntiate
2600 4730 2795 4785 Joanni
2847 4747 2967 4803 qum
3017 4732 3247 4785 audistis
3283 4739 3339 4784 ct

1755 4825 1995 4891 vidistis;
2040 4844 2057 4875 ι
2112 4838 2176 4877 ac
2221 4822 2264 4877 si
2317 4822 2749 4878 diceret:Adest
2798 4834 3009 4893 tempus
3059 4833 3117 4875 ut
3171 4826 3342 4877 adim-

1756 4917 1967 4987 pleatur
2002 4913 2132 4969 illud
2187 4915 2329 4982 quod
2378 4914 2535 4982 longe
2584 4923 2709 4968 ante
2738 4916 2991 4985 pncdixit
3020 4914 3189 4967 Isaias
3217 4930 3339 4984 pro-

1756 5010 1958 5081 pheta:
1996 5025 2015 5059 ι
2044 5006 2186 5061 Ecce
2225 5004 2491 5061 Dominus
2538 5014 2727 5061 noster
2780 5009 2989 5069 veniet,
3032 5014 3086 5057 et
3121 5004 3352 5057 salvabit

1761 5117 1880 5157 nos.
1912 5119 1930 5153 ι
1962 5098 2031 5153 Et
2065 5096 2224 5168 paulo
2253 5107 2378 5167 post
2411 5115 2425 5150 :
2471 5114 2487 5146 ι
2524 5095 2679 5151 Tunc
2710 5104 3039 5173 aperientur
3073 5094 3215 5146 oculi
3255 5109 3357 5147 cre-

1764 5208 1974 5257 corum,
2000 5199 2053 5244 et
2083 5203 2242 5243 aures
2271 5190 2561 5246 surdorum
2593 5190 2905 5257 patebunt;
2933 5198 3055 5241 tunc
3081 5183 3239 5237 saliet
3262 5186 3364 5240 sic-

1767 5296 1827 5341 ut
1855 5297 2047 5341 cervus
2074 5281 2316 5347 claudus,
2362 5289 2417 5336 et
2457 5277 2603 5332 clara
2642 5281 2750 5333 erit
2801 5288 2981 5352 lingua
3008 5280 3302 5327 mutorum.
3347 5291 3363 5322 ι

1770 5378 2069 5449 Sequitur:
2106 5392 2123 5424 ‹
2158 5372 2267 5427 Illis
2304 5383 2489 5429 autem
2521 5368 2888 5439 abeuntibus,
2916 5363 3076 5431 cespit
3101 5358 3261 5416 Jesus
3291 5363 3372 5415 di-

46 5465 329 5521 minibus.
394 5460 542 5515 Dicit
585 5460 781 5515 beatus
827 5460 1185 5533 Hieronymus
1229 5468 1351 5536 quia
1406 5465 1658 5534 discipuli
1769 5487 1894 5526 cere
1922 5466 1989 5522 ad
2015 5463 2197 5518 turbas
2224 5464 2291 5517 de
2323 5464 2574 5520 Joanne:
2609 5458 2751 5523 Quid
2802 5458 2992 5522 existis
3018 5453 3070 5505 in
3103 5449 3380 5564 des‘ertijnn

3007 5554 3161 5564 --.οιΑ-γν-
