4038 6440
573 373 679 431 875

1161 373 1418 460 BEMlGlI
1456 373 2114 433 ANTISSlODORENSlS
2153 375 2305 432 OPP.
2338 376 2516 434 PARS
2553 378 2616 434 ll.
2648 409 2721 421 —
2749 377 3246 438 MISCELLANEA.

3729 381 3842 442 876

572 486 707 554 buit,
734 487 828 544 sed
854 495 1074 560 propter
1095 492 1431 569 supradictas
1459 507 1649 573 causas
1678 491 1822 546 misit
1850 481 2143 561 discipulos
2173 493 2223 553 Α
2253 502 2400 547 creto
2429 493 2621 549 calami
2657 494 2708 548 in
2741 494 2872 549 locis
2913 497 3277 554 humentibus.
3313 517 3327 550 ι
3358 497 3642 572 Significat
3687 518 3835 573 pra:-

573 598 722 648 suos,
759 587 816 638 et’
841 583 1195 654 interrogavit
1222 584 1405 639 dicens
1436 603 1448 638 :
1483 571 1500 635 ξ
1539 583 1616 638 Tu
1665 600 1724 639 es
1769 585 1858 654 qui
1887 593 2147 640 venturus

571 679 663 734 es?
699 699 718 731 ι
764 677 870 734 Sed
909 680 1252 747 quaerendum
1299 688 1382 733 est
1419 694 1587 747 quare
1626 679 1882 732 Dominus
1935 693 2039 732 non
2092 663 2144 732 in

571 773 855 844 prazsentia
881 772 1264 842 discipulorum
1307 773 1502 842 ipsius,
1548 772 1641 828 sed
1683 773 1784 826 iliis
1822 771 2144 828 abeuntibus

569 860 828 921 Joannem
860 864 1109 919 laudibus
1143 863 1377 934 przetulit
1407 882 1421 919 τ
1451 865 1652 919 idcirco
1679 881 1746 920 ne
1786 874 1961 920 tamen
1991 865 2143 920 vide-

570 969 720 1013 retur
760 948 969 1012 laudem
1009 957 1298 1011 humanam
1339 973 1616 1028 qumrcre,
1650 958 1704 1013 id
1750 969 1831 1013 est
1883 968 1940 1013 ut
1985 959 2143 1012 vellet

567 1050 773 1104 laudari
802 1049 869 1102 ab
897 1047 1122 1104 Joanne.
1161 1047 1227 1101 Et
1254 1042 1425 1117 quare
1463 1043 1565 1103 illis
1605 1049 1927 1104 abeuntibus
1957 1031 2147 1104 coram‘

567 1141 737 1195 turbis
765 1140 934 1195 voluit
960 1149 1082 1193 eum
1125 1139 1381 1193 Dominus
1429 1141 1678 1196 laudibus
1717 1141 2004 1210 praeferre?
2030 1131 2147 1194 Au-i

564 1231 779 1285 dierant
823 1221 967 1285 enim
1013 1231 1180 1285 turba:
1205 1230 1465 1288 Joannem
1499 1232 1868 1302 perhibentem
1902 1233 2141 1286 testimo-

561 1325 711 1378 nium
741 1324 988 1388 Domino,
1009 1334 1061 1379 et
1087 1325 1390 1381 dicentem:
1429 1344 1446 1376 ε
1482 1326 1618 1380 Ecce
1653 1325 1836 1394 Agnus
1869 1324 1986 1389 Dei,
2016 1339 2143 1378 ecce

562 1415 652 1485 qui
697 1416 832 1469 tollit
877 1426 1098 1486 peccata
1142 1417 1346 1481 mundi,
1385 1435 1402 1466 ι
1435 1425 1490 1470 et
1531 1415 1780 1469 viderant
1807 1414 1932 1484 quia
1962 1412 2148 1490 missis

561 1505 839 1574 discipulis
869 1507 980 1561 suis
1006 1507 1358 1577 interrogavit
1386 1522 1506 1560 eum
1541 1507 1726 1560 dicens
1759 1524 1771 1560 :
1810 1524 1827 1556 ι
1860 1503 1937 1558 Tu
1969 1521 2028 1559 es
2047 1503 2140 1573 qui

563 1583 830 1651 venturus?
855 1612 932 1662 es,
958 1613 1025 1651 an
1059 1597 1221 1652 alium
1245 1597 1657 1667 exspectamus?
1685 1617 1703 1648 ›
1738 1596 1992 1650 Poterant
2011 1611 2139 1666 ergo

563 1692 735 1748 turbae
765 1693 1080 1748 existimare
1111 1693 1372 1748 Joannem
1407 1710 1526 1749 esse
1572 1692 1878 1747 instabilem
1910 1700 1962 1747 et
1988 1689 2140 1747 simi—

557 1784 662 1839 lem
707 1784 934 1849 calamo,
965 1783 1057 1853 qui
1087 1785 1229 1839 omni
1276 1793 1436 1839 vento
1477 1781 1872 1847 circumfertur,
1911 1790 1968 1836 ut
1995 1795 2138 1836 nunc
2173 1837 2194 1853 β,

558 1879 789 1935 1)οωίηο
831 1878 1195 1933 testimoniqu
1237 1879 1563 1948 perhiberet,
1594 1893 1738 1932 nunc
1784 1891 1908 1931 vero
1955 1875 2020 1930 de
2070 1890 2135 1930 eo

564 1972 868 2036 dubitaret;
912 1980 969 2027 et
1017 1985 1086 2025 ne
1124 1969 1262 2025 forte
1293 1970 1465 2024 turbae
1499 1970 1600 2024 hoc
1628 1976 1899 2039 putarent,
1933 1965 2137 2022 idcirco

558 2077 742 2119 coram
783 2061 955 2132 turbis
993 2077 1114 2117 cum
1156 2061 1338 2116 multis
1366 2061 1612 2116 laudibus
1641 2059 1878 2132 praetulit
1906 2059 2092 2114 dicens
2119 2077 2141 2122 :,

561 2171 579 2230 ᾳ
611 2154 749 2221 Quid
779 2154 968 2209 existis
989 2153 1042 2208 in
1071 2154 1345 2208 desertum
1369 2153 1588 2207 videre?
1617 2152 1950 2206 Arundinem
1975 2159 2136 2204 vento

556 2247 849 2318 agitatam?
885 2266 902 2298 ι
953 2244 1106 2312 Quod
1167 2246 1308 2318 enim
1366 2245 1624 2299 Dominus
1677 2243 1815 2298 dixit
1867 2263 1880 2298 :
1942 2261 1959 2293 ι
1995 2243 2134 2310 Quid

555 2338 746 2393 existis
773 2339 826 2392 in
844 2339 1116 2392 desertum
1147 2337 1366 2392 videre?
1394 2356 1412 2388 ›
1441 2336 1816 2408 percunctatio
1845 2344 1959 2402 est;
1990 2336 2133 2406 quod

555 2445 687 2493 vero
717 2429 982 2500 sequitur,
1013 2447 1031 2480 ι
1060 2429 1377 2483 arundinem
1409 2439 1570 2482 vento
1593 2427 1885 2506 agitatam?
1913 2447 1931 2480 ι
1967 2429 2134 2481 inter-

556 2527 765 2597 rogatio
788 2535 903 2590 est;
933 2534 1145 2579 veteres
1171 2524 1314 2578 enim
1347 2524 1449 2578 hoc
1479 2523 1679 2578 distare
1709 2522 1962 2576 dixerunt
1988 2506 2137 2588 inter

553 2611 1047 2686 percunctationem
1081 2623 1136 2669 et
1163 2614 1640 2685 interrogationem
1668 2628 1681 2666 :
1709 2612 1960 2667 dixerunt
1985 2612 2129 2666 enim

550 2709 691 2778 quod
722 2709 788 2762 ad
814 2707 1316 2780 percunctationem
1342 2709 1506 2760 nndta
1540 2704 1851 2775 responderi
1879 2713 2126 2774 possunt,

549 2800 616 2854 ad
647 2799 1121 2870 interrogationem
1157 2815 1282 2853 vero
1321 2807 1525 2853 tantum
1566 2813 1747 2860 unum,
1776 2797 1830 2850 id
1863 2805 1940 2851 est
1961 2810 1973 2849 :
1997 2812 2122 2850 non.

552 2891 659 2944 Aut
688 2892 875 2955 etiam,
897 2907 1016 2945 cum
1039 2889 1181 2944 enim
1212 2888 1472 2943 Dominus
1498 2888 1626 2942 dicit
1655 2906 1666 2941 :
1703 2907 1720 2938 ‹
1763 2886 1900 2953 Quid
1928 2886 2121 2941 existis

549 2990 603 3043 in
642 2987 915 3043 desertum
969 2987 1188 3042 videre?
1227 2986 1542 3059 arundinem
1582 2993 1742 3038 vento
1779 2984 2066 3054 agitatam?
2099 2966 2143 3035 ι’

546 3095 650 3133 non
705 3076 1040 3144 afﬁrmando,
1089 3077 1182 3131 sed
1221 3077 1399 3148 potius
1424 3075 1734 3145 denegando
1761 3075 1860 3128 hoc
1885 3074 2034 3150 dicit,
2061 3089 2124 3129 ac

545 3171 590 3224 si
626 3170 830 3224 diceret
861 3187 872 3223 :
904 3167 1177 3238 Nunquid,
1205 3167 1422 3238 quando
1450 3167 1637 3221 existis
1667 3167 1720 3220 in
1752 3167 2022 3220 desertum
2056 3167 2118 3219 ad

2251 587 2396 642 terea
2440 586 2667 642 nitorem
2712 588 3058 644 beatitudinis
3080 591 3395 656 electorum,
3423 604 3479 648 ut
3519 595 3691 651 illud:
3729 617 3750 650 ι
3779 609 3835 656 et

2251 687 2503 748 tanquam
2531 679 2774 734 scintilla:
2804 682 2854 734 in
2884 683 3205 739 arundineto
3236 685 3558 742 discurrerit.
3599 709 3617 740 ι
3662 690 3839 762 Signi-

2248 767 2374 826 ﬁcat
2427 773 2641 826 tandem
2696 774 2969 829 carnalem
3014 777 3249 831 animmn
3294 779 3434 834 sicut
3476 782 3526 834 in
3556 783 3661 837 hoc
3691 784 3833 850 loco,

2247 865 2454 918 arundo
2488 867 2632 919 enim
2662 881 2830 921 vacua
2878 884 2964 922 res
3011 879 3112 934 est,
3147 871 3344 926 nullam
3378 874 3582 930 habens
3618 878 3830 932 medul-

2247 949 2351 1008 lam
2405 955 2747 1024 intrinsecus,
2803 958 3115 1028 nullumque
3170 961 3406 1018 fructum
3465 967 3830 1034 extrinsecus,

2246 1041 2365 1115 quin
2418 1049 2578 1101 etiam
2634 1051 2926 1103 secundum
2976 1050 3246 1107 levitatem
3304 1063 3510 1110 natura}
3561 1072 3674 1111 sua:
3724 1075 3828 1114 non

2246 1137 2416 1191 solum
2452 1154 2479 1191 a
2511 1136 2636 1192 ﬂatu
2682 1151 2983 1206 ventorum,
3019 1143 3112 1197 sed
3158 1145 3317 1198 etiam
3373 1145 3441 1198 ab
3487 1148 3669 1217 aliqua
3727 1151 3831 1204 levi

2245 1239 2376 1278 aura
2406 1223 2656 1282 ﬂectitur.
2685 1228 2912 1285 Pulchre
2954 1246 3080 1303 ergo
3120 1249 3216 1301 per
3243 1236 3564 1290 arundinem
3597 1243 3832 1296 carnalis

2245 1321 2457 1376 animus
2506 1322 2835 1393 designatur,
2889 1327 3014 1395 quia
3060 1327 3104 1381 si
3150 1327 3216 1381 ab
3269 1345 3364 1384 ore
3410 1332 3648 1399 proximi
3698 1351 3831 1389 aura

2243 1409 2443 1466 favoris
2485 1412 2566 1467 vel
2591 1411 2761 1469 laudis
2789 1414 3016 1478 ﬂaverit,
3061 1433 3179 1471 mox
3221 1418 3498 1475 hilarescit
3526 1431 3579 1474 et
3616 1425 3831 1479 extolli-

2245 1509 2353 1568 tur,
2387 1512 2665 1574 totumque
2695 1521 2752 1560 se
2778 1507 2843 1558 ad
2867 1507 3096 1576 gratiam
3127 1509 3347 1564 inclinat
3373 1529 3386 1577 ;
3430 1513 3473 1566 si
3504 1529 3634 1567 vero
3657 1515 3836 1568 conti-

2242 1596 2382 1667 gerit
2406 1606 2464 1652 ut
2501 1598 2626 1653 inde
2670 1614 2800 1652 aura
2846 1599 3195 1657 detractionis
3222 1616 3469 1674 erumpat
3498 1609 3643 1662 unde
3682 1611 3834 1676 prius

2241 1708 2370 1747 aura
2397 1691 2597 1748 favoris
2635 1695 2894 1758 manavit,
2948 1697 3014 1749 ad
3066 1697 3171 1750 vim
3211 1696 3408 1753 furoris
3437 1709 3494 1754 et
3532 1701 3833 1756 iracundia‘.

2241 1775 2580 1855 provocatur.
2627 1783 2860 1840 Joannes
2903 1787 3115 1856 quidem
3160 1790 3367 1845 arundo
3411 1801 3572 1846 vento
3626 1795 3832 1863 agitata

2243 1893 2349 1933 non
2376 1887 2506 1940 erat,
2538 1879 2660 1947 quia
2688 1893 2783 1933 nec
2811 1878 2982 1948 gratia
3011 1878 3236 1948 alicujus
3263 1869 3383 1936 eum
3416 1882 3696 1950 blandum,
3733 1902 3832 1942 nec

2241 1969 2320 2024 ira
2352 1984 2598 2039 aspermn
2619 1969 2868 2035 faciebat,
2893 1973 3143 2040 quoniam
3175 1975 3316 2028 hunc
3353 1992 3529 2044 neque
3556 1994 3828 2048 prospera

2238 2065 2464 2134 erigere,
2525 2081 2624 2119 nec
2671 2063 2894 2120 adversa
2947 2077 3207 2121 noverant
3262 2069 3540 2124 inclinare.
3605 2073 3832 2128 Arundo

2237 2165 2398 2210 vento
2420 2156 2618 2223 agitata
2650 2173 2752 2210 non
2793 2165 2932 2223 erat,
2964 2159 3087 2227 quia
3119 2175 3146 2212 a
3178 2167 3348 2214 status
3391 2163 3470 2215 sui
3501 2164 3830 2220 rectituline

2237 2245 2380 2300 nulla
2413 2261 2535 2300 eum
2564 2262 2740 2300 rerum
2777 2247 3013 2301 varietas
3041 2248 3690 2316 inﬂectebat.,Discanms
3724 2246 3828 2309 ita-

2236 2352 2340 2407 que
2380 2345 2433 2390 et
2478 2353 2576 2392 nos
2604 2339 2921 2392 arundinem
2953 2348 3114 2393 vento
3142 2340 3396 2409 agitatam
3438 2360 3544 2398 non
3599 2361 3743 2410 esse,
3781 2350 3829 2403 id

2233 2439 2335 2494 est,
2363 2430 2499 2484 inter
2527 2446 2686 2486 auras
2709 2431 3011 2503 linguarum
3030 2433 3237 2489 animos
3264 2443 3477 2491 nostros
3502 2437 3828 2507 solidemus,

2233 2531 2287 2578 et.
2335 2523 2476 2576 inter
2518 2525 2816 2580 mundanas
2841 2525 3129 2580 varietates
3161 2535 3331 2581 status
3379 2529 3582 2585 mentis
3629 2545 3827 2587 nostr-.e

2231 2613 2446 2685 Semper
2477 2618 2547 2672 sit
2579 2618 2823 2683 inﬂexus,
2855 2627 2913 2672 ut
2960 2635 3130 2688 neque
3161 2638 3414 2692 prospera
3444 2640 3545 2678 nos
3585 2627 3823 2692 clevcnt,

2232 2721 2334 2762 nec
2354 2708 2576 2762 adversa
2600 2709 2940 2776 conturbent,
2959 2709 3110 2777 juxta
3137 2709 3260 2766 illud
3289 2712 3562 2783 Apostoli:
3598 2738 3614 2767 ‹
3642 2717 3827 2774 Estote

2231 2808 2530 2870 pugnantes
2564 2811 2673 2854 tum
2702 2801 2752 2855 in
2779 2805 3068 2872 prosperis,
3120 2813 3228 2859 tmn
3275 2805 3323 2858 in
3357 2808 3642 2863 adversis.
3677 2831 3693 2861 ι
3730 2812 3824 2866 Se-

2229 2885 2454 2964 quitur:
2493 2913 2510 2944 c
2549 2893 2654 2948 Sed
2685 2895 2814 2964 quid
2844 2897 3036 2951 existis
3081 2898 3301 2954 videre?
3330 2901 3608 2956 hominem
3649 2907 3825 2960 molli.

2228 2985 2326 3038 bus
2358 2985 2688 3038 vestitum?»
2741 2983 2976 3041 Joannes
3023 3005 3124 3040 non
3169 2989 3416 3045 mollilms
3457 2995 3821 3057 vestimentis,

2228 3073 2319 3128 Sed
2374 3075 2494 3144 pilis
2541 3077 2874 3131 camelorum
2908 3079 3131 3134 vestitus
3163 3080 3325 3135 fuisse
3379 3085 3738 3152 perhibetur;
3776 3089 3823 3142 id

2232 3165 2372 3235 quod
2426 3166 2550 3220 alibi
2609 3169 2921 3224 manifestat
2989 3170 3126 3224 idem
3191 3173 3520 3242 evangelista
3591 3176 3820 3232 dicens:

544 3259 803 3317 Joannem
823 3301 838 3326 ,
871 3261 990 3334 ideo
1017 3260 1205 3328 existis
1234 3268 1291 3314 ut
1317 3258 1560 3313 videritis
1590 3257 1858 3314 hominem
1887 3256 2119 3311 similem
2149 3233 2192 3297 C
2232 3276 2248 3308 ‹
2289 3259 2405 3327 Ipse
2434 3268 2609 3312 autem
2641 3258 2874 3315 Joannes
2921 3260 3149 3315 habebat
3183 3264 3566 3318 vestimentum
3604 3268 3671 3320 de
3703 3269 3824 3337 piiis

544 3351 794 3405 aruudini
827 3366 945 3420 quae
983 3351 1130 3406 omni
1159 3359 1321 3405 vento
1352 3348 1762 3413 circumfertur,
1794 3355 1850 3399 ut
1880 3363 2020 3399 nunc
2054 3349 2118 3402 de

545 3445 634 3500 illo
661 3445 870 3499 dubitet
895 3444 978 3499 cui
1003 3444 1154 3514 prius
1179 3442 1543 3498 testimonium
1571 3439 1950 3511 perhibuerat?
1973 3449 2119 3495 certe

543 3551 648 3590 non
666 3546 748 3591 est
767 3535 1002 3591 Joannes
1019 3535 1140 3590 talis
1164 3542 1219 3589 ut
1239 3549 1384 3588 nunc
1411 3533 1622 3594 dubitet
1639 3547 1763 3587 eum
1788 3546 1905 3586 esse
1921 3531 2013 3585 Dei
2033 3529 2120 3584 Fi-

549 3630 702 3695 lium,
721 3630 806 3684 cui
828 3631 984 3699 prius
998 3628 1364 3685 testimonium
1388 3627 1762 3698 perhibuerat;
1791 3642 1895 3680 non
1909 3624 2008 3679 sibi
2025 3623 2118 3678 sed

541 3720 820 3790 discipulis
845 3721 958 3775 suis
975 3720 1351 3790 interrogavit.
1379 3717 1444 3772 Et
1462 3717 1740 3772 sciendum
1761 3717 1886 3786 quia
1910 3716 2116 3771 arundo

541 3812 594 3866 in
623 3812 819 3867 divinis
848 3811 1144 3882 Scripturis
1173 3811 1353 3866 varias
1383 3819 1438 3866 et
1463 3810 1704 3865 diversas
1723 3809 1890 3864 habet
1911 3808 2116 3877 signifi-

540 3903 798 3956 cationes.
817 3900 1098 3972 Significat
1122 3903 1369 3966 verbum,
1406 3911 1463 3954 ut
1497 3902 1624 3955 illud
1661 3921 1674 3956 ;
1709 3919 1727 3952 ί
1765 3901 1968 3972 Lingua
1995 3916 2114 3954 mea

541 3991 780 4046 calamus
806 3991 1026 4055 scribae;
1051 4010 1069 4042 ι
1092 3975 1354 4062 signiﬁcat
1371 4000 1678 4046 sanctorum
1702 3992 2114 4059 praedicatorum

539 4084 865 4146 doctrinam,
914 4092 971 4136 ut
1009 4083 1179 4136 illud:
1215 4101 1233 4132 ι
1269 4082 1324 4136 ln
1353 4082 1618 4136 cubilibus
1647 4082 1701 4135 in
1740 4082 1934 4150 quibus
1965 4081 2114 4149 prius

538 4177 802 4230 dracones
830 4173 1167 4237 habitabant,
1193 4173 1365 4227 oritur
1392 4173 1538 4226 viror
1570 4173 1759 4226 calami
1817 4183 1869 4225 et
1890 4170 2060 4239 junci,
2090 4191 2109 4223 ι

537 4268 662 4336 quia
690 4267 742 4320 in
770 4267 850 4321 eis
880 4265 1251 4336 quospopulus
1274 4266 1481 4334 antiqui
1513 4265 1682 4318 hostis
1710 4264 1912 4318 malitia
1938 4265 2111 4334 possi-

534 4363 716 4426 debat,
748 4372 803 4417 et
839 4363 1117 4416 doctorum
1150 4360 1396 4423 scientia,
1434 4367 1488 4413 et
1525 4359 1828 4412 auditorum
1857 4358 2113 4414 obedien-

542 4459 613 4512 tia
642 4457 1010 4511 coercebatur.
1046 4455 1264 4512 Orietur
1297 4453 1348 4507 in
1381 4469 1442 4507 ea
1479 4454 1620 4506 viror
1646 4452 1838 4507 calami
1863 4461 1913 4506 ct
1937 4451 2109 4520 junci,

534 4552 584 4604 id
613 4561 695 4605 est
725 4551 776 4604 in
807 4559 990 4605 sancta
1023 4549 1261 4604 Ecclesia
1291 4551 1534 4614 orientur
1559 4549 1850 4619 scriptores
1875 4559 1928 4603 et
1956 4549 2107 4602 audi-

534 4651 695 4697 tores.
727 4641 828 4696 Per
856 4641 1077 4709 juncum
1121 4657 1249 4695 vero
1300 4642 1492 4696 debent
1542 4641 1815 4700 auditores
1860 4641 2106 4714 intelligi.

533 4734 636 4789 Per
658 4749 812 4803 aqua).
848 4735 1127 4789 humorem
1155 4733 1351 4801 juncus
1374 4742 1427 4788 et
1457 4733 1696 4788 calamus
1733 4733 1879 4786 nasci
1905 4733 2107 4797 solent;

533 4840 656 4879 nam
703 4840 768 4878 ex
815 4841 918 4878 una
957 4825 1255 4893 eademque
1300 4841 1439 4894 aqua
1484 4835 1710 4894 utraque
1737 4825 2026 4894 prodeunt,
2055 4833 2108 4878 et

531 4919 769 4973 calamus
819 4915 1036 4986 quidem
1091 4918 1156 4970 ad
1209 4916 1918 4980 scribendumassumitur,
1985 4931 2107 4969 cum

530 5009 689 5077 iunco
721 5024 846 5063 vero
873 5009 1036 5063 scribi
1069 5024 1172 5061 non
1202 5016 1394 5078 potest.
1428 5007 1563 5073 Quid
1598 5007 1649 5060 in
1670 5007 1833 5076 junco
1863 5007 2026 5076 igitur
2053 5014 2108 5060 ct

530 5102 739 5156 calamo
765 5100 1014 5170 accipere
1041 5099 1334 5154 debemus?
1382 5099 1481 5153 nisi
1515 5101 1637 5168 quia
1669 5115 1772 5152 una
1801 5107 1883 5154 est
1916 5097 2112 5151 doctri-

528 5207 598 5246 na
627 5191 870 5246 veritatis
899 5207 1018 5261 quae
1048 5189 1243 5244 multos
1274 5190 1549 5244 auditores
1575 5190 1785 5260 irrigat.
1830 5188 1935 5243 Sed
1984 5190 2106 5243 irri-

528 5285 635 5356 gati
663 5284 748 5338 alii
793 5285 861 5338 ad
910 5285 1012 5338 hoc
1051 5297 1223 5353 usque
1265 5282 1317 5336 in
1364 5283 1526 5336 verbo
1570 5280 1661 5336 Dei
1711 5280 2015 5351 proficiunt,
2050 5289 2108 5336 ut

526 5374 688 5428 etiam
740 5372 1032 5442 scriptores
1085 5371 1245 5435 ﬁant,
1300 5372 1546 5426 videlicet
1598 5381 1849 5440 tanquam
1892 5371 2103 5428 calami.

523 5463 628 5518 Alii
652 5479 779 5518 vero
805 5464 1026 5518 verbum
1055 5463 1147 5516 Dei
1170 5463 1414 5527 audiunt,
1445 5463 1596 5517 bonae
1617 5463 1730 5534 Spei
1757 5471 1811 5516 et
1833 5472 2101 5517 rectorum

525 5572 746 5627 operum
778 5557 1106 5610 viriditatem
1163 5566 1363 5618 tenent,
1414 5558 1506 5611 sed
1539 5566 1717 5611 tamen
1765 5557 1830 5610 ad
1863 5556 2104 5610 scriben-

525 5653 650 5705 dum
697 5651 958 5718 proiicere
986 5648 1290 5704 nullatenus
1339 5660 1584 5718 possunt.
1621 5649 1900 5718 Significat
1938 5648 2101 5703 ctiam

527 5752 732 5799 mentes
777 5744 1180 5814 bypocritarum
1210 5745 1275 5798 ab
1314 5745 1455 5797 omni
1483 5745 1658 5799 fructu
1690 5747 1949 5802 bonorum
1977 5759 2103 5814 ope—

529 5854 643 5894 rum
684 5851 897 5902 vacuas,
926 5848 984 5890 ut
1017 5837 1175 5891 illini:
1234 5855 1249 5886 ι
1286 5838 1396 5890 Sub
1436 5839 1622 5891 umbra
1670 5838 1865 5892 dormit
1914 5839 1961 5891 in
2015 5855 2100 5892 se-

2223 3353 2573 3406 camelorum.
2613 3373 2630 3404 ι
2675 3347 2790 3407 Sed
2813 3365 3070 3424 quantum
3117 3355 3182 3409 ad
3242 3357 3589 3426 superficiem
3646 3360 3820 3414 histo-

2223 3442 2316 3496 rize
2339 3445 2550 3510 attinet,
2584 3445 2634 3498 in
2674 3445 2974 3515 abjectione
3018 3447 3200 3500 vilium
3230 3449 3688 3504 vestimentorum
3717 3455 3825 3506 vir-

2223 3537 2308 3586 tus
2337 3548 2454 3586 esse
2501 3542 2860 3599 monstratur,
2901 3543 2949 3588 el
2986 3535 3027 3588 si
3057 3535 3108 3589 in
3158 3537 3396 3606 appetitu
3446 3541 3822 3608 pretiosarum

2223 3626 2449 3679 vestium
2485 3637 2762 3696 peccatum
2816 3643 2918 3681 non
2970 3638 3128 3693 esset,
3167 3645 3505 3700 nequaquam
3553 3634 3823 3689 Dominus

2219 3713 2479 3770 Joannem
2506 3718 2570 3770 de
2594 3717 2883 3786 asperitate
2925 3718 3152 3772 vestium
3196 3717 3502 3787 laudasset;
3537 3731 3596 3775 et
3627 3724 3673 3776 si
3723 3726 3821 3778 hoc

2219 3806 2372 3874 culpa
2407 3823 2509 3859 non
2562 3819 2723 3873 esset,
2779 3825 3116 3880 nequaquam
3169 3810 3358 3864 Petrus
3409 3813 3693 3881 aposmlns
3726 3832 3821 3884 per

2219 3897 2496 3967 epistolam
2540 3897 2764 3953 feminas
2791 3901 2857 3954 ab
2900 3903 3133 3970 appetitu
3167 3902 3526 3972 pretiosarum
3579 3908 3815 3959 vcszinm

2222 4005 2588 4063 C(nnpesccret
2617 3995 2802 4049 dicens
2830 4014 2841 4047 :
2902 4014 2919 4044 ι
2957 3995 3069 4048 Non
3107 3997 3156 4049 in
3189 4007 3337 4050 veste
3367 4000 3602 4067 pretiosa
3635 4018 3647 4052 :
3675 4023 3688 4050 ι
3727 4003 3813 4055 ιιέςί

2221 4078 2756 4138 aniinadvertcnslum
2813 4098 3011 4154 quanta
3056 4087 3209 4155 culpa
3263 4089 3331 4141 sit
3385 4089 3532 4143 viros
3582 4092 3684 4144 huc
3722 4109 3816 4160 ap-

2219 4185 2419 4243 petere,
2471 4192 2496 4228 a
2547 4193 2652 4246 quo
2680 4178 2791 4244 ipse
2828 4188 3012 4246 pastor
3057 4178 3308 4232 ECt'iL‘SiiC
3349 4179 3580 4232 feminas
3615 4198 3817 4250 precu-

2219 4270 2353 4321 ravit
2385 4269 2687 4338 prohibere.
2717 4270 2783 4323 Et
2821 4283 2902 4323 est
2936 4287 3128 4324 sensus
3161 4290 3171 4324 :
3214 4292 3230 4320 ι
3262 4271 3395 4324 Ecce.
3429 4273 3518 4340 qui
3557 4275 3813 4328 Latmius

2214 4360 2520 4414 vcstiuntur
2579 4361 2630 4413 in
2687 4361 2933 4415 domibus
2984 4379 3164 4432 regum
3214 4373 3398 4429 sunt,»
3459 4365 3507 4415 i:i
3564 4376 3649 4416 c~t
3704 4385 3807 4418 :xf'tl

2214 4449 2446 4516 caelesti,
2510 4449 2603 4503 sed
2664 4459 2880 4503 terreno
2938 4467 3100 4519 regno
3152 4451 3381 4504 militant
3423 4452 3510 4524 qui
3568 4454 3703 4505 dura
3754 4465 3808 4507 ct

2215 4557 2402 4611 aspera
2430 4556 2526 4609 pro
2557 4540 2664 4595 Deo
2696 4542 2898 4610 perpc:i
2948 4541 3173 4611 fugiunt,
3212 4552 3265 4594 et
3292 4542 3381 4610 qui
3425 4541 3584 4609 hujus
3617 4546 3803 4598 51TH“

2215 4633 2489 4687 mollitiem
2523 4643 2576 4686 et
2605 4632 3012 4686 delectationem
3043 4644 3308 4701 qiuerunt.
3339 4633 3414 4685 llli
3461 4651 3592 4704 ergo
3631 4637 3805 4690 niolli-

2216 4729 2315 4783 bus
2343 4728 2660 4788 vcstiuntur,
2698 4727 2785 4794 qui
2822 4727 3114 4779 secundum
3145 4741 3366 4795 pompas
3396 4737 3447 4779 et
3482 4726 3804 4780 tiCit‘Cl:tlit)~

2214 4838 2310 4876 nes
2366 4819 2522 4889 hujus
2573 4819 2752 4873 Sat-culi
2812 4819 3020 4882 vivunt,
3077 4827 3132 4871 et
3191 4817 3492 4870 ambitiosis
3561 4820 3804 4872 vestit-ns

2213 4911 2537 4975 itnluuntur;
2567 4909 2616 4963 hi
2653 4909 2911 4962 nimirum
2946 4918 2993 4961 et
3028 4905 3178 4960 aulas
3208 4923 3391 4977 regum
3428 4918 3712 4977 appetunt,
3751 4920 3804 4963 tt

2212 5003 2478 5056 ineorum
2523 5001 2768 5054 domibus
2819 5000 3062 5054 habitare
3109 5000 3467 5068 congaudent.
3512 4999 3579 5053 Et
3623 5003 3797 5054 scien-

2215 5096 2338 5148 dum
2363 5093 2489 5162 quia
2523 5091 2650 5144 falsa
2698 5091 2940 5144 doctrina
2986 5106 3196 5159 semper
3237 5091 3529 5145 humanam
3583 5091 3798 5146 lauder;

2214 5187 2462 5255 requirit,
2493 5197 2549 5238 ut
2592 5200 2685 5253 per
2734 5185 2977 5237 eamdem
3013 5193 3222 5236 terrena
3255 5183 3400 5237 lucra
3451 5185 3798 5238 accumulare

2210 5278 2397 5346 possit,
2447 5287 2498 5328 et
2542 5275 2708 5344 copiis
2742 5285 3074 5330 terrenarum
3127 5292 3306 5330 rerum
3350 5271 3592 5332 aﬂlnerc.
3647 5279 3793 5332 Sicut

2209 5369 2352 5421 enim
2408 5367 2481 5421 illi
2541 5355 2628 5436 qui
2688 5367 2860 5421 serico
2905 5376 2957 5421 et
3015 5383 3251 5437 purpura
3302 5376 3356 5422 et
3408 5369 3572 5438 bysso
3628 5369 3793 5423 nitide

2208 5462 2407 5531 compti
2438 5460 2587 5515 aulas
2613 5478 2799 5532 regum
2839 5470 3114 5530 appetunt,
3141 5470 3195 5514 et
3219 5456 3286 5514 in
3321 5475 3509 5515 eorum
3540 5460 3791 5516 domibus

2209 5557 2453 5610 habitare
2484 5553 2841 5625 congaudent,
2897 5555 2976 5609 sic
3024 5570 3054 5608 e
3103 5553 3377 5608 contrario
3429 5555 3786 5608 admonentur

2209 5650 2378 5705 sancti
2415 5648 2514 5702 viri
2563 5656 2640 5712 ut,
2686 5647 3007 5701 necessariis
3035 5646 3367 5700 vestinnmtis
3396 5645 3661 5709 contenti,
3696 5660 3782 5699 au-

2207 5743 2286 5796 las
2318 5759 2497 5811 regum
2549 5758 2760 5810 semper
2799 5742 3065 5794 declinare
3098 5741 3367 5794 stuic-ant.
3418 5740 3596 5792 l‘utcst
3626 5748 3785 5793 ettan‘

2212 5837 2308 5890 istc
2342 5833 2488 5889 locus
2516 5835 2673 5889 altius
2703 5835 2918 5905 intelligi
2952 5836 3047 5888 kov
3084 5851 3168 5885 no
3194 5835 3256 5894 in,
3295 5833 3442 5902 Sjilihl
3475 5849 3570 5901 {cr
3599 5829 3781 5885 molles
