  <div class='ocr_page' id='page_1' title='image "/cluster/home/n/w/nwhite01/storage/ocr_20150623/131/hvd.32044015471725/444.png"; bbox 0 0 4038 6422; ppageno 0'>
   <div class='ocr_carea' id='block_1_1' title="bbox 221 435 333 499">
    <p class='ocr_par' dir='ltr' id='par_1_1' title="bbox 221 435 333 499">
     <span class='ocr_line' id='line_1_1' title="bbox 221 435 333 499; baseline -0.036 0"><span class='ocrx_word' id='word_1_1' title='bbox 221 435 333 499; x_wconf 81' lang='lat'><strong>877</strong></span> 
     </span>
    </p>
   </div>
   <div class='ocr_carea' id='block_1_2' title="bbox 1704 437 2033 498">
    <p class='ocr_par' dir='ltr' id='par_1_2' title="bbox 1704 437 2033 498">
     <span class='ocr_line' id='line_1_2' title="bbox 1704 437 2033 498; baseline 0.009 -3"><span class='ocrx_word' id='word_1_2' title='bbox 1704 437 1845 497; x_wconf 81' lang='grc' dir='ltr'><strong>ΠοΜ</strong></span> <span class='ocrx_word' id='word_1_3' title='bbox 1856 437 2033 498; x_wconf 65' lang='lat' dir='ltr'><strong>ILIAS.</strong></span> 
     </span>
    </p>
   </div>
   <div class='ocr_carea' id='block_1_3' title="bbox 3398 456 3501 516">
    <p class='ocr_par' dir='ltr' id='par_1_3' title="bbox 3398 456 3501 516">
     <span class='ocr_line' id='line_1_3' title="bbox 3398 456 3501 516; baseline 0.019 -3"><span class='ocrx_word' id='word_1_4' title='bbox 3398 456 3501 516; x_wconf 76' lang='lat'><strong>878</strong></span> 
     </span>
    </p>
   </div>
   <div class='ocr_carea' id='block_1_4' title="bbox 217 536 3501 633">
    <p class='ocr_par' dir='ltr' id='par_1_4' title="bbox 217 536 3501 633">
     <span class='ocr_line' id='line_1_4' title="bbox 217 536 3501 633; baseline 0.005 -21"><span class='ocrx_word' id='word_1_5' title='bbox 217 564 406 611; x_wconf 84' lang='lat' dir='ltr'><strong>vestes</strong></span> <span class='ocrx_word' id='word_1_6' title='bbox 434 552 784 621; x_wconf 83' lang='lat' dir='ltr'><strong>designentur</strong></span> <span class='ocrx_word' id='word_1_7' title='bbox 810 551 1055 607; x_wconf 78' lang='lat' dir='ltr'><strong>carnales</strong></span> <span class='ocrx_word' id='word_1_8' title='bbox 1082 538 1495 617; x_wconf 86' lang='lat' dir='ltr'><strong>delectationes,</strong></span> <span class='ocrx_word' id='word_1_9' title='bbox 1524 536 1587 607; x_wconf 85' lang='lat' dir='ltr'><strong>et</strong></span> <span class='ocrx_word' id='word_1_10' title='bbox 1610 566 1805 606; x_wconf 85' lang='lat' dir='ltr'><strong>concu-</strong></span> <span class='ocrx_word' id='word_1_11' title='bbox 1836 536 1887 615; x_wconf 60' lang='grc' dir='ltr'><strong>Α</strong></span> <span class='ocrx_word' id='word_1_12' title='bbox 1914 564 2014 621; x_wconf 88' lang='lat' dir='ltr'><strong>est,</strong></span> <span class='ocrx_word' id='word_1_13' title='bbox 2049 556 2142 612; x_wconf 89' lang='lat' dir='ltr'><strong>sed</strong></span> <span class='ocrx_word' id='word_1_14' title='bbox 2185 559 2344 614; x_wconf 87' lang='lat' dir='ltr'><strong>etiam</strong></span> <span class='ocrx_word' id='word_1_15' title='bbox 2374 575 2563 618; x_wconf 88' lang='lat' dir='ltr'><strong>omnes</strong></span> <span class='ocrx_word' id='word_1_16' title='bbox 2592 563 2682 633; x_wconf 89' lang='lat' dir='ltr'><strong>qui</strong></span> <span class='ocrx_word' id='word_1_17' title='bbox 2715 564 3000 621; x_wconf 76' lang='lat' dir='ltr'><strong>sacerdotii</strong></span> <span class='ocrx_word' id='word_1_18' title='bbox 3025 565 3242 624; x_wconf 92' lang='lat' dir='ltr'><strong>nomine</strong></span> <span class='ocrx_word' id='word_1_19' title='bbox 3272 583 3501 627; x_wconf 91' lang='lat' dir='ltr'><strong>censen-</strong></span> 
     </span>
    </p>
   </div>
   <div class='ocr_carea' id='block_1_5' title="bbox 219 636 1817 719">
    <p class='ocr_par' dir='ltr' id='par_1_5' title="bbox 219 636 1817 719">
     <span class='ocr_line' id='line_1_5' title="bbox 219 636 1817 719; baseline -0.001 -19"><span class='ocrx_word' id='word_1_20' title='bbox 219 636 522 719; x_wconf 57' lang='lat' dir='ltr'><strong>pisceutiai</strong></span> <span class='ocrx_word' id='word_1_21' title='bbox 570 643 647 699; x_wconf 88' lang='lat' dir='ltr'><strong>llli</strong></span> <span class='ocrx_word' id='word_1_22' title='bbox 709 660 840 717; x_wconf 87' lang='lat' dir='ltr'><strong>ergo</strong></span> <span class='ocrx_word' id='word_1_23' title='bbox 903 638 1156 699; x_wconf 77' lang='lat' dir='ltr'><strong>mollibus</strong></span> <span class='ocrx_word' id='word_1_24' title='bbox 1220 636 1517 699; x_wconf 79' lang='lat' dir='ltr'><strong>induuntur</strong></span> <span class='ocrx_word' id='word_1_25' title='bbox 1578 645 1670 717; x_wconf 87' lang='lat' dir='ltr'><strong>qui</strong></span> <span class='ocrx_word' id='word_1_26' title='bbox 1721 660 1817 715; x_wconf 89' lang='lat' dir='ltr'><strong>per</strong></span> 
     </span>
    </p>
   </div>
   <div class='ocr_carea' id='block_1_6' title="bbox 222 730 1812 806">
    <p class='ocr_par' dir='ltr' id='par_1_6' title="bbox 222 730 1812 806">
     <span class='ocr_line' id='line_1_6' title="bbox 222 730 1812 806; baseline -0.003 -13"><span class='ocrx_word' id='word_1_27' title='bbox 222 734 470 793; x_wconf 78' lang='lat' dir='ltr'><strong>carnales</strong></span> <span class='ocrx_word' id='word_1_28' title='bbox 483 734 947 804; x_wconf 83' lang='lat' dir='ltr'><strong>concupiscentias</strong></span> <span class='ocrx_word' id='word_1_29' title='bbox 961 730 1408 790; x_wconf 79' lang='lat' dir='ltr'><strong>etdelectationes</strong></span> <span class='ocrx_word' id='word_1_30' title='bbox 1430 736 1541 791; x_wconf 90' lang='lat' dir='ltr'><strong>suis</strong></span> <span class='ocrx_word' id='word_1_31' title='bbox 1562 735 1812 806; x_wconf 76' lang='lat' dir='ltr'><strong>peccatis,</strong></span> 
     </span>
    </p>
   </div>
   <div class='ocr_carea' id='block_1_7' title="bbox 220 810 1814 909">
    <p class='ocr_par' dir='ltr' id='par_1_7' title="bbox 220 810 1814 909">
     <span class='ocr_line' id='line_1_7' title="bbox 220 810 1814 909; baseline 0.001 -30"><span class='ocrx_word' id='word_1_32' title='bbox 220 810 380 909; x_wconf 64' lang='lat' dir='ltr'><strong>qiiasi</strong></span> <span class='ocrx_word' id='word_1_33' title='bbox 411 825 728 896; x_wconf 82' lang='lat' dir='ltr'><strong>quibusdam</strong></span> <span class='ocrx_word' id='word_1_34' title='bbox 764 824 1119 891; x_wconf 74' lang='lat' dir='ltr'><strong>vestimentis,</strong></span> <span class='ocrx_word' id='word_1_35' title='bbox 1154 825 1469 897; x_wconf 86' lang='lat' dir='ltr'><strong>induuntur,</strong></span> <span class='ocrx_word' id='word_1_36' title='bbox 1499 826 1639 881; x_wconf 88' lang='lat' dir='ltr'><strong>unde</strong></span> <span class='ocrx_word' id='word_1_37' title='bbox 1663 825 1814 882; x_wconf 85' lang='lat' dir='ltr'><strong>Psal-</strong></span> 
     </span>
    </p>
   </div>
   <div class='ocr_carea' id='block_1_8' title="bbox 221 910 1819 974">
    <p class='ocr_par' dir='ltr' id='par_1_8' title="bbox 221 910 1819 974">
     <span class='ocr_line' id='line_1_8' title="bbox 221 910 1819 974; baseline -0.001 -1"><span class='ocrx_word' id='word_1_38' title='bbox 221 918 386 973; x_wconf 75' lang='lat' dir='ltr'><strong>r‘nista</strong></span> <span class='ocrx_word' id='word_1_39' title='bbox 432 915 606 973; x_wconf 88' lang='lat' dir='ltr'><strong>dicit:</strong></span> <span class='ocrx_word' id='word_1_40' title='bbox 658 934 678 968; x_wconf 69' lang='grc' dir='ltr'><strong>ι</strong></span> <span class='ocrx_word' id='word_1_41' title='bbox 709 910 886 971; x_wconf 75' lang='lat' dir='ltr'><strong>Induit</strong></span> <span class='ocrx_word' id='word_1_42' title='bbox 931 922 993 970; x_wconf 88' lang='lat' dir='ltr'><strong>se</strong></span> <span class='ocrx_word' id='word_1_43' title='bbox 1050 914 1425 974; x_wconf 84' lang='lat' dir='ltr'><strong>inaledictione</strong></span> <span class='ocrx_word' id='word_1_44' title='bbox 1465 918 1604 973; x_wconf 87' lang='lat' dir='ltr'><strong>sicut</strong></span> <span class='ocrx_word' id='word_1_45' title='bbox 1655 919 1819 973; x_wconf 83' lang='lat' dir='ltr'><strong>vesti-</strong></span> 
     </span>
    </p>
   </div>
   <div class='ocr_carea' id='block_1_9' title="bbox 222 1006 1817 1079">
    <p class='ocr_par' dir='ltr' id='par_1_9' title="bbox 222 1006 1817 1079">
     <span class='ocr_line' id='line_1_9' title="bbox 222 1006 1817 1079; baseline 0.001 -16"><span class='ocrx_word' id='word_1_46' title='bbox 222 1006 431 1064; x_wconf 82' lang='lat' dir='ltr'><strong>mento.</strong></span> <span class='ocrx_word' id='word_1_47' title='bbox 464 1018 495 1061; x_wconf 70' lang='lat' dir='ltr'><strong>i‘</strong></span> <span class='ocrx_word' id='word_1_48' title='bbox 532 1008 724 1073; x_wconf 83' lang='lat' dir='ltr'><strong>Aliter,</strong></span> <span class='ocrx_word' id='word_1_49' title='bbox 757 1006 833 1061; x_wconf 83' lang='lat' dir='ltr'><strong>illi</strong></span> <span class='ocrx_word' id='word_1_50' title='bbox 883 1007 1134 1063; x_wconf 88' lang='lat' dir='ltr'><strong>mollibus</strong></span> <span class='ocrx_word' id='word_1_51' title='bbox 1181 1010 1482 1065; x_wconf 83' lang='lat' dir='ltr'><strong>vestiuntur</strong></span> <span class='ocrx_word' id='word_1_52' title='bbox 1519 1010 1609 1079; x_wconf 85' lang='lat' dir='ltr'><strong>qui</strong></span> <span class='ocrx_word' id='word_1_53' title='bbox 1662 1009 1817 1066; x_wconf 87' lang='lat' dir='ltr'><strong>malis</strong></span> 
     </span>
    </p>
   </div>
   <div class='ocr_carea' id='block_1_10' title="bbox 223 1084 1823 1165">
    <p class='ocr_par' dir='ltr' id='par_1_10' title="bbox 223 1084 1823 1165">
     <span class='ocr_line' id='line_1_10' title="bbox 223 1084 1823 1165; baseline 0 -8"><span class='ocrx_word' id='word_1_54' title='bbox 223 1084 539 1157; x_wconf 74' lang='lat' dir='ltr'><strong>hominibus</strong></span> <span class='ocrx_word' id='word_1_55' title='bbox 583 1100 896 1165; x_wconf 78' lang='lat' dir='ltr'><strong>adulantur,</strong></span> <span class='ocrx_word' id='word_1_56' title='bbox 934 1110 988 1155; x_wconf 92' lang='lat' dir='ltr'><strong>et</strong></span> <span class='ocrx_word' id='word_1_57' title='bbox 1019 1101 1181 1155; x_wconf 84' lang='lat' dir='ltr'><strong>vitam</strong></span> <span class='ocrx_word' id='word_1_58' title='bbox 1228 1102 1492 1157; x_wconf 87' lang='lat' dir='ltr'><strong>malorum</strong></span> <span class='ocrx_word' id='word_1_59' title='bbox 1538 1100 1823 1157; x_wconf 81' lang='lat' dir='ltr'><strong>hominum</strong></span> 
     </span>
    </p>
   </div>
   <div class='ocr_carea' id='block_1_11' title="bbox 221 1192 1813 1265">
    <p class='ocr_par' dir='ltr' id='par_1_11' title="bbox 221 1192 1813 1265">
     <span class='ocr_line' id='line_1_11' title="bbox 221 1192 1813 1265; baseline 0.001 -19"><span class='ocrx_word' id='word_1_60' title='bbox 221 1194 381 1264; x_wconf 89' lang='lat' dir='ltr'><strong>quasi</strong></span> <span class='ocrx_word' id='word_1_61' title='bbox 435 1193 754 1264; x_wconf 84' lang='lat' dir='ltr'><strong>quibusdam</strong></span> <span class='ocrx_word' id='word_1_62' title='bbox 802 1192 1186 1248; x_wconf 79' lang='lat' dir='ltr'><strong>blandimentis</strong></span> <span class='ocrx_word' id='word_1_63' title='bbox 1237 1193 1440 1258; x_wconf 81' lang='lat' dir='ltr'><strong>fovent,</strong></span> <span class='ocrx_word' id='word_1_64' title='bbox 1492 1204 1546 1249; x_wconf 91' lang='lat' dir='ltr'><strong>et</strong></span> <span class='ocrx_word' id='word_1_65' title='bbox 1593 1206 1813 1265; x_wconf 88' lang='lat' dir='ltr'><strong>peccata</strong></span> 
     </span>
    </p>
   </div>
   <div class='ocr_carea' id='block_1_12' title="bbox 221 1283 1816 1356">
    <p class='ocr_par' dir='ltr' id='par_1_12' title="bbox 221 1283 1816 1356">
     <span class='ocr_line' id='line_1_12' title="bbox 221 1283 1816 1356; baseline -0.002 -13"><span class='ocrx_word' id='word_1_66' title='bbox 221 1284 416 1343; x_wconf 69' lang='lat' dir='ltr'><strong>eorum</strong></span> <span class='ocrx_word' id='word_1_67' title='bbox 481 1285 707 1341; x_wconf 75' lang='lat' dir='ltr'><strong>diversis</strong></span> <span class='ocrx_word' id='word_1_68' title='bbox 768 1284 1109 1340; x_wconf 89' lang='lat' dir='ltr'><strong>suasionibus</strong></span> <span class='ocrx_word' id='word_1_69' title='bbox 1175 1285 1509 1356; x_wconf 85' lang='lat' dir='ltr'><strong>cooperiunt.</strong></span> <span class='ocrx_word' id='word_1_70' title='bbox 1582 1283 1816 1340; x_wconf 88' lang='lat' dir='ltr'><strong>Joannes</strong></span> 
     </span>
    </p>
   </div>
   <div class='ocr_carea' id='block_1_13' title="bbox 224 1376 1813 1447">
    <p class='ocr_par' dir='ltr' id='par_1_13' title="bbox 224 1376 1813 1447">
     <span class='ocr_line' id='line_1_13' title="bbox 224 1376 1813 1447; baseline -0.003 -13"><span class='ocrx_word' id='word_1_71' title='bbox 224 1376 374 1434; x_wconf 84' lang='lat' dir='ltr'><strong>énim</strong></span> <span class='ocrx_word' id='word_1_72' title='bbox 401 1376 651 1432; x_wconf 88' lang='lat' dir='ltr'><strong>mollibus</strong></span> <span class='ocrx_word' id='word_1_73' title='bbox 678 1378 905 1432; x_wconf 85' lang='lat' dir='ltr'><strong>vestitus</strong></span> <span class='ocrx_word' id='word_1_74' title='bbox 931 1392 1035 1431; x_wconf 90' lang='lat' dir='ltr'><strong>non</strong></span> <span class='ocrx_word' id='word_1_75' title='bbox 1059 1385 1195 1441; x_wconf 87' lang='lat' dir='ltr'><strong>erat,</strong></span> <span class='ocrx_word' id='word_1_76' title='bbox 1226 1377 1349 1445; x_wconf 89' lang='lat' dir='ltr'><strong>quia</strong></span> <span class='ocrx_word' id='word_1_77' title='bbox 1382 1378 1549 1430; x_wconf 66' lang='lat' dir='ltr'><strong>vitam</strong></span> <span class='ocrx_word' id='word_1_78' title='bbox 1581 1394 1813 1447; x_wconf 89' lang='lat' dir='ltr'><strong>peccau-</strong></span> 
     </span>
    </p>
   </div>
   <div class='ocr_carea' id='block_1_14' title="bbox 228 1465 1815 1538">
    <p class='ocr_par' dir='ltr' id='par_1_14' title="bbox 228 1465 1815 1538">
     <span class='ocr_line' id='line_1_14' title="bbox 228 1465 1815 1538; baseline 0 -16"><span class='ocrx_word' id='word_1_79' title='bbox 228 1468 364 1522; x_wconf 84' lang='lat' dir='ltr'><strong>tium</strong></span> <span class='ocrx_word' id='word_1_80' title='bbox 394 1482 499 1522; x_wconf 89' lang='lat' dir='ltr'><strong>non</strong></span> <span class='ocrx_word' id='word_1_81' title='bbox 550 1466 933 1521; x_wconf 89' lang='lat' dir='ltr'><strong>blandimentis</strong></span> <span class='ocrx_word' id='word_1_82' title='bbox 961 1465 1193 1533; x_wconf 78' lang='lat' dir='ltr'><strong>fovebat,</strong></span> <span class='ocrx_word' id='word_1_83' title='bbox 1242 1468 1335 1522; x_wconf 88' lang='lat' dir='ltr'><strong>sed</strong></span> <span class='ocrx_word' id='word_1_84' title='bbox 1379 1468 1557 1538; x_wconf 84' lang='lat' dir='ltr'><strong>rigore</strong></span> <span class='ocrx_word' id='word_1_85' title='bbox 1609 1483 1815 1538; x_wconf 60' lang='lat' dir='ltr'><strong>asperae</strong></span> 
     </span>
    </p>
   </div>
   <div class='ocr_carea' id='block_1_15' title="bbox 225 1552 1817 1628">
    <p class='ocr_par' dir='ltr' id='par_1_15' title="bbox 225 1552 1817 1628">
     <span class='ocr_line' id='line_1_15' title="bbox 225 1552 1817 1628; baseline -0.002 -14"><span class='ocrx_word' id='word_1_86' title='bbox 225 1554 549 1615; x_wconf 85' lang='lat' dir='ltr'><strong>invectionis</strong></span> <span class='ocrx_word' id='word_1_87' title='bbox 590 1557 906 1628; x_wconf 85' lang='lat' dir='ltr'><strong>increpabat</strong></span> <span class='ocrx_word' id='word_1_88' title='bbox 952 1557 1176 1613; x_wconf 89' lang='lat' dir='ltr'><strong>dicens:</strong></span> <span class='ocrx_word' id='word_1_89' title='bbox 1237 1552 1559 1618; x_wconf 70' lang='lat' dir='ltr'><strong>«Genimina</strong></span> <span class='ocrx_word' id='word_1_90' title='bbox 1609 1559 1817 1627; x_wconf 87' lang='lat' dir='ltr'><strong>vipera-</strong></span> 
     </span>
    </p>
   </div>
   <div class='ocr_carea' id='block_1_16' title="bbox 226 1652 1829 1725">
    <p class='ocr_par' dir='ltr' id='par_1_16' title="bbox 226 1652 1829 1725">
     <span class='ocr_line' id='line_1_16' title="bbox 226 1652 1829 1725; baseline 0 -18"><span class='ocrx_word' id='word_1_91' title='bbox 226 1668 369 1717; x_wconf 90' lang='lat' dir='ltr'><strong>rum,</strong></span> <span class='ocrx_word' id='word_1_92' title='bbox 401 1652 523 1723; x_wconf 85' lang='lat' dir='ltr'><strong>quis</strong></span> <span class='ocrx_word' id='word_1_93' title='bbox 569 1653 805 1708; x_wconf 74' lang='lat' dir='ltr'><strong>oswndit</strong></span> <span class='ocrx_word' id='word_1_94' title='bbox 843 1654 994 1708; x_wconf 88' lang='lat' dir='ltr'><strong>vobis</strong></span> <span class='ocrx_word' id='word_1_95' title='bbox 1043 1653 1224 1725; x_wconf 85' lang='lat' dir='ltr'><strong>fugere</strong></span> <span class='ocrx_word' id='word_1_96' title='bbox 1279 1669 1308 1707; x_wconf 91' lang='lat' dir='ltr'><strong>a</strong></span> <span class='ocrx_word' id='word_1_97' title='bbox 1374 1663 1597 1708; x_wconf 89' lang='lat' dir='ltr'><strong>ventura</strong></span> <span class='ocrx_word' id='word_1_98' title='bbox 1648 1652 1829 1707; x_wconf 65' lang='lat' dir='ltr'><strong>irah&#39;</strong></span> 
     </span>
    </p>
   </div>
   <div class='ocr_carea' id='block_1_17' title="bbox 225 1734 1813 1817">
    <p class='ocr_par' dir='ltr' id='par_1_17' title="bbox 225 1734 1813 1817">
     <span class='ocr_line' id='line_1_17' title="bbox 225 1734 1813 1817; baseline 0.001 -18"><span class='ocrx_word' id='word_1_99' title='bbox 225 1740 366 1800; x_wconf 71' lang='lat' dir='ltr'><strong>Hinc</strong></span> <span class='ocrx_word' id='word_1_100' title='bbox 408 1744 661 1800; x_wconf 86' lang='lat' dir='ltr'><strong>Salomon</strong></span> <span class='ocrx_word' id='word_1_101' title='bbox 690 1744 821 1801; x_wconf 86' lang='lat' dir='ltr'><strong>dicit</strong></span> <span class='ocrx_word' id='word_1_102' title='bbox 850 1765 862 1800; x_wconf 87' lang='lat'><strong>:</strong></span> <span class='ocrx_word' id='word_1_103' title='bbox 904 1765 923 1796; x_wconf 69' lang='grc' dir='ltr'><em>ς</em></span> <span class='ocrx_word' id='word_1_104' title='bbox 955 1745 1132 1802; x_wconf 69' lang='lat' dir='ltr'><strong>Verba</strong></span> <span class='ocrx_word' id='word_1_105' title='bbox 1177 1746 1500 1817; x_wconf 88' lang='lat' dir='ltr'><strong>sapientium</strong></span> <span class='ocrx_word' id='word_1_106' title='bbox 1531 1734 1687 1815; x_wconf 87' lang='lat' dir='ltr'><strong>quasi</strong></span> <span class='ocrx_word' id='word_1_107' title='bbox 1713 1745 1813 1800; x_wconf 86' lang='lat' dir='ltr'><strong>sti-</strong></span> 
     </span>
    </p>
   </div>
   <div class='ocr_carea' id='block_1_18' title="bbox 226 1824 1810 1913">
    <p class='ocr_par' dir='ltr' id='par_1_18' title="bbox 226 1824 1810 1913">
     <span class='ocr_line' id='line_1_18' title="bbox 226 1824 1810 1913; baseline -0.003 -18"><span class='ocrx_word' id='word_1_108' title='bbox 226 1840 384 1905; x_wconf 87' lang='lat' dir='ltr'><strong>muli,</strong></span> <span class='ocrx_word' id='word_1_109' title='bbox 413 1848 466 1894; x_wconf 87' lang='lat' dir='ltr'><strong>et</strong></span> <span class='ocrx_word' id='word_1_110' title='bbox 490 1840 644 1913; x_wconf 88' lang='lat' dir='ltr'><strong>quasi</strong></span> <span class='ocrx_word' id='word_1_111' title='bbox 669 1840 807 1895; x_wconf 88' lang='lat' dir='ltr'><strong>clavi</strong></span> <span class='ocrx_word' id='word_1_112' title='bbox 842 1824 895 1893; x_wconf 75' lang='lat' dir='ltr'><strong>in</strong></span> <span class='ocrx_word' id='word_1_113' title='bbox 929 1838 1095 1894; x_wconf 89' lang='lat' dir='ltr'><strong>altum</strong></span> <span class='ocrx_word' id='word_1_114' title='bbox 1128 1839 1239 1893; x_wconf 83' lang='lat' dir='ltr'><strong>lixi.</strong></span> <span class='ocrx_word' id='word_1_115' title='bbox 1275 1859 1293 1889; x_wconf 74' lang='grc' dir='ltr'><strong>ι</strong></span> <span class='ocrx_word' id='word_1_116' title='bbox 1334 1838 1396 1892; x_wconf 82' lang='lat' dir='ltr'><strong>Et</strong></span> <span class='ocrx_word' id='word_1_117' title='bbox 1431 1839 1573 1894; x_wconf 85' lang='lat' dir='ltr'><strong>bene</strong></span> <span class='ocrx_word' id='word_1_118' title='bbox 1597 1831 1810 1909; x_wconf 89' lang='lat' dir='ltr'><strong>quidem</strong></span> 
     </span>
    </p>
   </div>
   <div class='ocr_carea' id='block_1_19' title="bbox 1926 650 3502 733">
    <p class='ocr_par' dir='ltr' id='par_1_19' title="bbox 1926 650 3502 733">
     <span class='ocr_line' id='line_1_19' title="bbox 1926 650 3502 733; baseline 0.01 -32"><span class='ocrx_word' id='word_1_119' title='bbox 1926 650 2217 721; x_wconf 64' lang='lat' dir='ltr'><strong>tunaugeli</strong></span> <span class='ocrx_word' id='word_1_120' title='bbox 2266 663 2557 733; x_wconf 74' lang='lat' dir='ltr'><strong>vocantur;</strong></span> <span class='ocrx_word' id='word_1_121' title='bbox 2592 656 2730 710; x_wconf 88' lang='lat' dir='ltr'><strong>unde</strong></span> <span class='ocrx_word' id='word_1_122' title='bbox 2774 654 2904 711; x_wconf 88' lang='lat' dir='ltr'><strong>dicit</strong></span> <span class='ocrx_word' id='word_1_123' title='bbox 2950 657 3252 728; x_wconf 80' lang='lat' dir='ltr'><strong>Propheta:</strong></span> <span class='ocrx_word' id='word_1_124' title='bbox 3287 679 3306 711; x_wconf 88' lang='grc'><em>‹</em></span> <span class='ocrx_word' id='word_1_125' title='bbox 3332 660 3502 717; x_wconf 90' lang='lat' dir='ltr'><strong>Labia</strong></span> 
     </span>
    </p>
   </div>
   <div class='ocr_carea' id='block_1_20' title="bbox 1922 738 3513 824">
    <p class='ocr_par' dir='ltr' id='par_1_20' title="bbox 1922 738 3513 824">
     <span class='ocr_line' id='line_1_20' title="bbox 1922 738 3513 824; baseline 0.009 -28"><span class='ocrx_word' id='word_1_126' title='bbox 1922 745 2220 800; x_wconf 83' lang='lat' dir='ltr'><strong>sacerdotis</strong></span> <span class='ocrx_word' id='word_1_127' title='bbox 2251 741 2558 803; x_wconf 73' lang='lat' dir='ltr'><strong>custodierit</strong></span> <span class='ocrx_word' id='word_1_128' title='bbox 2599 749 2905 816; x_wconf 89' lang='lat' dir='ltr'><strong>scientiam,</strong></span> <span class='ocrx_word' id='word_1_129' title='bbox 2938 760 2990 806; x_wconf 88' lang='lat' dir='ltr'><strong>et</strong></span> <span class='ocrx_word' id='word_1_130' title='bbox 3020 744 3188 822; x_wconf 80' lang='lat' dir='ltr'><strong>legem</strong></span> <span class='ocrx_word' id='word_1_131' title='bbox 3232 738 3513 824; x_wconf 52' lang='lat' dir='ltr'><strong>requireu&#39;t’</strong></span> 
     </span>
    </p>
   </div>
   <div class='ocr_carea' id='block_1_21' title="bbox 1920 834 3509 915">
    <p class='ocr_par' dir='ltr' id='par_1_21' title="bbox 1920 834 3509 915">
     <span class='ocr_line' id='line_1_21' title="bbox 1920 834 3509 915; baseline 0.009 -29"><span class='ocrx_word' id='word_1_132' title='bbox 1920 848 1986 915; x_wconf 78' lang='lat' dir='ltr'><strong>ex</strong></span> <span class='ocrx_word' id='word_1_133' title='bbox 2015 850 2109 887; x_wconf 88' lang='lat' dir='ltr'><strong>ore</strong></span> <span class='ocrx_word' id='word_1_134' title='bbox 2138 836 2272 906; x_wconf 84' lang='lat' dir='ltr'><strong>ejus,</strong></span> <span class='ocrx_word' id='word_1_135' title='bbox 2304 838 2429 909; x_wconf 87' lang='lat' dir='ltr'><strong>quia</strong></span> <span class='ocrx_word' id='word_1_136' title='bbox 2473 839 2695 909; x_wconf 82' lang='lat' dir='ltr'><strong>angelus</strong></span> <span class='ocrx_word' id='word_1_137' title='bbox 2720 839 2932 895; x_wconf 88' lang='lat' dir='ltr'><strong>Domini</strong></span> <span class='ocrx_word' id='word_1_138' title='bbox 2976 842 3311 898; x_wconf 80' lang='lat' dir='ltr'><strong>exercituum</strong></span> <span class='ocrx_word' id='word_1_139' title='bbox 3342 855 3448 900; x_wconf 90' lang='lat' dir='ltr'><strong>est.</strong></span> <span class='ocrx_word' id='word_1_140' title='bbox 3481 834 3509 899; x_wconf 77' lang='grc' dir='ltr'>ι’</span> 
     </span>
    </p>
   </div>
   <div class='ocr_carea' id='block_1_22' title="bbox 1920 923 3504 1007">
    <p class='ocr_par' dir='ltr' id='par_1_22' title="bbox 1920 923 3504 1007">
     <span class='ocr_line' id='line_1_22' title="bbox 1920 923 3504 1007; baseline 0.011 -29"><span class='ocrx_word' id='word_1_141' title='bbox 1920 923 1988 978; x_wconf 90' lang='grc' dir='ltr'>Ει</span> <span class='ocrx_word' id='word_1_142' title='bbox 2034 942 2139 980; x_wconf 86' lang='lat' dir='ltr'><strong>non</strong></span> <span class='ocrx_word' id='word_1_143' title='bbox 2170 928 2341 983; x_wconf 83' lang='lat' dir='ltr'><strong>solum</strong></span> <span class='ocrx_word' id='word_1_144' title='bbox 2385 930 2715 998; x_wconf 84' lang='lat' dir='ltr'><strong>sacerdotes,</strong></span> <span class='ocrx_word' id='word_1_145' title='bbox 2745 933 2838 989; x_wconf 91' lang='lat' dir='ltr'><strong>sed</strong></span> <span class='ocrx_word' id='word_1_146' title='bbox 2870 934 3033 989; x_wconf 90' lang='lat' dir='ltr'><strong>etiam</strong></span> <span class='ocrx_word' id='word_1_147' title='bbox 3059 952 3249 1007; x_wconf 86' lang='lat' dir='ltr'><strong>omnes</strong></span> <span class='ocrx_word' id='word_1_148' title='bbox 3279 937 3504 1007; x_wconf 83' lang='lat' dir='ltr'><strong>ﬁdeles;</strong></span> 
     </span>
    </p>
   </div>
   <div class='ocr_carea' id='block_1_23' title="bbox 1921 1007 3506 1100">
    <p class='ocr_par' dir='ltr' id='par_1_23' title="bbox 1921 1007 3506 1100">
     <span class='ocr_line' id='line_1_23' title="bbox 1921 1007 3506 1100; baseline 0.013 -36"><span class='ocrx_word' id='word_1_149' title='bbox 1921 1007 2227 1088; x_wconf 76' lang='lat' dir='ltr'><strong>quicunque</strong></span> <span class='ocrx_word' id='word_1_150' title='bbox 2271 1010 2413 1075; x_wconf 81' lang='lat' dir='ltr'><strong>enim</strong></span> <span class='ocrx_word' id='word_1_151' title='bbox 2454 1022 2625 1077; x_wconf 82' lang='lat' dir='ltr'><strong>ﬁdelis</strong></span> <span class='ocrx_word' id='word_1_152' title='bbox 2657 1024 2932 1094; x_wconf 80' lang='lat' dir='ltr'><strong>proximos</strong></span> <span class='ocrx_word' id='word_1_153' title='bbox 2971 1043 3099 1081; x_wconf 91' lang='lat' dir='ltr'><strong>suos</strong></span> <span class='ocrx_word' id='word_1_154' title='bbox 3152 1042 3181 1081; x_wconf 89' lang='lat' dir='ltr'><strong>a</strong></span> <span class='ocrx_word' id='word_1_155' title='bbox 3234 1030 3506 1100; x_wconf 73' lang='lat' dir='ltr'><strong>pravitate</strong></span> 
     </span>
    </p>
   </div>
   <div class='ocr_carea' id='block_1_24' title="bbox 1921 1107 3508 1189">
    <p class='ocr_par' dir='ltr' id='par_1_24' title="bbox 1921 1107 3508 1189">
     <span class='ocr_line' id='line_1_24' title="bbox 1921 1107 3508 1189; baseline 0.012 -31"><span class='ocrx_word' id='word_1_156' title='bbox 1921 1107 2167 1172; x_wconf 85' lang='lat' dir='ltr'><strong>retrahit,</strong></span> <span class='ocrx_word' id='word_1_157' title='bbox 2201 1118 2255 1164; x_wconf 92' lang='lat' dir='ltr'><strong>et</strong></span> <span class='ocrx_word' id='word_1_158' title='bbox 2284 1127 2377 1167; x_wconf 92' lang='lat' dir='ltr'><strong>eos</strong></span> <span class='ocrx_word' id='word_1_159' title='bbox 2402 1112 2467 1167; x_wconf 89' lang='lat' dir='ltr'><strong>ad</strong></span> <span class='ocrx_word' id='word_1_160' title='bbox 2510 1114 2645 1169; x_wconf 90' lang='lat' dir='ltr'><strong>bene</strong></span> <span class='ocrx_word' id='word_1_161' title='bbox 2686 1116 3017 1185; x_wconf 90' lang='lat' dir='ltr'><strong>operandum</strong></span> <span class='ocrx_word' id='word_1_162' title='bbox 3064 1118 3406 1189; x_wconf 85' lang='lat' dir='ltr'><strong>cohortatur,</strong></span> <span class='ocrx_word' id='word_1_163' title='bbox 3452 1122 3508 1177; x_wconf 84' lang='lat' dir='ltr'><strong>et</strong></span> 
     </span>
    </p>
   </div>
   <div class='ocr_carea' id='block_1_25' title="bbox 1920 1194 3504 1281">
    <p class='ocr_par' dir='ltr' id='par_1_25' title="bbox 1920 1194 3504 1281">
     <span class='ocr_line' id='line_1_25' title="bbox 1920 1194 3504 1281; baseline 0.011 -32"><span class='ocrx_word' id='word_1_164' title='bbox 1920 1195 2000 1279; x_wconf 83' lang='lat' dir='ltr'><strong>eis</strong></span> <span class='ocrx_word' id='word_1_165' title='bbox 2022 1203 2282 1253; x_wconf 78' lang='lat' dir='ltr'><strong>:eleruum</strong></span> <span class='ocrx_word' id='word_1_166' title='bbox 2316 1201 2633 1273; x_wconf 89' lang='lat' dir='ltr'><strong>supplicium</strong></span> <span class='ocrx_word' id='word_1_167' title='bbox 2683 1194 2737 1262; x_wconf 78' lang='lat' dir='ltr'><strong>et</strong></span> <span class='ocrx_word' id='word_1_168' title='bbox 2765 1206 2985 1264; x_wconf 68' lang='lat' dir='ltr'><strong>coalcste</strong></span> <span class='ocrx_word' id='word_1_169' title='bbox 3016 1224 3241 1281; x_wconf 81' lang='lat' dir='ltr'><strong>regnum</strong></span> <span class='ocrx_word' id='word_1_170' title='bbox 3270 1196 3504 1280; x_wconf 82' lang='lat' dir='ltr'><strong>nuntiat,</strong></span> 
     </span>
    </p>
   </div>
   <div class='ocr_carea' id='block_1_26' title="bbox 1921 1292 3513 1377">
    <p class='ocr_par' dir='ltr' id='par_1_26' title="bbox 1921 1292 3513 1377">
     <span class='ocr_line' id='line_1_26' title="bbox 1921 1292 3513 1377; baseline 0.013 -36"><span class='ocrx_word' id='word_1_171' title='bbox 1921 1297 2068 1343; x_wconf 86' lang='lat' dir='ltr'><strong>recte</strong></span> <span class='ocrx_word' id='word_1_172' title='bbox 2100 1292 2320 1361; x_wconf 82' lang='lat' dir='ltr'><strong>angelus</strong></span> <span class='ocrx_word' id='word_1_173' title='bbox 2353 1295 2456 1349; x_wconf 89' lang='lat' dir='ltr'><strong>dici</strong></span> <span class='ocrx_word' id='word_1_174' title='bbox 2483 1307 2680 1369; x_wconf 83' lang='lat' dir='ltr'><strong>potest,</strong></span> <span class='ocrx_word' id='word_1_175' title='bbox 2703 1297 2857 1369; x_wconf 79' lang='lat' dir='ltr'><strong>juxta</strong></span> <span class='ocrx_word' id='word_1_176' title='bbox 2890 1300 3020 1357; x_wconf 91' lang='lat' dir='ltr'><strong>illud</strong></span> <span class='ocrx_word' id='word_1_177' title='bbox 3047 1302 3190 1373; x_wconf 89' lang='lat' dir='ltr'><strong>quod</strong></span> <span class='ocrx_word' id='word_1_178' title='bbox 3216 1292 3269 1358; x_wconf 85' lang='lat' dir='ltr'><strong>in</strong></span> <span class='ocrx_word' id='word_1_179' title='bbox 3296 1298 3513 1377; x_wconf 54' lang='lat' dir='ltr'><strong>Apoca-I</strong></span> 
     </span>
    </p>
   </div>
   <div class='ocr_carea' id='block_1_27' title="bbox 1920 1381 3510 1470">
    <p class='ocr_par' dir='ltr' id='par_1_27' title="bbox 1920 1381 3510 1470">
     <span class='ocr_line' id='line_1_27' title="bbox 1920 1381 3510 1470; baseline 0.013 -37"><span class='ocrx_word' id='word_1_180' title='bbox 1920 1381 2053 1455; x_wconf 77' lang='lat' dir='ltr'><strong>lypsi</strong></span> <span class='ocrx_word' id='word_1_181' title='bbox 2084 1385 2307 1456; x_wconf 89' lang='lat' dir='ltr'><strong>legitur:</strong></span> <span class='ocrx_word' id='word_1_182' title='bbox 2334 1406 2350 1437; x_wconf 78' lang='grc' dir='ltr'><strong>ι</strong></span> <span class='ocrx_word' id='word_1_183' title='bbox 2380 1386 2481 1455; x_wconf 92' lang='lat' dir='ltr'><strong>Qui</strong></span> <span class='ocrx_word' id='word_1_184' title='bbox 2515 1390 2662 1444; x_wconf 89' lang='lat' dir='ltr'><strong>audit</strong></span> <span class='ocrx_word' id='word_1_185' title='bbox 2690 1390 3037 1461; x_wconf 78' lang='lat' dir='ltr'><strong>dicat:Veni,</strong></span> <span class='ocrx_word' id='word_1_186' title='bbox 3062 1414 3079 1445; x_wconf 78' lang='grc' dir='ltr'><strong>ι</strong></span> <span class='ocrx_word' id='word_1_187' title='bbox 3102 1394 3155 1449; x_wconf 91' lang='lat' dir='ltr'><strong>id</strong></span> <span class='ocrx_word' id='word_1_188' title='bbox 3185 1404 3267 1452; x_wconf 86' lang='lat' dir='ltr'><strong>est</strong></span> <span class='ocrx_word' id='word_1_189' title='bbox 3296 1382 3385 1470; x_wconf 79' lang='lat' dir='ltr'><strong>qui</strong></span> <span class='ocrx_word' id='word_1_190' title='bbox 3414 1396 3510 1455; x_wconf 87' lang='lat' dir='ltr'><strong>ali-</strong></span> 
     </span>
    </p>
   </div>
   <div class='ocr_carea' id='block_1_28' title="bbox 1921 1478 3509 1560">
    <p class='ocr_par' dir='ltr' id='par_1_28' title="bbox 1921 1478 3509 1560">
     <span class='ocr_line' id='line_1_28' title="bbox 1921 1478 3509 1560; baseline 0.013 -34"><span class='ocrx_word' id='word_1_191' title='bbox 1921 1488 2081 1542; x_wconf 83' lang='lat' dir='ltr'><strong>quam</strong></span> <span class='ocrx_word' id='word_1_192' title='bbox 2136 1478 2435 1547; x_wconf 88' lang='lat' dir='ltr'><strong>spiritalem</strong></span> <span class='ocrx_word' id='word_1_193' title='bbox 2481 1485 2711 1552; x_wconf 83' lang='lat' dir='ltr'><strong>gratiam</strong></span> <span class='ocrx_word' id='word_1_194' title='bbox 2760 1498 2857 1554; x_wconf 89' lang='lat' dir='ltr'><strong>per</strong></span> <span class='ocrx_word' id='word_1_195' title='bbox 2882 1485 3149 1542; x_wconf 89' lang='lat' dir='ltr'><strong>occultam</strong></span> <span class='ocrx_word' id='word_1_196' title='bbox 3200 1489 3509 1560; x_wconf 60' lang='lat' dir='ltr'><strong>inspiratioo</strong></span> 
     </span>
    </p>
   </div>
   <div class='ocr_carea' id='block_1_29' title="bbox 1919 1563 3503 1646">
    <p class='ocr_par' dir='ltr' id='par_1_29' title="bbox 1919 1563 3503 1646">
     <span class='ocr_line' id='line_1_29' title="bbox 1919 1563 3503 1646; baseline 0.011 -27"><span class='ocrx_word' id='word_1_197' title='bbox 1919 1581 2044 1619; x_wconf 91' lang='lat' dir='ltr'><strong>nem</strong></span> <span class='ocrx_word' id='word_1_198' title='bbox 2100 1567 2318 1638; x_wconf 89' lang='lat' dir='ltr'><strong>accipit,</strong></span> <span class='ocrx_word' id='word_1_199' title='bbox 2375 1576 2429 1624; x_wconf 87' lang='lat' dir='ltr'><strong>et</strong></span> <span class='ocrx_word' id='word_1_200' title='bbox 2487 1563 2732 1642; x_wconf 86' lang='lat' dir='ltr'><strong>proximo</strong></span> <span class='ocrx_word' id='word_1_201' title='bbox 2796 1566 2901 1630; x_wconf 87' lang='lat' dir='ltr'><strong>suo</strong></span> <span class='ocrx_word' id='word_1_202' title='bbox 2965 1568 3219 1633; x_wconf 79' lang='lat' dir='ltr'><strong>nuntiare</strong></span> <span class='ocrx_word' id='word_1_203' title='bbox 3259 1566 3503 1646; x_wconf 29' lang='lat' dir='ltr'><strong>’studeat,</strong></span> 
     </span>
    </p>
   </div>
   <div class='ocr_carea' id='block_1_30' title="bbox 1918 1654 3519 1745">
    <p class='ocr_par' dir='ltr' id='par_1_30' title="bbox 1918 1654 3519 1745">
     <span class='ocr_line' id='line_1_30' title="bbox 1918 1654 3519 1745; baseline 0.012 -35"><span class='ocrx_word' id='word_1_204' title='bbox 1918 1666 2191 1745; x_wconf 81' lang='lat' dir='ltr'><strong>quatenus</strong></span> <span class='ocrx_word' id='word_1_205' title='bbox 2226 1654 2339 1733; x_wconf 79' lang='lat' dir='ltr'><strong>ipse</strong></span> <span class='ocrx_word' id='word_1_206' title='bbox 2380 1662 2583 1730; x_wconf 84' lang='lat' dir='ltr'><strong>veniat,</strong></span> <span class='ocrx_word' id='word_1_207' title='bbox 2631 1672 2686 1720; x_wconf 88' lang='lat' dir='ltr'><strong>et</strong></span> <span class='ocrx_word' id='word_1_208' title='bbox 2718 1681 2840 1722; x_wconf 86' lang='lat' dir='ltr'><strong>cum</strong></span> <span class='ocrx_word' id='word_1_209' title='bbox 2869 1680 2935 1722; x_wconf 90' lang='lat' dir='ltr'><strong>eo</strong></span> <span class='ocrx_word' id='word_1_210' title='bbox 2981 1668 3232 1740; x_wconf 89' lang='lat' dir='ltr'><strong>accipiat.</strong></span> <span class='ocrx_word' id='word_1_211' title='bbox 3260 1670 3398 1727; x_wconf 87' lang='lat' dir='ltr'><strong>Hinc</strong></span> <span class='ocrx_word' id='word_1_212' title='bbox 3427 1658 3519 1729; x_wconf 33' lang='lat' dir='ltr'><strong>est]</strong></span> 
     </span>
    </p>
   </div>
   <div class='ocr_carea' id='block_1_31' title="bbox 1918 1748 3519 1833">
    <p class='ocr_par' dir='ltr' id='par_1_31' title="bbox 1918 1748 3519 1833">
     <span class='ocr_line' id='line_1_31' title="bbox 1918 1748 3519 1833; baseline 0.011 -30"><span class='ocrx_word' id='word_1_213' title='bbox 1918 1750 2079 1804; x_wconf 91' lang='lat' dir='ltr'><strong>etiam</strong></span> <span class='ocrx_word' id='word_1_214' title='bbox 2113 1751 2256 1820; x_wconf 89' lang='lat' dir='ltr'><strong>quod</strong></span> <span class='ocrx_word' id='word_1_215' title='bbox 2298 1753 2348 1807; x_wconf 92' lang='lat' dir='ltr'><strong>in</strong></span> <span class='ocrx_word' id='word_1_216' title='bbox 2385 1754 2582 1825; x_wconf 92' lang='lat' dir='ltr'><strong>templo</strong></span> <span class='ocrx_word' id='word_1_217' title='bbox 2608 1754 2823 1811; x_wconf 88' lang='lat' dir='ltr'><strong>Domini</strong></span> <span class='ocrx_word' id='word_1_218' title='bbox 2850 1775 2956 1814; x_wconf 91' lang='lat' dir='ltr'><strong>non</strong></span> <span class='ocrx_word' id='word_1_219' title='bbox 2985 1748 3157 1816; x_wconf 90' lang='lat' dir='ltr'><strong>solum</strong></span> <span class='ocrx_word' id='word_1_220' title='bbox 3192 1760 3385 1833; x_wconf 85' lang='lat' dir='ltr'><strong>phialae</strong></span> <span class='ocrx_word' id='word_1_221' title='bbox 3414 1750 3519 1822; x_wconf 63' lang='lat' dir='ltr'><strong>sed</strong></span> 
     </span>
    </p>
   </div>
   <div class='ocr_carea' id='block_1_32' title="bbox 1915 1838 3516 1923">
    <p class='ocr_par' dir='ltr' id='par_1_32' title="bbox 1915 1838 3516 1923">
     <span class='ocr_line' id='line_1_32' title="bbox 1915 1838 3516 1923; baseline 0.012 -30"><span class='ocrx_word' id='word_1_222' title='bbox 1915 1840 2077 1895; x_wconf 88' lang='lat' dir='ltr'><strong>etiam</strong></span> <span class='ocrx_word' id='word_1_223' title='bbox 2098 1842 2272 1913; x_wconf 85' lang='lat' dir='ltr'><strong>cyathi</strong></span> <span class='ocrx_word' id='word_1_224' title='bbox 2299 1839 2425 1898; x_wconf 83' lang='lat' dir='ltr'><strong>facti</strong></span> <span class='ocrx_word' id='word_1_225' title='bbox 2454 1855 2597 1900; x_wconf 92' lang='lat' dir='ltr'><strong>sunt.</strong></span> <span class='ocrx_word' id='word_1_226' title='bbox 2630 1843 2890 1917; x_wconf 77' lang='lat' dir='ltr'><strong>Sequitur</strong></span> <span class='ocrx_word' id='word_1_227' title='bbox 2914 1867 2927 1903; x_wconf 87' lang='lat'><strong>:</strong></span> <span class='ocrx_word' id='word_1_228' title='bbox 2950 1868 2967 1900; x_wconf 76' lang='grc' dir='ltr'><strong>ι</strong></span> <span class='ocrx_word' id='word_1_229' title='bbox 2989 1849 3157 1907; x_wconf 88' lang='lat' dir='ltr'><strong>Amen</strong></span> <span class='ocrx_word' id='word_1_230' title='bbox 3183 1838 3304 1909; x_wconf 90' lang='lat' dir='ltr'><strong>dico</strong></span> <span class='ocrx_word' id='word_1_231' title='bbox 3330 1842 3516 1923; x_wconf 57' lang='lat' dir='ltr'><strong>vobis,</strong></span> 
     </span>
    </p>
   </div>
   <div class='ocr_carea' id='block_1_33' title="bbox 226 1925 3517 2017">
    <p class='ocr_par' dir='ltr' id='par_1_33' title="bbox 226 1925 3517 2017">
     <span class='ocr_line' id='line_1_33' title="bbox 226 1925 3517 2017; baseline 0.005 -30"><span class='ocrx_word' id='word_1_232' title='bbox 226 1930 392 1987; x_wconf 77' lang='lat' dir='ltr'><strong>verba</strong></span> <span class='ocrx_word' id='word_1_233' title='bbox 444 1932 765 2003; x_wconf 90' lang='lat' dir='ltr'><strong>sapientium</strong></span> <span class='ocrx_word' id='word_1_234' title='bbox 828 1931 1061 1987; x_wconf 90' lang='lat' dir='ltr'><strong>stimulis</strong></span> <span class='ocrx_word' id='word_1_235' title='bbox 1117 1939 1171 1987; x_wconf 91' lang='lat' dir='ltr'><strong>et</strong></span> <span class='ocrx_word' id='word_1_236' title='bbox 1209 1930 1376 1986; x_wconf 84' lang='lat' dir='ltr'><strong>clavis</strong></span> <span class='ocrx_word' id='word_1_237' title='bbox 1419 1925 1811 1996; x_wconf 82' lang='lat' dir='ltr'><strong>assimilantur,</strong></span> <span class='ocrx_word' id='word_1_238' title='bbox 1848 1944 1892 2004; x_wconf 73' lang='grc' dir='ltr'><strong>Β</strong></span> <span class='ocrx_word' id='word_1_239' title='bbox 1920 1947 2028 1987; x_wconf 84' lang='grc' dir='ltr'>ιιοη</span> <span class='ocrx_word' id='word_1_240' title='bbox 2073 1937 2307 1991; x_wconf 78' lang='lat' dir='ltr'><strong>surrexit</strong></span> <span class='ocrx_word' id='word_1_241' title='bbox 2366 1936 2506 1992; x_wconf 89' lang='lat' dir='ltr'><strong>inter</strong></span> <span class='ocrx_word' id='word_1_242' title='bbox 2542 1947 2698 1994; x_wconf 83' lang='lat' dir='ltr'><strong>natos</strong></span> <span class='ocrx_word' id='word_1_243' title='bbox 2747 1934 3031 1996; x_wconf 83' lang='lat' dir='ltr'><strong>mulierum</strong></span> <span class='ocrx_word' id='word_1_244' title='bbox 3084 1942 3260 2017; x_wconf 90' lang='lat' dir='ltr'><strong>major</strong></span> <span class='ocrx_word' id='word_1_245' title='bbox 3293 1938 3517 2002; x_wconf 62' lang='lat' dir='ltr'><strong>Joanne&#39;</strong></span> 
     </span>
    </p>
   </div>
   <div class='ocr_carea' id='block_1_34' title="bbox 225 2021 1815 2097">
    <p class='ocr_par' dir='ltr' id='par_1_34' title="bbox 225 2021 1815 2097">
     <span class='ocr_line' id='line_1_34' title="bbox 225 2021 1815 2097; baseline -0.001 -20"><span class='ocrx_word' id='word_1_246' title='bbox 225 2025 355 2097; x_wconf 86' lang='lat' dir='ltr'><strong>quia</strong></span> <span class='ocrx_word' id='word_1_247' title='bbox 393 2024 577 2095; x_wconf 85' lang='lat' dir='ltr'><strong>culpas</strong></span> <span class='ocrx_word' id='word_1_248' title='bbox 607 2025 948 2095; x_wconf 88' lang='lat' dir='ltr'><strong>peccantium</strong></span> <span class='ocrx_word' id='word_1_249' title='bbox 996 2022 1247 2077; x_wconf 87' lang='lat' dir='ltr'><strong>nesciunt</strong></span> <span class='ocrx_word' id='word_1_250' title='bbox 1288 2021 1528 2092; x_wconf 88' lang='lat' dir='ltr'><strong>palpare,</strong></span> <span class='ocrx_word' id='word_1_251' title='bbox 1560 2022 1652 2075; x_wconf 88' lang='lat' dir='ltr'><strong>sed</strong></span> <span class='ocrx_word' id='word_1_252' title='bbox 1683 2037 1815 2092; x_wconf 90' lang='lat' dir='ltr'><strong>pun-</strong></span> 
     </span>
    </p>
   </div>
   <div class='ocr_carea' id='block_1_35' title="bbox 227 2100 1823 2191">
    <p class='ocr_par' dir='ltr' id='par_1_35' title="bbox 227 2100 1823 2191">
     <span class='ocr_line' id='line_1_35' title="bbox 227 2100 1823 2191; baseline -0.003 -20"><span class='ocrx_word' id='word_1_253' title='bbox 227 2134 389 2191; x_wconf 90' lang='lat' dir='ltr'><strong>gere;</strong></span> <span class='ocrx_word' id='word_1_254' title='bbox 441 2115 686 2171; x_wconf 89' lang='lat' dir='ltr'><strong>nesciunt</strong></span> <span class='ocrx_word' id='word_1_255' title='bbox 735 2100 935 2181; x_wconf 78' lang='lat' dir='ltr'><strong>fovere,</strong></span> <span class='ocrx_word' id='word_1_256' title='bbox 965 2114 1080 2180; x_wconf 48' lang='lat' dir='ltr'><strong>,sed</strong></span> <span class='ocrx_word' id='word_1_257' title='bbox 1125 2114 1427 2184; x_wconf 89' lang='lat' dir='ltr'><strong>increpare.</strong></span> <span class='ocrx_word' id='word_1_258' title='bbox 1491 2133 1509 2165; x_wconf 76' lang='grc' dir='ltr'><strong>ι</strong></span> <span class='ocrx_word' id='word_1_259' title='bbox 1538 2111 1644 2167; x_wconf 88' lang='lat' dir='ltr'><strong>Sed</strong></span> <span class='ocrx_word' id='word_1_260' title='bbox 1686 2110 1823 2184; x_wconf 85' lang='lat' dir='ltr'><strong>quid‘</strong></span> 
     </span>
    </p>
   </div>
   <div class='ocr_carea' id='block_1_36' title="bbox 224 2206 1813 2280">
    <p class='ocr_par' dir='ltr' id='par_1_36' title="bbox 224 2206 1813 2280">
     <span class='ocr_line' id='line_1_36' title="bbox 224 2206 1813 2280; baseline -0.004 -14"><span class='ocrx_word' id='word_1_261' title='bbox 224 2213 417 2267; x_wconf 81' lang='lat' dir='ltr'><strong>existis</strong></span> <span class='ocrx_word' id='word_1_262' title='bbox 449 2206 666 2267; x_wconf 84' lang='lat' dir='ltr'><strong>videre?</strong></span> <span class='ocrx_word' id='word_1_263' title='bbox 720 2210 1067 2280; x_wconf 84' lang='lat' dir='ltr'><strong>Prophetam.</strong></span> <span class='ocrx_word' id='word_1_264' title='bbox 1103 2229 1119 2261; x_wconf 73' lang='grc' dir='ltr'><strong>ι</strong></span> <span class='ocrx_word' id='word_1_265' title='bbox 1171 2209 1322 2277; x_wconf 86' lang='lat' dir='ltr'><strong>Quod</strong></span> <span class='ocrx_word' id='word_1_266' title='bbox 1357 2209 1497 2262; x_wconf 87' lang='lat' dir='ltr'><strong>enim</strong></span> <span class='ocrx_word' id='word_1_267' title='bbox 1556 2207 1813 2261; x_wconf 90' lang='lat' dir='ltr'><strong>Dominus</strong></span> 
     </span>
    </p>
   </div>
   <div class='ocr_carea' id='block_1_37' title="bbox 227 2302 1826 2375">
    <p class='ocr_par' dir='ltr' id='par_1_37' title="bbox 227 2302 1826 2375">
     <span class='ocr_line' id='line_1_37' title="bbox 227 2302 1826 2375; baseline -0.001 -17"><span class='ocrx_word' id='word_1_268' title='bbox 227 2306 395 2359; x_wconf 86' lang='lat' dir='ltr'><strong>dicit:</strong></span> <span class='ocrx_word' id='word_1_269' title='bbox 435 2324 453 2356; x_wconf 75' lang='grc' dir='ltr'><strong>ι</strong></span> <span class='ocrx_word' id='word_1_270' title='bbox 478 2303 582 2359; x_wconf 88' lang='lat' dir='ltr'><strong>Sed</strong></span> <span class='ocrx_word' id='word_1_271' title='bbox 617 2304 744 2375; x_wconf 90' lang='lat' dir='ltr'><strong>quid</strong></span> <span class='ocrx_word' id='word_1_272' title='bbox 773 2305 962 2359; x_wconf 79' lang='lat' dir='ltr'><strong>existis</strong></span> <span class='ocrx_word' id='word_1_273' title='bbox 990 2304 1250 2359; x_wconf 65' lang='lat' dir='ltr'><strong>videre?»</strong></span> <span class='ocrx_word' id='word_1_274' title='bbox 1288 2319 1391 2358; x_wconf 90' lang='lat' dir='ltr'><strong>non</strong></span> <span class='ocrx_word' id='word_1_275' title='bbox 1424 2304 1526 2359; x_wconf 90' lang='lat' dir='ltr'><strong>hoc</strong></span> <span class='ocrx_word' id='word_1_276' title='bbox 1568 2302 1826 2374; x_wconf 80' lang='lat' dir='ltr'><strong>negando</strong></span> 
     </span>
    </p>
   </div>
   <div class='ocr_carea' id='block_1_38' title="bbox 226 2384 1823 2467">
    <p class='ocr_par' dir='ltr' id='par_1_38' title="bbox 226 2384 1823 2467">
     <span class='ocr_line' id='line_1_38' title="bbox 226 2384 1823 2467; baseline -0.005 -13"><span class='ocrx_word' id='word_1_277' title='bbox 226 2396 371 2454; x_wconf 85' lang='lat' dir='ltr'><strong>sicut</strong></span> <span class='ocrx_word' id='word_1_278' title='bbox 411 2397 680 2467; x_wconf 87' lang='lat' dir='ltr'><strong>superius,</strong></span> <span class='ocrx_word' id='word_1_279' title='bbox 726 2396 817 2452; x_wconf 87' lang='lat' dir='ltr'><strong>sed</strong></span> <span class='ocrx_word' id='word_1_280' title='bbox 861 2397 1042 2467; x_wconf 88' lang='lat' dir='ltr'><strong>potius</strong></span> <span class='ocrx_word' id='word_1_281' title='bbox 1091 2394 1417 2449; x_wconf 83' lang='lat' dir='ltr'><strong>afﬁrmando</strong></span> <span class='ocrx_word' id='word_1_282' title='bbox 1451 2394 1558 2460; x_wconf 87' lang='lat' dir='ltr'><strong>ait;</strong></span> <span class='ocrx_word' id='word_1_283' title='bbox 1591 2394 1731 2447; x_wconf 90' lang='lat' dir='ltr'><strong>unde</strong></span> <span class='ocrx_word' id='word_1_284' title='bbox 1762 2384 1823 2447; x_wconf 82' lang='grc' dir='ltr'><strong>ει</strong></span> 
     </span>
    </p>
   </div>
   <div class='ocr_carea' id='block_1_39' title="bbox 225 2468 1813 2560">
    <p class='ocr_par' dir='ltr' id='par_1_39' title="bbox 225 2468 1813 2560">
     <span class='ocr_line' id='line_1_39' title="bbox 225 2468 1813 2560; baseline -0.005 -16"><span class='ocrx_word' id='word_1_285' title='bbox 225 2503 355 2545; x_wconf 78' lang='lat' dir='ltr'><strong>mox</strong></span> <span class='ocrx_word' id='word_1_286' title='bbox 379 2468 652 2560; x_wconf 85' lang='lat' dir='ltr'><strong>subjungit</strong></span> <span class='ocrx_word' id='word_1_287' title='bbox 676 2505 689 2542; x_wconf 91' lang='lat'><strong>:</strong></span> <span class='ocrx_word' id='word_1_288' title='bbox 729 2506 748 2538; x_wconf 84' lang='lat'><strong>(</strong></span> <span class='ocrx_word' id='word_1_289' title='bbox 778 2476 1091 2543; x_wconf 15' lang='lat' dir='ltr'><strong>etiamidico</strong></span> <span class='ocrx_word' id='word_1_290' title='bbox 1123 2486 1275 2541; x_wconf 87' lang='lat' dir='ltr'><strong>vobis</strong></span> <span class='ocrx_word' id='word_1_291' title='bbox 1300 2496 1349 2541; x_wconf 93' lang='lat' dir='ltr'><strong>et</strong></span> <span class='ocrx_word' id='word_1_292' title='bbox 1378 2485 1658 2556; x_wconf 87' lang='lat' dir='ltr'><strong>plusquam</strong></span> <span class='ocrx_word' id='word_1_293' title='bbox 1685 2499 1813 2554; x_wconf 85' lang='lat' dir='ltr'><strong>pro-</strong></span> 
     </span>
    </p>
   </div>
   <div class='ocr_carea' id='block_1_40' title="bbox 226 2566 1823 2652">
    <p class='ocr_par' dir='ltr' id='par_1_40' title="bbox 226 2566 1823 2652">
     <span class='ocr_line' id='line_1_40' title="bbox 226 2566 1823 2652; baseline -0.004 -18"><span class='ocrx_word' id='word_1_294' title='bbox 226 2566 464 2652; x_wconf 83' lang='lat' dir='ltr'><strong>phetam.</strong></span> <span class='ocrx_word' id='word_1_295' title='bbox 493 2597 511 2630; x_wconf 78' lang='grc' dir='ltr'><strong>ι</strong></span> <span class='ocrx_word' id='word_1_296' title='bbox 545 2577 649 2634; x_wconf 89' lang='lat' dir='ltr'><strong>Sed</strong></span> <span class='ocrx_word' id='word_1_297' title='bbox 685 2578 1031 2649; x_wconf 66' lang='lat' dir='ltr'><strong>quaerendum</strong></span> <span class='ocrx_word' id='word_1_298' title='bbox 1061 2586 1145 2633; x_wconf 88' lang='lat' dir='ltr'><strong>est</strong></span> <span class='ocrx_word' id='word_1_299' title='bbox 1172 2593 1341 2647; x_wconf 91' lang='lat' dir='ltr'><strong>quare</strong></span> <span class='ocrx_word' id='word_1_300' title='bbox 1385 2576 1644 2631; x_wconf 89' lang='lat' dir='ltr'><strong>Dominus</strong></span> <span class='ocrx_word' id='word_1_301' title='bbox 1673 2576 1823 2629; x_wconf 80' lang='lat' dir='ltr'><strong>dicat</strong></span> 
     </span>
    </p>
   </div>
   <div class='ocr_carea' id='block_1_41' title="bbox 226 2668 1817 2746">
    <p class='ocr_par' dir='ltr' id='par_1_41' title="bbox 226 2668 1817 2746">
     <span class='ocr_line' id='line_1_41' title="bbox 226 2668 1817 2746; baseline -0.006 -16"><span class='ocrx_word' id='word_1_302' title='bbox 226 2674 487 2731; x_wconf 85' lang='lat' dir='ltr'><strong>Joannem</strong></span> <span class='ocrx_word' id='word_1_303' title='bbox 516 2675 798 2746; x_wconf 86' lang='lat' dir='ltr'><strong>plusquam</strong></span> <span class='ocrx_word' id='word_1_304' title='bbox 822 2675 1160 2746; x_wconf 87' lang='lat' dir='ltr'><strong>prephetam,</strong></span> <span class='ocrx_word' id='word_1_305' title='bbox 1190 2688 1311 2726; x_wconf 89' lang='lat' dir='ltr'><strong>cum</strong></span> <span class='ocrx_word' id='word_1_306' title='bbox 1342 2671 1454 2741; x_wconf 89' lang='lat' dir='ltr'><strong>ipse</strong></span> <span class='ocrx_word' id='word_1_307' title='bbox 1481 2670 1605 2724; x_wconf 89' lang='lat' dir='ltr'><strong>alibi</strong></span> <span class='ocrx_word' id='word_1_308' title='bbox 1636 2668 1817 2741; x_wconf 88' lang='lat' dir='ltr'><strong>requi-</strong></span> 
     </span>
    </p>
   </div>
   <div class='ocr_carea' id='block_1_42' title="bbox 230 2759 1815 2839">
    <p class='ocr_par' dir='ltr' id='par_1_42' title="bbox 230 2759 1815 2839">
     <span class='ocr_line' id='line_1_42' title="bbox 230 2759 1815 2839; baseline -0.006 -16"><span class='ocrx_word' id='word_1_309' title='bbox 230 2760 369 2823; x_wconf 85' lang='lat' dir='ltr'><strong>situs</strong></span> <span class='ocrx_word' id='word_1_310' title='bbox 416 2767 694 2839; x_wconf 78' lang='lat' dir='ltr'><strong>negaverit</strong></span> <span class='ocrx_word' id='word_1_311' title='bbox 738 2781 796 2821; x_wconf 91' lang='lat' dir='ltr'><strong>se</strong></span> <span class='ocrx_word' id='word_1_312' title='bbox 842 2781 961 2821; x_wconf 89' lang='lat' dir='ltr'><strong>csse</strong></span> <span class='ocrx_word' id='word_1_313' title='bbox 998 2763 1335 2839; x_wconf 84' lang='lat' dir='ltr'><strong>preplietam.</strong></span> <span class='ocrx_word' id='word_1_314' title='bbox 1382 2762 1631 2832; x_wconf 76' lang='lat' dir='ltr'><strong>Nunquid</strong></span> <span class='ocrx_word' id='word_1_315' title='bbox 1672 2759 1815 2814; x_wconf 86' lang='lat' dir='ltr'><strong>aliud</strong></span> 
     </span>
    </p>
   </div>
   <div class='ocr_carea' id='block_1_43' title="bbox 230 2844 1825 2925">
    <p class='ocr_par' dir='ltr' id='par_1_43' title="bbox 230 2844 1825 2925">
     <span class='ocr_line' id='line_1_43' title="bbox 230 2844 1825 2925; baseline -0.006 -11"><span class='ocrx_word' id='word_1_316' title='bbox 230 2858 448 2914; x_wconf 78' lang='lat' dir='ltr'><strong>Veritas</strong></span> <span class='ocrx_word' id='word_1_317' title='bbox 486 2856 703 2922; x_wconf 88' lang='lat' dir='ltr'><strong>clamat,</strong></span> <span class='ocrx_word' id='word_1_318' title='bbox 734 2865 787 2912; x_wconf 89' lang='lat' dir='ltr'><strong>et</strong></span> <span class='ocrx_word' id='word_1_319' title='bbox 815 2855 956 2911; x_wconf 86' lang='lat' dir='ltr'><strong>aliud</strong></span> <span class='ocrx_word' id='word_1_320' title='bbox 980 2860 1159 2925; x_wconf 78' lang='lat' dir='ltr'><strong>pnecu</strong></span> <span class='ocrx_word' id='word_1_321' title='bbox 1191 2853 1450 2909; x_wconf 73' lang='lat' dir='ltr'><strong>Veritatis</strong></span> <span class='ocrx_word' id='word_1_322' title='bbox 1484 2851 1770 2908; x_wconf 86' lang='lat' dir='ltr'><strong>denuntiat</strong></span> <span class='ocrx_word' id='word_1_323' title='bbox 1794 2844 1825 2905; x_wconf 64' lang='grc' dir='ltr'><strong>ἵν</strong></span> 
     </span>
    </p>
   </div>
   <div class='ocr_carea' id='block_1_44' title="bbox 231 2942 1815 3014">
    <p class='ocr_par' dir='ltr' id='par_1_44' title="bbox 231 2942 1815 3014">
     <span class='ocr_line' id='line_1_44' title="bbox 231 2942 1815 3014; baseline -0.007 -8"><span class='ocrx_word' id='word_1_324' title='bbox 231 2948 338 3006; x_wconf 72' lang='lat' dir='ltr'><strong>Sed</strong></span> <span class='ocrx_word' id='word_1_325' title='bbox 366 2965 471 3005; x_wconf 90' lang='lat' dir='ltr'><strong>non</strong></span> <span class='ocrx_word' id='word_1_326' title='bbox 502 2947 661 3003; x_wconf 85' lang='lat' dir='ltr'><strong>debet</strong></span> <span class='ocrx_word' id='word_1_327' title='bbox 688 2948 857 3003; x_wconf 87' lang='lat' dir='ltr'><strong>videri</strong></span> <span class='ocrx_word' id='word_1_328' title='bbox 909 2946 1260 3011; x_wconf 90' lang='lat' dir='ltr'><strong>contrarium,</strong></span> <span class='ocrx_word' id='word_1_329' title='bbox 1288 2945 1414 3014; x_wconf 90' lang='lat' dir='ltr'><strong>quia</strong></span> <span class='ocrx_word' id='word_1_330' title='bbox 1460 2944 1599 2998; x_wconf 90' lang='lat' dir='ltr'><strong>unde</strong></span> <span class='ocrx_word' id='word_1_331' title='bbox 1630 2942 1815 2998; x_wconf 82' lang='lat' dir='ltr'><strong>Domi-</strong></span> 
     </span>
    </p>
   </div>
   <div class='ocr_carea' id='block_1_45' title="bbox 231 3033 1816 3108">
    <p class='ocr_par' dir='ltr' id='par_1_45' title="bbox 231 3033 1816 3108">
     <span class='ocr_line' id='line_1_45' title="bbox 231 3033 1816 3108; baseline -0.003 -14"><span class='ocrx_word' id='word_1_332' title='bbox 231 3056 333 3094; x_wconf 77' lang='lat' dir='ltr'><strong>Ius</strong></span> <span class='ocrx_word' id='word_1_333' title='bbox 380 3054 502 3093; x_wconf 89' lang='lat' dir='ltr'><strong>eum</strong></span> <span class='ocrx_word' id='word_1_334' title='bbox 545 3038 675 3093; x_wconf 84' lang='lat' dir='ltr'><strong>dicit</strong></span> <span class='ocrx_word' id='word_1_335' title='bbox 723 3052 844 3093; x_wconf 89' lang='lat' dir='ltr'><strong>esse</strong></span> <span class='ocrx_word' id='word_1_336' title='bbox 880 3036 1164 3108; x_wconf 84' lang='lat' dir='ltr'><strong>plusquam</strong></span> <span class='ocrx_word' id='word_1_337' title='bbox 1213 3037 1551 3106; x_wconf 86' lang='lat' dir='ltr'><strong>prophetam,</strong></span> <span class='ocrx_word' id='word_1_338' title='bbox 1599 3033 1722 3089; x_wconf 90' lang='lat' dir='ltr'><strong>inde</strong></span> <span class='ocrx_word' id='word_1_339' title='bbox 1756 3048 1816 3089; x_wconf 87' lang='lat' dir='ltr'><strong>se</strong></span> 
     </span>
    </p>
   </div>
   <div class='ocr_carea' id='block_1_46' title="bbox 227 3123 1817 3202">
    <p class='ocr_par' dir='ltr' id='par_1_46' title="bbox 227 3123 1817 3202">
     <span class='ocr_line' id='line_1_46' title="bbox 227 3123 1817 3202; baseline -0.004 -15"><span class='ocrx_word' id='word_1_340' title='bbox 227 3123 734 3200; x_wconf 76' lang='lat' dir='ltr'><strong>Joannes&#39;negavit</strong></span> <span class='ocrx_word' id='word_1_341' title='bbox 786 3146 906 3186; x_wconf 88' lang='lat' dir='ltr'><strong>esse</strong></span> <span class='ocrx_word' id='word_1_342' title='bbox 969 3131 1306 3202; x_wconf 81' lang='lat' dir='ltr'><strong>prophetam.</strong></span> <span class='ocrx_word' id='word_1_343' title='bbox 1357 3126 1489 3182; x_wconf 81' lang='lat' dir='ltr'><strong>Nam</strong></span> <span class='ocrx_word' id='word_1_344' title='bbox 1541 3128 1817 3198; x_wconf 73' lang='lat' dir='ltr'><strong>propheta:</strong></span> 
     </span>
    </p>
   </div>
   <div class='ocr_carea' id='block_1_47' title="bbox 228 3218 1821 3292">
    <p class='ocr_par' dir='ltr' id='par_1_47' title="bbox 228 3218 1821 3292">
     <span class='ocr_line' id='line_1_47' title="bbox 228 3218 1821 3292; baseline -0.005 -13"><span class='ocrx_word' id='word_1_345' title='bbox 228 3225 464 3280; x_wconf 76' lang='lat' dir='ltr'><strong>cilicium</strong></span> <span class='ocrx_word' id='word_1_346' title='bbox 498 3231 721 3277; x_wconf 88' lang='lat' dir='ltr'><strong>ventura</strong></span> <span class='ocrx_word' id='word_1_347' title='bbox 747 3231 829 3278; x_wconf 91' lang='lat' dir='ltr'><strong>est</strong></span> <span class='ocrx_word' id='word_1_348' title='bbox 860 3222 1170 3292; x_wconf 60' lang='lat' dir='ltr'><strong>praedicere,</strong></span> <span class='ocrx_word' id='word_1_349' title='bbox 1197 3237 1303 3275; x_wconf 90' lang='lat' dir='ltr'><strong>non</strong></span> <span class='ocrx_word' id='word_1_350' title='bbox 1330 3220 1495 3275; x_wconf 87' lang='lat' dir='ltr'><strong>etiam</strong></span> <span class='ocrx_word' id='word_1_351' title='bbox 1525 3218 1821 3289; x_wconf 72' lang='lat' dir='ltr'><strong>praesentia</strong></span> 
     </span>
    </p>
   </div>
   <div class='ocr_carea' id='block_1_48' title="bbox 1917 2016 3515 2105">
    <p class='ocr_par' dir='ltr' id='par_1_48' title="bbox 1917 2016 3515 2105">
     <span class='ocr_line' id='line_1_48' title="bbox 1917 2016 3515 2105; baseline 0.011 -28"><span class='ocrx_word' id='word_1_352' title='bbox 1917 2022 2180 2101; x_wconf 87' lang='lat' dir='ltr'><strong>Baptista.</strong></span> <span class='ocrx_word' id='word_1_353' title='bbox 2202 2047 2221 2079; x_wconf 73' lang='grc' dir='ltr'><strong>ι</strong></span> <span class='ocrx_word' id='word_1_354' title='bbox 2259 2026 2393 2095; x_wconf 89' lang='lat' dir='ltr'><strong>Quia</strong></span> <span class='ocrx_word' id='word_1_355' title='bbox 2425 2027 2639 2084; x_wconf 85' lang='lat' dir='ltr'><strong>dixerat</strong></span> <span class='ocrx_word' id='word_1_356' title='bbox 2666 2031 2924 2088; x_wconf 87' lang='lat' dir='ltr'><strong>Dominus</strong></span> <span class='ocrx_word' id='word_1_357' title='bbox 2950 2016 3198 2105; x_wconf 84' lang='lat' dir='ltr'><strong>superius</strong></span> <span class='ocrx_word' id='word_1_358' title='bbox 3242 2016 3515 2095; x_wconf 53' lang='lat' dir='ltr'><strong>Joannem&quot;</strong></span> 
     </span>
    </p>
   </div>
   <div class='ocr_carea' id='block_1_49' title="bbox 1918 2115 3505 2190">
    <p class='ocr_par' dir='ltr' id='par_1_49' title="bbox 1918 2115 3505 2190">
     <span class='ocr_line' id='line_1_49' title="bbox 1918 2115 3505 2190; baseline 0.009 -20"><span class='ocrx_word' id='word_1_359' title='bbox 1918 2129 2039 2170; x_wconf 88' lang='lat' dir='ltr'><strong>esse</strong></span> <span class='ocrx_word' id='word_1_360' title='bbox 2098 2115 2378 2186; x_wconf 88' lang='lat' dir='ltr'><strong>plusquam</strong></span> <span class='ocrx_word' id='word_1_361' title='bbox 2456 2119 2793 2190; x_wconf 87' lang='lat' dir='ltr'><strong>prophetam,</strong></span> <span class='ocrx_word' id='word_1_362' title='bbox 2861 2122 3064 2179; x_wconf 89' lang='lat' dir='ltr'><strong>ideirco</strong></span> <span class='ocrx_word' id='word_1_363' title='bbox 3114 2132 3169 2180; x_wconf 90' lang='lat' dir='ltr'><strong>et</strong></span> <span class='ocrx_word' id='word_1_364' title='bbox 3235 2143 3378 2183; x_wconf 93' lang='lat' dir='ltr'><strong>nunc</strong></span> <span class='ocrx_word' id='word_1_365' title='bbox 3437 2128 3505 2185; x_wconf 90' lang='lat' dir='ltr'><strong>ad</strong></span> 
     </span>
    </p>
   </div>
   <div class='ocr_carea' id='block_1_50' title="bbox 1919 2208 3509 2284">
    <p class='ocr_par' dir='ltr' id='par_1_50' title="bbox 1919 2208 3509 2284">
     <span class='ocr_line' id='line_1_50' title="bbox 1919 2208 3509 2284; baseline 0.012 -23"><span class='ocrx_word' id='word_1_366' title='bbox 1919 2208 2265 2262; x_wconf 86' lang='lat' dir='ltr'><strong>astrueudam</strong></span> <span class='ocrx_word' id='word_1_367' title='bbox 2314 2209 2429 2278; x_wconf 90' lang='lat' dir='ltr'><strong>ejus</strong></span> <span class='ocrx_word' id='word_1_368' title='bbox 2479 2213 2903 2284; x_wconf 80' lang='lat' dir='ltr'><strong>magnitudinem</strong></span> <span class='ocrx_word' id='word_1_369' title='bbox 2952 2232 3079 2271; x_wconf 91' lang='lat' dir='ltr'><strong>usus</strong></span> <span class='ocrx_word' id='word_1_370' title='bbox 3122 2228 3207 2273; x_wconf 86' lang='lat' dir='ltr'><strong>est</strong></span> <span class='ocrx_word' id='word_1_371' title='bbox 3255 2232 3509 2280; x_wconf 86' lang='lat' dir='ltr'><strong>sermone</strong></span> 
     </span>
    </p>
   </div>
   <div class='ocr_carea' id='block_1_51' title="bbox 1918 2290 3502 2395">
    <p class='ocr_par' dir='ltr' id='par_1_51' title="bbox 1918 2290 3502 2395">
     <span class='ocr_line' id='line_1_51' title="bbox 1918 2290 3502 2395; baseline 0.009 -39"><span class='ocrx_word' id='word_1_372' title='bbox 1918 2303 2165 2395; x_wconf 77' lang='lat' dir='ltr'><strong>veritatis</strong></span> <span class='ocrx_word' id='word_1_373' title='bbox 2191 2303 2375 2360; x_wconf 88' lang='lat' dir='ltr'><strong>dicens</strong></span> <span class='ocrx_word' id='word_1_374' title='bbox 2403 2323 2417 2362; x_wconf 86' lang='lat'>:</span> <span class='ocrx_word' id='word_1_375' title='bbox 2453 2325 2471 2358; x_wconf 75' lang='grc' dir='ltr'><strong>ι</strong></span> <span class='ocrx_word' id='word_1_376' title='bbox 2496 2290 2695 2376; x_wconf 64' lang='lat' dir='ltr'><strong>Amen,</strong></span> <span class='ocrx_word' id='word_1_377' title='bbox 2725 2330 2743 2363; x_wconf 76' lang='grc' dir='ltr'><strong>ι</strong></span> <span class='ocrx_word' id='word_1_378' title='bbox 2781 2313 2923 2382; x_wconf 78' lang='lat' dir='ltr'><strong>quod</strong></span> <span class='ocrx_word' id='word_1_379' title='bbox 2955 2312 3344 2385; x_wconf 89' lang='lat' dir='ltr'><strong>interpretatur</strong></span> <span class='ocrx_word' id='word_1_380' title='bbox 3370 2335 3502 2372; x_wconf 81' lang='lat' dir='ltr'><strong>rere.</strong></span> 
     </span>
    </p>
   </div>
   <div class='ocr_carea' id='block_1_52' title="bbox 1921 2386 3505 2475">
    <p class='ocr_par' dir='ltr' id='par_1_52' title="bbox 1921 2386 3505 2475">
     <span class='ocr_line' id='line_1_52' title="bbox 1921 2386 3505 2475; baseline 0.01 -26"><span class='ocrx_word' id='word_1_381' title='bbox 1921 2394 1977 2450; x_wconf 93' lang='lat' dir='ltr'><strong>Si</strong></span> <span class='ocrx_word' id='word_1_382' title='bbox 2028 2386 2170 2451; x_wconf 83' lang='lat' dir='ltr'><strong>enim</strong></span> <span class='ocrx_word' id='word_1_383' title='bbox 2221 2395 2458 2455; x_wconf 89' lang='lat' dir='ltr'><strong>Joannes</strong></span> <span class='ocrx_word' id='word_1_384' title='bbox 2511 2401 2578 2455; x_wconf 91' lang='lat' dir='ltr'><strong>de</strong></span> <span class='ocrx_word' id='word_1_385' title='bbox 2629 2400 2847 2458; x_wconf 75' lang='lat' dir='ltr'><strong>Christo</strong></span> <span class='ocrx_word' id='word_1_386' title='bbox 2905 2402 3225 2475; x_wconf 89' lang='lat' dir='ltr'><strong>dubitasset,</strong></span> <span class='ocrx_word' id='word_1_387' title='bbox 3280 2396 3336 2464; x_wconf 79' lang='lat' dir='ltr'><strong>et</strong></span> <span class='ocrx_word' id='word_1_388' title='bbox 3383 2425 3505 2465; x_wconf 90' lang='lat' dir='ltr'><strong>eum</strong></span> 
     </span>
    </p>
   </div>
   <div class='ocr_carea' id='block_1_53' title="bbox 1918 2480 3517 2569">
    <p class='ocr_par' dir='ltr' id='par_1_53' title="bbox 1918 2480 3517 2569">
     <span class='ocr_line' id='line_1_53' title="bbox 1918 2480 3517 2569; baseline 0.011 -30"><span class='ocrx_word' id='word_1_389' title='bbox 1918 2502 2106 2568; x_wconf 77' lang='lat' dir='ltr'><strong>verum</strong></span> <span class='ocrx_word' id='word_1_390' title='bbox 2158 2488 2251 2542; x_wconf 85' lang='lat' dir='ltr'><strong>Dei</strong></span> <span class='ocrx_word' id='word_1_391' title='bbox 2283 2488 2479 2545; x_wconf 90' lang='lat' dir='ltr'><strong>Filium</strong></span> <span class='ocrx_word' id='word_1_392' title='bbox 2516 2480 2839 2563; x_wconf 78' lang='lat' dir='ltr'><strong>ignorasset,</strong></span> <span class='ocrx_word' id='word_1_393' title='bbox 2873 2511 3215 2569; x_wconf 84' lang='lat' dir='ltr'><strong>nequaquam</strong></span> <span class='ocrx_word' id='word_1_394' title='bbox 3251 2492 3517 2557; x_wconf 73' lang='lat' dir='ltr'><strong>Dominus</strong></span> 
     </span>
    </p>
   </div>
   <div class='ocr_carea' id='block_1_54' title="bbox 1920 2570 3521 2658">
    <p class='ocr_par' dir='ltr' id='par_1_54' title="bbox 1920 2570 3521 2658">
     <span class='ocr_line' id='line_1_54' title="bbox 1920 2570 3521 2658; baseline 0.011 -27"><span class='ocrx_word' id='word_1_395' title='bbox 1920 2585 1999 2631; x_wconf 92' lang='lat' dir='ltr'><strong>tot</strong></span> <span class='ocrx_word' id='word_1_396' title='bbox 2049 2577 2297 2634; x_wconf 85' lang='lat' dir='ltr'><strong>laudibus</strong></span> <span class='ocrx_word' id='word_1_397' title='bbox 2339 2596 2461 2635; x_wconf 87' lang='lat' dir='ltr'><strong>eum</strong></span> <span class='ocrx_word' id='word_1_398' title='bbox 2520 2578 2702 2638; x_wconf 88' lang='lat' dir='ltr'><strong>coram</strong></span> <span class='ocrx_word' id='word_1_399' title='bbox 2762 2586 2935 2642; x_wconf 87' lang='lat' dir='ltr'><strong>turbis</strong></span> <span class='ocrx_word' id='word_1_400' title='bbox 2986 2588 3331 2658; x_wconf 71' lang='lat' dir='ltr'><strong>praetulisset.</strong></span> <span class='ocrx_word' id='word_1_401' title='bbox 3401 2570 3521 2648; x_wconf 45' lang='lat' dir='ltr'><strong>Sed.</strong></span> 
     </span>
    </p>
   </div>
   <div class='ocr_carea' id='block_1_55' title="bbox 1919 2669 3515 2743">
    <p class='ocr_par' dir='ltr' id='par_1_55' title="bbox 1919 2669 3515 2743">
     <span class='ocr_line' id='line_1_55' title="bbox 1919 2669 3515 2743; baseline 0.011 -24"><span class='ocrx_word' id='word_1_402' title='bbox 1919 2669 2265 2737; x_wconf 65' lang='lat' dir='ltr'><strong>qumrendum</strong></span> <span class='ocrx_word' id='word_1_403' title='bbox 2311 2679 2390 2724; x_wconf 91' lang='lat' dir='ltr'><strong>est</strong></span> <span class='ocrx_word' id='word_1_404' title='bbox 2420 2686 2589 2741; x_wconf 91' lang='lat' dir='ltr'><strong>quare</strong></span> <span class='ocrx_word' id='word_1_405' title='bbox 2615 2672 2874 2730; x_wconf 89' lang='lat' dir='ltr'><strong>Dominus</strong></span> <span class='ocrx_word' id='word_1_406' title='bbox 2896 2675 3078 2733; x_wconf 89' lang='lat' dir='ltr'><strong>dicat:</strong></span> <span class='ocrx_word' id='word_1_407' title='bbox 3120 2698 3137 2730; x_wconf 75' lang='grc' dir='ltr'><strong>ι</strong></span> <span class='ocrx_word' id='word_1_408' title='bbox 3172 2680 3315 2733; x_wconf 90' lang='lat' dir='ltr'><strong>Inter</strong></span> <span class='ocrx_word' id='word_1_409' title='bbox 3351 2674 3515 2743; x_wconf 31' lang='lat' dir='ltr'><strong>natos“</strong></span> 
     </span>
    </p>
   </div>
   <div class='ocr_carea' id='block_1_56' title="bbox 1921 2759 3507 2852">
    <p class='ocr_par' dir='ltr' id='par_1_56' title="bbox 1921 2759 3507 2852">
     <span class='ocr_line' id='line_1_56' title="bbox 1921 2759 3507 2852; baseline 0.011 -40"><span class='ocrx_word' id='word_1_410' title='bbox 1921 2759 2205 2852; x_wconf 75' lang='lat' dir='ltr'><strong>mulierum</strong></span> <span class='ocrx_word' id='word_1_411' title='bbox 2259 2778 2362 2817; x_wconf 89' lang='lat' dir='ltr'><strong>non</strong></span> <span class='ocrx_word' id='word_1_412' title='bbox 2396 2765 2632 2819; x_wconf 79' lang='lat' dir='ltr'><strong>surrexit</strong></span> <span class='ocrx_word' id='word_1_413' title='bbox 2655 2766 2825 2838; x_wconf 88' lang='lat' dir='ltr'><strong>major</strong></span> <span class='ocrx_word' id='word_1_414' title='bbox 2852 2766 3059 2824; x_wconf 80' lang='lat' dir='ltr'><strong>Joanne</strong></span> <span class='ocrx_word' id='word_1_415' title='bbox 3093 2771 3371 2843; x_wconf 86' lang='lat' dir='ltr'><strong>Baptista;</strong></span> <span class='ocrx_word' id='word_1_416' title='bbox 3412 2794 3430 2827; x_wconf 72' lang='grc' dir='ltr'><strong>ι</strong></span> <span class='ocrx_word' id='word_1_417' title='bbox 3462 2764 3507 2831; x_wconf 85' lang='lat' dir='ltr'><strong>si</strong></span> 
     </span>
    </p>
   </div>
   <div class='ocr_carea' id='block_1_57' title="bbox 1920 2851 3506 2937">
    <p class='ocr_par' dir='ltr' id='par_1_57' title="bbox 1920 2851 3506 2937">
     <span class='ocr_line' id='line_1_57' title="bbox 1920 2851 3506 2937; baseline 0.011 -34"><span class='ocrx_word' id='word_1_418' title='bbox 1920 2851 2064 2906; x_wconf 91' lang='lat' dir='ltr'><strong>enim</strong></span> <span class='ocrx_word' id='word_1_419' title='bbox 2102 2851 2245 2906; x_wconf 89' lang='lat' dir='ltr'><strong>inter</strong></span> <span class='ocrx_word' id='word_1_420' title='bbox 2276 2863 2432 2910; x_wconf 92' lang='lat' dir='ltr'><strong>natos</strong></span> <span class='ocrx_word' id='word_1_421' title='bbox 2464 2871 2566 2910; x_wconf 92' lang='lat' dir='ltr'><strong>non</strong></span> <span class='ocrx_word' id='word_1_422' title='bbox 2610 2858 2848 2912; x_wconf 73' lang='lat' dir='ltr'><strong>surrexit</strong></span> <span class='ocrx_word' id='word_1_423' title='bbox 2880 2857 3051 2931; x_wconf 85' lang='lat' dir='ltr'><strong>major</strong></span> <span class='ocrx_word' id='word_1_424' title='bbox 3093 2860 3204 2928; x_wconf 89' lang='lat' dir='ltr'><strong>illo,</strong></span> <span class='ocrx_word' id='word_1_425' title='bbox 3235 2878 3367 2937; x_wconf 86' lang='lat' dir='ltr'><strong>ergo</strong></span> <span class='ocrx_word' id='word_1_426' title='bbox 3405 2880 3506 2921; x_wconf 86' lang='lat' dir='ltr'><strong>nec</strong></span> 
     </span>
    </p>
   </div>
   <div class='ocr_carea' id='block_1_58' title="bbox 1921 2943 3510 3023">
    <p class='ocr_par' dir='ltr' id='par_1_58' title="bbox 1921 2943 3510 3023">
     <span class='ocr_line' id='line_1_58' title="bbox 1921 2943 3510 3023; baseline 0.01 -26"><span class='ocrx_word' id='word_1_427' title='bbox 1921 2943 2035 3019; x_wconf 89' lang='lat' dir='ltr'><strong>ipse</strong></span> <span class='ocrx_word' id='word_1_428' title='bbox 2065 2943 2353 3013; x_wconf 87' lang='lat' dir='ltr'><strong>Christus;</strong></span> <span class='ocrx_word' id='word_1_429' title='bbox 2396 2945 2483 3002; x_wconf 92' lang='lat' dir='ltr'><strong>ille</strong></span> <span class='ocrx_word' id='word_1_430' title='bbox 2529 2948 2673 3003; x_wconf 90' lang='lat' dir='ltr'><strong>enim</strong></span> <span class='ocrx_word' id='word_1_431' title='bbox 2719 2952 2784 3005; x_wconf 70' lang='lat' dir='ltr'><strong>e‘x</strong></span> <span class='ocrx_word' id='word_1_432' title='bbox 2817 2950 3040 3008; x_wconf 87' lang='lat' dir='ltr'><strong>muliere</strong></span> <span class='ocrx_word' id='word_1_433' title='bbox 3086 2963 3245 3010; x_wconf 87' lang='lat' dir='ltr'><strong>natus</strong></span> <span class='ocrx_word' id='word_1_434' title='bbox 3297 2965 3401 3023; x_wconf 90' lang='lat' dir='ltr'><strong>est,</strong></span> <span class='ocrx_word' id='word_1_435' title='bbox 3431 2964 3510 3014; x_wconf 84' lang='lat' dir='ltr'><strong>te-</strong></span> 
     </span>
    </p>
   </div>
   <div class='ocr_carea' id='block_1_59' title="bbox 1922 3022 3504 3112">
    <p class='ocr_par' dir='ltr' id='par_1_59' title="bbox 1922 3022 3504 3112">
     <span class='ocr_line' id='line_1_59' title="bbox 1922 3022 3504 3112; baseline 0.011 -26"><span class='ocrx_word' id='word_1_436' title='bbox 1922 3022 2099 3111; x_wconf 76' lang='lat' dir='ltr'><strong>stante</strong></span> <span class='ocrx_word' id='word_1_437' title='bbox 2148 3033 2427 3105; x_wconf 88' lang='lat' dir='ltr'><strong>Apostolo,</strong></span> <span class='ocrx_word' id='word_1_438' title='bbox 2477 3034 2567 3108; x_wconf 90' lang='lat' dir='ltr'><strong>qui</strong></span> <span class='ocrx_word' id='word_1_439' title='bbox 2619 3037 2695 3094; x_wconf 91' lang='lat' dir='ltr'><strong>ait</strong></span> <span class='ocrx_word' id='word_1_440' title='bbox 2742 3056 2755 3093; x_wconf 93' lang='lat'><strong>:</strong></span> <span class='ocrx_word' id='word_1_441' title='bbox 2831 3057 2848 3091; x_wconf 76' lang='grc' dir='ltr'><strong>ι</strong></span> <span class='ocrx_word' id='word_1_442' title='bbox 2882 3039 3081 3097; x_wconf 81' lang='lat' dir='ltr'><strong>factum</strong></span> <span class='ocrx_word' id='word_1_443' title='bbox 3135 3060 3200 3100; x_wconf 85' lang='lat' dir='ltr'><strong>ex</strong></span> <span class='ocrx_word' id='word_1_444' title='bbox 3256 3022 3504 3112; x_wconf 85' lang='lat' dir='ltr'><strong>muliere,</strong></span> 
     </span>
    </p>
   </div>
   <div class='ocr_carea' id='block_1_60' title="bbox 1921 3120 3511 3201">
    <p class='ocr_par' dir='ltr' id='par_1_60' title="bbox 1921 3120 3511 3201">
     <span class='ocr_line' id='line_1_60' title="bbox 1921 3120 3511 3201; baseline 0.009 -21"><span class='ocrx_word' id='word_1_445' title='bbox 1921 3120 2123 3181; x_wconf 77' lang='lat' dir='ltr'><strong>factum</strong></span> <span class='ocrx_word' id='word_1_446' title='bbox 2151 3126 2250 3182; x_wconf 88' lang='lat' dir='ltr'><strong>sub</strong></span> <span class='ocrx_word' id='word_1_447' title='bbox 2272 3128 2417 3201; x_wconf 84' lang='lat' dir='ltr'><strong>lege;</strong></span> <span class='ocrx_word' id='word_1_448' title='bbox 2442 3148 2459 3181; x_wconf 63' lang='grc' dir='ltr'><strong><em>υ</em></strong></span> <span class='ocrx_word' id='word_1_449' title='bbox 2488 3146 2592 3184; x_wconf 90' lang='lat' dir='ltr'><strong>non</strong></span> <span class='ocrx_word' id='word_1_450' title='bbox 2622 3130 2765 3186; x_wconf 91' lang='lat' dir='ltr'><strong>enim</strong></span> <span class='ocrx_word' id='word_1_451' title='bbox 2798 3131 2956 3188; x_wconf 89' lang='lat' dir='ltr'><strong>debet</strong></span> <span class='ocrx_word' id='word_1_452' title='bbox 2979 3133 3148 3190; x_wconf 90' lang='lat' dir='ltr'><strong>videri</strong></span> <span class='ocrx_word' id='word_1_453' title='bbox 3172 3130 3511 3195; x_wconf 84' lang='lat' dir='ltr'><strong>contrarium</strong></span> 
     </span>
    </p>
   </div>
   <div class='ocr_carea' id='block_1_61' title="bbox 1922 3216 3518 3301">
    <p class='ocr_par' dir='ltr' id='par_1_61' title="bbox 1922 3216 3518 3301">
     <span class='ocr_line' id='line_1_61' title="bbox 1922 3216 3518 3301; baseline 0.009 -30"><span class='ocrx_word' id='word_1_454' title='bbox 1922 3216 2047 3299; x_wconf 85' lang='lat' dir='ltr'><strong>quia</strong></span> <span class='ocrx_word' id='word_1_455' title='bbox 2078 3218 2271 3274; x_wconf 90' lang='lat' dir='ltr'><strong>mulier</strong></span> <span class='ocrx_word' id='word_1_456' title='bbox 2301 3220 2354 3273; x_wconf 93' lang='lat' dir='ltr'><strong>in</strong></span> <span class='ocrx_word' id='word_1_457' title='bbox 2398 3221 2497 3275; x_wconf 89' lang='lat' dir='ltr'><strong>hoc</strong></span> <span class='ocrx_word' id='word_1_458' title='bbox 2521 3220 2639 3276; x_wconf 92' lang='lat' dir='ltr'><strong>loco</strong></span> <span class='ocrx_word' id='word_1_459' title='bbox 2661 3238 2762 3294; x_wconf 91' lang='lat' dir='ltr'><strong>pro</strong></span> <span class='ocrx_word' id='word_1_460' title='bbox 2793 3239 2954 3280; x_wconf 82' lang='lat' dir='ltr'><strong>sexus</strong></span> <span class='ocrx_word' id='word_1_461' title='bbox 2984 3227 3331 3299; x_wconf 91' lang='lat' dir='ltr'><strong>corruptione</strong></span> <span class='ocrx_word' id='word_1_462' title='bbox 3355 3216 3518 3301; x_wconf 55' lang='lat' dir='ltr'><strong>poni:</strong></span> 
     </span>
    </p>
   </div>
   <div class='ocr_carea' id='block_1_62' title="bbox 227 3294 3510 3395">
    <p class='ocr_par' dir='ltr' id='par_1_62' title="bbox 227 3294 3510 3395">
     <span class='ocr_line' id='line_1_62' title="bbox 227 3294 3510 3395; baseline 0.002 -24"><span class='ocrx_word' id='word_1_463' title='bbox 227 3314 624 3372; x_wconf 81' lang='lat' dir='ltr'><strong>demonstrare.</strong></span> <span class='ocrx_word' id='word_1_464' title='bbox 655 3314 889 3371; x_wconf 89' lang='lat' dir='ltr'><strong>Joannes</strong></span> <span class='ocrx_word' id='word_1_465' title='bbox 921 3314 1063 3372; x_wconf 87' lang='lat' dir='ltr'><strong>enim</strong></span> <span class='ocrx_word' id='word_1_466' title='bbox 1095 3314 1357 3384; x_wconf 88' lang='lat' dir='ltr'><strong>propheta</strong></span> <span class='ocrx_word' id='word_1_467' title='bbox 1399 3311 1497 3367; x_wconf 79' lang='lat' dir='ltr'><strong>fuit</strong></span> <span class='ocrx_word' id='word_1_468' title='bbox 1539 3300 1819 3395; x_wconf 72' lang='lat' dir='ltr'><strong>quousque</strong></span> <span class='ocrx_word' id='word_1_469' title='bbox 1846 3308 1892 3375; x_wconf 87' lang='lat' dir='ltr'><strong><em>C</em></strong></span> <span class='ocrx_word' id='word_1_470' title='bbox 1927 3294 2032 3366; x_wconf 80' lang='lat' dir='ltr'><strong>tur.</strong></span> <span class='ocrx_word' id='word_1_471' title='bbox 2072 3310 2179 3367; x_wconf 91' lang='lat' dir='ltr'><strong>lllis</strong></span> <span class='ocrx_word' id='word_1_472' title='bbox 2224 3329 2354 3385; x_wconf 86' lang='lat' dir='ltr'><strong>ergo</strong></span> <span class='ocrx_word' id='word_1_473' title='bbox 2394 3313 2653 3371; x_wconf 89' lang='lat' dir='ltr'><strong>Dominus</strong></span> <span class='ocrx_word' id='word_1_474' title='bbox 2702 3313 2965 3371; x_wconf 88' lang='lat' dir='ltr'><strong>Joannem</strong></span> <span class='ocrx_word' id='word_1_475' title='bbox 3013 3294 3248 3390; x_wconf 68' lang='lat' dir='ltr'><strong>prtethlit</strong></span> <span class='ocrx_word' id='word_1_476' title='bbox 3299 3294 3389 3394; x_wconf 75' lang='lat' dir='ltr'><strong>qui</strong></span> <span class='ocrx_word' id='word_1_477' title='bbox 3442 3302 3510 3380; x_wconf 50' lang='lat' dir='ltr'><strong>ei</strong></span> 
     </span>
    </p>
   </div>
   <div class='ocr_carea' id='block_1_63' title="bbox 230 3398 1821 3480">
    <p class='ocr_par' dir='ltr' id='par_1_63' title="bbox 230 3398 1821 3480">
     <span class='ocr_line' id='line_1_63' title="bbox 230 3398 1821 3480; baseline -0.003 -18"><span class='ocrx_word' id='word_1_478' title='bbox 230 3406 417 3462; x_wconf 77' lang='lat' dir='ltr'><strong>futura</strong></span> <span class='ocrx_word' id='word_1_479' title='bbox 465 3408 744 3480; x_wconf 62' lang='lat' dir='ltr'><strong>praedixit;</strong></span> <span class='ocrx_word' id='word_1_480' title='bbox 788 3409 883 3463; x_wconf 91' lang='lat' dir='ltr'><strong>sed</strong></span> <span class='ocrx_word' id='word_1_481' title='bbox 929 3408 1211 3478; x_wconf 89' lang='lat' dir='ltr'><strong>plusquam</strong></span> <span class='ocrx_word' id='word_1_482' title='bbox 1242 3407 1500 3478; x_wconf 71' lang='lat' dir='ltr'><strong>propheta</strong></span> <span class='ocrx_word' id='word_1_483' title='bbox 1544 3405 1667 3473; x_wconf 81' lang='lat' dir='ltr'><strong>fuit,</strong></span> <span class='ocrx_word' id='word_1_484' title='bbox 1696 3398 1821 3475; x_wconf 81' lang='lat' dir='ltr'><strong>quia</strong></span> 
     </span>
    </p>
   </div>
   <div class='ocr_carea' id='block_1_64' title="bbox 228 3486 1824 3572">
    <p class='ocr_par' dir='ltr' id='par_1_64' title="bbox 228 3486 1824 3572">
     <span class='ocr_line' id='line_1_64' title="bbox 228 3486 1824 3572; baseline -0.002 -20"><span class='ocrx_word' id='word_1_485' title='bbox 228 3493 390 3568; x_wconf 88' lang='lat' dir='ltr'><strong>quem</strong></span> <span class='ocrx_word' id='word_1_486' title='bbox 436 3497 616 3553; x_wconf 79' lang='lat' dir='ltr'><strong>caeteri</strong></span> <span class='ocrx_word' id='word_1_487' title='bbox 671 3498 945 3569; x_wconf 77' lang='lat' dir='ltr'><strong>pr0pheta:</strong></span> <span class='ocrx_word' id='word_1_488' title='bbox 999 3494 1672 3572; x_wconf 6' lang='lat' dir='ltr'><strong>futurumqprmdixerunt,</strong></span> <span class='ocrx_word' id='word_1_489' title='bbox 1724 3486 1824 3572; x_wconf 79' lang='lat' dir='ltr'><strong>iste</strong></span> 
     </span>
    </p>
   </div>
   <div class='ocr_carea' id='block_1_65' title="bbox 230 3570 1819 3660">
    <p class='ocr_par' dir='ltr' id='par_1_65' title="bbox 230 3570 1819 3660">
     <span class='ocr_line' id='line_1_65' title="bbox 230 3570 1819 3660; baseline -0.006 -15"><span class='ocrx_word' id='word_1_490' title='bbox 230 3589 398 3660; x_wconf 79' lang='lat' dir='ltr'><strong>digito</strong></span> <span class='ocrx_word' id='word_1_491' title='bbox 432 3588 866 3659; x_wconf 46' lang='lat' dir='ltr'><strong>praemonstravit</strong></span> <span class='ocrx_word' id='word_1_492' title='bbox 908 3586 1133 3642; x_wconf 90' lang='lat' dir='ltr'><strong>dicens:</strong></span> <span class='ocrx_word' id='word_1_493' title='bbox 1194 3604 1211 3638; x_wconf 71' lang='grc' dir='ltr'><strong>ι</strong></span> <span class='ocrx_word' id='word_1_494' title='bbox 1245 3570 1380 3642; x_wconf 79' lang='lat' dir='ltr'><strong>Ecce</strong></span> <span class='ocrx_word' id='word_1_495' title='bbox 1408 3585 1592 3657; x_wconf 78' lang='lat' dir='ltr'><strong>Agnus</strong></span> <span class='ocrx_word' id='word_1_496' title='bbox 1642 3570 1766 3639; x_wconf 44' lang='lat' dir='ltr'><strong>Dei:</strong></span> <span class='ocrx_word' id='word_1_497' title='bbox 1796 3578 1819 3637; x_wconf 67' lang='grc' dir='ltr'><strong><em>ἰ</em></strong></span> 
     </span>
    </p>
   </div>
   <div class='ocr_carea' id='block_1_66' title="bbox 233 3666 1823 3753">
    <p class='ocr_par' dir='ltr' id='par_1_66' title="bbox 233 3666 1823 3753">
     <span class='ocr_line' id='line_1_66' title="bbox 233 3666 1823 3753; baseline -0.001 -20"><span class='ocrx_word' id='word_1_498' title='bbox 233 3681 297 3734; x_wconf 84' lang='grc' dir='ltr'>Ει</span> <span class='ocrx_word' id='word_1_499' title='bbox 331 3681 459 3752; x_wconf 89' lang='lat' dir='ltr'><strong>quia</strong></span> <span class='ocrx_word' id='word_1_500' title='bbox 504 3680 713 3735; x_wconf 85' lang='lat' dir='ltr'><strong>dixerat</strong></span> <span class='ocrx_word' id='word_1_501' title='bbox 750 3694 873 3733; x_wconf 90' lang='lat' dir='ltr'><strong>cum</strong></span> <span class='ocrx_word' id='word_1_502' title='bbox 906 3672 1163 3733; x_wconf 85' lang='lat' dir='ltr'><strong>Dominus</strong></span> <span class='ocrx_word' id='word_1_503' title='bbox 1194 3695 1297 3733; x_wconf 91' lang='lat' dir='ltr'><strong>non</strong></span> <span class='ocrx_word' id='word_1_504' title='bbox 1341 3692 1461 3733; x_wconf 84' lang='lat' dir='ltr'><strong>esse</strong></span> <span class='ocrx_word' id='word_1_505' title='bbox 1496 3666 1823 3753; x_wconf 82' lang='lat' dir='ltr'><strong>arundinem</strong></span> 
     </span>
    </p>
   </div>
   <div class='ocr_carea' id='block_1_67' title="bbox 229 3756 1819 3842">
    <p class='ocr_par' dir='ltr' id='par_1_67' title="bbox 229 3756 1819 3842">
     <span class='ocr_line' id='line_1_67' title="bbox 229 3756 1819 3842; baseline -0.002 -18"><span class='ocrx_word' id='word_1_506' title='bbox 229 3780 393 3827; x_wconf 83' lang='lat' dir='ltr'><strong>vento</strong></span> <span class='ocrx_word' id='word_1_507' title='bbox 421 3769 698 3842; x_wconf 79' lang='lat' dir='ltr'><strong>agitatam,</strong></span> <span class='ocrx_word' id='word_1_508' title='bbox 736 3784 912 3838; x_wconf 87' lang='lat' dir='ltr'><strong>neque</strong></span> <span class='ocrx_word' id='word_1_509' title='bbox 941 3767 1191 3822; x_wconf 88' lang='lat' dir='ltr'><strong>mollibus</strong></span> <span class='ocrx_word' id='word_1_510' title='bbox 1226 3766 1503 3832; x_wconf 87' lang='lat' dir='ltr'><strong>vestitum,</strong></span> <span class='ocrx_word' id='word_1_511' title='bbox 1542 3774 1595 3820; x_wconf 91' lang='lat' dir='ltr'><strong>et</strong></span> <span class='ocrx_word' id='word_1_512' title='bbox 1625 3756 1819 3821; x_wconf 82' lang='lat' dir='ltr'><strong>uometi</strong></span> 
     </span>
    </p>
   </div>
   <div class='ocr_carea' id='block_1_68' title="bbox 228 3860 1822 3936">
    <p class='ocr_par' dir='ltr' id='par_1_68' title="bbox 228 3860 1822 3936">
     <span class='ocr_line' id='line_1_68' title="bbox 228 3860 1822 3936; baseline -0.004 -18"><span class='ocrx_word' id='word_1_513' title='bbox 228 3864 509 3936; x_wconf 69' lang='lat' dir='ltr'><strong>propheta:</strong></span> <span class='ocrx_word' id='word_1_514' title='bbox 536 3862 662 3917; x_wconf 90' lang='lat' dir='ltr'><strong>huic</strong></span> <span class='ocrx_word' id='word_1_515' title='bbox 710 3862 883 3933; x_wconf 91' lang='lat' dir='ltr'><strong>impar</strong></span> <span class='ocrx_word' id='word_1_516' title='bbox 924 3876 1046 3917; x_wconf 91' lang='lat' dir='ltr'><strong>esse</strong></span> <span class='ocrx_word' id='word_1_517' title='bbox 1098 3860 1361 3927; x_wconf 88' lang='lat' dir='ltr'><strong>ostendit;</strong></span> <span class='ocrx_word' id='word_1_518' title='bbox 1400 3866 1454 3914; x_wconf 90' lang='lat' dir='ltr'><strong>et</strong></span> <span class='ocrx_word' id='word_1_519' title='bbox 1496 3867 1554 3914; x_wconf 90' lang='lat' dir='ltr'><strong>ut</strong></span> <span class='ocrx_word' id='word_1_520' title='bbox 1599 3861 1822 3914; x_wconf 89' lang='lat' dir='ltr'><strong>demon-</strong></span> 
     </span>
    </p>
   </div>
   <div class='ocr_carea' id='block_1_69' title="bbox 229 3938 1817 4023">
    <p class='ocr_par' dir='ltr' id='par_1_69' title="bbox 229 3938 1817 4023">
     <span class='ocr_line' id='line_1_69' title="bbox 229 3938 1817 4023; baseline -0.004 -13"><span class='ocrx_word' id='word_1_521' title='bbox 229 3962 431 4010; x_wconf 90' lang='lat' dir='ltr'><strong>straret</strong></span> <span class='ocrx_word' id='word_1_522' title='bbox 477 3954 599 4023; x_wconf 87' lang='lat' dir='ltr'><strong>quis</strong></span> <span class='ocrx_word' id='word_1_523' title='bbox 661 3962 808 4008; x_wconf 89' lang='lat' dir='ltr'><strong>recte</strong></span> <span class='ocrx_word' id='word_1_524' title='bbox 859 3952 963 4007; x_wconf 89' lang='lat' dir='ltr'><strong>dici</strong></span> <span class='ocrx_word' id='word_1_525' title='bbox 1009 3938 1219 4023; x_wconf 79' lang='lat' dir='ltr'><strong>possit,</strong></span> <span class='ocrx_word' id='word_1_526' title='bbox 1269 3950 1542 4020; x_wconf 74' lang='lat' dir='ltr'><strong>subiunxit</strong></span> <span class='ocrx_word' id='word_1_527' title='bbox 1596 3950 1817 4005; x_wconf 83' lang='lat' dir='ltr'><strong>dicens:</strong></span> 
     </span>
    </p>
   </div>
   <div class='ocr_carea' id='block_1_70' title="bbox 236 4038 1821 4118">
    <p class='ocr_par' dir='ltr' id='par_1_70' title="bbox 236 4038 1821 4118">
     <span class='ocr_line' id='line_1_70' title="bbox 236 4038 1821 4118; baseline 0 -20"><span class='ocrx_word' id='word_1_528' title='bbox 236 4066 254 4098; x_wconf 75' lang='grc' dir='ltr'><strong>ι</strong></span> <span class='ocrx_word' id='word_1_529' title='bbox 288 4044 386 4100; x_wconf 82' lang='lat' dir='ltr'><strong>llic</strong></span> <span class='ocrx_word' id='word_1_530' title='bbox 431 4056 513 4101; x_wconf 90' lang='lat' dir='ltr'><strong>est</strong></span> <span class='ocrx_word' id='word_1_531' title='bbox 567 4046 631 4102; x_wconf 89' lang='lat' dir='ltr'><strong>de</strong></span> <span class='ocrx_word' id='word_1_532' title='bbox 681 4061 788 4117; x_wconf 91' lang='lat' dir='ltr'><strong>quo</strong></span> <span class='ocrx_word' id='word_1_533' title='bbox 865 4047 1120 4118; x_wconf 90' lang='lat' dir='ltr'><strong>scriptum</strong></span> <span class='ocrx_word' id='word_1_534' title='bbox 1176 4038 1299 4100; x_wconf 86' lang='lat' dir='ltr'><strong>est:</strong></span> <span class='ocrx_word' id='word_1_535' title='bbox 1346 4044 1483 4100; x_wconf 88' lang='lat' dir='ltr'><strong>Ecce</strong></span> <span class='ocrx_word' id='word_1_536' title='bbox 1515 4060 1614 4117; x_wconf 87' lang='lat' dir='ltr'><strong>ego</strong></span> <span class='ocrx_word' id='word_1_537' title='bbox 1667 4044 1821 4099; x_wconf 87' lang='lat' dir='ltr'><strong>mitto</strong></span> 
     </span>
    </p>
   </div>
   <div class='ocr_carea' id='block_1_71' title="bbox 232 4135 1821 4209">
    <p class='ocr_par' dir='ltr' id='par_1_71' title="bbox 232 4135 1821 4209">
     <span class='ocr_line' id='line_1_71' title="bbox 232 4135 1821 4209; baseline -0.002 -18"><span class='ocrx_word' id='word_1_538' title='bbox 232 4136 479 4207; x_wconf 84' lang='lat' dir='ltr'><strong>angelum</strong></span> <span class='ocrx_word' id='word_1_539' title='bbox 545 4153 792 4191; x_wconf 66' lang='lat' dir='ltr'><strong>meum.)</strong></span> <span class='ocrx_word' id='word_1_540' title='bbox 843 4135 954 4191; x_wconf 83' lang='lat' dir='ltr'><strong>Hoc</strong></span> <span class='ocrx_word' id='word_1_541' title='bbox 1012 4135 1378 4191; x_wconf 86' lang='lat' dir='ltr'><strong>testimonium</strong></span> <span class='ocrx_word' id='word_1_542' title='bbox 1429 4137 1494 4190; x_wconf 92' lang='lat' dir='ltr'><strong>de</strong></span> <span class='ocrx_word' id='word_1_543' title='bbox 1557 4135 1821 4209; x_wconf 81' lang='lat' dir='ltr'><strong>Malacliia</strong></span> 
     </span>
    </p>
   </div>
   <div class='ocr_carea' id='block_1_72' title="bbox 231 4229 1816 4300">
    <p class='ocr_par' dir='ltr' id='par_1_72' title="bbox 231 4229 1816 4300">
     <span class='ocr_line' id='line_1_72' title="bbox 231 4229 1816 4300; baseline -0.001 -17"><span class='ocrx_word' id='word_1_544' title='bbox 231 4232 493 4300; x_wconf 85' lang='lat' dir='ltr'><strong>propheta</strong></span> <span class='ocrx_word' id='word_1_545' title='bbox 519 4239 790 4300; x_wconf 88' lang='lat' dir='ltr'><strong>sumptum</strong></span> <span class='ocrx_word' id='word_1_546' title='bbox 817 4240 918 4294; x_wconf 85' lang='lat' dir='ltr'><strong>est,</strong></span> <span class='ocrx_word' id='word_1_547' title='bbox 950 4230 1043 4284; x_wconf 90' lang='lat' dir='ltr'><strong>sed</strong></span> <span class='ocrx_word' id='word_1_548' title='bbox 1074 4229 1182 4283; x_wconf 90' lang='lat' dir='ltr'><strong>illic</strong></span> <span class='ocrx_word' id='word_1_549' title='bbox 1208 4229 1447 4298; x_wconf 75' lang='lat' dir='ltr'><strong>loquitor</strong></span> <span class='ocrx_word' id='word_1_550' title='bbox 1468 4229 1566 4283; x_wconf 88' lang='lat' dir='ltr'><strong>sub</strong></span> <span class='ocrx_word' id='word_1_551' title='bbox 1588 4243 1816 4298; x_wconf 88' lang='lat' dir='ltr'><strong>persona</strong></span> 
     </span>
    </p>
   </div>
   <div class='ocr_carea' id='block_1_73' title="bbox 232 4318 1818 4392">
    <p class='ocr_par' dir='ltr' id='par_1_73' title="bbox 232 4318 1818 4392">
     <span class='ocr_line' id='line_1_73' title="bbox 232 4318 1818 4392; baseline -0.003 -16"><span class='ocrx_word' id='word_1_552' title='bbox 232 4321 379 4384; x_wconf 81' lang='lat' dir='ltr'><strong>Filii,</strong></span> <span class='ocrx_word' id='word_1_553' title='bbox 407 4321 494 4376; x_wconf 88' lang='lat' dir='ltr'><strong>hic</strong></span> <span class='ocrx_word' id='word_1_554' title='bbox 520 4336 647 4376; x_wconf 88' lang='lat' dir='ltr'><strong>vero</strong></span> <span class='ocrx_word' id='word_1_555' title='bbox 691 4321 788 4376; x_wconf 88' lang='lat' dir='ltr'><strong>sub</strong></span> <span class='ocrx_word' id='word_1_556' title='bbox 821 4336 1047 4392; x_wconf 90' lang='lat' dir='ltr'><strong>persona</strong></span> <span class='ocrx_word' id='word_1_557' title='bbox 1090 4318 1288 4383; x_wconf 82' lang='lat' dir='ltr'><strong>Patris,</strong></span> <span class='ocrx_word' id='word_1_558' title='bbox 1322 4327 1375 4374; x_wconf 93' lang='lat' dir='ltr'><strong>et</strong></span> <span class='ocrx_word' id='word_1_559' title='bbox 1406 4335 1509 4374; x_wconf 91' lang='lat' dir='ltr'><strong>non</strong></span> <span class='ocrx_word' id='word_1_560' title='bbox 1551 4320 1711 4373; x_wconf 90' lang='lat' dir='ltr'><strong>debet</strong></span> <span class='ocrx_word' id='word_1_561' title='bbox 1741 4319 1818 4372; x_wconf 81' lang='lat' dir='ltr'><strong>vi-</strong></span> 
     </span>
    </p>
   </div>
   <div class='ocr_carea' id='block_1_74' title="bbox 231 4392 1817 4486">
    <p class='ocr_par' dir='ltr' id='par_1_74' title="bbox 231 4392 1817 4486">
     <span class='ocr_line' id='line_1_74' title="bbox 231 4392 1817 4486; baseline -0.001 -17"><span class='ocrx_word' id='word_1_562' title='bbox 231 4415 348 4469; x_wconf 89' lang='lat' dir='ltr'><strong>deri</strong></span> <span class='ocrx_word' id='word_1_563' title='bbox 391 4413 744 4482; x_wconf 86' lang='lat' dir='ltr'><strong>contrarium,</strong></span> <span class='ocrx_word' id='word_1_564' title='bbox 786 4417 911 4486; x_wconf 86' lang='lat' dir='ltr'><strong>quia</strong></span> <span class='ocrx_word' id='word_1_565' title='bbox 934 4430 1164 4484; x_wconf 91' lang='lat' dir='ltr'><strong>quorum</strong></span> <span class='ocrx_word' id='word_1_566' title='bbox 1191 4429 1294 4468; x_wconf 87' lang='lat' dir='ltr'><strong>una</strong></span> <span class='ocrx_word' id='word_1_567' title='bbox 1344 4424 1425 4469; x_wconf 89' lang='lat' dir='ltr'><strong>est</strong></span> <span class='ocrx_word' id='word_1_568' title='bbox 1466 4423 1680 4479; x_wconf 88' lang='lat' dir='ltr'><strong>natura,</strong></span> <span class='ocrx_word' id='word_1_569' title='bbox 1712 4392 1817 4467; x_wconf 72' lang='lat' dir='ltr'><strong>una</strong></span> 
     </span>
    </p>
   </div>
   <div class='ocr_carea' id='block_1_75' title="bbox 230 4502 1817 4583">
    <p class='ocr_par' dir='ltr' id='par_1_75' title="bbox 230 4502 1817 4583">
     <span class='ocr_line' id='line_1_75' title="bbox 230 4502 1817 4583; baseline -0.003 -19"><span class='ocrx_word' id='word_1_570' title='bbox 230 4502 491 4583; x_wconf 82' lang='lat' dir='ltr'><strong>potestas,</strong></span> <span class='ocrx_word' id='word_1_571' title='bbox 539 4527 644 4565; x_wconf 92' lang='lat' dir='ltr'><strong>una</strong></span> <span class='ocrx_word' id='word_1_572' title='bbox 690 4511 967 4575; x_wconf 86' lang='lat' dir='ltr'><strong>divinitas,</strong></span> <span class='ocrx_word' id='word_1_573' title='bbox 999 4524 1106 4563; x_wconf 89' lang='lat' dir='ltr'><strong>una</strong></span> <span class='ocrx_word' id='word_1_574' title='bbox 1150 4515 1232 4563; x_wconf 90' lang='lat' dir='ltr'><strong>est</strong></span> <span class='ocrx_word' id='word_1_575' title='bbox 1270 4515 1324 4563; x_wconf 91' lang='lat' dir='ltr'><strong>et</strong></span> <span class='ocrx_word' id='word_1_576' title='bbox 1368 4505 1588 4562; x_wconf 91' lang='lat' dir='ltr'><strong>locutio.</strong></span> <span class='ocrx_word' id='word_1_577' title='bbox 1635 4506 1817 4561; x_wconf 73' lang='lat' dir='ltr'><strong>«Ecce</strong></span> 
     </span>
    </p>
   </div>
   <div class='ocr_carea' id='block_1_76' title="bbox 232 4598 1817 4672">
    <p class='ocr_par' dir='ltr' id='par_1_76' title="bbox 232 4598 1817 4672">
     <span class='ocr_line' id='line_1_76' title="bbox 232 4598 1817 4672; baseline -0.003 -15"><span class='ocrx_word' id='word_1_578' title='bbox 232 4603 391 4657; x_wconf 83' lang='lat' dir='ltr'><strong>mitto</strong></span> <span class='ocrx_word' id='word_1_579' title='bbox 431 4602 680 4672; x_wconf 84' lang='lat' dir='ltr'><strong>angelum</strong></span> <span class='ocrx_word' id='word_1_580' title='bbox 733 4618 931 4667; x_wconf 89' lang='lat' dir='ltr'><strong>meum,</strong></span> <span class='ocrx_word' id='word_1_581' title='bbox 956 4621 974 4654; x_wconf 77' lang='grc' dir='ltr'><strong>ι</strong></span> <span class='ocrx_word' id='word_1_582' title='bbox 1021 4601 1072 4657; x_wconf 91' lang='lat' dir='ltr'><strong>id</strong></span> <span class='ocrx_word' id='word_1_583' title='bbox 1113 4609 1194 4653; x_wconf 89' lang='lat' dir='ltr'><strong>est</strong></span> <span class='ocrx_word' id='word_1_584' title='bbox 1240 4598 1499 4655; x_wconf 85' lang='lat' dir='ltr'><strong>Joannem</strong></span> <span class='ocrx_word' id='word_1_585' title='bbox 1534 4618 1551 4650; x_wconf 80' lang='grc' dir='ltr'><strong>ι</strong></span> <span class='ocrx_word' id='word_1_586' title='bbox 1583 4607 1707 4653; x_wconf 90' lang='lat' dir='ltr'><strong>ante</strong></span> <span class='ocrx_word' id='word_1_587' title='bbox 1738 4598 1817 4652; x_wconf 83' lang='lat' dir='ltr'><strong>fa-</strong></span> 
     </span>
    </p>
   </div>
   <div class='ocr_carea' id='block_1_77' title="bbox 1929 3402 3510 3479">
    <p class='ocr_par' dir='ltr' id='par_1_77' title="bbox 1929 3402 3510 3479">
     <span class='ocr_line' id='line_1_77' title="bbox 1929 3402 3510 3479; baseline 0.008 -21"><span class='ocrx_word' id='word_1_588' title='bbox 1929 3403 2276 3469; x_wconf 88' lang='lat' dir='ltr'><strong>mulieribus,</strong></span> <span class='ocrx_word' id='word_1_589' title='bbox 2313 3402 2417 3460; x_wconf 92' lang='lat' dir='ltr'><strong>hoc</strong></span> <span class='ocrx_word' id='word_1_590' title='bbox 2462 3413 2543 3461; x_wconf 90' lang='lat' dir='ltr'><strong>est</strong></span> <span class='ocrx_word' id='word_1_591' title='bbox 2572 3420 2639 3460; x_wconf 83' lang='lat' dir='ltr'><strong>ex</strong></span> <span class='ocrx_word' id='word_1_592' title='bbox 2685 3402 3030 3479; x_wconf 83' lang='lat' dir='ltr'><strong>corruptione</strong></span> <span class='ocrx_word' id='word_1_593' title='bbox 3071 3413 3238 3468; x_wconf 88' lang='lat' dir='ltr'><strong>maris</strong></span> <span class='ocrx_word' id='word_1_594' title='bbox 3268 3422 3319 3468; x_wconf 93' lang='lat' dir='ltr'><strong>et</strong></span> <span class='ocrx_word' id='word_1_595' title='bbox 3351 3408 3510 3470; x_wconf 73' lang='lat' dir='ltr'><strong>femi—</strong></span> 
     </span>
    </p>
   </div>
   <div class='ocr_carea' id='block_1_78' title="bbox 1928 3486 3511 3576">
    <p class='ocr_par' dir='ltr' id='par_1_78' title="bbox 1928 3486 3511 3576">
     <span class='ocr_line' id='line_1_78' title="bbox 1928 3486 3511 3576; baseline 0.006 -24"><span class='ocrx_word' id='word_1_596' title='bbox 1928 3512 2032 3563; x_wconf 65' lang='lat' dir='ltr'><strong>nae,</strong></span> <span class='ocrx_word' id='word_1_597' title='bbox 2067 3497 2178 3552; x_wconf 89' lang='lat' dir='ltr'><strong>nati</strong></span> <span class='ocrx_word' id='word_1_598' title='bbox 2209 3505 2358 3562; x_wconf 88' lang='lat' dir='ltr'><strong>sunt,</strong></span> <span class='ocrx_word' id='word_1_599' title='bbox 2390 3498 2483 3554; x_wconf 91' lang='lat' dir='ltr'><strong>sed</strong></span> <span class='ocrx_word' id='word_1_600' title='bbox 2514 3514 2621 3554; x_wconf 84' lang='lat' dir='ltr'><strong>non</strong></span> <span class='ocrx_word' id='word_1_601' title='bbox 2651 3494 2722 3555; x_wconf 88' lang='lat' dir='ltr'><strong>illi</strong></span> <span class='ocrx_word' id='word_1_602' title='bbox 2750 3502 2897 3557; x_wconf 85' lang='lat' dir='ltr'><strong>certe</strong></span> <span class='ocrx_word' id='word_1_603' title='bbox 2927 3486 3021 3574; x_wconf 87' lang='lat' dir='ltr'><strong>qui</strong></span> <span class='ocrx_word' id='word_1_604' title='bbox 3046 3518 3113 3560; x_wconf 81' lang='lat' dir='ltr'><strong>ex</strong></span> <span class='ocrx_word' id='word_1_605' title='bbox 3145 3492 3349 3576; x_wconf 81' lang='lat' dir='ltr'><strong>Spiritu</strong></span> <span class='ocrx_word' id='word_1_606' title='bbox 3386 3521 3511 3562; x_wconf 83' lang='lat' dir='ltr'><strong>sau-</strong></span> 
     </span>
    </p>
   </div>
   <div class='ocr_carea' id='block_1_79' title="bbox 1927 3586 2669 3658">
    <p class='ocr_par' dir='ltr' id='par_1_79' title="bbox 1927 3586 2669 3658">
     <span class='ocr_line' id='line_1_79' title="bbox 1927 3586 2669 3658; baseline 0.001 -16"><span class='ocrx_word' id='word_1_607' title='bbox 1927 3594 2016 3643; x_wconf 90' lang='lat' dir='ltr'><strong>cto</strong></span> <span class='ocrx_word' id='word_1_608' title='bbox 2047 3603 2113 3642; x_wconf 83' lang='lat' dir='ltr'><strong>ex</strong></span> <span class='ocrx_word' id='word_1_609' title='bbox 2137 3586 2356 3658; x_wconf 83' lang='lat' dir='ltr'><strong>Virgine</strong></span> <span class='ocrx_word' id='word_1_610' title='bbox 2383 3595 2541 3643; x_wconf 88' lang='lat' dir='ltr'><strong>natus</strong></span> <span class='ocrx_word' id='word_1_611' title='bbox 2567 3597 2669 3645; x_wconf 88' lang='lat' dir='ltr'><strong>est.</strong></span> 
     </span>
    </p>
   </div>
   <div class='ocr_carea' id='block_1_80' title="bbox 2513 3732 2911 3801">
    <p class='ocr_par' dir='ltr' id='par_1_80' title="bbox 2513 3732 2911 3801">
     <span class='ocr_line' id='line_1_80' title="bbox 2513 3732 2911 3801; baseline 0.008 -3"><span class='ocrx_word' id='word_1_612' title='bbox 2513 3732 2797 3801; x_wconf 70' lang='lat' dir='ltr'><strong>HOMILIA</strong></span> <span class='ocrx_word' id='word_1_613' title='bbox 2828 3744 2911 3801; x_wconf 76' lang='lat' dir='ltr'><strong>Ill.</strong></span> 
     </span>
    </p>
   </div>
   <div class='ocr_carea' id='block_1_81' title="bbox 1924 3848 3513 3929">
    <p class='ocr_par' dir='ltr' id='par_1_81' title="bbox 1924 3848 3513 3929">
     <span class='ocr_line' id='line_1_81' title="bbox 1924 3848 3513 3929; baseline 0.001 -17"><span class='ocrx_word' id='word_1_614' title='bbox 1924 3848 1978 3912; x_wconf 65' lang='lat' dir='ltr'><strong>is</strong></span> <span class='ocrx_word' id='word_1_615' title='bbox 2020 3871 2177 3929; x_wconf 82' lang='lat' dir='ltr'><strong>ILLUD</strong></span> <span class='ocrx_word' id='word_1_616' title='bbox 2205 3853 2517 3929; x_wconf 51' lang='lat' dir='ltr'><strong>Murrum}</strong></span> <span class='ocrx_word' id='word_1_617' title='bbox 2557 3852 2983 3929; x_wconf 34' lang='lat' dir='ltr'><strong>Venituloanneg</strong></span> <span class='ocrx_word' id='word_1_618' title='bbox 3024 3848 3266 3928; x_wconf 78' lang='lat' dir='ltr'><strong>Baptista</strong></span> <span class='ocrx_word' id='word_1_619' title='bbox 3310 3857 3513 3929; x_wconf 62' lang='grc' dir='ltr'><strong>μναῖαι-δ’</strong></span> 
     </span>
    </p>
   </div>
   <div class='ocr_carea' id='block_1_82' title="bbox 1994 3925 3513 4001">
    <p class='ocr_par' dir='ltr' id='par_1_82' title="bbox 1994 3925 3513 4001">
     <span class='ocr_line' id='line_1_82' title="bbox 1994 3925 3513 4001; baseline 0.003 -20"><span class='ocrx_word' id='word_1_620' title='bbox 1994 3944 2120 3981; x_wconf 81' lang='lat' dir='ltr'><strong>cans</strong></span> <span class='ocrx_word' id='word_1_621' title='bbox 2147 3928 2209 4001; x_wconf 63' lang='lat' dir='ltr'><strong>in</strong></span> <span class='ocrx_word' id='word_1_622' title='bbox 2226 3925 2429 4001; x_wconf 79' lang='lat' dir='ltr'><strong>deserto</strong></span> <span class='ocrx_word' id='word_1_623' title='bbox 2462 3925 2675 4001; x_wconf 66' lang='lat' dir='ltr'><strong>ludam</strong></span> <span class='ocrx_word' id='word_1_624' title='bbox 2696 3926 2875 3979; x_wconf 71' lang='lat' dir='ltr'><strong>dicens</strong></span> <span class='ocrx_word' id='word_1_625' title='bbox 2896 3939 2915 3979; x_wconf 91' lang='lat'><strong>:</strong></span> <span class='ocrx_word' id='word_1_626' title='bbox 2933 3925 3320 4001; x_wconf 67' lang='lat' dir='ltr'><strong>Paenitemiani</strong></span> <span class='ocrx_word' id='word_1_627' title='bbox 3345 3930 3513 4001; x_wconf 60' lang='lat' dir='ltr'><strong>agite,</strong></span> 
     </span>
    </p>
   </div>
   <div class='ocr_carea' id='block_1_83' title="bbox 1994 3996 3331 4069">
    <p class='ocr_par' dir='ltr' id='par_1_83' title="bbox 1994 3996 3331 4069">
     <span class='ocr_line' id='line_1_83' title="bbox 1994 3996 3331 4069; baseline 0.001 -17"><span class='ocrx_word' id='word_1_628' title='bbox 1994 3998 2426 4069; x_wconf 80' lang='lat' dir='ltr'><strong>appropinquavit</strong></span> <span class='ocrx_word' id='word_1_629' title='bbox 2449 3996 2587 4052; x_wconf 82' lang='lat' dir='ltr'><strong>em&#39;m</strong></span> <span class='ocrx_word' id='word_1_630' title='bbox 2612 4012 2824 4068; x_wconf 80' lang='lat' dir='ltr'><strong>regnum</strong></span> <span class='ocrx_word' id='word_1_631' title='bbox 2847 3997 3121 4066; x_wconf 67' lang='lat' dir='ltr'><strong>caelorum,</strong></span> <span class='ocrx_word' id='word_1_632' title='bbox 3141 4008 3248 4056; x_wconf 85' lang='lat' dir='ltr'><strong>etc.</strong></span> <span class='ocrx_word' id='word_1_633' title='bbox 3322 4044 3331 4053; x_wconf 95' lang='lat'><strong>.</strong></span> 
     </span>
    </p>
   </div>
   <div class='ocr_carea' id='block_1_84' title="bbox 1994 4128 3509 4199">
    <p class='ocr_par' dir='ltr' id='par_1_84' title="bbox 1994 4128 3509 4199">
     <span class='ocr_line' id='line_1_84' title="bbox 1994 4128 3509 4199; baseline 0.003 -15"><span class='ocrx_word' id='word_1_634' title='bbox 1994 4130 2147 4198; x_wconf 82' lang='lat' dir='ltr'><strong>Quod</strong></span> <span class='ocrx_word' id='word_1_635' title='bbox 2179 4128 2310 4185; x_wconf 87' lang='lat' dir='ltr'><strong>dicit</strong></span> <span class='ocrx_word' id='word_1_636' title='bbox 2339 4139 2561 4184; x_wconf 91' lang='lat' dir='ltr'><strong>sanctus</strong></span> <span class='ocrx_word' id='word_1_637' title='bbox 2597 4130 2928 4199; x_wconf 84' lang='lat' dir='ltr'><strong>evangelista</strong></span> <span class='ocrx_word' id='word_1_638' title='bbox 2965 4149 2984 4183; x_wconf 73' lang='grc' dir='ltr'><strong>ι</strong></span> <span class='ocrx_word' id='word_1_639' title='bbox 3013 4132 3066 4187; x_wconf 91' lang='lat' dir='ltr'><strong>in</strong></span> <span class='ocrx_word' id='word_1_640' title='bbox 3104 4130 3296 4188; x_wconf 87' lang='lat' dir='ltr'><strong>diebus</strong></span> <span class='ocrx_word' id='word_1_641' title='bbox 3324 4132 3452 4199; x_wconf 84' lang='lat' dir='ltr'><strong>illis,</strong></span> <span class='ocrx_word' id='word_1_642' title='bbox 3484 4138 3509 4188; x_wconf 63' lang='grc' dir='ltr'><em>ί</em></span> 
     </span>
    </p>
   </div>
   <div class='ocr_carea' id='block_1_85' title="bbox 1923 4221 3511 4296">
    <p class='ocr_par' dir='ltr' id='par_1_85' title="bbox 1923 4221 3511 4296">
     <span class='ocr_line' id='line_1_85' title="bbox 1923 4221 3511 4296; baseline 0.001 -17"><span class='ocrx_word' id='word_1_643' title='bbox 1923 4221 1968 4279; x_wconf 78' lang='lat' dir='ltr'><strong>Si</strong></span> <span class='ocrx_word' id='word_1_644' title='bbox 2007 4231 2213 4277; x_wconf 89' lang='lat' dir='ltr'><strong>tantum</strong></span> <span class='ocrx_word' id='word_1_645' title='bbox 2260 4223 2633 4293; x_wconf 87' lang='lat' dir='ltr'><strong>superioribus</strong></span> <span class='ocrx_word' id='word_1_646' title='bbox 2668 4223 2848 4278; x_wconf 88' lang='lat' dir='ltr'><strong>verbis</strong></span> <span class='ocrx_word' id='word_1_647' title='bbox 2890 4222 3268 4296; x_wconf 76' lang='lat' dir='ltr'><strong>conjungatur,</strong></span> <span class='ocrx_word' id='word_1_648' title='bbox 3314 4224 3511 4295; x_wconf 79' lang='lat' dir='ltr'><strong>quibus</strong></span> 
     </span>
    </p>
   </div>
   <div class='ocr_carea' id='block_1_86' title="bbox 1921 4310 3509 4388">
    <p class='ocr_par' dir='ltr' id='par_1_86' title="bbox 1921 4310 3509 4388">
     <span class='ocr_line' id='line_1_86' title="bbox 1921 4310 3509 4388; baseline 0 -14"><span class='ocrx_word' id='word_1_649' title='bbox 1921 4320 2159 4375; x_wconf 90' lang='lat' dir='ltr'><strong>dicitur:</strong></span> <span class='ocrx_word' id='word_1_650' title='bbox 2194 4338 2212 4372; x_wconf 83' lang='grc'><strong><em>‹</em></strong></span> <span class='ocrx_word' id='word_1_651' title='bbox 2246 4319 2552 4373; x_wconf 86' lang='lat' dir='ltr'><strong>admonitus</strong></span> <span class='ocrx_word' id='word_1_652' title='bbox 2575 4315 2771 4386; x_wconf 85' lang='lat' dir='ltr'><strong>Joseph</strong></span> <span class='ocrx_word' id='word_1_653' title='bbox 2804 4318 3028 4373; x_wconf 88' lang='lat' dir='ltr'><strong>secessit</strong></span> <span class='ocrx_word' id='word_1_654' title='bbox 3056 4319 3108 4372; x_wconf 93' lang='lat' dir='ltr'><strong>in</strong></span> <span class='ocrx_word' id='word_1_655' title='bbox 3145 4327 3329 4388; x_wconf 86' lang='lat' dir='ltr'><strong>partes</strong></span> <span class='ocrx_word' id='word_1_656' title='bbox 3360 4310 3509 4374; x_wconf 46' lang='lat' dir='ltr'><strong>Gali;</strong></span> 
     </span>
    </p>
   </div>
   <div class='ocr_carea' id='block_1_87' title="bbox 1920 4404 3511 4479">
    <p class='ocr_par' dir='ltr' id='par_1_87' title="bbox 1920 4404 3511 4479">
     <span class='ocr_line' id='line_1_87' title="bbox 1920 4404 3511 4479; baseline 0.001 -16"><span class='ocrx_word' id='word_1_657' title='bbox 1920 4410 2055 4476; x_wconf 64' lang='lat' dir='ltr'><strong>bene,</strong></span> <span class='ocrx_word' id='word_1_658' title='bbox 2094 4431 2113 4463; x_wconf 73' lang='grc' dir='ltr'><strong>ι</strong></span> <span class='ocrx_word' id='word_1_659' title='bbox 2167 4409 2318 4463; x_wconf 77' lang='lat' dir='ltr'><strong>valde</strong></span> <span class='ocrx_word' id='word_1_660' title='bbox 2379 4408 2708 4464; x_wconf 85' lang='lat' dir='ltr'><strong>contrarium</strong></span> <span class='ocrx_word' id='word_1_661' title='bbox 2757 4408 2970 4463; x_wconf 81' lang='lat' dir='ltr'><strong>videtur</strong></span> <span class='ocrx_word' id='word_1_662' title='bbox 3028 4404 3184 4463; x_wconf 70' lang='lat' dir='ltr'><strong>Luca:</strong></span> <span class='ocrx_word' id='word_1_663' title='bbox 3234 4409 3325 4479; x_wconf 91' lang='lat' dir='ltr'><strong>qui</strong></span> <span class='ocrx_word' id='word_1_664' title='bbox 3376 4406 3511 4464; x_wconf 71' lang='lat' dir='ltr'><strong>dicit</strong></span> 
     </span>
    </p>
   </div>
   <div class='ocr_carea' id='block_1_88' title="bbox 1921 4496 3511 4572">
    <p class='ocr_par' dir='ltr' id='par_1_88' title="bbox 1921 4496 3511 4572">
     <span class='ocr_line' id='line_1_88' title="bbox 1921 4496 3511 4572; baseline -0.001 -17"><span class='ocrx_word' id='word_1_665' title='bbox 1921 4498 2145 4572; x_wconf 89' lang='lat' dir='ltr'><strong>puerum</strong></span> <span class='ocrx_word' id='word_1_666' title='bbox 2178 4500 2495 4554; x_wconf 89' lang='lat' dir='ltr'><strong>duodecimo</strong></span> <span class='ocrx_word' id='word_1_667' title='bbox 2541 4498 2683 4550; x_wconf 87' lang='lat' dir='ltr'><strong>anno</strong></span> <span class='ocrx_word' id='word_1_668' title='bbox 2727 4496 3055 4552; x_wconf 89' lang='lat' dir='ltr'><strong>remansisse</strong></span> <span class='ocrx_word' id='word_1_669' title='bbox 3095 4496 3150 4552; x_wconf 90' lang='lat' dir='ltr'><strong>in</strong></span> <span class='ocrx_word' id='word_1_670' title='bbox 3195 4496 3411 4567; x_wconf 91' lang='lat' dir='ltr'><strong>templo,</strong></span> <span class='ocrx_word' id='word_1_671' title='bbox 3452 4500 3511 4555; x_wconf 73' lang='grc' dir='ltr'><strong>ει</strong></span> 
     </span>
    </p>
   </div>
   <div class='ocr_carea' id='block_1_89' title="bbox 1920 4587 3508 4666">
    <p class='ocr_par' dir='ltr' id='par_1_89' title="bbox 1920 4587 3508 4666">
     <span class='ocr_line' id='line_1_89' title="bbox 1920 4587 3508 4666; baseline 0.001 -21"><span class='ocrx_word' id='word_1_672' title='bbox 1920 4603 2173 4666; x_wconf 78' lang='lat' dir='ltr'><strong>parentes</strong></span> <span class='ocrx_word' id='word_1_673' title='bbox 2199 4590 2313 4661; x_wconf 82' lang='lat' dir='ltr'><strong>ejus</strong></span> <span class='ocrx_word' id='word_1_674' title='bbox 2350 4606 2444 4662; x_wconf 90' lang='lat' dir='ltr'><strong>per</strong></span> <span class='ocrx_word' id='word_1_675' title='bbox 2477 4605 2666 4645; x_wconf 88' lang='lat' dir='ltr'><strong>omnes</strong></span> <span class='ocrx_word' id='word_1_676' title='bbox 2700 4605 2870 4643; x_wconf 90' lang='lat' dir='ltr'><strong>annos</strong></span> <span class='ocrx_word' id='word_1_677' title='bbox 2910 4587 3217 4645; x_wconf 86' lang='lat' dir='ltr'><strong>ascendisse</strong></span> <span class='ocrx_word' id='word_1_678' title='bbox 3256 4588 3508 4647; x_wconf 62' lang='lat' dir='ltr'><strong>Hierosoo</strong></span> 
     </span>
    </p>
   </div>
   <div class='ocr_carea' id='block_1_90' title="bbox 231 4673 3508 4766">
    <p class='ocr_par' dir='ltr' id='par_1_90' title="bbox 231 4673 3508 4766">
     <span class='ocr_line' id='line_1_90' title="bbox 231 4673 3508 4766; baseline -0.003 -17"><span class='ocrx_word' id='word_1_679' title='bbox 231 4696 372 4750; x_wconf 87' lang='lat' dir='ltr'><strong>ciem</strong></span> <span class='ocrx_word' id='word_1_680' title='bbox 411 4706 576 4761; x_wconf 90' lang='lat' dir='ltr'><strong>tuam,</strong></span> <span class='ocrx_word' id='word_1_681' title='bbox 608 4716 625 4748; x_wconf 76' lang='grc' dir='ltr'><strong>ι</strong></span> <span class='ocrx_word' id='word_1_682' title='bbox 660 4696 760 4750; x_wconf 86' lang='lat' dir='ltr'><strong>hoc</strong></span> <span class='ocrx_word' id='word_1_683' title='bbox 785 4703 868 4750; x_wconf 87' lang='lat' dir='ltr'><strong>est</strong></span> <span class='ocrx_word' id='word_1_684' title='bbox 904 4703 1031 4749; x_wconf 91' lang='lat' dir='ltr'><strong>ante</strong></span> <span class='ocrx_word' id='word_1_685' title='bbox 1068 4691 1383 4766; x_wconf 86' lang='lat' dir='ltr'><strong>mysterium</strong></span> <span class='ocrx_word' id='word_1_686' title='bbox 1427 4700 1528 4745; x_wconf 72' lang='lat' dir='ltr'><strong>tua:</strong></span> <span class='ocrx_word' id='word_1_687' title='bbox 1564 4691 1812 4744; x_wconf 86' lang='lat' dir='ltr'><strong>incarna-</strong></span> <span class='ocrx_word' id='word_1_688' title='bbox 1840 4673 1896 4738; x_wconf 75' lang='grc' dir='ltr'><strong><em>Β</em></strong></span> <span class='ocrx_word' id='word_1_689' title='bbox 1921 4688 2117 4757; x_wconf 86' lang='lat' dir='ltr'><strong>lymam</strong></span> <span class='ocrx_word' id='word_1_690' title='bbox 2146 4685 2199 4738; x_wconf 92' lang='lat' dir='ltr'><strong>in</strong></span> <span class='ocrx_word' id='word_1_691' title='bbox 2243 4683 2327 4737; x_wconf 92' lang='lat' dir='ltr'><strong>die</strong></span> <span class='ocrx_word' id='word_1_692' title='bbox 2377 4681 2607 4737; x_wconf 88' lang='lat' dir='ltr'><strong>solenmi</strong></span> <span class='ocrx_word' id='word_1_693' title='bbox 2654 4680 2896 4747; x_wconf 76' lang='lat' dir='ltr'><strong>Paschze,</strong></span> <span class='ocrx_word' id='word_1_694' title='bbox 2929 4691 2983 4736; x_wconf 90' lang='lat' dir='ltr'><strong>et</strong></span> <span class='ocrx_word' id='word_1_695' title='bbox 3021 4688 3146 4752; x_wconf 89' lang='lat' dir='ltr'><strong>post</strong></span> <span class='ocrx_word' id='word_1_696' title='bbox 3192 4681 3295 4737; x_wconf 89' lang='lat' dir='ltr'><strong>hoc</strong></span> <span class='ocrx_word' id='word_1_697' title='bbox 3322 4691 3508 4739; x_wconf 83' lang='lat' dir='ltr'><strong>narrat</strong></span> 
     </span>
    </p>
   </div>
   <div class='ocr_carea' id='block_1_91' title="bbox 235 4779 1817 4855">
    <p class='ocr_par' dir='ltr' id='par_1_91' title="bbox 235 4779 1817 4855">
     <span class='ocr_line' id='line_1_91' title="bbox 235 4779 1817 4855; baseline -0.004 -16"><span class='ocrx_word' id='word_1_698' title='bbox 235 4786 434 4851; x_wconf 89' lang='lat' dir='ltr'><strong>tionis;</strong></span> <span class='ocrx_word' id='word_1_699' title='bbox 488 4805 505 4836; x_wconf 76' lang='grc' dir='ltr'><strong>ι</strong></span> <span class='ocrx_word' id='word_1_700' title='bbox 535 4785 624 4852; x_wconf 82' lang='lat' dir='ltr'><strong>qui</strong></span> <span class='ocrx_word' id='word_1_701' title='bbox 677 4782 1003 4855; x_wconf 74' lang='lat' dir='ltr'><strong>przeparabit</strong></span> <span class='ocrx_word' id='word_1_702' title='bbox 1039 4783 1180 4837; x_wconf 87' lang='lat' dir='ltr'><strong>viam</strong></span> <span class='ocrx_word' id='word_1_703' title='bbox 1217 4791 1359 4835; x_wconf 83' lang='lat' dir='ltr'><strong>tuam</strong></span> <span class='ocrx_word' id='word_1_704' title='bbox 1400 4793 1521 4835; x_wconf 91' lang='lat' dir='ltr'><strong>autc</strong></span> <span class='ocrx_word' id='word_1_705' title='bbox 1554 4789 1628 4843; x_wconf 90' lang='lat' dir='ltr'><strong>te,</strong></span> <span class='ocrx_word' id='word_1_706' title='bbox 1658 4798 1676 4830; x_wconf 86' lang='grc'><strong>›</strong></span> <span class='ocrx_word' id='word_1_707' title='bbox 1714 4779 1817 4833; x_wconf 89' lang='lat' dir='ltr'><strong>hoc</strong></span> 
     </span>
    </p>
   </div>
   <div class='ocr_carea' id='block_1_92' title="bbox 233 4868 1817 4947">
    <p class='ocr_par' dir='ltr' id='par_1_92' title="bbox 233 4868 1817 4947">
     <span class='ocr_line' id='line_1_92' title="bbox 233 4868 1817 4947; baseline -0.005 -15"><span class='ocrx_word' id='word_1_708' title='bbox 233 4886 319 4932; x_wconf 87' lang='lat' dir='ltr'><strong>est</strong></span> <span class='ocrx_word' id='word_1_709' title='bbox 382 4877 752 4947; x_wconf 75' lang='lat' dir='ltr'><strong>pwnitentiam</strong></span> <span class='ocrx_word' id='word_1_710' title='bbox 818 4874 1161 4946; x_wconf 68' lang='lat' dir='ltr'><strong>praedicando</strong></span> <span class='ocrx_word' id='word_1_711' title='bbox 1216 4885 1271 4928; x_wconf 87' lang='lat' dir='ltr'><strong>et</strong></span> <span class='ocrx_word' id='word_1_712' title='bbox 1321 4869 1664 4942; x_wconf 85' lang='lat' dir='ltr'><strong>baptizando.</strong></span> <span class='ocrx_word' id='word_1_713' title='bbox 1722 4868 1817 4924; x_wconf 91' lang='lat' dir='ltr'><strong>llle</strong></span> 
     </span>
    </p>
   </div>
   <div class='ocr_carea' id='block_1_93' title="bbox 232 4963 1813 5037">
    <p class='ocr_par' dir='ltr' id='par_1_93' title="bbox 232 4963 1813 5037">
     <span class='ocr_line' id='line_1_93' title="bbox 232 4963 1813 5037; baseline -0.005 -14"><span class='ocrx_word' id='word_1_714' title='bbox 232 4970 379 5024; x_wconf 89' lang='lat' dir='ltr'><strong>enim</strong></span> <span class='ocrx_word' id='word_1_715' title='bbox 408 4969 634 5023; x_wconf 90' lang='lat' dir='ltr'><strong>Domino</strong></span> <span class='ocrx_word' id='word_1_716' title='bbox 666 4968 803 5021; x_wconf 86' lang='lat' dir='ltr'><strong>viam</strong></span> <span class='ocrx_word' id='word_1_717' title='bbox 836 4977 992 5037; x_wconf 87' lang='lat' dir='ltr'><strong>parat</strong></span> <span class='ocrx_word' id='word_1_718' title='bbox 1026 4965 1117 5036; x_wconf 87' lang='lat' dir='ltr'><strong>qui</strong></span> <span class='ocrx_word' id='word_1_719' title='bbox 1149 4974 1349 5019; x_wconf 90' lang='lat' dir='ltr'><strong>rectam</strong></span> <span class='ocrx_word' id='word_1_720' title='bbox 1392 4964 1551 5018; x_wconf 86' lang='lat' dir='ltr'><strong>ﬁdem</strong></span> <span class='ocrx_word' id='word_1_721' title='bbox 1591 4972 1645 5017; x_wconf 90' lang='lat' dir='ltr'><strong>et</strong></span> <span class='ocrx_word' id='word_1_722' title='bbox 1676 4963 1813 5015; x_wconf 88' lang='lat' dir='ltr'><strong>bona</strong></span> 
     </span>
    </p>
   </div>
   <div class='ocr_carea' id='block_1_94' title="bbox 233 5051 1845 5131">
    <p class='ocr_par' dir='ltr' id='par_1_94' title="bbox 233 5051 1845 5131">
     <span class='ocr_line' id='line_1_94' title="bbox 233 5051 1845 5131; baseline -0.005 -18"><span class='ocrx_word' id='word_1_723' title='bbox 233 5077 397 5131; x_wconf 87' lang='lat' dir='ltr'><strong>opera</strong></span> <span class='ocrx_word' id='word_1_724' title='bbox 446 5060 736 5131; x_wconf 61' lang='lat' dir='ltr'><strong>praedicat;</strong></span> <span class='ocrx_word' id='word_1_725' title='bbox 775 5058 994 5129; x_wconf 86' lang='lat' dir='ltr'><strong>angelus</strong></span> <span class='ocrx_word' id='word_1_726' title='bbox 1032 5072 1263 5127; x_wconf 86' lang='lat' dir='ltr'><strong>namque</strong></span> <span class='ocrx_word' id='word_1_727' title='bbox 1293 5071 1484 5110; x_wconf 89' lang='lat' dir='ltr'><strong>nomen</strong></span> <span class='ocrx_word' id='word_1_728' title='bbox 1521 5063 1605 5109; x_wconf 45' lang='lat' dir='ltr'><strong>est</strong></span> <span class='ocrx_word' id='word_1_729' title='bbox 1631 5051 1845 5118; x_wconf 65' lang='lat' dir='ltr'><strong>oﬂicii,’</strong></span> 
     </span>
    </p>
   </div>
   <div class='ocr_carea' id='block_1_95' title="bbox 234 5147 1817 5221">
    <p class='ocr_par' dir='ltr' id='par_1_95' title="bbox 234 5147 1817 5221">
     <span class='ocr_line' id='line_1_95' title="bbox 234 5147 1817 5221; baseline -0.004 -14"><span class='ocrx_word' id='word_1_730' title='bbox 234 5169 343 5208; x_wconf 83' lang='lat' dir='ltr'><strong>non</strong></span> <span class='ocrx_word' id='word_1_731' title='bbox 380 5161 615 5218; x_wconf 70' lang='lat' dir='ltr'><strong>naturze;</strong></span> <span class='ocrx_word' id='word_1_732' title='bbox 644 5152 787 5221; x_wconf 87' lang='lat' dir='ltr'><strong>quod</strong></span> <span class='ocrx_word' id='word_1_733' title='bbox 811 5153 951 5204; x_wconf 90' lang='lat' dir='ltr'><strong>enim</strong></span> <span class='ocrx_word' id='word_1_734' title='bbox 980 5150 1165 5204; x_wconf 66' lang='lat' dir='ltr'><strong>Graece</strong></span> <span class='ocrx_word' id='word_1_735' title='bbox 1193 5149 1438 5219; x_wconf 82' lang='lat' dir='ltr'><strong>angelus,</strong></span> <span class='ocrx_word' id='word_1_736' title='bbox 1462 5147 1649 5202; x_wconf 88' lang='lat' dir='ltr'><strong>Latine</strong></span> <span class='ocrx_word' id='word_1_737' title='bbox 1681 5164 1817 5200; x_wconf 84' lang='lat' dir='ltr'><strong>nun-</strong></span> 
     </span>
    </p>
   </div>
   <div class='ocr_carea' id='block_1_96' title="bbox 234 5232 1819 5312">
    <p class='ocr_par' dir='ltr' id='par_1_96' title="bbox 234 5232 1819 5312">
     <span class='ocr_line' id='line_1_96' title="bbox 234 5232 1819 5312; baseline -0.003 -15"><span class='ocrx_word' id='word_1_738' title='bbox 234 5245 340 5298; x_wconf 75' lang='lat' dir='ltr'><strong>tius</strong></span> <span class='ocrx_word' id='word_1_739' title='bbox 388 5244 616 5309; x_wconf 85' lang='lat' dir='ltr'><strong>dicitur;</strong></span> <span class='ocrx_word' id='word_1_740' title='bbox 654 5252 708 5296; x_wconf 91' lang='lat' dir='ltr'><strong>et</strong></span> <span class='ocrx_word' id='word_1_741' title='bbox 750 5232 983 5297; x_wconf 81' lang='lat' dir='ltr'><strong>Joannes</strong></span> <span class='ocrx_word' id='word_1_742' title='bbox 1028 5242 1229 5295; x_wconf 87' lang='lat' dir='ltr'><strong>idcirco</strong></span> <span class='ocrx_word' id='word_1_743' title='bbox 1258 5241 1481 5312; x_wconf 86' lang='lat' dir='ltr'><strong>angelus</strong></span> <span class='ocrx_word' id='word_1_744' title='bbox 1531 5240 1705 5293; x_wconf 88' lang='lat' dir='ltr'><strong>dictus</strong></span> <span class='ocrx_word' id='word_1_745' title='bbox 1733 5248 1819 5293; x_wconf 88' lang='lat' dir='ltr'><strong>est</strong></span> 
     </span>
    </p>
   </div>
   <div class='ocr_carea' id='block_1_97' title="bbox 233 5330 1816 5402">
    <p class='ocr_par' dir='ltr' id='par_1_97' title="bbox 233 5330 1816 5402">
     <span class='ocr_line' id='line_1_97' title="bbox 233 5330 1816 5402; baseline -0.004 -12"><span class='ocrx_word' id='word_1_746' title='bbox 233 5354 341 5390; x_wconf 80' lang='lat' dir='ltr'><strong>non</strong></span> <span class='ocrx_word' id='word_1_747' title='bbox 388 5345 595 5389; x_wconf 71' lang='lat' dir='ltr'><strong>natura:</strong></span> <span class='ocrx_word' id='word_1_748' title='bbox 645 5335 928 5399; x_wconf 88' lang='lat' dir='ltr'><strong>societate,</strong></span> <span class='ocrx_word' id='word_1_749' title='bbox 982 5333 1075 5388; x_wconf 91' lang='lat' dir='ltr'><strong>sed</strong></span> <span class='ocrx_word' id='word_1_750' title='bbox 1113 5330 1270 5386; x_wconf 77' lang='lat' dir='ltr'><strong>cilicii</strong></span> <span class='ocrx_word' id='word_1_751' title='bbox 1326 5333 1603 5402; x_wconf 87' lang='lat' dir='ltr'><strong>dignitate.</strong></span> <span class='ocrx_word' id='word_1_752' title='bbox 1651 5330 1816 5385; x_wconf 81' lang='lat' dir='ltr'><strong>Recte</strong></span> 
     </span>
    </p>
   </div>
   <div class='ocr_carea' id='block_1_98' title="bbox 234 5422 1815 5496">
    <p class='ocr_par' dir='ltr' id='par_1_98' title="bbox 234 5422 1815 5496">
     <span class='ocr_line' id='line_1_98' title="bbox 234 5422 1815 5496; baseline -0.001 -17"><span class='ocrx_word' id='word_1_753' title='bbox 234 5442 366 5495; x_wconf 83' lang='lat' dir='ltr'><strong>ergo</strong></span> <span class='ocrx_word' id='word_1_754' title='bbox 389 5427 478 5495; x_wconf 90' lang='lat' dir='ltr'><strong>qui</strong></span> <span class='ocrx_word' id='word_1_755' title='bbox 511 5431 807 5496; x_wconf 76' lang='lat' dir='ltr'><strong>supernam</strong></span> <span class='ocrx_word' id='word_1_756' title='bbox 831 5422 1076 5480; x_wconf 86' lang='lat' dir='ltr'><strong>Judicem</strong></span> <span class='ocrx_word' id='word_1_757' title='bbox 1110 5432 1331 5477; x_wconf 86' lang='lat' dir='ltr'><strong>venerat</strong></span> <span class='ocrx_word' id='word_1_758' title='bbox 1368 5426 1618 5477; x_wconf 87' lang='lat' dir='ltr'><strong>nuntiare</strong></span> <span class='ocrx_word' id='word_1_759' title='bbox 1654 5438 1815 5492; x_wconf 45' lang='lat' dir='ltr'><strong>auge.</strong></span> 
     </span>
    </p>
   </div>
   <div class='ocr_carea' id='block_1_99' title="bbox 237 5513 1815 5587">
    <p class='ocr_par' dir='ltr' id='par_1_99' title="bbox 237 5513 1815 5587">
     <span class='ocr_line' id='line_1_99' title="bbox 237 5513 1815 5587; baseline -0.003 -16"><span class='ocrx_word' id='word_1_760' title='bbox 237 5518 320 5573; x_wconf 88' lang='lat' dir='ltr'><strong>lus</strong></span> <span class='ocrx_word' id='word_1_761' title='bbox 369 5517 545 5571; x_wconf 90' lang='lat' dir='ltr'><strong>dictus</strong></span> <span class='ocrx_word' id='word_1_762' title='bbox 593 5527 695 5581; x_wconf 90' lang='lat' dir='ltr'><strong>est,</strong></span> <span class='ocrx_word' id='word_1_763' title='bbox 747 5525 805 5569; x_wconf 91' lang='lat' dir='ltr'><strong>ut</strong></span> <span class='ocrx_word' id='word_1_764' title='bbox 845 5516 1163 5587; x_wconf 87' lang='lat' dir='ltr'><strong>dignitatem</strong></span> <span class='ocrx_word' id='word_1_765' title='bbox 1215 5520 1458 5568; x_wconf 74' lang='lat' dir='ltr'><strong>srrvarct</strong></span> <span class='ocrx_word' id='word_1_766' title='bbox 1502 5513 1553 5565; x_wconf 90' lang='lat' dir='ltr'><strong>in</strong></span> <span class='ocrx_word' id='word_1_767' title='bbox 1601 5514 1815 5567; x_wconf 89' lang='lat' dir='ltr'><strong>nomine</strong></span> 
     </span>
    </p>
   </div>
   <div class='ocr_carea' id='block_1_100' title="bbox 234 5601 1814 5680">
    <p class='ocr_par' dir='ltr' id='par_1_100' title="bbox 234 5601 1814 5680">
     <span class='ocr_line' id='line_1_100' title="bbox 234 5601 1814 5680; baseline -0.003 -20"><span class='ocrx_word' id='word_1_768' title='bbox 234 5625 397 5680; x_wconf 82' lang='lat' dir='ltr'><strong>quam</strong></span> <span class='ocrx_word' id='word_1_769' title='bbox 447 5606 696 5678; x_wconf 80' lang='lat' dir='ltr'><strong>explebat</strong></span> <span class='ocrx_word' id='word_1_770' title='bbox 727 5606 780 5660; x_wconf 91' lang='lat' dir='ltr'><strong>in</strong></span> <span class='ocrx_word' id='word_1_771' title='bbox 826 5606 1161 5675; x_wconf 79' lang='lat' dir='ltr'><strong>operatione.</strong></span> <span class='ocrx_word' id='word_1_772' title='bbox 1190 5601 1372 5656; x_wconf 83' lang='lat' dir='ltr'><strong>Altum</strong></span> <span class='ocrx_word' id='word_1_773' title='bbox 1396 5603 1590 5673; x_wconf 87' lang='lat' dir='ltr'><strong>quippe</strong></span> <span class='ocrx_word' id='word_1_774' title='bbox 1621 5618 1814 5657; x_wconf 87' lang='lat' dir='ltr'><strong>nomen</strong></span> 
     </span>
    </p>
   </div>
   <div class='ocr_carea' id='block_1_101' title="bbox 236 5693 1818 5774">
    <p class='ocr_par' dir='ltr' id='par_1_101' title="bbox 236 5693 1818 5774">
     <span class='ocr_line' id='line_1_101' title="bbox 236 5693 1818 5774; baseline -0.006 -17"><span class='ocrx_word' id='word_1_775' title='bbox 236 5711 320 5757; x_wconf 88' lang='lat' dir='ltr'><strong>est</strong></span> <span class='ocrx_word' id='word_1_776' title='bbox 345 5701 545 5774; x_wconf 86' lang='lat' dir='ltr'><strong>angeli,</strong></span> <span class='ocrx_word' id='word_1_777' title='bbox 575 5700 670 5757; x_wconf 88' lang='lat' dir='ltr'><strong>sed</strong></span> <span class='ocrx_word' id='word_1_778' title='bbox 716 5701 819 5753; x_wconf 86' lang='lat' dir='ltr'><strong>vita</strong></span> <span class='ocrx_word' id='word_1_779' title='bbox 851 5695 1075 5754; x_wconf 89' lang='lat' dir='ltr'><strong>Joannis</strong></span> <span class='ocrx_word' id='word_1_780' title='bbox 1113 5711 1219 5752; x_wconf 88' lang='lat' dir='ltr'><strong>non</strong></span> <span class='ocrx_word' id='word_1_781' title='bbox 1252 5694 1474 5750; x_wconf 80' lang='lat' dir='ltr'><strong>inferior</strong></span> <span class='ocrx_word' id='word_1_782' title='bbox 1502 5693 1633 5757; x_wconf 78' lang='lat' dir='ltr'><strong>fuit;</strong></span> <span class='ocrx_word' id='word_1_783' title='bbox 1672 5705 1818 5748; x_wconf 87' lang='lat' dir='ltr'><strong>recte</strong></span> 
     </span>
    </p>
   </div>
   <div class='ocr_carea' id='block_1_102' title="bbox 238 5785 1813 5864">
    <p class='ocr_par' dir='ltr' id='par_1_102' title="bbox 238 5785 1813 5864">
     <span class='ocr_line' id='line_1_102' title="bbox 238 5785 1813 5864; baseline -0.004 -18"><span class='ocrx_word' id='word_1_784' title='bbox 238 5807 368 5864; x_wconf 83' lang='lat' dir='ltr'><strong>ergo</strong></span> <span class='ocrx_word' id='word_1_785' title='bbox 397 5793 570 5862; x_wconf 90' lang='lat' dir='ltr'><strong>potuit</strong></span> <span class='ocrx_word' id='word_1_786' title='bbox 597 5790 701 5848; x_wconf 90' lang='lat' dir='ltr'><strong>dici</strong></span> <span class='ocrx_word' id='word_1_787' title='bbox 733 5788 955 5862; x_wconf 87' lang='lat' dir='ltr'><strong>angelus</strong></span> <span class='ocrx_word' id='word_1_788' title='bbox 992 5797 1257 5855; x_wconf 90' lang='lat' dir='ltr'><strong>terrenus,</strong></span> <span class='ocrx_word' id='word_1_789' title='bbox 1293 5796 1345 5843; x_wconf 89' lang='lat' dir='ltr'><strong>et</strong></span> <span class='ocrx_word' id='word_1_790' title='bbox 1366 5787 1527 5841; x_wconf 91' lang='lat' dir='ltr'><strong>homo</strong></span> <span class='ocrx_word' id='word_1_791' title='bbox 1559 5785 1813 5842; x_wconf 66' lang='lat' dir='ltr'><strong>caelestis.</strong></span> 
     </span>
    </p>
   </div>
   <div class='ocr_carea' id='block_1_103' title="bbox 240 5874 1817 5959">
    <p class='ocr_par' dir='ltr' id='par_1_103' title="bbox 240 5874 1817 5959">
     <span class='ocr_line' id='line_1_103' title="bbox 240 5874 1817 5959; baseline -0.001 -19"><span class='ocrx_word' id='word_1_792' title='bbox 240 5874 303 5951; x_wconf 76' lang='lat' dir='ltr'><strong>Et</strong></span> <span class='ocrx_word' id='word_1_793' title='bbox 326 5887 601 5947; x_wconf 80' lang='lat' dir='ltr'><strong>sciendum</strong></span> <span class='ocrx_word' id='word_1_794' title='bbox 634 5885 759 5959; x_wconf 85' lang='lat' dir='ltr'><strong>quia</strong></span> <span class='ocrx_word' id='word_1_795' title='bbox 789 5900 894 5941; x_wconf 87' lang='lat' dir='ltr'><strong>non</strong></span> <span class='ocrx_word' id='word_1_796' title='bbox 925 5883 1098 5942; x_wconf 88' lang='lat' dir='ltr'><strong>solum</strong></span> <span class='ocrx_word' id='word_1_797' title='bbox 1133 5880 1368 5940; x_wconf 84' lang='lat' dir='ltr'><strong>Joannes</strong></span> <span class='ocrx_word' id='word_1_798' title='bbox 1393 5880 1613 5953; x_wconf 84' lang='lat' dir='ltr'><strong>angelus</strong></span> <span class='ocrx_word' id='word_1_799' title='bbox 1641 5879 1817 5939; x_wconf 77' lang='lat' dir='ltr'><strong>dictus</strong></span> 
     </span>
    </p>
   </div>
   <div class='ocr_carea' id='block_1_104' title="bbox 1919 4772 3507 4845">
    <p class='ocr_par' dir='ltr' id='par_1_104' title="bbox 1919 4772 3507 4845">
     <span class='ocr_line' id='line_1_104' title="bbox 1919 4772 3507 4845; baseline -0.001 -13"><span class='ocrx_word' id='word_1_800' title='bbox 1919 4775 2181 4832; x_wconf 81' lang='lat' dir='ltr'><strong>Joannem</strong></span> <span class='ocrx_word' id='word_1_801' title='bbox 2228 4774 2522 4845; x_wconf 82' lang='lat' dir='ltr'><strong>praedicare</strong></span> <span class='ocrx_word' id='word_1_802' title='bbox 2579 4774 2830 4843; x_wconf 76' lang='lat' dir='ltr'><strong>coepisse.</strong></span> <span class='ocrx_word' id='word_1_803' title='bbox 2886 4772 3028 4843; x_wconf 81' lang='lat' dir='ltr'><strong>Ergo</strong></span> <span class='ocrx_word' id='word_1_804' title='bbox 3071 4772 3114 4829; x_wconf 89' lang='lat' dir='ltr'><strong>si</strong></span> <span class='ocrx_word' id='word_1_805' title='bbox 3167 4774 3241 4828; x_wconf 91' lang='lat' dir='ltr'><strong>ita</strong></span> <span class='ocrx_word' id='word_1_806' title='bbox 3291 4781 3397 4839; x_wconf 90' lang='lat' dir='ltr'><strong>est,</strong></span> <span class='ocrx_word' id='word_1_807' title='bbox 3447 4781 3507 4830; x_wconf 82' lang='lat' dir='ltr'><strong>ut</strong></span> 
     </span>
    </p>
   </div>
   <div class='ocr_carea' id='block_1_105' title="bbox 1921 4857 3505 4934">
    <p class='ocr_par' dir='ltr' id='par_1_105' title="bbox 1921 4857 3505 4934">
     <span class='ocr_line' id='line_1_105' title="bbox 1921 4857 3505 4934; baseline 0 -14"><span class='ocrx_word' id='word_1_808' title='bbox 1921 4857 2205 4921; x_wconf 79' lang='lat' dir='ltr'><strong>Mattbaeus</strong></span> <span class='ocrx_word' id='word_1_809' title='bbox 2241 4865 2391 4930; x_wconf 82' lang='lat' dir='ltr'><strong>dicit,</strong></span> <span class='ocrx_word' id='word_1_810' title='bbox 2425 4865 2474 4917; x_wconf 92' lang='lat' dir='ltr'><strong>id</strong></span> <span class='ocrx_word' id='word_1_811' title='bbox 2511 4874 2614 4930; x_wconf 90' lang='lat' dir='ltr'><strong>est,</strong></span> <span class='ocrx_word' id='word_1_812' title='bbox 2649 4862 2790 4934; x_wconf 90' lang='lat' dir='ltr'><strong>quod</strong></span> <span class='ocrx_word' id='word_1_813' title='bbox 2821 4859 3059 4918; x_wconf 86' lang='lat' dir='ltr'><strong>Joannes</strong></span> <span class='ocrx_word' id='word_1_814' title='bbox 3085 4864 3265 4918; x_wconf 91' lang='lat' dir='ltr'><strong>statim</strong></span> <span class='ocrx_word' id='word_1_815' title='bbox 3305 4863 3505 4934; x_wconf 59' lang='lat' dir='ltr'><strong>praedi-</strong></span> 
     </span>
    </p>
   </div>
   <div class='ocr_carea' id='block_1_106' title="bbox 1922 4952 3506 5027">
    <p class='ocr_par' dir='ltr' id='par_1_106' title="bbox 1922 4952 3506 5027">
     <span class='ocr_line' id='line_1_106' title="bbox 1922 4952 3506 5027; baseline 0.001 -16"><span class='ocrx_word' id='word_1_816' title='bbox 1922 4972 2048 5011; x_wconf 83' lang='lat' dir='ltr'><strong>care</strong></span> <span class='ocrx_word' id='word_1_817' title='bbox 2107 4957 2362 5027; x_wconf 70' lang='lat' dir='ltr'><strong>cmpisset</strong></span> <span class='ocrx_word' id='word_1_818' title='bbox 2427 4965 2711 5026; x_wconf 86' lang='lat' dir='ltr'><strong>postquam</strong></span> <span class='ocrx_word' id='word_1_819' title='bbox 2764 4952 2962 5024; x_wconf 84' lang='lat' dir='ltr'><strong>Josepli</strong></span> <span class='ocrx_word' id='word_1_820' title='bbox 3012 4969 3263 5009; x_wconf 87' lang='lat' dir='ltr'><strong>reversus</strong></span> <span class='ocrx_word' id='word_1_821' title='bbox 3307 4963 3391 5009; x_wconf 88' lang='lat' dir='ltr'><strong>est</strong></span> <span class='ocrx_word' id='word_1_822' title='bbox 3437 4954 3506 5013; x_wconf 74' lang='lat' dir='ltr'><strong>de</strong></span> 
     </span>
    </p>
   </div>
   <div class='ocr_carea' id='block_1_107' title="bbox 1920 5038 3502 5118">
    <p class='ocr_par' dir='ltr' id='par_1_107' title="bbox 1920 5038 3502 5118">
     <span class='ocr_line' id='line_1_107' title="bbox 1920 5038 3502 5118; baseline -0.004 -14"><span class='ocrx_word' id='word_1_823' title='bbox 1920 5044 2156 5118; x_wconf 70' lang='lat' dir='ltr'><strong>Egypto</strong></span> <span class='ocrx_word' id='word_1_824' title='bbox 2181 5062 2301 5101; x_wconf 90' lang='lat' dir='ltr'><strong>cum</strong></span> <span class='ocrx_word' id='word_1_825' title='bbox 2340 5060 2524 5116; x_wconf 87' lang='lat' dir='ltr'><strong>puero,</strong></span> <span class='ocrx_word' id='word_1_826' title='bbox 2557 5053 2611 5098; x_wconf 92' lang='lat' dir='ltr'><strong>et</strong></span> <span class='ocrx_word' id='word_1_827' title='bbox 2652 5038 2873 5099; x_wconf 87' lang='lat' dir='ltr'><strong>veniens</strong></span> <span class='ocrx_word' id='word_1_828' title='bbox 2911 5042 3172 5098; x_wconf 89' lang='lat' dir='ltr'><strong>habitavit</strong></span> <span class='ocrx_word' id='word_1_829' title='bbox 3209 5041 3502 5109; x_wconf 84' lang='lat' dir='ltr'><strong>Nazareth,</strong></span> 
     </span>
    </p>
   </div>
   <div class='ocr_carea' id='block_1_108' title="bbox 1924 5135 3505 5211">
    <p class='ocr_par' dir='ltr' id='par_1_108' title="bbox 1924 5135 3505 5211">
     <span class='ocr_line' id='line_1_108' title="bbox 1924 5135 3505 5211; baseline -0.002 -18"><span class='ocrx_word' id='word_1_830' title='bbox 1924 5140 2193 5211; x_wconf 87' lang='lat' dir='ltr'><strong>quomodo</strong></span> <span class='ocrx_word' id='word_1_831' title='bbox 2240 5154 2425 5194; x_wconf 88' lang='lat' dir='ltr'><strong>verum</strong></span> <span class='ocrx_word' id='word_1_832' title='bbox 2479 5147 2562 5192; x_wconf 87' lang='lat' dir='ltr'><strong>est</strong></span> <span class='ocrx_word' id='word_1_833' title='bbox 2611 5137 2753 5208; x_wconf 87' lang='lat' dir='ltr'><strong>quod</strong></span> <span class='ocrx_word' id='word_1_834' title='bbox 2804 5135 2980 5192; x_wconf 88' lang='lat' dir='ltr'><strong>Lucas</strong></span> <span class='ocrx_word' id='word_1_835' title='bbox 3033 5136 3129 5200; x_wconf 89' lang='lat' dir='ltr'><strong>ait,</strong></span> <span class='ocrx_word' id='word_1_836' title='bbox 3175 5136 3265 5205; x_wconf 85' lang='lat' dir='ltr'><strong>qui</strong></span> <span class='ocrx_word' id='word_1_837' title='bbox 3316 5136 3505 5191; x_wconf 73' lang='lat' dir='ltr'><strong>narrat</strong></span> 
     </span>
    </p>
   </div>
   <div class='ocr_carea' id='block_1_109' title="bbox 1921 5228 3504 5306">
    <p class='ocr_par' dir='ltr' id='par_1_109' title="bbox 1921 5228 3504 5306">
     <span class='ocr_line' id='line_1_109' title="bbox 1921 5228 3504 5306; baseline -0.003 -19"><span class='ocrx_word' id='word_1_838' title='bbox 1921 5236 2148 5306; x_wconf 83' lang='lat' dir='ltr'><strong>puerum</strong></span> <span class='ocrx_word' id='word_1_839' title='bbox 2193 5230 2514 5287; x_wconf 90' lang='lat' dir='ltr'><strong>duodecimo</strong></span> <span class='ocrx_word' id='word_1_840' title='bbox 2541 5244 2684 5285; x_wconf 88' lang='lat' dir='ltr'><strong>anno</strong></span> <span class='ocrx_word' id='word_1_841' title='bbox 2729 5230 3055 5286; x_wconf 77' lang='lat' dir='ltr'><strong>remansisse</strong></span> <span class='ocrx_word' id='word_1_842' title='bbox 3097 5230 3148 5283; x_wconf 89' lang='lat' dir='ltr'><strong>in</strong></span> <span class='ocrx_word' id='word_1_843' title='bbox 3199 5228 3415 5298; x_wconf 89' lang='lat' dir='ltr'><strong>templo,</strong></span> <span class='ocrx_word' id='word_1_844' title='bbox 3449 5234 3504 5283; x_wconf 83' lang='lat' dir='ltr'><strong>et</strong></span> 
     </span>
    </p>
   </div>
   <div class='ocr_carea' id='block_1_110' title="bbox 1922 5316 3503 5397">
    <p class='ocr_par' dir='ltr' id='par_1_110' title="bbox 1922 5316 3503 5397">
     <span class='ocr_line' id='line_1_110' title="bbox 1922 5316 3503 5397; baseline -0.006 -18"><span class='ocrx_word' id='word_1_845' title='bbox 1922 5330 2174 5397; x_wconf 88' lang='lat' dir='ltr'><strong>parentes</strong></span> <span class='ocrx_word' id='word_1_846' title='bbox 2211 5324 2327 5394; x_wconf 89' lang='lat' dir='ltr'><strong>ejus</strong></span> <span class='ocrx_word' id='word_1_847' title='bbox 2359 5338 2455 5393; x_wconf 88' lang='lat' dir='ltr'><strong>per</strong></span> <span class='ocrx_word' id='word_1_848' title='bbox 2483 5337 2671 5376; x_wconf 88' lang='lat' dir='ltr'><strong>omnes</strong></span> <span class='ocrx_word' id='word_1_849' title='bbox 2701 5336 2873 5376; x_wconf 90' lang='lat' dir='ltr'><strong>annos</strong></span> <span class='ocrx_word' id='word_1_850' title='bbox 2904 5317 3212 5375; x_wconf 89' lang='lat' dir='ltr'><strong>ascendisse</strong></span> <span class='ocrx_word' id='word_1_851' title='bbox 3248 5316 3503 5371; x_wconf 80' lang='lat' dir='ltr'><strong>Hieroso-</strong></span> 
     </span>
    </p>
   </div>
   <div class='ocr_carea' id='block_1_111' title="bbox 1922 5405 3499 5487">
    <p class='ocr_par' dir='ltr' id='par_1_111' title="bbox 1922 5405 3499 5487">
     <span class='ocr_line' id='line_1_111' title="bbox 1922 5405 3499 5487; baseline -0.006 -17"><span class='ocrx_word' id='word_1_852' title='bbox 1922 5418 2120 5487; x_wconf 73' lang='lat' dir='ltr'><strong>lyinam</strong></span> <span class='ocrx_word' id='word_1_853' title='bbox 2154 5415 2206 5468; x_wconf 94' lang='lat' dir='ltr'><strong>in</strong></span> <span class='ocrx_word' id='word_1_854' title='bbox 2236 5414 2322 5467; x_wconf 90' lang='lat' dir='ltr'><strong>die</strong></span> <span class='ocrx_word' id='word_1_855' title='bbox 2354 5411 2578 5467; x_wconf 91' lang='lat' dir='ltr'><strong>solemni</strong></span> <span class='ocrx_word' id='word_1_856' title='bbox 2616 5408 2862 5473; x_wconf 76' lang='lat' dir='ltr'><strong>Pasclne,</strong></span> <span class='ocrx_word' id='word_1_857' title='bbox 2895 5416 2949 5462; x_wconf 90' lang='lat' dir='ltr'><strong>et</strong></span> <span class='ocrx_word' id='word_1_858' title='bbox 2984 5423 3208 5478; x_wconf 90' lang='lat' dir='ltr'><strong>puerum</strong></span> <span class='ocrx_word' id='word_1_859' title='bbox 3244 5405 3499 5472; x_wconf 82' lang='lat' dir='ltr'><strong>crevisse,</strong></span> 
     </span>
    </p>
   </div>
   <div class='ocr_carea' id='block_1_112' title="bbox 1922 5492 3501 5573">
    <p class='ocr_par' dir='ltr' id='par_1_112' title="bbox 1922 5492 3501 5573">
     <span class='ocr_line' id='line_1_112' title="bbox 1922 5492 3501 5573; baseline -0.006 -9"><span class='ocrx_word' id='word_1_860' title='bbox 1922 5509 2156 5564; x_wconf 88' lang='lat' dir='ltr'><strong>maxime</strong></span> <span class='ocrx_word' id='word_1_861' title='bbox 2178 5522 2300 5561; x_wconf 89' lang='lat' dir='ltr'><strong>cum</strong></span> <span class='ocrx_word' id='word_1_862' title='bbox 2329 5504 2562 5560; x_wconf 91' lang='lat' dir='ltr'><strong>Joannes</strong></span> <span class='ocrx_word' id='word_1_863' title='bbox 2588 5505 2641 5558; x_wconf 91' lang='lat' dir='ltr'><strong>iu</strong></span> <span class='ocrx_word' id='word_1_864' title='bbox 2676 5492 2910 5573; x_wconf 75' lang='lat' dir='ltr'><strong>perfecta</strong></span> <span class='ocrx_word' id='word_1_865' title='bbox 2933 5509 3089 5555; x_wconf 73' lang='lat' dir='ltr'><strong>aetate</strong></span> <span class='ocrx_word' id='word_1_866' title='bbox 3113 5500 3337 5569; x_wconf 76' lang='lat' dir='ltr'><strong>cmperit</strong></span> <span class='ocrx_word' id='word_1_867' title='bbox 3359 5510 3501 5569; x_wconf 59' lang='lat' dir='ltr'><strong>pra!-</strong></span> 
     </span>
    </p>
   </div>
   <div class='ocr_carea' id='block_1_113' title="bbox 1922 5590 3498 5661">
    <p class='ocr_par' dir='ltr' id='par_1_113' title="bbox 1922 5590 3498 5661">
     <span class='ocr_line' id='line_1_113' title="bbox 1922 5590 3498 5661; baseline -0.008 -5"><span class='ocrx_word' id='word_1_868' title='bbox 1922 5600 2146 5657; x_wconf 88' lang='lat' dir='ltr'><strong>dicare?</strong></span> <span class='ocrx_word' id='word_1_869' title='bbox 2175 5598 2242 5654; x_wconf 90' lang='lat' dir='ltr'><strong>Et</strong></span> <span class='ocrx_word' id='word_1_870' title='bbox 2274 5607 2330 5651; x_wconf 92' lang='lat' dir='ltr'><strong>ut</strong></span> <span class='ocrx_word' id='word_1_871' title='bbox 2363 5596 2506 5649; x_wconf 89' lang='lat' dir='ltr'><strong>nulla</strong></span> <span class='ocrx_word' id='word_1_872' title='bbox 2549 5596 2621 5649; x_wconf 88' lang='lat' dir='ltr'><strong>sit</strong></span> <span class='ocrx_word' id='word_1_873' title='bbox 2656 5592 3035 5656; x_wconf 89' lang='lat' dir='ltr'><strong>contrarietas,</strong></span> <span class='ocrx_word' id='word_1_874' title='bbox 3069 5590 3210 5661; x_wconf 91' lang='lat' dir='ltr'><strong>quod</strong></span> <span class='ocrx_word' id='word_1_875' title='bbox 3238 5590 3370 5645; x_wconf 86' lang='lat' dir='ltr'><strong>dicit</strong></span> <span class='ocrx_word' id='word_1_876' title='bbox 3399 5608 3417 5640; x_wconf 78' lang='grc' dir='ltr'><strong>ι</strong></span> <span class='ocrx_word' id='word_1_877' title='bbox 3446 5590 3498 5643; x_wconf 86' lang='lat' dir='ltr'><strong>in</strong></span> 
     </span>
    </p>
   </div>
   <div class='ocr_carea' id='block_1_114' title="bbox 1921 5681 3501 5755">
    <p class='ocr_par' dir='ltr' id='par_1_114' title="bbox 1921 5681 3501 5755">
     <span class='ocr_line' id='line_1_114' title="bbox 1921 5681 3501 5755; baseline -0.008 -7"><span class='ocrx_word' id='word_1_878' title='bbox 1921 5694 2112 5748; x_wconf 88' lang='lat' dir='ltr'><strong>dielms</strong></span> <span class='ocrx_word' id='word_1_879' title='bbox 2158 5688 2284 5752; x_wconf 89' lang='lat' dir='ltr'><strong>illis,</strong></span> <span class='ocrx_word' id='word_1_880' title='bbox 2316 5706 2333 5739; x_wconf 74' lang='grc' dir='ltr'><strong>ι</strong></span> <span class='ocrx_word' id='word_1_881' title='bbox 2386 5700 2491 5741; x_wconf 92' lang='lat' dir='ltr'><strong>non</strong></span> <span class='ocrx_word' id='word_1_882' title='bbox 2538 5693 2621 5740; x_wconf 91' lang='lat' dir='ltr'><strong>est</strong></span> <span class='ocrx_word' id='word_1_883' title='bbox 2679 5682 2989 5755; x_wconf 87' lang='lat' dir='ltr'><strong>specialiter</strong></span> <span class='ocrx_word' id='word_1_884' title='bbox 3037 5681 3381 5737; x_wconf 79' lang='lat' dir='ltr'><strong>referendum</strong></span> <span class='ocrx_word' id='word_1_885' title='bbox 3432 5681 3501 5736; x_wconf 82' lang='lat' dir='ltr'><strong>ad</strong></span> 
     </span>
    </p>
   </div>
   <div class='ocr_carea' id='block_1_115' title="bbox 1921 5770 3504 5850">
    <p class='ocr_par' dir='ltr' id='par_1_115' title="bbox 1921 5770 3504 5850">
     <span class='ocr_line' id='line_1_115' title="bbox 1921 5770 3504 5850; baseline -0.008 -11"><span class='ocrx_word' id='word_1_886' title='bbox 1921 5783 2051 5838; x_wconf 88' lang='lat' dir='ltr'><strong>illud</strong></span> <span class='ocrx_word' id='word_1_887' title='bbox 2094 5789 2342 5850; x_wconf 90' lang='lat' dir='ltr'><strong>tempus:</strong></span> <span class='ocrx_word' id='word_1_888' title='bbox 2394 5794 2413 5827; x_wconf 84' lang='grc' dir='ltr'><strong>ι</strong></span> <span class='ocrx_word' id='word_1_889' title='bbox 2444 5774 2739 5844; x_wconf 88' lang='lat' dir='ltr'><strong>Postquam</strong></span> <span class='ocrx_word' id='word_1_890' title='bbox 2784 5772 2984 5843; x_wconf 81' lang='lat' dir='ltr'><strong>Joscp’b</strong></span> <span class='ocrx_word' id='word_1_891' title='bbox 3022 5784 3274 5828; x_wconf 85' lang='lat' dir='ltr'><strong>reversus</strong></span> <span class='ocrx_word' id='word_1_892' title='bbox 3314 5778 3398 5827; x_wconf 87' lang='lat' dir='ltr'><strong>est</strong></span> <span class='ocrx_word' id='word_1_893' title='bbox 3435 5770 3504 5826; x_wconf 79' lang='lat' dir='ltr'><strong>de</strong></span> 
     </span>
    </p>
   </div>
   <div class='ocr_carea' id='block_1_116' title="bbox 1920 5862 3498 5951">
    <p class='ocr_par' dir='ltr' id='par_1_116' title="bbox 1920 5862 3498 5951">
     <span class='ocr_line' id='line_1_116' title="bbox 1920 5862 3498 5951; baseline -0.007 -16"><span class='ocrx_word' id='word_1_894' title='bbox 1920 5875 2152 5951; x_wconf 60' lang='lat' dir='ltr'><strong>Egypto</strong></span> <span class='ocrx_word' id='word_1_895' title='bbox 2178 5888 2300 5931; x_wconf 89' lang='lat' dir='ltr'><strong>cum</strong></span> <span class='ocrx_word' id='word_1_896' title='bbox 2326 5886 2516 5945; x_wconf 89' lang='lat' dir='ltr'><strong>puero,</strong></span> <span class='ocrx_word' id='word_1_897' title='bbox 2539 5878 2593 5925; x_wconf 92' lang='lat' dir='ltr'><strong>et</strong></span> <span class='ocrx_word' id='word_1_898' title='bbox 2615 5866 3132 5924; x_wconf 77' lang='lat' dir='ltr'><strong>venienshabitavit</strong></span> <span class='ocrx_word' id='word_1_899' title='bbox 3162 5862 3449 5932; x_wconf 64' lang='lat' dir='ltr'><strong>Nazareth,</strong></span> <span class='ocrx_word' id='word_1_900' title='bbox 3474 5872 3498 5924; x_wconf 70' lang='grc' dir='ltr'><strong>ι</strong></span> 
     </span>
    </p>
   </div>
  </div>
