4038 6420
516 389 621 448 879

1078 386 1339 446 REMIGII
1374 384 2033 477 ANTISSIODORENSIS
2068 382 2223 443 OPP.
2260 383 2446 444 PARS
2481 382 2547 441 II.
2583 414 2653 428 —
2690 381 3195 441 MISCELLANEA.

3685 383 3794 443 880

517 507 615 563 sed
662 504 990 579 generaliter
1043 504 1389 562 referendum
1440 513 1526 561 est
1568 504 1638 560 ad
1680 517 1842 561 omne
1889 512 2103 574 tempus
2130 504 2183 565 Α
2206 502 2414 559 homini
2443 501 2577 574 regi,
2605 519 2623 552 ι
2650 508 2705 557 et
2733 499 2860 557 item
2885 518 2900 556 :
2932 519 2953 552 ι
2979 498 3168 555 Simile
3186 498 3273 555 est
3291 514 3514 571 regnum
3532 499 3796 557 calorum

515 598 762 656 infantia
805 607 860 654 et
904 598 1152 670 pueritia
1205 597 1441 663 Domini,
1491 604 1550 652 ut
1592 597 1663 651 sit
1711 611 1947 652 sensus:
1990 615 2009 647 ‹
2047 595 2102 649 in

517 692 710 750 diebus
750 693 879 760 illis,
910 712 929 746 ι
983 691 1037 747 id
1073 700 1159 747 est
1204 700 1490 762 postquam
1533 690 1650 745 hac
1682 688 1764 744 vel
1815 688 1903 744 illa
1950 696 2101 761 gesta

518 793 671 851 sunt,
698 801 818 855 qua
852 784 1034 840 cateri
1060 782 1403 854 evangelista
1425 780 1493 837 de
1521 779 1747 837 infantia
1782 789 1839 836 et
1869 781 2101 851 pueritia

514 877 735 932 Domini
764 890 933 945 usque
958 874 1025 928 ad
1058 873 1393 944 trigesimum
1422 887 1623 928 annum
1650 880 1895 938 narrant,
1926 891 1944 924 ι
1976 880 2102 928 tunc

515 968 667 1023 venit
690 966 967 1030 Joannes;
1004 983 1021 1016 ι
1052 973 1108 1019 et
1148 963 1430 1019 sciendum
1474 963 1617 1033 quod
1644 977 1834 1018 omnes
1862 976 2099 1033 evange-

513 1058 656 1113 [ista
675 1057 881 1112 faciunt
906 1056 1234 1111 mentionem
1257 1055 1417 1126 hujus
1435 1054 1835 1126 praedicationis
1854 1052 2097 1109 Joannis.

513 1150 657 1205 Ecce
716 1148 905 1205 beatus
954 1147 1262 1212 Matthans,
1320 1154 1608 1216 postquam
1664 1156 1854 1200 narrat
1897 1143 2099 1214 Joseph

513 1254 797 1295 reversum
827 1239 893 1293 de
912 1236 1149 1310 Egypto
1169 1252 1290 1291 cum
1313 1250 1482 1306 puero
1508 1235 1723 1291 venisse
1750 1242 1808 1289 et
1829 1234 2101 1289 habitasse

512 1330 805 1394 Nazareth,
833 1345 961 1386 mox
1004 1329 1183 1400 jungit
1228 1326 1452 1383 dicens:
1491 1346 1510 1379 ι
1536 1324 1961 1383 Venit'Joaunes
1998 1322 2101 1378 Ba-

509 1425 677 1495 ptista
706 1422 1032 1495 pradicans,
1063 1442 1080 1473 )
1115 1431 1220 1477 etc.
1251 1421 1483 1488 Marcus,
1512 1419 1804 1491 sequipeda
1834 1418 1999 1485 illius,
2042 1417 2097 1473 in

509 1515 780 1588 principio
810 1513 1089 1584 Evangelii
1122 1514 1206 1570 sui
1238 1512 1370 1569 fecit
1408 1513 1737 1568 mentionem
1767 1512 1928 1582 hujus
1962 1526 2101 1582 pra-

511 1608 803 1665 dicationis
840 1608 1028 1663 dicens
1058 1624 1071 1660 :
1116 1626 1135 1659 ί
1170 1606 1388 1662 Initium
1418 1605 1721 1677 Evangelii,
1751 1624 1771 1658 ι
1818 1614 1873 1660 et
1904 1613 2098 1660 catera

510 1715 688 1771 usque
717 1700 809 1756 ubi
836 1700 950 1754 ait:
989 1717 1007 1751 ι
1041 1697 1158 1753 Vox
1184 1699 1469 1754 clamantis
1498 1698 1553 1753 in
1577 1698 1812 1763 deserto,
1837 1714 1857 1748 ι
1891 1704 1946 1751 et
1969 1697 2093 1767 quia

512 1792 650 1849 nihil
683 1790 968 1862 pramisit,
1004 1790 1209 1846 idcirco
1237 1806 1344 1846 non
1375 1789 1516 1845 dixit
1560 1808 1579 1842 ε
1607 1790 1660 1844 in
1693 1789 1883 1845 diebus
1914 1788 2038 1854 illis,
2067 1807 2087 1841 ι

2205 594 2394 648 decem
2418 590 2735 663 virginibus.
2774 610 2793 644 ι
2823 590 3034 645 Dicitur
3070 598 3127 645 et
3166 604 3457 661 supernum
3488 590 3705 656 solium,
3738 599 3801 646 ut

2204 682 2372 739 illud:
2426 700 2445 734 ι
2471 681 2624 738 Multi
2664 682 2883 738 venient
2932 681 3000 737 ab
3046 681 3257 737 oriente
3302 690 3357 737 et
3401 680 3706 748 occidente,
3738 692 3797 739 et

2210 776 2534 832 recumbent
2568 790 2689 830 cum
2717 774 3018 842 Abraham,
3044 774 3213 839 Isaac,
3258 784 3313 830 et
3341 774 3509 831 Jacob
3538 776 3594 830 in
3636 791 3802 848 regno

2205 868 2485 924 calorum.
2519 887 2537 918 ι
2571 867 2640 922 Et
2681 865 2783 923 hoc
2824 875 2993 923 totum
3034 866 3124 922 hic
3162 866 3390 937 intelligi
3419 876 3601 937 potest
3637 876 3697 922 ut
3729 868 3803 925 sit

2211 976 2444 1018 sensus:
2474 979 2493 1013 ι
2521 960 2975 1032 appropinquavit
3009 976 3233 1033 regnum
3265 960 3552 1026 calorum,
3583 980 3604 1013 ι
3638 959 3692 1016 id
3716 970 3805 1018 est

2207 1063 2267 1109 ut
2313 1054 2563 1110 Christus
2603 1062 2792 1124 regnet
2832 1054 2884 1108 in
2908 1055 3062 1109 vobis
3093 1070 3109 1119 ;
3135 1053 3267 1119 sive,
3301 1074 3319 1106 ι
3348 1054 3804 1126 appropinquavit

2202 1164 2428 1220 regnum
2450 1149 2732 1215 calorum,
2745 1168 2763 1202 ι
2785 1148 2835 1203 id
2850 1158 2955 1215 est,
2973 1161 3033 1203 ut
3051 1150 3141 1220 qui
3158 1149 3446 1205 carnaliter
3457 1149 3804 1221 Scripturam

2201 1240 2611 1311 intelligebatis,
2644 1238 2956 1310 intelligetis
2984 1239 3355 1309 spiritualiter;
3382 1241 3515 1303 sive,
3550 1258 3569 1292 ι
3603 1256 3805 1312 appro-

2200 1332 2483 1404 pinquavit
2531 1346 2758 1404 regnum
2806 1330 3088 1397 calorum,
3121 1350 3139 1383 ι
3173 1332 3224 1387 id
3258 1339 3339 1387 est
3374 1341 3453 1398 ut,
3487 1334 3582 1403 qui
3629 1334 3804 1388 eratis

2202 1423 2507 1498 Synagoga,
2540 1425 2664 1480 sitis
2700 1423 2977 1491 Ecclesia;
3009 1443 3028 1476 ι
3056 1423 3190 1491 sive,
3223 1427 3676 1496 appropinquavit
3716 1443 3805 1482 re-

2200 1530 2364 1589 gnum
2405 1515 2687 1587 calorum,
2722 1535 2743 1569 ι
2777 1515 2831 1570 id
2860 1525 2942 1571 est
2978 1524 3041 1571 ut
3068 1531 3192 1572 cum
3222 1516 3440 1573 Christo
3481 1518 3534 1573 in
3563 1533 3805 1588 superno

2202 1607 2349 1679 solio
2387 1608 2643 1679 regnetis.
2673 1625 2692 1658 ι
2725 1606 2822 1664 Ilic
2860 1614 2944 1663 est
2984 1607 3078 1678 qui
3126 1607 3301 1664 dictus
3344 1618 3428 1664 est
3472 1625 3573 1681 per
3600 1609 3801 1665 Isaiam

2199 1701 2542 1773 prophetam.
2573 1721 2591 1755 ι
2638 1701 2868 1756 Dubium
2908 1708 2995 1756 est
3040 1716 3274 1774 namque
3318 1700 3473 1771 cujus
3517 1703 3631 1758 sint
3678 1704 3809 1760 hac

2210 1793 2398 1859 verba,
2449 1791 2707 1862 Baptista
2752 1791 2978 1859 scilicet,
3008 1808 3077 1848 an
3120 1793 3483 1865 evangelista.
3534 1793 3807 1850 Videntur

512 1892 610 1938 aut
658 1858 876 1952 aliquod
931 1879 1055 1935 tale.
1112 1879 1288 1936 Lucas
1343 1895 1496 1948 vero,
1525 1888 1812 1952 postquam
1861 1858 2185 1934 narravitB
2211 1884 2428 1955 quidem
2464 1858 2811 1955 evangelista
2849 1858 2971 1940 esse
2994 1901 3009 1951 ;
3053 1885 3147 1942 sed
3181 1887 3225 1941 si
3260 1858 3445 1941 sobrie
3488 1886 3636 1942 dicta
3679 1902 3809 1942 san-

509 1989 742 2047 puerum
773 1971 1095 2028 duodecimo
1138 1985 1282 2027 anno
1321 1969 1649 2026 remansisse
1695 1971 1750 2025 in
1799 1968 2018 2039 templo,
2046 1977 2102 2024 et

507 2071 770 2136 parentes
801 2062 921 2133 ejus
964 2075 1063 2132 per
1090 2074 1280 2116 omnes
1307 2074 1478 2115 annos
1505 2058 1817 2114 ascendisse
1851 2057 2111 2139 Hierosof

511 2158 740 2229 lymam,
764 2170 891 2210 mox
916 2152 1193 2225 subjungit
1216 2154 1437 2209 dicens:
1468 2171 1487 2204 ‹
1517 2151 1674 2207 Anno
1698 2151 2102 2222 quintodecimo

512 2247 729 2319 imperii
756 2246 958 2301 Tiberii
1004 2244 1237 2301 Casaris
1277 2243 1478 2298 factum
1510 2251 1594 2299 est
1634 2243 1859 2298 verbum
1887 2241 2102 2297 Domini

514 2354 682 2409 super
721 2336 983 2392 Joannem
1011 2334 1288 2391 Zacharia
1323 2334 1494 2390 ﬁlium
1526 2333 1579 2389 in
1609 2333 1848 2389 deserto.
1881 2352 1900 2386 ι
1933 2332 2099 2388 Joan-

509 2446 610 2487 nes
638 2430 860 2484 ultimus
888 2436 944 2483 et
978 2426 1264 2483 facundior
1286 2426 1497 2482 cateris
1541 2425 1912 2498 evangelistis,
1945 2432 2099 2496 post-

510 2539 674 2595 quam
707 2530 893 2577 narrat
926 2520 1162 2576 Verbum
1196 2518 1250 2574 in
1300 2518 1568 2590 principio
1612 2517 1780 2574 fuisse
1820 2516 1961 2587 apud
1998 2515 2101 2570 Pa-

440 2606 455 2615 “
510 2627 675 2685 trem,
708 2627 764 2674 et
815 2617 1030 2673 Patrem
1083 2614 1265 2669 omnia
1311 2627 1408 2684 per
1450 2612 1625 2683 ipsum
1671 2610 2001 2676 condidisse,
2045 2616 2103 2665 et

514 2709 752 2767 Verbum
783 2724 913 2764 caro
954 2707 1157 2762 factum
1206 2703 1399 2772 fuisse,
1429 2711 1487 2759 et
1522 2702 1798 2758 habitasse
1827 2701 1882 2756 in
1917 2700 2097 2766 nobis,

511 2804 695 2860 Statim
729 2802 1008 2874 subjuugit
1051 2800 1277 2855 dicens:
1309 2818 1326 2845 ι
1357 2797 1482 2853 Fuit
1513 2797 1674 2852 homo
1703 2795 1903 2850 missus
1929 2808 1959 2847 a
1987 2792 2100 2846 Deo

512 2896 601 2952 cui
631 2909 826 2950 nomen
868 2902 988 2949 erat
1023 2884 1279 2948 Joannes.
1315 2910 1334 2944 ι
1370 2890 1509 2945 Ecce
1539 2890 1710 2945 sancti
1756 2884 2098 2957 evangelista:

511 2968 665 3042 vario
690 2984 872 3050 modo,
907 2994 962 3039 et
988 2983 1218 3039 diversis
1248 2981 1301 3036 in
1339 2981 1473 3036 locis
1518 2978 1725 3035 faciunt
1766 2977 2098 3032 mentionem

512 3077 672 3133 istius
726 3073 1148 3147 pradicationis,
1199 3082 1255 3127 et
1296 3087 1465 3142 quare
1511 3069 1669 3125 hoc?
1713 3068 1838 3139 quia
1884 3065 2098 3121 illorum

512 3176 632 3223 erat
655 3180 965 3239 praparare
1005 3180 1121 3231 cor,
1163 3163 1379 3218 Domini
1415 3171 1596 3216 autem
1636 3159 1872 3230 dirigere
1893 3157 2093 3228 stylum

2207 1983 2420 2030 ctorum
2466 1973 2921 2044 evangelistarum
2974 1975 3398 2041 consideremus,
3447 1990 3559 2030 non
3610 1978 3807 2032 incon-

2203 2080 2335 2138 grue
2383 2064 2639 2135 Baptista
2682 2079 2803 2121 esse
2836 2065 3154 2121 creduntur.
3205 2066 3486 2123 Matthaus
3533 2067 3687 2123 enim
3742 2068 3810 2123 de

2205 2172 2265 2212 se
2293 2156 2410 2228 ipso
2437 2155 2570 2211 dicit
2594 2170 2608 2210 :
2641 2174 2659 2207 ι
2690 2156 2828 2210 Dum
2853 2158 3158 2226 praeteriret
3184 2155 3338 2213 Jesus
3365 2158 3500 2213 vidit
3525 2159 3810 2214 hominem

2203 2248 2483 2303 sedentem
2533 2247 2601 2301 ad
2649 2246 2942 2313 teloneum,
2997 2248 3303 2304 Matthaum
3350 2252 3594 2317 nomine,
3628 2271 3646 2302 ι
3705 2267 3806 2307 nec

2204 2338 2340 2395 dixit
2364 2338 2499 2393 vidit
2549 2354 2666 2404 me;
2698 2347 2753 2394 et
2797 2338 3034 2396 Joannes
3056 2356 3077 2395 ξ
3124 2360 3143 2392 ι
3182 2340 3479 2412 discipulus
3510 2342 3604 2398 ille
3635 2360 3805 2414 quem

2204 2431 2460 2501 diligebat
2493 2428 2673 2494 Jesus,
2718 2449 2736 2482 ι
2766 2441 2819 2487 et
2852 2432 2981 2487 item
3015 2451 3028 2487 :
3063 2451 3082 2484 ι
3113 2433 3215 2489 llic
3253 2442 3336 2490 est
3378 2434 3687 2507 discipulus
3714 2439 3810 2508 qni

2203 2525 2573 2580 testimonium
2606 2526 2850 2596 perhibet
2887 2528 2954 2583 de
2986 2528 3092 2595 his,
3128 2537 3184 2584 et
3220 2522 3441 2601 scripsit
3468 2531 3609 2595 hac,
3643 2550 3663 2584 ι
3711 2548 3811 2588 nec

2203 2616 2341 2671 dixit
2384 2617 2495 2687 Ego
2543 2632 2684 2673 sum.
2732 2617 2800 2671 Et
2847 2618 2901 2673 in
2948 2617 3129 2675 Veteri
3166 2611 3805 2691 Testamento-legitur:

2208 2726 2227 2760 ι
2257 2708 2388 2763 Erat
2429 2708 2644 2782 Moyses
2670 2709 3019 2777 mitissimus,
3066 2726 3228 2782 super
3266 2729 3456 2769 omnes
3484 2715 3582 2785 qui
3620 2732 3809 2771 mora-

2201 2801 2401 2857 bantur
2442 2800 2495 2854 in
2528 2810 2696 2869 terra.
2733 2819 2751 2866 ξ
2791 2800 2858 2856 Et
2892 2800 3032 2857 Joh:
3066 2822 3085 2855 (
3119 2802 3209 2857 Vir
3246 2812 3364 2858 erat
3396 2805 3449 2859 in
3478 2813 3629 2859 terra
3668 2804 3804 2873 lius,

2202 2890 2423 2947 nomine
2449 2888 2570 2955 Job,
2604 2910 2623 2943 ι
2652 2905 2753 2961 nec
2785 2892 2921 2947 dixit
2948 2892 3062 2963 Ego
3084 2881 3256 2948 eram.
3289 2893 3380 2951 Sic
3400 2905 3456 2950 et
3485 2896 3604 2952 hac
3635 2898 3805 2953 verba

2203 2998 2310 3038 non
2350 2984 2647 3054 incongrue
2690 2992 2919 3053 possunt
2970 2998 3090 3041 esse
3139 2985 3365 3042 Joannis
3415 2987 3704 3058 Baptista,
3749 2997 3809 3042 ut

2202 3075 2317 3146 ipse
2361 3076 2428 3131 de
2476 3090 2535 3130 se
2583 3075 2831 3131 dixerit:
2883 3097 2901 3128 ι
2931 3076 3032 3133 Hic
3082 3088 3166 3133 est
3199 3079 3291 3150 qui
3346 3080 3521 3136 dic-tus
3574 3091 3663 3136 est
3713 3097 3809 3152 per

2202 3167 2396 3225 Isaiam
2428 3186 2442 3224 :
2479 3188 2498 3221 ι
2537 3170 2604 3225 Et
2632 3171 2775 3240 quod
2823 3172 3021 3227 mirum
3065 3174 3109 3230 si
3160 3176 3275 3244 ipse
3306 3176 3371 3231 de
3397 3192 3456 3231 se
3487 3177 3599 3231 hoc
3640 3177 3805 3240 dixit,

520 3269 580 3314 et
607 3259 987 3322 intentionem,
1010 3272 1136 3311 nam
1165 3256 1244 3311 sic
1266 3255 1639 3325 unusquisque
1662 3266 1848 3307 eorum
1889 3249 2097 3304 descri-
2127 3243 2173 3305 C
2205 3275 2328 3317 cum
2374 3259 2503 3315 alibi
2552 3260 2918 3333 interrogatus
2945 3263 3068 3333 quis
3098 3243 3241 3320 esset
3271 3266 3556 3336 respondit
3587 3285 3600 3318 :
3635 3284 3655 3318 ι
3691 3266 3805 3337 Ego

515 3351 648 3421 psit,
675 3351 818 3406 sicut
849 3348 1085 3419 Spiritus
1133 3357 1353 3403 sanctus
1401 3347 1647 3402 dictavit.
1702 3345 1767 3399 Et
1816 3346 2097 3400 sciendum

515 3445 660 3518 quod
707 3444 766 3500 S.
818 3443 1104 3499 Matthaus
1146 3459 1253 3497 non
1295 3440 1468 3496 solum
1520 3449 1750 3509 tempus,
1799 3439 1999 3504 locum,
2046 3446 2104 3493 et

511 3549 830 3608 personam,
862 3534 958 3589 sed
1001 3534 1168 3588 etiam
1207 3530 1441 3586 oiIicium
1472 3538 1527 3584 et
1558 3529 1794 3585 Studium
1824 3529 1968 3584 beati
2010 3526 2103 3582 Jo-

511 3629 672 3684 annis
698 3628 1036 3684 demonstrat
1078 3626 1164 3680 his
1209 3625 1413 3680 verbis.
1457 3621 1749 3678 Personam
1786 3636 1975 3677 revera
2004 3620 2101 3675 de-

510 3727 782 3775 monstrat
823 3733 947 3773 cum
983 3716 1118 3772 dicit
1152 3733 1166 3770 :
1220 3733 1242 3767 ι
1275 3715 1437 3771 Venit
1474 3712 1751 3780 Joannes;
1786 3731 1805 3765 ι
1840 3710 2098 3780 ofﬁcium,

513 3826 638 3868 cum
666 3810 941 3881 subjungit
969 3827 982 3863 :
1013 3829 1031 3862 ι
1054 3808 1349 3878 Baptista,»
1374 3806 1610 3862 studium
1635 3820 1759 3861 cum
1782 3805 1885 3860 ait:
1916 3823 1936 3856 ι
1964 3817 2102 3874 ρι’ωι

514 3903 707 3960 dicans
734 3923 754 3955 ι
806 3903 982 3957 locum
1031 3917 1156 3957 cum
1185 3900 1318 3956 dicit
1349 3917 1362 3954 :
1416 3918 1434 3952 ι
1465 3898 1520 3955 in
1567 3900 1797 3955 deserto‘
1824 3896 2045 3961 Judaa,
2076 3915 2095 3948 ι

514 3996 769 4068 generale
823 4004 1036 4065 tempus
1088 4009 1212 4050 cum
1261 3994 1379 4048 ait:
1417 4012 1436 4046 ι
1477 3994 1533 4048 in
1584 3993 1774 4048 diebus
1823 3991 1949 4053 illis.
1981 4010 2002 4043 ›
2036 3989 2103 4044 Et

514 4088 739 4160 pulchre
761 4085 998 4141 Joannes
1028 4102 1057 4139 a
1087 4085 1406 4156 panitentia
1436 4084 1731 4155 pradicare
1765 4084 1952 4154 capit,
1975 4098 2101 4137 nam

513 4181 719 4237 idcirco
741 4198 769 4233 a
794 4180 1112 4250 poenitentia
1137 4180 1434 4251 pradicare
1457 4179 1642 4250 coepit,
1664 4180 1790 4250 quia
1814 4192 1910 4250 per
1934 4178 2104 4250 poeni-

514 4277 740 4333 tentiam
784 4285 964 4331 errata
991 4275 1356 4346 corriguntur,
1389 4288 1490 4328 nec
1525 4272 1700 4329 solum
1746 4271 2012 4328 naturalia
2048 4280 2103 4327 et

515 4367 822 4438 originalia,
848 4366 943 4421 sed
966 4367 1131 4420 etiam
1156 4366 1375 4421 amissa.
1408 4364 1792 4421 Verumtamen
1822 4363 2099 4419 sciendum

514 4472 600 4518 est
648 4461 771 4531 quia
820 4474 925 4515 non
972 4460 1087 4530 ipse
1134 4459 1345 4530 primus
1390 4473 1491 4513 nec
1538 4457 1684 4513 solus
1724 4456 2099 4528 paenitentiam

512 4552 852 4623 pradicavit,
907 4551 1001 4606 sed
1047 4551 1236 4605 habuit
1283 4549 1652 4605 testimonium
1696 4563 1727 4602 a
1773 4548 2098 4613 veteribus;

516 4643 685 4696 nndta
736 4657 967 4711 nainqne
998 4640 1243 4710 exempla
1285 4640 1614 4710 paenitentia
1656 4638 2001 4709 reperiuntur
2043 4637 2098 4691 in

516 4733 700 4788 Veteri
746 4732 1134 4798 Testamento;
1185 4732 1316 4787 dicit
1353 4732 1495 4787 enim
1542 4730 1799 4787 Dominus
1837 4745 1936 4801 per
1974 4745 2101 4801 pro-

515 4825 737 4894 phetam
777 4836 793 4875 :
842 4840 861 4872 ι
909 4820 1044 4877 Nolo
1091 4832 1323 4877 mortem
1375 4821 1700 4892 peccatoris,
1736 4840 1758 4875 ι
1821 4830 1877 4877 et
1929 4822 2096 4876 item:

521 4937 543 4969 ι
570 4915 961 4971 Convertimiui
1010 4914 1077 4968 ad
1123 4929 1209 4971 me
1257 4922 1311 4969 et
1359 4913 1500 4984 agite
1546 4912 1942 4984 paenitentiam.
1985 4931 2002 4963 ι
2033 4911 2102 4966 Et

516 5007 619 5064 Job
648 5008 782 5063 dicit
808 5025 821 5061 :
859 5026 878 5059 ι
909 5007 955 5063 si
987 5008 1210 5077 peccavi
1235 5006 1458 5071 inscius,
1482 5013 1538 5061 et
1567 5005 1739 5061 celavi
1761 5005 2100 5075 iniquitatem

517 5115 717 5155 meam.
752 5118 771 5151 ι
806 5098 875 5154 Ει
908 5099 1035 5170 quia
1060 5114 1161 5169 per
1186 5098 1560 5169 paenitentiam
1603 5098 1965 5169 proximiores
1990 5096 2102 5153 Deo

516 5193 811 5258 etlieimur,
861 5200 917 5247 et
964 5205 1131 5262 regno
1182 5182 1443 5245 calorum
1503 5190 1936 5260 appropinquare
1976 5202 2103 5259 pos-

518 5299 726 5349 sumus,
763 5284 885 5338 ideo
909 5281 1135 5353 pulchre
1171 5278 1445 5350 subjungit
1473 5280 1696 5335 dicens:
1739 5296 1758 5331 ι
1795 5280 2101 5350 ApprOpin-
2174 5282 2181 5301 '

517 5374 705 5445 quavit
728 5387 952 5443 regnum
974 5372 1261 5427 calorum.
1283 5390 1301 5423 ι
1330 5370 1572 5441 Regnum
1595 5371 1852 5427 calorum
1873 5381 2102 5443 quatuor

518 5468 697 5523 modis
758 5465 978 5522 dicitur.
1032 5464 1243 5520 Dicitur
1299 5465 1445 5519 enim
1501 5463 1769 5529 Christus,
1819 5473 1879 5518 ut
1929 5465 2095 5520 illud:

522 5581 540 5613 ι
575 5560 819 5629 Regnum
851 5557 944 5614 Dei
988 5557 1130 5613 intra
1154 5573 1252 5612 vos
1286 5563 1410 5612 est:
1445 5575 1464 5608 ι
1504 5556 1701 5613 dicitur
1743 5573 1897 5613 sacra
1947 5556 2097 5612 Scri-

519 5662 701 5722 ptura,
729 5660 789 5705 ut
828 5650 997 5706 illud:
1030 5668 1057 5717 (1
1076 5647 1372 5722 Auferetur
1392 5664 1423 5704 a
1461 5648 1615 5705 vobis
1640 5664 1863 5721 regnum
1895 5650 2009 5715 Dei,
2045 5658 2101 5705 et

521 5742 742 5799 dabitur
772 5744 919 5812 genti
948 5742 1168 5798 facienti
1194 5741 1405 5811 fructus
1430 5741 1581 5812 ejus:
1619 5761 1637 5795 ι
1684 5743 1883 5798 dicitur
1911 5751 2098 5798 sancta

523 5835 790 5907 Ecclesia,
809 5835 964 5905 juxta
990 5837 1157 5893 illud:
1191 5855 1210 5889 ε
1244 5836 1433 5897 Simile
1454 5846 1541 5895 est
1573 5853 1798 5916 regnum
1838 5838 2101 5925 calorum

2130 4608 2182 4670 D

2164 4646 2180 4717 ῗ
2208 4650 2349 4719 quod
2376 4649 2709 4705 elamaverat
2738 4648 3048 4704 manifestat
3071 4664 3194 4704 cum
3226 4646 3601 4704 subinferlur:
3645 4668 3665 4699 ι
3703 4646 3807 4701 Pa~

2206 3366 2309 3406 vox
2355 3350 2645 3406 clamantis
2677 3353 2728 3406 in
2763 3354 3000 3408 deserto.
3033 3375 3050 3406 ι
3088 3354 3155 3408 Ει
3197 3371 3365 3426 quare
3409 3356 3658 3411 Joannes
3704 3372 3808 3411 vox

2206 3441 2386 3496 dictus
2429 3450 2513 3496 est
2561 3457 2590 3495 a
2621 3443 2933 3514 propheta?
2965 3444 3102 3511 Quia
3136 3444 3371 3501 Verbum
3399 3447 3493 3502 Dei
3524 3450 3802 3518 pra-ibat;

2206 3547 2333 3588 nam
2359 3547 2427 3587 ex
2458 3533 2573 3602 ipsa
2598 3542 2784 3587 nostra
2826 3532 3098 3591 locutione
3136 3551 3473 3609 cognoscere,
3509 3554 3809 3609 trossumus

2203 3626 2330 3695 quia
2357 3625 2580 3680 verbum
2611 3626 2783 3680 audiri
2826 3642 2931 3682 non
2973 3637 3171 3699 potest,
3205 3631 3306 3685 nisi
3346 3631 3499 3701 prius
3524 3634 3810 3703 pracedat

2202 3728 2329 3770 vox.
2366 3713 2458 3770 Sic
2483 3724 2541 3769 et
2562 3713 2803 3775 Joannes
2834 3719 3116 3788 praeessit
3136 3718 3375 3775 Verbum
3406 3721 3563 3789 illud,
3592 3722 3809 3780 scilicet

2204 3808 2272 3863 de
2298 3822 2406 3877 quo
2447 3806 2705 3877 scriptum
2729 3814 2848 3862 est:
2880 3825 2899 3857 ι
2935 3806 2995 3862 In
3033 3808 3303 3878 principio
3332 3819 3453 3864 erat
3482 3808 3748 3866 Verbum.
3780 3831 3802 3863 ι

2205 3901 2341 3957 Nam
2377 3900 2585 3956 idcirco
2625 3899 2867 3956 directus
2902 3910 2988 3956 est
3016 3911 3079 3956 ut
3119 3918 3217 3972 per
3244 3902 3566 3974 mysterium
3602 3904 3806 3974 pradi-

2205 3996 2434 4052 cationis
2468 3995 2587 4067 ejus
2617 3996 2855 4053 Verbum
2884 3997 3062 4053 Patris
3089 3999 3156 4053 ab
3182 3998 3492 4053 hominibus
3537 4014 3808 4070 agnosce-

2211 4100 2383 4147 retur.
2433 4092 2530 4149 Ubi
2582 4078 2763 4148 autem
2793 4092 3109 4149 clamaverit
3136 4092 3448 4148 manifestat
3494 4108 3623 4148 cum
3675 4093 3808 4147 sub-

2199 4185 2382 4257 jungit
2429 4206 2447 4238 t
2480 4188 2534 4241 in
2584 4189 2820 4243 deserto.
2856 4208 2875 4241 ι
2910 4189 3184 4257 Quantum
3222 4190 3289 4244 ad
3339 4189 3630 4243 historiam
3676 4205 3808 4259 per-

2206 4283 2365 4347 tinet,
2382 4281 2435 4338 in
2458 4282 2674 4338 deserto
2698 4283 2987 4349 clamabat,
3012 4283 3140 4353 quia
3165 4291 3403 4338 remotus
3428 4290 3598 4336 erata
3629 4282 3809 4338 turbis

2203 4373 2559 4440 Judaorum;
2609 4374 2966 4446 spiritualiter
2994 4390 3126 4431 vero
3168 4374 3223 4429 in
3268 4375 3486 4429 deserto
3530 4374 3809 4429 clamasse

2204 4466 2430 4532 dicitur,
2455 4467 2580 4537 quia
2606 4466 2880 4522 derelicta
2911 4482 2976 4523 ac
3006 4466 3277 4520 destituta:
3310 4464 3511 4519 Judaa
3546 4462 3805 4519 solatium

2205 4572 2316 4613 sua
2348 4556 2736 4627 redemptionis
2776 4555 3133 4610 annuntiabat
3168 4554 3213 4609 si
3253 4554 3477 4609 credere
3513 4552 3703 4608 vellet.
3739 4553 3804 4607 Et

2208 4750 2326 4797 rate
2358 4742 2498 4796 viam
2526 4742 2765 4807 Domini,
2793 4751 2973 4796 rectas
3012 4739 3174 4795 facile
3200 4740 3423 4794 semitas
3461 4737 3600 4807 ejus.
3633 4758 3654 4791 ι
3710 4738 3807 4793 Ille

2209 4844 2391 4889 autem
2416 4833 2656 4890 venienti
2708 4833 2938 4889 Domino
2987 4833 3053 4888 ad
3100 4832 3263 4887 corda
3307 4832 3616 4887 auditorum
3658 4831 3805 4885 viam

2212 4935 2396 4997 parat,
2425 4926 2519 4995 qui
2566 4933 2769 4980 rectam
2796 4923 2957 4979 Iidem
2987 4933 3044 4979 et
3067 4924 3209 4978 bona
3236 4937 3401 4993 opera
3432 4920 3723 4992 pradicat,
3746 4928 3802 4974 ul

2178 5018 2329 5073 ~hac
2354 5017 2437 5073 vis
2465 5016 2654 5088 gratia
2681 5023 2959 5086 penetret,
2982 5022 3037 5069 et
3057 5014 3241 5069 lumen
3263 5013 3509 5068 veritatis
3536 5011 3801 5082 illustret;

2211 5118 2266 5165 et
2298 5108 2386 5165 ille
2419 5117 2599 5164 rectas
2628 5109 2854 5164 semitas
2884 5106 3034 5172 facit,
3067 5107 3157 5176 qui
3182 5120 3280 5177 per
3303 5120 3615 5162 sermonem
3646 5105 3805 5160 bona

2210 5203 2611 5278 pradicationis
2646 5203 2877 5258 mundas
2912 5201 3270 5274 cogitationes
3292 5200 3346 5254 in
3370 5199 3555 5254 animo
3583 5197 3786 5253 format

2210 5300 2278 5355 Et
2315 5299 2595 5353 sciendum
2639 5296 2764 5365 quia
2808 5312 2914 5351 non
2951 5293 3123 5350 solum
3158 5292 3327 5349 Isaias
3367 5291 3620 5362 pravidit
3662 5291 3802 5346 hunc

2208 5403 2599 5461 pracursorem
2649 5387 2864 5443 Domini
2915 5393 3228 5450 venturum,
3282 5383 3376 5440 sed
3425 5384 3594 5440 etiam
3645 5382 3773 5439 Psal

2209 5480 2370 5535 mista
2403 5494 2529 5536 cum
2576 5478 2674 5534 sub
2710 5493 2939 5547 persona
2986 5476 3079 5530 Dei
3123 5476 3303 5531 Patris
3347 5476 3602 5532 dicebat:
3660 5494 3680 5527 ε
3707 5474 3783 5529 Pa

2208 5572 2323 5627 ravi
2387 5570 2660 5625 lucernam
2722 5569 2940 5624 Christo
3011 5583 3166 5633 meo,
3214 5587 3233 5621 ι
3286 5567 3339 5623 id
3400 5576 3485 5623 est
3537 5566 3800 5622 Joannem

2206 5663 2346 5719 Filio
2372 5678 2513 5718 meo.
2554 5662 2623 5716 Et
2665 5658 3086 5717 bcueJoannes
3126 5660 3352 5715 lucerna
3398 5658 3625 5723 dicitur,
3676 5657 3799 5727 quia

2208 5756 2349 5811 sicut
2395 5754 2612 5810 Lucifer
2658 5762 2785 5808 ante
2830 5752 3021 5819 solem,
3062 5751 3286 5809 lucerna
3326 5760 3454 5806 ante
3493 5751 3781 5807 dominum

2210 5844 2364 5907 miles
2390 5854 2518 5907 ante
2547 5858 2752 5916 regem,
2783 5858 2963 5915 praeco
2986 5852 3113 5901 ante
3134 5842 3410 5913 judicent;
3442 5842 3523 5900 sic
3555 5849 3611 5909 et
3635 5839 3780 5903 Joan
