4038 6480
199 401 302 463 881
821 419 827 424 .
1203 381 1389 432 ili»

1678 401 2009 462 HOMILIE.
2322 428 2328 434 ι
2371 429 2377 435 -
2432 387 2483 435 ’ἶ
2546 386 2579 426 ι’
2672 387 2726 437 ι’.
2767 413 2810 438 νρ

3373 405 3476 468 882

200 537 301 578 nes
327 519 606 590 praecessit
630 520 937 589 Christum;
980 522 1133 580 miles
1163 522 1308 580 enim
1337 523 1575 580 directus
1599 539 1628 578 a
1653 539 1782 596 rege
1809 516 1864 585 Α
1887 523 2041 579 diunt
2089 533 2317 594 pacatae.
2357 542 2376 576 ι
2419 522 2539 594 Ipse
2582 529 2760 603 autem
2791 521 3025 580 Joannes
3053 525 3286 583 habebat
3314 531 3479 584 vesti-

200 615 308 669 hoc
375 613 534 670 modo
591 615 732 670 viam
784 617 834 671 ei
874 627 1143 688 praeparat
1191 619 1402 675 :valles
1459 619 1664 690 implet,
1712 629 1791 675 tu-

200 706 406 760 mentia
436 706 642 776 planat,
668 716 722 762 et
752 709 931 762 omnia
968 708 1289 766 olTendicula
1321 711 1519 777 aufert,
1548 723 1605 766 ut
1643 728 1794 783 gres-

200 809 296 849 sus
343 794 643 849 incedentis
687 812 790 849 non
836 795 1096 862 offendat,
1124 800 1202 853 sic
1241 807 1297 852 et
1322 797 1556 854 Joannes
1585 800 1792 868 paravit

199 883 350 937 viam
398 882 628 938 Domini.
662 883 905 951 Qualiter
933 902 1061 942 vero
1089 888 1172 942 via
1203 889 1410 943 Domini
1441 889 1790 959 praeparanda

199 974 275 1030 sit
299 975 438 1030 alter
459 976 808 1046 evangelista,
836 978 945 1032 imo
970 989 1025 1033 et
1055 981 1168 1050 ipse
1195 983 1454 1055 propheta
1484 983 1794 1038 manifestat

199 1083 329 1123 cum
359 1067 436 1121 ait
470 1085 482 1122 :
524 1086 542 1118 ι
583 1068 772 1124 Omnis
791 1070 946 1126 vallis
976 1072 1305 1141 implebitur,
1341 1085 1396 1130 et
1435 1077 1611 1131 omnis
1639 1093 1794 1133 mons

198 1169 256 1214 et
283 1158 438 1214 collis
467 1159 860 1216 humiliabitur.
897 1181 915 1212 ι
953 1160 1056 1217 Per
1091 1164 1256 1220 valles
1301 1166 1654 1236 designantur
1689 1169 1791 1224 bu-

201 1249 382 1314 miles,
415 1265 512 1320 per
538 1258 750 1308 montes
777 1263 830 1308 et
863 1255 1030 1311 colles
1062 1258 1298 1326 superbi.
1333 1259 1387 1313 ln
1430 1260 1663 1316 adventu
1697 1262 1798 1317 Do-

200 1341 336 1395 mini
365 1341 530 1396 valles
559 1342 789 1412 impletze
813 1355 960 1412 sunt,
989 1357 1198 1404 montes
1228 1360 1283 1404 et
1312 1351 1476 1406 colles
1504 1351 1792 1420 humiliati,

202 1433 357 1502 quia,
393 1435 532 1490 sicut
568 1436 680 1505 ipse
708 1437 861 1504 dicit,
891 1457 908 1489 ι
939 1440 1128 1497 Omnis
1168 1443 1259 1514 qui
1290 1459 1348 1499 se
1381 1445 1583 1501 exaltat
1618 1447 1798 1502 Immi-

201 1525 442 1592 liabitur,
476 1537 532 1582 ct
561 1529 650 1598 qui
681 1544 738 1584 se
767 1530 1016 1588 humiliat
1047 1536 1410 1603 exaltabitur;
1447 1559 1465 1591 ι
1501 1540 1625 1595 hinc
1656 1541 1790 1597 alias

202 1615 464 1686 scriptum
491 1627 575 1672 est
605 1637 617 1672 :
653 1639 670 1671 ι
707 1621 966 1691 Deposuit
989 1633 1238 1693 potentes
1278 1629 1343 1682 de
1374 1631 1523 1694 sede,
1555 1639 1609 1685 et
1636 1632 1788 1685 exal-

205 1708 342 1762 tavit
370 1709 620 1764 humiles.
658 1730 676 1762 ι
709 1711 893 1769 Potest
918 1716 1080 1770 etiam
1113 1718 1212 1772 hoc
1242 1718 1464 1791 intelligi
1497 1722 1698 1777 dictum
1723 1724 1791 1778 de

200 1797 428 1856 Judaico
449 1811 504 1857 et
531 1804 713 1874 gentili
737 1807 968 1877 populo;
1003 1810 1232 1878 gentiles
1252 1814 1396 1867 enim
1419 1825 1574 1870 erant
1601 1817 1784 1881 valles,

1893 627 2133 672 mentum
2177 618 2244 672 de
2288 617 2410 687 pilis
2443 618 2792 676 camelorum.
2830 639 2849 673 ›
2888 619 3176 691 Hucusque
3222 622 3475 678 videntur

1891 708 2054 763 verba
2098 707 2320 763 Joannis
2365 709 2433 763 ab
2480 725 2546 765 eo
2595 709 2711 764 loco
2759 712 2846 765 ubi
2878 713 2997 765 ait:
3043 731 3060 763 ‹
3093 713 3474 770 Paenitentiam

1893 799 2065 870 agite;
2104 819 2120 850 ι
2158 798 2226 853 ab
2257 799 2381 853 hinc
2405 815 2533 854 vero
2557 801 2718 856 verba
2750 812 2876 855 sunt
2904 805 3075 858 sancti
3106 806 3472 877 evangelista}.

1893 891 1959 945 Et
1985 891 2112 961 quia
2142 891 2330 947 beatus
2356 892 2639 950 Matthzeus
2677 896 2923 965 superius
2964 899 3176 953 dixerat
3211 897 3474 955 Joannem

1893 984 2127 1049 venisse,
2161 994 2216 1039 et
2260 986 2636 1056 paenitentiam
2686 989 2738 1042 in
2788 989 3004 1045 deserto
3041 990 3238 1046 Judma:
3285 995 3477 1063 [πεπειιὶ-

1895 1083 2021 1132 Care
2051 1079 2302 1147 coepisse,
2335 1089 2394 1132 ut
2430 1081 2739 1136 ostenderet
2779 1097 2882 1136 non
2935 1082 3223 1149 immerito,
3260 1087 3351 1140 sed
3395 1086 3476 1140 di-

1895 1185 1998 1240 gne
2033 1171 2097 1223 ad
2134 1169 2366 1226 oliicium
2402 1173 2800 1241 praedicationis
2830 1175 3143 1241 accessisse,
3174 1177 3374 1232 idcirco
3407 1171 3478 1232 de

1895 1259 2186 1336 asperitate
2217 1261 2467 1324 vestium,
2499 1271 2552 1316 et
2596 1262 2802 1318 vilitate
2850 1265 3093 1320 ciborum
3145 1268 3307 1338 coepit
3348 1285 3473 1323 eum

1895 1353 2115 1409 laudare
2139 1355 2321 1409 dicens
2351 1372 2364 1408 :
2399 1375 2415 1406 ι
2437 1355 2553 1424 Ipse
2576 1364 2754 1411 autem
2783 1355 3014 1414 Joannes
3045 1361 3276 1416 habebat
3310 1363 3476 1418 vesti-

1895 1454 2134 1500 mentum
2163 1447 2227 1501 de
2254 1447 2374 1517 pilis
2406 1446 2754 1503 camelorum.
2790 1469 2809 1501 ι
2865 1449 3257 1506 Vestimentum
3308 1454 3478 1524 ipsius

1894 1548 2012 1592 erat
2048 1539 2186 1593 Deus
2223 1547 2278 1593 et
2322 1537 2528 1606 iustitia
2549 1580 2563 1604 ,
2598 1540 2748 1596 cibus
2777 1539 2894 1610 ejus
2927 1541 3012 1597 lex
3037 1542 3239 1599 Christi
3265 1555 3321 1600 et
3347 1562 3481 1602 con-

1896 1631 2175 1700 templatio
2201 1631 2380 1686 divina
2407 1649 2421 1694 ;
2449 1640 2504 1686 et.
2533 1631 2657 1702 quia
2685 1631 2799 1702 ipse
2830 1633 3028 1688 mundo
3058 1644 3303 1690 mortuus
3335 1647 3474 1701 erat,

1895 1730 1951 1776 et
1987 1725 2217 1776 mundus
2264 1721 2340 1776 illi
2385 1721 2696 1787 cruciﬁxus,
2735 1722 2938 1778 idcirco
2971 1739 3074 1778 non
3115 1733 3325 1794 poterat
3354 1741 3478 1795 pre-

1899 1813 2063 1867 tiosas
2093 1821 2272 1866 vestes
2297 1810 2623 1878 desiderare,
2654 1822 2709 1867 et
2733 1813 2992 1868 lautiores
3017 1816 3166 1870 cibos
3195 1824 3475 1885 appetere.

201 1894 256 1949 id
296 1905 380 1951 est
412 1897 666 1966 humiles,
698 1902 824 1971 quia
859 1902 1121 1959 idolorum
1159 1907 1397 1963 cultores
1426 1920 1598 1973 eram,
1630 1920 1684 1967 ει
1712 1912 1794 1966 di-
1820 1881 1868 1942 Β
1897 1901 2008 1956 Sub
2041 1903 2140 1957 ista
2173 1911 2348 1956 tamen
2400 1902 2690 1972 asperitate
2723 1905 2948 1959 vestium
2998 1914 3052 1961 et
3086 1881 3292 1960 vilitate
3329 1908 3478 1961 cibo-

200 1987 374 2043 versis
424 1989 743 2048 criminibus
796 1993 1025 2061 irretiti;
1091 1995 1258 2053 Judaei
1307 2015 1437 2056 vero
1481 2013 1693 2060 montes
1741 2014 1797 2062 et

203 2078 390 2146 colles,
425 2080 478 2135 id
507 2090 612 2150 est,
645 2085 864 2154 superbi
888 2097 1044 2143 erant
1090 2101 1311 2160 propter
1353 2093 1484 2164 legis
1526 2098 1795 2168 acceptio-

201 2187 348 2238 nem,
387 2181 442 2228 et
484 2174 578 2230 Dei
618 2177 1003 2247 cognitionem.
1039 2183 1146 2239 Sed
1196 2183 1249 2238 iu
1298 2187 1530 2242 adventu
1581 2189 1792 2247 Domini

205 2263 372 2320 valles
414 2266 647 2336 impletae
679 2281 823 2336 sunt,
855 2280 909 2327 et
939 2283 1150 2329 montes
1189 2283 1244 2330 et
1278 2278 1443 2333 colles
1479 2280 1790 2349 humilitati,

201 2354 328 2422 quia
373 2357 589 2428 gentilis
623 2359 851 2430 populus
896 2377 956 2418 se
998 2365 1332 2422 humiliando
1363 2385 1460 2439 per
1494 2371 1652 2427 fidem
1700 2374 1794 2430 do-

201 2459 328 2498 num
359 2447 547 2512 gratize
570 2451 827 2521 suscepit,
857 2453 999 2522 quod
1037 2453 1294 2513 Judaicus
1336 2460 1563 2529 p0pulus
1605 2479 1794 2533 super-

201 2536 400 2594 biendo
435 2555 465 2594 a
497 2556 556 2596 se
600 2543 812 2614 repulit.
861 2544 1043 2603 Potest
1080 2557 1136 2603 et
1174 2551 1276 2606 hoc
1307 2553 1528 2624 intelligi
1561 2556 1625 2609 de
1654 2571 1791 2610 uno-

203 2643 415 2700 quoque
441 2632 560 2688 viro
591 2634 776 2690 humili
807 2645 862 2691 et
889 2639 1154 2708 superbo;
1190 2643 1468 2699 moraliter
1494 2647 1638 2700 enim
1669 2648 1792 2717 qui-

206 2721 420 2789 cunque
465 2721 827 2790 immuuditia,
862 2737 912 2782 ct
965 2728 1342 2799 fornicatione,
1374 2746 1428 2788 et
1472 2739 1790 2805 voracitate,

207 2817 262 2863 et
286 2810 550 2868 ebrietate
576 2815 848 2871 detinetur
879 2837 898 2870 ‹
926 2813 1081 2876 vallis
1116 2841 1134 2872 ι
1167 2832 1283 2889 est;
1329 2824 1416 2880 ille
1455 2841 1581 2881 vero
1616 2829 1704 2897 qui
1737 2829 1790 2884 in

203 2902 475 2970 superbia,
494 2915 550 2960 et
562 2903 846 2974 iactantia,
871 2919 928 2965 et
948 2927 1086 2967 vana
1110 2906 1570 2982 gloria’consistit,
1603 2939 1621 2971 ι
1637 2935 1791 2976 mons

203 2999 257 3047 et
281 2993 434 3049 collis
467 3014 485 3046 ι
516 3006 617 3052 est.
649 2997 754 3054 Sed
802 3001 1050 3058 homines
1102 3007 1269 3076 adjuti
1323 3009 1497 3078 gratia
1535 3011 1629 3066 Dei
1668 3028 1790 3066 cum

207 3098 489 3148 transeunt
519 3095 583 3149 de
615 3096 953 3154 immunditia
1001 3101 1067 3156 ad
1113 3103 1454 3170 munditiam,
1508 3106 1574 3162 de
1623 3107 1791 3162 forni-

207 3184 418 3240 catione
449 3187 515 3241 ad
545 3188 951 3257 continentiam,
985 3193 1052 3248 de
1081 3195 1379 3251 voracitate
1411 3199 1478 3252 ad
1508 3200 1788 3255 abstinen-

206 3279 358 3345 tiam,
384 3281 451 3336 de
475 3283 734 3340 ebrietate
780 3286 846 3340 ad
875 3287 1250 3354 sobrietatem,
1275 3290 1441 3346 valles
1478 3293 1784 3362 implentur.

201 3369 333 3426 Item
372 3372 416 3427 si
454 3373 621 3443 adjuti
667 3375 848 3432 divina
877 3379 1050 3447 gratia
1081 3383 1401 3437 transierint
1430 3383 1496 3438 de
1538 3386 1790 3454 superbia

202 3472 260 3517 et
296 3461 562 3531 jactantia
613 3467 679 3521 ad
737 3469 1120 3540 humilitatem,
1151 3482 1204 3528 et
1255 3475 1320 3528 de
1358 3490 1492 3529 vana
1522 3475 1692 3546 gloria
1723 3478 1791 3532 ad

203 3551 516 3623 despectum
546 3559 776 3627 propriae
809 3561 1014 3627 carnis,
1042 3573 1168 3618 tunc
1212 3565 1454 3633 prol‘ecto
1498 3576 1710 3624 montes
1738 3579 1794 3625 et

201 3643 370 3700 colles
401 3646 774 3705 humiliantur.
808 3652 920 3709 Hoc
950 3655 1108 3709 modo
1135 3657 1505 3727 unusquisque
1547 3669 1790 3714 nostrum

205 3735 354 3790 viam
384 3737 614 3796 Domino
641 3743 800 3799 debet
832 3759 1171 3814 praeparare;
1210 3741 1296 3802 ille
1339 3750 1483 3804 enim
1515 3751 1657 3806 viam
1689 3752 1795 3808 Do-

202 3829 354 3884 mino
390 3842 564 3901 parat,
598 3835 688 3904 qui
718 3836 784 3890 de
813 3837 958 3891 vitiis
1004 3839 1071 3893 ad
1113 3839 1368 3895 virtutem
1407 3844 1624 3908 transit,
1653 3860 1785 3914 quo-

203 3922 356 3976 niam
385 3923 486 3977 viae
512 3925 722 3980 Domini
751 3937 876 3981 sunt
901 3926 1034 3984 fides
1069 3937 1125 3984 et
1159 3930 1391 4000 justitia,
1413 3934 1618 3989 semitae
1655 3951 1785 3992 vero

209 4013 358 4070 illius
384 4025 600 4073 caetera:
621 4019 867 4076 virtutes.
901 4020 1008 4077 Has
1033 4023 1148 4078 vias
1187 4024 1290 4079 sibi
1321 4033 1476 4082 notas
1501 4027 1614 4082 ﬁeri
1645 4038 1794 4098 opta-

205 4108 300 4163 bat
337 4107 622 4166 Psalmista
666 4127 787 4166 cum
820 4114 1036 4169 dicebat
1075 4132 1090 4170 :
1135 4135 1152 4166 ι
1191 4115 1318 4171 Vias
1359 4126 1498 4184 tuas,
1542 4119 1789 4188 Domine,

204 4210 365 4256 notas
389 4201 473 4256 l‘ac
499 4203 652 4269 mihi,
684 4215 737 4260 et
763 4206 986 4261 semitas
1010 4215 1130 4261 tuas
1155 4207 1321 4262 edoce
1369 4224 1478 4264 me.
1518 4229 1536 4262 ι
1584 4211 1651 4266 Et
1675 4228 1795 4282 qua:

205 4291 316 4347 sint
347 4293 475 4363 ipsae
503 4295 604 4350 via:
631 4305 1028 4366 consequenter
1074 4297 1362 4353 manifeste
1405 4300 1618 4355 curavit
1659 4301 1796 4355 indi-

208 4397 337 4438 care
367 4384 551 4440 dicens
588 4399 603 4438 :
650 4405 668 4437 ι
706 4385 984 4442 Universae
1023 4388 1125 4441 viae
1167 4388 1379 4443 Domini
1423 4389 1795 4445 misericordia

205 4483 260 4529 et
292 4475 494 4531 veritas
519 4485 677 4543 sunt;
710 4465 728 4530 ι
759 4487 1041 4534 εῐεωιθινθε
1060 4479 1314 4542 virtutes,
1348 4480 1400 4534 id
1444 4491 1548 4547 est,
1588 4471 1722 4537 tides
1742 4490 1796 4537 et

1894 2009 2015 2050 rum
2065 2008 2170 2047 non
2216 1993 2593 2048 condemnavit
2645 1994 2831 2050 beatus
2875 1995 3111 2052 Joannes
3159 1997 3475 2066 temporalia

1893 2085 2054 2153 bona,
2084 2100 2183 2140 nec
2218 2095 2428 2139 terrena
2472 2083 2609 2139 bona
2647 2085 2830 2141 docuit
2859 2102 2978 2143 esse
3009 2087 3175 2152 mala,
3206 2088 3331 2157 quia
3361 2103 3476 2142 om-

1893 2175 1980 2230 nia
2016 2191 2043 2228 a
2078 2175 2215 2230 bono
2252 2174 2361 2229 Deo
2389 2183 2571 2230 creata
2619 2184 2765 2242 sunt,
2795 2176 2888 2232 sed
2939 2177 3039 2232 sub
3083 2176 3270 2232 habitu
3308 2179 3476 2232 vesti-

1895 2277 2198 2322 mentorum
2235 2274 2287 2320 et
2343 2265 2547 2320 vilitate
2585 2266 2828 2321 ciborum
2871 2266 3107 2322 ostendit
3149 2282 3208 2322 se
3249 2277 3472 2338 peccata

1894 2361 2058 2416 totius
2089 2358 2309 2415 humani
2338 2358 2550 2432 generis
2574 2358 2790 2414 deliere.
2814 2357 2947 2414 Nam
2976 2359 3128 2414 multi
3155 2369 3472 2415 sanctorum

1891 2450 2113 2506 Patrum
2139 2452 2190 2504 in
2216 2451 2485 2519 praeterito
2514 2460 2754 2521 tempore
2777 2461 3002 2523 peccata
3029 2453 3212 2508 mundi
3243 2451 3474 2508 deﬂeve-

1895 2555 2036 2599 runt.
2070 2545 2278 2616 Moyses
2323 2544 2466 2598 enim
2497 2554 2715 2613 propter
2760 2558 2923 2614 grave
2970 2555 3249 2614 peccatum
3293 2543 3476 2615 populi

1895 2639 2056 2692 nimia
2087 2637 2304 2691 tristitia
2346 2635 2702 2706 allligebatur,
2735 2646 2790 2692 et
2831 2638 2882 2691 in
2927 2646 3135 2692 tantum
3167 2637 3352 2692 dilexit
3378 2654 3474 2708 po-

1893 2730 2074 2799 pulum
2102 2738 2159 2782 ut
2188 2737 2399 2799 optaret
2421 2743 2478 2782 se
2503 2728 2670 2782 deleri
2709 2729 2774 2783 de
2815 2729 2978 2785 Libro
3007 2730 3152 2794 vita},
3181 2731 3225 2784 si
3257 2746 3361 2784 nou
3387 2731 3474 2785 tli-

1893 2825 2197 2880 mitteretur
2223 2834 2503 2894 peccatum
2548 2823 2749 2894 populi.
2786 2823 2948 2880 Josue
2977 2840 3106 2880 vero
3134 2825 3382 2879 minister
3417 2833 3474 2882 et

1893 2930 2177 2970 successor
2206 2914 2347 2969 illius
2371 2930 2400 2968 a
2431 2928 2587 2970 mane
2617 2930 2786 2986 usque
2822 2916 2888 2971 ad
2917 2932 3198 2987 vesperum
3229 2927 3474 2988 prostra-

1893 3017 1979 3063 tus
2001 3007 2172 3076 jacuit
2214 3024 2397 3064 coram
2430 3008 2657 3065 Domino
2691 3019 2910 3080 propter
2945 3019 3225 3081 peccaturo
3268 3010 3474 3081 pepuli.

1893 3102 2111 3160 Samuel
2155 3104 2404 3159 omnibus
2443 3103 2633 3159 diebus
2677 3105 2800 3158 vita:
2840 3120 2949 3160 suae
2992 3104 3126 3159 luxit
3169 3103 3382 3158 Saulem
3421 3114 3480 3158 et

1896 3195 2147 3265 populum
2199 3195 2326 3264 quia
2385 3202 2725 3249 recesserant
2777 3210 2808 3248 a
2861 3195 3104 3248 Domino.
3151 3193 3296 3249 Elias
3343 3209 3476 3249 vero

1895 3286 2061 3342 multa
2091 3283 2280 3357 jejunii
2310 3284 2486 3338 inedia
2529 3281 2865 3353 allligebatur
2888 3294 3108 3354 propter
3136 3285 3477 3354 iniquitatem

1893 3389 1946 3434 et
1977 3387 2199 3450 peccata
2241 3375 2442 3448 populi.
2471 3375 2734 3432 Jeremias
2778 3379 3013 3431 matr-ens
3047 3383 3101 3430 et
3143 3375 3330 3445 lugens
3365 3391 3477 3430 non

1891 3469 2066 3540 potuit
2094 3468 2223 3538 quin
2253 3467 2456 3522 diceret
2488 3484 2500 3520 :
2536 3485 2554 3518 ι
2585 3466 2716 3533 Quis
2743 3465 2889 3521 dabit
2918 3466 3078 3536 capiti
3107 3481 3227 3519 meo
3253 3481 3474 3535 aquam,

1893 3569 1948 3617 et
1982 3561 2154 3617 oculis
2181 3559 2314 3614 meis
2341 3559 2544 3614 fontem
2582 3559 2965 3629 lacrymarum,
3005 3567 3062 3611 ut
3101 3557 3324 3612 deﬂeam
3353 3571 3480 3626 pec-

1894 3661 2013 3707 cata
2065 3650 2244 3720 populi
2291 3649 2398 3704 mei
2443 3648 2530 3704 die
2575 3663 2638 3702 ac
2680 3649 2870 3704 nocte?
2904 3668 2922 3700 ›
2966 3647 3034 3702 Et
3072 3646 3259 3702 Daniel
3302 3647 3475 3701 dicit:

1897 3759 1918 3793 ι
1960 3741 2146 3796 Trium
2174 3739 2636 3795 hebdomadarum
2663 3738 2836 3808 spatio
2861 3737 3053 3793 sedens
3081 3739 3134 3791 iu
3167 3737 3325 3792 domo
3355 3752 3478 3792 mea

1893 3849 2087 3906 panem
2116 3833 2526 3888 desiderabilem
2555 3846 2662 3886 non
2690 3832 2917 3896 comedi,
2949 3839 3005 3886 et
3036 3845 3230 3900 aquam
3269 3829 3483 3885 deside-

1896 3915 2119 3983 rabilem
2147 3927 2414 3992 uon‘bibi,
2440 3915 2634 3996 lugens
2655 3931 2877 3996 peccata
2911 3922 3088 3993 populi
3119 3924 3246 3979 mei.
3271 3943 3290 3976 ι
3325 3921 3480 3977 Sicut

1895 4019 2006 4084 isti,
2035 4020 2111 4074 sic
2143 4027 2196 4073 et
2223 4018 2377 4073 multi
2420 4025 2728 4075 sanctorum
2765 4014 3094 4070 delleverunt
3118 4023 3343 4084 peccata
3379 4028 3480 4084 ge-

1894 4110 2038 4164 neris
2068 4110 2308 4164 humani.
2339 4109 2414 4164 lta
2444 4118 2499 4164 et
2519 4109 2776 4164 Joannes.
2807 4105 2862 4162 Si
2886 4107 3028 4162 enim
3055 4104 3298 4160 habitum
3325 4113 3478 4160 exte-

1895 4202 2056 4258 rioris
2083 4202 2318 4259 hominis
2355 4203 2778 4263 consideremus,
2812 4200 2998 4270 quanti
3036 4199 3213 4254 meriti
3253 4198 3482 4253 interior

1895 4301 2057 4355 homo
2081 4300 2151 4354 sit
2174 4311 2466 4368 agnoscere
2493 4307 2803 4364 possumus.
2836 4290 2930 4346 Ille
2956 4290 3116 4352 enim,
3149 4290 3238 4358 qui
3264 4287 3353 4342 tali
3382 4288 3481 4359 ha-

1895 4393 2009 4449 bitu
2037 4392 2285 4446 utebatur
2305 4391 2662 4445 extrinsecus.
2692 4384 2867 4455 magni
2891 4381 3068 4436 meriti
3093 4389 3211 4436 erat
3235 4381 3484 4435 intrinse-

1897 4500 2012 4549 cus,
2035 4493 2087 4537 et
2116 4483 2170 4536 in
2197 4483 2281 4536 his
2301 4478 2483 4534 verbis
2506 4477 2907 4531 demonstratur
2923 4474 3089 4527 vitam
3115 4470 3342 4527 Joannis
3369 4486 3485 4527 cte-

202 4565 411 4637 justitia
441 4576 496 4622 et
524 4567 719 4623 similia
753 4570 957 4625 semita:
1002 4571 1172 4640 ipsius
1213 4581 1358 4626 sunt.
1396 4571 1462 4626 Et
1505 4573 1636 4628 istas
1678 4573 1792 4630 vias
1817 4600 1870 4660 ι)
1896 4577 2085 4631 lestem
2109 4573 2295 4636 fuisse,
2313 4580 2366 4624 et
2387 4568 2674 4638 gloriosam
2696 4568 2810 4635 ejus
2831 4563 3186 4620 humilitatem
3205 4563 3484 4660 etpudici-

206 4658 460 4713 hortatur
496 4673 595 4713 uos
619 4657 884 4715 Jeremias
913 4661 1174 4731 propheta
1225 4662 1500 4731 inquirere
1537 4679 1660 4718 cum
1709 4665 1792 4720 di-

205 4753 327 4808 cit:
365 4772 384 4805 ι
429 4751 581 4808 State
625 4769 786 4826 super
818 4754 956 4818 vias,
999 4763 1053 4809 et
1098 4755 1424 4826 interrogate
1472 4757 1538 4811 de
1581 4741 1796 4814 semitis

206 4845 446 4915 antiquis
477 4836 597 4917 quae
637 4847 708 4903 sit
740 4847 825 4902 via
856 4849 1018 4914 bona,
1046 4857 1102 4903 et
1136 4848 1411 4904 ambulate
1439 4848 1493 4904 iu
1522 4865 1606 4905 ea.
1637 4867 1657 4903 ο
1692 4849 1788 4905 Se-

207 4939 430 5016 quitur.
465 4959 486 4992 ‹
515 4940 581 4994 Et
612 4949 773 4996 erunt
819 4957 996 5012 prava.
1032 4941 1085 4996 in
1133 4942 1358 4997 directa.
1390 4961 1409 4994 ι
1444 4940 1614 4996 Prava
1663 4950 1798 5016 sunt

209 5032 371 5086 corda
401 5031 666 5087 malorum
712 5033 1012 5099 hominum,
1055 5049 1152 5104 per
1183 5034 1500 5105 injustitiam
1543 5035 1786 5103 detorta;

210 5124 304 5177 sed
338 5131 468 5178 tunc
506 5137 674 5190 prava
722 5125 772 5178 iu
815 5125 1018 5180 directa
1048 5135 1448 5181 commutantur
1475 5142 1596 5181 cum
1627 5129 1791 5183 corda

211 5214 477 5271 malorum
521 5217 800 5272 hominum
847 5217 912 5271 ad
949 5216 1171 5285 justitiae
1198 5219 1438 5290 regulam
1465 5221 1788 5291 diriguntur.

211 5307 434 5377 Aspera:
476 5317 600 5362 sunt
642 5318 848 5365 mentes
895 5310 1175 5365 hominum
1224 5310 1404 5366 furore
1445 5321 1500 5367 et
1545 5313 1792 5383 indigna-

215 5401 363 5456 tione
411 5402 763 5471 perturbatae,
793 5418 911 5472 qure
951 5406 1173 5459 verbum
1217 5405 1559 5474 praedicantis
1607 5407 1794 5462 audire

213 5501 602 5558 contemnunt,
653 5493 747 5547 sed
802 5503 927 5547 tunc
981 5511 997 5544 ι
1046 5509 1234 5563 aspera
1285 5494 1335 5547 in
1383 5493 1499 5549 vias
1546 5494 1732 5562 planas
1767 5514 1785 5548 ι

213 5592 638 5649 commutantur,
680 5600 800 5638 cum
853 5601 930 5640 ea:
980 5595 1186 5640 mentes
1233 5584 1510 5639 hominum
1543 5585 1620 5638 ira
1647 5601 1795 5640 com-

214 5685 395 5738 motae,
431 5677 496 5730 ad
544 5677 774 5747 gratiam
823 5677 1249 5732 mansuetudinis
1295 5677 1539 5739 redeunt,
1569 5693 1796 5747 quaeque

213 5769 368 5840 prius
390 5771 609 5823 verbum
633 5769 1029 5839 praedicationis
1049 5770 1234 5823 audire
1256 5767 1558 5831 noluerunt,
1580 5783 1800 5820 conver-

215 5876 293 5918 sa:
317 5861 384 5918 ad
406 5859 811 5928 beatitudinem,
828 5859 962 5915 etad
979 5859 1139 5916 lenita
1150 5871 1272 5927 tem,
1296 5858 1680 5916 delectabiliter
1704 5876 1794 5914 au-

1894 4668 1981 4722 tia:
2021 4669 2374 4720 honestatem.
2407 4660 2500 4715 His
2530 4661 2692 4715 etiam
2722 4657 2901 4712 verbis
2931 4657 3104 4711 sancti
3136 4655 3482 4727 evangelista:
3561 4697 3563 4699 .

1895 4760 2153 4815 Dominus
2191 4758 2314 4812 alibi
2362 4755 2551 4810 annuit
2592 4768 2714 4807 cum
2757 4751 2888 4806 dicit
2936 4751 3106 4806 turbis
3132 4751 3198 4806 de
3231 4749 3478 4805 Joanne:

1899 4870 1916 4904 ι
1947 4849 2085 4917 Quid
2107 4849 2293 4904 existis
2321 4848 2373 4901 in
2396 4847 2668 4900 desertum
2693 4842 2908 4898 videre?
2930 4842 3202 4896 hominem
3227 4840 3480 4896 mollibus

1892 4941 2186 4998 vestitum?
2229 4960 2247 4993 ι
2301 4938 2618 4995 subauditur
2660 4935 2806 5002 Non;
2848 4936 2990 5005 quod
3030 4935 3174 4989 enim
3218 4932 3480 4988 Dominus

1893 5030 2154 5086 Joannem
2187 5030 2438 5084 vestitum
2471 5027 2719 5082 mollibus
2748 5027 2879 5082 dicit
2907 5042 3013 5081 nou
3047 5025 3234 5090 fuisse,
3262 5030 3361 5079 hoc
3395 5031 3482 5077 est

1896 5123 2036 5192 quod
2062 5123 2252 5176 beatus
2272 5119 2554 5174 Matthaeus
2575 5119 2664 5174 hic
2683 5134 2804 5173 cum
2832 5117 2954 5188 pilis
2974 5116 3298 5172 camelorum
3323 5114 3480 5167 indu-

1898 5223 2008 5268 tum
2033 5229 2152 5268 esse
2187 5211 2439 5266 ostendit.
2467 5209 2569 5264 Per
2601 5210 2702 5264 hoc
2726 5223 2874 5272 vero,
2911 5207 3054 5278 quod
3086 5215 3192 5260 tam
3221 5204 3480 5258 Dominus
3576 5201 3581 5207 ’

1895 5320 2055 5374 quam
2077 5302 2401 5373 evangelista
2419 5297 2680 5354 Joannem
2711 5299 2777 5352 de
2806 5297 3096 5365 asperitate
3115 5293 3345 5348 vestimu
3370 5293 3482 5346 lau-

1897 5399 2062 5462 davit,
2077 5395 2311 5452 ostendit
2330 5392 2703 5464 quiaJoanncs
2731 5406 2838 5446 non
2869 5389 2968 5443 fuit
2990 5389 3168 5443 fautor
3189 5386 3476 5450 malorum,

1897 5490 1990 5544 sed
2015 5491 2334 5558 increpator,
2357 5495 2410 5539 et
2427 5486 2588 5538 vitam
2612 5480 2949 5552 peccantium
2973 5495 3078 5552 non
3101 5474 3480 5532 blandimentis

1903 5577 2247 5644 fovebat,sed
2272 5591 2476 5644 asperae
2498 5572 2816 5628 invectionis
2844 5570 3024 5625 verbis
3053 5569 3365 5636 increpabat
3401 5566 3478 5622 di-'

1905 5687 2033 5728 ceus
2067 5687 2081 5725 :
2119 5689 2136 5721 ι
2167 5668 2448 5725 Geuimiua
2481 5667 2804 5734 viperarum,
2827 5663 2948 5731 quis
2973 5661 3126 5716 vobis
3148 5660 3468 5714 demonstra-

1908 5768 1984 5821 vit
2014 5765 2197 5835 fugere
2219 5780 2248 5817 a
2277 5770 2506 5816 ventura
2534 5757 2646 5812 ira?
2683 5777 2701 5809 ι
2734 5755 3010 5809 Moraliter
3033 5754 3339 5824 quicunque
3369 5750 3477 5804 vult

1907 5860 2135 5932 vestigia
2165 5857 2384 5914 Joannis
2409 5853 2583 5924 sequi,
2615 5867 2718 5907 nou
2745 5851 2906 5907 debet
2939 5857 3249 5920 peccatores
3277 5844 3471 5900 blandi-
