4038 6468
551 368 656 429 885

1109 368 1365 427 llEMlGll
1403 366 2061 443 ANTISSIODORENSIS
2099 368 2250 437 OPP.
2290 366 2469 445 PARS
2508 366 2574 422 ll.
2612 395 2681 406 —
2720 360 3215 420 MISCELLANEA.

3694 358 3802 416 881

553 484 753 552 mentis
782 483 983 553 fovere,
1009 487 1103 541 sed
1143 502 1333 557 aspere
1365 488 1666 557 increpare,
1689 485 1839 555 juxta
1862 485 1988 541 illud
2027 484 2122 541 Sa-
2151 494 2203 551 Α
2226 485 2655 541 conversationis
2680 525 2693 548 ,
2743 493 2795 539 et
2839 468 3042 557 sanctae
3072 484 3193 538 vitae
3220 523 3234 547 ,
3278 495 3332 535 et
3352 480 3506 536 bona:
3529 477 3806 553 opinionis

551 576 783 635 lomonis
811 596 823 632 :
863 597 880 630 ι
914 580 1086 636 Verba
1111 582 1433 650 sapientium
1457 581 1608 651 quasi
1638 580 1866 647 stimuli,
1890 589 1946 636 et
1970 580 2123 649 quasi

553 668 687 723 clavi
736 669 789 725 in
837 670 1002 724 altum
1047 671 1229 726 deﬁxi.
1260 691 1279 724 ι
1315 671 1543 735 Pulchre
1592 673 1751 727 verba
1804 671 2127 742 sapientium

553 761 783 841 stimulis
809 771 863 817 et
890 763 1056 819 clavis
1088 764 1475 829 assimilantur,
1515 764 1637 834 quia
1675 763 1859 834 culpas
1894 778 2125 832 peccan-

554 850 684 905 tium
713 853 962 908 nesciunt
983 853 1220 925 palpare,
1246 855 1338 909 sed
1364 870 1624 926 pungere,
1648 855 1895 909 nesciunt
1923 854 2129 925 fovere,

551 942 647 1014 sed
704 944 1001 1021 increpare.
1058 944 1161 1009 Per
1215 961 1406 1001 zonam
1467 945 1748 1016 pelliceam
1810 944 2128 1017 designatur

553 1033 895 1108 mortiﬁcatio
920 1035 1102 1105 ,ipsius
1130 1034 1388 1101 Joannis;
1435 1051 1531 1107 per
1570 1037 1675 1107 mel
1715 1036 1979 1101 silvestre,
2014 1034 2131 1095 dul-

550 1124 629 1193 cis
655 1122 769 1193 ejus
799 1126 1144 1197 prtedicatio;
1177 1143 1301 1181 nam
1333 1137 1495 1182 tanta:
1526 1127 1824 1191 dulcedinis
1848 1142 1908 1181 ea
1941 1125 2040 1181 fuit
2070 1134 2130 1182 ut

551 1217 665 1295 ipse
693 1216 940 1274 Christus
984 1219 1050 1274 ab
1080 1219 1389 1275 hominibus
1420 1229 1729 1289 putaretur.
1767 1220 1830 1277 Et
1862 1220 1972 1289 ipsa
2012 1217 2129 1286 ejus

478 1364 481 1367 Α
549 1307 877 1384 existimatio
920 1308 1058 1385 bene
1105 1308 1325 1385 locusta:
1357 1309 1713 1373 assimilatur;
1751 1309 1954 1363 locusta
1985 1307 2127 1362 enim

548 1380 750 1450 elevata
792 1412 821 1450 a
861 1405 1004 1463 terra
1022 1380 1138 1453 icito
1167 1380 1334 1464 cadit,
1371 1408 1426 1453 et
1454 1398 1533 1454 sic
1564 1398 1650 1471 illa
1677 1397 2010 1465 existimatio
2035 1411 2135 1470 po-

548 1489 680 1568 puli,
707 1505 813 1560 qua
850 1488 1087 1555 Joannes
1118 1488 1364 1569 Christus
1391 1489 1822 1569 existimabatur,
1858 1489 1966 1543 cito
2003 1503 2131 1543 cor-

551 1580 678 1646 ruit,
711 1573 834 1650 quia
867 1580 957 1647 ille
983 1580 1071 1652 qui
1104 1568 1393 1652 putabatur
1420 1568 1707 1651 propheta;
1740 1596 1864 1636 mox
1910 1579 2128 1650 agnitus

547 1682 631 1726 est
660 1673 926 1736 Christus.
964 1680 1019 1729 et
1061 1658 1149 1727 ille
1179 1672 1266 1743 qui
1305 1671 1572 1737 Christus,
1614 1688 1736 1728 mox
1784 1671 1999 1747 agnitus
2046 1676 2129 1726 est

550 1762 829 1831 propheta.
871 1762 973 1817 Per
997 1759 1277 1825 Joannem,
1310 1761 1400 1833 qui
1435 1760 1641 1816 Domini
1667 1762 1838 1832 gratia
1866 1761 2130 1831 interpre-

2228 579 2444 634 fucrunt
2475 620 2489 642 ,
2516 578 2582 632 de
2608 579 2804 643 quibus
2829 593 2966 631 ttnus
2990 575 3092 630 fuit
3116 575 3206 631 ille
3228 573 3509 631 Cornelius
3532 570 3805 647 centurio,

2227 672 2293 737 de
2319 687 2424 743 quo
2456 672 2652 745 legitur
2675 672 2726 724 in
2766 671 2992 740 Actibus
3020 668 3385 741 apostolorum
3422 708 3435 733 ,
3469 666 3596 736 quia
3631 683 3649 714 ι
3685 671 3809 718 erat

2227 764 2310 818 vir
2338 764 2517 832 justus
2544 773 2597 818 et
2620 765 2815 817 timens
2840 761 3010 816 Deum
3034 802 3048 824 ,
3076 761 3279 815 faciens
3307 758 3548 829 quotidie
3572 756 3810 811 eleemo-

2229 870 2388 928 synas
2436 854 2623 926 plebi,
2679 864 2733 908 et
2783 856 3080 923 deprecans
3131 852 3299 906 Deum
3346 851 3432 903 die
3454 865 3519 903 ac
3540 856 3741 913 nocte,
3784 867 3806 902 ι

2228 945 2370 1021 unde
2405 945 2704 1015 promeruit
2752 954 2810 997 ut
2853 943 3075 1014 angelus
3115 944 3421 997 mitteretur
3464 942 3532 994 ad
3559 956 3683 995 cum
3715 940 3811 1009 qui

2231 1035 2477 1110 diceret:
2519 1053 2536 1080 σ
2582 1034 2795 1088 Corneli
2827 1074 2843 1097 ,
2899 1034 3168 1089 exaudita:
3214 1042 3338 1105 sunt
3361 1031 3638 1087 orationes
3670 1039 3812 1093 tuae,

2229 1140 2283 1182 et
2333 1127 2688 1199 eleemosyuze
2759 1135 2862 1182 tuae
2917 1126 3276 1199 ascenderunt
3333 1124 3386 1187 in
3453 1134 3811 1192 conspectum

2231 1218 2346 1293 Dei.
2387 1237 2405 1271 ι
2443 1218 2517 1271 De
2565 1217 2631 1272 iis
2662 1216 2824 1270 etiam
2859 1215 2961 1270 fuit
3010 1215 3099 1270 ille
3126 1224 3317 1286 potens
3359 1215 3640 1271 eunuchus
3668 1215 3819 1267 Car.-

2230 1306 2379 1362 dacis
2424 1307 2635 1381 reginae
2677 1306 2766 1376 qui
2830 1306 2962 1360 tanti
3004 1306 3164 1361 studii
3217 1304 3358 1370 fuit,
3409 1314 3468 1358 ut
3499 1321 3604 1358 non
3634 1302 3815 1357 solum

2229 1384 2327 1475 per
2356 1414 2526 1453 annos
2560 1413 2746 1453 omnes
2775 1397 3067 1453 ascendere
3096 1396 3425 1452 llierusalem
3454 1436 3469 1461 ,
3502 1396 3595 1449 sed
3641 1394 3813 1448 etiam

2231 1490 2426 1569 sedens
2466 1489 2518 1543 in
2570 1504 2729 1543 curru
2764 1489 2966 1562 legeret
3013 1488 3203 1543 Isaiam
3250 1489 3565 1560 prophetam
3593 1527 3606 1550 ,
3634 1556 3635 1559 η
3662 1501 3810 1556 qua-

2229 1589 2452 1655 propter
2478 1579 2774 1650 promeruit
2822 1591 2881 1635 ut
2930 1580 3253 1651 dirigerctur
3279 1578 3344 1633 ad
3372 1594 3495 1633 eum
3528 1577 3819 1646 Philippus

2230 1673 2490 1743 diaconus
2518 1711 2532 1736 ,
2580 1680 2850 1741 quatenus
2900 1670 3201 1742 baptizaret
3252 1686 3374 1726 eum
3421 1688 3434 1722 :
3472 1679 3526 1725 et
3553 1670 3644 1723 isti
3675 1668 3819 1723 tales

2231 1782 2353 1822 cum
2379 1773 2563 1820 essent
2600 1764 2705 1819 mel
2760 1763 3007 1819 silvestre
3046 1765 3097 1819 in
3125 1764 3257 1819 silva
3290 1763 3505 1836 generis
3544 1763 3776 1817 immani
3803 1801 3817 1829 ε

552 1863 716 1928 tatur,
748 1853 1079 1924 signiﬁcatur
1110 1852 1387 1919 Christus;
1421 1861 1475 1908 et
1511 1868 1746 1923 congrue
1775 1853 1987 1923 quidem
2031 1851 2122 1907 Dei

2230 1857 2478 1915 conversi
2530 1858 2596 1912 ad
2646 1857 2806 1912 ﬁdem
2862 1855 2990 1912 facti
3046 1865 3171 1911 sunt
3218 1855 3320 1911 mel
3370 1855 3735 1909 domesticum
3764 1855 3819 1907 iu

548 1947 716 2025 gratia
764 1934 1095 2027 diciturqui
1144 1946 1345 2025 mundo
1389 1947 1615 2016 gratiam
1653 1946 1744 2000 Dei
1785 1944 1983 2000 attulit.
2024 1944 2128 2000 Per

550 2037 927 2109 vestimentum
982 2036 1122 2093 illius
1179 2037 1494 2108 designatur
1551 2037 1791 2091 Ecclesia
1849 2036 2125 2104 gentium,

546 2146 666 2206 quae
692 2132 828 2191 bene
857 2129 1237 2191 vestimentum
1276 2128 1366 2191 Dei
1396 2128 1612 2191 dicitur,
1636 2125 1791 2195 juxta
1825 2126 1951 2179 illud
1983 2126 2126 2203 quod

550 2224 806 2285 Dominus
828 2241 929 2298 per
956 2226 1245 2283 Jeremiam
1277 2227 1595 2298 prophetam
1639 2218 1713 2278 ait
1744 2234 1757 2282 ε
1794 2243 1811 2276 ‹
1844 2223 1975 2278 Vivo
2003 2240 2123 2295 ego,

546 2319 676 2387 dicit
714 2320 991 2385 Dominus,
1028 2320 1151 2393 quia
1188 2320 1444 2377 omnibus
1492 2319 1578 2374 his
1620 2318 1764 2373 velut
1803 2319 2126 2373 vestimento

546 2411 813 2485 vestieris.
853 2431 873 2465 ι
909 2410 1299 2468 Vestimentum
1345 2426 1577 2480 namque
1623 2408 1848 2465 Joannis
1892 2411 1955 2464 de
2005 2410 2127 2480 pilis

546 2504 873 2560 camelorum
923 2503 1025 2559 fuit
1077 2512 1410 2569 contextum,
1449 2512 1505 2559 et
1557 2511 1739 2558 sancta
1789 2500 2027 2557 Ecclesia
2061 2502 2125 2557 de

545 2595 845 2667 gentilitate
872 2605 956 2654 est
975 2605 1318 2670 congregata.
1345 2594 1595 2652 Camelus
1617 2597 1760 2650 enim
1787 2595 2123 2649 immundum

546 2697 635 2755 est
661 2688 884 2756 animal,
910 2690 1203 2761 secundum
1235 2688 1369 2761 legis
1395 2697 1745 2760 praeceptum,
1776 2696 1830 2742 et
1857 2687 2128 2758 signiﬁcat

544 2778 921 2851 gentilitatem.
958 2779 1025 2841 Et
1057 2777 1195 2835 bene
1237 2793 1336 2850 per
1377 2778 1641 2834 camelum
1663 2820 1677 2845 ,
1719 2778 1859 2848 quod
1894 2778 2130 2832 immun-

544 2871 669 2926 dum
699 2880 783 2930 est
812 2871 1036 2938 animal,
1073 2873 1347 2929 immunda
1391 2873 1661 2946 gentilitas
1701 2873 2030 2946 designatur,
2073 2880 2128 2929 et

543 2965 685 3043 quod
742 2964 815 3018 ita
869 2963 941 3019 sit
984 2962 1298 3021 manifestat
1339 2963 1504 3019 Isaias
1547 2963 1765 3020 dicens:
1799 2983 1816 3015 ι
1849 2962 2128 3019 lnundatio

544 3055 872 3133 camelorum
903 3056 1109 3127 operiet
1136 3064 1205 3112 te.
1239 3076 1257 3109 ι
1290 3054 1393 3111 Per
1417 3071 1609 3111 zonam
1630 3055 1911 3133 pelliceam
1940 3054 2128 3109 morti-

548 3132 727 3213 (lentio
784 3148 953 3219 ipsius
1002 3158 1205 3206 sanctae
1265 3149 1519 3206 Ecclesiae
1574 3132 1928 3221 intelligitur,
1982 3150 2125 3204 unde

544 3239 835 3311 Apostolus
866 3240 995 3297 dicit
1025 3260 1040 3295 z
1076 3261 1093 3294 ‹
1119 3240 1444 3297 Mortificate
1487 3242 1729 3296 membra
1777 3253 1955 3297 vestra
2006 3255 2124 3311 quae

543 3339 669 3409 sunt
710 3344 874 3402 super
920 3340 1151 3409 terrain;
1197 3349 1216 3383 ι
1249 3338 1302 3385 et
1344 3330 1471 3386 item
1504 3349 1515 3384 :
1552 3350 1574 3409 t
1608 3329 1799 3387 Carnis
1832 3346 2015 3385 curam
2052 3320 2123 3384 ne

543 3404 779 3477 feceritis
807 3421 859 3476 in
886 3406 1340 3491 concupiscentiis
1362 3404 1580 3477 vestris.
1621 3441 1638 3473 ι
1675 3421 1739 3476 Et
1764 3420 2024 3477 Dominus
2067 3421 2120 3475 in

547 3496 875 3585 Evangelia:
913 3531 932 3564 ι
970 3510 1089 3566 Sint
1127 3510 1293 3566 lumbi
1323 3510 1487 3566 vestri
1526 3512 1825 3583 praecincti,
1858 3521 1912 3567 et
1951 3512 2124 3567 lucer-

543 3618 626 3680 na:
664 3602 941 3688 ardentes.
974 3621 993 3656 ι
1036 3601 1238 3657 Pascha
1285 3603 1448 3658 etiam
1491 3603 1814 3684 celebraturi
1856 3623 1874 3655 ‹
1914 3603 2123 3661 lumbos

543 3695 863 3769 prrccinctos
912 3696 1121 3751 habere
1163 3714 1182 3749 ι
1235 3693 1532 3767 jubentur;
1607 3697 1706 3752 hac
1775 3698 1917 3752 enim
1987 3712 2158 3779 zona!

543 3786 756 3855 agnitus
807 3795 891 3843 est
939 3787 1112 3853 Elias,
1161 3796 1216 3843 et
1255 3787 1358 3844 hac
1395 3803 1554 3855 zona,
1585 3790 1636 3844 id
1681 3796 1785 3854 est,
1829 3790 1928 3844 hoc
1968 3790 2124 3861 signo

546 3878 975 3953 nmrtiﬁcationis
1035 3887 1402 3950 agnoscuntur
1469 3895 1657 3936 onmes
1722 3880 1904 3935 ﬁdeles
1965 3878 2121 3949 juxta

549 3969 676 4035 illud
729 3970 879 4026 Pauli
924 3989 938 4025 :
987 3989 1006 4023 ι
1050 3972 1151 4039 Qui
1198 3981 1376 4028 autem
1431 3971 1628 4029 Christi
1690 3981 1844 4037 sunt,
1903 3988 2121 4028 carnem

546 4079 699 4128 suam
742 4062 1124 4120 cruciﬁxerunt
1164 4081 1285 4121 cum
1320 4066 1461 4121 vitiis
1496 4076 1550 4121 et
1589 4067 2060 4137 concupiscentiis.
2096 4089 2116 4121 ι

544 4155 648 4213 Per
669 4155 904 4213 locustas
929 4156 1277 4231 designantur
1305 4158 1356 4211 hi
1387 4158 1477 4227 qui
1507 4159 1571 4215 de
1597 4159 1784 4230 gentili
1809 4159 2003 4231 populo
2026 4176 2123 4216 au—

546 4258 762 4325 tequam
792 4251 859 4325 ad
885 4250 1045 4307 ﬁdem
1071 4252 1395 4308 transissent
1427 4252 1705 4311 instabiles
1732 4265 1887 4311 erant
1917 4265 2113 4323 mente,

546 4350 601 4403 et
632 4342 831 4418 necati
859 4343 964 4399 ista
996 4382 1012 4408 ,
1050 4357 1149 4398 nec
1198 4343 1264 4398 ad
1294 4341 1382 4399 illa
1433 4359 1493 4399 se
1547 4343 1849 4412 ﬂectentes,
1892 4346 2120 4403 rebelles

542 4440 598 4498 et
643 4433 1068 4490 contradictores
1123 4442 1280 4489 erant
1333 4433 1484 4505 legis.
1527 4434 1590 4489 Hi
1620 4435 1764 4489 enim
1797 4436 1930 4491 tales
1961 4476 1977 4503 ,
2011 4445 2118 4492 tam

546 4524 929 4594 praedicatione
955 4521 1179 4595 Joannis
1205 4539 1367 4597 quam
1410 4525 1704 4597 apostolica
1727 4526 1922 4581 devicti
1949 4569 1964 4594 ,
1997 4544 2119 4582 con-

544 4615 685 4689 vet‘si
732 4626 860 4673 sunt
910 4616 965 4672 in
1014 4616 1193 4673 cibtuu
1249 4616 1385 4683 Dei;
1449 4618 1590 4673 unde
1640 4619 1901 4675 Dominus
1947 4621 2117 4674 dicit:

550 4726 568 4760 σ
614 4705 762 4762 Meus
801 4708 953 4764 cibus
1008 4716 1091 4763 est
1148 4717 1206 4762 ut
1255 4706 1445 4763 faciam
1504 4707 1833 4763 voluntatem
1880 4710 1997 4780 ejus
2028 4710 2120 4780 qui

546 4798 697 4865 misit
725 4814 830 4855 me.
878 4818 898 4853 ι
932 4798 1097 4855 Cibus
1122 4815 1251 4878 ergo
1276 4800 1487 4855 Domini
1514 4810 1596 4856 est
1625 4800 1874 4855 voluntas
1906 4802 2121 4875 Patris,

543 4900 594 4946 et
624 4890 954 4962 redemptio,
981 4902 1036 4947 et
1067 4891 1210 4947 salus
1238 4892 1451 4963 generis
1488 4893 1730 4948 humani.
1762 4894 1827 4971 Et
1851 4894 1993 4963 quod
2023 4909 2121 4964 per

543 4982 782 5057 locustas
806 4982 1079 5055 gentilitas
1106 4983 1417 5051 designetur
1439 4984 1678 5039 ostendit
1706 4982 1962 5053 salomon
1991 4999 2115 5047 cum

544 5072 676 5137 dicit
712 5090 727 5127 :
774 5090 794 5126 ι
838 5071 1084 5141 Locusta:
1124 5074 1267 5128 enim
1314 5088 1435 5128 cum
1487 5088 1591 5128 non
1630 5074 1864 5128 habeant
1897 5089 2114 5141 regem,

543 5179 644 5230 nec
673 5162 865 5219 ducem
888 5201 904 5228 ,
931 5177 1030 5219 nec
1049 5170 1432 5236 pneceptorcm
1458 5202 1473 5226 ,
1507 5177 1842 5232 unaquaeque
1873 5162 2119 5233 graditur

541 5269 640 5325 per
665 5262 869 5309 turmas
887 5268 1034 5311 suas.
1070 5273 1088 5307 ι
1122 5252 1213 5309 Sic
1233 5262 1289 5309 et
1316 5252 1591 5325 gentilitas
1613 5269 1734 5309 cum
1760 5270 1861 5307 nou
1890 5254 2117 5309 haberet

543 5363 724 5427 regem
760 5346 1033 5404 Christum
1068 5387 1083 5415 ,
1138 5362 1239 5402 nec
1266 5348 1457 5402 ducem
1483 5387 1500 5413 ,
1556 5363 1655 5402 nec
1686 5357 2070 5419 prmccptorem
2097 5385 2112 5410 ,

544 5437 595 5509 id
622 5447 706 5493 est
737 5436 968 5507 aliquem
1002 5438 1226 5493 latorem
1246 5435 1384 5509 legis
1409 5478 1425 5504 ,
1462 5450 1552 5493 aut
1580 5438 1811 5509 aliquem
1835 5443 2113 5507 doctorem

544 5528 627 5601 vel
666 5529 988 5603 prophetam
1017 5570 1033 5597 ,
1097 5545 1315 5600 egressa
1344 5541 1427 5586 est
1450 5547 1547 5602 per
1571 5542 1776 5586 turmas
1802 5573 1815 5595 ,
1853 5531 1902 5584 id
1933 5540 2015 5585 est
2046 5528 2115 5584 de

545 5620 860 5679 inﬁdelitate
896 5623 964 5678 ad
990 5624 1219 5692 gratiam
1262 5624 1463 5679 Christi
1495 5625 1595 5679 sub
1631 5625 1840 5680 ui‘iitate
1868 5624 1988 5680 ﬁdei
2022 5638 2115 5678 cu-

544 5712 734 5768 currit.
774 5711 879 5769 Per
904 5714 1009 5769 mel
1036 5713 1284 5771 silvestre
1330 5716 1683 5789 designantur
1723 5716 1757 5770 ii
1782 5716 1869 5787 qui
1896 5716 1947 5769 in
1986 5729 2115 5786 gen-

548 5802 624 5865 tili
670 5805 887 5876 populo,
918 5816 1205 5880 antequam
1254 5809 1320 5865 ad
1374 5808 1534 5865 ﬁdem
1595 5811 1905 5878 venissent,
1944 5809 2117 5867 dulcis

2229 1949 2349 2005 sinu
2383 1954 2585 2004 sancta:
2616 1947 2892 2003 Ecclesiae.
2941 1965 2959 1999 ιι
3002 1947 3153 2011 Tunc
3176 1934 3450 2002 exibat'ad
3473 1962 3596 2000 eum
3624 1945 3818 2000 llicro~

2228 2041 2435 2113 Solyma
2469 2082 2483 2105 ,
2508 2048 2561 2095 et
2592 2039 2767 2093 omnis
2796 2022 3013 2094 Judaia.
3049 2058 3066 2091 ι
3102 2039 3253 2107 Quod
3274 2038 3409 2117 dicit
3443 2057 3459 2087 ‹
3497 2037 3649 2099 Tunc
3690 2057 3710 2089 ο
3748 2038 3819 2092 ad

2229 2143 2506 2212 superiora
2541 2130 2774 2195 refertur
2800 2132 2884 2193 ubi
2918 2141 2991 2192 ait
3021 2156 3032 2191 :
3064 2158 3080 2189 ι
3124 2129 3277 2193 Venit
3302 2129 3539 2190 Joannes
3563 2129 3812 2202 Baptista

2228 2234 2526 2304 praedicans
2592 2231 2644 2285 in
2699 2233 2930 2286 deserto.
2985 2249 3002 2283 ι
3071 2228 3426 2295 Qumrendum
3490 2235 3674 2279 tamen
3732 2231 3818 2277 est

2228 2339 2397 2395 quare
2443 2322 2681 2378 Joannes
2736 2321 3090 2393 baptizabat,
3141 2334 3263 2374 cum
3320 2333 3421 2373 suo
3480 2315 3818 2386 baptismate

2226 2424 2447 2489 peccata
2473 2415 2719 2469 relaxare
2741 2429 2845 2468 non
2870 2421 3122 2485 poterat;
3148 2412 3201 2465 in
3227 2410 3340 2466 solo
3363 2410 3509 2464 enim
3538 2411 3816 2485 baptismo

2227 2506 2442 2581 Domini
2496 2516 2717 2577 peccata
2769 2504 2926 2559 nobis
2977 2503 3310 2580 relaxantur.
3357 2498 3565 2559 Verum
3610 2499 3815 2555 idcirco

2225 2587 2539 2668 baptizabat
2589 2604 2856 2668 quatenus
2901 2609 2999 2666 per
3048 2591 3488 2648 omniioﬁicium
3528 2605 3648 2647 suae
3670 2605 3818 2669 pne-

2227 2674 2503 2747 cursionis
2558 2689 2810 2760 impleret
2843 2728 2858 2755 ,
2906 2696 2966 2743 ut
3014 2687 3106 2758 qui
3165 2686 3341 2741 lactus
3392 2694 3476 2739 est
3499 2698 3816 2754 prmcursor

2229 2770 2440 2839 Demini
2467 2778 2743 2835 nascendo
2773 2818 2787 2842 ,
2838 2787 2892 2835 et
2916 2776 3263 2848 praedicando
3287 2815 3303 2842 ,
3331 2774 3493 2829 simul
3521 2774 3699 2845 etiam
3724 2774 3816 2827 ﬁes

2228 2862 2675 2942 retbaptizaudo.
2720 2869 2847 2924 Sive
2882 2854 3001 2927 ideo
3042 2868 3391 2943 baptizabat,
3452 2866 3587 2937 quia
3642 2865 3817 2935 bapti-

2227 2979 2404 3035 smum
2432 2962 2575 3018 illius
2602 2962 2829 3033 ﬁguram
2860 2962 3083 3032 gerebat
3108 2960 3656 3016 catechumenoruni.
3686 2956 3814 3009 Nam

2228 3058 2369 3113 sicut
2411 3059 2570 3114 modo
2622 3057 3032 3113 catechizantur
3054 3055 3206 3126 pueri
3237 3063 3296 3110 ut
3328 3053 3475 3124 digni
3499 3052 3643 3106 ﬁant
3668 3064 3818 3105 accc-

2227 3150 2367 3217 dere
2386 3150 2455 3206 ad
2476 3159 2881 3205 sacramentum
2914 3147 3256 3219 baptismatis
3277 3186 3294 3212 ,
3323 3146 3397 3209 ita
3430 3153 3484 3200 et
3516 3143 3612 3197 ille
3641 3142 3818 3214 bapti-

2151 3224 2196 3286 Ο
2228 3242 2389 3296 zabat
2422 3281 2437 3309 ,
2495 3249 2553 3295 ut
2588 3239 2664 3294 illi
2706 3256 2842 3311 quos
2885 3256 3023 3311 aqua
3055 3226 3355 3312 intingebat
3385 3277 3400 3302 ,
3431 3244 3627 3307 postea
3652 3234 3819 3303 _de\0-

2228 3332 2334 3401 tius
2382 3332 2611 3388 vivendo
2640 3375 2654 3399 ,
2693 3333 2838 3404 digni
2873 3332 3066 3387 ﬁerent
3090 3330 3156 3385 ad
3189 3330 3512 3401 baptismum
3549 3329 3817 3381 accedere

2224 3421 2444 3480 Christi.
2484 3423 2613 3478 ltem
2639 3424 2982 3495 qmercudum
3010 3428 3102 3477 'est
3129 3434 3295 3491 quare
3319 3418 3370 3473 in
3420 3417 3669 3473 Jordane
3721 3416 3816 3471 ba-

2224 3519 2479 3589 ptizabat.
2515 3518 2731 3572 Duabus
2756 3532 2881 3572 vero
2905 3517 2969 3571 de
2995 3515 3174 3570 causis
3201 3514 3253 3568 id
3280 3513 3474 3567 fecisse
3503 3511 3815 3581 putandum

2225 3621 2308 3667 est
2335 3626 2349 3665 :
2382 3619 2439 3664 ut
2463 3611 2533 3664 ibi
2564 3610 2771 3666 scilicet
2804 3609 3038 3680 aperiret
3077 3606 3303 3676 januam
3341 3604 3491 3679 regni
3527 3604 3778 3661 cceleStis
3800 3643 3818 3667 ,

2225 3702 2314 3775 ubi
2338 3700 2495 3755 datus
2521 3711 2605 3754 est
2650 3700 2828 3755 aditus
2874 3699 2998 3754 ﬁliis
3040 3684 3204 3753 Israel
3238 3682 3470 3773 intrandi
3522 3695 3577 3749 in
3604 3703 3816 3777 terram

2226 3793 2667 3869 repromissionis
2690 3833 2705 3859 ,
2740 3793 2852 3848 sive
2891 3792 3018 3862 quia
3043 3789 3312 3846 Jordancs
3346 3804 3375 3843 a
3423 3787 3645 3842 duobus
3700 3786 3818 3843 fun-

2226 3886 2369 3963 tibus
2400 3885 2671 3949 nascitur,
2696 3883 2749 3940 id
2780 3892 2863 3938 est
2893 3901 2911 3934 ι
2942 3882 3078 3938 Aior
3112 3901 3130 3933 ι
3163 3889 3219 3936 et
3248 3900 3265 3931 ι
3297 3879 3410 3933 Dan
3445 3898 3463 3929 ι
3497 3877 3592 3947 qui
3627 3878 3816 3931 oriun-

2229 3985 2314 4031 tur
2341 3977 2407 4031 ad
2444 3976 2678 4031 radicem
2732 3975 2929 4029 montis
2974 3972 3186 4028 Libani.
3228 3972 3295 4026 Et
3324 3972 3446 4026 ideo
3490 3971 3815 4045 baptizabat

2226 4066 2281 4121 in
2324 4065 2559 4122 Jordaue
2608 4075 2667 4121 ut
2709 4065 3021 4131 ostenderet
3045 4052 3169 4134 quia
3195 4077 3417 4143 necesse
3446 4071 3530 4116 est
3554 4044 3815 4116 otiiuibus

2224 4152 2428 4215 renatis
2468 4174 2565 4237 per
2620 4173 2813 4229 aquam
2871 4157 3143 4231 baptismi,
3172 4166 3232 4212 ut
3275 4154 3537 4211 studeant
3584 4156 3814 4227 implent

2224 4263 2488 4324 praecepta
2546 4252 2769 4307 duorum
2827 4251 3297 4309 Testamentorum
3329 4250 3659 4305 conﬁtcntes
3688 4264 3815 4318 pec-

2225 4357 2347 4421 cata
2394 4361 2511 4401 sua.
2552 4343 2690 4401 llinc
2719 4344 2997 4399 descendit
3038 4343 3202 4399 etiam
3251 4341 3590 4397 consuetudo
3631 4341 3812 4397 eccle-

2225 4438 2445 4494 siastica
2492 4444 2551 4490 ut
2606 4436 2679 4490 illi
2733 4434 2824 4505 qui
2854 4434 3157 4506 baptizandi
3195 4441 3321 4489 sunt
3356 4434 3509 4503 prius
3538 4432 3813 4488 abrenun-

2226 4529 2360 4583 ticnt
2383 4526 2597 4582 diabolo
2622 4566 2638 4593 ,
2667 4535 2720 4580 et
2748 4527 2999 4597 operibus
3030 4526 3149 4594 eius
3174 4567 3189 4591 ,
3221 4510 3418 4581 saeculo
3450 4566 3465 4590 ,
3500 4534 3558 4580 et
3582 4526 3805 4595 pounpis

2227 4622 2414 4697 ipsius.
2474 4640 2492 4675 ι
2553 4619 2755 4676 Videas
2810 4630 2989 4676 autem
3044 4619 3240 4675 multos
3299 4618 3707 4691 Pharisaeorum
3754 4627 3812 4673 et

2228 4716 2669 4772 Saddueaeorum.
2750 4732 2766 4766 ι
2814 4711 3074 4767 Pharisaei
3138 4712 3568 4781 interpretantur
3613 4711 3807 4779 divisi,

2227 4805 2504 4862 Sadducrei
2565 4820 2695 4860 vero
2756 4803 2937 4875 justi,
3006 4802 3085 4857 vel
3135 4802 3463 4873 justiﬁcati;
3541 4801 3805 4856 Pharisaei

2223 4897 2366 4962 enim
2398 4906 2554 4952 erant
2604 4896 2903 4968 presbyteri
2930 4936 2944 4960 ,
2973 4894 3024 4950 id
3049 4902 3130 4950 est
3154 4895 3397 4949 seniores
3445 4892 3804 4963 Judatorum,

2226 4986 2503 5042 Sadducaei
2555 4996 2735 5041 autem
2791 5001 2978 5041 eorum
3022 4984 3300 5051 haeretici;
3351 4986 3629 5059 negabant
3658 4986 3805 5040 enim

2225 5076 2482 5147 Spiritum
2537 5086 2785 5132 sanctum
2828 5085 2882 5132 et
2937 5076 3195 5149 angelos,
3245 5084 3299 5131 et
3351 5077 3591 5130 animam
3616 5077 3804 5132 vivere

2222 5180 2346 5240 post
2367 5177 2621 5235 mortem,
2642 5180 2694 5224 et
2716 5170 2835 5224 ideo
2866 5170 3134 5239 negabant
3158 5182 3277 5224 esse
3305 5169 3794 5234 resurrectionem,

2222 5249 2275 5338 et
2319 5263 2458 5333 quod
2489 5263 2577 5317 isti
2618 5263 2887 5334 negabant
2923 5260 3182 5317 Pharisaei
3212 5260 3636 5317 conﬁtebantur.
3665 5260 3802 5317 For-

2226 5354 2386 5425 tassis
2441 5353 2654 5406 viderat
2709 5354 2900 5408 beatus
2942 5350 3179 5407 Joannes
3236 5351 3369 5406 istos
3414 5350 3803 5407 Pharisreosct

2194 5442 2548 5513 _Sadducmos
2589 5459 2693 5497 non
2739 5440 2966 5511 simplici
3024 5436 3318 5496 intentione
3355 5442 3537 5497 venire
3583 5443 3651 5497 ad
3700 5445 3802 5498 ba-

2220 5534 2476 5604 ptismum
2508 5548 2687 5596 suum,
2725 5542 2888 5601 atque
2935 5531 3136 5587 idcirco
3179 5529 3378 5586 acriter
3405 5546 3500 5587 eos
3524 5534 3801 5605 redarguit

2223 5627 2445 5680 dicens:
2487 5643 2504 5675 ι
2541 5624 2833 5695 Progenies
2862 5625 3190 5693 viperarum,
3230 5625 3353 5696 quis
3380 5625 3620 5679 ostendit
3647 5626 3799 5681 vobis

2225 5717 2409 5787 fugere
2440 5735 2467 5771 a
2501 5726 2723 5772 ventura
2756 5718 2831 5770 ira
2858 5716 2882 5770 ?
2918 5736 2936 5768 ι
2971 5732 3035 5771 ac
3066 5716 3109 5771 si
3142 5716 3347 5772 diceret
3386 5734 3399 5770 ε
3432 5716 3489 5770 Si
3519 5717 3587 5771 ad
3616 5730 3799 5771 meum

2223 5812 2384 5868 vallis
2429 5810 2613 5865 venire
2646 5809 2967 5882 baptismum
2995 5849 3012 5878 ,
3058 5808 3286 5880 simplici
3318 5806 3623 5865 intentione
3646 5806 3798 5877 veni—
