4038 6492
210 417 314 474 885

1684 415 2012 506 HOMILUE.

3363 411 3468 474 886

211 539 384 597 te,et
423 531 466 585 si
491 517 670 586 meum
719 530 880 587 vultis
908 514 1100 587 audire
1138 531 1420 587 consilium
1466 530 1626 585 facile
1678 530 2059 603 fro-Amittit
2109 547 2206 603 pro
2251 532 2447 602 quibus
2483 531 2855 603 paenitentiam
2913 531 3118 603 gessit,
3168 539 3262 586 aut
3307 531 3469 587 dissi-

211 631 336 677 etus
378 617 567 694 dignos
610 622 956 692 poenitentite.
999 622 1075 678 Illi
1125 625 1268 680 enim
1301 625 1388 692 qui
1421 622 1689 692 quondam
1722 621 1790 706 ob
1825 601 1852 628 '-

213 716 472 770 meritum
507 714 629 769 ﬁdei
671 714 765 769 ﬁlii
814 716 1043 770 Abrahae
1077 716 1206 771 dicti
1249 724 1418 779 sunt,
1459 717 1618 770 modo
1671 729 1792 784 pro-

213 814 341 876 pter
379 805 750 861 inﬁdelitatem
777 805 869 861 filii
901 807 1164 877 serpentis
1189 808 1459 872 dicuntur,
1493 808 1545 862 id
1565 816 1650 861 est
1682 807 1795 862 dia-

217 897 330 951 boli
366 914 380 950 :
410 905 466 950 et
488 896 624 952 bene
656 898 899 954 diabolus
950 915 1170 968 serpens
1225 901 1423 954 dicitur
1454 941 1468 964 ,
1521 900 1645 969 quia
1701 914 1795 969 per

217 1002 529 1060 serpentem
577 993 936 1063 protoplastos
1001 995 1254 1064 decepit;
1298 1006 1351 1050 ct
1380 996 1520 1066 quod
1554 996 1797 1053 diabolus

218 1099 448 1155 serpens
531 1086 742 1141 dicatur
824 1087 1135 1142 manifestat
1213 1088 1489 1159 Scriptura
1557 1090 1790 1144 dicens:

227 1195 247 1226 ι
297 1175 585 1233 Suscitabo
625 1194 785 1249 super
821 1195 911 1234 eos
935 1180 1228 1234 Leviathan
1254 1193 1557 1247 serpentem
1595 1190 1797 1236 tortuo-

218 1283 366 1322 sum.
417 1287 434 1319 ι
467 1268 536 1323 Et
563 1270 839 1325 sciendum
864 1271 987 1340 quia
1014 1274 1344 1326 consuetudo
1372 1281 1455 1325 est
1480 1284 1795 1327 sanctarmn

222 1356 628 1428 Scripturarum
685 1360 752 1415 ab
784 1362 1084 1416 imitatione
1118 1378 1341 1432 operum
1376 1364 1590 1417 nomina
1621 1364 1794 1432 impo-

220 1462 356 1504 nere
381 1489 396 1516 ,
428 1449 673 1505 utillud:
711 1469 729 1501 ι
765 1452 980 1517 Audite,
1008 1453 1278 1523 principes
1315 1453 1710 1520 Sodomorum,
1746 1464 1800 1510 et

223 1544 449 1600 auribus
483 1543 697 1614 percipe
735 1545 902 1616 legem
943 1545 1038 1601 Dei
1068 1547 1236 1602 nostri
1264 1586 1280 1612 ,
1313 1547 1538 1617 populus
1567 1547 1797 1602 Gomor-

227 1637 373 1700 rbte;
409 1655 428 1686 ι
453 1644 507 1690 et
534 1635 660 1690 alibi
691 1655 702 1689 :
740 1657 757 1687 ι
796 1637 953 1692 Pater
981 1646 1103 1691 tuus
1129 1639 1474 1692 Amorrhaens
1498 1680 1513 1705 ,
1546 1648 1599 1693 et
1629 1650 1800 1693 mater

225 1737 318 1781 tua
341 1726 577 1782 (lethaea.
627 1747 646 1780 ›
677 1726 926 1798 Nunquid
957 1729 1157 1784 idcirco
1186 1728 1354 1783 Judzei
1385 1732 1519 1784 adeo
1549 1729 1800 1800 appellati

225 1828 392 1882 sunt,
455 1818 597 1887 quod
640 1835 670 1871 a
707 1817 999 1874 Sodomitis
1031 1860 1046 1884 ,
1084 1829 1263 1874 autex
1294 1820 1662 1876 Gomorrhteis
1686 1819 1798 1875 nati

227 1904 405 1962 sunt?
434 1906 548 1962 Non
579 1950 592 1973 ,
649 1909 739 1963 sed
787 1911 853 1963 ab
886 1909 1186 1965 imitatione
1211 1927 1431 1980 operum
1465 1929 1478 1977 ;
1514 1919 1630 1966 acta
1660 1911 1803 1964 enim

225 1998 443 2053 illorum
500 2001 798 2054 imitantur.
867 2001 1504 2058 Et-bcneisliPharismi
1559 2013 1612 2056 et
1670 2003 1802 2056 Sad-

230 2093 399 2148 tlucaei
427 2079 712 2164 progenies
742 2096 1045 2165 viperarum
1074 2098 1326 2151 dicuntur
1377 2097 1442 2151 ab
1503 2097 1804 2152 imitatione

227 2200 415 2241 eorum
441 2203 455 2252 ;
485 2173 657 2241 fei'lur
682 2187 824 2241 enim
853 2188 994 2257 quod
1019 2196 1243 2257 uterque
1265 2204 1461 2259 parens
1491 2188 1802 2258 viperarum

230 2276 284 2330 in
316 2286 575 2345 conceptu
627 2276 785 2331 simul
842 2278 974 2332 etin
1018 2289 1173 2347 partu
1214 2279 1605 2348 exstinguatur.
1640 2277 1729 2333 Sic
1751 2285 1805 2332 et

227 2367 324 2437 ipsi
358 2367 612 2422 Pharisaei
642 2377 695 2423 ct
725 2366 1002 2423 Sadducmi
1069 2390 1086 2421 ι
1123 2370 1406 2439 progenies
1440 2371 1741 2442 viperarum
1779 2389 1798 2422 ι

229 2467 491 2512 vocantur
524 2499 538 2523 ,
567 2460 690 2528 quia
723 2462 958 2514 maxime
985 2461 1194 2514 illorum
1228 2462 1452 2516 consilio
1482 2463 1805 2533 crucifigen-

227 2549 326 2604 dus
353 2556 472 2603 erat
499 2547 764 2615 Christus,
797 2549 958 2606 Pater
986 2568 1192 2616 eorum,
1218 2562 1268 2608 et
1297 2569 1391 2622 per
1415 2554 1608 2607 malam
1635 2556 1803 2609 inter-

227 2644 585 2713 pretationem
615 2655 788 2700 mater
828 2646 1040 2700 illorum
1075 2646 1356 2720 Synagoga
1389 2657 1469 2702 est
1493 2649 1756 2702 exstincta
1785 2664 1800 2713 ;

233 2751 355 2788 nam
386 2735 509 2789 mali
550 2735 664 2803 filii,
718 2737 982 2792 malormn
1029 2749 1309 2810 parentum
1341 2749 1457 2793 acta
1500 2741 1802 2806 imitantes,

229 2828 362 2883 bene
405 2847 422 2878 ι
453 2831 736 2900 progenies
782 2833 1086 2903 viperarum
1111 2854 1128 2885 ι
1168 2833 1464 2896 dicuntur',
1495 2835 1617 2904 quia
1650 2833 1805 2902 quasi

229 2921 294 2975 de
349 2923 632 2976 venenatis
680 2926 994 2993 parentibus
1048 2926 1293 2979 venenati
1340 2925 1432 2979 lilii
1488 2935 1801 2980 nascuntur.

230 3011 526 3084 Sequitur:
567 3034 584 3066 ι
620 3015 752 3088 Quis
795 3018 1184 3072 demonstravit
1224 3019 1376 3073 vobis
1401 3017 1586 3090 fugere
1615 3036 1644 3072 a
1676 3035 1806 3072 ven-

230 3112 347 3158 tura
388 3105 466 3159 ira
496 3105 519 3158 ?
554 3125 571 3156 ι
606 3105 739 3173 Quis
769 3107 1088 3163 subauditur
1114 3109 1215 3164 nisi
1244 3109 1382 3164 Deus
1404 3110 1427 3163 ?
1450 3110 1493 3163 si
1523 3125 1651 3163 vero
1680 3110 1804 3181 quis

230 3197 620 3253 demonstravit
651 3201 749 3255 sub
787 3200 967 3255 futuro
1005 3211 1246 3270 tempore
1277 3202 1612 3272 intelligatur
1639 3222 1650 3257 :
1686 3205 1807 3274 quis

1853 625 1856 628 ‘
1899 623 2066 678 molat
2091 615 2149 679 se
2171 640 2330 696 agere
2369 625 2742 696 paenitentiam
2768 665 2781 688 ,
2816 633 2907 678 aut
2930 623 3162 695 ignorat.

2479 738 2764 796 HOMILIA
2801 738 2891 793 ιν.

1896 827 2150 900 Ιιιι-ιιιιιι)
2181 829 2458 900 Murum
2499 845 2515 884 :
2569 829 2703 884 Cum
2756 839 2886 885 esset
2943 831 3255 900 desponsata
3301 839 3475 883 mater

1969 899 2095 954 Jesu
2138 899 2313 954 Maria
2347 901 2540 969 Joseph
2563 942 2578 964 ,
2603 912 2880 970 antequam
2909 899 3237 962 convenirent
3267 901 3474 955 inventa

1911 970 1913 976 ’
1970 981 2042 1024 est
2082 972 2134 1025 in
2163 982 2306 1025 utero
2345 972 2535 1026 habens
2560 973 2623 1024 de
2653 970 2851 1041 Spiritu
2877 983 3080 1026 sancto.

1973 1085 2322 1142 Nativitatem
2355 1086 2564 1142 Domini
2592 1086 2760 1142 nostri
2783 1085 2907 1142 Jesu
2938 1084 3140 1141 Christi
3172 1083 3474 1138 secundum

1902 1193 2164 1243 carnem,
2214 1196 2318 1248 qua
2366 1180 2458 1234 Dei
2505 1178 2674 1233 Filius
2721 1180 2878 1234 homo
2930 1178 3044 1232 ﬁeri
3077 1179 3327 1248 dignatus
3355 1185 3474 1241 est,

1904 1269 2185 1344 illattlizeus
2235 1271 2564 1341 evangelista
2614 1270 2763 1325 brevi
2816 1269 3032 1338 quidem
3063 1283 3313 1324 sermone
3340 1307 3356 1332 ,
3382 1267 3476 1321 sed

1903 1364 2058 1431 plena
2087 1362 2312 1416 veritate
2336 1361 2639 1430 descripsit.
2662 1360 3090 1431 Ccepitnamque
3110 1359 3178 1414 ab
3199 1359 3476 1414 Abraham

1902 1457 2306 1526 generationem
2366 1467 2580 1526 patrum
2615 1455 2926 1512 describere
2953 1496 2967 1516 .
3009 1463 3063 1510 et
3106 1453 3359 1525 perduxit
3386 1466 3482 1506 eas

1904 1563 2072 1616 usque
2102 1549 2166 1601 ad
2196 1548 2488 1612 Christum,
2546 1558 2619 1614 et,
2657 1558 2713 1602 ιιι
2759 1549 3069 1613 ostenderet
3109 1557 3366 1616 quantum
3401 1545 3485 1599 di-

1905 1648 2074 1694 staret
2102 1639 2364 1713 Nativilas
2391 1639 2601 1693 Domini
2627 1639 2794 1695 nostri
2823 1637 2948 1696 Jesu
2973 1638 3174 1694 Christi
3197 1653 3226 1691 a
3253 1643 3480 1692 caetero-

1905 1747 2026 1794 rum
2081 1732 2356 1785 hominum
2405 1732 2708 1790 nativitate.
2741 1731 3020 1800 subjunxit
3068 1750 3079 1785 :
3120 1749 3139 1782 ι
3182 1730 3314 1785 Cum
3341 1737 3486 1784 esset

1908 1820 2232 1892 desponsata
2287 1832 2463 1877 mater
2506 1823 2632 1878 Jcsu
2686 1822 2851 1877 Maria
2905 1820 3124 1891 Joseph.
3175 1840 3193 1874 ι
3233 1819 3484 1876 Ostendit

1837 1890 2054 1968 Benim
2111 1915 2228 1970 illos
2281 1915 2578 1970 secundum
2640 1913 2851 1968 solitam
2911 1912 3157 1982 copulam
3210 1911 3378 1965 maris
3433 1920 3487 1964 et

1909 2006 2123 2061 feminze
2161 2016 2484 2078 generantes
2510 2016 2563 2060 et
2620 2013 2905 2076 generatos
2934 2021 2949 2071 ;
2981 2003 3193 2059 Just.qu
3227 2018 3354 2056 vero
3387 2015 3488 2056 nec

1907 2109 2259 2170 generantur:
2295 2117 2395 2153 nec
2439 2108 2792 2171 generatum,
2845 2098 2939 2152 sed
2997 2098 3062 2151 de
3109 2095 3313 2167 Spiritu
3365 2110 3488 2149 san-

1912 2203 1999 2248 cto
2054 2209 2118 2247 cx
2170 2194 2387 2264 Virgine
2450 2199 2767 2262 conceptum
2834 2199 2889 2245 et
2953 2198 3159 2244 natum.
3227 2189 3292 2243 Et
3361 2187 3488 2256 quia

1912 2285 2003 2340 Dei
2033 2285 2198 2339 Filius
2231 2286 2538 2340 nasciturus
2577 2293 2694 2338 erat
2726 2284 2776 2336 in
2813 2296 2997 2346 carne,
3031 2281 3256 2337 decebat
3290 2286 3347 2332 ut
3382 2293 3491 2331 non

1909 2395 1972 2436 ex
2006 2380 2108 2432 alia
2149 2389 2482 2444 nasceretur,
2513 2392 2674 2446 quam
2705 2391 2772 2430 ex
2801 2374 2887 2430 illa
2914 2389 3035 2444 qua:
3075 2373 3227 2441 virgo
3258 2381 3376 2425 erat
3400 2384 3415 2422 :
3439 2376 3494 2422 et

1909 2477 2033 2544 quia
2073 2475 2236 2546 Virgo
2285 2474 2524 2544 paritura
2553 2481 2694 2537 erat,
2723 2471 2948 2526 decebat
2977 2477 3033 2523 ut
3063 2483 3169 2524 non
3211 2465 3370 2520 alium
3398 2479 3497 2534 pa-

1909 2574 2053 2622 reret
2079 2581 2238 2636 quam
2269 2564 2358 2634 qui
2397 2564 2487 2619 Dei
2516 2563 2686 2618 Filius
2708 2569 2869 2618 esset.
2899 2560 3004 2615 Sed
3045 2557 3322 2614 sciendum
3348 2551 3494 2624 quod

1909 2662 2097 2716 beatus
2138 2660 2420 2714 Matthreus
2459 2675 2563 2713 non
2602 2668 2835 2726 tempus,
2870 2673 2976 2712 non
3012 2656 3209 2719 locum,
3253 2669 3357 2708 non
3399 2667 3493 2706 or-

1910 2733 2088 2826 dinem
2127 2751 2495 2820 conceptionis
2545 2759 2750 2813 narrat,
2780 2765 2900 2820 qua:
2935 2748 3115 2804 omnia
3166 2744 3497 2801 manifestis-

1908 2842 2042 2897 sime
2068 2842 2256 2896 beatus
2277 2841 2450 2895 Lucas
2472 2840 2808 2896 demonstrat
2834 2856 2955 2894 cum
2984 2838 3111 2894 dicit
3135 2856 3149 2893 :
3180 2855 3199 2888 ι
3229 2835 3283 2892 lu
3309 2848 3498 2890 menso

1910 2941 2062 2987 sexto
2098 2931 2292 2986 missus
2317 2940 2399 2988 est
2437 2930 2657 3002 angelus
2690 2929 2905 2988 Gabriel
2928 2945 2958 2984 a
2989 2927 3097 2984 Deo
3130 2926 3183 2981 in
3221 2925 3496 2980 civitatem

1910 3021 2160 3086 Galilaeze,
2179 3025 2265 3076 cui
2285 3038 2479 3078 nomen
2495 3021 2788 3086 Nazaretb,
2816 3022 2880 3075 ad
2910 3019 3171 3091 virginem
3201 3018 3496 3088 desponsa-

1912 3124 2019 3170 tam
2050 3115 2305 3179 viro,‘cui
2341 3131 2536 3170 nomen
2569 3121 2687 3168 erat
2709 3113 2906 3182 Joseph
2935 3112 3000 3167 de
3031 3111 3192 3166 domo
3221 3107 3410 3169 David,
3443 3114 3502 3161 et

1912 3223 2105 3260 nomen
2136 3207 2360 3279 virginis
2389 3206 2572 3278 Maria.
2607 3225 2624 3258 ι
2663 3204 2727 3258 Ει
2753 3204 2878 3274 quia
2901 3201 3066 3274 Virgo
3105 3201 3347 3272 paritura
3379 3206 3500 3255 erat

231 3289 420 3343 doctor
443 3332 456 3354 ,
485 3291 675 3360 quisve
706 3293 1026 3360 praedicator
1057 3294 1206 3348 dabit
1234 3296 1389 3350 vobis
1435 3296 1720 3351 consilium
1752 3307 1808 3353 nt
1836 3283 1881 3347 C
1915 3297 2005 3352 Dei
2036 3297 2250 3362 Filium,
2284 3298 2508 3353 decebat
2553 3306 2612 3351 ut
2653 3297 2804 3367 prius
2834 3296 2901 3350 ab
2930 3295 3120 3366 angelo
3151 3292 3497 3356 salutaretur,

233 3380 450 3446 possitis
498 3383 728 3436 evadere
787 3382 922 3438 iram
970 3395 1184 3439 telorum
1221 3386 1485 3441 ultionis?
1516 3385 1806 3442 Venturam

233 3470 374 3523 illam
419 3470 654 3541 appellat
704 3483 960 3529 aeternam
1009 3476 1453 3543 damnationem,
1504 3479 1646 3533 unde
1677 3480 1809 3534 dicit

227 3561 428 3618 Paulus
459 3565 775 3633 apostolus:
816 3587 832 3620 t
879 3567 934 3623 Si
972 3571 1113 3624 enim
1160 3587 1282 3624 cum
1313 3564 1518 3626 inimici
1566 3587 1809 3628 essemus

227 3657 563 3711 reconciliati
588 3675 773 3714 sumus
804 3661 911 3717 Deo
934 3678 1028 3731 per
1059 3673 1285 3717 mortem
1311 3661 1432 3717 Filii
1464 3663 1580 3733 ejus
1600 3704 1614 3728 ,
1643 3665 1810 3720 ιιιιιιιο

232 3751 407 3819 magis
442 3793 456 3817 ,
511 3767 653 3807 nunc
699 3755 1070 3821 reconciliati,
1120 3753 1250 3810 salvi
1281 3757 1483 3810 erimus
1510 3756 1577 3810 ab
1605 3757 1683 3809 ira
1713 3772 1811 3826 per

230 3843 430 3912 ipsum.
480 3863 499 3896 ι
541 3842 608 3897 Ει
632 3845 757 3900 item
794 3864 804 3899 :
845 3864 862 3896 ι
898 3846 974 3900 Tu
1005 3856 1184 3902 autem
1219 3847 1514 3902 secundum
1543 3846 1807 3902 duritiam

229 3946 380 3991 tuam
408 3979 422 4001 ,
487 3947 541 3993 et
573 3954 666 3994 cor
703 3941 1050 4012 impteuitens
1101 3944 1436 3998 thesaurizas
1475 3944 1569 3999 tibi
1595 3944 1730 3998 iram
1756 3945 1811 3999 in

231 4031 318 4085 die
347 4032 442 4086 ira:
466 4073 480 4097 ,
504 4042 560 4088 et
585 4035 928 4092 revelationis
953 4038 1082 4107 justi
1106 4039 1295 4110 judicii
1344 4040 1457 4094 Dei.
1494 4061 1510 4092 ι
1551 4039 1659 4094 Nos
1685 4057 1815 4096 vero

231 4125 323 4195 qui
375 4127 759 4196 peccavimus,
820 4138 872 4184 et
933 4129 987 4183 in
1049 4147 1148 4184 usu
1194 4131 1349 4186 malae
1399 4133 1813 4188 consuetudinis

235 4216 462 4272 involuti
502 4235 707 4290 sumus,
739 4223 1008 4292 quomodo
1054 4225 1120 4278 ab
1170 4226 1246 4296 ira
1300 4234 1556 4282 extrema:
1594 4226 1816 4282 ultionis

235 4310 469 4365 evadere
497 4312 798 4382 possimus,
825 4314 970 4369 dicat
993 4325 1212 4371 sanctus
1236 4314 1473 4373 Joannes
1507 4320 1664 4375 nobis
1685 4319 1817 4390 quid

238 4400 422 4455 facere
472 4404 781 4460 debeamus.
824 4407 913 4460 Ait
948 4409 1090 4462 enim
1122 4426 1134 4462 :
1175 4427 1191 4458 ‹
1229 4409 1416 4466 Facite
1467 4412 1657 4484 dignos
1695 4410 1818 4466 fru-

239 4497 363 4549 ctus
394 4497 749 4566 pmnitentiae.
781 4519 798 4550 ›
830 4499 884 4553 In
917 4501 1112 4572 quibus
1141 4503 1321 4557 verbis
1351 4504 1646 4558 notandum
1672 4505 1817 4575 quod

236 4588 434 4642 beatus
483 4586 720 4644 Joannes
768 4608 873 4647 non
915 4599 1121 4648 tantum
1172 4593 1381 4650 fructus
1443 4597 1816 4665 ptenitentite,

237 4678 332 4736 sed
391 4679 583 4752 dignos
632 4683 838 4740 fructus
888 4687 1138 4742 admonet
1187 4705 1305 4743 esse
1335 4687 1653 4756 faciendos;
1687 4691 1814 4760 quia

239 4775 387 4828 aliud
409 4784 493 4829 est
522 4774 700 4831 facere
726 4763 933 4833 fructus
959 4782 1292 4850 paenitentue
1318 4823 1332 4847 ,
1365 4793 1419 4837 et
1453 4782 1596 4836 aliud
1628 4783 1820 4854 dignos

235 4866 571 4934 pmnitentize
613 4865 818 4923 fructus
849 4910 862 4933 ,
923 4887 1046 4925 nam
1099 4888 1202 4926 non
1250 4889 1344 4943 par
1395 4874 1630 4927 Studium
1662 4874 1820 4928 debet

236 4956 361 5012 esse
418 4957 489 5011 illi
541 4959 629 5028 qui
685 4960 849 5013 multa
885 5001 900 5025 ,
949 4969 1002 5014 et
1052 4961 1124 5016 illi
1176 4964 1263 5032 qui
1295 4979 1462 5033 pauca
1497 5004 1510 5028 ,
1541 4973 1595 5016 et
1627 4943 1818 5032 illi'qui

239 5047 418 5117 aliqua
468 5047 646 5103 illicita
697 5052 985 5106 commisit.
1030 5053 1104 5106 Illi
1171 5055 1258 5122 qui
1319 5055 1461 5108 nulla
1501 5055 1814 5122 commisit,

232 5138 359 5206 jure
407 5142 721 5196 ceuceditur
768 5151 826 5196 ut
879 5144 1038 5199 licitis
1065 5155 1246 5199 utatur
1275 5164 1287 5212 ;
1316 5147 1390 5200 illi
1427 5164 1554 5203 vero
1587 5149 1673 5216 qui
1714 5147 1815 5221 ali-

241 5231 371 5300 quid
425 5233 695 5287 commisit
730 5250 950 5290 necesse
999 5247 1082 5291 est
1114 5246 1171 5290 ut
1206 5247 1354 5291 tanto
1387 5256 1414 5292 a
1444 5255 1501 5292 se
1533 5240 1838 5307 abscindat

242 5324 390 5379 licita
431 5369 443 5392 ,
486 5337 689 5397 quanto
719 5330 960 5384 meminit
1003 5347 1060 5384 se
1084 5342 1424 5401 perpetrasse
1454 5334 1663 5387 illicita.
1706 5334 1820 5388 llac

240 5413 510 5473 sententia
567 5420 986 5492 uniuscujusque
1034 5432 1279 5477 uestrum
1329 5427 1659 5479 conscientia
1687 5442 1817 5480 con-

242 5511 528 5582 stringitur
557 5528 570 5575 ;
607 5529 727 5566 nam
754 5514 1120 5584 unusquisque
1170 5525 1412 5569 nostrum
1442 5526 1587 5569 tanto
1616 5519 1820 5586 majora

241 5601 392 5656 lucra
424 5601 524 5656 sibi
547 5603 705 5656 debet
730 5604 1010 5674 acquirere
1039 5620 1133 5673 per
1159 5607 1536 5674 paenitentiam
1567 5648 1579 5670 ,
1615 5617 1819 5674 quanto

241 5692 346 5747 sibi
401 5691 607 5761 majora
657 5695 851 5749 damna
905 5695 1084 5750 intulit
1132 5712 1227 5766 per
1275 5697 1507 5766 culpam.
1552 5697 1641 5750 ille
1677 5699 1820 5752 enim

244 5786 339 5858 qui
367 5795 490 5858 post
528 5794 700 5844 actam
724 5787 1099 5859 paenitentiam
1125 5789 1313 5846 eadem
1337 5787 1419 5844 vel
1451 5789 1650 5845 similia
1676 5806 1827 5845 com-

1915 3391 2107 3445 deinde
2157 3391 2336 3445 divina
2386 3390 2584 3444 virtute
2628 3388 3011 3452 illustraretur,
3051 3400 3115 3441 ac
3156 3385 3236 3439 sic
3283 3382 3501 3437 demum

1915 3482 2008 3537 Dei
2061 3483 2254 3537 Filium
2291 3483 2343 3537 in
2389 3497 2446 3538 se
2500 3482 2819 3552 susciperet.
2846 3477 3204 3547 Quaerendum
3244 3489 3390 3529 nunc
3417 3481 3503 3528 est

1915 3589 2080 3643 quare
2116 3572 2371 3628 Dominus
2413 3580 2598 3627 noster
2622 3569 2779 3626 Jesus
2813 3569 3061 3626 Christus
3109 3583 3214 3624 non
3261 3565 3326 3621 de
3372 3564 3501 3620 sim-

1915 3664 2040 3734 plici
2090 3665 2315 3736 virgine,
2361 3664 2454 3719 sed
2505 3679 2572 3718 ex
2613 3664 2934 3732 desponsata
2977 3660 3126 3717 nasci
3169 3657 3419 3723 voluerit,
3447 3662 3504 3712 et

1916 3755 2191 3810 sciendum
2221 3755 2360 3826 quod
2395 3755 2637 3828 plurimae
2665 3752 3015 3828 rationabiles
3042 3766 3217 3820 causa:
3247 3765 3276 3803 a
3298 3747 3502 3805 sanctis

1914 3845 2167 3919 Patribus
2188 3847 2475 3901 traduntur
2492 3852 2904 3919 ;‘verumtamen
2920 3844 3204 3916 prtecipua:
3231 3843 3314 3896 hae
3335 3847 3458 3896 sunt
3484 3857 3498 3893 :

1916 3939 2094 4013 Prima
2121 3948 2204 3996 est
2236 3943 2304 3994 ut‘
2318 3955 2414 4010 per
2441 3939 2640 4009 Joseph
2669 3939 2820 4010 origo
2843 3939 3308 3994 demonstraretur
3331 3933 3503 3988 beata:

1918 4029 2119 4096 Mariae,
2150 4047 2271 4086 cum
2306 4031 2465 4085 ambo
2501 4031 2565 4085 de
2600 4045 2707 4084 una
2753 4029 3048 4098 eademque
3092 4026 3236 4082 tribu
3277 4025 3502 4087 fuerint;

1920 4109 2175 4189 Secunda,
2210 4139 2276 4179 ne
2295 4123 2448 4193 quasi
2489 4122 2729 4181 adultera
2755 4121 3086 4192 lapidaretur
3113 4119 3180 4174 ab
3205 4117 3424 4182 Judaais,
3457 4115 3504 4170 si

1921 4217 2094 4272 Virmn
2128 4233 2231 4272 non
2262 4216 2485 4270 haberet
2533 4224 2586 4271 et
2624 4214 2790 4268 filium
2822 4220 3196 4284 procreasset;
3233 4209 3411 4270 tertia,
3445 4215 3506 4260 ut

1921 4308 2131 4380 fugiens
2161 4311 2213 4364 in
2243 4308 2536 4381 [Egyptum
2571 4309 2793 4362 haberet
2821 4303 3066 4361 maritale
3095 4302 3367 4366 solatium,
3397 4315 3506 4369 quo

1921 4409 2331 4462 sustentaretur,
2367 4400 2468 4454 hoc
2498 4409 2578 4455 est
2608 4398 2832 4452 haberet
2873 4397 3047 4450 virum
3087 4395 3178 4464 qui
3215 4393 3506 4455 Dominum

1923 4494 1978 4548 in
2011 4491 2302 4563 [Egyptian
2337 4491 2502 4544 ferret
2531 4499 2584 4542 ct
2630 4487 2874 4551 referret,
2899 4494 2954 4540 et
2992 4483 3300 4548 necessaria
3346 4479 3503 4536 ferai-

1924 4598 2039 4637 ιιρςυ
2089 4581 2363 4651 fragilitati
2424 4579 2882 4644 subministraret,
2926 4585 2978 4632 et
3029 4574 3200 4648 fidelis
3235 4584 3418 4630 custos
3451 4583 3510 4636 et

1850 4643 1899 4721 ρ
1928 4687 2071 4730 tutor
2110 4647 2469 4745 integerrimze
2499 4672 2838 4743 virginitatis,
2867 4679 2921 4724 et
2955 4669 3107 4725 testis
3147 4667 3505 4732 certissimus,

1923 4776 1975 4822 et
2005 4765 2261 4820 nutritius
2292 4774 2435 4819 esset
2479 4763 2689 4819 Domini
2737 4761 3058 4827 fidissimus;
3097 4767 3310 4830 quarta,
3342 4771 3507 4827 quam

1925 4861 2126 4917 addidit
2179 4870 2386 4934 martyr
2432 4860 2686 4932 lguatius,
2733 4869 2790 4914 ut
2842 4866 3030 4929 partus
3079 4857 3196 4925 ejus
3239 4855 3509 4912 celaretur

1925 4955 2153 5018 diabolo,
2195 4956 2244 5009 id
2278 4964 2360 5009 est
2404 4964 2461 5007 ut
2506 4969 2610 5008 non
2657 4953 2879 5012 haberet
2909 4951 3152 5007 diabolus
3196 4958 3509 5018 suspectum

1921 5031 2153 5118 partum,
2181 5048 2304 5100 dum
2328 5047 2534 5101 videret
2556 5060 2676 5100 eum
2707 5059 2772 5098 ex
2794 5045 3018 5120 conjuge
3045 5051 3252 5104 natum.
3283 5041 3336 5096 Si
3363 5040 3507 5097 enim

1922 5140 1986 5192 de
2015 5137 2242 5208 simplici
2282 5137 2488 5207 virgine
2534 5123 2867 5201 nasceretur,
2896 5130 3051 5189 facile
3095 5131 3340 5188 diabolus
3381 5145 3508 5186 eum

1925 5211 2017 5287 Dei
2064 5232 2252 5286 Filium
2286 5238 2621 5301 agnosceret,
2655 5213 2707 5283 et
2741 5244 3012 5297 nunquam
3063 5224 3503 5293 crucifigeretur;

1928 5307 2067 5379 unde
2097 5334 2178 5378 est
2209 5324 2334 5378 illud
2361 5322 2597 5392 Apostoli
2630 5339 2650 5398 :g
2679 5339 2696 5371 ι
2730 5320 2784 5395 Si
2811 5320 2954 5394 enim
2985 5316 3347 5387 agnovissent,
3375 5329 3509 5366 nuu-

1928 5434 2086 5488 quam
2117 5416 2413 5486 majestatis
2431 5415 2712 5488 Dominum
2742 5412 3155 5467 crucifixissent.
3180 5427 3197 5460 ι
3219 5406 3504 5476 Sequitur:

1937 5530 1951 5560 ι
1986 5519 2273 5579 ίιιιιριμιίιιιι
2303 5508 2675 5562 convenirent.
2699 5523 2717 5556 ι
2752 5503 2864 5556 Hoc
2889 5500 3110 5554 verbum
3131 5495 3508 5561 conveniendi,

1931 5617 2035 5654 non
2079 5600 2252 5670 ipsum
2302 5597 2668 5657 concubitum,
2700 5594 2791 5647 sed
2837 5603 3044 5660 tempus
3094 5588 3361 5660 significat
3412 5602 3510 5640 nu-

1931 5692 2182 5760 ptiaruln,
2220 5690 2268 5742 id
2301 5697 2379 5742 est
2407 5686 2621 5757 quando
2641 5699 2703 5739 ea
2729 5699 2846 5752 quae
2879 5680 3055 5735 fuerat
3083 5695 3277 5750 sponsa
3327 5677 3514 5746 incipit

1932 5800 2050 5841 esse
2068 5800 2232 5850 uxor;
2263 5791 2317 5838 et
2347 5790 2430 5836 est
2455 5795 2646 5836 sensus
2680 5797 2692 5808 θ
2727 5785 3015 5848 antequam
3055 5773 3426 5835 convenirent,
3461 5767 3515 5823 id
