4038 6422
560 405 659 463 $87

1109 409 1371 471 nemon
1406 374 2071 505 ANTISSIODORENSIS
2110 406 2263 505 ore.
2304 370 2486 474 rans
2522 417 2590 475 ll.
2625 416 2701 467 r—
2736 400 3236 489 mscELLANEAJ

3718 416 3832 475 888

561 528 639 576 :st
667 528 953 592 antequam
980 507 1090 580 rite
1119 527 1379 583 solemnia
1406 503 1717 599 nuptiarum
1760 527 2129 592 celebrarent;
2156 503 2457 605 lpeccata
2506 534 2819 593 relaxando.
2868 536 3022 606 Quod
3050 548 3231 595 autem
3278 538 3369 595 tali
3420 538 3640 594 nomine
3678 554 3832 593 nun-

559 626 680 665 nam
715 612 858 682 quod
884 623 1074 684 postea
1103 620 1375 688 acceperit
1403 634 1544 685 eam,
1571 619 1899 692 evangelista
1927 620 1981 676 in
2008 620 2137 676 sub-

559 705 908 774 sequentibus
956 710 1268 765 manifestat
1313 727 1435 767 cum
1487 712 1656 778 dicit,
1709 714 1834 784 quia
1886 720 2141 770 monente

559 794 746 865 angelo
774 799 983 867 accepit
1007 814 1127 854 eam
1156 800 1375 871 Ioseph,
1422 812 1477 859 et
1515 804 1638 873 quia
1672 819 1776 858 non
1817 803 2142 860 concumbe-

560 883 712 951 bant,
736 884 938 941 idcirco
966 888 1240 960 subiungit
1265 908 1278 944 :
1308 911 1325 943 σ
1349 901 1401 947 et
1428 909 1532 947 non
1563 896 1921 965 cognoscebat
1942 910 2085 950 eam.
2113 912 2133 947 ι

566 970 762 1028 famen
808 993 827 1027 ‹
854 976 1072 1033 inventa
1102 988 1187 1034 est
1230 981 1435 1037 habens
1480 983 1533 1037 in
1575 992 1750 1050 utero,
1781 1006 1800 1038 ι
1828 993 1883 1040 et
1927 994 2075 1040 certe
2107 999 2140 1040 a

558 1063 706 1117 nullo
743 1064 849 1120 alio
882 1067 986 1123 nisi
1039 1064 1107 1124 ab
1149 1069 1369 1142 Ioseph,
1410 1075 1535 1144 quia
1588 1075 1822 1131 maritali
1870 1077 2139 1132 sententia

557 1166 694 1221 pene
748 1156 929 1212 omnia
979 1156 1173 1215 futura:
1220 1161 1464 1231 conjugis
1522 1174 1764 1229 noverat,
1822 1174 1876 1221 et
1939 1166 2140 1222 idcirco

557 1253 852 1303 tumentem
889 1251 1006 1321 ejus
1041 1263 1253 1308 uterum
1306 1256 1522 1311 curioso
1575 1258 2010 1328 deprehendebat
2053 1260 2139 1314 in-

557 1336 716 1394 tuitu.
743 1359 762 1392 ι
786 1338 984 1412 Ioseph
1022 1354 1202 1399 autem
1249 1347 1331 1401 vir
1373 1349 1490 1418 ejus
1517 1363 1638 1403 cum
1682 1360 1827 1406 esset
1856 1352 2052 1422 justus,
2085 1360 2142 1408 et

557 1430 721 1485 nollet
745 1447 865 1488 eam
896 1435 1203 1503 traducere,
1229 1438 1397 1493 voluit
1415 1440 1626 1495 occulte
1648 1441 1918 1497 dimittere
1949 1458 2088 1499 eam.
2114 1464 2135 1498 ›

558 1520 699 1577 Bene
739 1523 937 1593 justus,
965 1528 1219 1596 quoniam
1253 1527 1476 1597 iustitiae
1516 1540 1698 1587 custos
1742 1541 1884 1598 erat,
1927 1535 2143 1591 videbat

558 1627 793 1683 namque
833 1630 1089 1685 sponsam
1118 1621 1430 1690 concepisse
1467 1638 1640 1689 suam,
1671 1639 1832 1694 quam
1863 1633 2084 1680 noverat
2109 1641 2142 1681 a

559 1703 709 1760 nullo
735 1707 850 1761 viro
882 1707 1048 1765 fuisse
1076 1720 1375 1781 attactam;
1406 1702 1623 1771 videbat
1654 1716 1955 1788 gravidam,
1982 1733 2141 1788 quam

562 1812 686 1853 vere
730 1802 1224 1870 noverat'castam,
1272 1815 1326 1860 et
1371 1806 1494 1875 quia
1535 1806 1739 1878 legerat
1787 1810 1840 1865 in
1882 1810 2143 1881 propheta

2241 628 2426 698 cupari
2454 615 2748 707 debuisset,
2780 629 2936 702 longe
2966 640 3092 689 ante
3133 632 3455 702 praedixerat
3499 644 3596 701 per
3631 630 3834 686 Isaiam

2241 732 2363 773 cum
2391 718 2472 773 ait
2497 736 2510 773 :
2541 738 2560 770 ‹
2589 716 2779 775 Justus
2799 729 2856 776 et
2875 720 3090 776 salvans
3112 719 3370 778 Dominus
3396 737 3502 776 non
3522 729 3603 777 est
3628 728 3836 792 prater

2242 822 2348 863 me.
2376 827 2394 860 ι
2423 808 2490 864 Ει
2519 811 2662 879 quod
2712 810 2804 864 tali
2843 811 3060 867 nomine
3094 811 3277 868 vocari
3314 812 3591 867 debuisset
3619 851 3635 876 ,
3660 810 3835 864 etiam

2244 906 2529 968 antequam
2559 909 2874 955 nasceretur
2898 901 3012 970 ipse
3038 902 3289 971 praedixit
3312 917 3412 973 per
3442 902 3773 995 prophetam
3813 918 3832 956 :

2248 1005 2267 1065 ᾳ
2296 988 2372 1042 De
2401 997 2586 1043 ventre
2615 990 2803 1044 matris
2824 1004 2956 1046 meae
2981 992 3192 1048 vocavit
3217 1007 3303 1047 me
3327 992 3588 1048 Dominus
3609 988 3840 1048 nomine

2242 1095 2385 1135 meo.
2418 1099 2436 1131 ι
2470 1078 2768 1149 Sequitur:
2799 1101 2819 1135 ἰ
2851 1080 2965 1137 Hoc
2994 1090 3162 1140 totum
3199 1093 3381 1138 autem
3417 1083 3620 1140 factum
3656 1093 3749 1139 est
3778 1090 3842 1136 ut

2243 1169 2626 1240 adimpleretur
2647 1172 2790 1241 quod
2817 1171 3021 1228 dictum
3048 1183 3132 1230 est
3158 1190 3188 1229 a
3219 1173 3447 1230 Domino
3472 1190 3569 1246 per
3594 1175 3839 1246 prophe-

2243 1267 2375 1315 tam.
2408 1281 2426 1314 ›
2462 1260 2820 1329 Qumrendum
2864 1274 2948 1319 est
2994 1265 3048 1320 in
3098 1266 3203 1323 hoc
3246 1266 3367 1322 loco
3410 1282 3579 1338 quare
3631 1267 3843 1322 dixerit

2243 1360 2462 1406 sanctus
2490 1353 2816 1424 evangelista
2845 1363 3013 1410 totum
3037 1355 3239 1412 factum
3265 1372 3406 1422 esse,
3436 1373 3559 1413 cum
3581 1373 3843 1425 stipenus

2243 1440 2412 1495 solam
2431 1444 3170 1515 narraveritconceptionem.
3189 1446 3475 1503 Sciendum
3493 1457 3675 1504 tamen
3688 1448 3845 1518 quod

2246 1528 2449 1586 idcirco
2476 1540 2696 1587 sanctus
2736 1535 3065 1604 evangelista
3095 1544 3265 1591 totum
3296 1536 3497 1592 factum
3522 1552 3645 1592 esse
3672 1536 3843 1602 dixit,

2244 1628 2304 1674 ut
2332 1636 2427 1690 per
2469 1622 2573 1677 hoc
2611 1623 3025 1691 demonstraret,
3054 1627 3196 1696 quod
3226 1635 3350 1681 ante
3392 1627 3446 1681 in
3493 1626 3847 1698 pnescientia

2244 1713 2339 1768 Dei
2369 1723 2540 1769 totum
2585 1714 2784 1771 factum
2835 1716 2935 1774 fuit
2981 1734 3141 1789 quam
3187 1720 3336 1774 fieret
3377 1719 3516 1789 apud
3564 1719 3846 1774 homines.

2245 1804 2360 1860 sive
2381 1805 2506 1875 quia
2533 1809 2930 1876 praeteritarum
2956 1826 3139 1865 rerum
3166 1819 3284 1866 erat
3312 1819 3589 1875 narrator,
3613 1818 3671 1865 ct
3718 1810 3843 1867 ideo

562 1908 585 1944 ι
614 1892 680 1947 de
708 1892 890 1949 radice
916 1892 1070 1951 Iesse
1100 1897 1246 1952 exiet
1271 1898 1443 1969 virga,
1485 1906 1541 1954 et
1579 1897 1677 1954 flos
1704 1900 1769 1955 de
1814 1901 1994 1956 radice
2032 1898 2147 1969 ejus
2174 1882 2222 1941 Β
2253 1906 2421 1954 totum
2453 1897 2654 1954 factum
2683 1909 2800 1956 erat
2845 1918 2859 1955 :
2895 1918 3010 1958 mos
3056 1918 3283 1974 namque
3318 1901 3420 1958 fuit
3452 1902 3618 1974 hujus
3659 1905 3846 1960 sancti

557 1984 853 2050 ascendet,
893 2003 910 2037 ι
959 1996 1015 2042 et
1066 1998 1294 2044 noverat
1335 1990 1550 2045 beatam
1604 1989 1825 2045 Mariam
1882 1991 2148 2062 originem

558 2077 776 2134 duxisse
800 2079 869 2136 de
889 2081 1058 2152 stirpe
1084 2081 1274 2149 David,
1299 2084 1392 2154 qui
1421 2084 1522 2140 fuit
1557 2083 1697 2140 filius
1719 2081 1892 2151 Iesse,
1920 2085 2151 2156 legerat-

559 2184 664 2238 que
691 2170 852 2225 etiam
884 2189 898 2226 :
934 2191 952 2224 ι
981 2173 1119 2229 Ecce
1140 2174 1304 2246 Virgo
1331 2174 1383 2230 in
1411 2185 1566 2232 utero
1589 2177 1879 2248 concipiet,
1902 2186 1955 2231 et
1978 2176 2152 2246 pariet

562 2259 772 2327 filium,
808 2282 826 2314 ι
871 2262 1075 2319 idcirco
1143 2281 1252 2319 non
1304 2265 1676 2332 discredebat,
1733 2267 1818 2323 vel
1876 2267 2154 2323 difﬁdebat

562 2349 705 2405 hanc
726 2351 1060 2422 pr0phetiam
1087 2350 1218 2410 esse
1235 2354 1561 2425 implendam
1584 2355 1637 2410 in
1663 2371 1759 2423 ea;
1788 2364 1842 2412 et
1868 2372 1988 2412 cum
2011 2365 2156 2412 esset

558 2438 759 2509 justus,
787 2452 844 2497 et
886 2445 1068 2498 omnia
1114 2442 1259 2512 juste
1282 2446 1445 2502 vellet
1486 2461 1667 2518 agere,
1711 2448 1931 2518 dignum
1959 2448 2153 2504 existi-

563 2535 733 2589 mavit
778 2544 838 2589 ut
888 2536 1002 2593 hac
1055 2537 1187 2593 nulli
1226 2541 1502 2609 proderet,
1550 2550 1605 2597 et
1653 2551 1833 2598 tamen
1878 2559 1998 2599 eam
2047 2559 2155 2600 non

565 2627 835 2696 acciperet
859 2644 1103 2697 uxorem,
1137 2631 1251 2697 sed,
1283 2641 1493 2687 mutato
1515 2634 1793 2704 proposito
1820 2636 2153 2704 nuptiarum,

564 2724 861 2780 dimitteret
885 2742 1024 2795 eam,
1058 2736 1117 2782 ut
1151 2736 1395 2785 maneret
1424 2744 1621 2800 sponsa
1668 2730 1828 2785 sicuti
1863 2731 2059 2786 fuerat.
2090 2731 2159 2788 Et

563 2814 668 2869 hoc
698 2823 781 2870 est
807 2817 951 2886 quod
979 2817 1112 2872 dicit
1156 2818 1511 2887 evangelista,
1565 2838 1584 2872 ‹
1616 2827 1670 2874 et
1698 2820 1862 2876 nollet
1898 2837 2018 2875 eam
2049 2829 2158 2876 tra-

565 2906 786 2973 ducere,
816 2927 836 2960 ι
886 2907 939 2964 id
990 2918 1075 2965 est
1122 2909 1301 2980 palam
1350 2908 1551 2973 facere,
1599 2911 1690 2966 sed
1734 2910 1945 2968 occulte
1991 2912 2161 2967 voluit

565 2998 859 3067 dimittere,
886 3001 939 3056 id
969 3010 1053 3056 est
1081 3010 1292 3073 tempus
1327 3003 1639 3072 nuptiarum
1667 3012 1877 3058 mutare
1902 3020 1916 3070 ;
1940 3004 2083 3074 quod
2113 3004 2157 3059 si

566 3092 810 3156 fecisset,
833 3088 1085 3165 perpauci
1113 3088 1297 3151 essent
1325 3084 1414 3166 qui
1452 3110 1559 3151 non
1605 3096 1776 3167 magis
1815 3084 2161 3153 autumarent

566 3202 690 3243 eam
722 3188 1060 3243 meretricem
1090 3204 1250 3261 quam
1281 3175 1571 3262 virginem,
1606 3199 1661 3246 et
1702 3190 1905 3246 idcirco
1939 3198 2159 3261 repente

567 3274 1076 3354 consiliumIosepb
1117 3283 1302 3340 divino
1330 3293 1600 3340 mutatum
1633 3294 1716 3340 est
1758 3284 2000 3349 consilio,
2034 3298 2157 3338 nam

574 3394 594 3430 ι
626 3378 739 3434 haec
767 3395 832 3435 eo
858 3366 1152 3452 cogitante,
1186 3398 1314 3439 ecce
1357 3383 1583 3456 angelus
1624 3383 1836 3440 Domini
1870 3385 1925 3440 in
1954 3385 2159 3440 somnis

566 3471 811 3540 apparuit
839 3472 909 3527 ei.
944 3493 961 3524 ι
996 3472 1149 3529 Iusto
1170 3473 1389 3546 Ioseph,
1410 3475 1556 3547 juste
1583 3477 1767 3533 omnia
1793 3478 2073 3549 cogitanti,
2104 3486 2161 3535 et

570 3560 879 3631 disponenti
916 3564 1053 3645 bene
1091 3563 1271 3635 justus
1305 3568 1543 3623 directus
1571 3577 1654 3624 est
1702 3569 1942 3635 nuntius,
1974 3570 2065 3640 qui
2094 3569 2163 3626 ad

569 3655 1000 3710 conservandam
1028 3654 1268 3729 Virginis
1300 3656 1499 3714 famam
1529 3661 1741 3714 monuit
1764 3668 1823 3714 ut
1850 3675 1972 3715 eam
2012 3660 2160 3716 acci-

565 3751 720 3812 peret
769 3759 1015 3799 uxorem.
1067 3745 1205 3801 Hinc
1256 3747 1603 3803 beatissimus
1658 3748 1974 3805 Ambrosius
2019 3750 2093 3804 ait
2144 3762 2161 3804 :

570 3834 755 3890 Maluit
801 3835 1060 3893 Dominus
1107 3837 1368 3907 quosdam
1416 3838 1484 3894 de
1532 3853 1632 3895 suo
1686 3849 1832 3906 ortu,
1883 3856 2045 3912 quam
2095 3840 2162 3896 de

572 3928 765 3982 matris
795 3930 999 3998 pudore
1030 3931 1309 3998 dubitare;
1343 3933 1532 3988 maluit
1565 3935 1775 4006 aliquos
1806 3935 2022 3990 modum
2053 3948 2165 3991 suae

569 4019 938 4086 conceptionls
968 4020 1239 4091 ignorare,
1268 4040 1429 4094 quam
1456 4026 1760 4082 castitatem
1790 4042 1901 4082 suae
1929 4025 2166 4082 Geuitri-

568 4107 648 4164 cis
695 4109 987 4179 infamare;
1022 4114 1123 4169 hoc
1168 4123 1254 4170 est
1298 4116 1469 4185 magis
1512 4117 1677 4190 elegit
1722 4127 1782 4173 ut
1832 4118 1974 4174 filius
2023 4118 2164 4174 fabri

569 4199 860 4266 diceretur,
893 4219 1052 4274 quam
1083 4212 1143 4259 ut
1188 4203 1305 4274 ejus
1356 4216 1532 4262 mater
1574 4208 1814 4265 adultera
1851 4218 2161 4267 vocaretur.

570 4291 677 4347 Per
719 4292 824 4349 hoc
872 4308 1001 4350 vero
1050 4297 1193 4366 quod
1256 4298 1481 4369 angelus
1537 4298 1589 4355 in
1650 4300 1854 4356 somnis
1917 4300 2167 4371 apparuit

569 4381 791 4454 Ioseph,
818 4388 1033 4457 requies
1063 4388 1381 4461 designatur
1419 4392 1638 4458 mentis,
1680 4401 1734 4448 et
1785 4391 1910 4462 quia
1954 4391 2166 4461 requie-

572 4476 802 4531 scebata
821 4478 969 4533 curis
990 4480 1362 4548 saecularibus,
1378 4482 1581 4539 idcirco
1599 4483 1837 4556 angelica
1861 4483 2168 4539 visitatione

2182 3241 2233 3309 (Ξ

2249 1991 2594 2062 evangelista».
2636 2007 2772 2061 pene
2815 1993 2993 2048 omnia
3023 2009 3142 2063 qua:
3168 1993 3302 2049 dixit
3330 1994 3601 2063 exemplis
3635 1995 3851 2049 Veteris

2252 2079 2583 2136 Testamenti
2613 2083 2952 2147 contirmare,
2983 2084 3219 2140 maxime
3241 2092 3462 2155 propter
3485 2085 3612 2139 illos
3631 2084 3851 2140 Indmos

2252 2164 2345 2241 qui
2391 2171 2463 2225 ita
2510 2173 2855 2227 crediderunt
2889 2174 2951 2228 “in
2996 2174 3282 2230 Dominum
3324 2174 3508 2230 Iesum
3539 2174 3847 2239 Christum,

2254 2268 2315 2315 ut
2357 2261 2609 2317 timerent
2657 2263 2910 2318 recedere
2952 2280 2983 2318 a
3031 2264 3236 2319 carnali
3265 2264 3658 2319 observatione
3688 2264 3846 2333 legis,

2253 2361 2315 2405 ut
2365 2358 2515 2405 tanto
2564 2350 2775 2407 facilius
2826 2352 3130 2408 retraheret
3182 2368 3277 2409 eos
3322 2353 3392 2408 ab
3449 2354 3570 2423 ipso
3627 2354 3848 2419 timore,

2255 2451 2455 2512 quanto
2474 2441 2588 2511 jam
2614 2443 2859 2499 viderent
2881 2454 2936 2500 et
2966 2454 3318 2517 agnoscerent
3344 2461 3405 2500 ea
3428 2461 3554 2500 esse
3578 2445 3851 2514 completa

2255 2536 2311 2592 in
2336 2536 2562 2609 gratiam
2587 2535 2887 2607 Evangelii,
2914 2553 3035 2607 qute
3056 2537 3311 2608 praedicta
3342 2538 3427 2591 vel
3452 2548 3609 2607 gesta
3638 2536 3851 2591 fuerant

2257 2628 2313 2682 in
2330 2626 2511 2683 Veteri
2527 2627 2870 2684 Testamento
2895 2648 2908 2683 :
2930 2628 3098 2685 «Ecce
3123 2626 3287 2700 Virgo
3313 2629 3365 2683 in
3391 2638 3547 2683 utero
3574 2630 3845 2684 habebit.»

2258 2721 2412 2790 Quod
2434 2722 2597 2794 Virgo
2620 2732 2763 2779 esset
2786 2732 3131 2793 conceptura,
3161 2732 3217 2779 et
3247 2722 3336 2777 Dei
3371 2721 3570 2777 Filium
3610 2723 3851 2793 paritura

2258 2811 2442 2868 multis
2469 2815 2873 2869 demonstratur
2900 2814 3159 2884 exemplis
3176 2814 3476 2884 ;_Salomon
3501 2816 3658 2869 enim
3680 2813 3851 2869 dicit:

2265 2920 2286 2956 ‹
2315 2900 2593 2974 Sapientia
2619 2902 2905 2957 aediﬁcavit
2930 2902 3031 2958 sibi
3062 2904 3305 2969 domum,
3333 2904 3539 2959 excidit
3568 2904 3854 2959 columnas

2259 3002 2486 3068 septem.
2520 3015 2540 3049 ι
2592 2994 2869 3066 Sapientia
2896 2994 3143 3052 Christus
3181 3005 3285 3062 est,
3315 2995 3381 3051 de
3408 3011 3517 3066 quo
3562 2995 3857 3067 Apostolus

2260 3088 2392 3145 dicit
2416 3105 2430 3142 :
2460 3104 2480 3139 ι
2509 3086 2784 3143 Christum
2810 3086 2905 3142 Dei
2936 3087 3211 3150 virtutem.
3240 3096 3297 3143 et
3322 3086 3416 3141 Dei
3448 3086 3803 3156 sapientiam.
3830 3104 3849 3135 ι

2261 3180 2389 3237 Haec
2417 3181 2679 3251 sapientia
2730 3179 2913 3250 itaque
2972 3178 3255 3234 aedificavit
3304 3178 3404 3233 sibi
3438 3177 3726 3257 ’domum,
3778 3173 3857 3229 vel

2261 3282 2490 3331 matrem
2518 3275 2583 3331 de
2609 3290 2714 3346 qua
2757 3274 2987 3345 sumpsit
3010 3288 3251 3339 carnem,
3279 3272 3365 3329 vel
3391 3287 3598 3343 corpus
3641 3272 3700 3326 in
3742 3270 3860 3325 Vir-

2263 3367 2409 3439 gine,
2456 3366 2508 3421 in
2557 3383 2666 3439 quo
2694 3367 2944 3438 apparuit
2990 3365 3275 3422 visibiliter
3309 3363 3453 3420 inter
3482 3362 3763 3420 homines.
3795 3362 3860 3418 Et

2262 3461 2549 3517 Psalmista
2588 3460 2719 3516 dicit
2757 3478 2771 3515 :
2820 3477 2839 3512 α
2866 3457 3037 3515 Mater
3085 3456 3213 3515 Sion
3257 3456 3711 3520 dicetdiomo,»
3752 3464 3857 3510 etc.

2263 3555 2437 3610 Mater
2466 3553 2594 3610 Sion
2642 3553 2757 3624 ipsa
2801 3560 2884 3609 est
2927 3552 3086 3608 beata
3116 3551 3269 3622 virgo
3296 3549 3484 3614 Maria,
3515 3557 3579 3605 et
3608 3547 3859 3604 Christus

2270 3666 2288 3700 ι
2319 3648 2481 3702 homo
2513 3645 2688 3701 factus
2728 3653 2811 3700 est
2855 3643 2909 3698 in
2951 3659 3038 3710 ea,
3064 3666 3083 3698 ο
3131 3642 3258 3714 quia
3288 3640 3460 3696 Filius
3500 3640 3601 3694 Dei
3634 3653 3859 3694 carnem

2265 3737 2497 3807 sumpsit
2524 3752 2589 3792 ex
2619 3749 2712 3799 ea;
2751 3753 2770 3785 ‹
2800 3742 2855 3790 ct
2891 3733 3006 3804 ipse
3044 3731 3288 3787 fundavit
3315 3746 3434 3787 eam
3462 3728 3807 3791 Altissimus,
3837 3745 3855 3779 ι

2265 3828 2392 3904 quia
2421 3831 2533 3899 ipse
2559 3827 2893 3893 Altissimus,
2924 3826 3015 3896 qui
3055 3826 3220 3881 homo
3244 3823 3418 3880 factus
3446 3831 3555 3886 est,
3586 3820 3722 3876 fecit
3760 3819 3859 3874 sibi

2265 3933 2518 3989 matrem,
2542 3921 2608 3977 de
2634 3936 2738 3992 qua
2768 3929 3086 3976 nasceretur
3113 3917 3406 3975 secundum
3435 3914 3855 3970 humanitatem.

2266 4018 2404 4074 Hinc
2426 4027 2481 4073 et
2500 4016 2707 4073 Isaias:
2737 4034 2757 4068 ‹
2778 4015 2855 4070 De
2882 4014 3087 4081 radice,
3108 4013 3299 4084 inquit,
3319 4010 3473 4067 Iesse
3509 4009 3665 4065 exiet
3688 4008 3857 4079 virga,

2266 4117 2322 4163 et
2348 4108 2445 4164 flos
2481 4108 2546 4163 de
2584 4106 2765 4163 radice
2807 4104 2925 4175 ejus
2973 4104 3250 4162 ascendet.
3284 4123 3303 4155 ι
3349 4101 3427 4156 De
3474 4098 3667 4155 radice
3710 4097 3862 4154 Iesse

2267 4200 2435 4256 exivit
2479 4199 2649 4270 virga,
2677 4197 2803 4269 quia
2835 4199 2901 4254 de
2947 4198 3116 4268 stirpe
3163 4193 3331 4250 David
3376 4192 3468 4264 qui
3513 4191 3663 4247 filius
3710 4189 3860 4247 Iesse

2266 4290 2389 4357 fuit,
2420 4298 2481 4344 ut
2522 4289 2776 4353 diximus,
2819 4288 3083 4359 originem
3110 4284 3264 4342 duxit
3307 4285 3466 4340 beata
3512 4282 3712 4346 Maria,
3745 4294 3857 4352 qua:

2266 4380 2453 4437 florem
2488 4380 2785 4447 munditiae,
2818 4380 2871 4435 id
2900 4387 2984 4436 est
3012 4378 3298 4436 Dominum
3338 4376 3522 4432 Iesum
3552 4374 3855 4439 Christum,

2269 4474 2476 4546 absque
2517 4472 2725 4528 macula
2763 4474 2978 4544 peccati
3008 4470 3256 4541 concepit
3283 4475 3339 4524 et
3374 4466 3583 4539 genuit.
3610 4463 3747 4519 llzec
3778 4472 3855 4519 est

570 4570 779 4677 pariter
820 4580 876 4627 et
921 4572 1193 4632 locutione
1237 4577 1437 4631 meruit
1483 4576 1708 4647 perfrui.
1771 4597 1789 4630 ι
1815 4576 2037 4648 Ioseph,
2090 4575 2164 4631 fili
2193 4569 2423 4677 Dyirga
2448 4567 2743 4677 illa‘Aaron
2771 4581 2892 4637 qua:
2919 4564 3176 4677 fronduit,
3204 4573 3260 4620 et
3268 4562 3506 4677 Lfrondes:
3516 4565 3571 4619 in
3594 4568 3855 4677 amygda-

572 4658 762 4726 David,
790 4661 897 4718 noli
932 4664 1141 4721 timere.
1166 4684 1184 4717 ι
1203 4664 1539 4722 Blandientis
1564 4668 1757 4724 affectu
1786 4668 2009 4737 angelus
2033 4668 2164 4724 allo-

571 4749 756 4819 quitur
789 4749 1012 4823 Ioseph,
1038 4770 1161 4811 cum
1198 4772 1322 4812 eum
1362 4759 1582 4829 proprio
1613 4761 1855 4825 nomine,
1892 4769 1949 4816 et
1993 4758 2164 4816 ﬁlium

577 4842 773 4910 David,
804 4854 992 4910 vocet;
1016 4857 1136 4903 erat
1160 4850 1303 4905 enim
1330 4850 1472 4907 illius
1497 4850 1667 4908 David
1699 4869 1807 4908 non
1838 4862 2045 4908 tantum
2068 4868 2165 4925 ge-

571 4955 722 5007 nere,
762 4943 857 4999 sed
887 4944 992 5000 fide
1021 4955 1077 5002 et
1114 4947 1439 5006 imitatione.
1474 4968 1493 5003 α
1524 4951 1640 5007 Noli
1682 4952 1872 5010 timere
1916 4954 2166 5025 accipere

575 5030 801 5089 Mariam
852 5034 1134 5106 coniugem
1182 5038 1401 5095 tuam.)
1447 5040 1652 5098 Monuit
1697 5052 1756 5099 ut
1795 5045 2067 5114 acciperet
2095 5045 2165 5102 ad

572 5139 771 5181 nomen
803 5128 1056 5200 conjugii,
1084 5145 1189 5185 non
1216 5133 1282 5186 ad
1305 5133 1485 5203 operis
1510 5133 1777 5201 officium;
1809 5154 1827 5188 ι
1853 5136 1996 5205 quod
2020 5136 2165 5192 enim

574 5225 761 5272 natum
788 5227 872 5273 est
899 5220 952 5275 in
981 5235 1045 5276 ea
1072 5222 1138 5276 de
1167 5220 1372 5292 Spiritu
1405 5234 1593 5280 sancto
1621 5234 1735 5289 est;
1767 5244 1786 5278 ι
1814 5235 1870 5281 et
1895 5235 1955 5282 ut
1985 5225 2166 5297 digni-

577 5314 662 5362 tas
686 5318 873 5379 partus
902 5313 1219 5369 ostendatur
1243 5314 1319 5369 ait
1361 5333 1373 5368 :
1414 5333 1432 5365 ¢
1461 5314 1646 5371 Pariet
1680 5308 1860 5374 autent
1901 5317 2067 5373 lilium
2115 5326 2173 5373 et

576 5400 802 5456 vocabis
852 5417 1044 5458 nomen
1092 5403 1207 5473 ejus
1234 5402 1442 5472 Iesum,
1476 5426 1495 5459 ι
1543 5407 1644 5462 hoc
1678 5417 1761 5463 est
1789 5407 1955 5463 totius
1984 5407 2172 5463 mundi

577 5490 938 5559 Salvatorem,
963 5505 1017 5551 et
1036 5498 1411 5553 universorum
1444 5498 1635 5553 salutis
1657 5499 1968 5554 Auctorem.
1985 5496 2171 5554 Salvat

577 5581 696 5650 ipse
726 5584 943 5653 quidem
973 5600 1077 5640 non
1108 5586 1366 5650 infideles,
1398 5603 1507 5642 non
1526 5586 1848 5652 incredulos,
1883 5587 1975 5642 sed
1996 5602 2167 5656 popu-

576 5670 689 5724 lum
718 5688 896 5739 suum,
922 5676 1023 5730 hoc
1051 5687 1155 5741 est,
1179 5679 1231 5733 in
1263 5694 1321 5734 se
1345 5682 1686 5744 credentem;
1715 5678 1887 5733 salvat
1911 5694 2013 5732 non
2055 5687 2165 5732 tam

577 5780 611 5818 δ
638 5766 939 5823 visibilibus
969 5770 1236 5834 hostibus,
1264 5787 1426 5840 quatn
1471 5772 1649 5840 potius
1679 5771 1747 5825 ab
1786 5768 2167 5832 invisibilibus,

577 5854 689 5910 hoc
716 5865 799 5911 est
829 5871 857 5910 a
886 5860 1153 5926 peccatis;
1184 5861 1354 5915 salvat
1385 5877 1491 5917 non
1531 5862 1697 5915 armis
1736 5859 2043 5932 pugnando,
2076 5858 2173 5915 sed

803 6010 835 6025 ν-

2275 4659 2382 4715 lum
2431 4658 2712 4729 produxit;
2757 4672 2883 4713 nam
2915 4657 3056 4712 sicut
3100 4655 3188 4712 illa
3234 4656 3440 4728 absque
3479 4657 3714 4714 humore
3755 4657 3856 4713 ullo

2272 4762 2435 4809 terrm
2455 4750 2614 4808 flores
2637 4761 2692 4805 et
2711 4749 2933 4807 frondes
2957 4750 3011 4804 in
3037 4749 3374 4820 amygdalum
3403 4749 3695 4821 produxit,
3712 4750 3788 4806 ita
3806 4754 3855 4803 et

2272 4846 2431 4903 beata
2472 4846 2625 4916 virgo
2652 4843 2817 4899 Maria
2863 4847 3066 4913 absque
3097 4843 3205 4899 ullo
3230 4844 3466 4898 humano
3493 4842 3710 4899 semine
3733 4858 3855 4898 con-

2273 4941 2439 5012 cepit,
2463 4948 2518 4995 et
2542 4938 2750 5009 peperit
2779 4935 3075 4993 Christum.
3108 4935 3176 4991 Et
3209 4936 3347 4992 bene
3374 4935 3632 4991 Dominus
3679 4945 3854 4991 noster

2271 5032 2429 5090 Iesus
2456 5031 2707 5100 Christus
2727 5029 2996 5086 similatur
3030 5028 3311 5101 amygdalo
3341 5046 3354 5083 :
3392 5044 3516 5084 nam
3538 5028 3685 5083 sicut
3705 5041 3850 5097 amy-

2272 5124 2489 5198 gdalum
2515 5132 2728 5179 constat
2752 5138 2819 5178 ex
2848 5138 2992 5188 osse,
3034 5122 3252 5186 cortice,
3291 5130 3345 5177 et
3375 5120 3630 5185 medulla,
3660 5122 3734 5175 ita
3756 5120 3854 5174 Do-

2275 5215 2454 5270 minus
2480 5224 2667 5269 noster
2688 5212 2844 5269 Iesus
2876 5212 3125 5269 Christus
3161 5221 3374 5268 constat
3397 5226 3463 5267 cx
3493 5210 3781 5266 divinitate
3800 5216 3851 5265 et

2270 5308 2629 5372 humanitate,
2658 5322 2824 5363 carne
2865 5305 3070 5362 scilicet
3114 5314 3171 5361 et
3214 5304 3413 5369 anima,
3438 5314 3492 5360 et
3529 5303 3620 5376 qui
3654 5302 3851 5374 absque

2270 5403 2510 5458 humano
2557 5400 2763 5455 semine
2829 5405 2988 5454 natus
3047 5407 3131 5454 est
3180 5399 3247 5454 de
3280 5398 3531 5470 Virgine,
3582 5398 3707 5454 ideo
3761 5408 3851 5467 per

2269 5493 2599 5564 Prophetam
2668 5490 2903 5560 loquitur
2963 5488 3149 5543 dicens
3203 5502 3218 5543 :
3273 5508 3292 5540 ι
3330 5488 3439 5556 Ego
3503 5497 3688 5543 autem
3738 5500 3849 5541 sum

2270 5585 2472 5641 vermis
2535 5592 2590 5637 et
2647 5598 2755 5637 non
2822 5580 3007 5635 homo.
3056 5598 3076 5633 ι
3139 5578 3272 5634 Nam
3342 5580 3482 5634 sicut
3537 5580 3739 5635 vermis
3787 5591 3847 5632 ex

2273 5678 2418 5749 ligno
2463 5677 2667 5744 absque
2730 5671 2838 5727 ullo
2866 5672 3072 5727 semine
3111 5672 3366 5736 nascitur,
3410 5671 3484 5725 ita
3529 5682 3586 5725 et
3611 5669 3849 5725 Christus

2277 5769 2343 5823 de
2392 5766 2632 5837 Virgine.
2674 5763 2801 5818 lude
2857 5770 2939 5816 est
2986 5763 3149 5816 etiam
3192 5762 3332 5830 quod
3385 5760 3681 5816 secundum
3731 5773 3848 5828 sep-

2281 5858 2526 5929 tuaginta
2574 5851 3395 5931 Interpretcsgscarabeusmde
3429 5852 3576 5923 ligno
3638 5850 3843 5907 clamat.
