3920 5590
106 409 219 464 889

1583 393 1947 458 ηοΜιιιίΕ.,
2215 385 2452 416 ’θ’”’“ι·τ
2493 385 2523 413 ί-
2585 383 2595 412 2
2733 383 2812 410 ..ι

3270 389 3372 455 890

107 518 475 585 Quaarendum
503 525 589 574 est
628 516 791 574 etiam
841 531 1008 588 quare
1061 516 1206 573 dicat
1251 523 1473 572 sanctus
1528 528 1690 569 evan-
1717 515 1770 574 Α
1795 511 1926 565 lium
1948 526 2102 567 suum
2125 512 2564 586 primogenitum.
2605 535 2624 569 ›
2653 513 2894 573 Fuerunt
2929 522 3190 588 praeterea
3237 531 3375 571 non.

107 611 306 682 gelista
335 631 352 663 ι
383 612 602 668 habebit
628 633 646 665 ι
678 627 800 668 cum
825 612 1086 683 propheta
1126 610 1269 666 dicat
1297 627 1314 661 ι
1340 607 1635 677 concipiet;
1670 623 1689 657 ι

108 710 165 754 et
256 702 532 757 sciendum
593 703 737 772 quod
793 703 920 783 quia
990 703 1252 773 propheta
1319 700 1501 754 futura
1562 712 1693 768 prze~

106 792 350 857 dicabat,
379 794 581 850 idcirco
605 795 784 864 posuit
817 811 836 845 ‹
856 794 1145 864 concipiet,
1171 812 1189 846 ι
1219 807 1346 847 nam
1368 790 1496 846 illud
1519 789 1702 846 conci-

103 884 260 952 pitur
289 887 432 956 quod
453 904 558 943 nou
584 889 831 943 habetur.
886 887 1228 958 Evangelista
1283 901 1412 942 vero
1459 885 1583 955 quia
1633 884 1700 938 de

106 978 387 1044 prasterito
417 981 674 1034 narrabat
708 981 1011 1045 historiam,
1057 979 1179 1034 ideo
1227 979 1458 1034 mutavit
1513 996 1532 1028 ‹
1564 991 1698 1032 con-

104 1065 296 1134 cipiet,
336 1087 355 1118 ›
387 1078 441 1124 et
465 1071 646 1140 posuit
680 1090 698 1122 ι
728 1072 978 1140 habebit;
1015 1093 1034 1125 ›
1066 1072 1318 1143 quoniam
1367 1070 1500 1126 illud
1556 1070 1700 1141 quod

106 1156 345 1212 habetur
358 1153 472 1228 jam
500 1178 606 1216 non
631 1165 952 1234 concipitur,
978 1167 1072 1220 sed
1124 1175 1355 1221 tenetur.
1408 1164 1561 1232 Quod
1613 1181 1702 1218 au-

106 1257 218 1303 tem
245 1252 376 1307 dicit
419 1271 433 1308 :
480 1273 498 1306 ι
538 1254 830 1311 Vocabitur
885 1274 1080 1313 nomen
1143 1258 1260 1328 ejus
1304 1259 1644 1322 Emmanuel,
1676 1279 1695 1312 ι

105 1344 408 1410 putandum
434 1355 518 1399 est
547 1347 648 1402 hoc
673 1363 869 1403 nomen
898 1351 979 1405 sic
1007 1351 1418 1419 interpretatum
1437 1351 1603 1408 fuisse
1632 1354 1700 1408 ab

105 1434 292 1503 aliquo
322 1438 662 1498 translatore.
699 1456 804 1495 non
835 1458 863 1494 a
896 1442 1160 1512 propheta
1209 1443 1290 1496 vel
1342 1445 1696 1515 evangelista,

106 1540 172 1580 ne
197 1527 302 1581 hoc
328 1528 622 1584 haberetur
650 1531 939 1587 obscurum
971 1535 1054 1588 vel
1077 1534 1363 1590 confusum
1410 1538 1548 1607 apud
1589 1537 1695 1591 La-

106 1617 271 1672 tinos.
307 1618 420 1674 Hoc
445 1637 678 1692 namque
702 1626 918 1680 nomine
945 1626 1064 1683 duae
1110 1628 1430 1684 substantiae
1485 1629 1696 1684 Domini

107 1709 283 1762 nostri
311 1708 436 1764 Jesu
464 1711 692 1779 Christi,
723 1716 1024 1772 divinitatis
1051 1719 1257 1775 scilicet
1287 1731 1342 1776 et
1389 1722 1698 1792 humanita-

105 1801 173 1855 tis
203 1803 260 1856 in
296 1820 398 1857 una
423 1795 656 1874 persona
684 1810 1052 1880 designantur,
1081 1815 1206 1884 quia
1241 1816 1330 1885 qui
1368 1826 1494 1872 ante
1513 1818 1692 1872 omnia

102 1896 302 1950 saecula
332 1897 669 1955 ineffabiliter
694 1904 906 1972 genitus
945 1917 1027 1961 est
1070 1922 1097 1961 a
1145 1907 1253 1962 Deo
1299 1909 1498 1973 Patre,
1550 1910 1693 1965 idetn

104 1982 218 2050 ipse.
250 1985 302 2038 in
335 1986 441 2041 ﬁne
471 1998 769 2060 temporum
796 1994 968 2050 factus
997 2005 1080 2051 est
1106 1997 1446 2064 Emmanuel,
1503 2001 1555 2054 id
1612 2012 1698 2056 est

109 2095 126 2126 ι
158 2075 450 2134 Nobiscum
484 2082 625 2137 Deus
653 2103 670 2135 ι
702 2101 767 2138 ex
801 2087 1021 2160 Virgine
1062 2100 1258 2146 matre.
1313 2092 1464 2160 Quod
1515 2103 1694 2150 autem

106 2166 306 2221 dicitur
335 2187 353 2220 ε
381 2169 669 2231 Nobiscum
699 2176 859 2241 Deus,
891 2199 909 2231 ι
943 2190 1119 2249 potest
1145 2182 1367 2254 intelligi
1393 2185 1493 2240 hoc
1517 2187 1692 2241 modo:

106 2256 398 2315 Nobiscum
431 2260 608 2320 factus
653 2275 753 2330 est,
803 2267 905 2324 hoc
963 2280 1048 2326 est
1092 2271 1382 2341 passibilis,
1428 2276 1695 2341 mortalis,

106 2353 373 2418 esuriens,
399 2356 610 2422 sitiens,
639 2359 960 2427 lassescens,
995 2371 1049 2416 et
1078 2380 1174 2434 per
1195 2366 1374 2420 omnia
1419 2369 1587 2422 nostri
1618 2370 1693 2423 si-

107 2443 249 2504 milis
293 2447 498 2516 absque
550 2453 754 2517 peccati
808 2453 1270 2511 affectionezsive
1305 2458 1689 2514 «Emmanuel»

107 2535 204 2590 hoc
249 2547 334 2592 est
396 2541 676 2596 nobiscum
726 2544 868 2600 Deus
897 2544 1069 2601 factus
1113 2558 1218 2613 est,
1261 2550 1384 2617 quia
1447 2553 1697 2607 substan-

109 2628 230 2682 tiam
267 2641 469 2685 nostrte
492 2631 820 2704 fragilitatis,
846 2654 1008 2708 quam
1039 2643 1352 2710 assumpsit,
1378 2643 1697 2697 substantiae

107 2735 212 2774 sua:
252 2724 554 2779 divinitatis
597 2726 650 2781 in
703 2728 909 2785 unitate
959 2746 1205 2800 personLe
1251 2735 1422 2789 nnivit
1468 2747 1522 2791 et
1569 2750 1696 2790 con-

101 2809 304 2880 juuxit,
327 2817 545 2884 quando
571 2837 589 2869 ‹
627 2819 863 2876 Verbum
890 2838 1016 2877 caro
1041 2822 1240 2878 factum
1270 2834 1371 2890 est,
1395 2834 1451 2881 et
1477 2828 1694 2882 habita-

106 2902 180 2956 vit
210 2904 267 2957 in
303 2906 493 2972 nobis;
524 2927 543 2958 ι
577 2917 636 2962 ut
686 2911 880 2966 mirum
931 2914 983 2967 in
1027 2916 1242 2970 modum
1270 2917 1534 2987 inciperet
1579 2933 1696 2974 esse

107 2995 246 3061 quod
285 3010 385 3050 nos
435 3012 645 3065 sumus,
695 3016 795 3056 nec
835 3011 1016 3059 tamen
1065 3006 1335 3061 desineret
1386 3023 1508 3063 esse
1551 3009 1696 3079 quod

106 3095 243 3141 erat.
277 3106 294 3138 ι
329 3089 640 3159 Exsurgens
671 3103 850 3150 autem
875 3113 904 3150 a
927 3112 1116 3152 somno
1145 3097 1340 3170 Joseph
1387 3101 1514 3156 fecit
1553 3101 1696 3172 quod

105 3181 362 3250 praecepit
382 3183 433 3236 ei
458 3185 680 3255 angelus
703 3187 932 3243 Domini.
963 3209 982 3242 ι
1004 3190 1080 3244 Eo
1097 3191 1215 3261 ipso
1230 3194 1377 3248 aditu
1402 3195 1540 3249 redit
1559 3197 1694 3263 vita,

105 3292 206 3346 quo
239 3279 482 3350 ingressa
513 3292 596 3337 est
627 3299 792 3347 mors,
831 3284 885 3338 id
914 3295 997 3341 est
1017 3301 1114 3355 per
1135 3287 1396 3358 virginem
1413 3287 1694 3358 feminam,

106 3378 157 3423 et
175 3373 638 3440 perobedieutem
669 3377 865 3432 virum.
896 3379 971 3434 De
1023 3381 1226 3452 virgine
1287 3392 1430 3438 terra
1479 3392 1696 3439 creatus

103 3473 183 3518 est
203 3465 402 3532 Adam,
427 3467 493 3522 de
519 3468 726 3540 virgine
758 3469 954 3526 femina
986 3481 1146 3528 natus
1175 3482 1258 3528 est
1278 3474 1548 3530 Christus.
1592 3474 1698 3530 Per

106 3555 523 3614 inobedientiam
552 3561 684 3617 Adae
703 3577 893 3618 omnes
922 3564 1117 3633 perditi
1146 3580 1354 3630 sumus,
1376 3580 1474 3636 per
1495 3567 1694 3621 bonum

103 3647 424 3705 obedientia:
452 3648 649 3722 Joseph
683 3669 874 3708 omnes
897 3653 963 3708 ad
988 3654 1273 3723 pristinum
1307 3666 1506 3712 statum
1546 3673 1695 3714 revo-

102 3755 320 3807 camur;
348 3758 472 3796 nam
501 3743 584 3798 his
611 3745 792 3800 verbis
833 3762 1028 3817 magna
1061 3747 1214 3802 nobis
1239 3748 1412 3803 virtus
1439 3751 1695 3806 obedien-

103 3834 186 3887 tiae
212 3835 651 3900 commendatur,
688 3838 886 3907 quibus
925 3838 1124 3893 dicitur
1149 3857 1162 3892 :
1188 3840 1318 3895 fecit
1366 3841 1505 3898 sicut
1558 3857 1696 3912 prae-

102 3928 245 3995 cepit
273 3928 323 3982 ei
353 3928 577 3997 angelus
615 3930 862 3997 Domini;
905 3932 1114 4002 accepit
1168 3933 1420 3989 videlicet
1465 3934 1694 3991 Mariam

101 4020 390 4076 celebratis
416 4023 638 4092 nuptiis,
678 4032 840 4093 atque
866 4026 1093 4095 accepit,
1120 4033 1180 4080 nt
1205 4041 1267 4081 ea
1291 4027 1484 4097 conjux
1535 4043 1694 4084 voca-

101 4123 271 4179 retnr,
299 4131 404 4168 non
431 4123 490 4168 ut
515 4124 688 4171 tamen
718 4118 1162 4184 concumberent,
1217 4119 1341 4188 quia
1391 4120 1636 4190 sequitur
1675 4137 1690 4175 :

107 4226 122 4257 ε
150 4217 203 4263 et
232 4224 340 4263 non
365 4211 725 4281 cognoscebat
750 4226 891 4265 eam.
929 4231 948 4264 ι
1003 4213 1243 4267 Fuerunt
1299 4229 1513 4284 quoque
1554 4229 1691 4270 non-

101 4300 229 4354 nulli
262 4303 353 4371 qui
384 4303 632 4356 dixerant
661 4305 802 4374 quod
824 4302 1022 4375 Joseph
1045 4322 1150 4360 non
1170 4307 1460 4362 celebratis
1492 4309 1694 4378 nuptiis

100 4390 312 4447 beatam
344 4391 567 4447 Mariam
600 4395 831 4464 accepit,
869 4397 961 4451 sed
1005 4396 1140 4451 bene
1171 4399 1248 4452 ait
1275 4397 1417 4452 Beda
1443 4418 1454 4453 :
1484 4400 1574 4456 Ille
1600 4399 1692 4470 qui

101 4482 202 4537 hoc
229 4482 422 4537 didicit
445 4485 698 4540 ostendat
725 4486 816 4539 ubi
853 4485 1058 4540 licitum
1121 4485 1224 4541 fuit
1265 4503 1500 4558 unquam
1550 4490 1692 4558 apud

99 4571 314 4630 Iudaeos
339 4577 484 4645 quod
508 4578 687 4645 sponsi
712 4587 766 4632 et
784 4594 994 4647 sponsa:
1019 4579 1178 4634 simul
1201 4582 1554 4635 convenirent
1575 4582 1694 4636 abs-

102 4680 204 4734 que
239 4664 606 4721 celebratione
643 4668 970 4737 nuptiarum,
1025 4677 1080 4724 et
1124 4669 1167 4724 si
1221 4671 1541 4735 ostenderit,
1595 4687 1694 4728 nos

103 4770 232 4808 sano
257 4753 376 4822 ejus
399 4757 579 4810 sensui
603 4757 875 4823 cedimus;
907 4767 1112 4813 tantum
1146 4761 1323 4814 videat
1376 4778 1443 4817 ne
1476 4763 1692 4832 aliquod

105 4844 206 4899 tale
241 4844 506 4916 proferat,
545 4848 685 4916 quod
713 4856 939 4903 matrem
966 4850 1173 4904 Domini
1205 4852 1462 4919 infamet;
1496 4863 1692 4909 etcum

107 4935 206 4990 hoc
227 4939 514 4991 ostendere
537 4953 641 4990 non
665 4941 922 5008 potuerit,
952 4950 1148 4995 nostrae
1173 4945 1355 4999 credat
1379 4946 1687 5002 assertioni.

108 5029 168 5083 Et
201 5051 218 5082 ‹
249 5044 353 5082 non
382 5031 742 5099 cognoscebat
770 5045 912 5085 eam.
950 5052 966 5083 ι
1009 5031 1122 5089 Hoc
1169 5036 1390 5091 verbum
1438 5053 1688 5108 cognosco

108 5123 394 5193 aliquando
420 5125 471 5177 in
497 5122 672 5177 sacris
712 5122 1010 5192 Scripturis
1039 5141 1136 5196 pro
1185 5129 1495 5198 cognitione
1537 5129 1692 5199 poni-

108 5223 213 5278 tur,
242 5227 296 5271 ut
324 5217 453 5271 illud
485 5233 497 5268 :
536 5233 554 5264 ι
591 5212 854 5285 Cognovit
880 5216 1078 5288 Joseph
1118 5218 1314 5277 fratres
1347 5239 1475 5280 suos
1509 5262 1523 5285 ,
1578 5221 1690 5291 ipse

109 5313 282 5361 tamen
320 5323 427 5362 non
467 5312 553 5359 est
589 5305 802 5374 agnitus
827 5305 896 5362 ab
921 5310 998 5364 eis
1029 5326 1043 5363 :
1079 5327 1098 5359 ι
1133 5319 1187 5364 et
1210 5311 1371 5370 item:
1412 5334 1431 5366 ι
1467 5313 1691 5367 Reman-

110 5393 177 5448 sit
208 5412 333 5465 puer
360 5397 524 5452 Jesus
567 5395 621 5448 in
657 5394 1016 5466 Hierusalem,
1067 5405 1120 5453 et
1168 5416 1275 5458 non
1317 5412 1692 5478 cognoverunt

1543 5505 1599 5528 III
1627 5495 1692 5530 ἶ,-

559 5508 576 5528 ι
622 5488 724 5526 Dl'n
746 5495 1032 5528 nnnnn'tilll
1061 5494 1224 5530 alin-I1
1256 5503 1476 5536 nnnilnn

109 5502 352 5543 nat-Anum,
381 5491 504 5536 pina.

1723 1869 1770 1928 B

1799 605 1930 660 nulli
1955 606 2191 663 haeretici
2213 609 2304 680 qui
2337 609 2590 666 dixerunt
2611 611 2751 683 quod
2775 610 2972 682 Ioseph
2993 620 3047 666 et
3073 613 3228 666 beata
3259 609 3371 664 Ma-

1798 696 1880 750 ria
1904 708 2028 768 post
2067 712 2250 756 natum
2296 704 2582 760 Dominum
2637 704 2797 760 simul
2850 706 3268 771 convenissent,
3321 711 3376 758 et

1800 791 1938 846 ﬁlios
1971 808 2064 848 eos
2085 805 2479 865 procreassent,
2506 813 2640 867 quos
2669 799 2839 854 sancti
2881 800 3222 870 evangelista
3267 797 3377 853 fra-

1799 893 1910 941 tres
1931 887 2142 944 Domini
2175 890 2466 960 appellant,
2493 900 2548 945 et
2583 892 2651 946 ad
2694 907 2849 947 suum
2891 907 3131 947 errorem
3176 891 3375 946 confir-

1800 979 2053 1034 mandum
2108 990 2455 1050 sumpserunt
2515 983 2616 1052 hoc
2683 983 3045 1039 testimonium
3112 983 3378 1049 dicentes,

1801 1070 1943 1138 quod
1957 1085 2291 1141 nequaquam
2308 1083 2524 1128 sanctus
2535 1074 2860 1146 evangelista
2877 1075 3126 1130 dixissetc
3148 1077 3338 1140 donec,
3352 1094 3371 1128 ι

1801 1161 1902 1217 nisi
1925 1173 2044 1233 post
2068 1165 2347 1220 Dominum
2393 1175 2576 1221 natum
2624 1167 2782 1222 simul
2826 1169 3223 1224 convenissent.
3270 1167 3378 1223 Sed
3423 1157 3434 1170 ”

1800 1255 1984 1322 procul
2009 1256 2230 1324 repellat
2260 1258 2398 1312 Dens
2438 1257 2580 1313 hunc
2630 1274 2870 1315 errorem
2903 1276 2932 1314 a
2960 1261 3211 1315 cordibus
3252 1261 3381 1314 tide-

1800 1344 1963 1410 lium;
1987 1347 2262 1402 sciendum
2286 1365 2519 1419 namque
2543 1357 2626 1405 est
2646 1351 2786 1420 quod
2808 1360 3028 1406 sanctus
3047 1351 3383 1431 evangelista

1803 1438 1891 1493 illo
1910 1449 2168 1510 tempore,
2188 1441 2395 1497 scilicet
2411 1451 2534 1498 ante
2548 1459 2610 1512 pa
2621 1452 2780 1509 rtnm,
2805 1460 3001 1516 negare
3016 1445 3218 1500 studuit
3234 1443 3378 1514 quod

1799 1528 1993 1599 Joseph
2026 1547 2130 1586 non
2167 1534 2418 1602 cognovit
2448 1549 2588 1600 eam,
2614 1551 2680 1590 ne
2711 1535 2888 1604 aliqua
2918 1535 3152 1606 suspicio
3198 1519 3380 1605 posset

1799 1622 1962 1685 oriri;
1998 1631 2116 1690 post
2147 1633 2357 1692 partum
2390 1641 2518 1679 vero
2546 1625 2749 1680 nullum
2784 1626 3002 1681 dubium
3029 1641 3151 1682 esse
3205 1625 3381 1681 credi-

1797 1711 1875 1765 dit
1897 1713 2040 1782 quod
2074 1728 2180 1767 non
2209 1716 2580 1781 convenerint,
2609 1717 2832 1788 ideoque
2856 1733 3054 1786 negare
3076 1732 3182 1772 non
3224 1731 3380 1772 cura.-

1797 1806 1954 1860 verit.
1983 1807 2038 1862 Si
2063 1809 2204 1862 enim
2236 1809 2324 1864 illa
2377 1811 2562 1881 legalis
2620 1812 2808 1878 Maria,
2866 1823 3151 1884 postquam
3197 1813 3380 1868 divino

1802 1901 1997 1954 meruit
2025 1900 2226 1970 perfrui
2254 1903 2487 1972 eloquio,
2517 1905 2717 1959 carnali
2771 1921 2874 1962 non
2923 1905 3122 1978 legitur
3175 1905 3382 1976 copula:

1799 1994 2090 2062 permista;
2134 1995 2246 2050 Noe
2275 1997 2437 2051 etiam
2485 1997 2793 2069 et-‘Moyses
2847 2008 3130 2069 postquam
3175 1997 3382 2066 divinis

1797 2083 2000 2154 perfrui
2029 2084 2256 2155 eloquiis
2286 2097 2598 2143 meruerunt
2637 2103 2741 2143 non
2791 2088 3146 2144 concubuisse
3194 2087 3382 2159 legun-

1801 2185 1906 2239 tur,
1938 2177 2061 2245 quis
2087 2192 2234 2231 sanae
2259 2178 2380 2232 fidei
2411 2181 2607 2233 audeat
2639 2179 2818 2236 dicere
2845 2180 2983 2235 hanc
3010 2179 3380 2248 evangelicam

1801 2267 2046 2334 Mariam,
2069 2277 2123 2323 et
2145 2248 2286 2325 hunc
2316 2271 2682 2342 evangelicum
2711 2272 2886 2326 virum
2935 2271 3133 2343 Joseph
3177 2273 3383 2328 scilicet

1799 2373 1919 2432 post
1957 2371 2142 2416 natum
2171 2363 2454 2417 Dominum
2512 2365 2851 2428 convenisse,
2903 2364 3201 2433 praesertim
3257 2378 3380 2418 cum

1800 2453 1904 2507 illis
1937 2454 1987 2508 in
2019 2453 2270 2509 castitate
2291 2455 2728 2524 permanentibus
2760 2455 3016 2526 singulari
3068 2455 3239 2526 gratia
3288 2471 3383 2509 na-

1801 2553 1887 2597 tus
1917 2552 2000 2598 est
2025 2544 2120 2597 Dei
2152 2544 2360 2598 Filius?
2385 2546 2771 2600 Verumtamen
2796 2547 3072 2602 sciendum
3125 2548 3248 2616 quia
3297 2563 3385 2602 so-

1800 2634 1873 2689 let
1904 2653 1921 2684 ‹
1957 2635 2127 2690 donec
2162 2654 2180 2686 ι
2210 2651 2306 2704 pro
2336 2635 2544 2690 infinito
2569 2638 2760 2706 accipi,
2809 2645 2868 2691 ut
2908 2646 2992 2692 est
3030 2637 3158 2692 illud
3189 2652 3203 2691 :
3235 2656 3253 2688 ‹
3285 2639 3382 2692 do-

1799 2739 1899 2779 nec
1926 2727 2226 2780 senescaris
2256 2742 2354 2796 ego
2386 2742 2524 2781 sum.
2579 2747 2597 2778 ι
2653 2727 2933 2798 Nunquid,
2959 2739 3243 2798 postquam
3296 2728 3385 2783 ille

1799 2817 2060 2882 senuerit,
2095 2818 2254 2873 desiit
2282 2834 2401 2874 esse
2427 2817 2609 2874 Deus?
2636 2818 2781 2885 Non;
2813 2822 2900 2876 sed
2925 2822 3004 2878 sic
3050 2830 3134 2876 est
3179 2821 3383 2875 intelli-

1799 2909 2030 2979 gendum
2062 2922 2076 2962 :
2102 2908 2214 2978 Ego
2244 2924 2459 2979 semper
2481 2925 2574 2965 ero
2600 2911 2762 2966 etiam
2815 2921 3098 2982 postquam
3149 2926 3245 2966 vos
3298 2926 3385 2967 se-

1797 3001 2049 3058 nueritis.
2083 3003 2148 3056 Et
2177 3003 2305 3058 item
2340 3022 2352 3057 :
2393 3023 2410 3056 ι
2442 3001 2577 3059 Vivo
2600 3019 2717 3073 ego,
2745 3003 2874 3060 dicit
2924 3004 3220 3070 Dominus;
3273 3019 3381 3059 non

1799 3093 2062 3149 delebitur
2082 3096 2183 3150 hoc
2205 3103 2486 3165 peccatum
2517 3105 2752 3151 vestrum
2785 3095 2956 3152 donec
2992 3095 3318 3152 moriamini.
3356 3114 3379 3149 ι

1801 3183 2056 3255 Nunquid
2088 3195 2375 3257 postquam
2405 3187 2603 3242 mortui
2628 3198 2807 3253 erunt,
2840 3186 3074 3242 deletum
3125 3196 3209 3242 est
3253 3203 3382 3260 pec-

1799 3289 1976 3337 catum
2005 3283 2228 3336 eorum?
2260 3281 2408 3349 Non;
2446 3284 2490 3338 si
2514 3283 2656 3338 enim
2688 3291 2814 3339 ante
2849 3299 2955 3340 non
3003 3291 3085 3339 est
3125 3283 3381 3349 deletum,

1796 3384 1920 3444 post
1944 3383 2171 3429 mortent
2197 3375 2440 3430 minime.
2499 3375 2566 3429 Et
2608 3374 2896 3430 Psalmista
2947 3375 3162 3446 inquit:
3191 3395 3207 3426 ι
3236 3373 3384 3429 Dixit

1796 3465 2060 3521 Dominus
2080 3464 2309 3520 Domino
2330 3481 2451 3521 meo
2481 3480 2496 3518 :
2523 3465 2662 3521 Sede
2690 3481 2721 3520 a
2749 3466 2957 3522 dextris
3004 3466 3159 3532 meis,
3209 3465 3382 3522 donec

1797 3573 1992 3629 ponam
2033 3557 2281 3613 inimicos
2322 3566 2443 3614 tuos
2500 3559 2792 3614 scabellnm
2844 3561 3037 3631 pedum
3083 3568 3314 3614 tuorum.
3356 3577 3374 3612 ι

1796 3650 2048 3722 Nunquid
2076 3663 2360 3724 postquam
2390 3651 2518 3708 facti
2545 3663 2672 3709 sunt
2717 3653 2923 3708 inimici
2980 3653 3122 3708 illius
3169 3650 3382 3708 scabel-

1795 3743 1905 3799 lum
1935 3746 2129 3814 pedum
2162 3743 2300 3814 ejus,
2329 3746 2487 3800 desiit
2515 3745 2685 3800 Filius
2740 3747 2928 3802 sedere
2955 3761 2985 3801 a
3009 3746 3216 3802 dextris
3276 3745 3381 3800 Pa-

1797 3835 1932 3891 tris?
1960 3835 2075 3891 Non
2105 3852 2120 3902 ;
2150 3837 2242 3891 sed
2273 3836 2398 3891 talis
2424 3847 2509 3892 est
2535 3852 2727 3893 sensus
2758 3856 2771 3891 :
2802 3836 3009 3892 Inimici
3055 3837 3270 3908 quidem
3303 3836 3379 3892 tui

1795 3932 2021 4004 pedibus
2051 3933 2158 3987 tuis
2189 3931 2563 4002 subjicientur,
2593 3941 2647 3986 et
2663 3939 2720 3986 tu
2749 3948 2779 3986 a
2807 3932 3014 3987 dextris
3057 3931 3194 3987 meis
3238 3946 3380 3987 sem-

1793 4041 1893 4096 per
1921 4011 2152 4084 Sedebis.
2197 4025 2263 4080 Et
2286 4013 2360 4080 in
2405 4024 2698 4096 Evangelio
2747 4025 2978 4096 legitur:
3012 4045 3029 4077 ι
3058 4025 3228 4080 Amen
3259 4024 3381 4080 dico

1795 4118 1917 4182 tibi,
1949 4132 2054 4173 non
2077 4117 2227 4172 exies
2256 4116 2399 4183 inde,
2438 4119 2610 4173 donec
2636 4119 2831 4174 reddas
2862 4117 3214 4174 novissimum
3247 4131 3382 4186 qua-

1797 4211 2064 4265 drantem.
2105 4229 2123 4262 ι
2155 4210 2224 4265 Et
2259 4221 2342 4265 est
2389 4210 2776 4281 sensus:quia
2827 4225 3101 4280 nunquam
3161 4208 3376 4274 reddes,

1795 4316 2070 4370 nunquam
2102 4301 2270 4356 exies.
2305 4299 2396 4356 Sic
2419 4310 2471 4355 et
2500 4301 2553 4354 in
2589 4301 2693 4355 hoc
2721 4301 2839 4355 loco
2876 4313 2973 4370 pro
3027 4298 3236 4353 infinito
3288 4313 3380 4352 ac-

1795 4395 2037 4464 cipitur:
2078 4413 2096 4446 ε
2130 4403 2183 4448 et
2212 4410 2320 4448 non
2376 4393 2739 4464 cognoscebat
2791 4407 2910 4447 eam
2955 4393 3125 4447 donec
3169 4389 3380 4462 peperit

1797 4484 1963 4538 filium
1997 4499 2176 4548 suum,
2217 4503 2234 4534 ι
2270 4484 2322 4537 id
2358 4492 2439 4537 est
2471 4498 2743 4552 nunquam
2778 4482 3156 4552 cognoscebat.
3192 4480 3380 4536 Scien-

1723 4611 1774 4671 D
1796 4579 1920 4631 dum
1949 4586 2031 4631 est
2066 4587 2327 4648 praeterea
2350 4577 2474 4647 quia
2502 4575 2718 4631 fuerunt
2751 4575 2990 4630 nonnulli
3019 4574 3260 4630 haeretici
3284 4573 3378 4645 qui

1796 4671 2049 4726 dixerunt
2085 4671 2174 4726 Dei
2222 4670 2414 4726 Filium
2445 4685 2551 4724 non
2580 4684 2764 4724 veram
2793 4685 3013 4726 carnem
3062 4684 3128 4724 ex
3156 4668 3380 4740 Virgine

1796 4763 2110 4831 sumpsisse,
2141 4763 2236 4817 sed
2270 4761 2646 4833 imaginarium
2671 4777 2868 4832 corpus
2910 4762 3182 4826 habuisse,
3233 4762 3380 4817 ideo-

1794 4870 1901 4925 que
1921 4855 2126 4909 addidit
2157 4873 2175 4905 ι
2201 4871 2381 4921 suum,
2413 4877 2432 4909 ι
2468 4856 2571 4910 hoc
2601 4865 2685 4910 est
2713 4856 3014 4926 proprium,
3039 4871 3144 4910 non
3173 4854 3382 4924 adopti-

1794 4963 1943 5014 vum,
1978 4963 2084 5002 non
2115 4947 2350 5014 aliunde,
2375 4963 2549 5018 neque
2570 4963 2638 5003 ex
2667 4949 2855 5014 nihilo,
2888 4950 2980 5006 sed
3012 4964 3078 5003 ex
3119 4963 3218 5002 sna
3252 4947 3382 5002 sub-

1798 5041 2018 5104 stantia,
2075 5051 2131 5096 et
2185 5051 2376 5096 sancto
2434 5039 2640 5110 Spiritu
2692 5052 3011 5112 conceptum
3066 5048 3121 5092 et
3177 5048 3385 5094 natum.

1801 5133 2058 5204 Sequitur
2090 5153 2108 5184 ι
2137 5133 2578 5204 primogenitum.
2611 5151 2630 5183 ι
2662 5131 2778 5187 Νοη
2819 5133 2982 5188 etiam
3015 5127 3236 5185 defuere
3281 5129 3393 5183 bte-

1800 5225 1956 5282 retici
1986 5225 2078 5293 qui
2117 5225 2183 5279 ad
2217 5221 2646 5280 confirmandam
2683 5227 3006 5279 sententiam
3063 5215 3145 5270 sui
3193 5216 3397 5273 erroris

1801 5317 1905 5374 hoc
1942 5317 2166 5372 verbum
2189 5321 2572 5386 asnmpserunt
2595 5314 2858 5380 dicentes,
2885 5310 3030 5386 quod
3056 5320 3398 5378 nequaquam

1802 5418 2023 5464 sanctus
2071 5406 2398 5476 evangelista
2439 5403 2670 5459 dixisset
2697 5421 2714 5454 ι
2745 5399 3196 5476 primOgenitum,
3226 5416 3247 5450 ι
3298 5397 3398 5438 nisi

1802 5499 1848 5536 ἷο
1880 5499 2152 5546 Ιιαιιηῖοοοι
2181 5497 2404 5536 ΤνηΙι-οαο
2437 5493 2571 5534 Γηιςη
2599 5503 2610 5518 ί
