4038 6416
203 305 304 359 893

1657 301 1982 359 HOMILIzE.

3359 305 3460 382 stu

207 417 436 474 lacullas
474 414 690 471 errandi
727 414 948 469 daretur
988 430 1081 484 per
1117 414 1382 481 diversos,
1418 415 1536 470 ideo
1565 416 1784 484 signan-
1815 422 1864 479 Α
1891 428 2079 468 onmes
2104 414 2274 468 sancti
2310 423 2571 486 martyres
2599 431 2694 486 per
2722 417 2850 472 istos
2887 416 3237 489 designantur
3262 418 3465 476 laiealis

207 524 286 565 ter
314 507 518 562 addidit
559 506 854 560 Dominus:
898 523 916 556 ι
954 521 1114 575 quem
1152 507 1423 561 occidistis
1470 508 1609 561 inter
1649 517 1783 562 tem-

203 604 346 674 plunt
378 609 432 654 et
462 599 650 653 altare.
688 618 707 650 ι
739 598 1136 668 Congrueutius
1157 616 1286 670 ergo
1308 601 1598 655 Zacharias
1629 601 1785 655 intel-

204 692 294 762 ligi
330 699 502 760 potest
543 689 632 744 ille
679 689 820 744 ﬁlius
860 687 1061 744 Joiadze
1087 691 1402 756 sacerdotis,
1427 707 1587 761 quem
1635 689 1783 757 Joas,

205 797 298 834 rex
335 780 500 842 ludat,
553 779 826 834 interfecit
864 779 1007 833 inter
1053 771 1304 848 templum
1332 789 1386 834 ct
1438 781 1627 835 altare.
1679 779 1785 835 Sed

204 875 551 940 quaerendum
588 883 671 927 est
697 873 966 944 quomodo
1000 873 1258 928 Dominus
1309 876 1395 930 hic
1441 892 1564 930 cum
1620 875 1784 929 tilium

205 969 357 1017 Burni
380 966 481 1018 Ithe
510 967 767 1029 nominet,
816 981 960 1029 cum,
993 966 1131 1020 sicut
1159 966 1211 1019 iit
1251 966 1388 1020 libro
1423 966 1624 1037 Regum
1651 964 1784 1036 legi-

206 1068 315 1116 tur,
351 1058 491 1111 ﬁlius
539 1059 693 1110 fuerit
744 1049 944 1111 Joiatlae
994 1060 1287 1111 sacerdotis
1321 1077 1332 1112 :
1381 1060 1459 1114 sic
1487 1060 1630 1113 enim
1662 1059 1790 1129 legi-

206 1161 332 1200 tur:
387 1167 404 1197 ι
445 1147 556 1201 Non
597 1157 680 1200 est
712 1149 1023 1202 recordatus
1044 1146 1170 1202 Joas
1209 1132 1412 1203 Joiadae
1459 1148 1625 1219 patris
1671 1147 1788 1217 ejus

206 1255 330 1308 quae
361 1240 459 1292 sibi
503 1241 716 1293 fecisset
739 1241 897 1293 bona.
941 1259 959 1291 ι
1007 1237 1246 1293 Solvitur
1285 1241 1396 1293 lucc
1422 1240 1646 1314 (paestio
1673 1239 1784 1292 ita:

206 1341 301 1384 aut
333 1332 379 1385 is
421 1342 567 1384 certe
603 1333 708 1385 duo
745 1321 966 1383 nomina
1018 1331 1313 1384 secundum
1346 1329 1788 1384 consuetudinem

203 1440 319 1476 suae
344 1424 520 1493 gentis
543 1423 747 1487 habuit,
775 1431 868 1475 attt
891 1423 1116 1476 solvitur
1144 1423 1586 1492 interj‘iretatione
1619 1420 1790 1475 nomi-

205 1532 358 1566 num.
387 1513 682 1567 Barachias
723 1512 864 1566 enim
912 1501 1300 1581 interpretatur
1345 1511 1642 1565 benedictus
1686 1509 1792 1564 Do-

204 1608 353 1668 mini,
385 1603 600 1660 Joiadas
652 1620 776 1658 vero
809 1601 905 1657 Dei
927 1603 1171 1672 justitia;
1208 1603 1336 1656 nihil
1387 1618 1516 1671 ergo
1565 1603 1792 1656 interest

203 1698 319 1751 sive
347 1697 558 1751 dicatur
583 1697 721 1751 ﬁlius
757 1696 922 1750 fuisse
962 1696 1256 1758 Barachize,
1311 1696 1359 1748 id
1393 1705 1473 1750 cst
1518 1694 1790 1748 benedicti

1886 512 1938 559 et
1962 497 2310 560 sacerdotalis
2343 507 2565 562 ordinis.
2597 507 2896 565 Zacharias
2935 519 3118 564 autem
3147 510 3466 580 interpreta-

1889 603 1974 648 tur
2014 597 2270 651 memoria
2318 598 2552 676 Domini,
2587 601 2726 655 unde
2773 611 2826 655 et
2881 599 3102 673 pulchre
3152 617 3244 671 per
3295 604 3466 672 ipsum

1886 699 2074 741 omnes
2094 685 2249 742 electi
2287 688 2655 760 designantur,
2710 692 2874 746 etiam
2912 703 2966 748 et
3003 693 3089 748 ille
3130 685 3221 762 qui
3267 696 3316 748 in
3366 693 3468 749 ﬁne

1889 776 2074 828 mundi
2117 777 2421 833 nasciturus
2455 789 2558 844 est,
2601 781 2802 851 quique
2858 797 3064 837 memor
3104 784 3313 838 Domini
3343 785 3466 838 erit.

1890 864 2175 933 Sequitur:
2200 885 2219 919 ι
2239 870 2409 924 Amen
2433 871 2554 924 dico
2568 873 2740 938 vobis,
2762 874 2979 928 venient
3002 873 3116 928 h:cc
3133 892 3292 945 super
3314 891 3470 946 gcne-

1891 958 2153 1011 rationem
2179 959 2361 1028 istam,
2400 980 2418 1013 ›
2464 962 2626 1016 idest
2658 963 2790 1017 uitio
2817 973 2870 1017 et
2905 965 3136 1019 vindicta
3175 963 3466 1034 justorttm,

1890 1060 2118 1115 quorum
2143 1052 2364 1121 sanguis
2394 1051 2595 1106 effusus
2638 1067 2720 1108 est
2757 1071 2915 1124 super
2957 1066 3176 1122 terram,
3207 1047 3472 1126 et'requi-

1894 1145 2041 1190 retur
2063 1154 2168 1192 ttott
2205 1140 2378 1194 solum
2402 1157 2565 1210 super
2593 1142 2828 1209 Jud:eos,
2858 1145 2949 1198 sed
2972 1149 3136 1199 etiam
3169 1161 3332 1216 super
3364 1162 3473 1198 out-

1890 1243 1986 1282 ttes
2019 1229 2251 1298 iniquos,
2277 1240 2333 1285 ut
2358 1233 2592 1303 :equales
2620 1235 2728 1289 sint
2762 1236 2828 1288 ad
2872 1233 3193 1304 perferenda
3229 1235 3359 1305 justi
3387 1233 3472 1303 ju-

1892 1322 2016 1376 dicii
2044 1323 2331 1392 supplicia,
2375 1325 2464 1394 qui
2510 1341 2666 1395 pares
2694 1325 2910 1380 fuerunt
2958 1327 3249 1396 impietatis
3291 1329 3463 1396 culpa.

1897 1432 1915 1465 ι
1950 1415 2302 1480 Hierusalem,
2321 1415 2679 1483 Hierusalem,
2712 1433 2830 1486 qua:
2858 1421 3060 1474 occidis
3084 1410 3394 1490 prophetas,
3420 1430 3474 1474 ct

1893 1505 2104 1575 lapidas
2119 1522 2212 1561 eos
2229 1510 2319 1578 qui
2348 1510 2413 1562 ad
2445 1519 2496 1563 te
2525 1511 2672 1564 missi
2698 1509 2884 1565 sunt.)
2909 1512 3244 1569 Hierusalem
3262 1531 3476 1584 quoque

1894 1595 2152 1652 Dominus
2176 1615 2280 1653 non
2312 1614 2465 1666 saxa,
2493 1617 2600 1655 non
2628 1602 2850 1658 zediﬁcia
2879 1607 2973 1658 sed
3008 1605 3338 1661 habitatores
3352 1609 3480 1661 civi-

1898 1688 2022 1741 tatis
2056 1689 2197 1743 illius
2216 1689 2487 1760 appellat;
2516 1691 2718 1762 plangit
2749 1695 2946 1765 quippe
2973 1712 3136 1766 super
3161 1711 3279 1750 eam
3309 1699 3479 1767 patris

204 1790 440 1853 Domini,
469 1792 579 1843 sive
607 1789 839 1852 θωπί-ξω,
875 1788 926 1841 id
969 1797 1051 1842 est
1087 1788 1217 1858 justi
1263 1787 1494 1851 Domini,
1536 1788 1790 1858 quoniam
1826 1807 1868 1866 Β
1899 1779 2111 1843 allecto,
2132 1783 2292 1848 unde,
2311 1784 2600 1838 sicutalter
2623 1785 2947 1854 evangelista
2967 1787 3150 1854 refert,
3172 1787 3327 1844 Jesus
3358 1810 3373 1840 t
3400 1792 3478 1843 γε-

205 1897 372 1934 ιιιιιιιιι
397 1890 498 1935 est.
545 1879 804 1934 Dominus
845 1895 975 1949 ergo
1005 1881 1073 1933 ob
1103 1881 1528 1950 magnitudinem
1566 1881 1699 1949 ejus,
1740 1886 1795 1934 et

204 1973 275 2024 ad
304 1972 516 2026 laudem
552 1971 716 2039 ipsius
744 1973 955 2025 vocavit
993 1969 1138 2024 illttnt
1178 1971 1343 2024 ﬁlium
1391 1970 1691 2036 Barachiae,
1744 1971 1797 2025 id

209 2074 295 2118 est
329 2065 594 2118 benedicti
628 2063 864 2117 Domini.
907 2063 1115 2117 Rursus
1143 2066 1492 2130 qttterendum
1535 2072 1618 2116 cst
1661 2078 1796 2132 quo-

207 2154 368 2208 modo
399 2155 543 2209 dicat
584 2155 844 2209 Dominus
893 2170 1109 2208 omnem
1167 2155 1485 2224 sanguinem
1533 2154 1795 2222 iustorum

205 2250 556 2318 quazrendum
581 2264 699 2302 esse
730 2249 796 2302 ab
839 2247 969 2301 Abel
1008 2248 1154 2318 justo
1186 2264 1355 2316 usque
1386 2248 1450 2301 ad
1483 2250 1795 2319 sanguinem

205 2341 487 2394 Zacharim
525 2339 691 2392 ﬁlium
720 2339 998 2393 Barachiae
1045 2355 1206 2408 super
1254 2340 1655 2409 generationem
1706 2339 1799 2393 Ju-

205 2433 448 2485 tlworum
480 2447 600 2486 cum
631 2429 729 2502 ipsi
763 2441 1011 2485 neutrum
1031 2447 1217 2486 eorum
1241 2432 1560 2495 occiderint,
1592 2431 1798 2484 scilicet

208 2539 311 2576 nec
334 2523 493 2588 Abel,
523 2540 622 2578 nec
652 2524 992 2578 Zachariam.
1038 2523 1286 2592 Nunquid
1332 2527 1526 2578 merita
1555 2526 1796 2578 omnium

206 2617 620 2688 getterationum
653 2633 716 2671 ac
750 2618 1194 2686 subsequctttium
1229 2635 1330 2671 una
1371 2620 1646 2687 generatio
1678 2634 1799 2688 per-

207 2709 424 2762 solvet?
467 2724 568 2762 nou
606 2709 750 2764 enim
779 2723 993 2778 :equum
1035 2719 1204 2764 estut
1260 2709 1396 2763 alter
1439 2726 1535 2780 pro
1578 2709 1799 2763 alterius

208 2803 454 2870 peccatis
482 2807 757 2872 puniatur.
791 2802 1076 2857 Sciendum
1104 2814 1186 2858 est
1212 2819 1340 2874 ergo
1365 2799 1489 2872 quia
1524 2803 1688 2855 moris
1719 2810 1802 2856 est

212 2909 498 2948 sacrarum
528 2895 932 2964 Scripturarum
967 2897 1098 2949 duas
1129 2895 1505 2966 generationes
1549 2910 1794 2957 narrare,

208 3003 378 3040 unam
411 2987 604 3041 bonam
634 2996 688 3041 et
717 2975 940 3041 alteram
973 2988 1191 3052 malam,
1226 3005 1384 3042 unam
1424 2987 1716 3056 justormn,
1747 2999 1802 3041 et

207 3081 440 3134 alteram
481 3081 796 3149 impiorum;
852 3081 1099 3135 Christus
1147 3081 1288 3135 enim
1341 3090 1422 3135 est
1480 3093 1642 3151 caput
1677 3097 1796 3134 ont-

1900 1872 2032 1926 deus
2044 1872 2314 1928 civitatem
2332 1873 2475 1928 flevit
2499 1892 2661 1944 super
2679 1877 2822 1930 illam
2841 1878 3051 1933 dicens:
3081 1874 3204 1949 quia
3223 1882 3267 1934 si
3287 1897 3481 1952 cogno-

1899 1962 2068 2016 visses
2091 1973 2144 2017 et
2169 1974 2254 2029 tu;
2280 1985 2297 2016 ι
2323 1965 2622 2035 praevidens
2653 1984 2883 2038 namque
2915 1970 3171 2025 Dominus
3190 1972 3402 2042 plagam
3424 1983 3479 2028 et

1899 2057 2108 2109 ruinam
2134 2057 2205 2111 illi
2231 2059 2448 2128 perﬁdae
2473 2061 2676 2114 civitati
2710 2061 2967 2129 futuram,
3003 2081 3100 2119 nec
3129 2067 3478 2135 temporalem

1899 2147 2093 2211 solum,
2119 2164 2236 2215 qua:
2262 2165 2291 2201 a
2316 2147 2572 2204 Romanis
2599 2161 2818 2205 ventura
2851 2155 2990 2218 erat,
3018 2156 3112 2209 sed
3136 2157 3297 2210 etiam
3334 2159 3477 2210 illam

1898 2255 2056 2309 quam
2076 2241 2125 2293 in
2150 2253 2348 2295 :elerna
2367 2244 2711 2299 damnatione
2725 2256 2841 2318 erat
2870 2246 3142 2314 habitura,
3169 2251 3288 2304 ideo
3309 2253 3484 2320 patrio

1899 2331 2090 2385 allecto
2139 2327 2425 2402 deploratis
2465 2337 2798 2390 coutlolettdo
2850 2338 3140 2410 alloquitur
3193 2352 3247 2394 et
3303 2343 3477 2398 dicit:

1906 2445 1924 2477 ι
1969 2427 2327 2491 llierusalcut,
2355 2444 2475 2500 qtae
2500 2431 2701 2486 occidis
2736 2434 3048 2502 prophetas,
3073 2443 3126 2488 et
3155 2435 3357 2504 lapidas
3388 2453 3480 2492 eos

1899 2521 1989 2589 qui
2019 2523 2084 2574 ad
2115 2531 2164 2574 te
2194 2522 2340 2576 missi
2373 2531 2518 2588 sunt,
2559 2543 2577 2574 ι
2617 2540 2680 2579 ac
2709 2523 2982 2596 su'bjungit
3012 2543 3023 2578 :
3063 2545 3080 2578 ι
3113 2529 3362 2598 quotiens
3398 2545 3489 2583 vo-

1905 2615 1974 2666 lui
2008 2631 2339 2684 congregare
2369 2615 2506 2670 filios
2558 2627 2714 2682 tuos;
2756 2637 2773 2670 ι
2817 2621 2866 2672 itt
2899 2636 3004 2689 quo
3029 2623 3263 2675 Ostendit
3301 2638 3490 2677 omnes

1902 2716 2052 2760 retro
2083 2708 2372 2776 prophetas
2408 2722 2437 2759 a
2471 2723 2527 2762 se
2556 2709 2791 2765 directos
2823 2710 3010 2776 fuisse,
3053 2720 3106 2764 et
3137 2712 3490 2768 destruantur

1903 2797 2106 2851 idcirco
2141 2799 2377 2852 Inet'etici
2417 2791 2518 2869 qui
2558 2783 2810 2855 dixerunt
2860 2803 3141 2856 Domitmm
3192 2808 3489 2874 sumpsisse

1904 2889 2115 2942 lilllllllll
2144 2890 2225 2942 sui
2255 2906 2319 2942 ex
2355 2891 2590 2959 Virgine,
2619 2903 2669 2945 et
2712 2893 2875 2946 altum
2925 2894 3090 2949 fuisse
3136 2896 3298 2949 Deum
3337 2897 3491 2949 Vete-

1905 2985 2004 3046 ris,
2042 2983 2203 3036 alium
2235 2983 2366 3037 Novi
2399 2985 2752 3052 'l‘estantcuti,
2789 3004 3039 3056 quoniam
3085 2988 3174 3042 ille
3201 2988 3337 3041 idctu
3372 2999 3489 3042 erat

1905 3077 1992 3144 qtti
2025 3079 2317 3146 prephetas
2343 3087 2468 3133 ante
2490 3077 2761 3148 Virginem
2786 3081 3005 3134 direxit.
3031 3081 3224 3135 Addit:
3250 3101 3266 3130 ‹
3291 3080 3487 3147 Quent-

208 3174 361 3225 niutn
393 3171 710 3236 electorum,
737 3182 792 3226 et
814 3188 1000 3226 omnes
1027 3173 1182 3226 electi
1217 3174 1456 3227 membra
1483 3183 1604 3227 sunt
1636 3172 1796 3236 illius,
1828 3172 1871 3232 C
1903 3169 2189 3223 adumdttm
2221 3169 2416 3239 gallina
2447 3181 2741 3242 congregat
2769 3172 2941 3242 pullos
2979 3187 3105 3227 suos
3146 3173 3245 3227 sub
3293 3174 3426 3238 alas,
3465 3191 3483 3224 ι

212 3280 278 3320 ac
311 3280 410 3334 per
443 3265 545 3320 hoc
587 3267 825 3319 omnium
882 3265 1173 3319 electorum
1229 3266 1296 3318 ab
1340 3266 1470 3319 Abel
1514 3281 1682 3334 usque
1732 3264 1798 3318 ad

215 3355 380 3408 linem
432 3355 629 3418 saeculi,
689 3357 842 3426 quasi
902 3372 1006 3409 una
1061 3357 1166 3410 erit
1217 3357 1513 3424 generatio.
1553 3356 1804 3410 Diabolus

212 3461 346 3500 vero
369 3454 529 3514 caput
556 3456 642 3501 est
679 3449 920 3500 omnium
954 3449 1282 3517 iniquorum,
1331 3456 1386 3502 et
1414 3464 1602 3502 omnes
1632 3449 1802 3519 iniqui

215 3539 460 3590 membra
517 3539 891 3606 suutipsius;
945 3541 1186 3593 omnium
1249 3556 1378 3608 ergo
1433 3540 1720 3610 impiorum
1773 3559 1804 3596 a

218 3633 356 3686 Cain
434 3647 601 3702 usque
671 3635 736 3687 ad
797 3635 953 3688 ﬁnem
1020 3636 1246 3700 saeculi,
1323 3653 1427 3690 una
1495 3638 1598 3690 erit
1648 3652 1806 3709 gene-

216 3727 389 3790 ratio;
437 3727 504 3780 de
550 3727 686 3779 bona
719 3743 949 3796 namque
989 3730 1336 3797 generatione
1381 3731 1640 3798 scriptum
1675 3741 1802 3784 est:

219 3837 236 3866 c
285 3816 581 3869 G=neratio
637 3827 902 3871 rectorum
955 3819 1339 3884 benedicetur,
1392 3841 1409 3872 ι
1470 3833 1524 3875 et
1568 3825 1803 3877 iterum:

221 3928 238 3957 ι
296 3908 418 3961 11ωο
449 3916 531 3960 est
569 3911 844 3978 generatio
891 3912 1245 3978 qumrcntium
1297 3909 1622 3977 Dominum;
1665 3933 1682 3962 ι
1739 3912 1808 3968 de

219 3999 361 4052 mala
385 4009 561 4052 autent
581 4000 713 4054 dicit
741 4018 752 4051 :
787 4020 802 4051 ι
834 4000 1127 4057 Genet-atto
1155 4002 1290 4055 mala
1316 4013 1370 4056 et
1397 4019 1672 4072 perversa,
1695 4005 1807 4058 lucc

217 4090 453 4145 Domino
482 4089 810 4152 retribuisti,
860 4111 878 4143 ι
923 4101 977 4146 et
1023 4095 1194 4146 item:
1257 4114 1274 4143 ι
1325 4092 1615 4148 Generatio
1658 4092 1810 4162 cujus

215 4184 361 4238 oculi
394 4182 674 4248 sublimes,
695 4191 749 4237 et
772 4183 926 4254 cujus
956 4184 1222 4254 palpebras
1250 4186 1301 4240 in
1329 4187 1496 4240 altum
1522 4199 1740 4242 erectae.
1782 4207 1801 4241 ι

223 4275 320 4328 lla)
351 4273 494 4340 enim
526 4283 650 4326 sunt
675 4273 775 4327 illa:
799 4275 920 4328 ~diue
945 4274 1207 4339 civitates,
1245 4293 1347 4330 una
1374 4277 1596 4343 Christi,
1640 4278 1810 4333 altera

218 4363 444 4428 diaboli,
479 4364 529 4417 id
571 4374 652 4418 est
684 4379 787 4417 una
814 4362 1150 4418 Hierusalem
1179 4369 1312 4420 visio
1343 4369 1512 4436 pacis,
1555 4379 1607 4422 et
1638 4367 1812 4440 Baby-

222 4460 312 4510 lon
339 4457 533 4512 civitas
569 4454 920 4510 confusionis.
960 4455 1191 4512 Pulchre
1233 4474 1362 4529 ergo
1390 4462 1566 4515 omnis
1592 4462 1810 4531 sanguis

1908 3276 1961 3322 et
2009 3268 2146 3320 bene
2177 3268 2314 3321 hanc
2346 3268 2750 3322 similituuinem
2783 3269 3028 3332 assumit,
3061 3270 3159 3322 hoc
3203 3268 3345 3321 enim
3378 3268 3494 3321 ani-

1908 3357 2013 3430 mal
2053 3373 2302 3425 magnum
2356 3357 2601 3412 aliectum
2660 3359 2822 3414 habet
2872 3361 3014 3413 circa
3067 3358 3243 3424 filios;
3297 3368 3492 3412 cetera:

1907 3449 2050 3504 enim
2089 3465 2235 3513 aves,
2269 3450 2370 3504 etsi
2411 3450 2551 3504 ﬁlios
2600 3449 2854 3515 habeant,
2895 3467 2999 3504 non
3055 3449 3213 3505 facile
3267 3459 3492 3520 possunt

1910 3541 2127 3611 agnosci
2161 3557 2280 3595 esse
2312 3551 2536 3607 matres,
2567 3542 2667 3595 nisi
2709 3541 2844 3597 forte
2873 3543 2924 3616 in
2954 3543 3094 3597 nidis
3144 3543 3378 3596 residere
3410 3541 3488 3594 vi-

1911 3629 2158 3688 dcantur.
2193 3624 2456 3688 Gallinam
2517 3651 2669 3698 vero,
2728 3635 2829 3688 ctsi
2863 3633 2992 3705 pulli
3025 3650 3130 3688 non
3175 3643 3472 3704 sequantur

1910 3732 1963 3780 et
1999 3727 2139 3781 ﬁlios
2173 3741 2277 3780 nou
2306 3727 2507 3793 videas,
2543 3726 2695 3780 facile
2723 3736 2875 3798 potes
2906 3742 3198 3796 agnoscere
3232 3736 3491 3792 matrem,

1911 3817 1986 3870 ita
2039 3817 2181 3870 enim
2217 3816 2274 3871 ﬁt
2305 3817 2404 3871 alis
2432 3817 2702 3883 demissis,
2736 3819 2932 3888 plumis
2962 3817 3194 3896 hispida,
3229 3834 3357 3873 voce
3381 3835 3500 3872 rau-

1911 3925 1997 3974 ca,
2029 3909 2390 3978 omnibusque
2445 3910 2704 3965 membris
2753 3912 3013 3967 dissoluta
3045 3921 3100 3967 et
3149 3911 3390 3981 ahjecta,
3439 3919 3499 3965 tit

1913 4000 2228 4054 inﬁrmitate
2264 4000 2496 4054 ﬁliorum
2534 4017 2654 4056 cum
2707 4004 2778 4058 sit
2829 4003 3043 4078 affecta,
3092 4014 3146 4060 et
3169 4005 3290 4078 ipsa
3339 4001 3492 4056 inﬁr-

1914 4102 2130 4157 metur;
2176 4091 2276 4154 alis
2329 4093 2491 4146 etiam
2529 4103 2792 4162 pr:eterca
2843 4077 2989 4150 ﬁlios
3034 4077 3291 4167 protegit,
3319 4103 3374 4149 et
3402 4109 3500 4163 pu-

1912 4198 2072 4254 gnam
2119 4184 2219 4238 ittit
2280 4186 2540 4240 adversus
2592 4186 2835 4239 milvum.
2887 4185 3163 4257 Sapientia
3223 4200 3349 4254 ergo
3405 4183 3499 4237 Dei

1914 4271 2110 4337 Patris,
2135 4290 2254 4342 qttze
2290 4283 2372 4328 cst
2419 4285 2594 4328 mater
2635 4277 2876 4328 omnium
2917 4284 3184 4336 nostrum,
3242 4273 3499 4326 Dominus

1913 4363 2118 4420 scilicet
2142 4364 2298 4420 Jesus
2329 4363 2575 4420 Christus
2612 4377 2830 4436 propter
2872 4365 3240 4420 inﬁrmitatem
3287 4380 3495 4419 assum-

1915 4469 2019 4530 pta:
2050 4461 2229 4513 carnis
2272 4461 2480 4529 gallina:
2525 4475 2582 4513 sc
2633 4459 2971 4523 assimilavit,
3026 4458 3166 4512 unde
3203 4454 3490 4526 Apostolus

225 4552 500 4619 justorum
556 4549 645 4616 qui
692 4547 893 4600 elfttsus
937 4556 1023 4601 est
1065 4547 1133 4601 ab
1169 4547 1302 4602 Abel
1340 4549 1485 4617 jus'to
1533 4565 1703 4619 usque
1745 4551 1811 4605 ad
1846 4546 1890 4603 υ
1918 4552 2088 4607 dicit:
2120 4572 2136 4603 (
2169 4555 2319 4619 Quod
2349 4555 2618 4605 inﬁrmum
2643 4563 2724 4606 est
2753 4552 2866 4616 Dei,
2898 4551 3091 4606 fortius
3132 4558 3216 4605 cst
3259 4549 3495 4605 homini-

221 4644 546 4714 sanguinem
588 4641 861 4698 Zachariae
893 4643 1201 4713 requirctur
1223 4660 1383 4714 super
1406 4646 1810 4714 generationem

224 4739 558 4804 i..tquorttm.
587 4735 784 4788 lterum
834 4734 1184 4802 quterentlum
1235 4743 1319 4788 est
1371 4736 1640 4804 quomodo
1670 4737 1815 4789 dicat

221 4838 444 4877 “niuem
499 4823 814 4892 sanguinem
859 4823 1130 4893 justorum
1180 4825 1559 4893 requirendum
1585 4840 1706 4878 esse
1745 4823 1812 4879 ab

223 4915 361 4968 Abel
385 4925 613 4977 tantuut,
657 4929 826 4982 usque
857 4917 922 4967 ad
964 4914 1284 4970 Zachariam
1318 4915 1483 4970 ﬁliuni
1515 4917 1808 4972 Barachize.

225 5012 336 5062 Cur
357 5016 540 5060 autem
565 5008 630 5060 ab
656 5005 810 5070 Abel,
839 5024 941 5061 non
973 5017 1053 5061 est
1083 5009 1300 5073 mirum,
1322 5010 1413 5063 sed
1439 5010 1591 5063 valde
1618 5010 1814 5063 mirum

227 5111 313 5154 cst
363 5114 631 5169 quomodo
672 5114 840 5168 usque
891 5101 955 5153 ad
994 5101 1312 5170 sanguinem
1358 5101 1656 5168 Zacharias,
1690 5116 1815 5156 cum

230 5191 588 5261 plurimorum
637 5197 947 5242 sanctormn
996 5191 1218 5260 sanguis
1269 5201 1455 5260 postea
1503 5191 1702 5246 effusus
1745 5192 1819 5247 sit

233 5280 626 5343 innocentium,
655 5287 708 5334 et
752 5280 919 5348 ipsius
963 5281 1183 5345 Christi,
1216 5290 1269 5336 et
1306 5282 1669 5352 apostolorum
1718 5298 1818 5339 nec

233 5392 342 5428 non
388 5384 442 5426 et
499 5371 972 5425 innumerabilium
1031 5385 1350 5444 martyrum,
1405 5383 1459 5428 et
1513 5375 1820 5430 elfundetur

236 5481 408 5536 usque
449 5465 707 5518 adﬁnem
766 5466 968 5519 saeculi.
1031 5465 1271 5519 Solvitur
1315 5476 1493 5520 autem
1545 5469 1660 5522 sic:
1688 5466 1820 5522 Abel

236 5569 422 5630 pastor
463 5561 644 5614 ovium
684 5557 804 5623 fuit,
831 5568 886 5614 et
925 5560 975 5612 in
1022 5575 1213 5628 campo
1262 5562 1494 5624 occisus,
1529 5560 1821 5616 Zacharias

239 5655 340 5706 fuit
381 5654 656 5718 sacerdos,
691 5662 745 5707 et
777 5654 828 5706 in
857 5653 996 5706 atrio
1032 5655 1211 5724 templi
1240 5655 1447 5708 Domini
1483 5656 1817 5710 interfectus.

239 5745 363 5801 ideo
389 5758 520 5818 ergo
549 5744 810 5800 Dominus
857 5745 954 5802 hos
1006 5748 1139 5802 duos
1195 5748 1534 5815 memoravit,
1563 5747 1820 5818 quoniam

1921 4646 2051 4710 bus;
2094 4664 2112 4695 ι
2153 4644 2411 4698 inﬁrmari
2455 4646 2650 4714 quippe
2691 4645 2857 4699 voluit
2916 4655 2973 4700 ιιι
3023 4659 3119 4699 nos
3167 4661 3262 4699 sua
3305 4644 3501 4700 virtute

1920 4748 2246 4808 protegeret,
2279 4754 2375 4791 nec
2398 4738 2642 4793 diabolus
2672 4748 2884 4808 raperet
2911 4754 3046 4808 quos
3078 4739 3192 4808 ipse
3230 4739 3498 4805 defendit;

1923 4848 2047 4884 nam
2077 4832 2216 4900 quod
2255 4831 2446 4897 gallini
2480 4841 2686 4886 natura:
2714 4830 2903 4885 allectu
2935 4847 3165 4903 pugnam
3193 4831 3293 4885 init
3319 4832 3503 4885 adver-

1923 4937 2014 4976 sus
2043 4923 2283 4986 milvum,
2320 4923 2420 4975 hoc
2446 4921 2703 4976 Domitius
2730 4923 2945 4992 pr0pria
2977 4938 3070 4976 sua
3101 4931 3370 4990 potestate
3391 4919 3504 4988 agit

1923 5015 2181 5068 adversus
2209 5013 2501 5081 diabolum.
2543 5014 2608 5068 Et
2638 5024 2694 5067 ut
2722 5013 3030 5068 ostenderet
3059 5013 3317 5067 Dominus
3339 5025 3499 5079 quem

1923 5103 2172 5160 affectum
2220 5105 2443 5160 haberet
2470 5121 2595 5175 erga
2637 5105 2863 5159 salutem
2909 5104 3129 5158 humani
3167 5101 3398 5172 generis,
3449 5111 3504 5154 et

1925 5197 2228 5267 Specialiter
2272 5197 2412 5252 illius
2440 5197 2646 5252 Judaici
2678 5196 2882 5266 populi,
2920 5197 2986 5251 ad
3034 5211 3194 5265 quem
3244 5191 3501 5262 loqueba-

1928 5297 2033 5353 tur,
2065 5289 2276 5358 galﬁnae
2299 5303 2358 5342 se
2385 5289 2721 5343 assimilavit.
2755 5287 2862 5341 Sed
2893 5286 3242 5357 qttwretnlum
3271 5281 3507 5352 estquid

1925 5381 1996 5437 sit
2033 5383 2173 5450 quod
2220 5383 2476 5437 Dominus
2514 5382 2682 5436 dicit:
2720 5401 2738 5432 ι
2784 5381 3044 5447 Quotiens
3091 5378 3235 5432 volui
3284 5391 3510 5446 congre-

1928 5491 2054 5546 gare
2079 5474 2214 5529 ﬁlios
2238 5474 2846 5543 tuos,quemadmodum
2872 5470 3092 5540 gallina,
3115 5478 3168 5523 et
3191 5468 3408 5523 noluisti
3431 5483 3445 5532 ;
3485 5485 3504 5518 ι

1930 5570 2008 5623 sic
2051 5570 2191 5622 enim
2226 5570 2474 5621 videntur
2515 5567 2672 5618 verba
2710 5579 2925 5627 sonare,
2957 5579 3020 5617 ac
3049 5562 3092 5616 si
3126 5560 3369 5615 voluntas
3416 5557 3511 5612 Dei

1930 5669 2180 5730 superata
2231 5659 2301 5712 sit
2360 5675 2388 5709 a
2438 5656 2713 5708 voluntate
2766 5656 3073 5726 iniquorum
3123 5651 3422 5718 hominum,
3460 5659 3516 5706 et

1931 5749 2313 5805 inﬁrmissimis
2353 5747 2582 5802 nolendo
2621 5745 3058 5818 impedientibus,
3090 5742 3516 5815 Omnipotentis-
