4038 6416
527 350 632 431 895

1120 366 1379 426 REMIGII
1411 360 2065 425 ANTISSIODORENSIS

2198 358 2255 417 P.
2296 346 2574 423 PABS‘II.
2612 379 2685 402 ε·-
2723 350 3221 413 MISOELLANLA.

3648 354 3795 409 ‘880

527 481 698 539 simus
723 435 1087 554 nonDpotuerit
1106 484 1285 541 facere
1303 484 1445 555 quod
1470 482 1717 540 voluerit.
1742 480 1844 538 Ubi
1871 490 1955 537 est
1977 492 2105 549 ergo
2130 475 2183 540 Α
2207 490 2338 546 pore
2356 471 2569 546 praefuit
2588 470 2828 529 Herodes
2851 469 3104 527 Galilaeae.
3137 468 3273 527 Nam
3297 470 3516 543 quando
3537 468 3797 528 Herodes

529 571 620 629 illa
650 575 1039 646 omnipotentia
1075 576 1143 632 de
1194 592 1298 646 qua
1352 576 1612 646 scriptum
1663 583 1792 630 est:
1846 590 1866 626 ι
1909 563 2103 628 omnia

528 679 863 738 quzecunque
890 666 1059 724 voluit
1087 667 1265 724 fecit?»
1296 667 1410 723 Non
1431 668 1573 722 enim
1609 668 1947 738 aitquaedam
1979 665 2108 722 fecit

526 769 647 828 qua:
677 759 861 825 voluit,
888 759 981 816 sed
1002 759 1202 814 omnia.
1236 759 1645 830 Intelligendum
1674 770 1758 816 est
1795 759 1940 816 enim
1976 759 2103 829 quia

528 847 778 916 quotiens
801 849 940 905 volui
968 865 1297 921 congregare
1324 850 1463 906 Iilios
1493 861 1613 908 tuos
1635 859 1690 907 et
1730 850 1974 916 noluisti,
2006 864 2106 921 ego

526 950 664 1008 quos
688 940 827 996 volui
869 949 919 996 te
942 940 1155 997 uolente
1182 942 1247 996 de
1274 941 1398 997 liliis
1423 943 1791 1019 eongregavi.‘
1809 940 2063 1011 Sequitur
2087 958 2102 995 :

530 1045 555 1081 ι
590 1029 727 1086 Ecce
754 1030 1084 1103 relinquetur
1104 1034 1258 1089 vobis
1290 1034 1482 1091 domus
1504 1044 1684 1090 vestra
1714 1034 1959 1099 deserta;
2002 1052 2022 1086 ι
2051 1039 2107 1088 ει

526 1123 822 1177 notandum
851 1125 978 1194 quia
1007 1139 1113 1180 non
1144 1125 1222 1179 ait
1247 1141 1384 1187 mea,
1416 1126 1509 1181 sed
1544 1135 1743 1189 vestra,
1774 1134 1830 1180 et
1870 1124 1991 1179 ideo
2014 1123 2108 1178 de-

524 1221 705 1279 serta,
736 1230 822 1271 'ac
864 1215 909 1270 si
955 1216 1198 1273 diceret:
1251 1216 1365 1272 Non
1399 1218 1530 1273 estis
1559 1217 1704 1287 digni
1759 1232 1877 1272 mea
1927 1223 2108 1286 prote-

524 1302 726 1365 etione,
761 1303 889 1361 hinc
915 1314 999 1361 est
1024 1308 1165 1376 quod
1195 1322 1357 1364 voces
1402 1308 1716 1380 angelorum
1752 1307 2107 1363 insonuerunt

523 1392 806 1451 dicentes:
840 1395 1205 1455 Transeamus
1257 1400 1327 1454 ab
1375 1400 1460 1455 his
1505 1400 1742 1455 sedibus.
1796 1400 1907 1455 Hoc
1942 1400 2106 1456 etiam

521 1496 680 1541 antea
727 1487 886 1559 longe
926 1490 1237 1559 praedictum
1289 1492 1466 1546 fuerat
1505 1507 1536 1545 a
1572 1489 1806 1547 Ieremia
1844 1492 2106 1562 propheta

522 1580 736 1636 dicente
761 1600 775 1635 :
805 1600 823 1633 ι
860 1580 1071 1651 Reliqui
1105 1582 1323 1638 domum
1361 1598 1560 1649 meam,
1599 1584 1775 1639 dimisi
1814 1583 2106 1639 haeredita-

523 1677 631 1725 tem
674 1687 869 1727 meam.
922 1691 943 1725 ›
988 1672 1322 1728 Hierusalem
1353 1688 1568 1744 quoque
1606 1674 1883 1737 Dominus,
1938 1690 2102 1745 quam

523 1764 821 1819 secundum
863 1764 1091 1820 alterum
1120 1756 1473 1836 Eva’ugelium
1505 1766 1688 1820 nidum
1732 1764 1982 1835 appellat,
2014 1766 2104 1820 hic

2208 570 2276 627 de
2302 567 2536 641 Egypto
2561 581 2812 623 reversus
2840 573 2945 631 est,
2974 563 3275 620 Archelaus
3317 565 3579 638 regnabat
3618 580 3797 636 super

2206 660 2467 725 Iudaeam,
2498 668 2556 715 et
2598 656 2837 713 Herodes
2882 655 3120 710 nondum
3169 663 3399 725 praeerat
3433 655 3689 723 Galilm,
3732 664 3798 713 et

2208 753 2409 810 idcirco
2435 759 2688 825 parentes
2714 748 2927 804 Domini
2970 762 3162 804 secure
3200 757 3493 818 potuerunt
3534 748 3797 806 habitare

2207 842 2264 900 in
2288 826 2527 899 Galilaea.
2557 841 2690 898 Item
2716 839 2883 909 quaeri
2915 846 3094 908 potest
3121 853 3291 909 quare
3317 837 3459 894 dicat
3500 837 3799 895 Mattbaeus

2207 933 2403 1003 Ioseph
2436 933 2629 988 timore
2658 928 2902 985 Archelai
2943 929 3232 985 secessisse
3280 928 3336 983 in
3383 927 3684 993 Galilaeam,
3738 936 3801 984 et

2209 1024 2485 1081 habitasse
2517 1024 2569 1078 in
2599 1021 2889 1093 Nazareth,
2934 1035 3057 1076 cum
3098 1018 3275 1076 Lucas
3316 1020 3564 1076 videatur
3601 1020 3801 1076 dicere

2207 1116 2352 1187 quod
2395 1113 2570 1187 gratia
2613 1111 2847 1183 propriae
2874 1110 3115 1166 civitatis
3144 1110 3511 1166 descendisset
3540 1110 3594 1164 in
3637 1109 3801 1166 Gali-

2208 1203 2394 1271 laeam,
2447 1211 2502 1260 et
2551 1203 2849 1258 habitasset
2884 1200 3191 1267 Nazareth,
3241 1201 3337 1257 sed
3382 1199 3609 1263 solvitur
3652 1200 3792 1256 sic:

2206 1296 2424 1369 quando
2458 1295 2654 1367 Ioseph
2689 1294 2998 1352 admonitus
3023 1302 3109 1350 est
3135 1294 3188 1350 in
3214 1293 3457 1366 Egypto
3496 1295 3566 1350 ab
3594 1294 3799 1366 angelo

2206 1398 2267 1446 ut
2300 1398 2662 1445 reverteretur
2686 1387 2741 1443 in
2776 1397 2978 1442 terram
3006 1385 3194 1452 Israel,
3243 1385 3513 1442 intellexit
3559 1386 3648 1441 ille
3684 1395 3799 1442 ter.

2206 1497 2324 1537 ram
2368 1478 2528 1535 Israel
2554 1478 2661 1535 dici
2693 1487 2894 1534 terram
2935 1476 3198 1540 Iudaeam,
3231 1479 3329 1532 sed
3370 1485 3656 1547 postquam
3710 1491 3800 1532 re-

2205 1588 2398 1630 versus
2435 1580 2520 1627 est
2559 1570 2764 1626 audivit
2803 1568 2946 1640 quod
2974 1568 3272 1625 Archelaus
3300 1576 3552 1640 regnaret
3596 1567 3697 1634 ibi,
3734 1577 3803 1624 et

2206 1672 2335 1721 tunc
2363 1663 2627 1720 intellexit
2654 1670 2854 1718 terram
2878 1660 3044 1718 Israel
3067 1675 3173 1716 non
3203 1659 3377 1717 solum
3401 1657 3669 1723 Iudaeam,
3693 1660 3797 1717 sed

2206 1757 2368 1813 etiam
2396 1764 2452 1812 et
2487 1754 2784 1821 Galilaeam,
2825 1755 2951 1825 quia
2985 1752 3241 1810 Israelita!
3279 1768 3399 1808 eam
3453 1752 3795 1809 incolebant.

520 1855 738 1912 domum
775 1858 1038 1924 nominat,
1064 1874 1184 1928 quae
1212 1874 1311 1914 suo
1340 1860 1553 1925 merito,
1583 1859 1764 1915 divino
1785 1859 1984 1914 auxilio
2007 1859 2098 1914 de-

2208 1847 2459 1919 Nunquid
2489 1861 2676 1904 errore
2721 1844 2896 1917 angeli
2944 1846 3047 1901 hoc
3092 1843 3294 1901 factum
3337 1843 3460 1900 est?
3502 1842 3645 1908 Non,
3696 1844 3799 1900 sed

519 1948 739 2008 nudata,
769 1962 881 2003 sua:
910 1947 1100 2003 ditioni
1148 1957 1233 2005 est
1276 1949 1552 2015 derelicta,
1588 1950 1713 2019 quia
1764 1964 1869 2005 non
1933 1948 2105 2005 solum

518 2040 726 2109 protegi
767 2040 1012 2111 despexit
1038 2041 1139 2096 alis
1165 2041 1310 2097 illius
1348 2040 1736 2112 potentissimae
1775 2042 1911 2107 avis,
1941 2056 2104 2113 quam

410 2192 432 2208 ο
520 2128 772 2200 gallinam
797 2130 1060 2196 nominat;
1082 2131 1175 2185 sed
1192 2130 1354 2186 etiam
1375 2130 1486 2201 ipsa
1508 2130 1647 2195 avis,
1667 2129 1719 2184 id
1735 2128 2102 2198 estChristus,

527 2236 557 2273 a
605 2220 813 2277 duabus
858 2222 1108 2293 vulpibus
1160 2231 1244 2278 est
1292 2223 1508 2287 tradita,
1538 2223 1640 2277 hoc
1666 2228 1750 2277 est
1777 2219 2010 2286 Herode,
2051 2231 2108 2279 et

520 2307 714 2376 Pilato,
758 2320 817 2367 et
868 2312 989 2367 ideo
1038 2313 1266 2369 Romani
1315 2313 1471 2384 quasi
1495 2328 1723 2369 vacuam
1751 2312 1992 2379 domum,
2050 2324 2106 2370 et

520 2401 701 2456 nidum
728 2402 1029 2461 invidentes
1056 2406 1237 2460 omnia
1257 2405 1615 2477 diripuerunt,
1642 2406 1697 2462 id
1717 2414 1804 2461 est
1826 2416 1880 2462 et
1904 2407 2100 2473 locum,

518 2498 575 2545 et
603 2502 838 2559 gentem,
873 2504 927 2549 et
955 2509 1200 2564 regnum.
1239 2515 1258 2548 ι
1296 2495 1428 2551 Dico
1474 2496 1618 2552 enim
1657 2498 1829 2563 vobis,
1880 2514 1988 2554 non
2019 2515 2103 2555 me

517 2580 766 2638 videbitis
794 2585 1006 2639 amodo.
1047 2605 1065 2637 ›
1096 2586 1174 2640 Ad
1204 2585 1536 2643 Hierusalem
1562 2603 1797 2658 quoque,
1818 2598 1872 2644 et
1900 2590 1966 2644 ad
2008 2606 2102 2660 po-

514 2672 697 2742 pulum
724 2673 1007 2732 Iudaicum
1032 2677 1178 2748 loqui
1203 2679 1459 2749 pergebat
1485 2677 1764 2745 Dominus,
1793 2695 1859 2734 ac
1888 2680 1933 2735 si
1958 2681 2105 2736 diee-

518 2774 601 2818 ret
633 2783 645 2818 :
681 2766 785 2820 nisi
830 2769 1204 2837 paenitentiam
1232 2770 1473 2840 egeritis,
1501 2777 1558 2824 et
1593 2784 1682 2824 me
1710 2767 1942 2825 confessi
1983 2768 2103 2824 fue-

515 2856 639 2910 ritis
677 2857 827 2913 iIlum
851 2875 970 2916 esse
1000 2861 1067 2915 de
1106 2877 1214 2931 quo
1256 2861 1531 2932 prephetaz
1559 2861 1875 2937 cecinerunt
1911 2859 2099 2917 Omni-

517 2950 752 3018 petentis
795 2950 887 3004 Dei
916 2950 1133 3016 Filium,
1165 2966 1270 3005 non
1305 2966 1390 3005 me
1411 2949 1684 3015 videbitis,
1726 2950 1779 3007 id
1806 2960 1891 3006 est
1918 2951 2103 3022 cogni-

518 3041 718 3097 tionem
743 3058 918 3097 meam
946 3059 1049 3097 non
1074 3042 1369 3109 habebitis;
1396 3042 1449 3097 id
1470 3041 1612 3112 quod
1642 3040 1883 3097 nonnulli
1912 3041 2101 3097 intelli-

520 3143 651 3203 gunt
683 3135 750 3188 de
785 3135 1021 3189 secundo
1055 3133 1267 3189 Domini
1298 3135 1550 3201 adventu,
1597 3136 1812 3205 quando
1842 3145 2099 3193 venturus

518 3232 602 3277 est
659 3223 712 3277 in
742 3223 1010 3288 claritate,
1064 3235 1122 3280 ut
1167 3225 1238 3281 sit
1287 3241 1520 3282 sensus:
1574 3242 1682 3283 non
1732 3242 1817 3282 me
1846 3228 2099 3284 videbitis

518 3315 733 3378 amodo,
765 3316 973 3372 scilicet
997 3331 1101 3371 non
1132 3332 1220 3371 me
1257 3317 1509 3374 videbitis
1539 3326 1823 3373 venturum
1852 3319 1904 3374 in
1936 3320 2101 3375 clari-

518 3414 652 3474 tate,
682 3410 776 3465 sed
806 3411 1122 3479 terribilem,
1160 3410 1363 3467 habent
1389 3414 1535 3468 enim
1562 3414 1729 3469 etiam
1759 3428 1902 3468 nunc
1927 3412 2101 3469 Iudaei

519 3512 730 3573 tempus
772 3505 1106 3574 poenitentiae
1152 3519 1491 3561 concessum.
1545 3505 1919 3562 Conﬁteantur
1967 3522 2101 3578 ergo

515 3595 789 3651 Christum
834 3612 957 3653 esse
986 3597 1081 3652 Dei
1113 3596 1329 3665 Filium,
1368 3606 1424 3654 et
1452 3598 1634 3667 dicant
1663 3616 1677 3653 :
1724 3618 1742 3650 ι
1778 3597 2101 3653 Benedictus

512 3688 603 3757 qui
632 3688 779 3742 venit
801 3689 852 3743 in
884 3690 1103 3745 nomine
1128 3689 1361 3754 Domini,
1392 3709 1414 3744 ι
1459 3698 1515 3746 ει
1539 3689 1733 3746 faciem
1762 3690 1932 3761 ipsius
1952 3690 2102 3745 vide-

512 3781 665 3845 bunt,
699 3780 751 3835 id
780 3790 863 3837 est
899 3782 1262 3850 cognitionem
1297 3782 1415 3853 ejus
1450 3782 1649 3839 habere
1694 3790 1970 3853 poterunt,
2006 3782 2100 3853 qui

515 3871 645 3925 vivit
672 3879 728 3927 et
761 3882 974 3944 regnat,
996 3882 1381 4001 etc.HOMILIA
1414 3943 1482 3999 Vl

518 4030 574 4086 IN
626 4047 784 4087 ILLUD
829 4032 1099 4089 Murus—:1
1145 4050 1158 4087 :
1200 4033 1458 4102 Defuncto
1510 4044 1683 4087 autem
1722 4032 1956 4100 Herode,
1984 4036 2119 4088 ecce

584 4102 799 4174 angelus
860 4102 1071 4157 Domini
1114 4104 1384 4174 gapparuit
1440 4103 1494 4157 in
1539 4104 1735 4158 somnis
1784 4103 1980 4172 Ioseph
2041 4105 2096 4159 in

582 4172 812 4244 ijIgypto
842 4174 1023 4228 dicens
1047 4187 1065 4225 :
1100 4171 1338 4244 Su'rqeet
1370 4175 1545 4244 accipe
1562 4190 1782 4244 puerum
1808 4184 1856 4229 et
1878 4184 2099 4230 matrem

582 4241 787 4312 quae:
810 4245 937 4299 vade
966 4245 1019 4297 in
1044 4254 1238 4299 terram
1266 4242 1457 4298 Israel.

586 4332 765 4388 Primo
806 4335 1045 4388 omnium
1078 4333 1428 4405 quaerendum
1448 4341 1545 4403 ,εει
1588 4347 1757 4404 quare
1786 4333 1931 4390 dicat
1965 4334 2095 4390 Mat—

513 4422 683 4476 thceus
706 4422 971 4478 Herodem
996 4424 1330 4489 defunctum,
1362 4440 1484 4479 cum
1527 4424 1705 4481 Lucas
1752 4426 1897 4481 dicat
1924 4424 2094 4483 Ioan-

2205 1938 2404 2009 Ioseph
2432 1954 2448 2003 ;
2472 1936 2601 2008 quia
2628 1936 2843 2006 quando
2869 1934 3091 2005 angelus
3123 1933 3404 1990 admonuit
3437 1948 3564 1990 eum
3594 1942 3657 1988 ut
3705 1947 3799 1989 re-

2206 2038 2509 2085 verteretur
2552 2028 2607 2083 in
2655 2036 2857 2083 terram
2887 2025 3073 2093 Israel,
3118 2040 3225 2119 non
3275 2026 3413 2082 dixit
3461 2027 3690 2097 proprie
3728 2029 3798 2082 ad

2206 2139 2366 2196 quem
2395 2124 2575 2179 locum
2618 2121 2891 2178 declinare
2934 2119 3227 2184 debuisset,
3254 2120 3368 2175 sive
3392 2119 3520 2190 quia
3559 2119 3801 2175 credidit

2195 2214 2405 2285 Ioseph
2443 2215 2584 2286 quod
2621 2228 2758 2283 puer
2785 2219 2948 2268 tantae
2983 2211 3322 2295 auctoritatis
3364 2225 3474 2265 non
3507 2209 3799 2266 debuisset

2206 2307 2402 2363 alicubi
2424 2304 2618 2360 nutriri
2648 2303 2753 2360 nisi
2780 2303 2833 2358 in
2859 2302 3078 2374 egregia
3104 2302 3240 2358 urbe
3264 2301 3317 2356 in
3348 2317 3457 2372 qua
3485 2315 3610 2366 rex,
3645 2302 3797 2372 prin-

2206 2401 2353 2470 cipes
2374 2398 2738 2464 sacerdotum,
2769 2407 2825 2454 et
2849 2396 2984 2469 legis
3007 2396 3257 2453 doctores
3291 2406 3468 2462 erant,
3498 2407 3557 2453 et
3590 2397 3797 2453 idcirco

2206 2491 2543 2548 Hierusalem
2573 2490 2867 2547 ascendere
2887 2488 3084 2556 voluit;
3131 2488 3225 2546 sed
3269 2499 3557 2560 postquam
3590 2490 3794 2546 audivit

2205 2584 2347 2654 quod
2379 2582 2678 2639 Archelaus
2719 2590 2970 2651 regnaret
3017 2581 3111 2646 ibi,
3157 2580 3323 2651 erepit
3365 2581 3693 2651 angustiari,
3743 2590 3793 2635 et

2204 2676 2327 2730 ideo
2353 2675 2593 2731 secundo
2618 2674 2897 2730 admonuit
2922 2672 3146 2745 angelus
3173 2688 3298 2728 eum
3326 2682 3403 2735 ut
3420 2683 3798 2733 reverteretur

2205 2765 2258 2820 in
2289 2760 2586 2821 Galilaeam.
2618 2764 2751 2820 Item
2772 2765 3121 2835 quaerendum
3146 2774 3231 2820 est
3250 2778 3420 2835 quare
3440 2767 3594 2822 dicat
3620 2766 3798 2824 Lucas

2203 2866 2454 2927 parentes
2483 2857 2694 2913 Domini
2730 2872 2845 2928 per.
2877 2872 3068 2914 omnes
3110 2873 3283 2913 annos
3319 2859 3643 2916 ascendisse
3672 2859 3798 2915 Hie-

2204 2948 2554 3022 rosolymam,
2577 2965 2701 3007 cum
2734 2948 3018 3005 Matthaaus
3046 2950 3192 3005 dicat
3214 2947 3413 3020 Ioseph
3449 2950 3653 3007 timore
3694 2952 3795 3007 Are

2202 3042 2377 3100 chelai
2416 3044 2708 3101 secessisse
2753 3045 2809 3100 in
2848 3044 3148 3101 Galilaeam.
3187 3044 3469 3113 Quomodo
3514 3061 3653 3118 ergo
3697 3062 3795 3118 per

2202 3152 2394 3193 omnes
2430 3151 2603 3195 annos
2637 3137 3020 3203 ascenderunt,
3049 3138 3096 3194 si
3141 3138 3338 3193 timore
3376 3138 3636 3193 Archelai
3683 3153 3791 3193 non

2201 3232 2316 3286 ausi
2338 3240 2465 3286 sunt
2492 3230 2567 3286 ibi
2593 3230 2877 3287 habitare?
2899 3230 3142 3287 Solvitur
3160 3240 3341 3286 tamen
3369 3230 3451 3287 sic
3472 3229 3653 3301 :quod
3682 3228 3793 3286 for-

2203 3325 2361 3381 lassis
2403 3324 2614 3381 scilicet
2636 3323 2935 3380 Archelaus
2963 3338 3129 3395 parvo
3160 3331 3398 3393 tempore
3427 3322 3705 3393 regnavit,
3735 3330 3791 3378 et

2202 3418 2322 3473 ideo
2350 3426 2603 3487 parentes
2645 3415 2856 3471 Domini
2897 3429 2994 3486 per
3031 3428 3220 3471 omnes
3256 3428 3428 3469 annos
3470 3427 3671 3469 secure
3694 3428 3795 3483 po-

2202 3515 2421 3564 tuerunt
2477 3508 2768 3577 ascendere
2808 3506 3175 3569 Hierusalem;
3227 3521 3375 3579 nam,
3403 3505 3551 3562 sicut
3598 3513 3794 3561 narrat

2199 3594 2467 3668 Iosephus
2508 3586 2993 3668 historiographus,
3025 3596 3113 3651 vix
3145 3597 3334 3653 decem
3378 3596 3540 3651 annis
3582 3596 3791 3666 potitus

2200 3704 2366 3759 regno
2385 3700 2669 3747 accusatus
2689 3701 2774 3746 est
2798 3689 2867 3746 ab
2888 3687 3089 3745 Iudaeis
3104 3689 3245 3759 apud
3268 3688 3539 3745 Caesarem
3566 3698 3796 3759 propter

2200 3779 2421 3835 nimiam
2448 3780 2790 3836 insolentiam
2816 3787 2870 3835 et
2893 3777 3232 3834 ferocitatem
3272 3778 3462 3845 animi,
3491 3786 3549 3834 et
3578 3778 3790 3851 relega-

2201 3879 2289 3928 tus
2315 3880 2401 3928 est
2427 3873 2619 3929 exsilio
2648 3872 2787 3942 apud
2814 3869 3084 3927 Viennam
3133 3871 3429 3927 civitatem.
3486 3869 3596 3927 Sed
3643 3870 3790 3926 forte

2199 3965 2343 4021 dicet
2373 3966 2566 4036 aliquis
2591 3966 2733 4036 quod
2757 3964 3059 4022 Archelaus
3099 3963 3270 4020 multo
3294 3972 3539 4034 tempore
3587 3981 3791 4037 regna-

2197 4058 2295 4114 vit.
2325 4059 2408 4113 Ad
2439 4059 2555 4114 haec
2582 4058 3015 4128 respondendum
3040 4065 3125 4114 est
3151 4058 3225 4113 ita
3249 4075 3264 4112 :
3308 4056 3497 4114 Solent
3532 4058 3788 4115 homines

2197 4150 2418 4207 visitare
2443 4150 2559 4207 loca
2589 4151 2661 4208 ad
2681 4158 2910 4222 tempus,
2938 4150 2995 4206 in
3027 4149 3222 4220 quibus
3249 4164 3353 4205 non
3390 4149 3595 4204 audent
3638 4163 3789 4205 sem-

2196 4257 2294 4314 per
2320 4242 2589 4298 habitare.
2620 4241 2881 4298 Parentes
2927 4242 3072 4298 enim
3126 4241 3324 4300 nostri.
3353 4239 3657 4297 Salvatoris
3704 4240 3789 4295 sic

2198 4331 2801 4389 timebantArebelaum
2824 4340 3005 4387 utnon
3028 4340 3213 4388 essent
3232 4340 3632 4401 contemptores
3647 4331 3786 4404 legis

2195 4429 2250 4478 et
2279 4421 2401 4478 ideo
2428 4438 2526 4493 per
2551 4436 2741 4478 omnes
2765 4437 2936 4477 annos
2969 4421 3305 4478 Hierusalem
3337 4422 3634 4478 ascendere
3675 4437 3782 4493 po-

510 4531 629 4570 nem
678 4518 776 4571 sub
820 4516 1031 4573 Herode
1076 4519 1307 4590 coepisse
1346 4504 1661 4588 praedicare.
1707 4518 1947 4577 Solvitur
1976 4522 2090 4578 haec
2118 4559 2170 4619 υ
2200 4526 2441 4583 luerunt,
2494 4515 2584 4572 ubi
2616 4532 2721 4573 nou
2748 4531 2964 4587 semper
2992 4516 3109 4572 ausi
3138 4526 3296 4572 erant
3336 4515 3606 4583 habitare,
3664 4517 3785 4572 sive

510 4607 736 4674 quaestio
763 4617 943 4663 tamen
992 4611 1044 4663 in
1094 4612 1303 4666 duobus
1344 4612 1657 4667 hominibus
1690 4628 1855 4671 unum
1894 4628 2088 4670 nomen

510 4698 865 4767 habentibus;
898 4703 1003 4757 duo
1043 4704 1183 4757 enim
1228 4702 1443 4760 luerunt
1470 4703 1728 4773 Herodes,
1761 4706 1920 4764 idest
1942 4716 2096 4778 pater

509 4794 565 4842 et
591 4787 761 4856 Illius;
794 4806 914 4845 nam
955 4793 1170 4861 quando
1191 4792 1387 4865 Ioseph
1429 4796 1483 4849 in
1508 4795 1743 4868 Egypto
1770 4795 1893 4863 fuit,
1921 4795 2091 4852 Hero-

509 4874 603 4935 des
637 4894 789 4951 pater
829 4884 1121 4955 regnabat;
1152 4889 1369 4957 quando
1409 4904 1537 4944 vero
1566 4905 1818 4945 reversus
1860 4898 1965 4954 est,
1989 4889 2066 4943 Ar

508 4972 749 5041 chelaus,
784 4975 927 5031 ﬁlius
973 4978 1111 5055 ejus,
1165 4981 1470 5049 potiebatur
1527 4997 1728 5051 regno;
1762 4991 1817 5037 et
1874 4982 2089 5052 quando

505 5064 738 5137 Joannes
758 5070 919 5139 empit
946 5070 1258 5141 praedicare,
1297 5072 1534 5129 Herodes
1564 5074 1702 5129 lilius
1729 5084 1960 5146 praeerat
1983 5074 2089 5130 Ga-

506 5155 679 5225 li'reae,
711 5162 852 5216 unde
881 5161 1161 5217 Matthaeus
1210 5165 1371 5217 istum
1408 5180 1585 5235 regem
1625 5164 1884 5225 nominat.
1916 5163 2090 5221 Lucas

506 5248 655 5303 illum
693 5253 1039 5307 tetrarchaiu.
1075 5253 1205 5309 Item
1245 5254 1593 5324 qumreudum
1619 5264 1703 5309 est
1737 5270 1902 5323 quare
1942 5255 2090 5310 dicat

504 5341 789 5399 Matthazus
813 5344 1009 5415 Ioseph
1054 5347 1247 5402 timore
1280 5346 1534 5402 Archelai
1568 5348 1855 5401 secessisse
1887 5346 1939 5400 in
1979 5347 2085 5402 Ga-

504 5433 722 5499 lilagam,
758 5452 879 5491 eum
903 5436 1074 5491 Lucas
1103 5438 1243 5492 dicat
1277 5438 1540 5493 Herodem
1570 5453 1799 5507 praeesse
1827 5438 2081 5503 Galilzem,

503 5534 558 5580 et
581 5541 751 5596 quare
776 5527 943 5597 magis
979 5527 1159 5582 debuit
1199 5528 1389 5581 timere
1426 5526 1746 5583 Archelaum
1777 5543 1939 5597 quam
1980 5527 2085 5582 He-

503 5618 714 5684 rodem,
743 5633 863 5672 eum
895 5616 1086 5672 fratres
1113 5628 1317 5680 essent,
1351 5626 1405 5673 et
1432 5618 1588 5673 unius
1620 5617 1788 5686 patris
1817 5617 1929 5671 lilii.
1962 5617 2083 5672 Sol-

503 5706 649 5760 vitur
680 5708 795 5762 hinc
821 5708 1044 5777 qurestio
1068 5708 1117 5761 in
1149 5709 1446 5762 mutatione
1474 5717 1793 5776 temporum,
1833 5722 1954 5761 nam
1979 5706 2083 5761 alio

505 5809 747 5871 tempore
783 5804 1025 5872 regnavit
1066 5805 1365 5862 Archelaus
1413 5803 1469 5860 in
1497 5800 1703 5871 Iudaea,
1729 5804 1919 5861 etalio
1950 5813 2085 5861 tem-

2197 4611 2342 4666 inter
2376 4609 2665 4681 plurimam
2718 4610 2930 4665 turbam
2976 4609 3294 4681 populorum
3334 4608 3629 4666 ascendere
3681 4626 3780 4680 po-

2200 4709 2438 4765 tuerunt,
2467 4708 2526 4755 ut
2571 4716 2677 4755 non
2707 4710 3152 4773 agnoscerentur.
3191 4700 3324 4757 Item
3374 4700 3544 4770 quaeri
3594 4708 3781 4771 potest

2140 4796 2143 4797 ⁷
2195 4807 2361 4862 quare
2392 4792 2537 4848 dicat
2561 4792 2737 4847 Lucas
2779 4792 3111 4863 evangelista
3141 4793 3426 4848 Dominum
3471 4793 3781 4864 quadrage-

2194 4884 2333 4939 simo
2361 4884 2449 4939 die
2476 4883 2531 4939 in
2560 4882 2761 4953 templo
2787 4891 3189 4953 praesentatum,
3221 4891 3278 4939 et
3300 4946 3303 4949 _
3325 4898 3551 4939 munera
3577 4898 3680 4953 pro
3710 4898 3779 4940 eo

2193 4975 2372 5031 oblata
2393 4994 2405 5029 :
2424 4983 2478 5030 et
2501 4973 2784 5030 Mattheus
2804 4975 2949 5031 dicat
2970 4973 3237 5031 Herodem
3258 4974 3530 5030 turbatum
3550 4976 3778 5031 venien-

2195 5068 2339 5124 tibus
2367 5068 2559 5138 magis,
2587 5076 2642 5122 et
2678 5068 3051 5124 nuntiantibus
3088 5083 3272 5138 regem
3301 5066 3609 5125 Iudaeorum
3649 5085 3775 5125 esse

2192 5170 2401 5214 natum.
2437 5157 2494 5213 Si
2529 5157 2773 5214 Herodes
2812 5168 3031 5229 propter
3060 5157 3289 5215 relatum
3326 5174 3604 5230 magorum
3657 5168 3747 5215 tur

2191 5251 2350 5306 batus
2373 5260 2479 5315 est,
2493 5250 2763 5321 quomodo
2776 5261 3026 5320 parentes
3042 5249 3170 5306 Iesu
3193 5251 3308 5307 ausi
3330 5260 3457 5306 sunt
3476 5251 3776 5307 ascendere

2189 5343 2258 5397 ad
2305 5342 2600 5413 templum?
2666 5340 2723 5397 Si
2765 5342 2888 5413 quis
2936 5342 3325 5413 aliquantulam
3372 5343 3771 5413 experientiam

2192 5434 2549 5488 lnnnanarum
2578 5448 2758 5488 rerum
2790 5432 2988 5498 habet,
3038 5448 3144 5489 non
3190 5434 3398 5505 ignorat
3430 5433 3572 5504 quod
3601 5434 3771 5491 corda

2143 5532 2150 5539 '
2192 5539 2378 5596 regum
2404 5525 2633 5581 diversis
2654 5524 2802 5580 euris
2835 5534 2891 5580 et
2917 5524 3371 5581 sollicitudinibus
3394 5536 3772 5596 praeoccupata

2191 5627 2338 5683 sunt,
2373 5618 2607 5672 maxime
2633 5617 2843 5672 illorum
2871 5617 2962 5687 qui
2986 5626 3113 5672 sunt
3149 5619 3426 5673 constituti
3462 5618 3567 5674 sub
3591 5618 3768 5689 impe-

2191 5710 2272 5764 rio
2301 5710 2543 5765 alterius.
2592 5708 2724 5777 Quis
2751 5708 2896 5764 enim
2926 5709 3067 5765 seire
3098 5718 3280 5781 potest
3307 5719 3506 5780 quanta
3539 5711 3643 5766 iste
3670 5726 3766 5765 au.

2189 5804 2350 5860 dierit
2396 5812 2489 5859 aut
2532 5819 2597 5860 ex
2628 5811 2780 5874 parte
2803 5802 3031 5865 Caesaris
3053 5842 3070 5871 ,
3101 5812 3197 5860 aut
3223 5817 3292 5861 ex
3320 5812 3474 5875 parte
3501 5803 3762 5872 hostium,
