3920 5722
48 385 144 444 897

1506 380 1834 438 IIOMILIE.

3199 381 3302 438 898

46 508 134 555 aut
163 497 339 569 aliqua
383 495 587 567 majore
613 511 775 554 causa
805 501 1231 568 pmoccupatus,
1263 503 1315 547 et
1355 493 1474 549 ideo
1503 511 1615 549 ma-
1645 504 1690 562 Α
1720 497 1833 552 lore
1876 495 1976 550 coli
1998 537 2011 559 ,
2065 505 2275 550 tumore
2300 494 2517 566 pedum,
2551 503 2604 551 et
2635 495 2773 551 inter
2803 502 3024 556 caetera,
3059 497 3297 550 verenda

46 607 138 663 gos
187 590 440 645 oblivioni
487 591 708 645 tradidit
756 591 821 644 ad
855 599 1084 658 tempus,
1132 597 1185 642 et
1229 588 1346 642 ideo
1371 596 1622 656 parentes

44 683 252 738 Domini
297 685 471 740 secur-i
520 683 818 740 ascendere
861 689 1153 752 potuerunt
1200 679 1266 732 ad
1321 678 1619 748 templum;

43 776 156 829 sive
206 775 436 829 credidit
481 774 724 830 Herodes
769 772 908 842 quod
960 772 1098 841 magi
1146 785 1250 824 non
1291 769 1624 824 invenissent

41 882 290 938 puerum,
315 875 368 922 et
413 867 532 922 ideo
561 865 907 922 verecundati
950 862 1179 918 fuissent
1213 861 1412 917 reverti
1445 861 1512 916 ad
1542 877 1620 929 se,

41 967 91 1011 et
141 957 345 1012 idcirco
392 972 495 1012 non
543 957 754 1011 curavit
799 969 1042 1024 quaerere
1073 968 1321 1023 puerum.
1347 952 1454 1008 Sed
1477 962 1626 1024 post-

40 1064 204 1118 quam
234 1050 479 1119 pervenit
523 1048 663 1102 fama
695 1049 762 1102 ad
799 1063 956 1102 aures
1003 1046 1147 1100 illius
1180 1045 1305 1116 quia
1353 1060 1489 1115 puer
1535 1047 1627 1100 de-

39 1141 188 1195 latus
220 1141 412 1214 fuisset
441 1141 505 1195 ad
535 1140 826 1210 templum,
860 1150 913 1194 et
942 1153 1168 1194 munera
1197 1153 1295 1209 pro
1322 1151 1389 1192 eo
1423 1137 1621 1200 oblata,

39 1243 88 1287 et
116 1232 342 1286 Simeon
368 1242 424 1288 et
458 1233 613 1286 Anna
650 1231 815 1286 multa
847 1231 913 1286 de
941 1245 1008 1286 eo
1033 1231 1470 1302 prophetassent,
1501 1237 1628 1284 tunc

38 1324 299 1395 cognovit
349 1340 406 1378 se
450 1323 694 1379 delusum
742 1340 772 1378 a
822 1323 1023 1393 magis,
1055 1330 1110 1376 et
1140 1321 1312 1375 iratus
1339 1328 1422 1375 est
1452 1320 1624 1374 valde.

37 1417 90 1471 In
122 1433 196 1472 eo
227 1416 370 1486 quod
403 1417 660 1470 Dominus
684 1415 849 1486 fugit,
881 1414 1036 1470 nobis
1079 1413 1384 1485 exemplum
1410 1413 1629 1484 reliquit

37 1506 285 1577 fugiendi
313 1546 328 1570 ,
367 1505 790 1575 reprehensibile
835 1507 980 1560 enim
1029 1506 1304 1560 videretur
1338 1506 1478 1574 apud
1510 1521 1631 1560 sau-

38 1611 161 1656 ctos
197 1615 346 1665 suos,
379 1600 423 1653 si
456 1599 553 1669 ipsi
590 1598 856 1670 fugerent,
903 1608 959 1652 et
1009 1598 1097 1652 ille
1140 1598 1289 1668 prius
1320 1614 1426 1652 non
1465 1596 1632 1669 fugis-

37 1705 154 1760 set;
192 1711 316 1748 nam
347 1694 491 1763 quod
533 1693 682 1764 prius
711 1692 956 1762 exetnplo
983 1691 1251 1758 ostendit,
1301 1701 1483 1762 postea
1516 1706 1632 1745 ver-

35 1787 117 1840 bis
161 1785 349 1839 docuit
387 1800 508 1839 cum
554 1785 631 1838 ait
671 1799 684 1838 :
735 1803 751 1834 ι
778 1783 832 1838 Si
867 1799 961 1836 vos
1008 1783 1277 1854 persecuti
1328 1783 1526 1837 fuerint
1575 1783 1628 1838 in

1727 587 1870 643 iIltus
1893 590 2171 642 vermibus
2195 598 2404 643 scatere
2427 598 2740 658 coeperant;
2775 597 2830 642 et
2853 603 2974 642 cum
3002 589 3177 642 adhuc
3202 588 3298 642 ha-

1724 679 1879 735 beret
1921 695 2073 752 spem
2109 681 2344 746 vivendi,
2398 681 2710 750 deportatus
2758 688 2841 734 est
2888 678 2940 732 in
2985 677 3303 733 Jerichum:

1725 783 1949 846 accepto
2000 790 2128 830 vero
2176 775 2403 830 consilio
2465 775 2797 829 medicorum
2849 772 3103 828 utebatur
3152 771 3307 841 aquis

1723 867 1915 924 calidis
1938 909 1952 933 ,
2011 877 2064 922 et
2093 867 2338 922 introivit
2386 867 2440 922 in
2464 867 2657 923 oleum
2686 867 2952 931 calidum;
3005 866 3147 921 unde
3169 865 3304 920 adeo

1725 973 1851 1018 sunt
1880 944 2114 1019 resoluta
2164 962 2346 1018 omnia
2389 964 2626 1017 membra
2677 962 2851 1027 illius,
2898 961 3149 1016 utetiam
3197 960 3300 1031 ipsi

1727 1055 1867 1112 oculi
1895 1071 1925 1110 a
1956 1056 2190 1126 propriis
2218 1055 2437 1110 sedibus
2465 1054 2658 1123 expelli
2688 1054 3024 1118 viderentur,
3063 1062 3119 1107 et
3151 1060 3302 1108 tanta

1729 1148 1959 1203 aviditas
2009 1145 2368 1201 manducandi
2424 1146 2476 1200 in
2526 1145 2614 1200 illo
2668 1145 2786 1210 fuit,
2833 1154 2894 1199 ut
2935 1159 3123 1200 omnes
3169 1158 3308 1212 pene

1729 1241 1889 1310 coqui
1918 1237 2034 1307 ejus
2068 1239 2159 1292 vix
2185 1245 2407 1308 possent
2435 1245 2580 1291 tanta
2605 1251 2934 1307 praeparare,
2967 1244 3166 1306 quanta
3199 1235 3314 1303 ipse

1731 1336 2080 1398 manducare,
2119 1341 2320 1388 etcum
2363 1331 2474 1400 jam
2508 1333 2824 1402 desperatus
2861 1340 3005 1388 esset
3050 1333 3114 1386 de
3143 1329 3314 1386 salute.

1731 1427 1975 1498 corporis
2023 1427 2126 1490 sui,
2174 1426 2335 1495 jussit
2377 1424 2550 1496 colligi
2603 1426 2668 1480 ad
2696 1441 2754 1481 se
2785 1441 2975 1480 omnes
3020 1423 3312 1480 nobiliores

1731 1528 1787 1575 et
1808 1519 2100 1589 primarios
2149 1518 2213 1572 de
2264 1516 2418 1582 vicis,
2454 1517 2691 1572 castellis
2718 1527 2772 1572 et
2805 1517 3118 1571 civitatibus
3151 1515 3314 1570 totius

1731 1611 1948 1676 Iudaeae,
1981 1619 2035 1665 et
2059 1608 2221 1680 jussit
2247 1622 2340 1662 eos
2369 1609 2571 1665 recludi
2614 1609 2664 1664 in
2710 1609 2830 1665 loco
2855 1607 2945 1678 qui
2975 1607 3169 1662 dicitur
3196 1605 3314 1675 hip-

1731 1702 2054 1773 podromus;
2101 1709 2301 1758 etcum
2328 1704 2538 1758 videret
2566 1701 2667 1756 sibi
2694 1701 2980 1756 imminere
3006 1701 3143 1754 diem
3174 1712 3318 1752 mor-

1735 1793 1803 1847 tis
1826 1809 1935 1848 suae
1963 1834 1976 1857 ,
2029 1795 2246 1850 vocavit
2287 1809 2529 1850 sororem
2575 1777 3011 1857 suam'Salome,
3043 1778 3114 1845 et
3141 1790 3315 1844 virum

35 1893 146 1931 una
183 1875 432 1939 civitate,
468 1873 633 1946 fugite
685 1875 738 1928 itt
788 1874 971 1928 aliam.
1007 1892 1025 1924 ι
1076 1873 1181 1927 Per
1209 1873 1312 1928 hoc
1342 1873 1483 1943 quod
1513 1889 1631 1943 par-

1746 1886 1852 1956 ejus
1886 1885 2287 1962 Alexandrum,
2329 1896 2384 1944 et
2433 1887 2569 1942 dixit
2610 1885 2751 1940 illis:
2808 1884 2935 1940 Seio
2982 1883 3197 1954 quidem
3225 1880 3319 1937 Ju-

34 1973 142 2026 vuli
173 1970 343 2026 occisi
373 1979 519 2034 sunt,
549 1978 604 2024 et
633 1983 766 2038 puer
788 1966 944 2022 Jesus
973 1966 1062 2034 qui
1095 1966 1438 2043 quaerebatur
1476 1965 1631 2020 vivus

34 2063 236 2126 evasit,
275 2061 685 2132 siguillcabatur
712 2059 836 2130 quia
877 2074 1106 2131 corpora
1148 2067 1460 2111 sanctorum
1492 2070 1634 2110 mar-

34 2164 220 2227 tyrum
258 2161 520 2224 poterunt
570 2152 766 2217 occidi,
819 2151 912 2206 sed
965 2151 1098 2206 fides
1143 2164 1263 2220 quae
1303 2149 1354 2203 in
1387 2148 1493 2203 illis
1518 2154 1636 2201 erat

33 2249 187 2304 nullo
216 2249 383 2302 modo
412 2254 595 2317 posset
621 2247 891 2318 exstingui
920 2287 935 2310 ,
962 2246 1052 2316 qui
1092 2246 1360 2300 veraciter
1386 2253 1638 2314 poterant

31 2345 226 2399 dicere
257 2358 382 2398 cum
412 2340 615 2396 Paulo:
645 2359 664 2393 ‹
695 2338 820 2396 Sive
860 2341 1092 2396 vivimus
1127 2338 1352 2394 Domino
1383 2339 1634 2404 vivimus,

32 2438 151 2491 sive
186 2435 462 2490 morimur
491 2433 717 2488 Domino
748 2433 1031 2499 morimur,
1067 2433 1180 2487 sive
1207 2432 1350 2487 enim
1381 2431 1633 2496 vivimus,

30 2528 151 2582 sive
183 2526 482 2590 morimur,
505 2523 718 2578 Domini
749 2539 954 2579 sumus.
986 2543 1003 2575 ι
1029 2523 1132 2578 Per
1156 2524 1258 2579 hoc
1278 2523 1419 2592 quod
1439 2520 1637 2592 Joseph

29 2627 272 2690 propter
313 2614 746 2686 persecutionem
787 2613 1018 2669 Herodis
1060 2613 1194 2684 fugit
1237 2615 1290 2668 in
1319 2613 1638 2684 Egyptum,

30 2719 88 2764 et
121 2709 412 2764 exstincto
445 2706 534 2761 illo
566 2721 813 2762 reversus
844 2715 929 2762 est
971 2707 1022 2761 in
1053 2715 1253 2760 terram
1279 2705 1441 2760 Israel
1473 2703 1640 2774 signi-

29 2799 324 2855 ficabatur
349 2797 495 2868 quod
525 2797 676 2852 multi
708 2805 1019 2852 sanctorum
1057 2795 1356 2866 expellendi
1389 2801 1545 2848 erant
1571 2807 1640 2847 ex

27 2893 153 2947 Sttis
186 2889 440 2954 sedibus,
463 2897 516 2945 et
543 2889 785 2944 nonnulli
828 2891 992 2945 etiam
1033 2888 1228 2945 exsilio
1259 2886 1556 2958 relegandi,
1587 2895 1643 2941 et

27 2982 342 3040 exstinctis
389 2981 864 3051 persecutoribus,
915 2989 1003 3044 et,
1057 2979 1232 3034 denuo
1269 2976 1476 3032 reddita
1506 2990 1643 3046 pace

26 3077 332 3142 Ecclesia},
362 3074 637 3130 reversuri
683 3083 840 3129 erant
883 3073 951 3128 ad
997 3072 1246 3143 proprias
1290 3071 1468 3126 sedes.
1507 3067 1640 3122 Nam

24 3169 192 3242 quod
241 3181 382 3236 puer
429 3163 586 3220 Iesus
640 3164 966 3236 quaerendus
1011 3170 1156 3217 esset
1205 3161 1273 3214 ab
1320 3159 1555 3224 Herode,
1589 3165 1643 3212 et

24 3277 144 3315 non
203 3257 571 3314 inveniendus
621 3264 774 3310 antea
820 3255 932 3326 jam
963 3254 1278 3325 praedictum
1322 3250 1452 3316 fuit;
1505 3264 1642 3320 prae-

23 3350 184 3405 dixit
214 3348 367 3404 enim
398 3347 503 3402 hoc
541 3344 798 3400 Salomon
841 3346 895 3399 in
942 3359 1172 3415 persona
1221 3342 1475 3398 Ecclesize
1521 3357 1642 3396 cum

21 3444 105 3498 ait
151 3460 168 3496 :
213 3461 235 3492 ε
272 3439 409 3507 Quis
464 3438 612 3492 dabit
663 3438 754 3492 tibi
806 3437 1087 3491 fratuelem
1133 3451 1314 3490 mettm
1365 3443 1643 3506 sugentem

20 3537 218 3590 ubera
254 3529 453 3585 matris
482 3529 628 3584 suae?
666 3547 685 3579 ι
730 3526 934 3594 Quibus
971 3526 1151 3581 verbis
1184 3525 1418 3580 ostendit
1448 3524 1648 3593 impos-

16 3622 384 3679 sibilitatem
413 3617 721 3672 inveniendi
751 3617 1060 3680 Christum;
1110 3624 1166 3670 et
1208 3614 1492 3669 Psalmista
1523 3614 1599 3667 ait
1631 3631 1644 3667 :

24 3735 43 3765 ι
75 3715 174 3769 Ex
213 3720 406 3775 utero,
459 3711 524 3765 de
571 3718 762 3764 ventre
792 3709 982 3762 matris
1009 3722 1140 3761 meae
1179 3716 1234 3761 tu
1263 3722 1322 3762 es
1352 3720 1504 3760 meus
1527 3720 1650 3774 pro-

11 3816 271 3869 tector;
308 3821 328 3854 ι
371 3813 426 3856 et
453 3801 713 3856 Dominus
755 3815 851 3869 per
897 3798 1237 3854 Salomonem
1279 3817 1292 3851 :
1329 3816 1347 3849 ι
1399 3796 1652 3863 Quaerent

10 3917 115 3956 me
152 3907 224 3954 et
262 3911 373 3951 non
402 3895 711 3962 invenient;
744 3915 762 3946 ι
793 3902 848 3949 et
873 3893 1193 3949 subauditur
1218 3891 1376 3955 mali;
1414 3898 1468 3944 et
1500 3889 1653 3960 Moy-

9 4009 115 4048 ses
147 3993 287 4046 ltoc
331 3988 506 4057 ipsum
554 3987 801 4059 mysticis
845 3985 1026 4040 verbis
1070 3983 1321 4055 praedixit
1364 3997 1484 4035 cum
1531 3980 1650 4034 ait:

12 4103 37 4139 ι
77 4084 226 4140 Νοη
267 4095 473 4150 coques
496 4079 707 4134 haedum
751 4079 806 4133 in
849 4077 990 4132 lacte
1025 4076 1214 4131 matris
1240 4091 1371 4138 suae,
1406 4094 1424 4126 ›
1458 4073 1655 4144 quibus

3 4174 238 4230 verbis
271 4169 516 4225 ostendit
553 4168 830 4224 Christum
880 4183 986 4222 non
1030 4167 1084 4220 in
1122 4165 1368 4231 infantia,
1398 4179 1571 4235 neque
1601 4164 1656 4218 in

0 4262 324 4341 pueritia,
351 4260 444 4315 sed
484 4260 538 4313 in
584 4257 821 4328 perfecta
869 4267 1024 4312 aetate
1070 4256 1514 4326 crucifigendmn.
1553 4255 1658 4310 Per

3 4360 284 4417 haedum
333 4363 650 4423 peccatores
692 4352 1085 4424 intelliguntur,
1131 4359 1186 4405 et
1229 4351 1349 4405 ideo
1396 4349 1657 4403 Dominus

0 4453 254 4510 haedus
305 4445 531 4510 dicitur,
582 4444 712 4514 quia
757 4442 1164 4498 similitudinem
1217 4440 1398 4495 carnis
1450 4437 1658 4509 peccati

1 4540 330 4615 sumpsit,
363 4537 478 4592 sive
524 4535 649 4604 quia
701 4533 897 4590 obtulit
937 4548 996 4588 se
1046 4532 1277 4587 hostiam
1325 4532 1436 4586 Deo
1481 4530 1534 4584 in
1564 4543 1657 4582 ara

1734 1981 1879 2034 dares
1925 1981 2207 2051 gavisurus
2248 1981 2314 2035 de
2368 1987 2543 2035 morte
2589 1992 2730 2042 mea,
2785 1977 2879 2032 sed
2907 1984 3094 2046 potero
3121 1973 3319 2028 habere

1736 2070 1934 2126 multos
1983 2071 2255 2140 lugentes,
2315 2079 2369 2125 et
2404 2068 2614 2125 nobiles
2661 2053 2948 2136 exsequias
2997 2064 3224 2128 funeris,
3274 2062 3318 2117 si
3393 2071 3404 2078 '

1736 2163 1871 2218 meis
1914 2162 2197 2217 volueritis
2243 2161 2527 2232 praeceptis
2571 2159 2814 2224 obedire,
2845 2172 3078 2227 cumque
3110 2171 3194 2210 me
3223 2169 3314 2208 au-

1737 2253 1948 2308 dieritis
1996 2260 2268 2308 mortuum
2295 2294 2311 2320 ,
2359 2253 2675 2325 praeparatis
2706 2252 2986 2316 militibus,
3031 2248 3322 2304 interficite

1739 2362 1948 2428 omnes,
1973 2360 2111 2416 quos
2139 2360 2239 2416 ego
2267 2345 2442 2400 habeo
2481 2343 2722 2400 reclusos
2748 2343 2803 2398 in
2828 2341 3094 2404 custodia,
3121 2349 3181 2394 ut
3204 2355 3321 2395 om-

1740 2440 1826 2494 nis
1872 2439 2086 2502 domus,
2116 2447 2170 2493 et
2201 2438 2379 2492 omnis
2407 2437 2588 2493 Iudaea
2624 2436 2785 2492 etiam
2818 2436 2984 2490 invita
3013 2433 3204 2489 defleat
3233 2432 3331 2486 ob-

1740 2529 1874 2584 itum
1905 2544 2108 2583 meum.
2157 2527 2406 2582 Habebat
2434 2528 2482 2582 is
2502 2537 2766 2597 praeterea
2799 2524 3243 2582 consuetudinem
3271 2529 3330 2576 ut

1741 2631 1862 2692 post
1885 2636 2098 2675 omnem
2128 2619 2308 2675 cibum
2343 2627 2600 2690 purgaret
2624 2619 2740 2687 ipse
2763 2616 2963 2671 malum
2994 2624 3050 2670 et
3071 2613 3322 2668 comede-

1742 2719 1852 2774 ret;
1888 2711 2029 2779 quod
2059 2725 2181 2764 cum
2230 2708 2450 2764 fecisset
2496 2708 2728 2778 quadam
2759 2707 2846 2762 die
2879 2707 3090 2776 aspexit
3132 2705 3240 2758 huc
3268 2710 3326 2759 ct

1742 2803 1868 2858 illuc
1893 2803 2180 2858 utvideret
2215 2801 2258 2857 si
2291 2809 2436 2856 esset
2461 2800 2658 2870 aliquis
2685 2799 2774 2868 qui
2820 2813 2944 2853 eum
2978 2796 3323 2867 prohiberet;

1743 2912 1973 2966 cumque
1999 2895 2271 2950 neminem
2301 2893 2550 2960 vidisset,
2579 2891 2792 2946 vibrato
2823 2889 3037 2946 cultello
3060 2887 3330 2959 percussit

1742 2997 1933 3060 peetus
1978 3003 2133 3042 suum
2184 2995 2240 3042 et
2285 2985 2482 3042 cecidit
2527 2993 2791 3040 mortuus.
2839 2981 2954 3038 Hoc
2989 2980 3133 3036 facto
3161 2977 3327 3035 occisi

1745 3089 1872 3136 sunt
1900 3094 2089 3134 omnes
2119 3079 2208 3148 qui
2246 3078 2568 3132 tenebantur
2618 3076 2670 3132 in
2713 3073 2979 3139 custodia,
3031 3083 3086 3126 et
3129 3072 3208 3126 sic
3252 3069 3335 3123 fa-

1746 3181 1890 3225 ctum
1923 3179 2007 3225 est
2035 3178 2096 3223 ut
2138 3168 2317 3222 subito
2344 3167 2820 3237 exstinguerentur
2847 3178 3036 3219 omnes
3065 3161 3154 3232 qui
3190 3175 3336 3229 qua:-

1745 3264 1952 3318 sierunt
1974 3260 2208 3314 animam
2236 3259 2408 3328 pueri.
2434 3258 2491 3312 In
2513 3272 2577 3312 eo
2603 3257 2746 3326 quod
2773 3255 2902 3309 dicit
2920 3261 3142 3308 sanctus
3170 3265 3336 3306 evan.

1750 3353 1938 3426 gelista
1974 3352 2210 3406 animam
2239 3349 2415 3420 pueri,
2437 3347 2788 3402 destruuntur
2808 3343 3046 3399 haeretici
3071 3345 3161 3412 qui
3185 3341 3339 3393 dixe-

1749 3456 1875 3501 runt
1903 3443 2177 3500 Christum
2210 3457 2316 3496 non
2348 3439 2642 3509 sumpsisse
2670 3437 2929 3500 animam;
2954 3434 3048 3490 sed
3077 3433 3194 3487 loco
3223 3431 3337 3484 ani-

1751 3554 1852 3592 mae
1902 3535 2159 3591 habuisse
2209 3532 2571 3588 divinitatem.
2651 3527 2756 3583 Sed
2811 3528 2936 3597 quia
2989 3533 3134 3580 totus
3177 3525 3338 3577 homo

1751 3629 2007 3700 perierat,
2038 3625 2242 3681 idcirco
2269 3623 2364 3677 Dei
2387 3621 2557 3677 Filius
2587 3628 2754 3675 totum
2785 3617 3020 3687 suscepit
3044 3624 3102 3668 ut
3132 3623 3338 3668 utrum-

1752 3734 1858 3790 que
1885 3717 2192 3779 redimeret,
2227 3715 2279 3768 id
2307 3722 2390 3768 est
2433 3700 2667 3766 animam
2710 3721 2765 3764 et
2813 3721 3055 3763 carnem.
3095 3705 3161 3759 Et
3196 3701 3338 3773 quod

1755 3813 1844 3867 ille
1874 3824 2060 3864 veram
2107 3808 2342 3861 animam
2396 3804 2683 3867 habuerit,
2735 3802 2848 3872 ipse
2885 3797 3196 3854 manifestat
3218 3810 3340 3851 cum

1755 3902 1830 3956 ait
1856 3920 1868 3954 :
1905 3919 1923 3952 ‹
1955 3899 2284 3954 Potestatem
2327 3896 2500 3950 habeo
2525 3893 2758 3964 ponendi
2788 3891 3023 3946 animam
3061 3903 3262 3946 meam.
3288 3893 3344 3939 et

1755 4002 2076 4067 potestatem
2122 3991 2295 4045 habeo
2322 3988 2518 4043 iterum
2559 3985 2802 4040 sumendi
2839 3998 2978 4039 eam.
3012 4001 3030 4033 ι
3074 3981 3142 4035 Ει
3169 3980 3339 4034 item:

1765 4107 1783 4141 ι
1814 4087 1982 4143 Nemo
2027 4083 2180 4139 tollet
2227 4082 2462 4136 animam
2509 4093 2685 4134 meam
2732 4093 2762 4131 a
2808 4090 2913 4131 me.
2948 4094 2967 4128 ι
3002 4073 3068 4129 Ει
3096 4073 3289 4127 iterum
3327 4085 3340 4122 :

1765 4199 1783 4232 ί
1811 4176 2005 4233 Tristis
2048 4182 2132 4230 est
2179 4173 2361 4227 anima
2407 4187 2527 4226 mea
2580 4181 2750 4237 usque
2806 4167 2872 4221 ad
2926 4173 3175 4220 mortem.
3209 4180 3226 4211 ι
3279 4159 3346 4212 Ει

1760 4270 2127 4342 evangelista:
2170 4265 2475 4320 «Inclinato
2515 4262 2727 4332 capite,
2778 4258 2937 4313 .lesus
2985 4252 3205 4308 tradidit
3234 4250 3345 4319 spi-

1759 4364 1945 4419 ritum.
1980 4380 1998 4413 ι
2037 4357 2295 4428 Sequitur
2334 4373 2347 4408 :
2383 4373 2400 4405 ‹
2431 4353 2531 4426 Qui
2577 4362 2911 4418 consurgens
2959 4343 3168 4413 accepit
3216 4353 3345 4411 pue-

1763 4441 1914 4511 rum.
1940 4474 1957 4506 ι
1995 4451 2100 4506 Per
2130 4451 2232 4505 hoc
2273 4447 2418 4516 quod
2455 4444 2653 4513 Joseph
2696 4440 2968 4496 exstincto
3016 4433 3228 4491 Herode
3259 4445 3347 4486 re-

1762 4559 1952 4601 versus
1981 4550 2064 4598 est
2096 4541 2148 4594 in
2181 4549 2383 4592 terram
2410 4533 2575 4590 Israel
2605 4530 3031 4604 significabatur,
3047 4527 3173 4597 quia
3201 4531 3348 4595 post-

0 4635 245 4696 crlICiS
307 4642 408 4699 Ρΐο
452 4626 628 4682 “Obis-
685 4643 704 4676 ⁴
749 4623 996 4678 Dehinc“
1043 4631 1167 4677 sum
1207 4622 1298 4691 qui
1345 4620 1659 4691 (ιυεεινθικωι
1683 4656 1738 4716 D
1765 4650 1927 4706 quam
1952 4632 2218 4687 exstincta
2254 4627 2418 4682 fuerit
2444 4625 2646 4681 invidia
2679 4623 2731 4678 in
2759 4621 3016 4677 cordibus
3037 4617 3347 4674 Judatorum

0 4733 307 4790 animam
337 4721 514 4791 pueri.
542 4739 561 4772 ι
614 4717 972 4787 Quaerendum
999 4726 1082 4771 est
1110 4729 1280 4786 quare
1305 4714 1451 4769 dicat
1476 4712 1658 4782 plura-

0 4828 161 4881 liter
215 4810 479 4871 defuncti
525 4818 671 4875 sunt,
725 4824 846 4864 cum
895 4807 1142 4877 superius
1174 4805 1345 4861 solum
1389 4802 1658 4859 Herodem

0 4905 386 4975 narraverit
434 4902 692 4973 quaesisse
741 4900 974 4953 animam
1021 4897 1196 4967 pueri.
1260 4894 1498 4951 Solvitur
1543 4895 1658 4948 hmo

0 5001 300 5082 quaestio
328 5008 511 5052 tamen
535 4993 744 5048 duobus
772 4991 983 5047 modis:
1014 4999 1108 5046 aut
1135 4997 1284 5045 certe
1311 4987 1524 5044 locutus
1559 4985 1660 5041 fuit

0 5077 64 5160 s-a
77 5105 298 5157 nctus
313 5086 648 5157 evangelista
678 5099 776 5153 per
799 5082 1034 5153 speciem
1063 5082 1222 5152 tropi,
1271 5081 1488 5150 quando
1511 5077 1663 5136 multi

0 5193 357 5270 ponuntur
384 5195 484 5251 pro
510 5194 638 5242 uno,
671 5186 764 5230 aut
791 5186 937 5231 certe
964 5177 1124 5232 datur
1149 5175 1369 5247 intelligi
1402 5177 1530 5248 quia
1557 5187 1664 5229 non

0 5267 234 5347 solum
275 5273 543 5338 Herodes,
581 5270 680 5326 sed
727 5269 880 5324 multi
913 5267 1219 5326 Iudaeorum
1258 5273 1666 5327 consentientes

0 5377 301 5441 fuerunt
330 5367 384 5421 in
421 5381 553 5421 nece
586 5361 906 5418 Salvatoris.
948 5362 1054 5418 Sed
1088 5379 1208 5419 cum
1234 5362 1386 5417 multi
1419 5364 1662 5424 fuerunt,

0 5460 427 5548 l“gerendum
449 5466 532 5512 est
563 5455 838 5526 quomodo
859 5455 912 5509 in
939 5463 1046 5508 tam
1071 5455 1217 5510 brevi
1248 5454 1424 5524 spatio
1455 5453 1663 5512 exstin-

0 5546 79 5620 ξιί
116 5560 321 5613 sunt.
365 5546 649 5614 Quomodo
677 5559 808 5599 vero
834 5546 1086 5601 exstincti
1136 5547 1245 5602 sint
1280 5559 1470 5604 narrat
1498 5547 1670 5603 histo—

0 5660 92 5712 τίς,
160 5641 612 5704 ecclesiastica;
661 5636 793 5692 dicit
821 5639 966 5694 enim
996 5640 1122 5710 quia
1169 5639 1408 5695 Herodes
1447 5645 1670 5714 prepter

1762 4726 1908 4780 circa
1955 4721 2115 4776 fmem
2161 4716 2343 4772 saeculi
2370 4757 2385 4780 ,
2438 4713 2860 4787 praedicantibus
2908 4710 3020 4765 Elia
3062 4716 3117 4762 et
3142 4706 3345 4769 Henoc,

1762 4814 2024 4869 Dominus
2072 4808 2314 4863 visitabit
2360 4805 2598 4860 Iudaeam
2630 4803 2683 4857 in
2731 4802 2842 4857 suis
2884 4797 3348 4872 pradicatoribus.

1763 4905 2059 4975 Sequitur:
2094 4919 2112 4952 ι
2144 4899 2384 4954 Audiens
2412 4906 2590 4951 autem
2635 4893 2776 4964 quod
2819 4892 3122 4949 Archelaus
3153 4901 3349 4956 regna-

1765 5005 1851 5053 ret
1883 4998 1936 5051 in
1986 4995 2191 5051 Judtea.
2239 5011 2258 5043 ι
2295 4988 2595 5046 Archelaus
2633 4986 3029 5055 interpretatur
3072 4991 3356 5048 agnoscens

1768 5090 1880 5157 leo;
1915 5101 1970 5147 et
1998 5086 2268 5162 significat
2316 5084 2466 5138 illum
2519 5080 2733 5134 leonem
2776 5078 2844 5133 de
2875 5094 2984 5149 quo
3009 5075 3202 5162 Petrus
3233 5065 3312 5118 ait
3345 5083 3360 5120 :

1775 5200 1794 5233 ι
1826 5161 2064 5242 Solliciti
2089 5186 2262 5236 estote
2297 5185 2354 5231 et
2377 5173 2595 5246 vigilate
2625 5169 2752 5238 quia
2794 5161 3143 5224 adversarius
3184 5162 3369 5210 vester

1770 5283 2032 5346 tanquam
2081 5273 2165 5326 leo
2215 5267 2436 5337 rugiens
2481 5259 2694 5318 circuit.
2727 5278 2745 5307 ›
2803 5257 2912 5312 Per
2966 5257 3114 5311 illam
3154 5252 3370 5346 partem

1771 5335 1959 5436 populi
1991 5371 2043 5426 in
2072 5377 2177 5436 qua
2206 5335 2311 5414 non
2345 5371 2508 5414 ausus
2547 5349 2711 5406 fuerit
2735 5348 2986 5402 habitare
3014 5336 3213 5436 Joseph
3233 5373 3248 5398 ,
3268 5335 3378 5436 ‘de-

1773 5423 2065 5525 signant—ur
2091 5423 2172 5511 illi
2203 5451 2294 5521 qui
2321 5451 2466 5505 circa
2496 5444 2663 5500 finem
2708 5437 2898 5493 smculi
2929 5428 3230 5525 suscipi“?
3249 5423 3376 5525 βη-

1771 5514 2132 5610 ιίὲιιτεεέζίηι,
2170 5514 2237 5595 ἰη-
2265 5541 2463 5611 quibus
2505 5527 2773 5588 habitabit
2818 5527 3160 5584 Archelaus,
3213 5514 3265 5569 id
3283 5524 3386 5611 _est

1773 5637 2059 5709 diabolus;
2096 5649 2194 5709 per
2224 5632 2368 5686 illam
2395 5641 2526 5684 vero
2573 5627 2787 5690 partem
2834 5618 2890 5672 in
2931 5635 3037 5690 qua
3063 5621 3254 5668 secure
3283 5607 3423 5711 ha—_

3122 5716 3139 5722 Α
3175 5712 3362 5722 amna-I—
