4038 6490
545 463 657 539 899'

1106 477 1368 549 REMIGII
1403 476 2057 567 ANTISSIODORENSIS
2093 476 2241 532 OPP.
2283 475 2464 533 PARS
2499 476 2562 532 II.
2600 506 2670 518 —
2709 477 3204 534 MISCELLANEA.

3686 476 3801 534 900

546 593 598 649 in
652 589 844 661 quibus
880 605 1069 654 secure
1114 590 1376 645 habitabit
1429 587 1622 658 Joseph
1649 630 1663 654 ,
1718 589 1852 643 ordo
1901 589 2106 643 scilicet
2142 597 2188 651 Α
2219 570 2295 645 dit
2323 608 2336 643 ε
2374 609 2391 640 ι
2430 591 2482 643 in
2511 589 2698 644 diebus
2729 590 2956 645 Herodis
2988 593 3149 662 regis,
3182 611 3199 642 ι
3233 600 3282 646 et
3311 593 3425 648 hate
3457 592 3556 647 tria
3583 595 3648 646 ad
3673 609 3806 649 con-

542 685 992 758 praedicatorum;
1042 681 1179 738 unde
1223 685 1358 737 bene
1408 680 1627 736 Galilaea
1686 681 2111 751 transmigratio,

546 770 659 831 sive
682 767 939 830 revelatio
968 773 1109 846 facta
1158 771 1565 842 interpretatur.
1625 769 1892 825 Nazareth
1923 770 2120 825 dicitur

544 857 642 920 ﬂos
661 907 674 929 ,
699 866 814 940 .sive
844 865 1071 918 inundus
1090 903 1104 927 ,
1133 879 1256 916 nam
1282 870 1472 916 sancta
1504 860 1743 916 Ecclesia
1773 871 1976 930 quanto
2007 857 2146 914 ma-'

547 958 628 1028 gis
658 957 721 1011 de
755 955 1051 1026 visibilibus
1082 955 1146 1008 ad
1181 949 1506 1018 invisibilia,
1550 954 1614 1008 de
1648 954 1876 1010 terrenis
1911 955 1976 1007 ad
2007 969 2118 1008 cte-

544 1045 698 1105 lestia
736 1049 962 1113 transit,
1019 1053 1170 1101 tanto
1205 1046 1375 1114 magis
1422 1045 1658 1100 abundat
1687 1043 1909 1101 ﬂoribus
1955 1047 2121 1099 virtu-

547 1149 676 1195 tum.
714 1140 968 1209 Sequitur
997 1159 1009 1192 :
1048 1158 1065 1190 l
1099 1137 1167 1194 Ut
1195 1137 1583 1207 adimpleretur
1622 1138 1764 1207 quod
1809 1137 2007 1191 dictum
2039 1145 2124 1190 est

545 1246 639 1302 per
662 1229 970 1300 prophetas.
1002 1247 1020 1279 ι
1068 1228 1206 1282 Dicit
1265 1227 1455 1281 beatus
1501 1227 1856 1296 Hieronymus
1904 1226 2027 1296 quia
2076 1225 2126 1280 si

544 1323 707 1378 ﬁxum
762 1319 1124 1376 testimonium
1169 1319 1437 1389 posuisset
1490 1316 1818 1386 evangelista
1867 1317 1930 1370 de
1977 1315 2124 1369 Scri-

543 1414 714 1482 pturis
739 1452 761 1474 ,
788 1426 890 1465 non
937 1409 1209 1464 diceretur
1247 1407 1333 1461 hic
1362 1406 1644 1477 pluraliter
1684 1422 1779 1478 per
1806 1407 2117 1476 prophetas.

543 1507 632 1559 sed
660 1521 754 1576 per
787 1503 1138 1574 prophetam,
1176 1508 1228 1554 et
1260 1501 1383 1570 quia
1418 1500 1582 1553 fixum
1615 1501 1977 1553 testimonium
2013 1514 2115 1550 non

545 1597 766 1667 reperit,
799 1595 916 1648 ideo
944 1594 1076 1646 dixit
1105 1607 1200 1663 per
1241 1592 1563 1661 prephetas;
1611 1585 1798 1645 omnes
1826 1591 1967 1643 enim
1999 1606 2120 1659 pro-

542 1677 717 1757 pheta:
749 1683 1022 1740 Christum
1073 1682 1430 1746 Nazarenum,
1483 1684 1584 1736 hoc
1625 1691 1706 1736 est
1743 1693 2007 1744 sanctum,
2033 1679 2121 1747 ju—

543 1776 721 1846 stum,
791 1787 844 1833 et
891 1777 1144 1831 mundum
1197 1769 1556 1846 praedixerunt
1605 1784 1908 1828 venturum.
1985 1769 2117 1826 Nam

544 1871 819 1926 Invenitur
864 1869 1064 1936 aliquid
1116 1868 1290 1922 simile
1329 1870 1450 1921 lmic
1502 1868 1552 1920 in
1605 1865 1781 1920 verbis
1821 1865 1970 1919 Isaiae
1999 1879 2121 1935 pro-

2219 665 2579 737 Iirmationem
2606 682 2888 737 narranda:
2912 683 2983 736 rei
3009 696 3299 754 ponuntur.
3322 685 3629 740 Bethlehem
3653 687 3806 755 prius

2219 767 2361 831 dicta
2395 783 2472 828 est
2505 774 2799 843 Euplirata,
2831 774 2922 828 sed
2969 785 3249 843 postquam
3294 774 3461 831 Jacob
3491 776 3804 844 patriarcha

2219 857 2366 936 pavit
2398 853 2700 933 ibipecora
2732 857 2850 929 sna,
2897 865 3080 917 videns
3115 882 3211 935 per
3255 865 3511 935 Spiritum
3559 874 3806 918 sanctum

2220 945 2372 1026 quod
2405 943 2476 1009 ibi
2511 941 2817 1009 nasciturus
2843 971 2874 1009 ,e
2907 965 2986 1008 set
3017 955 3305 1021 Dominus,
3351 959 3573 1011 umtavit
3606 973 3805 1012 nomen

2222 1035 2390 1112 illius,
2417 1041 2470 1100 et
2498 1039 2710 1100 vecavit
2740 1044 3083 1110 Bethlehezn,
3123 1046 3176 1100 id
3217 1058 3296 1100 est
3340 1049 3553 1102 domum
3600 1033 3805 1118 panis”:

2221 1149 2276 1194 et
2301 1140 2435 1193 bene
2475 1138 2666 1193 domus
2705 1138 2858 1207 panis
2885 1138 3022 1191 dicta
3052 1147 3128 1193 est
3153 1181 3166 1203 ,
3215 1139 3339 1208 quia
3387 1140 3453 1193 ibi
3499 1141 3810 1196 nasciturus

2221 1223 2338 1282 erat
2371 1227 2453 1281 ille
2481 1230 2568 1296 qui
2620 1229 2684 1282 de
2727 1207 2799 1281 se.
2833 1213 2946 1297 ipso
2980 1229 3090 1302 ait:
3132 1250 3146 1279 ι
3187 1230 3298 1300 Ego
3325 1246 3440 1284 sum
3470 1231 3621 1300 panis
3653 1233 3810 1288 vivrs

2222 1319 2312 1389 qui
2343 1319 2406 1372 de
2434 1319 2570 1376 caalo
2605 1320 2876 1374 descendi.
2911 1339 2928 1371 ι
2967 1319 3096 1373 Dicit
3143 1321 3282 1373 enim
3327 1321 3513 1375 beatus
3545 1322 3786 1394 llierony

2222 1405 2341 1465 nius
2375 1431 2392 1463 ι
2422 1409 2570 1464 ,Ιιιιιτε
2598 1432 2614 1461 ι
2650 1412 2928 1482 legendum
2961 1428 3101 1475 esse,
3135 1428 3236 1465 non
3291 1431 3306 1461 ι
3351 1411 3568 1477 Ιιιὼιςιξ,
3614 1433 3631 1463 ι
3666 1429 3804 1482 quo.

2223 1503 2364 1556 niam
2396 1501 2536 1554 nulla
2565 1511 2644 1555 est
2680 1501 2903 1555 aliarum
2931 1503 3165 1572 gentium
3195 1502 3532 1567 Bethlehem,
3561 1505 3626 1557 τϊά
3654 1506 3810 1574 cujus

2222 1581 2619 1646 distinctionem
2655 1604 2884 1647 sanctus
2930 1595 3254 1666 evangelista
3310 1595 3532 1649 dixisset
3587 1594 3806 1650 .Iutkezr.

2224 1681 2603 1736 Verumtamen
2637 1693 2718 1738 est
2763 1683 2928 1737 altera
2977 1683 3286 1739 Bethlehem
3325 1683 3388 1739 in
3438 1685 3694 1752 Calilwa,
3747 1690 3811 1740 ob

2224 1771 2378 1840 cujus
2433 1773 2831 1828 distinctionem
2886 1776 3016 1829 dixit
3067 1775 3246 1841 Judte',
3305 1787 3362 1830 ut
3412 1777 3812 1832 demonstraret

2222 1868 2364 1935 quod
2403 1867 2454 1920 in
2508 1867 2594 1920 illa
2640 1867 2947 1922 Bethlehem
3002 1879 3157 1922 natus
3199 1869 3655 1933 essetvDominus,
3695 1885 3812 1939 quze

542 1962 716 2033 phetze
746 1963 797 2015 in
825 1961 1088 2016 Hebraica
1116 1961 1361 2014 veritate.
1402 1961 1488 2014 Ait
1513 1962 1655 2013 enim
1687 1978 1700 2012 :
1739 1979 1754 2009 ι
1791 1959 1942 2013 Exiet
1973 1960 2115 2028 virga
2155 1957 2304 2044 Best
2337 1959 2388 2012 in
2427 1961 2566 2013 tribu
2609 1957 2765 2034 Juda.
2820 1948 2932 2013 «In
2986 1960 3174 2015 diebus
3223 1962 3482 2027 Herodis,
3517 1983 3535 2014 ι
3589 1975 3812 2017 sanctus

541 2047 606 2108 de
642 2055 819 2108 radice
843 2053 996 2109 Jesse
1024 2094 1038 2117 ,
1087 2062 1141 2106 et
1186 2052 1457 2106 Nazareus
1486 2051 1550 2104 de
1582 2051 1762 2104 radice
1793 2051 1908 2118 ejus
1935 2065 2123 2103 ascen-

544 2137 650 2199 det.
687 2165 703 2196 »
743 2145 925 2199 Dictus
954 2153 1039 2198 est
1086 2143 1241 2198 Jesus
1289 2142 1602 2196 Nazarenus
1646 2158 1672 2194 a
1720 2144 1870 2205 loco,
1905 2141 1954 2193 id
1979 2149 2062 2193 est
2093 2155 2137 2193 a'

544 2250 707 2304 parva
737 2238 956 2289 civitate
990 2236 1041 2288 in
1073 2229 1176 2305 qua
1207 2244 1500 2302 conceptus
1530 2241 1610 2288 est
1651 2242 1703 2287 et
1742 2234 1996 2287 mitritus.
2039 2231 2123 2284 Di-

549 2325 690 2380 eitur
739 2327 899 2380 etiam
950 2325 1220 2380 Nazareus
1265 2324 1331 2377 ab
1372 2323 1578 2387 ollieio;
1621 2339 1809 2378 omnes
1857 2325 1998 2377 enim
2047 2321 2120 2376 illi

541 2416 820 2472 Nazareni
841 2419 1158 2472 dicebantur
1205 2418 1294 2486 qui
1344 2427 1462 2470 vota
1499 2417 1722 2469 Domino
1749 2417 2034 2480 vovebant,
2066 2413 2135 2469 eti

540 2502 597 2566 se
625 2511 770 2582 ipsos
798 2505 974 2564 castOS
1016 2526 1072 2564 se
1124 2509 1535 2572 custodiebant,
1579 2517 1631 2562 et
1681 2526 1843 2578 super
1891 2525 2120 2578 quorum

542 2604 718 2671 capita
764 2594 1022 2657 novacula
1071 2617 1174 2656 non
1221 2602 1544 2656 ascendebat
1579 2617 1748 2669 usque
1799 2600 1865 2653 ad
1910 2601 2132 2671 tempus

540 2687 911 2750 constitutum.
957 2695 1021 2749 Et
1064 2685 1163 2748 iste
1210 2694 1433 2763 pulchre
1487 2691 1762 2747 Nazareus
1812 2693 1986 2746 dictus
2015 2695 2133 2755 est,

539 2790 662 2857 quia
688 2789 750 2844 de
777 2793 841 2843 eo
863 2776 1122 2858 scriptum
1154 2797 1235 2842 est
1264 2806 1275 2840 :
1314 2806 1332 2838 ‹
1365 2786 1555 2840 Votum
1581 2788 1728 2841 vovit
1757 2787 1863 2841 Deo
1886 2783 2071 2840 Iacob.
2097 2805 2114 2837 ι

538 2877 734 2934 Votum
762 2881 904 2934 vovit
933 2880 1039 2936 Deo
1068 2880 1214 2934 Patri
1249 2890 1302 2934 ut
1337 2882 1578 2945 veniret,
1631 2889 1683 2934 et
1719 2880 2006 2933 redimeret
2033 2893 2115 2946 ge-

539 2987 639 3024 nus
665 2974 956 3025 humanum
988 2993 999 3026 :
1035 2975 1184 3027 venit
1215 2981 1268 3026 et
1311 2973 1557 3027 redemit.
1603 2974 1718 3042 Ipse
1763 2975 1927 3026 etiam
1971 2971 2033 3022 de
2064 2984 2122 3023 se

539 3062 655 3131 ipso
687 3063 819 3116 dicit
857 3081 869 3115 :
921 3081 938 3112 ι
972 3061 1142 3133 Caput
1174 3080 1347 3117 meum
1381 3065 1595 3133 plenum
1642 3080 1762 3118 rore
1791 3105 1803 3128 ,
1860 3074 1912 3117 et
1944 3061 2120 3117 crines

540 3153 644 3205 mei
668 3155 833 3222 guttis
862 3155 1125 3216 noctium,
1158 3173 1175 3206 ι
1217 3155 1266 3208 in
1298 3172 1402 3224 quo
1446 3157 1511 3209 ab
1547 3156 1660 3225 ipso
1707 3156 1886 3209 habitu
1928 3156 2120 3222 capitis

542 3245 779 3298 oswndit
808 3262 864 3300 se
889 3262 1074 3300 verum
1107 3247 1430 3304 Nazareum.
1475 3250 1539 3302 Et
1569 3252 1667 3302 hoc
1695 3251 1971 3304 sciendum
1995 3250 2118 3318 quia

2225 2048 2547 2118 evangelista
2581 2031 2859 2104 Malthmus
2881 2048 3035 2117 hujus
3059 2051 3370 2123 alienigenae
3391 2052 3553 2121 regis,
3579 2053 3812 2108 Herodis

2225 2137 2432 2195 scilicet
2463 2141 2784 2193 mentionem
2825 2142 2942 2195 ideo
2975 2142 3128 2207 fecit,
3177 2151 3233 2196 ut
3269 2144 3576 2197 ostenderet
3625 2144 3814 2213 imple.

2227 2241 2335 2287 tam
2366 2217 2508 2286 illam
2541 2233 2874 2303 prophetiam
2905 2233 3072 2288 Jarob
3102 2251 3204 2304 qua
3243 2234 3475 2288 dicitur:
3515 2254 3533 2285 ‹
3573 2234 3693 2290 Non
3728 2255 3814 2290 au-

2225 2321 2428 2377 feretur
2455 2333 2723 2393 sceptrnm
2754 2323 2815 2378 de
2843 2322 2996 2377 Juda.
3038 2345 3053 2374 ι
3089 2325 3190 2379 Istc
3227 2325 3465 2380 Herodes
3505 2326 3761 2397 alienigez
3784 2343 3813 2381 a

2225 2401 2344 2477 fttit,
2379 2423 2532 2482 patre
2569 2413 2820 2478 Idumam,
2848 2424 2900 2469 et
2930 2427 3099 2470 matre
3126 2415 3422 2471 Pliilista'a.
3456 2419 3613 2474 llune
3645 2422 3813 2474 nutri-

2223 2503 2302 2556 vit
2340 2501 2639 2569 I-Iircanus,
2669 2504 2758 2573 qui
2798 2503 2896 2558 fuit
2938 2505 3156 2560 ultimus
3186 2507 3432 2578 princeps
3462 2507 3776 2564 Judaorum
3798 2554 3810 2574 ,

2223 2589 2313 2664 qui
2343 2611 2463 2650 cum
2499 2596 2812 2665 frequenter
2839 2598 3075 2651 mitteret
3105 2613 3222 2650 eum
3266 2598 3492 2653 Romam
3538 2602 3607 2653 ad
3641 2601 3815 2655 Caesa-

2227 2701 2362 2751 rem,
2406 2696 2627 2758 accepto
2655 2687 2878 2742 consilio
2901 2703 2930 2743 a
2955 2687 3189 2754 Caesare,
3227 2699 3280 2744 et
3307 2691 3638 2745 consiliariis
3667 2693 3778 2761 ejus
3797 2736 3809 2758 ,

2222 2779 2413 2835 callide
2436 2779 2631 2834 occidit
2659 2795 2800 2844 eum,
2831 2789 2885 2835 et
2910 2797 3129 2851 regnum
3154 2781 3410 2853 suscepit.
3439 2783 3615 2852 Hujus
3639 2786 3814 2853 linque

2225 2874 2506 2928 tricesimo
2541 2873 2715 2941 primo
2745 2873 2891 2942 regni
2933 2889 3073 2927 anno
3105 2884 3262 2940 natus
3287 2887 3370 2929 est
3393 2875 3673 2930 Christus.
3716 2877 3815 2931 Sed

2223 2965 2361 3019 forte
2392 2974 2595 3034 quaeret
2615 2966 2808 3035 aliquis
2833 2966 3100 3035 quomodo
3124 2965 3320 3021 dicitur
3347 2986 3365 3019 ί
3389 2967 3565 3022 donec
3593 2971 3770 3022 veniat
3795 2989 3810 3020 ι

2222 3074 2342 3118 eum
2376 3074 2480 3117 non
2510 3074 2630 3115 un»;
2665 3058 2872 3112 sublato
2904 3070 3115 3128 sceptro
3144 3063 3379 3118 venerit:
3414 3061 3509 3115 sed
3539 3063 3816 3115 sciendum

2220 3157 2361 3225 quod
2411 3173 2532 3211 cum
2578 3151 2862 3226 aliquoties
2893 3153 3061 3206 donec
3092 3153 3340 3224 ponitur,
3383 3155 3607 3223 aliquod
3653 3157 3818 3208 inter-

2230 3249 2427 3301 vallum
2460 3249 2790 3319 intelligitur.
2835 3249 2983 3303 Nulla
3013 3255 3091 3304 est
3119 3261 3246 3320 ergo
3274 3247 3665 3312 cmitrarietas,
3698 3250 3816 3318 quia

542 3353 729 3392 omnes
769 3337 840 3391 illi
875 3327 1140 3393 Nazareni
1175 3341 1226 3393 in
1279 3342 1451 3395 \eteri
1496 3341 1844 3397 Testamento
1889 3343 2111 3413 {igmam
2143 3364 2186 3425 ρ
2215 3340 2326 3411 jam
2350 3339 2570 3410 jamque
2595 3342 2907 3395 imminebat
2930 3351 2987 3396 ut
3014 3345 3216 3396 veniret
3239 3343 3329 3413 qui
3356 3341 3658 3396 mittendus
3681 3353 3813 3394 erat.
3885 3351 3914 3366 ·’

541 3430 696 3484 istius
729 3431 838 3484 veri
869 3431 1128 3484 Nazareni
1163 3432 1453 3501 gerebant,
1482 3433 1572 3502 qui
1599 3445 1682 3486 est
1711 3431 1980 3488 Nazareus
2011 3433 2110 3486 Na-

540 3535 890 3584 zarenorum,
924 3521 976 3574 id
1007 3530 1090 3574 est
1122 3519 1351 3574 Sanctus
1393 3532 1700 3575 satietorum
1727 3563 1740 3587 ,
1785 3531 1840 3576 et
1877 3524 2111 3576 maxime

541 3611 628 3666 ille
659 3613 983 3667 fortissimus
1034 3611 1261 3667 Samson
1312 3628 1448 3682 pene
1511 3614 1562 3668 in
1609 3597 1857 3670 omnibus
1906 3617 2114 3670 actibus

543 3696 653 3759 suis
681 3703 908 3775 ﬁguram
931 3704 1087 3759 istius
1126 3706 1314 3776 gessit.
1359 3704 1490 3759 Nam
1529 3705 1668 3760 sicut
1696 3707 1781 3760 ille
1815 3707 2000 3760 habuit
2031 3721 2118 3760 se-

543 3803 686 3862 ptem
716 3795 894 3849 crines
920 3835 933 3859 ,
986 3795 1056 3848 ita
1091 3803 1145 3850 et
1177 3795 1277 3849 iste
1315 3796 1502 3850 habuit
1543 3796 1910 3866 septiformem
1960 3797 2117 3866 spiri-

547 3895 690 3949 tum;
746 3895 801 3939 et
843 3888 980 3940 sicut
1030 3887 1118 3941 ille
1167 3889 1365 3942 occidit
1398 3888 1648 3953 leonem,
1686 3899 1741 3943 et
1783 3889 1888 3943 mel
1921 3889 1986 3944 de
2023 3904 2116 3942 ore

542 3975 710 4051 ipsius
764 3978 1028 4031 abstraxit
1077 3988 1130 4032 et
1162 3980 1416 4043 comedit,
1468 3980 1546 4033 sic
1598 3989 1652 4033 et
1699 3980 1798 4033 iste
1851 3981 2119 4034 interfecit

545 4063 839 4143 diabolum,
873 4073 925 4118 et
953 4074 1194 4120 sanctam
1233 4068 1528 4121 Ecclesiam
1558 4070 1622 4122 de
1649 4084 1742 4122 ore
1773 4070 1889 4137 ejus
1919 4069 2116 4139 rapuit,

543 4153 696 4222 cujus
731 4149 1013 4210 dulcedine
1063 4159 1322 4211 honorum
1381 4159 1694 4212 delectatur.
1758 4159 1822 4213 Et
1853 4161 1992 4212 sicut
2034 4160 2120 4214 ille

543 4245 760 4300 clausus
793 4248 843 4300 in
877 4247 1020 4303 Gaza
1064 4250 1237 4302 media
1270 4259 1427 4303 nocte
1470 4267 1696 4321 surgens
1740 4260 1921 4320 portas
1953 4251 2119 4321 ipsius

542 4337 781 4391 civitatis
834 4327 1086 4404 abstulit,
1136 4349 1189 4392 et
1228 4341 1482 4394 verticem
1543 4342 1740 4394 montis
1785 4342 2125 4403 conscendit,

543 4431 621 4484 sic
659 4441 712 4484 et
758 4428 1016 4484 Dominus
1056 4430 1272 4484 clausus
1323 4432 1372 4484 in
1425 4430 1672 4500 sepulcro
1717 4432 1905 4484 mortis
1953 4431 2122 4498 impe-

543 4522 683 4574 rium
714 4522 1002 4587 destruxit,
1038 4533 1090 4576 et
1123 4525 1279 4576 tertia
1325 4524 1410 4577 die
1463 4523 1776 4586 resurrexit,
1809 4538 1873 4575 ac
1922 4522 2116 4598 coelum

543 4617 859 4669 conscendit
898 4625 993 4669 :et
1041 4619 1179 4670 sicut
1225 4616 1309 4670 ille
1355 4617 1532 4686 plures
1576 4615 1843 4669 interfecit
1881 4603 2119 4669 moriens

543 4724 703 4778 quam
729 4707 943 4772 vivens,
974 4709 1051 4763 sie
1082 4717 1135 4762 et
1180 4710 1280 4763 iste
1319 4711 1498 4778 plures
1538 4711 1735 4763 occidit
1763 4719 1881 4778 post
1912 4709 2118 4778 passio-
2155 4711 2199 4769 D

544 4815 667 4853 nem
699 4816 858 4868 quam
904 4809 1026 4854 ante
1051 4842 1064 4865 ,
1102 4801 1150 4854 id
1181 4811 1261 4854 est
1298 4801 1475 4870 plures
1513 4803 1639 4855 fecit
1669 4802 1908 4855 converti
1953 4802 2017 4853 ad
2063 4801 2125 4854 li-

544 4893 688 4958 dem,
720 4901 777 4945 ut
808 4894 1106 4962 inciperent
1137 4909 1252 4948 esse
1281 4894 1421 4962 quod
1469 4910 1572 4947 non
1614 4905 1790 4959 erant,
1822 4905 1874 4946 et
1911 4895 2123 4948 desine-

545 4993 667 5036 rent
697 4998 816 5037 esse
838 4984 978 5051 quod
1005 4993 1181 5036 erant.

1125 5075 1401 5130 lIOMIIJA
1445 5073 1554 5132 VII.

542 5169 596 5225 IN
622 5156 776 5226 iLLuo
805 5185 1055 5224 nurum
1079 5184 1092 5222 :
1120 5169 1249 5223 (Jun:
1268 5181 1419 5221 nutus
1437 5180 1563 5222 esset
1588 5167 1741 5222 Jesus
1765 5167 1812 5220 in
1835 5168 2127 5221 lict/delicia

614 5242 779 5314 Juda;
800 5244 853 5294 in
885 5242 1065 5314 diebus
1091 5240 1314 5314 Herodis
1345 5241 1499 5307 regis,
1527 5256 1639 5292 ecce
1667 5239 1804 5309 magi
1829 5239 1890 5291 ub
1918 5237 2129 5292 Oiieme

617 5310 863 5366 venerunt
890 5310 938 5363 11
948 5311 1309 5380 ierosolymum
1323 5351 1335 5374 ,
1369 5321 1471 5363 etc.
1691 5336 1694 5340 η

620 5403 758 5458 Usus
796 5413 879 5456 est
923 5417 1202 5456 sacrarum
1243 5401 1646 5469 Scripturarum
1676 5401 1727 5453 in
1757 5399 2021 5468 principio
2051 5398 2129 5452 rei

546 5497 828 5552 narranda:
857 5495 959 5548 tria
993 5509 1214 5564 ponere,
1266 5509 1551 5562 personam
1601 5493 1825 5556 scilicet,
1871 5495 2043 5546 locum
2075 5503 2130 5547 et

549 5598 793 5656 tempus;
823 5595 877 5640 et
907 5586 1202 5640 secundum
1240 5586 1383 5639 hunc
1415 5600 1564 5639 usum
1605 5595 1658 5640 et
1683 5587 2126 5641 consuetudinem

549 5689 769 5733 sane-tus
812 5677 1143 5748 evangelista
1193 5677 1247 5730 iu
1293 5677 1558 5748 principio
1609 5677 1764 5746 hujus
1810 5680 2130 5750 evangelicae

549 5769 798 5824 lectionis
854 5771 965 5824 haec
1020 5769 1123 5823 tria
1180 5771 1375 5838 posuit.
1433 5769 1722 5824 Personam
1779 5772 1959 5839 posuit
2005 5787 2126 5826 cmn

551 5861 722 5916 dixit:
771 5878 789 5909 ι
822 5860 955 5914 Cum
987 5868 1145 5915 natus
1171 5870 1312 5914 esset
1357 5860 1544 5926 Jesus,
1588 5881 1605 5912 ι
1654 5863 1828 5917 locum
1859 5880 1981 5917 cum
2011 5863 2125 5918 ait:

560 5974 578 6008 ι
612 5955 663 6007 in
695 5953 1006 6008 Bethlehem
1051 5951 1220 6020 Judai,
1259 5971 1277 6042 ε
1325 5961 1530 6020 tempus
1560 5955 1791 6009 ostendit
1823 5971 1944 6010 eum
1977 5955 2126 6010 addi-

2220 3429 2289 3485 Ut
2319 3430 2483 3500 igitur
2513 3430 2842 3501 impleretur,
2875 3431 3130 3486 divinitus
3159 3443 3508 3503 procuratum
3539 3442 3705 3487 estut
3738 3433 3822 3485 ille

2218 3521 2488 3576 Hii-canus
2539 3534 2858 3585 moreretur,
2892 3532 2945 3576 et
2974 3524 3286 3578 succederet
3320 3525 3366 3577 ei
3410 3522 3664 3577 Herodes
3693 3523 3818 3576 alie.

2219 3598 2433 3683 nigena.
2461 3613 2746 3682 Sequitur:
2777 3632 2794 3664 ‹
2816 3613 2953 3669 Ecce
2981 3616 3119 3684 magi
3144 3625 3407 3669 venerunt
3430 3615 3497 3668 ab
3525 3614 3776 3669 Oriente.
3803 3635 3819 3666 ι

2224 3703 2581 3783 Quaerendum
2613 3725 2752 3763 nunc
2783 3726 2910 3780 ergo
2942 3709 3140 3778 estqui
3180 3709 3379 3762 fuerint
3411 3709 3499 3762 isti
3534 3710 3707 3777 magi,
3746 3707 3824 3761 vel

2219 3799 2361 3851 unde
2390 3799 2673 3864 venerint;
2719 3800 2997 3854 sciendum
3034 3809 3115 3854 est
3162 3811 3339 3852 autem
3381 3795 3507 3868 quia
3557 3800 3713 3852 varia
3747 3809 3826 3852 cst

2221 3886 2402 3955 Opinio
2473 3903 2750 3957 magorum
2803 3889 2940 3958 apud
2990 3889 3257 3943 doctores.
3308 3885 3441 3941 Nam
3493 3889 3582 3940 alii
3636 3889 3826 3941 dicunt

2227 3976 2349 4029 illos
2381 3975 2543 4030 fuisse
2574 3976 2870 4042 Chaldaeos,
2897 3977 3127 4033 Chaldtci
3157 3980 3297 4033 enim
3339 3977 3550 4031 stellam
3581 3995 3682 4046 pro
3718 3979 3828 4031 Deo

2227 4069 2511 4134 colebant,
2563 4079 2614 4122 et
2667 4071 2866 4125 idcirco
2919 4073 3169 4127 dixerunt
3225 4072 3363 4140 quod
3417 4067 3828 4142 ntincupativus

2224 4158 2354 4211 deus
2398 4175 2582 4213 eorum
2613 4161 2910 4214 ostenderit
2939 4178 3119 4215 verum
3152 4162 3313 4215 Deum
3345 4171 3554 4214 natum.
3601 4162 3717 4216 Alii
3752 4163 3829 4215 di-

2224 4249 2351 4304 eunt
2376 4250 2569 4305 Persas
2599 4250 2763 4305 fuisse
2788 4262 3006 4321 propter
3035 4253 3182 4306 illum
3215 4251 3522 4307 Metrocarii
3552 4270 3780 4308 versum
3809 4274 3822 4306 ;

2317 4379 2453 4429 'l‘unc
2476 4379 2615 4440 jubet
2637 4387 2687 4428 et
2715 4380 2888 4431 Persas
2912 4382 3127 4431 celerem
3160 4382 3456 4444 protendere
3483 4394 3746 4440 gressum.

2294 4487 2545 4542 Nonnulli
2569 4491 2752 4543 dicunt
2777 4490 2897 4544 illos
2915 4492 2978 4545 de
2995 4492 3197 4543 ultimis
3221 4491 3417 4544 tiuibus
3441 4499 3604 4543 terra:
3631 4492 3825 4554 fuisse,

2222 4579 2319 4633 sed
2347 4582 2693 4648 quaerendum
2721 4591 2799 4634 est
2831 4582 2873 4636 si
2902 4581 3160 4647 Chaldaei,
3192 4582 3272 4636 vel
3311 4583 3492 4635 Persa'
3521 4593 3622 4636 aut
3647 4589 3717 4636 de
3749 4585 3828 4635 nl-

2228 4670 2376 4722 timis
2419 4670 2612 4724 finibus
2659 4680 2815 4726 terrae
2858 4670 3099 4734 fuerunt,
3131 4673 3397 4740 quomodo
3437 4673 3490 4724 in
3525 4682 3638 4725 tam
3671 4672 3828 4726 brevi

2228 4761 2404 4828 spatio
2436 4760 2859 4831 Hierosolymam
2887 4764 3068 4816 venire
3105 4773 3419 4830 potuerunt,
3469 4778 3595 4817 cum
3651 4765 3829 4816 amita

2231 4853 2423 4917 maria,
2455 4852 2605 4905 multi
2638 4862 2869 4915 montes,
2918 4862 2972 4906 et
3008 4853 3186 4906 mula:
3227 4854 3470 4922 regiones
3499 4855 3612 4906 sint
3652 4856 3829 4908 inter-

2231 4943 2438 4997 medite.
2471 4943 2760 4996 Sciendum
2793 4954 2878 4997 est
2905 4954 3082 4997 autem
3111 4947 3236 5013 quia
3278 4945 3351 4997 illi
3382 4947 3472 5013 qui
3506 4947 3610 4998 hoc
3634 4947 3830 4999 dicunt

2233 5034 2407 5087 solent
2431 5034 2684 5102 objicere,
2712 5035 2835 5102 quia
2860 5046 2986 5088 tunc
3017 5035 3136 5088 talis
3162 5043 3319 5087 natus
3344 5045 3420 5088 est
3456 5051 3614 5103 puer,
3642 5037 3831 5104 qu..lis

2232 5140 2331 5179 nec
2377 5135 2535 5189 ante,
2573 5140 2674 5180 nec
2720 5135 2868 5194 post;
2907 5135 2961 5180 et
2992 5127 3194 5180 idcirco
3236 5125 3391 5179 facile
3422 5142 3518 5179 eus
3550 5130 3738 5195 potuit
3777 5131 3830 5182 in

2237 5224 2345 5268 tam
2387 5214 2534 5268 brevi
2569 5217 2744 5282 Spatio
2784 5218 2946 5270 etiam
2987 5216 3054 5271 de
3091 5217 3292 5269 ultimis
3321 5215 3516 5270 tinibus
3556 5230 3724 5271 terra:
3763 5219 3831 5273 ad

2234 5321 2293 5360 se
2323 5307 2646 5375 perducere;
2675 5307 2900 5372 legimus
2928 5308 3070 5360 enim
3096 5309 3255 5362 breve
3283 5309 3385 5362 iter
3411 5310 3828 5379 prolongatum,

2233 5408 2286 5450 et
2317 5397 2530 5468 longum
2567 5399 2885 5452 breviatum.
2921 5398 3088 5452 Breve
3120 5401 3220 5452 iter
3247 5411 3330 5452 est
3373 5402 3440 5452 de
3485 5401 3736 5472 £gypl0
3777 5405 3830 5456 in

2235 5498 2436 5544 terram
2472 5491 2926 5558 repromiSsiOnis,
2957 5491 3317 5560 quadraginta
3346 5492 3556 5547 scilicet
3584 5496 3828 5556 dienam,

2234 5589 2288 5634 et
2312 5591 2488 5635 tamen
2523 5581 2895 5650 prolongatum
2931 5580 3031 5635 fuit
3068 5583 3423 5652 quadraginta
3457 5585 3632 5638 annis.
3681 5585 3832 5639 Lon-

2235 5690 2358 5743 gum
2405 5674 2508 5728 iter
2553 5684 2636 5728 est
2679 5675 2744 5728 de
2791 5671 2975 5729 Judtea
3016 5675 3068 5728 in
3103 5675 3423 5745 liabylonem
3454 5715 3468 5737 ,
3513 5679 3833 5733 breviatum

2233 5783 2362 5823 vero
2393 5767 2520 5832 fuit;
2541 5766 2735 5837 legitur
2761 5767 2904 5821 enim
2936 5769 3077 5836 quod
3101 5767 3154 5821 in
3188 5776 3461 5822 momento
3486 5769 3645 5821 unius
3673 5770 3834 5824 hora:

2235 5859 2547 5928 deportatus
2577 5859 2648 5912 sit
2676 5859 2921 5912 liabacuc
2949 5859 3206 5928 propheta
3238 5857 3305 5912 ab
3331 5859 3522 5928 angelo
3543 5860 3608 5911 de
3626 5859 3749 5914 Jul
3767 5878 3833 5916 ra

2237 5952 2378 6010 illuc.
2411 5952 2510 6005 Alii
2555 5953 2736 6006 dicunt
2778 5967 2869 6005 eos
2900 5951 3062 6006 fuisse
3108 5961 3327 6022 nepotes
3373 5951 3617 6015 Balaam,
3676 5955 3835 6023 quod
