4038 6442
195 441 297 513 soi

1674 424 2002 483 HOMILIR'}.

3371 434 3474 491 909.

196 557 375 629 magis
410 562 493 611 est
526 552 889 617 credendum;
924 547 1141 606 Balaam
1172 545 1315 603 enim
1348 545 1515 601 multa
1548 545 1778 616 prophe-
1811 546 1864 606 Α
1890 548 2788 623 sabilesmanerent.Poterantipsi
2809 551 3477 612 dicere:novimuslocum

199 649 337 713 tavit
381 647 446 701 de
492 645 737 708 Christo,
782 653 836 697 et
875 642 1015 695 inter
1046 650 1241 695 caetera
1291 638 1463 691 dixit:
1512 657 1529 688 ‹
1568 634 1788 690 Orietur

195 739 354 796 stella
389 754 453 794 ex
495 735 679 791 Jacob.
726 754 742 783 ι
792 731 869 785 llli
919 746 1047 785 vero
1082 730 1343 784 habentes
1377 728 1515 781 hanc
1559 726 1791 796 prephe-

196 833 351 892 tiam,
385 844 504 882 mox
539 836 595 880 ut
620 827 869 879 viderunt
905 824 1112 878 stellam
1149 838 1374 884 novam],
1410 818 1791 873 intellexerunt

196 938 386 993 regem
429 928 649 982 uatum,
679 927 732 972 ct
766 906 1045 970 venerunt.
1099 915 1164 970 Et
1210 914 1337 983 quia
1386 912 1530 981 regio
1565 911 1787 963 istorum

194 1032 309 1069 non
362 1014 518 1084 longe
574 1013 737 1067 distat
789 1028 816 1063 a
875 1020 1015 1063 terra
1077 1004 1507 1077 repromissionis
1558 1001 1791 1055 filiorum

194 1107 387 1171 Israel,
423 1106 623 1160 idcirco
652 1104 703 1156 in
740 1111 845 1155 tam
878 1100 1024 1155 brevi
1076 1098 1250 1168 spatio
1302 1095 1557 1164 temporis
1596 1092 1794 1145 Hieru-

197 1201 370 1255 salem
401 1199 582 1251 venire
605 1204 927 1265 potuerunt:
958 1194 1151 1264 legitur
1178 1191 1320 1245 enim
1353 1190 1474 1259 quia
1508 1198 1791 1256 postquam

199 1293 295 1345 lilii
330 1290 493 1344 Israel
527 1297 790 1342 venerunt
818 1287 882 1341 ad
913 1285 1175 1339 terminos
1210 1281 1641 1336 Ammonitarum
1690 1290 1793 1329 non

198 1384 422 1453 longum
452 1392 570 1451 post
605 1390 814 1448 tempus
850 1377 1078 1445 ingressi
1117 1384 1242 1430 sunt
1279 1374 1330 1426 in
1367 1382 1563 1424 terram
1610 1382 1809 1445 reproj

199 1475 495 1528 missionis.
532 1472 637 1527 Sed
677 1472 719 1526 si
754 1481 979 1541 nepotes
1011 1468 1224 1522 Balaam
1277 1466 1513 1528 fuerunt,
1547 1476 1796 1532 quan'en-

200 1571 329 1624 dum
357 1577 440 1623 est
470 1582 638 1637 quare
660 1566 805 1620 dicat
834 1574 1054 1619 sanctus
1078 1559 1409 1631 evangelista
1436 1556 1553 1610 illos
1582 1553 1794 1607 venisse

201 1661 268 1715 ab
296 1658 537 1714 Oriente.
584 1658 646 1711 Et
687 1656 961 1711 sciendum
995 1654 1119 1723 quia
1149 1653 1454 1722 quicunque
1483 1647 1550 1701 ab
1586 1646 1674 1700 illa
1708 1660 1807 1725 ref

200 1754 362 1825 gione
390 1749 554 1812 venit,
587 1763 704 1817 qum
734 1746 785 1800 in
816 1744 1065 1799 orientali
1114 1753 1265 1813 parte
1306 1741 1480 1811 posita
1507 1748 1621 1802 est,
1655 1736 1792 1793 bene

200 1846 269 1899 ab
306 1841 526 1899 Oriente
554 1839 740 1893 venire
772 1838 989 1893 dicitur.
1032 1836 1098 1891 Et
1127 1837 1195 1891 ob
1222 1835 1327 1892 hoc
1359 1835 1531 1906 magis
1560 1840 1785 1894 credcn.

1890 646 2188 700 nativitatis
2207 690 2221 713 ,
2249 658 2456 720 tempus
2484 664 2611 703 vero
2634 664 2738 701 non
2763 648 3131 719 cognovimus,
3151 658 3201 703 et
3230 648 3349 705 ideo
3372 666 3475 705 non

1890 740 2201 807 credimus;
2237 744 2349 797 sive
2379 744 2497 797 ideo
2529 750 2587 795 ut
2614 741 2789 795 studio
2822 758 3099 812 magorum
3131 743 3479 799 damnaretur

1890 832 2105 902 pigritia
2159 832 2505 900 Judieorum;
2541 834 2627 890 isti
2661 834 2803 888 enim
2844 833 3191 889 crediderunt
3237 835 3362 901 uni,
3406 835 3479 889 illi

1892 925 2141 1005 plurimis
2181 929 2401 983 credere
2434 928 2751 993 noluerunt;
2796 928 2883 981 isti
2913 936 3177 982 venerunt
3208 945 3237 983 e
3268 929 3480 999 longint-

1895 1034 2021 1097 quo,
2044 1021 2144 1089 ipsi
2174 1029 2551 1076 remanserunt
2574 1036 2636 1074 ex
2662 1020 2868 1085 vicino;
2895 1019 2979 1074 isti
3005 1020 3337 1089 quzesierunt
3359 1021 3484 1076 alie-

1897 1118 2050 1178 num,
2080 1098 2151 1167 illi
2197 1115 2526 1184 reliquerunt
2563 1114 2836 1184 proprium
2864 1132 2876 1167 :
2919 1114 3060 1167 unde
3094 1114 3231 1168 bene
3259 1114 3481 1184 lapideis

1899 1207 2165 1271 milliariis
2205 1210 2592 1273 assimilantur,
2625 1210 2751 1279 quia
2809 1209 2948 1263 viam
2983 1209 3356 1275 ostenderunt,
3386 1208 3481 1265 sed

1900 1303 2076 1351 tamen
2119 1298 2215 1367 ipsi
2266 1309 2663 1353 remanserunt.
2705 1301 2759 1353 In
2798 1315 2862 1355 e0
2891 1300 3034 1368 quod
3093 1299 3222 1354 dicit
3252 1315 3482 1370 evange-

1900 1385 2021 1441 lista
2049 1404 2139 1442 eos
2170 1390 2382 1443 venisse
2430 1389 2495 1442 ab
2523 1388 2763 1452 Oriente,
2820 1390 2871 1441 id
2921 1389 3145 1460 mystice
3170 1388 3481 1460 designatur

1899 1482 2024 1552 quia
2055 1498 2213 1536 nemo
2244 1484 2390 1536 venit
2420 1484 2483 1536 ad
2523 1482 2793 1536 Orientem
2834 1476 2932 1536 nisi
2956 1484 3021 1536 ab
3050 1481 3286 1547 Oriente,
3321 1482 3369 1534 id
3402 1491 3485 1536 est

1899 1589 2059 1628 nemo
2092 1577 2237 1629 venit
2271 1577 2333 1629 ad
2366 1576 2651 1629 Dominum
2698 1576 2798 1630 nisi
2823 1570 2894 1628 ab
2924 1575 3060 1647 ipso,
3088 1584 3137 1630 et
3166 1590 3257 1644 per
3285 1573 3479 1644 ipsum.

1899 1661 2157 1735 Sequitur
2187 1683 2199 1718 :
2240 1687 2256 1716 ι
2289 1666 2387 1721 Ubi
2415 1676 2495 1721 est
2526 1666 2615 1737 qui
2652 1676 2809 1721 natus
2837 1666 2954 1720 est?
2988 1687 3004 1717 ι
3039 1662 3265 1719 Pulchre
3300 1665 3489 1719 dicunt

1895 1758 1985 1811 ubi
2014 1770 2097 1813 est
2119 1760 2208 1830 qui
2240 1768 2397 1813 natus
2425 1769 2531 1823 est,
2564 1762 2687 1830 quia
2722 1761 2984 1829 scriptum
3014 1768 3097 1813 est
3128 1778 3139 1813 :
3175 1778 3192 1809 ‹
3227 1758 3367 1813 Puer
3391 1774 3485 1811 ua-

1896 1858 1982 1904 tus
2029 1863 2112 1906 est
2155 1852 2329 1906 nobis.
2373 1873 2389 1904 ι
2426 1852 2559 1907 Cum
2610 1852 2840 1907 dicunt:
2880 1871 2896 1902 ‹
2934 1850 3045 1905 Rex
3095 1849 3423 1914 Judzeorum,
3457 1871 3475 1902 ι

200 1939 329 2003 dum
376 1945 459 1990 est
494 1934 636 2006 quod
668 1942 890 2002 nepotes
928 1931 1157 1987 fuissent
1199 1931 1453 1994 Balaam,
1484 1932 1607 2001 quia
1642 1931 1789 2003 regio

1898 1944 2213 2013 intelligitur
2243 1944 2354 1999 Rex
2388 1944 2782 2008 confessorum,
2811 1940 2861 1997 id
2886 1950 2968 1997 est
2992 1954 3324 2003 sanctorum,
3355 1941 3477 2010 quia

199 2028 633 2085 Ammonitarum
664 2026 838 2080 vicina
871 2035 991 2080 erat
1036 2033 1191 2080 terra:
1238 2022 1566 2080 Iudaeorum.
1619 2023 1789 2096 Spiri-

203 2121 424 2177 tualiter
468 2135 597 2174 vero
641 2118 867 2188 pulchre
906 2118 990 2172 isti
1021 2118 1161 2187 magi
1192 2118 1258 2172 ab
1291 2115 1511 2172 Oriente
1538 2116 1791 2173 dicuntur

203 2214 506 2277 advenisse,
538 2210 662 2281 quia
690 2224 880 2265 omnes
903 2209 992 2279 qui
1020 2210 1086 2264 ad
1111 2208 1278 2263 Deum
1310 2208 1554 2273 veniunt,
1576 2209 1643 2262 ab
1675 2207 1791 2276 ipso

200 2318 255 2363 et
284 2324 383 2376 per
414 2308 587 2378 ipsqu
612 2307 855 2370 veniunt,
887 2305 1001 2375 ipse
1024 2313 1106 2359 est
1133 2304 1277 2358 enim
1304 2303 1507 2367 oriens,
1536 2310 1596 2356 ut
1628 2300 1787 2355 illud:

207 2420 224 2452 ι
251 2400 392 2454 Ecce
424 2399 505 2452 vir
535 2397 715 2453 oriens
754 2411 950 2451 nomen
989 2392 1140 2465 ejus;
1176 2414 1195 2446 ι
1227 2406 1319 2471 et:
1359 2414 1377 2445 ‹
1410 2392 1575 2448 Vobis
1606 2393 1694 2461 qui
1728 2392 1794 2447 ti-

200 2492 360 2547 metis
406 2490 574 2555 Deum
622 2489 830 2544 orietur
871 2488 961 2544 Sol
995 2486 1239 2556 justitim.
1274 2508 1291 2539 ›
1336 2488 1476 2558 Ergo
1530 2489 1597 2542 ad
1651 2488 1793 2542 hune

202 2582 478 2645 Orientem
533 2595 691 2635 nemo
752 2589 930 2650 potest
978 2580 1291 2651 pervenire,
1345 2579 1448 2634 nisi
1498 2578 1679 2633 veniat
1726 2579 1793 2633 ab

203 2675 443 2740 Oriente,
477 2674 602 2743 quia
633 2673 777 2728 sicut
798 2673 913 2743 ipse
939 2673 1070 2728 dicit
1096 2692 1107 2727 :
1154 2692 1172 2723 ‹
1202 2671 1371 2729 Nemo
1399 2671 1549 2727 venit
1575 2673 1642 2726 ad
1683 2688 1788 2737 me,

200 2766 307 2821 nisi
343 2765 502 2820 Pater
531 2764 623 2835 qui
656 2765 805 2820 misit
852 2781 938 2821 me
981 2765 1209 2820 traxerit
1251 2780 1409 2829 eum;
1448 2784 1465 2816 ι
1519 2772 1573 2819 et
1619 2763 1787 2817 item:

205 2875 222 2908 σ
252 2856 427 2911 Nemo
458 2856 605 2911 venit
653 2856 719 2909 ad
764 2855 978 2910 Patrem
1012 2857 1111 2911 nisi
1156 2872 1251 2926 per
1296 2873 1401 2912 me.
1435 2876 1452 2908 ι
1492 2855 1787 2926 Sequitur:

202 2967 219 3001 ι
256 2949 531 3004 Venerunt
580 2947 1030 3023 Hierosolymam.
1079 2970 1098 3002 ι
1146 2949 1296 3006 Hane
1341 2951 1526 3003 urbem
1574 2950 1794 3003 tradunt

198 3039 411 3094 Hebrrei
443 3038 565 3094 Sem
593 3040 927 3110 primitivum
959 3040 1091 3107 Noe,
1122 3041 1212 3111 qui
1242 3051 1293 3096 et
1324 3042 1429 3095 alio
1461 3042 1675 3095 nomine
1711 3042 1789 3095 di-

198 3130 428 3185 cebatur
466 3129 677 3196 Salem,
728 3132 960 3200 primum
1008 3133 1060 3185 in
1107 3116 1327 3203 Assyria
1373 3143 1493 3204 post
1529 3134 1790 3188 diluvium

198 3221 545 3288 condidisse,
585 3232 637 3276 et
684 3238 803 3277 eam
848 3239 877 3277 a
926 3240 1024 3279 suo
1053 3226 1269 3279 nomine
1318 3225 1497 3283 Salem
1540 3242 1785 3281 vocasse.

1894 2033 2061 2090 Judas
2085 2034 2349 2103 confessor
2379 2036 2782 2103 interpretatur.
2814 2032 2879 2085 Et
2905 2031 3057 2101 quasi
3084 2031 3476 2100 interrogasset

1896 2142 1988 2193 eos
2007 2127 2222 2199 aliquis,
2244 2127 2385 2181 unde
2413 2125 2562 2179 scitis
2586 2142 2681 2179 vos
2704 2125 2901 2194 Regem
2926 2122 3234 2178 Judatorum
3262 2121 3479 2174 natum?

1894 2210 2324 2287 responderunt:
2348 2217 2621 2271 «Vidimus
2638 2216 2847 2270 stellam
2864 2215 2978 2283 ejus
2998 2216 3047 2269 in
3066 2215 3304 2269 Oriente.
3334 2234 3350 2264 ι
3377 2212 3482 2269 Va-

1897 2327 1962 2366 na
1985 2320 2069 2365 est
2096 2300 2355 2379 opiniode
2382 2309 2557 2375 stella,
2575 2307 2733 2363 sicuti
2764 2309 2831 2363 de
2860 2309 3049 2380 magis.
3071 2306 3318 2385 Nonnulli
3338 2305 3480 2361 enim

1896 2402 2085 2457 dicunt
2111 2402 2275 2457 fuisse
2292 2400 2551 2471 Spiritum
2576 2412 2841 2461 sanctum,
2864 2408 2920 2454 ut
2946 2402 3058 2469 ipse
3077 2398 3165 2469 qui
3190 2408 3373 2468 postea
3394 2414 3484 2452 su-

1896 2509 1993 2564 per
2018 2494 2346 2564 baptizatum
2376 2492 2657 2547 Dominum
2701 2492 2980 2569 descendit
3004 2493 3052 2545 in
3079 2492 3255 2561 specie
3282 2491 3484 2546 colum-

1895 2570 1999 2650 bae,
2018 2587 2087 2639 ita
2113 2596 2167 2640 et
2190 2602 2329 2640 mine
2354 2586 2403 2638 in
2434 2585 2613 2656 specie
2640 2586 2805 2641 stellae
2830 2588 3142 2657 apparuerit
3164 2586 3363 2657 magis:
3392 2585 3483 2640 alii

1896 2678 2081 2734 dicunt
2111 2677 2276 2731 fuisse
2295 2676 2563 2747 angelum,
2585 2685 2641 2729 ut
2670 2676 3483 2746 ipsequiapparuitpastoribus

1897 2766 2209 2837 apparuerit
2258 2767 2420 2821 etiam
2476 2767 2677 2837 magis;
2735 2766 2821 2820 alii
2858 2768 3039 2820 dicunt
3079 2767 3242 2822 fuisse
3271 2766 3480 2821 stellam

1896 2875 2111 2924 novam,
2137 2859 2277 2928 quod
2298 2859 2467 2928 magis
2494 2867 2577 2913 est
2629 2859 2979 2919 credendum,
3006 2850 3141 2928 quia
3181 2858 3300 2913 talis
3350 2858 3487 2929 puer

1898 2944 2059 3021 natus
2086 2960 2169 3006 est
2221 2961 2370 3023 tunc,
2402 2950 2577 3020 qualis
2605 2967 2701 3005 nec
2737 2960 2881 3016 ante,
2919 2966 3017 3005 nec
3044 2960 3251 3020 postea,
3285 2960 3339 3003 et
3364 2949 3480 3002 ideo

1897 3042 2017 3097 talis
2062 3042 2213 3098 stella
2264 3060 2521 3113 apparere
2559 3043 2763 3111 debuit,
2808 3044 2984 3114 qualis
3039 3042 3135 3099 nec
3169 3054 3347 3108 antea,
3384 3058 3483 3097 nec

1894 3145 2081 3208 postea
2115 3136 2382 3205 apparuit.
2433 3136 2492 3189 Et
2537 3137 3073 3191 animadvertende
3116 3128 3346 3205 estquia
3375 3151 3481 3189 non

1897 3227 2077 3280 dicant
2107 3226 2316 3279 stellam
2336 3236 2595 3292 nostram,
2623 3238 2713 3280 aut
2739 3225 2946 3281 stellam
2969 3227 3110 3289 cmli,
3145 3228 3236 3282 sed
3259 3247 3273 3277 ι
3298 3225 3430 3295 ejus,
3456 3246 3472 3278 ι

196 3312 317 3383 Ipse
344 3321 426 3367 est
452 3314 613 3367 etiam
658 3313 1067 3371 Melchisedech.
1103 3315 1293 3371 Postea
1340 3332 1470 3373 vero
1513 3319 1791 3373 habitave-
1900 3319 1950 3372 id
1996 3327 2073 3373 est
2107 3333 2317 3371 novam.
2358 3317 2463 3371 Sed
2489 3318 2655 3388 quaeri
2688 3327 2861 3388 potest
2892 3335 3059 3389 quare
3098 3316 3324 3373 Domino
3354 3325 3480 3371 nato

199 3419 328 3465 runt
359 3411 427 3464 ibi
450 3408 700 3476 Jebuszei,
729 3420 783 3465 et
810 3426 840 3464 a
870 3426 966 3467 suo
997 3413 1217 3467 nomine
1240 3413 1642 3484 appellaverunt
1667 3428 1787 3467 eam

198 3500 399 3566 Jebus,
449 3516 513 3555 ac
558 3516 654 3571 per
699 3503 801 3556 hoc
838 3501 1041 3571 junctis
1086 3505 1170 3559 his
1210 3507 1519 3561 nominibus
1545 3505 1707 3561 Jebus
1738 3517 1790 3559 et

202 3592 422 3659 Salen),
483 3600 536 3647 et
589 3594 647 3647 eb
702 3609 858 3649 versa
916 3596 969 3651 in
1019 3613 1107 3660 er,
1165 3597 1307 3652 dicta
1380 3606 1464 3652 est
1530 3596 1788 3651 Hierusa-

198 3684 326 3738 lem.
355 3684 557 3739 Deinde
584 3685 870 3741 aediticavit
900 3687 953 3741 in
986 3701 1048 3741 ea
1081 3686 1334 3743 Salomon
1366 3688 1788 3743 famosissimum

200 3775 479 3843 templum,
514 3783 565 3830 et
588 3792 707 3830 eam
741 3777 921 3832 multis
947 3779 1280 3832 ornamentis
1318 3779 1611 3841 decoravit,
1643 3780 1789 3832 etab

198 3864 315 3933 ejus
354 3867 568 3920 nomine
606 3877 792 3922 vocata
834 3876 918 3922 est
966 3868 1353 3941 Hierosolyma,
1399 3871 1552 3939 quasi
1598 3871 1790 3924 civitas

200 3954 526 4011 Salomonis.
559 3956 689 4011 Post
733 3959 846 4011 haec
886 3958 1159 4011 destructa
1204 3970 1287 4014 est
1335 3977 1363 4013 a
1410 3960 1694 4025 Chaldaeis,
1737 3973 1789 4018 et

197 4048 522 4102 rewditieata
574 4056 655 4102 est
701 4050 767 4103 ab
812 4049 978 4104 Esdra
1018 4052 1326 4115 sacerdote,
1360 4063 1409 4107 et
1451 4052 1785 4122 Zorobabel;

198 4138 393 4191 deinde
416 4140 686 4195 destructa
712 4139 809 4193 fuit
832 4157 860 4194 a
886 4142 1213 4211 Vespasiano
1235 4152 1287 4199 et
1311 4143 1431 4198 Tito
1456 4146 1790 4216 principibus

198 4230 602 4299 Romanorum,
650 4243 703 4287 et
730 4234 1053 4291 reaedilicata
1082 4245 1162 4292 est
1196 4239 1263 4292 ab
1292 4238 1533 4292 Adriano
1559 4239 1791 4309 impera-

201 4333 339 4390 tore,
378 4326 469 4394 qui
512 4336 566 4380 et
603 4325 709 4381 alio
736 4328 953 4383 nomine
982 4330 1275 4385 vocabatur
1305 4330 1520 4395 Helius,
1550 4342 1605 4387 et
1630 4350 1689 4386 ea
1724 4334 1790 4388 de

197 4432 362 4479 causa
392 4417 532 4489 dicta
564 4428 645 4471 est
690 4418 869 4483 Helia,
902 4421 1044 4475 unde
1080 4431 1134 4474 et
1164 4422 1215 4474 in
1246 4423 1556 4478 Canonibus
1598 4425 1792 4495 legitur

198 4510 265 4564 de
286 4510 553 4579 episcopis
580 4510 742 4566 Heliae
765 4513 1019 4567 civitatis.
1042 4513 1311 4567 Prasterea
1336 4519 1685 4585 quaerendum
1708 4528 1793 4574 est

199 4617 366 4671 quare
404 4603 543 4672 magi
592 4603 1015 4674 Hierosolymam
1057 4618 1343 4673 venerunt,
1375 4624 1498 4662 cum
1530 4610 1791 4665 Dominus

199 4695 269 4750 ibi
318 4705 477 4749 natus
509 4712 610 4747 non
648 4695 734 4749 sit.
785 4695 964 4752 Multis
995 4713 1121 4751 vero
1162 4698 1228 4753 de
1270 4701 1449 4754 causis
1494 4702 1545 4755 id
1588 4702 1787 4756 factum

200 4787 366 4842 fuisse
394 4796 627 4842 constat.
668 4787 759 4843 lsti
802 4790 942 4844 enim
979 4802 1310 4860 agnoverunt
1340 4802 1553 4864 tempus
1592 4797 1785 4849 nativis

200 4881 344 4945 tatis,
369 4882 465 4935 sed
495 4891 671 4935 tamen
704 4881 878 4936 locum
903 4898 1007 4937 non
1034 4897 1419 4955 cognoverunt.
1446 4886 1785 4943 Hierusalem

198 4976 343 5046 regia
369 4975 562 5029 civitas
588 4985 729 5040 erat,
764 4984 816 5030 et
846 4978 1159 5048 metropolis
1197 4980 1339 5035 illius
1368 4982 1680 5050 provincia}.
1711 4983 1785 5036 lbi

197 5078 353 5123 erant
379 5084 474 5122 rex
500 5078 553 5122 et
581 5070 779 5123 summi
819 5071 1160 5137 sacerdotes;
1206 5073 1277 5127 ibi
1324 5072 1529 5129 Scriba:
1562 5083 1618 5129 et
1644 5074 1787 5129 Pha-

196 5161 378 5223 risaei;
420 5159 492 5212 ibi
540 5176 663 5213 area
704 5159 913 5214 Domini
947 5169 1002 5214 et
1046 5160 1467 5218 famosissimum
1498 5166 1787 5236 templum,

195 5261 249 5306 et
276 5252 396 5305 ideo
423 5251 759 5307 Hierusalem
792 5262 1085 5318 venerunt,
1121 5256 1375 5322 quoniam
1420 5257 1785 5321 crediderunt,

195 5346 340 5417 quod
372 5346 493 5401 talis
519 5361 653 5414 puer
685 5361 788 5401 non
817 5346 965 5411 alibi,
997 5347 1099 5401 nisi
1138 5348 1192 5402 in
1237 5350 1449 5420 egregia
1479 5352 1608 5407 urbe
1637 5352 1787 5407 nasci

195 5440 492 5495 debuisset.
542 5440 667 5494 Sive
715 5441 833 5495 ideo
876 5449 1142 5496 venerunt
1176 5449 1235 5495 ut
1263 5441 1439 5498 locum
1483 5444 1784 5500 nativitatis

193 5535 358 5591 citius
386 5536 594 5590 discere
615 5537 933 5606 potuissent,
958 5536 1071 5591 sive
1094 5536 1214 5591 ideo
1236 5547 1501 5591 venerunt
1525 5546 1582 5590 ut
1611 5540 1781 5593 adim-

194 5625 438 5696 pleretur
466 5626 607 5695 quod
635 5626 897 5695 scriptum
920 5635 1005 5684 est
1031 5644 1044 5680 :
1085 5644 1103 5677 ι
1138 5627 1210 5681 De
1238 5625 1366 5680 Sion
1398 5626 1566 5679 exibit
1594 5625 1697 5692 lex,
1730 5637 1781 5681 et

194 5716 435 5772 Verbum
466 5714 679 5771 Domini
711 5718 774 5771 de
798 5716 1152 5773 Hierusalem.
1179 5736 1197 5767 ›
1221 5714 1455 5771 Verbum
1485 5717 1692 5772 Domini
1718 5720 1781 5772 de

194 5810 534 5866 Hierusalem
561 5810 749 5875 exivit,
783 5811 908 5880 quia
948 5809 1073 5866 inde
1099 5809 1303 5878 primus
1330 5811 1679 5865 auuuntiatus
1702 5822 1783 5865 est

195 5904 445 5960 Christus
472 5911 630 5959 natus
655 5920 668 5969 ;
711 5904 824 5958 sive
851 5902 971 5958 ideo
994 5910 1255 5957 venerunt
1278 5916 1343 5956 ne
1370 5900 1536 5958 Judaei
1564 5904 1782 5957 inexcu-

1897 3409 2096 3463 Judieis
2142 3410 2452 3480 pastoribus
2492 3409 2742 3481 angelus;
2777 3411 2946 3480 magis
2980 3420 3159 3465 autem
3187 3406 3478 3483 gentilibus

1896 3520 2003 3558 non
2037 3502 2276 3573 angelus,
2325 3502 2416 3555 sed
2467 3500 2617 3557 stella
2652 3503 2917 3573 apparuit.
2963 3498 3195 3557 Decebat
3246 3517 3478 3571 namque

1895 3604 1953 3648 ut
1983 3592 2182 3650 Judaeis
2232 3596 2442 3649 ratione
2486 3594 2762 3650 utentibus
2812 3595 3133 3650 rationabile
3171 3596 3388 3656 animal,
3427 3596 3477 3650 id

1893 3696 1977 3741 est
2006 3686 2227 3756 angelus
2248 3695 2554 3756 appareret,
2587 3696 2640 3739 et
2678 3696 2859 3741 natum
2895 3685 3180 3741 Dominum
3214 3686 3479 3755 prtedica-

1896 3788 2010 3841 ret;
2045 3776 2214 3847 magis
2260 3785 2434 3830 autern
2462 3776 2771 3845 gentilibus,
2803 3788 3055 3845 tanquam
3099 3776 3451 3830 irrationabili

1895 3871 2016 3934 bus,
2070 3868 2455 3923 irrationabilis
2483 3872 2762 3933 'creatura,
2812 3870 2975 3923 idest
3016 3867 3168 3922 stella
3216 3883 3479 3937 apparere

1897 3962 2099 4027 debuit,
2132 3979 2249 4032 qu:e
2277 3964 2439 4017 Deum
2470 3962 2519 4014 in
2552 3976 2712 4014 carne
2739 3961 3047 4030 apparuisse
3108 3964 3475 4017 aunuutiaret.

1898 4054 2186 4108 Scieuthuu
2242 4063 2323 4109 est
2376 4062 2632 4123 prattcrea
2689 4052 2811 4121 quia
2873 4051 3239 4108 mathematici
3289 4068 3470 4106 unum-

1896 4164 2164 4216 quemque
2216 4149 2313 4200 sub
2347 4146 2458 4199 fato
2491 4145 2635 4200 nasci
2672 4144 2949 4217 putabant,
2976 4158 3029 4201 et
3061 4146 3163 4200 hoc
3196 4146 3245 4198 in
3273 4142 3453 4213 adjutu

1896 4242 2034 4293 rium
2063 4241 2142 4292 sui
2174 4241 2374 4293 erroris
2404 4256 2769 4313 assumpsere,
2802 4241 2943 4311 quod
2973 4238 3187 4309 quando
3218 4237 3477 4291 Dominus

1898 4343 2057 4388 natus
2087 4340 2190 4398 est,
2225 4349 2358 4387 nova
2388 4335 2536 4386 stella
2576 4333 2843 4403 apparuit.
2877 4330 2981 4384 Sed
3015 4329 3153 4383 absit
3183 4343 3210 4380 a
3239 4328 3474 4382 tidelium

1898 4427 2154 4479 cordibus
2187 4437 2243 4477 ut.
2275 4424 2440 4477 fatum
2486 4423 2700 4492 aliquod
2747 4439 2865 4477 esse
2914 4422 3128 4485 dicant;
3170 4420 3294 4473 dum
3330 4419 3475 4472 enim

1898 4534 2003 4570 non
2039 4532 2172 4585 puer
2198 4517 2261 4567 ad
2299 4515 2531 4577 stellam,
2562 4514 2652 4568 sed
2684 4513 2833 4567 stella
2872 4513 2936 4565 ad
2965 4528 3186 4581 puerum
3215 4511 3474 4577 cucurrit,

1899 4618 2085 4677 aperte
2138 4607 2559 4667 demonstratur,
2589 4605 2712 4673 quia
2746 4620 2848 4657 non
2891 4602 3038 4657 stella
3095 4602 3260 4655 fatum
3300 4602 3472 4672 pueri,

1818 4678 1869 4739 Ῐ)
1898 4703 1989 4755 sed
2025 4701 2221 4770 potius,
2258 4701 2298 4753 si
2343 4700 2520 4753 dicere
2556 4699 2762 4761 liceret,
2793 4697 2877 4752 his
2907 4696 2996 4766 qui
3026 4695 3271 4765 apparuit
3318 4710 3468 4763 puer,

1894 4794 1997 4847 fuit
2030 4793 2197 4845 fatum
2228 4792 2427 4853 stellio;
2466 4807 2626 4859 quam
2662 4807 2765 4843 non
2798 4790 2844 4842 ei
2877 4790 2941 4841 ad
2988 4788 3270 4857 imperium
3305 4787 3476 4840 domi-

1891 4887 2147 4949 nabatur,
2174 4885 2265 4936 sed
2294 4883 2463 4951 magis
2491 4883 2558 4936 ad
2589 4882 2901 4951 obsequium
2926 4879 3287 4934 famulabatur
3324 4879 3473 4944 Quod

1891 4998 2023 5036 vero
2062 4981 2259 5035 dicitur
2294 5000 2309 5031 ι
2348 4982 2399 5034 in
2442 4979 2682 5044 Oriente,
2724 5000 2740 5030 ι
2772 4980 2978 5033 duobus
3030 4978 3201 5032 modis
3251 4976 3473 5045 intelligi

1891 5080 2092 5144 potest,
2126 5071 2178 5124 id
2203 5079 2318 5134 est;
2360 5071 2517 5139 posui
2552 5086 2646 5123 nos
2673 5070 2722 5122 in
2764 5068 3008 5122 orientali
3046 5078 3218 5139 parte,
3244 5067 3474 5120 vidimus

1896 5165 2113 5221 stellam
2151 5180 2309 5234 Supra
2362 5162 2621 5225 Judaram,
2655 5173 2705 5216 et
2759 5163 3121 5217 intelleximus
3177 5175 3356 5227 regem
3401 5159 3470 5213 ibi

1892 5267 2111 5321 natum;
2146 5256 2259 5310 sive
2291 5240 2448 5326 positi
2480 5272 2573 5308 nos
2602 5255 2652 5307 in
2687 5269 3010 5324 quacunque
3049 5254 3267 5321 regione
3291 5262 3470 5305 nostra

1890 5348 2126 5403 vidimus
2171 5346 2378 5401 stellam
2419 5348 2470 5399 in
2500 5346 2744 5399 orientali
2799 5355 2971 5414 parte,
3016 5356 3069 5397 et
3107 5344 3471 5397 inteileximus

1891 5454 2069 5510 regem
2103 5448 2287 5492 natum
2337 5439 2389 5492 in
2441 5437 2643 5491 Iudaea.
2703 5436 2999 5493 Sequitur:
3039 5456 3055 5485 ς
3100 5435 3353 5490 Venimus
3383 5436 3469 5489 ad-

1887 5512 2044 5587 orare
2066 5546 2208 5586 eum.
2237 5550 2254 5581 ι
2277 5528 2371 5582 His
2394 5530 2572 5583 verbis
2596 5526 2734 5597 magi
2760 5543 2944 5580 verum
2964 5527 3255 5590 hominem,
3286 5543 3469 5582 verum

1886 5640 2089 5695 regem,
2122 5634 2176 5679 et
2204 5638 2387 5676 verum
2422 5622 2586 5675 Deum
2619 5621 2848 5676 confessi
2883 5630 3024 5674 sunt.
3074 5620 3270 5675 Verum
3302 5622 3443 5677 homi

1888 5702 2008 5771 nem
2041 5734 2163 5771 cum
2211 5716 2499 5769 dixerunt:
2541 5733 2555 5763 ε
2594 5712 2694 5768 Ubi
2743 5722 2825 5767 est
2867 5713 2957 5782 qui
2992 5706 3150 5769 natus
3176 5723 3290 5781 est;
3332 5736 3348 5767 ›
3383 5731 3472 5771 vc-

1888 5827 2005 5864 rmn
2057 5824 2236 5883 regem
2264 5823 2387 5862 cum
2442 5806 2629 5860 aiunt:
2667 5823 2682 5854 (
2720 5806 2833 5861 Rex
2866 5805 3195 5876 Judaeorum,
3237 5830 3252 5858 ι
3282 5792 3469 5864 verum

1891 5904 2059 5960 Deum
2089 5916 2210 5957 cum
2244 5898 2571 5971 subiungunt
2604 5916 2615 5951 :
2654 5918 2669 5948 ι
2712 5896 2969 5955 Venimus
3001 5900 3227 5959 adorare
3250 5917 3404 5968 eum;
3447 5921 3465 5953 ι
