4038 6492
570 400 676 458 905

1123 353 1393 461 REMIGII.
1418 400 2079 460 ANTISSIODORENSIS
2115 401 2266 462 OPP.
2306 398 2488 459 PARS
2517 401 2586 458 ll.
2624 429 2697 448 —
2733 398 3233 460 MISCELLANEA.

3726 399 3822 455 904

569 513 695 584 quia
721 523 1050 586 praeceptum
1076 515 1176 572 fuit
1208 518 1260 573 in
1293 519 1409 590 lege
1443 529 1502 574 ut
1549 520 1727 575 nullus
1762 520 2016 574 adoretur
2043 519 2146 574 nisi
2174 528 2234 586 Α⁴
2252 536 2372 577 esse
2400 521 2634 594 turbatio
2674 521 2841 576 totius
2866 520 3068 590 populi,
3118 528 3172 573 et
3204 516 3498 594 secundum
3538 518 3684 574 hanc
3709 533 3824 573 con-

568 604 732 660 Deus.
791 605 1031 664 Herodes
1084 610 1469 681 interpretatur
1516 611 1782 682 pellicius,
1825 612 1938 665 sive
1990 610 2145 680 pellis

568 695 758 766 gloria,
785 707 841 753 et
861 701 1133 770 signiﬁcat
1158 703 1452 769 diabolum,
1479 704 1572 773 qui
1613 703 1750 758 bene
1788 702 2032 772 pellieius
2059 701 2144 757 di-

566 787 732 856 citur,
760 791 884 860 quia
916 794 1276 864 protoplastos
1301 795 1551 864 spoliavit
1602 795 1736 851 stola
1769 794 2145 850 immortalita-

565 879 658 946 tis,
681 890 736 936 et
773 881 902 937 fecit
932 899 1025 938 eos
1057 885 1203 939 indui
1236 885 1444 940 tunicas
1484 885 1758 956 pelliceas,
1787 894 1842 941 et
1868 885 1994 955 quia
2023 884 2139 956 glo-

565 972 808 1028 riabatur
838 990 896 1029 se
917 977 1111 1032 vicisse
1143 991 1256 1042 eos,
1288 979 1408 1032 ideo
1433 979 1501 1032 ab
1533 979 1648 1048 ipsa
1671 978 1899 1032 victoria
1931 976 2142 1046 accepit

563 1080 758 1120 nomen
789 1067 944 1137 pellis
978 1068 1170 1139 gloria.
1201 1070 1478 1142 Hegnante
1515 1071 1676 1142 igitur
1703 1071 1935 1136 Herode,
1966 1070 2017 1124 id
2056 1075 2141 1124 est

561 1168 819 1227 regnante
869 1161 1085 1218 diabolo
1136 1165 1189 1216 in
1215 1165 1435 1227 mundo,
1469 1173 1629 1218 natus
1664 1173 1748 1218 est
1793 1163 2045 1219 Christus
2083 1163 2139 1217 in

559 1246 889 1316 Bcthlehem,
916 1266 1035 1321 qua:
1078 1254 1234 1324 panis
1273 1254 1466 1309 domus
1493 1254 1909 1324 interpretatur,
1932 1263 1986 1309 et
2013 1268 2142 1309 san-

558 1355 702 1400 ctam
745 1345 1041 1402 Eeclesiam
1094 1347 1384 1419 signiﬁcat,
1441 1349 1494 1403 in
1522 1363 1628 1418 qua
1656 1348 1896 1418 quotidie
1946 1348 2140 1403 notitia

558 1435 758 1493 Christi
816 1438 1107 1494 invenitur.
1175 1437 1449 1494 Moraliter
1497 1439 1814 1496 Bcthlehem
1869 1439 2142 1513 signiﬁcat

557 1547 997 1603 unamquamque
1047 1534 1284 1588 animam
1314 1534 1544 1601 ﬁdelem,
1579 1550 1699 1605 quae
1720 1542 1805 1591 est
1831 1535 2022 1590 domus
2043 1549 2136 1605 pa-

555 1622 665 1687 nis,
690 1622 897 1677 scilicet
922 1622 1042 1688 Dei,
1072 1623 1372 1679 secundum
1422 1625 1525 1680 hoe
1555 1625 1696 1694 quod
1726 1625 1986 1694 scriptum
2009 1633 2133 1681 est:

561 1734 580 1767 ι
613 1715 810 1771 Anima
833 1714 967 1784 justi
1008 1719 1165 1774 sedes
1197 1727 1282 1774 est
1319 1720 1614 1789 sapientiae,
1653 1739 1671 1771 ›
1712 1719 1977 1790 sapientia
2004 1733 2135 1774 vero

555 1803 649 1860 Dei
675 1807 850 1862 Patris
879 1807 1126 1866 Christus
1156 1819 1258 1866 est.
1292 1811 1433 1882 Ergo
1483 1813 1526 1867 si
1571 1811 1749 1867 anima
1787 1811 1921 1882 justi
1975 1813 2133 1868 sedes

2250 613 2590 668 suetudinem
2621 614 2756 668 dixit
2784 629 2998 668 omnem
3047 612 3472 683 Hierosolymam
3519 617 3819 676 turbatam;

2246 703 2336 759 alii
2376 705 2523 759 enim
2554 707 2912 761 turbabantur
2939 705 3232 770 veraciter,
3275 704 3360 759 alii
3389 720 3519 759 vero
3553 705 3823 760 simulate.

2247 795 2543 866 Sequitur:
2581 815 2599 846 α
2637 797 2703 852 Ει
2733 812 3069 868 congregans
3113 811 3301 852 omnes
3350 797 3627 867 principes
3656 811 3828 851 sacer-

2245 890 2452 957 dotum,
2488 899 2544 946 et
2585 890 2792 946 scribas
2834 891 3040 961 populi,
3075 891 3457 946 sciscitabatur
3501 891 3572 944 ab
3629 890 3714 943 eis
3744 889 3830 943 ubi

2243 983 2492 1040 Christus
2521 991 2858 1040 nasceretur.
2899 1002 2918 1034 »
2951 982 3047 1039 His
3071 983 3253 1038 verbis
3291 982 3708 1037 demonstratur
3734 980 3833 1035 He-

2242 1075 2430 1130 rodem
2486 1074 2840 1145 alienigenam
2874 1074 3075 1141 fuisse;
3130 1090 3257 1129 nam
3298 1074 3341 1129 si
3369 1072 3592 1128 indzeus
3645 1071 3832 1128 fuisset

2240 1166 2580 1236 prophetiam
2607 1166 2834 1221 haberet
2860 1175 3063 1230 notam,
3089 1176 3146 1221 et
3173 1165 3349 1222 locum
3387 1165 3701 1219 nativitatis
3729 1180 3830 1218 non

2242 1258 2564 1328 ignorasset.
2592 1258 2797 1314 Seribze
2835 1259 2964 1316 dicti
2998 1266 3124 1313 sunt
3167 1274 3273 1312 non
3323 1266 3533 1312 tantum
3564 1258 3640 1310 ab
3663 1255 3832 1312 ofﬁcio

2241 1347 2534 1414 scribendi,
2575 1351 2668 1403 sed
2700 1349 2880 1418 potius
2921 1349 2988 1404 ab
3035 1349 3487 1417 interpretatione
3517 1345 3834 1418 Scriptura-

2239 1455 2394 1506 rum;
2425 1449 2582 1496 erant
2619 1441 2762 1495 enim
2800 1440 2933 1510 legis
2962 1441 3231 1496 doctores.
3268 1439 3829 1494 Animadvertendum

2239 1541 2500 1603 praeterea
2524 1534 2651 1603 quia
2680 1548 2787 1588 non
2810 1534 2984 1589 dixit:
3019 1534 3110 1589 ubi
3137 1533 3386 1589 Christus
3415 1541 3579 1588 natus
3611 1542 3724 1597 est,
3745 1533 3830 1588 sed

2238 1622 2331 1678 ubi
2355 1632 2701 1690 nasceretur;
2731 1624 2923 1679 callide
2945 1626 3090 1680 enim
3120 1625 3482 1696 interrogavit
3507 1639 3609 1680 eos
3638 1633 3830 1694 utpos-

2241 1725 2327 1770 set
2348 1730 2678 1787 cognoscere
2707 1717 2751 1771 si
2791 1717 2896 1787 ipsi
2937 1716 3251 1772 laetarentur
3274 1717 3342 1772 de
3370 1732 3470 1772 suo
3511 1732 3650 1788 rege
3681 1729 3824 1781 nato,

2241 1823 2308 1864 an
2337 1825 2478 1875 non;
2520 1819 2576 1864 at
2605 1809 2706 1879 ipsi
2754 1810 3108 1866 ostenderunt
3152 1809 3362 1874 locum,
3404 1818 3459 1864 et
3510 1810 3830 1864 testimonio

553 1907 636 1952 est
665 1899 963 1968 sapientiae,
983 1902 1139 1957 sedes
1162 1911 1245 1958 est
1273 1902 1593 1969 Christi,est
1614 1903 1985 1959 habitaculum
2012 1903 2131 1970 Dei,
2161 1913 2209 1974 Β
2236 1901 2516 1970 propheta:
2562 1901 2968 1957 afﬁrmaverunt
2999 1902 3278 1958 dicentes:
3315 1920 3334 1953 ι
3383 1901 3478 1957 Sic
3517 1903 3671 1958 enim
3701 1903 3828 1957 scri-

551 1993 846 2046 secundum
895 1993 999 2048 hoc
1047 1997 1197 2064 quod
1252 1994 1453 2051 Paulus
1494 1997 1610 2051 ait:
1651 2016 1669 2048 (
1705 1997 1985 2068 Templum
2035 1997 2128 2051 Dei

550 2091 796 2137 sanctum
828 2093 931 2150 est,
961 2087 1103 2154 quod
1155 2088 1285 2143 estis
1311 2103 1427 2143 vos.
1466 2107 1484 2140 ι
1516 2085 1648 2142 Nam
1673 2089 1716 2142 si
1745 2087 1940 2159 aliquis
1964 2088 2028 2143 de
2054 2089 2130 2142 vi-

551 2173 640 2230 tiis
667 2175 734 2230 ad
764 2176 1017 2241 virtutes,
1049 2178 1115 2232 de
1157 2179 1474 2235 inﬁdelitate
1514 2183 1711 2237 transit
1761 2184 1828 2238 ad
1868 2182 2048 2246 ﬁdem,
2076 2183 2129 2236 in

546 2265 860 2323 Bcthlehem
902 2271 1142 2325 nascitur
1171 2271 1440 2338 Christus,
1469 2275 1524 2328 id
1563 2275 1725 2329 estin
1753 2276 1935 2329 anima
1985 2275 2130 2331 ﬁdeli

547 2358 786 2428 quotidie
826 2359 1095 2415 formatur
1139 2361 1410 2430 Christus,
1453 2365 1698 2438 quotidie
1740 2367 1986 2421 nascitur
2035 2381 2131 2438 per

546 2448 719 2505 bonas
758 2451 1118 2522 cogitationes
1160 2464 1215 2510 et
1242 2457 1609 2526 operationes,
1640 2466 1701 2512 et-
1723 2458 1966 2530 quotidie
1993 2459 2127 2529 lapi-

548 2545 708 2600 datur
737 2553 792 2602 et
818 2547 1181 2618 exstinguitur
1217 2566 1314 2621 per
1342 2553 1509 2609 malas
1535 2555 1890 2627 cegitationes
1917 2567 1972 2611 et
2000 2572 2129 2626 ope-

545 2636 806 2693 rationes.
836 2637 972 2694 Nam
1003 2650 1266 2712 quotquot
1305 2645 1475 2700 malas
1495 2647 1853 2717 cogitationes
1881 2647 2042 2703 homo
2072 2648 2127 2703 in

545 2741 603 2783 se
628 2728 878 2800 suscipit,
917 2732 1070 2802 quasi
1106 2741 1185 2788 tot
1227 2733 1435 2805 lapides
1467 2736 1520 2791 iu
1554 2735 1735 2792 Jesuin
1764 2739 1973 2810 jactat;
2002 2747 2055 2793 et
2080 2739 2126 2794 si

544 2817 692 2888 ipsas
738 2819 908 2876 malas
961 2822 1316 2893 cogitationes
1354 2825 1421 2879 ad
1471 2825 1912 2884 deliberationem
1949 2828 2033 2882 vel
2057 2829 2126 2884 ad

542 2904 790 2963 effectum
822 2911 1158 2980 perduxerit,
1188 2922 1316 2970 tunc
1339 2913 1616 2971 Christum
1642 2918 1694 2971 in
1724 2933 1782 2973 se
1804 2919 2121 2990 exstinguit,

542 2999 598 3054 id
635 3008 718 3055 est
745 3002 974 3073 gratiam
1001 3002 1225 3060 Christi.
1266 3005 1465 3062 Paulus
1509 3009 1785 3077 apostolus
1837 3011 2125 3067 manifeste

542 3089 768 3161 loquens
811 3093 879 3148 ad
929 3092 1149 3151 Galatas
1171 3096 1248 3152 ait
1278 3113 1293 3150 :
1331 3117 1348 3149 ι
1377 3098 1553 3154 Filioli
1581 3100 1708 3165 mei,
1745 3116 1881 3172 quos
1927 3103 2122 3156 iterum

541 3186 786 3256 parturio
814 3187 986 3244 donec
1039 3189 1306 3246 formetur
1349 3190 1599 3247 Christus
1635 3191 1690 3247 in
1728 3193 1902 3248 vobis.
1938 3211 1958 3246 ι
1993 3192 2124 3248 Par-

2234 1999 2386 2062 ptum
2416 2002 2498 2048 est
2525 2010 2538 2047 :
2569 1993 2634 2047 Et
2661 2003 2717 2048 tu
2753 1993 3064 2050 Bcthlehem
3107 2003 3253 2049 terra
3279 1993 3438 2061 Juda,
3477 2010 3826 2066 nequaquam

2235 2085 2459 2140 minima
2475 2100 2533 2141 es
2555 2088 2607 2141 in
2631 2087 2966 2158 principibus
2984 2088 3139 2144 Juda.
3172 2108 3191 2139 ι
3226 2087 3324 2142 Hic
3348 2089 3829 2160 reprehenduntur

2233 2174 2404 2232 Judaei
2436 2179 2503 2232 de
2527 2178 2856 2249 ignorantia.
2890 2180 3146 2250 quoniam
3183 2179 3450 2250 propheta
3482 2179 3665 2234 dixit:
3697 2199 3716 2230 ‹
3751 2179 3824 2234 Tu

2232 2268 2548 2325 Bcthlehem
2577 2270 2875 2341 Euphrata,
2909 2290 2926 2323 ι
2955 2271 3029 2326 illi
3050 2287 3181 2326 vero
3206 2271 3462 2326 dixerunt
3484 2270 3826 2327 solummodo

2233 2366 2291 2413 tu
2319 2359 2634 2414 Bcthlehem
2661 2368 2805 2414 terra
2829 2358 2857 2413 εἰ
2865 2360 2989 2426 uda,
3012 2358 3496 2429 przetermittentes
3519 2361 3821 2430 Euphrata.

2233 2450 2382 2519 Quod
2437 2466 2567 2507 vero
2595 2452 2763 2508 dicit:
2807 2450 3156 2522 Nequaquam
3211 2451 3416 2506 nimiua
3449 2467 3510 2507 es
3538 2453 3598 2507 in
3630 2453 3825 2523 princi-

2229 2543 2389 2612 pibus
2419 2542 2580 2609 Juda,
2629 2544 2755 2600 talis
2782 2554 2866 2600 est
2925 2560 3118 2602 sensus
3151 2529 3169 2600 :ﬁ
3199 2544 3450 2616 quamvis
3488 2546 3721 2600 minima
3749 2547 3823 2601 vi-

2230 2634 2413 2691 dearis
2441 2635 2586 2692 inter
2611 2637 2773 2693 urbes
2795 2638 3156 2708 principatum
3179 2639 3467 2704 habentes,
3494 2647 3684 2694 tamen
3716 2654 3818 2695 non

2229 2740 2290 2781 es
2322 2725 2566 2793 minima,
2605 2745 2624 2778 ‹
2657 2727 2784 2797 quia
2810 2743 2878 2783 ex
2919 2737 2973 2784 te
3001 2729 3146 2784 exiet
3178 2729 3306 2793 dux,
3339 2729 3433 2799 qui
3466 2738 3629 2800 regat
3654 2744 3820 2800 popu-

2227 2814 2337 2874 lum
2370 2834 2547 2874 meum
2573 2818 2759 2877 Israel.
2801 2841 2822 2875 ι
2856 2821 2988 2877 ῡω(
3027 2822 3130 2878 iste
3174 2822 3363 2888 David,
3419 2821 3538 2878 sive
3569 2821 3818 2878 Christus

2228 2910 2610 2983 intelligendus
2638 2921 2740 2968 est.
2770 2911 2828 2968 Si
2853 2913 3026 2968 David
3058 2913 3402 2984 intelligatur,
3447 2913 3568 2984 ipse
3592 2914 3814 2982 quidem

2220 2999 2444 3072 jubente
2472 3005 2700 3075 pariter,
2729 3014 2785 3060 et
2828 3004 3052 3076 juvante
3094 3006 3325 3066 Domino
3365 3005 3629 3061 nobiliter
3681 3005 3816 3061 rexit

2224 3095 2482 3166 populum
2533 3097 2909 3164 lsraeliticum,
2974 3099 3220 3169 quamvis
3257 3097 3665 3168 temper-aliter;
3723 3097 3814 3153 sed

2227 3187 2350 3255 quia
2411 3188 2672 3258 propheta
2725 3189 2907 3243 futura
2945 3189 3293 3260 praedicabat,
3322 3187 3432 3242 dux
3482 3189 3592 3244 iste
3641 3189 3812 3258 magis

544 3275 774 3331 turierat
792 3293 886 3333 eos
908 3279 1060 3349 prius
1087 3295 1184 3351 per
1227 3282 1682 3352 praedicationem,
1713 3292 1768 3338 et
1792 3283 2124 3341 formaverat
2151 3275 2197 3340 C
2227 3281 2608 3351 intelligendus
2652 3293 2738 3337 est
2777 3282 3054 3349 Christus,
3091 3282 3216 3352 quia
3265 3296 3371 3335 una
3414 3296 3540 3337 cum
3569 3279 3740 3335 Patre
3763 3289 3809 3333 et

542 3362 820 3423 Christum
860 3370 913 3424 in
941 3385 1130 3427 eorum
1163 3373 1418 3429 cordibus
1444 3390 1542 3445 per
1573 3375 1766 3444 ﬁdem;
1797 3378 1890 3432 sed
1917 3379 2125 3432 exstin-

543 3467 662 3515 ctus
687 3460 865 3517 fuerat
893 3463 947 3518 in
977 3465 1056 3521 eis
1093 3465 1341 3523 Christus
1374 3483 1473 3539 per
1497 3470 1936 3539 praedicationem
1963 3487 2122 3542 pseu-

542 3551 998 3625 doapostolorum,
1032 3568 1086 3615 et
1112 3560 1233 3616 ideo
1260 3561 1543 3618 laborabat
1594 3564 1839 3634 egregius
1863 3565 2121 3634 praedica-

543 3656 631 3702 tor
653 3656 711 3702 ut
734 3649 926 3704 iterum
981 3665 1074 3706 eos
1099 3654 1412 3722 parturiret,
1447 3663 1500 3710 et
1544 3653 1805 3711 formaret
1845 3655 2122 3711 Christum

542 3739 597 3794 in
628 3741 883 3799 cordibus
923 3759 1132 3801 eorum.
1175 3745 1512 3802 Hierusalem
1541 3749 1928 3818 interpretatur
1956 3749 2120 3805 etiam

539 3828 678 3886 visio
696 3832 863 3902 pacis,
890 3842 945 3889 et
969 3834 1239 3904 signiﬁcat
1257 3838 1588 3907 primitivam
1611 3840 1948 3909 Ecclesiam;
1979 3842 2120 3913 magi

539 3934 670 3976 vero
699 3925 1008 3995 signiﬁcant
1033 3929 1300 3996 primitias
1323 3932 1594 4000 gentium;
1634 3949 1760 3987 nam
1791 3933 1930 3989 sicut
1977 3935 2117 4005 magi

541 4011 685 4066 docti
716 4022 843 4067 sunt
881 4014 1058 4070 locum
1106 4018 1403 4074 nativitatis
1460 4021 1670 4075 Domini
1722 4038 1751 4076 a
1792 4021 2013 4086 JUdLCiS,
2041 4025 2120 4079 sic

539 4111 595 4159 et
651 4104 904 4176 primitiae
959 4110 1197 4178 gentium
1243 4110 1545 4166 didicerunt
1596 4114 1752 4168 ﬁdem
1781 4131 1806 4167 a
1847 4115 2118 4184 primitiva

539 4194 802 4262 Ecclesia,
835 4197 887 4251 id
918 4207 1003 4253 est
1050 4198 1118 4253 ab
1165 4195 1440 4271 apostolis.
1485 4202 1780 4273 Sequitur:
1820 4223 1839 4255 ε
1877 4206 2116 4261 Audiens

539 4297 720 4345 autem
747 4289 987 4348 Herodes
1014 4309 1108 4348 rex
1134 4296 1379 4350 turbatus
1409 4304 1508 4350 est.
1551 4316 1569 4349 ›
1607 4298 1745 4353 Dicit
1773 4300 1957 4355 beatus
1983 4299 2118 4356 Gre-

536 4381 719 4452 gorius
745 4398 758 4436 :
786 4382 929 4453 Rege
951 4384 1072 4439 cmli
1101 4394 1248 4452 nato,
1276 4400 1372 4440 rex
1401 4395 1558 4442 terrm
1585 4389 1831 4445 turbatus
1858 4399 1958 4453 est,
1989 4392 2114 4461 quia

535 4491 791 4531 nimirum
822 4477 1051 4534 altitudo
1079 4487 1292 4535 terrena
1335 4479 1701 4548 confunditur,
1742 4499 1863 4537 cum
1891 4483 2113 4538 celsitu-

536 4567 604 4622 do
631 4567 867 4623 coelestis
897 4569 1136 4638 aperitur
1165 4587 1179 4624 :
1212 4578 1363 4625 lauto
1413 4572 1554 4627 enim
1595 4571 1831 4627 humana
1873 4583 2111 4644 potestas

534 4667 590 4712 et
617 4667 831 4713 terrena
861 4659 1113 4730 superbia
1147 4661 1542 4730 comprimitur,
1576 4671 1778 4732 quanto
1825 4663 1994 4734 magis
2037 4664 2112 4718 di-

534 4748 756 4819 gnitatis
820 4750 1060 4818 potentia
1112 4752 1448 4821 agnoscitur,
1506 4760 1561 4806 et
1607 4752 2106 4826 comprehenditur.

533 4842 716 4908 Quare
757 4842 1006 4897 turbatus
1052 4853 1137 4898 est
1183 4844 1463 4899 Herodes?
1501 4859 1600 4914 pro
1643 4844 1850 4900 duabus
1909 4849 2106 4903 causis.

533 4936 806 4992 Turbatus
854 4947 936 4991 est
981 4937 1107 5006 quia
1158 4937 1382 4993 timebat
1426 4938 1626 5008 privari
1664 4953 1829 5010 regno
1858 4948 2107 5009 terreno;

533 5028 648 5085 sive
676 5028 921 5084 turbatus
963 5035 1069 5092 est,
1106 5029 1160 5083 id
1207 5037 1291 5083 est
1319 5028 1490 5084 iratus
1522 5039 1576 5082 et
1605 5028 1917 5101 indignatus
1943 5047 2114 5102 quare

532 5135 696 5175 ausus
727 5119 918 5175 fuisset
960 5117 1159 5194 aliquis
1183 5117 1440 5189 appellari
1473 5132 1569 5173 rex
1620 5118 1826 5191 absque
1865 5121 2117 5191 jussione

531 5211 780 5268 CIBSM'iS.
809 5210 986 5279 Quaeri
1017 5219 1194 5282 potest
1219 5225 1390 5282 quare
1425 5210 1570 5266 dicat
1593 5219 1761 5266 totam
1805 5210 2116 5285 Hierosoly-

530 5319 676 5360 mam
724 5305 1016 5360 turbatam.
1071 5302 1325 5374 Nunquid
1373 5303 1620 5358 turbatus
1665 5312 1750 5359 est
1806 5303 2028 5359 Simeon
2055 5315 2108 5361 et

529 5399 708 5462 Anna,
759 5407 850 5452 aut
902 5397 1084 5452 caeteri
1129 5394 1314 5450 ﬁdeles
1360 5395 1452 5464 qui
1493 5393 1564 5448 ibi
1619 5393 1810 5449 erant?
1836 5393 1983 5460 Non;
2014 5395 2107 5450 sed

531 5473 758 5547 solvitur
813 5491 929 5545 haec
981 5489 1210 5560 quaestio
1267 5503 1363 5558 per
1448 5487 1822 5560 synecdochen
1870 5489 2106 5558 speciem

533 5581 899 5651 grammaticae
928 5580 1082 5645 artis,
1111 5580 1326 5650 quando
1353 5595 1380 5633 a
1418 5590 1570 5648 parte
1601 5588 1794 5644 totum,
1818 5580 1902 5634 vel
1931 5588 2102 5635 totum

533 5673 849 5744 intelligitur
879 5689 906 5726 a
931 5682 1118 5742 parte;
1156 5685 1211 5727 et
1254 5672 1378 5744 quia
1409 5672 1581 5742 major
1606 5687 1734 5742 pars
1762 5673 1976 5726 turbata
2003 5683 2105 5738 est,

535 5762 655 5817 ideo
681 5762 816 5816 dixit
850 5763 1178 5833 evangelista
1209 5773 1376 5818 totam
1411 5761 1716 5827 turbatam;
1743 5762 1856 5816 sive
1884 5762 2002 5817 ideo
2027 5773 2108 5817 to-

535 5858 645 5906 tam
690 5852 957 5908 turbatam
1007 5853 1159 5919 dicit,
1212 5854 1338 5924 quia
1394 5853 1730 5923 perturbatio
1775 5852 1923 5925 regis
1968 5855 2106 5912 solet

2227 3373 2432 3444 Spiritu
2457 3384 2648 3430 sancto
2681 3375 2934 3446 pepulum
2963 3391 3118 3432 suum
3151 3374 3362 3430 ﬁdelem
3400 3373 3456 3428 in
3483 3388 3546 3428 se
3585 3375 3808 3429 credeno

2226 3476 2333 3524 tem
2361 3468 2692 3524 aaterualiter
2718 3470 2877 3534 regit,
2922 3479 3090 3540 atque
3132 3469 3418 3539 gubernat,
3461 3475 3518 3521 et
3541 3467 3608 3521 ad
3643 3468 3807 3522 visio-

2224 3576 2347 3616 nem
2378 3569 2652 3631 perpetua:
2701 3562 2887 3632 patria:
2931 3561 3246 3616 introducit.
3274 3559 3536 3628 Sequitur
3563 3576 3577 3613 :
3608 3579 3627 3611 ι
3661 3559 3807 3614 Tunc

2223 3648 2486 3717 Herodes,
2509 3650 2648 3704 clam
2676 3653 2884 3706 vocatis
2909 3651 3104 3722 magis.
3145 3670 3164 3703 ι
3208 3648 3359 3704 Tune
3386 3649 3534 3718 quod
3556 3649 3717 3714 dicit,
3746 3648 3807 3703 ad

2223 3742 2506 3810 superiora
2540 3741 2790 3806 refertur,
2823 3741 2876 3796 id
2905 3750 2989 3796 est
3018 3749 3301 3811 postquam
3341 3740 3519 3794 locum
3552 3740 3784 3793 nativita

2227 3833 2298 3888 tis
2321 3831 2508 3887 didicit
2543 3849 2572 3886 a
2610 3832 2816 3888 Scribis
2845 3842 2900 3888 et
2927 3832 3236 3888 Phariszeis.
3270 3833 3326 3887 1η
3359 3832 3460 3887 hoc
3485 3830 3608 3887 loco
3630 3831 3786 3887 deﬁci

2222 3924 2476 3988 historia,
2509 3924 2764 3994 quoniam
2810 3938 2918 3978 non
2967 3932 3157 3978 narrat
3205 3931 3426 3978 sanctus
3471 3923 3804 3995 evangelista

2222 4025 2484 4085 quantum
2520 4024 2732 4085 tempus
2759 4015 3098 4070 ostenderint
3118 4017 3258 4085 magi
3293 4031 3360 4070 ex
3391 4031 3500 4086 quo
3529 4017 3689 4071 stella
3718 4032 3797 4087 ap-

2221 4109 2424 4179 paruit,
2474 4117 2529 4161 et
2576 4108 2780 4163 idcirco
2821 4108 2965 4161 varia
2988 4114 3071 4162 est
3119 4107 3306 4183 Aopinio
3332 4107 3399 4161 de
3420 4107 3661 4162 adventu
3694 4124 3807 4162 ma-

2222 4215 2434 4270 gorum.
2453 4197 2682 4266 Quidam
2715 4213 2842 4253 vero
2865 4199 3050 4252 dicunt
3076 4198 3195 4252 illos
3225 4199 3440 4253 venisse
3471 4199 3638 4253 tertio
3664 4200 3805 4254 deci-

2219 4306 2308 4344 mo
2333 4289 2419 4344 die
2447 4288 2514 4343 ab
2540 4289 2654 4357 ejus
2685 4289 2999 4356 nativitate;
3043 4289 3263 4359 quidam
3307 4298 3486 4344 autem
3521 4292 3690 4346 tertio
3711 4293 3802 4345 de-

2219 4382 2362 4436 cimo
2392 4381 2478 4437 die
2523 4390 2645 4451 post
2687 4397 2852 4434 unum
2881 4396 3111 4448 annum;
3145 4382 3365 4452 quidam
3393 4380 3656 4438 videlicet
3690 4391 3802 4453 post

2219 4476 2354 4529 duos
2383 4489 2572 4538 annos,
2613 4486 2667 4528 et
2716 4491 2821 4530 non
2870 4475 2922 4528 in
2951 4474 3286 4539 Bcthlehem,
3337 4477 3432 4530 sed
3464 4475 3520 4529 in
3568 4475 3800 4547 Algva

2218 4565 2514 4635 peperisse.
2584 4564 2690 4620 Sed
2756 4567 2928 4637 magis
2995 4568 3322 4622 credendum
3376 4577 3461 4622 est
3516 4570 3665 4637 quod
3717 4569 3796 4622 isti

2145 4629 2191 4688 D
2221 4629 2423 4710 fuerint
2480 4664 2705 4726 nepotes
2755 4629 2998 4723 Balaam,
3063 4657 3206 4712 sicut
3259 4629 3689 4727 supradixi-mus,
3749 4666 3798 4711 et

2217 4751 2377 4806 tertio
2432 4750 2640 4806 decimo
2691 4750 2778 4805 die
2847 4751 2913 4805 ad
2965 4765 3089 4806 eum
3145 4751 3402 4816 venisse,
3472 4761 3529 4806 et
3585 4766 3693 4806 non
3746 4751 3794 4805 in

2215 4840 2475 4915 Egypto,
2505 4842 2599 4896 sed
2632 4856 2753 4895 eum
2784 4841 2836 4895 in
2862 4840 3176 4896 Bcthlehem
3199 4841 3511 4910 reperisse:
3549 4859 3569 4892 ι
3608 4841 3795 4896 Didicit

2216 4934 2502 5005 diligenter
2528 4933 2594 4987 ab
2625 4932 2703 4987 eis
2744 4941 2953 5003 tempus
2982 4931 3171 4988 stellae.
3203 4953 3221 4986 ι
3257 4931 3323 4986 Ει
3354 4947 3528 5003 quare
3575 4933 3792 5006 diligen-

2215 5026 2332 5080 ter?
2380 5023 2586 5078 ldcirco
2627 5024 2751 5094 quia
2791 5023 3019 5078 callidus
3083 5032 3204 5103 erat
3246 5023 3522 5086 Herodes;
3579 5026 3793 5080 timebat

2216 5119 2359 5174 enim
2383 5134 2452 5172 ne
2475 5116 2571 5186 ipsi
2596 5124 2999 5171 reverterentur
3019 5116 3086 5170 ad
3103 5131 3255 5181 eum;
3280 5123 3337 5172 et
3364 5115 3488 5171 ideo
3515 5115 3792 5187 diligenter

2220 5208 2405 5264 didicit
2443 5217 2650 5276 tempus
2698 5206 2887 5273 stellas,
2921 5215 2978 5261 ut
3005 5207 3049 5262 si
3082 5222 3188 5261 non
3237 5216 3666 5275 reverterentur,
3711 5208 3789 5261 ille

2221 5302 2385 5358 sciret
2410 5301 2539 5370 quid
2561 5308 2766 5369 ageret,
2795 5300 2847 5354 id
2891 5309 2974 5354 est
3022 5300 3352 5354 interﬁceret
3388 5314 3584 5354 omnes
3607 5314 3787 5371 pueros

2216 5393 2306 5464 qui
2332 5400 2488 5445 erant
2516 5391 2566 5444 in
2600 5389 2967 5453 Bethelehem,
2997 5399 3052 5445 et
3079 5391 3132 5444 in
3153 5391 3405 5446 omnibus
3430 5391 3633 5447 ﬁnibus
3656 5393 3781 5463 ejus,

2222 5501 2239 5534 ι
2281 5484 2345 5538 Ει
2377 5484 2597 5538 mittens
2625 5481 2745 5536 illos
2778 5482 2831 5534 in
2860 5480 3173 5536 Bcthlehem
3229 5482 3366 5536 uixit
3399 5500 3412 5535 :
3445 5483 3609 5538 lte'et
3632 5486 3781 5538 inter-

2213 5586 2398 5649 rogate
2445 5577 2726 5646 diligenter
2764 5574 2829 5629 de
2865 5589 3033 5644 puero
3059 5615 3073 5637 ,
3100 5582 3155 5628 et
3190 5589 3311 5629 eum
3356 5575 3672 5630 inveneritis
3701 5592 3775 5630 re-

2209 5671 2456 5726 nuntiate
2481 5669 2634 5732 mihi,
2665 5674 2798 5721 utet
2824 5680 2924 5736 ego
2948 5666 3170 5719 veniens
3201 5667 3419 5720 adorem
3448 5681 3594 5721 eum.
3623 5687 3640 5718 ι
3670 5665 3777 5720 Cal-

2208 5763 2313 5818 lide
2343 5761 2596 5831 quoniam
2640 5758 2877 5814 Herodes
2904 5757 3190 5812 Dominum
3237 5773 3521 5828 quaerere,
3567 5770 3621 5814 et
3663 5773 3772 5814 eum

2206 5853 2457 5911 simulate
2473 5867 2535 5910 se
2555 5851 2692 5909 velle
2722 5851 2949 5907 adorare
2971 5849 3128 5917 dixit,
3154 5850 3357 5906 idcirco
3385 5851 3629 5908 invenire
3647 5866 3766 5907 nun-
