3920 5416
130 312 181 364 91
187 310 238 363 l5

1595 290 1922 366 nostrum.

128 439 295 492 quam
315 422 631 494 promeruit.
659 422 937 494 Signiﬁcat
961 424 1104 479 enim
1125 406 1365 479 llerodes
1389 423 1440 478 in
1470 423 1573 478 hoc
1595 422 1714 479 loco
1742 428 1786 486 Α
1819 421 2070 475 ardenter
2099 418 2290 472 orabat
2327 416 2515 472 dicens
2542 433 2554 469 :
2612 436 2629 466 ι
2662 394 2845 469 Redde
2875 413 3005 467 mihi
3038 412 3278 469 hetitiam
3308 424 3396 467 sa-

129 514 466 583 liypoeritas,
496 513 584 582 qui
600 514 851 583 quoniam
870 513 1153 568 Dominum
1177 504 1426 569 simulate
1447 520 1713 583 quaerunt,

128 603 378 657 invenire
402 618 673 672 nunquam
692 612 986 658 merentur.
1015 602 1087 658 De
1112 603 1306 659 talibus
1320 603 1579 673 scriptum
1595 608 1676 657 est
1700 617 1713 653 :

135 710 153 742 ι
188 691 305 746 Non
341 691 619 763 apparebit
644 693 695 747 in
729 702 1020 765 conspectu
1049 693 1143 748 Dei
1169 694 1348 748 omnis
1373 693 1671 765 hypocrita.
1694 712 1712 744 ι

132 781 203 835 Ει
250 783 377 836 item
411 800 423 835 :
486 798 505 857 ς
536 782 777 836 Tollatur
812 782 1006 852 impius
1055 797 1121 837 ne
1166 784 1345 838 videat
1381 781 1718 852 majestatem

132 870 374 926 Domini.
434 890 452 924 ι
501 870 568 925 Et
613 871 713 927 Job
756 871 892 926 dixit
929 891 942 925 :
993 890 1010 923 ι
1041 871 1230 927 Callidi
1269 881 1324 927 et
1378 870 1719 927 simulatores

130 970 436 1031 provocant
486 962 621 1037 iram
648 963 762 1018 Dei.
805 981 825 1016 ι
878 964 943 1017 Ει
974 964 1075 1018 hoc
1100 964 1379 1019 sciendum
1417 963 1544 1034 quia
1573 964 1719 1017 dete-

132 1051 314 1106 riores
346 1060 472 1107 sunt
515 1052 590 1107 illi
620 1053 712 1122 qui
743 1062 1040 1124 provocant
1070 1054 1205 1109 iram
1251 1054 1369 1121 Dei,
1413 1067 1575 1123 quam
1626 1053 1716 1121 qui

130 1160 257 1199 eam
285 1153 597 1209 merentur;
630 1145 705 1200 illi
736 1146 879 1201 enim
908 1155 1185 1202 merentur
1209 1146 1299 1215 qui
1345 1154 1530 1215 aperta
1580 1142 1718 1197 mala

130 1233 379 1302 faciunt;
415 1237 487 1290 illi
510 1251 636 1291 vero
655 1247 951 1307 provocant
970 1239 1061 1308 qui
1084 1238 1183 1293 sub
1206 1238 1392 1293 habitu
1419 1235 1719 1292 sanctitatis

131 1329 278 1383 mala
304 1338 619 1400 operantur.
651 1349 668 1381 ι
704 1329 950 1397 Quicum
973 1331 1253 1386 audissent
1276 1330 1541 1386 abierunt.
1581 1348 1598 1380 ι
1628 1327 1718 1382 lsti

128 1420 281 1474 enim
325 1421 611 1476 audierunt
636 1419 902 1476 Herodem
956 1430 1013 1475 ut
1059 1428 1365 1489 quaererent
1387 1407 1717 1482 ‘D0minum,

130 1519 512 1564 verumtamen
534 1525 638 1565 non
672 1510 959 1565 audierunt
981 1518 1039 1563 ut
1060 1510 1125 1564 ad
1149 1524 1271 1564 eum
1297 1512 1715 1564 reverterentur.

130 1600 425 1668 Signiﬁcat
476 1600 713 1656 Herodes
751 1602 805 1656 in
845 1602 948 1656 hoc
994 1601 1113 1657 loco
1143 1586 1312 1656 malos
1343 1601 1720 1670 praedicatores

127 1693 227 1760 qui
273 1693 414 1747 bona
465 1694 683 1762 quidem
724 1694 1042 1763 prmdicant,
1086 1695 1181 1749 sed
1226 1680 1368 1747 mala
1395 1704 1714 1764 operantur;

1821 506 2008 566 lutaris
2031 510 2125 563 tui.
2151 513 2172 559 ὀ
2200 508 2462 563 Laetitiam
2477 506 2731 563 salutaris
2751 504 2981 575 appellat
3001 504 3252 575 spiritum
3276 518 3395 573 pro-

1820 598 2013 675 phetiae
2038 645 2052 669 ,
2079 618 2186 674 quo
2212 602 2420 658 viderat
2441 600 2715 656 Christum
2740 599 3070 653 nasciturum
3094 598 3161 652 de
3190 597 3396 652 semine

1820 712 1936 752 suo.
1965 676 2165 751 Habuit
2195 696 2338 751 enim
2367 694 2414 749 is
2444 692 2691 762 spiritum
2724 691 3042 762 prophetiae,
3069 690 3163 745 sed
3208 688 3399 743 fraude

1822 788 2019 843 diaboli
2051 788 2309 857 deceptus
2364 786 2553 841 incidit
2600 785 2654 839 in
2686 784 3033 846 adulterium,
3063 791 3119 836 et
3166 780 3400 851 perdidit

1820 880 2067 935 eumdem
2095 878 2355 947 Spiritum
2383 876 2709 948 prophetiae;
2735 877 2828 932 sed
2854 883 3137 947 postquam
3164 873 3402 929 surrexit

1819 984 1915 1039 per
1938 970 2331 1039 pmnitentiam,
2360 978 2415 1024 et
2444 970 2680 1038 suscepit
2703 968 2950 1022 eumdem
2983 965 3251 1035 spiritum,
3281 979 3398 1018 ma-

1814 1061 1906 1129 jus
1938 1063 2192 1132 gaudium
2220 1046 2429 1125 habuit,
2458 1075 2620 1131 quam
2645 1056 2687 1114 si
2717 1074 2929 1130 semper
2959 1057 3259 1113 habuisset.
3298 1052 3399 1111 Se-

1820 1150 2003 1219 quitur
2034 1169 2046 1203 :
2105 1169 2122 1201 ‹
2154 1144 2221 1204 Et
2266 1144 2531 1205 intrantes
2569 1136 2785 1205 domum
2823 1149 3142 1203 invenerunt
3166 1160 3395 1215 puerum

1820 1257 1941 1296 cum
1968 1241 2135 1296 Maria
2159 1250 2334 1297 matre
2352 1241 2489 1311 ejus.
2520 1259 2539 1293 ι
2571 1232 2717 1295 Bene
2739 1253 2873 1310 puer
2893 1237 3178 1308 praefertur
3217 1235 3399 1297 matri,

1820 1332 1945 1401 quia
1966 1342 2092 1387 ante
2114 1332 2532 1402 fuitpuerquam
2564 1338 2760 1385 mater.
2789 1348 2806 1381 ι
2835 1328 2902 1383 Et
2921 1328 3121 1399 apertis
3135 1324 3402 1381 thesauris

1820 1423 1953 1477 suis.
1993 1440 2011 1473 ›
2046 1421 2288 1477 Traditio
2319 1422 2666 1490 antiquorum
2699 1418 2880 1473 fuitut
2906 1418 3083 1473 nullus
3110 1418 3177 1472 ad
3208 1415 3397 1472 Domi-

1819 1529 1972 1577 num,
2011 1513 2077 1567 ad
2107 1527 2286 1583 regem
2319 1526 2521 1566 vacuus
2554 1510 2805 1574 intraret,
2852 1516 2905 1563 et
2936 1507 3061 1579 quia
3089 1506 3177 1562 isti
3206 1519 3397 1560 verum

1820 1617 2001 1675 regem
2037 1612 2094 1657 et
2132 1619 2317 1659 verum
2348 1595 2633 1657 Dominum
2650 1599 3118 1662 existimaverunt,
3145 1596 3263 1651 ideo
3286 1609 3400 1648 non
3470 1598 3473 1599 ⁷

1818 1695 1973 1749 vacui
2001 1704 2283 1749 venerunt.
2315 1693 2555 1748 Miranda
2584 1701 2639 1746 et
2663 1690 2925 1760 stupenda
2958 1698 3085 1743 sunt
3102 1703 3264 1758 opera
3285 1687 3397 1740 Dei.

128 1780 277 1853 Magi
307 1797 437 1838 vero
463 1783 769 1855 signiﬁcant
797 1786 967 1841 bonos
986 1785 1283 1849 auditores,
1308 1786 1400 1855 qui
1433 1787 1570 1841 bona
1596 1786 1714 1855 qui-
1745 1782 1791 1841 B
1821 1783 1959 1838 Ecce
1993 1785 2216 1854 angelus
2247 1783 2539 1853 alloquitur
2561 1781 2899 1845 Zachariam,
2925 1789 2979 1835 et
3004 1778 3277 1833 Elisabeth
3304 1791 3399 1847 pa-

128 1874 258 1927 dem
282 1889 403 1943 qua":
429 1875 656 1930 audiunt
676 1890 706 1929 a
731 1875 889 1930 malis
912 1876 1355 1945 praedicatoribus
1378 1875 1603 1942 faciunt,
1627 1878 1720 1931 sed

125 1972 317 2018 tamen
343 1977 505 2033 opera
538 1964 749 2018 illorum
775 1980 881 2019 non
910 1965 1209 2031 imitantur,
1241 1968 1308 2022 de
1332 1966 1528 2036 quibus
1550 1966 1719 2035 scrip-

129 2065 249 2108 tum
282 2064 400 2110 est:
445 2074 463 2106 ‹
502 2055 677 2125 Super
703 2056 1013 2111 cathedram
1046 2054 1212 2129 Moysi
1237 2058 1493 2112 sederunt
1518 2054 1723 2113 Scriba:

126 2155 190 2200 et
212 2144 507 2211 Pharisaei;
563 2146 744 2202 omnia
774 2161 904 2217 ergo
931 2161 1269 2218 quaecunque
1300 2147 1539 2202 dixerint
1568 2148 1722 2202 vobis

124 2246 351 2292 servate
373 2248 427 2293 et
448 2238 643 2304 facile;
666 2240 960 2294 secundum
985 2253 1114 2293 vero
1133 2252 1295 2308 opera
1318 2237 1529 2293 illorum
1558 2238 1723 2292 nolite

125 2325 349 2391 facere;
376 2326 560 2381 dicunt
584 2327 729 2381 enim
758 2335 811 2381 et
834 2342 937 2382 non
972 2326 1194 2381 faciunt.
1230 2346 1247 2373 ι
1278 2325 1571 2396 Sequitur:
1608 2344 1626 2378 ί
1658 2326 1723 2381 Et

124 2430 265 2470 ecce
313 2416 464 2471 stella
495 2431 657 2485 quam
706 2417 956 2472 viderant
1002 2417 1055 2471 in
1098 2418 1319 2472 Oriente
1369 2416 1723 2472 antecedebat

125 2522 262 2571 eos,
325 2508 496 2564 donec
548 2509 768 2564 veniens
816 2516 986 2564 staret
1040 2523 1200 2578 supra
1231 2508 1319 2563 ubi
1346 2516 1466 2562 erat
1503 2522 1656 2577 puer.
1695 2527 1713 2558 ι

126 2598 269 2653 lllud
294 2608 475 2654 autem
502 2600 777 2655 sciendum
794 2599 921 2670 quia
952 2598 1088 2669 Magi
1118 2614 1239 2654 mox
1262 2609 1321 2653 ut
1348 2598 1573 2669 ingressi
1596 2608 1721 2654 sunt

128 2692 202 2745 ad
237 2691 504 2747 Herodem
555 2692 907 2762 perdiderunt
946 2677 1174 2759 stellam;
1206 2706 1327 2747 cum
1360 2706 1488 2747 vero
1516 2692 1716 2762 egressi

131 2789 265 2836 sunt
281 2791 696 2851 promeruerunt
714 2782 924 2837 stellam
949 2798 1139 2837 rursus
1154 2782 1398 2838 invenire
1418 2798 1432 2847 ;
1450 2782 1718 2853 signiﬁcat

126 2874 283 2927 enim
311 2872 546 2928 Herodes
591 2873 645 2927 in
674 2873 778 2929 hoc
808 2872 926 2929 loco
958 2873 1251 2939 diabolum,
1284 2873 1435 2930 Stella
1481 2880 1611 2929 vero
1640 2875 1717 2929 si-

127 2964 359 3033 gniﬁcat
379 2965 606 3034 gratiam
639 2965 765 3029 Dei;
813 2954 1123 3037 quicunque
1145 2980 1274 3038 ergo
1303 2966 1470 3021 intrat
1504 2966 1571 3020 ad
1618 2964 1718 3019 He—

126 3054 355 3117 rodem,
387 3054 439 3107 id
469 3064 551 3108 est
599 3055 664 3109 ad
714 3054 1009 3119 diabolum,
1040 3066 1096 3110 et
1118 3056 1166 3112 ei
1192 3070 1253 3111 se
1281 3054 1461 3110 subdit
1500 3070 1595 3124 per
1623 3052 1721 3107 ali-

1822 1874 2047 1927 rituram
2098 1874 2349 1939 nuntiat,
2402 1873 2658 1929 sacerdos
2688 1884 2793 1927 non
2823 1870 3050 1925 credens
3086 1877 3266 1923 mutus
3293 1865 3405 1921 eﬁi-

1822 1964 1981 2017 citur.
2009 1964 2245 2033 Angelus
2269 1965 2556 2033 alloquitur
2584 1973 2832 2034 pastores
2853 2002 2866 2026 ,
2900 1961 3053 2017 stella
3089 1960 3154 2015 de
3178 1960 3402 2013 remotis

1820 2057 2064 2125 partibus
2088 2056 2268 2128 Magos
2287 2057 2351 2115 ad
2376 2056 2662 2113 Dominam
2686 2056 2934 2111 adducit:
2960 2053 3096 2125 Magi
3120 2052 3399 2123 parvulum

1822 2147 2040 2211 vident,
2074 2162 2326 2216 maguum
2356 2147 2583 2202 credum
2611 2165 2622 2198 :
2657 2148 2930 2201 hominem
2968 2146 3191 2209 vident,
3234 2143 3402 2197 Deum

1823 2237 2051 2293 adorant
2078 2256 2092 2291 :
2128 2239 2179 2291 in
2210 2239 2474 2309 prmsepio
2496 2241 2817 2309 ponebatur,
2846 2238 2935 2308 qui
2962 2237 3159 2291 mundo
3182 2253 3286 2290 non
3315 2251 3403 2289 ca-

1821 2314 2089 2397 piebatur,
2114 2329 2164 2382 in
2195 2331 2443 2385 manibus
2464 2328 2806 2399 portabatur,
2829 2329 2919 2399 qui
2951 2338 3119 2383 totum
3146 2327 3400 2381 mundum

1822 2421 2179 2477 sustentabat.
2214 2422 2280 2477 Et
2315 2438 2487 2494 quare
2514 2422 2653 2478 hoc?
2701 2423 2825 2493 quia
2858 2423 2972 2492 ipse
3017 2431 3133 2476 erat
3170 2421 3237 2476 de
3297 2436 3405 2490 quo

1819 2514 2081 2584 scriptum
2108 2524 2191 2569 est
2223 2534 2235 2568 :
2292 2533 2309 2565 ι
2347 2514 2485 2570 Puer
2516 2524 2679 2571 natus
2708 2522 2791 2570 est
2822 2515 2977 2571 nobis
2999 2554 3013 2579 ,
3066 2514 3208 2569 ﬁlius
3247 2512 3406 2568 datus

1818 2612 1900 2659 est
1928 2605 2082 2659 nobis
2103 2645 2118 2669 ,
2164 2614 2217 2658 et
2249 2603 2422 2660 factus
2449 2613 2533 2659 est
2561 2606 2897 2677 principatus
2923 2621 3083 2676 super
3121 2607 3403 2661 humerum

1818 2692 1951 2762 ejus.
1994 2714 2011 2746 ι
2066 2689 2408 2766 Principatus
2435 2694 2553 2764 ejus
2582 2696 2757 2752 factus
2786 2708 2869 2751 est
2906 2712 3067 2767 super
3116 2697 3399 2752 humerum

1817 2787 1932 2859 ejus
1971 2789 2096 2857 quia
2126 2788 2370 2853 humeris
2401 2789 2638 2859 gestavit
2662 2793 2879 2845 crucem
2916 2805 3015 2861 per
3052 2804 3212 2860 quam
3246 2792 3403 2845 rede—

1818 2878 1918 2932 mit
1940 2864 2232 2934 Ecciesiam
2248 2919 2263 2945 ,
2298 2881 2350 2935 in
2374 2896 2477 2951 qua
2504 2895 2648 2936 nunc
2672 2882 3005 2951 principatur
3034 2896 3129 2952 per
3148 2882 3398 2953 gratiam.

1818 2970 1884 3024 Et
1914 2971 2192 3026 sciendrim
2221 2974 2345 3043 quia
2386 2974 2474 3028 isti
2522 2975 2661 3046 Magi
2708 2985 2817 3030 tres
2849 2991 3005 3046 reges
3045 2975 3298 3041 fuerunt,
3348 2986 3403 3031 et

1819 3060 1963 3129 quod
2014 3051 2112 3131 ipsi
2153 3063 2218 3117 ad
2259 3063 2544 3119 Dominum
2598 3066 2809 3120 venturi
2846 3076 3060 3132 essent,
3087 3076 3142 3121 et
3178 3083 3404 3123 munera

126 3144 281 3211 quod
310 3151 592 3214 peccatum
622 3185 635 3207 ,
672 3160 797 3199 mox
828 3145 1007 3214 perdit
1034 3146 1268 3211 stellam,
1298 3146 1348 3201 id
1378 3156 1462 3202 est
1487 3133 1792 3217 gratiam‘C
1820 3140 2054 3207 oblaturi
2084 3194 2097 3219 ,
2140 3154 2295 3225 longe
2322 3164 2445 3210 ante
2468 3157 2788 3225 prmdixcrat
2816 3150 3101 3214 Psalmisla
3128 3175 3248 3215 cum
3279 3160 3354 3214 ait
3388 3180 3401 3214 :

128 3233 264 3297 Dei;
291 3234 433 3303 quod
460 3234 502 3287 si
530 3234 650 3302 quis
676 3235 852 3289 divina
878 3235 1049 3305 gratia
1091 3237 1307 3307 adjutus
1332 3252 1425 3306 per
1454 3235 1720 3307 paeniten-

126 3324 270 3377 tiam
303 3326 585 3379 recesserit
615 3325 681 3377 ah
707 3324 936 3391 Herode,
972 3326 1023 3381 id
1050 3336 1130 3381 est
1160 3341 1189 3381 a
1219 3328 1455 3391 diabolo,
1486 3342 1609 3382 mox
1641 3327 1720 3381 in-

127 3416 287 3469 venit
312 3404 545 3480 stellam,
578 3416 783 3471 scilicet
813 3416 905 3472 Dei
934 3419 1187 3489 gratiam.
1222 3418 1285 3474 Et
1340 3408 1563 3490 pulchre
1588 3418 1720 3475 dicit

112 3518 359 3567 sanctus
388 3510 716 3581 evangelista
750 3525 764 3564 :
795 3509 965 3567 donec
991 3512 1211 3566 veniens
1238 3520 1407 3567 staret
1432 3526 1594 3583 supra
1628 3512 1717 3566 ubi

127 3608 255 3654 erat
283 3615 438 3670 puer,
462 3600 586 3669 quia
611 3588 761 3655 stella
787 3616 892 3653 non
918 3592 1157 3655 deseruit
1178 3598 1377 3671 Magos,
1409 3602 1579 3655 donec
1599 3616 1719 3670 per-

126 3692 295 3746 duxit
321 3707 415 3747 eos
446 3706 617 3761 usque
643 3693 711 3747 ad
747 3693 963 3748 domum
986 3693 1136 3762 pueri
1162 3710 1176 3759 ;
1201 3702 1255 3747 et
1284 3692 1549 3762 signiﬁcat
1576 3693 1719 3762 quod

125 3782 263 3853 quia
301 3783 530 3853 gratiam
557 3782 648 3838 Dei
673 3798 808 3852 quos
832 3774 999 3839 semel
1030 3784 1290 3854 suscipit,
1353 3799 1457 3838 non
1498 3783 1720 3838 dimittit

126 3878 312 3931 donec
336 3876 597 3945 perducat
631 3878 699 3932 ad
728 3878 945 3932 domum
977 3878 1163 3947 pueri,
1191 3878 1243 3932 id
1274 3887 1356 3932 est
1386 3879 1452 3931 ad
1475 3886 1716 3932 sanctam

127 3967 463 4033 Ecclesiam,
494 3976 553 4021 ut
573 3968 692 4037 ejus
716 3969 907 4024 unitati
929 3969 1241 4040 conjungat.
1280 3987 1296 4018 ι
1331 3967 1586 4024 Videntes
1613 3984 1711 4022 au-

126 4069 249 4113 tem
284 4057 494 4113 stellam
525 4059 693 4129 gavisi
742 4070 867 4115 sunt
908 4061 1104 4131 gaudio
1147 4076 1343 4130 magno
1371 4060 1539 4116 valde.
1584 4080 1603 4110 ι
1652 4060 1722 4115 Et

124 4151 421 4206 sciendum
465 4150 605 4219 quod
634 4166 736 4206 non
768 4152 899 4206 satis
930 4152 1028 4207 fuit
1047 4154 1226 4208 dicere
1254 4152 1595 4224 evangelistae
1621 4169 1718 4225 ga-

122 4244 241 4299 visi
267 4251 426 4307 sunt,
459 4241 553 4297 sed
580 4243 787 4297 addidit
826 4244 1049 4312 gaudio,
1086 4254 1141 4298 et
1170 4259 1273 4299 non
1298 4244 1470 4299 solum
1494 4245 1719 4315 gaudio,

123 4339 233 4394 sed
266 4351 500 4407 magno;
526 4344 579 4391 et
607 4337 763 4405 quasi
800 4354 972 4408 neque
996 4338 1125 4391 illud
1162 4336 1452 4400 suﬂiceret,
1483 4338 1718 4401 addidit,

124 4428 308 4484 valde.
348 4426 486 4494 Quid
516 4442 644 4482 vero
673 4441 769 4497 per
804 4430 1275 4500 exaggerationem
1326 4430 1551 4485 istorum
1596 4445 1719 4485 ver-
1756 4494 1757 4497 η

1826 3262 1843 3289 ο
1877 3244 2049 3316 Reges
2072 3245 2294 3302 Tharsis
2317 3256 2368 3302 et
2390 3246 2577 3303 insulae
2596 3265 2819 3305 munera
2845 3249 3104 3317 oﬁ‘erent;
3136 3272 3153 3304 ›
3181 3262 3233 3307 et
3256 3256 3399 3323 quod

1822 3350 2010 3389 aurum
2035 3335 2268 3390 oblaturi
2316 3346 2500 3391 essent
2528 3337 2640 3407 ipse
2667 3336 2952 3394 Psalmista
3002 3342 3250 3409 praedixit
3282 3357 3405 3395 cum

1822 3427 1897 3481 ait
1928 3445 1940 3479 :
1982 3446 1999 3477 ‹
2041 3427 2265 3481 Dabitur
2294 3428 2340 3483 ei
2374 3429 2438 3483 de
2466 3444 2599 3483 auro
2628 3429 2861 3486 Arabim.
2904 3448 2921 3482 ι
2951 3431 3017 3485 Ει
3038 3434 3180 3501 quod
3209 3449 3402 3486 aurum

1822 3528 1878 3570 et
1901 3518 2023 3572 thus
2046 3517 2275 3572 delaturi
2299 3530 2480 3573 essent
2505 3514 2668 3574 Isaias
2683 3521 3066 3590 praedixitcum
3091 3522 3197 3575 ait:
3230 3542 3247 3573 ι
3278 3521 3405 3577 0m-

1820 3623 1919 3663 nes
1978 3610 2043 3663 de
2094 3608 2236 3663 Saba
2284 3612 2500 3664 venient
2526 3626 2718 3666 aurum
2768 3622 2823 3667 et
2865 3610 2987 3668 thus
3019 3612 3346 3669 deferentes.
3380 3636 3399 3666 ι

1821 3699 1899 3756 De
1924 3700 2008 3755 his
2043 3702 2206 3755 etiam
2252 3692 2538 3757 Psainiista
2568 3696 2697 3758 dicit
2738 3722 2748 3757 :
2796 3723 2813 3754 ι
2858 3697 3086 3759 Venient
3142 3706 3300 3777 legati
3338 3722 3403 3759 ev

1821 3792 2085 3863 zEgypto;
2120 3812 2138 3843 ›
2179 3802 2231 3849 et
2263 3794 2533 3849 sciendum
2560 3796 2686 3865 quia
2711 3797 2796 3852 isti
2826 3786 2962 3868 Magi
2998 3798 3250 3868 primitia:
3277 3814 3409 3870 gen-

1822 3884 1954 3937 tium
1983 3884 2226 3949 fuerunt,
2273 3896 2328 3938 et
2374 3887 2524 3955 quasi
2557 3888 2622 3941 de
2678 3874 2961 3944 latitudine
2992 3891 3156 3944 totius
3188 3891 3405 3961 gentili-

1823 3974 1949 4029 tatis
1986 3974 2051 4028 ad
2082 3976 2476 4057 impetrandam
2510 3993 2697 4047 pacem
2738 3980 2886 4034 missi
2917 3991 3075 4046 sunt;
3108 3993 3411 4036 recesserat

1822 4065 1965 4120 enim
1999 4052 2273 4137 gentilitas
2301 4083 2329 4122 a
2360 4052 2621 4125 Creatore
2671 4076 2769 4126 suo
2801 4087 2896 4142 per
2924 4067 3188 4127 culturam
3241 4073 3410 4127 idolo-

1822 4176 1973 4224 rum,
2006 4171 2061 4216 et
2088 4162 2207 4217 ideo
2236 4163 2367 4217 istos
2403 4172 2512 4217 tres
2542 4163 2749 4233 legatos
2773 4166 2920 4220 misit
2950 4177 3005 4221 ut
3055 4168 3410 4235 impetrarent

1824 4267 2031 4321 pacem.
2056 4254 2412 4310 Etsciendum
2428 4258 2552 4325 quia
2586 4258 2673 4312 isti
2704 4273 2809 4313 non
2835 4260 3030 4329 singuli
3055 4262 3286 4330 singula,
3313 4263 3407 4315 sed

1824 4343 2017 4413 singuli
2037 4344 2135 4397 tria
2156 4385 2169 4409 ,
2199 4346 2249 4399 id
2271 4357 2355 4399 est
2390 4348 2761 4425 unusquisque
2774 4363 2960 4425 eorum
2978 4334 3169 4425 obtulit
3188 4366 3405 4413 aurum,

1828 4434 1979 4497 thus,
2025 4443 2081 4489 et
2109 4436 2380 4505 myrrham
2408 4477 2421 4500 ,
2443 4447 2498 4490 et
2522 4438 2606 4491 his
2626 4422 2798 4492 sacris
2828 4423 3142 4494 muneribus
3171 4456 3289 4510 qua:
3310 4446 3409 4497 ob-

123 4524 332 4576 horum
362 4519 531 4575 voluit
572 4530 793 4577 sanctus
828 4521 1161 4591 evangelista
1183 4521 1587 4585 demonstrare,
1614 4510 1717 4575 nisi
1756 4509 1801 4566 Ι)
1828 4522 2084 4588 tulerunt,
2119 4538 2307 4579 verum
2347 4540 2527 4595 regem
2559 4534 2742 4580 verum
2772 4527 2968 4591 Deum,
2999 4539 3054 4583 et
3084 4509 3269 4585 verum
3312 4532 3410 4587 ho-

124 4613 264 4684 quia
289 4614 464 4684 majus
496 4615 748 4685 gaudium
781 4612 979 4667 habent
1033 4612 1280 4667 homines
1308 4612 1374 4666 de
1412 4612 1574 4668 rebus
1602 4627 1723 4681 per-

120 4703 268 4757 ditis
294 4712 348 4757 et
377 4704 568 4759 iterum
600 4702 867 4766 inventis,
897 4716 1061 4771 quam
1088 4699 1154 4755 de
1183 4714 1397 4771 semper
1419 4702 1724 4771 possessis?

125 4797 301 4851 Verbi
326 4798 497 4866 gratia
520 4796 855 4852 habethomo
875 4794 1074 4851 bonum
1099 4792 1389 4857 castitatis,
1418 4792 1511 4848 sed
1538 4792 1725 4847 fraude

124 4883 337 4942 diaboli
361 4883 819 4956 deceptusincidit
840 4883 892 4937 in
917 4866 1416 4946 fornicationem,et
1439 4882 1727 4939 involvitur

126 4980 189 5033 in
227 4978 345 5048 ipso
367 4988 591 5048 peccato
623 4978 675 5032 in
709 4986 916 5043 tantum
939 4986 998 5032 ut
1026 4978 1273 5047 desperet
1299 4993 1359 5033 se
1381 4977 1522 5033 ultra
1559 4977 1723 5032 casti-

128 5078 309 5124 tatem
335 5084 555 5124 servare
599 5083 775 5138 posse.
801 5066 907 5122 Sed
956 5069 999 5123 si
1031 5067 1201 5139 gratia
1231 5066 1327 5125 Dei
1359 5071 1577 5143 adjutus
1604 5084 1719 5123 sur~

130 5160 458 5232 rexerit'per
478 5159 854 5231 paenitentiam
874 5198 890 5224 ,
917 5167 971 5215 et
992 5159 1188 5213 bonum
1219 5162 1486 5219 castitatis
1506 5164 1723 5215 servare

130 5251 386 5320 coeperit,
443 5247 623 5318 majus
661 5247 913 5318 gaudium
955 5247 1190 5311 habebit,
1237 5266 1401 5320 quam
1429 5253 1475 5310 si
1514 5263 1724 5318 semper

1830 4612 2028 4667 minem
2043 4628 2163 4668 eum
2183 4615 2639 4684 praedicaverunt;
2665 4631 2796 4670 auro
2822 4631 3004 4687 regem
3015 4658 3029 4683 ,
3048 4619 3204 4674 thure
3217 4620 3408 4687 Deum,

1816 4702 2049 4775 myrrha
2086 4704 2384 4759 mortalem.
2413 4706 2613 4760 Aurum
2642 4707 2785 4760 enim"
2816 4708 2952 4764 sciet
2979 4723 3099 4764 esse
3119 4711 3412 4780 pretiosius

1834 4795 1885 4847 in
1913 4795 2184 4863 regalibus
2208 4795 2364 4849 donis
2396 4814 2408 4848 :
2441 4796 2563 4849 thus
2586 4796 2636 4849 in
2668 4782 2759 4851 Dei
2789 4788 3058 4855 sacriﬁcio
3081 4791 3410 4870 ponebatur;

1834 4887 2053 4957 myrrha
2104 4900 2232 4940 vero
2265 4897 2598 4940 mortuorum
2639 4903 2868 4958 corpora
2909 4890 3323 4955 condiehantur,
3352 4902 3413 4943 ut

1834 4976 2036 5030 diutius
2066 4977 2225 5031 illa‘sa
2265 4977 2468 5031 servari
2498 4974 2748 5045 possent;
2794 4990 2848 5036 et
2894 4982 3009 5038 hmc
3044 4980 3147 5032 tria
3177 4982 3423 5046 quotidie

1831 5069 1986 5124 oﬁ‘ert
2008 5069 2055 5123 ei
2094 5077 2279 5124 sancta
2304 5058 2576 5133 Ecclesia,
2616 5057 2741 5140 quia
2769 5088 2955 5129 verum
2987 5084 3194 5141 regem.
3235 5068 3429 5126 verum

1838 5159 2036 5222 Deum,
2077 5168 2133 5213 et
2174 5173 2365 5214 verum
2418 5159 2694 5215 hominem
2719 5164 3032 5221 conﬁtetur.
3071 5157 3175 5211 Sed
3208 5149 3442 5215 fuerunt

1836 5236 2072 5307 hmretici
2100 5250 2190 5320 qui
2222 5251 2537 5307 obtulerunt
2564 5238 2614 5305 ei
2648 5252 2771 5307 thus
2803 5265 2858 5309 et
2908 5270 3012 5311 non
3051 5261 3277 5312 aurum,
3318 5247 3443 5319 quia
