4038 6462
580 331 688 392 907
930 336 975 350 ’⁵
1160 339 1418 397 ﬂEMlGll
1459 339 2115 402 ANTISSIODORENSIS
2147 339 2298 402 OPP.
2338 342 2535 403 PARS.
2578 346 2640 404 ll.
2681 380 2750 390 —
2787 347 3286 407 MISCELLANEA.
3691 364 3770 420 908

575 446 905 504 derunt.Nos
922 462 1049 519 ergo
1068 450 1179 522 regi
1196 451 1915 534 nostroChristooli‘cramus
1943 470 2156 521 aurum,
2189 460 2235 518 Λ
2266 457 2438 512 turba:
2480 457 2690 525 multm;
2725 477 2744 509 ι
2790 458 2915 528 quia
2950 459 3040 515 ille
3074 460 3164 530 qui
3200 460 3344 516 solus
3374 462 3512 532 prius
3549 464 3595 520 in
3627 467 3771 530 ludam

576 540 744 607 izl'est
789 554 975 594 verum
1019 556 1199 612 regem
1222 534 1540 605 credamus,
1570 541 1860 599 otl‘eramus
1907 545 1955 598 ei
2003 545 2155 610 thus,
2264 540 2472 603 tantum
2513 558 2670 605 notus
2701 559 2852 617 erat,
2880 560 2935 605 et
2949 534 3111 623 cujus
3135 567 3327 607 nomen
3358 570 3586 626 magnum
3615 563 3773 620 solum.

574 632 629 701 nl
656 640 763 721 .est
806 628 991 687 verum
1041 630 1208 687 Deum
1258 633 1582 699 adoremus;
1614 631 1904 689 oll‘eramus
1932 634 1981 688 ei
2014 642 2162 704 myr-
2259 639 2420 693 modo
2447 638 2502 692 in
2527 637 2690 694 Israel
2717 639 3050 708 habebatur;
3086 650 3366 714 postquam
3397 664 3417 697 ι
3449 647 3656 706 Verbum
3673 670 3773 711 caro

578 724 757 809 rham,
813 721 865 779 id
917 731 1001 779 est
1047 738 1235 780 verum
1286 724 1561 805 hominem
1615 740 1957 780 veneremur.
1988 725 2159 779 Aliter
2258 725 2458 784 factum
2493 739 2597 794 est,
2622 738 2675 786 et
2703 731 2963 786 habitavit
2985 733 3037 787 in
3061 734 3238 799 nobis,
3269 737 3620 797 iadmirabilis
3639 742 3773 803 lactus

574 832 674 902 per
722 832 915 872 aurum
962 817 1274 888 designatur
1295 818 1532 874 caelestis
1562 817 1860 888 sapientia,
1890 818 2031 872 unde
2061 816 2158 872 Sa-
2258 826 2342 874 est
2383 819 2437 873 in
2475 821 2730 876 universo
2769 821 2904 877 orbe
2928 863 2944 889 ,
2988 831 3045 877 et
3089 833 3288 880 secuta:
3328 838 3449 883 sunt
3488 824 3599 884 eum
3640 837 3773 892 turlm

573 907 756 982 iumen
786 907 902 962 ait:
952 927 969 960 ι
1009 907 1319 963 Thesaurus
1370 907 1743 963 desiderabilis
1785 907 2076 977 requiescit
2102 905 2156 961 in
2258 907 2467 972 multae,
2510 909 2637 979 quia
2676 923 2865 965 omnes
2894 921 3110 981 gentes,
3154 929 3341 969 omnes
3385 915 3593 986 linguai,
3629 936 3774 980 omnes

574 1014 669 1075 ore
694 999 988 1070 sapientis;
1026 1018 1046 1052 ι
1080 1014 1180 1070 per
1228 1000 1352 1054 thus
1382 998 1699 1070 intelligitur
1725 1000 1899 1054 oratio
1926 999 2155 1064 munda,
2257 1013 2451 1063 sexus,
2505 1013 2797 1069 omnesque
2856 1008 3043 1056 aetates
3095 1003 3375 1058 credentes
3431 1005 3482 1058 in
3530 1021 3639 1062 eum
3684 1010 3771 1065 imi-

506 1112 514 1119 ’
573 1101 628 1147 ut
653 1090 812 1148 illud:
847 1088 1445 1162 «Dirigatur,Domine,
1470 1092 1646 1148 oratio
1669 1105 1785 1146 mea
1813 1090 1953 1146 sicut
1975 1090 2158 1146 incen-
2259 1096 2386 1142 tatae
2424 1095 2547 1142 sunt
2591 1090 2817 1161 vestigia
2857 1090 3045 1159 ipsius.
3099 1110 3117 1143 ι
3168 1090 3233 1146 Et
3284 1106 3410 1147 ecce
3452 1093 3667 1164 leprosus
3700 1114 3771 1154 ve-

572 1165 689 1268 sum
719 1187 773 1237 in
820 1191 1107 1265 conspectu
1146 1191 1270 1248 tuo;
1303 1202 1325 1235 ι
1368 1197 1466 1252 per
1495 1183 1770 1253 myrrham
1810 1182 2157 1237 mortiﬁcatio
2258 1182 2415 1236 niens
2441 1181 2702 1237 adorabat
2722 1196 2867 1237 eum.
2898 1202 2919 1235 δ
2946 1183 3051 1239 Iste
3078 1198 3207 1239 sane
3227 1183 3466 1253 leprosos
3490 1201 3585 1240 non
3608 1198 3773 1258 poterat

571 1274 782 1338 carnis;
814 1273 956 1328 unde
979 1272 1234 1329 Ecclesia:
1255 1272 1310 1326 in
1333 1272 1573 1328 Canticis
1588 1272 1919 1328 canticorum
1952 1272 2016 1326 de
2041 1272 2155 1326 suis
2258 1279 2499 1327 mentem
2539 1274 2863 1340 ascendere;
2894 1290 2995 1329 nec
3036 1275 3181 1329 enim
3214 1282 3427 1345 poterat
3460 1276 3630 1347 plenus
3660 1278 3772 1351 lepra

571 1367 815 1421 ﬁdelibus
842 1380 939 1436 pro
955 1365 1063 1420 Deo
1085 1380 1253 1435 usque
1275 1364 1342 1420 ad
1366 1374 1592 1420 mortem
1616 1363 1947 1420 certantibus
1976 1363 2107 1418 dicit
2137 1381 2151 1417 :
2260 1372 2366 1418 tam
2394 1364 2745 1436 multiplicem
2774 1364 2988 1421 Domini
3016 1367 3203 1422 audire
3229 1380 3544 1424 sermonem.
3567 1366 3624 1424 Et
3641 1371 3772 1427 scicn-

574 1478 593 1508 ι
634 1457 824 1513 Manus
867 1472 1001 1512 mea:
1051 1455 1448 1512 distillavcrunt
1494 1456 1794 1528 myrrham;
1834 1473 1854 1507 ι
1888 1462 1943 1509 et
1978 1454 2105 1509 item
2136 1470 2150 1507 :
2256 1455 2381 1510 dum
2411 1456 2537 1527 quia
2561 1457 2662 1512 iste
2683 1457 2890 1526 primus
2920 1468 3042 1527 post
3069 1456 3251 1529 Magos
3273 1457 3546 1514 Dominum
3563 1461 3771 1527 adoravit,

574 1566 594 1599 ι
628 1547 825 1604 Messui
883 1546 1163 1618 myrrham
1222 1561 1397 1601 meam
1452 1560 1574 1601 cum
1615 1545 1980 1609 aromatibus,
2021 1562 2040 1597 ι
2099 1552 2154 1599 et
2254 1554 2311 1601 et
2351 1555 2634 1618 postquam
2686 1549 2944 1603 Dominus
2987 1549 3053 1603 de
3095 1558 3277 1604 monte
3316 1549 3582 1605 descendit
3616 1551 3773 1621 primus

568 1643 695 1701 alibi
728 1663 742 1700 :
794 1664 813 1699 ε
849 1645 979 1714 Quae
1025 1655 1109 1702 est
1136 1660 1254 1717 qua:
1300 1644 1544 1701 ascendit
1573 1658 1669 1712 per
1708 1642 1979 1698 desertum
2013 1642 2156 1697 sicut
2257 1640 2358 1695 iste
2391 1639 2589 1711 legitur
2615 1648 2867 1706 sanatus,
2898 1639 3092 1696 deinde
3116 1654 3248 1712 puer
3283 1642 3774 1709 ccnturionis,tertio

564 1737 775 1810 virgula
798 1737 930 1793 fumi
952 1752 1019 1793 ex
1040 1735 1374 1793 aromatibus
1400 1736 1635 1808 myrrha:
1658 1742 1712 1789 et
1733 1732 1928 1798 thuris,
1952 1742 2005 1787 et
2036 1731 2152 1785 uni-
2256 1745 2387 1786 vero
2407 1731 2527 1786 loco
2555 1746 2745 1787 socrus
2765 1730 2931 1786 Petri.
2953 1731 3060 1786 Iste
3082 1731 3336 1786 nimirum
3365 1730 3595 1802 leprosus
3616 1748 3772 1804 magna:

564 1829 706 1884 versi
741 1829 976 1900 pulveris
1022 1826 1415 1900 pigmentario?
1445 1844 1465 1878 ›
1499 1825 1649 1881 Tunc
1686 1837 1817 1895 ergo
1866 1822 1915 1876 ei
1957 1836 2147 1875 aurum
2179 1819 2224 1880 Β
2255 1822 2354 1877 fuit
2414 1822 2536 1879 ﬁdei
2564 1864 2579 1889 ,
2634 1822 2951 1878 humilitatis
3003 1832 3163 1893 atque
3203 1824 3532 1879 constantiae.
3566 1822 3772 1879 Exclusus

563 1918 840 1976 nll‘erimus
865 1936 991 1977 cum
1040 1920 1092 1975 in
1120 1927 1410 1990 conspectu
1446 1917 1565 1989 ejus
1612 1915 1732 1971 luce
1772 1914 2008 1970 caelestis
2056 1926 2147 1967 sa-
2252 1924 2483 1983 namque
2512 1910 2625 1967 eiat
2662 1923 2931 1984 przecepto
2958 1912 3090 1984 legis
3117 1929 3146 1967 a
3182 1913 3400 1979 castris,
3427 1922 3476 1969 et
3503 1913 3773 1985 intelligebat

562 2009 784 2078 pientia:
835 2008 1282 2079 resplendcmus;
1326 2018 1453 2062 tunc
1499 2007 1624 2060 tlms
1652 2045 1669 2071 ,
1713 2020 1834 2060 cum
1893 2004 2148 2057 mundam
2250 2018 2309 2058 se
2338 2003 2455 2074 lege
2494 2018 2600 2058 non
2630 2016 2789 2073 posse
2827 2003 3058 2070 salvari;
3089 2003 3357 2073 judicavit
3392 2014 3559 2059 autem
3595 2004 3770 2075 gratiam

563 2098 631 2152 ad
660 2113 783 2153 eum
804 2099 1106 2154 orationem
1124 2096 1438 2166 dirigimus;
1466 2103 1593 2149 tunc
1616 2094 1829 2147 tandem
1849 2091 2146 2164 myrrham,
2251 2091 2345 2148 Dei
2393 2108 2498 2147 non
2545 2108 2665 2148 esse
2691 2096 2790 2148 sub
2819 2093 2933 2163 lege
2951 2134 2968 2158 ,
2991 2093 3091 2148 sed
3116 2106 3281 2164 supra
3313 2093 3514 2165 legem,
3541 2101 3590 2149 et
3614 2093 3771 2149 idcirco

567 2188 785 2258 quando
814 2203 912 2258 per
960 2187 1343 2242 abstinentiam
1387 2199 1604 2240 carnem
1635 2194 1874 2239 nostram
1925 2190 1967 2235 a'
2009 2180 2150 2236 vitiis
2250 2184 2481 2239 credidit
2520 2199 2578 2240 se
2609 2186 2779 2256 gratia
2805 2183 3012 2240 Domini
3042 2199 3201 2255 posse
3227 2185 3448 2251 salvari,
3472 2194 3521 2241 et
3544 2194 3770 2256 propterea

562 2280 981 2335 mortiﬁcamus.
1014 2278 1274 2350 Sequitur
1305 2295 1318 2331 :
1355 2296 1373 2329 ί
1406 2274 1474 2331 Ει
1499 2275 1756 2331 admoniti
1778 2276 1834 2330 in
1865 2272 2091 2329 somnis.
2124 2292 2143 2324 ι
2249 2278 2480 2333 accessit
2504 2286 2563 2331 ut
2595 2286 2897 2333 saltaretur.
2928 2272 3062 2331 Nam
3087 2277 3311 2333 sicut'iu
3345 2278 3562 2335 Domino
3588 2276 3772 2332 creditur

562 2371 699 2447 Nam
734 2372 875 2441 quod
909 2371 996 2426 isti
1029 2370 1097 2425 ad
1127 2362 1293 2424 Deum
1319 2367 1537 2423 venturi
1576 2373 1759 2422 essent
1787 2405 1803 2431 ,
1832 2375 1888 2420 et
1927 2377 2146 2419 munera
2248 2377 2490 2439 potestas
2517 2369 2772 2435 curandi,
2797 2369 2877 2423 sic
2911 2377 2967 2423 et
2996 2368 3049 2422 in
3084 2367 3189 2423 isto
3221 2377 3307 2424 est
3345 2368 3649 2438 inspicienda
3680 2364 3771 2420 ﬁdei

562 2462 818 2530 oblaturi,
850 2470 904 2517 et
933 2462 997 2517 ad
1030 2451 1293 2517 Herodem
1331 2459 1471 2514 ultra
1500 2475 1604 2515 non
1635 2457 1939 2523 reversuri,
1980 2455 2150 2511 Isaias
2248 2460 2572 2516 constantia.
2612 2459 2680 2514 Et
2728 2452 2959 2530 qualiter
3001 2459 3346 2527 adoraverit,
3384 2460 3556 2516 ueteri
3592 2470 3771 2528 evange-

561 2557 827 2627 pr0phcta
855 2570 959 2610 una
994 2552 1260 2610 sententia
1285 2551 1697 2623 comprehendit
1726 2551 1953 2605 dicens:
1985 2566 2004 2599 ι
2038 2547 2148 2601 An-
2247 2552 2385 2609 lista:
2423 2559 2678 2618 narrant,
2707 2551 2894 2606 dicunt
2930 2550 3072 2606 enim
3110 2553 3236 2622 quia
3276 2553 3553 2623 procidens
3582 2548 3769 2607 adoravit

562 2659 781 2718 tequam
829 2646 965 2702 sciat
988 2661 1124 2716 puer
1149 2659 1343 2700 vocare
1374 2651 1582 2713 patrem
1610 2650 1702 2696 aut
1743 2646 1993 2704 matrem,
2029 2653 2147 2693 sus-
2246 2659 2392 2709 eum,
2417 2643 2528 2698 sive
2561 2658 2697 2714 genu
2724 2639 2881 2696 ﬂexo.
2909 2639 2963 2695 ln
2997 2656 3060 2696 eo
3087 2657 3216 2698 vero
3233 2643 3327 2712 qui
3359 2640 3606 2705 adoravit,
3627 2651 3767 2692 verum

564 2737 731 2807 cipiet
758 2737 1014 2792 virtutem
1046 2734 1328 2799 Damasci,
1376 2742 1430 2788 et
1458 2732 1629 2803 spolia
1671 2729 1931 2786 Samaria:
1955 2737 2145 2784 contra
2246 2733 2415 2788 Deum
2446 2733 2683 2788 ostendit
2711 2746 2769 2787 se
2797 2731 3055 2799 credere,
3084 2733 3343 2803 quoniam
3367 2739 3661 2803 praeceptum
3684 2734 3771 2782 erat

564 2843 748 2900 regem
779 2828 1146 2900 Assyriorum.
1180 2827 1463 2883 rVirtutes
1488 2824 1735 2880 Damasci
1755 2822 1987 2895 appellat
2011 2822 2144 2877 istos
2247 2823 2300 2877 in
2337 2822 2453 2894 lege
2495 2830 2553 2877 ut
2602 2819 2781 2878 nullus
2824 2818 3147 2876 adoraretur
3190 2821 3299 2877 nisi
3340 2820 3499 2876 Deus.
3542 2816 3771 2874 Procidere

563 2928 677 2976 tres
709 2933 884 2989 reges,
923 2916 1092 2987 spolia
1119 2914 1378 2971 Samaria
1401 2930 1625 2970 munera
1659 2927 1779 2984 quae
1810 2911 2141 2977 obtulerunt,
2244 2916 2427 2986 itaque
2463 2915 2578 2969 sive
2629 2906 2987 2982 genuﬂectere
3029 2910 3244 2985 signum
3277 2915 3378 2970 'est
3408 2910 3688 2969 humilitatis
3731 2915 3770 2962 et

560 3025 744 3081 regem
769 3011 1115 3081 Assyriorum
1145 3009 1377 3080 appellat
1402 3008 1687 3065 Herodem.
1718 3007 1820 3063 Iste
1859 3022 1994 3077 puer
2047 3021 2142 3061 an-
2241 3007 2618 3073 verecundiae,
2671 3005 2766 3061 sed
2808 3013 2865 3060 et
2902 3005 3017 3075 ipse
3051 2996 3379 3063 verecundia
3423 3021 3521 3062 non
3565 3000 3770 3074 repressit

562 3110 779 3171 tequam
805 3100 1052 3157 scivisset
1088 3116 1284 3156 vocare
1319 3109 1529 3172 patrem
1551 3108 1910 3165 autmatrem,
1940 3113 2138 3155 secun-
2243 3088 2442 3157 bonum
2470 3098 2866 3167 confessionis;
2893 3114 3017 3154 nam
3052 3099 3333 3156 humiliter
3359 3100 3600 3164 accessit,
3626 3095 3771 3150 vulnus

561 3184 690 3244 dum
721 3191 1133 3256 humanitatem,
1158 3190 1403 3261 Suscepit
1429 3190 1680 3246 virtutem
1718 3190 1984 3254 Damasci,
2018 3188 2143 3258 quia
2171 3176 2217 3239 C
2247 3192 2516 3258 ostendit,
2547 3201 2603 3247 et
2638 3192 2937 3249 remedium
2970 3192 3290 3265 postulavit.
3320 3193 3386 3248 Et
3422 3193 3529 3263 ipsa
3559 3188 3771 3245 confessio

563 3283 700 3338 istos
759 3290 869 3339 tres
913 3299 1069 3355 reges
1097 3284 1163 3339 de
1188 3282 1496 3355 longinquis
1542 3281 1740 3338 finibus
1767 3282 1833 3337 ad
1865 3296 1923 3337 se
1956 3282 2145 3337 venire
2246 3284 2401 3356 plena
2434 3283 2533 3339 fuit
2561 3283 2708 3349 ﬁdei,
2742 3283 3018 3356 religionis
3045 3292 3209 3355 atque
3248 3299 3455 3355 magna:
3491 3278 3768 3338 honestatis:

561 3375 724 3442 fecit,
775 3385 831 3432 et
890 3377 1127 3447 suscepit
1165 3376 1335 3448 spolia
1398 3374 1693 3441 Samaria).
1744 3375 1869 3446 quia
1911 3372 2147 3443 suscepit
2248 3375 2319 3429 ait
2343 3374 2487 3429 enim
2511 3388 2528 3425 :
2553 3392 2571 3425 ς
2609 3373 2869 3440 Domine,
2893 3373 2940 3429 si
2971 3374 3083 3439 vis,
3112 3381 3269 3445 potes
3292 3388 3380 3429 me
3408 3371 3656 3428 mundare.
3686 3363 3768 3417 »1η

561 3479 784 3519 tnuncra
831 3481 951 3535 quae
996 3464 1307 3519 obtulerunt
1331 3472 1517 3518 contra
1547 3479 1740 3535 regem
1762 3462 2141 3535 Assyriorum,
2245 3466 2521 3522 voluntate
2557 3466 2770 3521 Domini
2807 3465 2996 3521 tribuit
3034 3473 3389 3537 potestatem,
3416 3465 3498 3520 ille
3521 3462 3687 3534 quippe
3702 3454 3770 3527 qui

563 3555 687 3625 quia
710 3564 899 3611 contra
925 3555 1257 3610 voluntatem
1295 3554 1523 3610 llcrodis
1553 3554 1797 3610 fecerunt
1825 3562 1885 3607 ut
1921 3553 1988 3608 ad
2020 3567 2144 3606 eum
2246 3557 2523 3613 voluntate
2545 3557 2755 3614 Domini
2782 3556 3106 3628 postulabat,
3124 3558 3190 3613 de
3208 3566 3477 3628 potestate
3496 3570 3590 3610 non
3609 3550 3771 3607 dubita-

560 3659 669 3699 uon
701 3653 1124 3700 reverterentur.
1155 3642 1414 3714 Sequitur
1442 3661 1455 3698 :
1513 3662 1532 3695 ι
1562 3643 1667 3698 Per
1690 3642 1850 3697 aliam
1880 3643 2024 3697 viam
2055 3656 2143 3697 re-
2246 3649 2360 3715 bat,
2381 3659 2435 3706 et
2455 3650 2522 3705 de
2550 3650 2825 3707 voluntate
2841 3649 3052 3706 Domini
3078 3665 3183 3705 non
3213 3651 3369 3722 quasi
3397 3646 3671 3705 incredulus
3688 3641 3773 3712 pie-

559 3734 704 3788 versi
727 3741 853 3788 sunt
873 3733 1217 3805 iurcgionem
1250 3747 1425 3788 suam.
1455 3750 1475 3784 ι
1500 3731 1868 3804 Spiritualiter
1887 3732 2147 3786 debemus
2250 3742 2376 3797 tatis
2402 3740 2685 3807 dubitat-it,
2725 3741 2818 3796 sed
2865 3755 3073 3795 memor
3111 3756 3223 3797 sua;
3258 3740 3579 3812 fragilitatis,
3609 3744 3653 3789 et
3676 3746 3771 3787 con-

563 3825 768 3881 ίηιίιίπί
800 3825 931 3881 ίειοε
953 3824 1155 3896 Μειεοε,
1189 3833 1244 3879 ει
1269 3839 1366 3894 Per
1392 3823 1554 3879 aliam
1586 3823 1726 3878 Viam
1756 3821 1953 3878 Γενεΐῑί
1980 3822 2033 3877 in
2063 3837 2147 3876 ι’θ-
2246 3833 2392 3887 scius
2413 3847 2524 3887 suae
2543 3831 2865 3887 colluvionis
2891 3847 2996 3885 non
3025 3833 3402 3902 praesumpsit;
3434 3839 3484 3885 et
3504 3838 3579 3886 est
3599 3836 3770 3882 sensus:

567 3916 781 3986 giouem
811 3927 1071 3973 nostram.
1104 3916 1275 3988 Regio
1302 3916 1500 3987 quippe
1530 3925 1718 3971 nostra
1750 3915 2034 3985 paradisus
2062 3924 2146 3969 est
2246 3921 2415 3978 Adest
2434 3931 2695 3991 potestas,
2715 3922 3123 3977 adsitvoluntas
3150 3933 3383 3977 tantum.
3415 3941 3433 3972 ι
3456 3921 3517 3976 Et
3537 3915 3772 3976 extendens

569 4006 602 4060 a
633 4022 739 4076 qua
780 4007 1132 4063 discessimus
1178 4023 1273 4077 per
1316 4016 1600 4077 peccatum
1654 4007 1815 4079 primi
1874 4005 2143 4070 hominis;
2243 4005 2402 4071 lesus
2442 4028 2658 4068 manum
2697 4013 2873 4085 tetigit
2903 4028 3026 4068 eum
3054 4014 3282 4069 dicens:
3312 4013 3470 4081 Volo,
3494 4010 3769 4067 mundare.»

564 4096 1082 4153 discessimnsenim
1115 4097 1183 4152 ab
1225 4097 1314 4151 illa
1342 4097 1558 4166 regione
1585 4096 1945 4166 superbiendo
1971 4136 1985 4161 ,
2011 4095 2146 4151 veti-

2246 4092 2603 4173 Quacreudum
2634 4112 2718 4159 cst
2739 4119 2909 4174 quare
2931 4104 3191 4160 Dominus
3224 4119 3445 4159 manum
3487 4099 3772 4160 estendit,et

566 4196 682 4240 tum
729 4186 909 4241 cibum
960 4185 1327 4265 comedendo;
1374 4198 1598 4240 necesse
1631 4193 1714 4240 est
1768 4199 1899 4256 ergo
1945 4195 2005 4238 ut
2051 4188 2147 4253 per

2247 4194 2443 4266 tetigit.
2476 4193 2725 4263 Nunquid
2770 4209 2874 4251 non
2924 4201 3134 4263 poterat
3178 4194 3388 4264 abSque
3433 4202 3568 4248 tactu
3597 4182 3773 4245 curare?

488 4334 503 4353 _
567 4278 730 4332 aliam
780 4277 921 4331 viam
946 4287 1282 4333 revertamur
1307 4276 1375 4332 ad
1403 4291 1547 4341 eam,
1584 4275 1638 4330 id
1660 4283 1741 4332 est
1767 4274 2098 4335 humiliando
2126 4313 2143 4341 ,
2245 4283 2405 4340 certe
2426 4290 2636 4354 poterat
2659 4283 2823 4338 etiam
2851 4283 2965 4338 solo
2996 4281 3181 4348 verbo,
3206 4282 3365 4354 juxta
3397 4288 3692 4354 przeceptum
3712 4284 3773 4328 la-

560 4369 848 4440 pmceptis
872 4368 967 4424 Dei
993 4368 1330 4435 obediendo,
1379 4374 1436 4423 et
1472 4366 1703 4423 visibilia
1731 4364 2144 4423 contemnendo.

2246 4386 2369 4429 men
2394 4373 2528 4444 legis
2551 4373 2595 4428 si
2628 4373 2750 4443 quis
2779 4373 3028 4442 tangebat
3059 4370 3335 4442 leprosum
3362 4368 3770 4442 coinquinabat‘ur.

1127 4477 1410 4538 HOMILlA
1445 4478 1579 4538 vn].
1796 4447 1802 4455 I
2173 4535 2197 4538 λ
2247 4464 2508 4520 Dominus
2523 4458 2651 4535 ergo
2671 4471 2731 4518 ut
2747 4464 3056 4519 ostenderet
3074 4478 3131 4519 se
3154 4480 3259 4521 non
3274 4480 3399 4521 esse
3415 4463 3660 4521 subditum
3679 4454 3772 4525 legi.

562 4594 617 4650 IN
668 4612 825 4652 num
875 4595 1145 4651 Mum“
1199 4612 1214 4648 ε
1265 4592 1397 4649 Cum
1446 4591 1795 4647 descendam
1860 4588 2016 4645 Im“
2081 4535 2343 4645 ἀρθεεά
2379 4544 2541 4627 supra
2566 4557 2767 4652 legem,
2804 4557 3009 4652 idcirco
3037 4573 3254 4613 manum
3281 4560 3520 4615 extendit
3539 4566 3588 4613 et
3612 4551 3771 4652 tetigit.

631 4644 838 4731 monte,
875 4644 1216 4719 Enniani
1252 4644 1811 4726 erit-utiturliarﬁmultte,
1844 4644 2035 4731 etdecce
2068 4644 2145 4714 le?-
2248 4648 2411 4718 θιηιιῖ
2439 4657 2581 4703 iam“
2614 4646 2777 4717 109m
2799 4646 3138 4717 εοὶηίιιιίηειτί
3178 4665 3286 4704 ηοη
3312 4658 3539 4723 Pol-eral.
3570 4660 3656 4701 ⁵υο
3687 4644 3774 4713 illse

632 4744 818 4805 prosus
842 4734 1094 4805 adorabat
1130 4749 1248 4788 eum
1276 4733 1450 4788 dicens
1482 4747 1501 4787 :
1528 4731 1750 4786 Domine
1767 4770 1782 4799 ,
1806 4730 1851 4784 si
1880 4733 1975 4797 vis,
2002 4739 2146 4800 pom

2249 4748 2392 4795 tactu
2417 4740 2553 4796 alios
2574 4754 2765 4796 curare
2789 4740 3022 4796 volebat.
3047 4738 3093 4797 0
3108 4742 3357 4798 miranda
3378 4741 3578 4797 Domini
3604 4732 3770 4793 humili‘

568 4831 575 4837 ε
632 4821 718 4859 me
747 4804 1021 4858 mundam
1377 4828 1387 4842 ‘
2251 4839 2333 4884 tas
2354 4838 2409 4884 et
2436 4831 2820 4888 mansuetudo!
2874 4832 2952 4887 Eo
2977 4833 3174 4904 quippe
3206 4849 3404 4905 genere
3438 4843 3491 4889 et
3513 4831 3773 4895 ordinequo

633 4914 791 4969 Μοιιε
816 4914 919 4969 is“?
951 4913 1017 4968 de
1039 4927 1146 4983 ‘1“0
1167 4921 1387 4968 “minus
1409 4910 1740 4983 ενθηεθιὶειθ
1762 4919 1949 4965 πιπτει
1965 4909 2148 4965 Dom“
2244 4906 2428 4977 luerat
2452 4922 2766 4979 obsecratus
2786 4923 3011 4979 contulit
3041 4927 3350 4982 sanitatem.
3400 4927 3487 4981 Ait
3502 4934 3701 4991 namque
3719 4916 3772 4969 lc-

562 5021 693 5061 num
731 5003 1105 5068 descendisse,
1136 5004 1258 5073 quis
1297 5002 1491 5068 fuerit,
1522 5011 1616 5057 aut
1651 5001 1741 5058 ubi
1787 5001 1977 5066 fuerit,
2008 5002 2151 5056 sicut
2250 5027 2443 5081 prosus
2468 5030 2480 5066 :
2504 5032 2522 5065 ι
2547 5011 2604 5067 Si
2635 5014 2737 5080 vis,
2765 5033 2783 5066 ι
2809 5023 2865 5070 et
2895 5015 3152 5071 Dominus
3172 5019 3483 5088 respondit:
3510 5012 3671 5075 «Volo,
3699 5013 3772 5059 »ει

563 5098 783 5168 quidam
818 5096 990 5153 sancti
1029 5097 1275 5152 doctores
1313 5102 1631 5159 autumant,
1665 5093 1780 5161 jam
1822 5104 2005 5149 nolunt
2044 5101 2146 5147 est.
2248 5101 2495 5172 leprosus
2525 5102 2804 5170 subjunxil,
2834 5122 2848 5157 :
2881 5121 2900 5155 ι
2931 5104 3091 5160 Potes
3129 5121 3216 5162 me
3245 5104 3525 5170 mundare,
3551 5123 3569 5156 ι
3614 5108 3661 5156 ει
3689 5097 3773 5167 ipse

556 5186 930 5274 ’δυίτῖιυδιίιθν
970 5200 1127 5240 mons
1164 5184 1263 5239 ίδιθ
1298 5182 1824 5274 εἱειιίίῑοθιιοωιυιιη
1867 5180 2149 5274 demens“
2250 5195 2830 5265 addiditimperando:
2860 5214 2878 5247 α
2918 5195 3194 5253 Mundare.
3229 5217 3247 5251 ι
3289 5195 3416 5254 Hme
3440 5195 3675 5268 siquidem
3697 5189 3774 5244 duo

561 5272 779 5333 Domini
805 5276 872 5332 de
898 5283 1078 5331 monte
1105 5273 1530 5329 incarnationem
1567 5272 1766 5344 ipsius,
1795 5272 1922 5344 quia
1950 5279 2148 5327 semet-

2247 5287 2436 5353 verba,
2466 5287 2607 5343 sicut
2627 5288 2759 5342 dicit
2778 5288 2969 5344 beatus
2995 5287 3387 5361 Hieronymus,
3414 5306 3515 5346 non
3542 5295 3649 5342 sunt
3672 5296 3768 5337 eon-

562 5372 741 5442 ipsum
761 5370 1063 5426 exinanivit
1090 5368 1265 5424 lactus
1289 5367 1548 5425 obediens
1578 5382 1749 5437 usque
1773 5368 1840 5421 ad
1869 5374 2096 5421 mortem
2125 5382 2139 5419 :

2242 5376 2472 5449 junctim
2498 5375 2842 5448 proferenda,
2870 5384 2930 5432 ut
2949 5379 3167 5448 quidam
3190 5379 3500 5436 Latinorum
3524 5378 3772 5431 autumant.

563 5470 692 5517 tunc
738 5460 934 5532 quippe
973 5458 1232 5515 Dominus
1262 5456 1330 5513 de
1366 5465 1550 5512 monte
1592 5457 1899 5521 descendit,
1930 5454 2144 5525 quando
2251 5470 2345 5525 sed
2398 5470 2689 5540 separatim
2722 5480 2782 5524 υι
2819 5471 2970 5540 prius
3008 5471 3222 5528 dicam,-
3258 5492 3270 5527 ε
3304 5493 3325 5525 ε
3371 5470 3528 5534 voto,
3563 5488 3580 5521 υ
3623 5459 3775 5521 deinde

558 5558 784 5608 “carnem
840 5560 1040 5608 nostra:
1091 5550 1438 5606 mortalitatis
1487 5550 1744 5619 suscepit.
1809 5547 1877 5603 Et
1922 5548 2145 5616 pulchre
2251 5559 2566 5629 imperando
2610 5558 2969 5630 subiungatur
3014 5574 3028 5615 ε
3074 5580 3093 5613 ι
3128 5562 3405 5618 Mundam,
3442 5583 3461 5616 ι
3510 5557 3629 5614 Volo
3661 5552 3772 5608 enim

556 5653 842 5725 postquam
918 5654 1111 5700 narrat
1170 5652 1389 5699 sanctus
1460 5643 1789 5714 evangelista
1858 5642 2144 5696 Dominum
2251 5650 2386 5706 dixit
2442 5659 2663 5722 propter
2702 5652 3003 5709 .Photinum
3059 5657 3150 5724 qui
3195 5671 3315 5712 eum
3367 5670 3542 5711 veram
3586 5648 3772 5705 animant

563 5738 910 5795 descendisse
937 5742 1003 5797 de
1026 5747 1206 5795 monte
1231 5738 1593 5809 subjtmxitu‘
1633 5739 1844 5795 Secutae
1873 5747 1999 5794 sunt
2021 5752 2143 5794 eum
2253 5743 2546 5812 sumpsisse
2602 5744 2873 5812 negabat,
2932 5752 2988 5801 et
3049 5745 3168 5802 loco
3235 5748 3430 5802 anima:
3485 5743 3772 5801 Divinitatem
