3920 5540
258 353 369 409 009

1722 345 2046 405 HOMILIIE.

3420 334 3528 403 tito

261 462 521 516 habuisse
558 459 802 524 dicebat,
834 468 886 515 et
915 458 1034 514 ideo
1072 458 1329 514 Dominus
1358 459 1493 514 dixit
1524 478 1534 512 :
1571 480 1587 510 c
1628 458 1790 523 Volo,
1825 478 1841 510 υ
1881 463 1923 518 Α
1957 465 2132 523 retur;
2181 468 2282 513 nec
2328 457 2491 513 etiam
2539 456 2763 512 decebat
2813 465 2870 511 ut
2916 464 3071 530 typus
3103 468 3158 515 et
3195 462 3383 517 umbra
3444 478 3528 518 re.»

258 566 322 608 tu
354 553 665 609 ostenderet
700 566 760 605 se
790 566 974 606 veram
1009 551 1242 605 animam
1288 552 1607 621 sumpsisse;
1643 560 1697 606 et
1724 551 1849 618 quia

257 644 516 697 voluntas
540 657 605 698 ex
631 642 812 697 aninto
837 642 1099 712 procedit,
1124 642 1408 710 imperavit
1431 652 1649 711 propter
1664 641 1853 696 Arium

256 735 355 802 qui
382 734 595 788 dicebat
618 748 742 786 eum
770 734 1033 787 minorem
1064 747 1185 787 esse
1213 731 1409 796 Patre,
1438 741 1494 785 et
1522 732 1722 786 idcirco
1756 745 1854 784 ex-

262 826 440 879 tendit
464 834 523 878 ut
550 825 860 901 ostenderet
898 839 956 879 se
992 824 1255 893 aequalem
1284 838 1404 879 esse
1428 823 1534 878 Deo
1550 822 1719 876 Patri.
1744 822 1855 876 lla-

258 932 395 970 ttum
419 927 597 972 autem
620 916 862 973 extendit
877 926 929 972 et
954 916 1124 986 tetigit
1152 924 1369 986 propter
1389 914 1741 970 Manicltzeum
1763 914 1855 983 qui

256 1010 500 1079 negabat
519 1024 641 1064 eum
669 1022 852 1063 veram
879 1021 1097 1062 carnem
1126 1008 1439 1075 sumpsisse,
1468 1014 1521 1060 et
1543 1006 1662 1061 ideo
1686 1002 1858 1074 tetigit

258 1109 325 1154 tit
346 1117 404 1156 se
425 1117 610 1156 veram
643 1116 861 1155 carnem
886 1099 1087 1154 habere
1108 1100 1524 1154 demonstraret.
1547 1097 1612 1153 Et
1635 1097 1856 1171 pulchre

257 1201 550 1263 postquam
601 1192 859 1247 Dominus
913 1190 1049 1244 dixit
1105 1207 1118 1243 :
1180 1210 1197 1241 ι
1244 1188 1533 1252 Mundare,
1575 1208 1593 1238 ι
1636 1195 1865 1242 sanctus

260 1282 597 1352 evangelista
624 1280 937 1349 subiunxit:
968 1298 984 1330 ι
1018 1280 1083 1334 Ει
1112 1280 1294 1333 statim
1322 1278 1579 1332 mundata
1606 1286 1686 1332 est
1707 1277 1855 1347 lepra

258 1373 401 1441 ejus.
445 1393 462 1424 ι
496 1371 745 1428 Ostendit
791 1371 975 1440 itaque
1019 1371 1102 1425 bis
1129 1369 1310 1424 verbis
1347 1369 1472 1438 quia
1502 1368 1618 1422 haec
1647 1369 1859 1423 curatio

262 1462 503 1517 nonfuit
530 1461 750 1516 fortuita
771 1501 785 1525 ,
824 1474 997 1530 neque
1033 1476 1184 1515 more
1209 1460 1538 1515 medicorum
1566 1474 1661 1529 per
1688 1460 1856 1513 inter-

261 1555 406 1609 valla
459 1553 717 1624 temporis
760 1555 1045 1617 restituta,
1084 1552 1177 1606 sed
1228 1552 1321 1606 Dei
1360 1560 1623 1621 potestate
1655 1550 1857 1621 absque

260 1648 374 1702 ulla
402 1664 553 1702 ntora
582 1654 665 1702 est
699 1646 914 1701 collata.
939 1646 1006 1700 Et
1045 1644 1324 1700 sciendum
1364 1644 1489 1712 quia
1522 1644 1575 1697 in
1615 1657 1680 1697 eo
1715 1643 1859 1712 quod

262 1739 532 1792 Dominus
561 1738 638 1791 ait
666 1756 677 1791 :
710 1755 728 1788 ί
758 1736 1049 1800 Mutnlare,
1086 1755 1103 1787 ι
1148 1735 1432 1790 confestim
1483 1734 1734 1788 mundata
1771 1743 1857 1788 est

1956 549 2210 603 cederent
2274 549 2586 618 priusquam
2662 548 2865 605 veritas
2934 560 2989 605 et
3061 550 3149 605 lux
3221 563 3526 623 appareret.

1954 636 2107 703 Quod
2132 647 2311 693 autem
2347 638 2476 693 dicit
2503 639 2554 693 in
2588 639 2953 694 testimonium
2983 640 3107 706 illis,
3138 642 3259 698 talis
3289 652 3373 698 est
3406 658 3530 697 sen—

1956 744 2048 783 sus
2080 747 2092 782 :
2124 727 2179 782 Si
2212 728 2264 781 itt
2308 727 2533 783 Domino
2582 731 2828 795 credant,
2859 730 2904 784 si
2937 730 3083 801 lepra
3126 732 3415 802 impietatis
3463 735 3532 790 ab

1957 816 2062 871 illis
2091 817 2377 883 abscedat;
2432 818 2544 873 sive
2572 830 2629 874 ut
2655 820 2730 874 sis
2760 820 2814 874 in
2850 821 3218 889 testimonium
3244 822 3373 889 illis,
3399 838 3532 893 quo-

1956 906 2101 961 niam
2131 907 2471 975 omnipotens
2500 924 2641 972 sunt,
2682 918 2734 963 et
2759 923 2851 965 eos
2879 910 3085 965 salvare
3120 926 3367 981 possunt,
3399 914 3446 969 si
3476 914 3532 968 in

1959 1010 2042 1050 me
2074 997 2420 1061 crediderint,
2469 998 2603 1053 sicut
2633 1007 2686 1052 et
2716 1008 2767 1052 te
2796 1000 2977 1055 vident
3004 1010 3274 1056 sanatum.
3306 1002 3535 1074 Spirita-

1958 1088 2082 1143 liter
2111 1105 2263 1145 mons
2292 1091 2391 1145 iste
2422 1090 2688 1161 significat
2735 1093 2953 1159 cmlum,
3004 1094 3146 1148 sicut
3192 1110 3354 1165 supra
3386 1095 3533 1152 dixi-

1959 1195 2109 1249 mus;
2144 1180 2402 1234 Dominus
2428 1182 2495 1234 de
2544 1191 2725 1236 monte
2752 1183 3049 1249 descendit,
3090 1186 3215 1256 quia
3246 1186 3340 1243 Dei
3370 1187 3538 1243 Filius

1959 1286 2083 1325 cum
2109 1278 2252 1324 esset
2284 1271 2566 1326 invisibilis
2592 1281 2646 1326 et
2676 1274 3020 1342 immortalis,
3064 1291 3162 1347 pro
3212 1278 3387 1334 salute
3433 1280 3537 1336 hu-

1960 1362 2103 1417 mani
2143 1362 2358 1430 generis
2408 1362 2584 1418 factus
2634 1373 2719 1418 est
2764 1365 2989 1422 visibilis
3043 1376 3205 1438 atque
3248 1369 3532 1435 mortalis;

1960 1454 2100 1508 unde
2145 1454 2275 1508 dicit
2330 1453 2658 1509 Psalmista:
2706 1474 2723 1505 ι
2758 1457 2800 1509 Α
2851 1472 3062 1512 sumnto
3109 1458 3247 1513 c0310
3293 1461 3535 1531 egressio

1960 1548 2093 1617 ejus.
2128 1567 2145 1600 ›
2178 1547 2467 1617 Postquam
2496 1558 2674 1602 autem
2703 1548 2983 1605 descendit
3008 1550 3266 1607 Dominus
3292 1553 3360 1608 de
3389 1568 3537 1607 mon-

1962 1652 2013 1697 te
2048 1661 2064 1691 ι
2098 1650 2295 1696 εεςυιω
2322 1650 2448 1695 sunt
2477 1657 2598 1695 eum
2633 1641 2800 1696 turbae
2828 1642 3025 1709 multa},
3057 1651 3112 1698 et
3138 1659 3264 1700 ecce
3294 1646 3540 1715 leprosus

1963 1731 2185 1785 veniens
2238 1731 2499 1786 adorabat
2528 1744 2670 1785 enm.
2712 1751 2729 1782 ι
2768 1731 2861 1786 Vir
2897 1733 2998 1787 iste
3026 1734 3201 1805 typice
3231 1737 3539 1791 universum

256 1826 415 1897 lepra
435 1828 573 1898 ejus,
598 1827 888 1883 ostendens
916 1837 1135 1881 sanctus
1161 1825 1511 1895 evangelista,
1541 1825 1631 1895 qui
1661 1825 1773 1879 haec
1792 1824 1857 1879 de
1889 1815 1932 1874 Β
1962 1838 2127 1892 genus
2159 1824 2451 1878 humanum
2480 1824 2747 1895 signiﬁcat
2770 1826 3363 1898 peccatislangnidum,
3398 1829 3539 1884 unde

260 1935 365 1974 suo
393 1918 633 1983 addidit,
666 1918 797 1973 nihil
822 1933 941 1972 esse
970 1919 1203 1972 medium
1236 1918 1386 1972 inter
1408 1916 1737 1971 voluntatem
1764 1917 1858 1971 Dei

261 2020 323 2064 et
348 2026 485 2081 opus
510 2053 525 2076 ,
552 2012 677 2081 quia
719 2011 980 2080 scriptum
1016 2021 1099 2066 est
1128 2030 1139 2065 :
1174 2032 1191 2062 ι
1223 2010 1341 2080 lpse
1373 2011 1537 2074 dixit,
1584 2020 1638 2065 et
1676 2012 1858 2066 omnia

258 2104 412 2157 facta
439 2114 593 2168 sunt;
633 2105 908 2158 mandavit
946 2112 1001 2156 et
1035 2112 1218 2158 creata
1267 2112 1423 2167 sunt,
1470 2124 1487 2155 ι
1527 2120 1591 2157 ac
1627 2119 1720 2173 per
1759 2105 1861 2158 ltoc

262 2194 520 2247 voluntas
562 2203 744 2247 manet
790 2194 842 2246 itt
878 2194 1163 2262 operibus,
1189 2201 1243 2245 et
1274 2209 1437 2262 opera
1480 2193 1533 2246 in
1560 2194 1859 2256 voluntate,

262 2294 324 2339 et
356 2285 605 2338 voluntas
637 2293 818 2338 manet
847 2284 897 2337 in
922 2294 1211 2353 potestate,
1236 2294 1289 2338 et
1318 2292 1557 2353 potestas
1588 2283 1639 2337 in
1669 2284 1858 2338 volun-

266 2392 405 2435 tale.
444 2399 463 2431 ι
489 2382 552 2434 Iit
576 2382 649 2433 ait
683 2381 753 2433 illi
781 2380 960 2445 Jesus,
986 2381 1108 2435 vide
1136 2381 1337 2434 nemini
1366 2380 1587 2434 dixeris.
1629 2399 1646 2431 ι
1682 2379 1861 2447 Quare

266 2471 534 2525 Dominus
564 2471 817 2539 prmcepit
849 2471 898 2523 ei
931 2482 990 2524 ut
1030 2471 1234 2525 nemini
1277 2471 1519 2525 diceret?
1548 2470 1687 2537 Quid
1716 2472 1861 2526 enim

266 2579 495 2619 necesse
530 2566 706 2618 fuerat
735 2564 1013 2617 occultare
1036 2578 1339 2619 sermonem
1376 2563 1520 2632 quod
1552 2562 1863 2618 manifesta-

264 2659 367 2711 b’at
400 2657 665 2725 corpore?
688 2657 896 2711 Idcirco
928 2658 1185 2727 prmcepit
1223 2658 1272 2711 ei
1312 2657 1512 2710 nemini
1563 2657 1775 2720 dicere,
1807 2666 1865 2711 ut

260 2749 432 2803 nobis
465 2749 797 2818 relinqueret
825 2748 1126 2819 exemplum
1154 2789 1166 2813 ,
1198 2757 1466 2817 quatenus
1507 2758 1687 2802 nostra
1724 2748 1863 2803 bona

262 2853 437 2906 opera
477 2846 533 2893 et
574 2837 831 2892 beneﬁcia
869 2854 973 2892 non
1019 2837 1248 2892 velimus
1291 2836 1565 2907 publicare
1595 2847 1647 2891 et
1690 2838 1864 2891 mani-

262 2927 509 2991 t‘estare,
541 2928 635 2981 sed
682 2927 854 2997 magis
903 2927 1197 2994 reprimere
1243 2938 1298 2981 et
1333 2927 1636 2992 occultare,
1662 2936 1717 2983 et
1759 2942 1865 2983 non

265 3016 448 3071 solum
489 3018 856 3072 abstineamus
882 3031 979 3071 nos
1001 3033 1029 3071 a
1063 3019 1309 3073 mercede
1328 3020 1567 3088 pecunia:
1595 3028 1649 3075 et
1675 3035 1865 3074 mune-

264 3108 354 3163 t'is
377 3150 390 3171 ,
425 3111 518 3163 sed
542 3110 705 3163 etiam
743 3125 772 3162 a
804 3110 1051 3163 mercede
1086 3110 1273 3180 gratiae
1304 3118 1359 3163 et
1395 3110 1567 3163 laudis
1593 3108 1856 3164 hnmanaa.

268 3198 571 3268 Sequitur:
607 3219 624 3250 ι
659 3200 763 3253 Sed
786 3199 942 3264 vade,
962 3166 1186 3254 ostende
1216 3207 1268 3254 te
1302 3200 1569 3254 sacerdoti
1596 3241 1609 3264 ,
1641 3210 1697 3255 et
1732 3199 1865 3255 ol'fer
1893 3166 1935 3225 Ο

265 3302 474 3342 munus
521 3288 662 3357 quod
693 3289 947 3359 praecepit
980 3287 1197 3359 Moyses
1235 3289 1287 3341 in
1327 3288 1712 3342 testintonium.
1748 3310 1765 3342 ι
1802 3290 1868 3344 Ει

266 3378 572 3432 notandum
601 3380 725 3447 quia
763 3381 961 3432 ntultos
995 3378 1189 3448 legitur
1219 3379 1477 3434 Dominus
1498 3392 1736 3443 curasse,
1773 3380 1866 3435 sed

268 3467 484 3522 nullum
526 3469 593 3522 ad
635 3469 944 3523 sacerdotes
978 3468 1153 3533 misit,
1194 3469 1296 3523 nisi
1337 3468 1480 3522 solos
1509 3469 1767 3538 leprosos.
1801 3469 1868 3525 Et

266 3562 459 3613 varias
480 3560 551 3614 ob
578 3574 772 3615 causas
798 3562 864 3615 ad
898 3560 1211 3615 sacerdotes
1242 3561 1408 3625 misit,
1444 3562 1693 3616 deferens
1718 3562 1869 3616 debi-

264 3658 393 3702 tum
444 3650 703 3704 honorem
755 3650 1128 3704 sacerdotibus
1156 3690 1171 3714 ,
1214 3660 1271 3705 ut
1318 3650 1474 3705 nobis
1539 3651 1867 3720 relinqueret

260 3738 587 3808 exemplum
629 3740 968 3803 humilitatis,
1015 3748 1282 3809 quatenus
1325 3741 1563 3796 debitunt
1608 3742 1865 3797 honorem

261 3826 659 3884 sacerdotibus
713 3844 927 3899 semper
989 3830 1300 3900 impendere
1349 3833 1691 3897 studeamns;
1754 3834 1867 3889 sive

266 3917 405 3972 ideo
434 3919 580 3973 misit
607 3928 660 3972 ut
690 3920 817 3973 dum
857 3920 1103 3975 viderent
1141 3935 1263 3975 eum
1293 3933 1575 3993 purgatqu
1604 3922 1867 3993 intellige-

272 4018 408 4063 rent
433 4010 713 4065 Dominutu
745 4026 853 4065 non
876 4026 995 4067 esse
1023 4014 1123 4067 sub
1160 4012 1277 4083 lege
1298 4056 1313 4079 ,
1349 4016 1441 4069 sed
1474 4030 1635 4084 super
1670 4015 1865 4085 legem,

268 4111 339 4157 et
364 4105 651 4157 crederent
675 4117 798 4157 eunt
832 4120 937 4160 non
989 4120 1084 4175 per
1118 4106 1289 4176 legem
1313 4123 1431 4162 esse
1463 4119 1709 4162 sanatum
1734 4150 1748 4172 ,
1773 4110 1868 4164 sed

198 4242 201 4243 ν
270 4212 382 4266 per
409 4198 638 4265 gratiam
668 4197 759 4251 Dei
785 4215 905 4268 qua:
934 4209 1017 4253 est
1046 4215 1211 4270 supra
1243 4201 1432 4271 legem.
1460 4201 1630 4255 Aliter
1655 4211 1711 4255 ut
1741 4203 1867 4256 dum

272 4290 531 4344 viderent
573 4306 695 4345 emn
735 4294 1047 4346 mundatnnt
1070 4335 1083 4357 ,
1109 4294 1151 4347 si
1180 4296 1403 4350 credere
1432 4295 1662 4358 vellent,
1695 4294 1872 4349 salva-

272 4391 495 4446 rentur,
522 4383 759 4453 alioquin
795 4385 1191 4439 inexcusabiles
1225 4395 1522 4442 manerent.
1558 4386 1679 4440 Alio
1710 4387 1867 4441 modo

273 4472 407 4539 quia
447 4481 772 4541 prmeeptum
807 4483 924 4527 erat
951 4473 1003 4526 in
1027 4474 1163 4544 lege,
1191 4483 1249 4527 ut
1285 4476 1350 4527 ad
1378 4485 1653 4544 aspectum
1688 4490 1867 4532 sacer-

274 4563 471 4617 dotnnt
522 4564 889 4618 iudicarentur
931 4576 1109 4618 utrum
1164 4575 1346 4621 essent
1387 4568 1605 4633 tnundi,
1651 4582 1718 4622 an
1768 4570 1867 4623 im-

276 4658 501 4713 mundi:
528 4659 640 4712 sive
669 4659 787 4713 ideo
818 4660 961 4713 misit
992 4673 1059 4713 ne
1102 4660 1375 4715 videretur
1403 4674 1525 4717 esse
1566 4674 1866 4733 transgres-

258 4766 377 4805 sor
406 4750 553 4821 legis,
579 4751 720 4820 quod
753 4751 853 4820 ipsi
875 4749 1185 4820 frequenter
1209 4752 1260 4805 in
1282 4768 1347 4807 eo
1376 4754 1862 4808 calumniabantur.

277 4840 449 4895 Forte
478 4841 620 4894 dicet
650 4841 874 4909 aliquis;
906 4857 1073 4910 quare
1108 4859 1211 4897 non
1240 4844 1435 4899 retinet
1475 4845 1650 4899 adhuc
1678 4854 1862 4899 sancta

277 4934 525 4990 Ecclesia
558 4933 687 4988 illud
713 4933 1004 4988 Mosaicum
1041 4936 1401 5000 sacriﬁcium,
1430 4938 1571 5006 quod
1612 4936 1868 4991 Dominus

277 5025 500 5078 videtur
528 5023 888 5093 approbasse?
915 5023 1203 5080 Sciendum
1236 5035 1410 5080 tamen
1439 5027 1561 5097 quia
1586 5025 1671 5077 illa
1702 5026 1868 5080 sacri-

278 5115 406 5171 licia
446 5116 671 5187 ﬁgurant
699 5116 981 5184 gestabant
1009 5116 1163 5170 istius
1195 5118 1306 5171 veri
1342 5116 1589 5172 sacriﬁcii
1624 5116 1763 5185 quod
1786 5124 1871 5170 est

278 5207 545 5262 Sanctum
572 5214 913 5269 sanctorum,
946 5208 1181 5261 nondunt
1222 5209 1417 5278 quippe
1445 5210 1617 5263 fuerat
1658 5208 1759 5261 ltoc
1780 5219 1871 5260 ve-

276 5314 403 5354 rum
431 5296 763 5354 sacriﬁcium
794 5298 1218 5363 manifestatnnt,
1243 5300 1343 5353 ltoc
1367 5308 1448 5354 est
1471 5306 1867 5356 sacramentum

1632 5391 1830 5428 (Ἶιιοῖείῖ

1242 5402 1355 5432 nnct
1368 5393 1408 5431 ri
1466 5393 1582 5433 lactt

277 5394 521 5431 parun-~11:
573 5398 619 5413 "‘
672 5388 942 5418 ’πεδ’-’δέη
987 5391 1195 5432 Πηηιῖιιῖ

1959 1913 2095 1967 bene
2123 1929 2229 1967 non
2256 1913 2429 1967 solum
2456 1914 2701 1983 leprosus
2732 1915 2949 1982 dicitur,
2980 1918 3072 1983 sed
3104 1918 3293 1985 etiam,
3339 1934 3537 1975 secun-

1960 2002 2085 2055 dum
2124 2002 2473 2071 Evangelium
2505 2002 2685 2068 Luete,
2724 2004 2916 2074 plenus
2954 2006 3123 2064 fuisse
3155 2008 3301 2078 lepra
3332 2011 3540 2067 descri-

1959 2091 2137 2157 bitur;
2189 2093 2313 2161 quia
2345 2093 2654 2147 universum
2709 2110 2879 2165 genus
2911 2098 3208 2153 humanum
3240 2099 3387 2170 lepra
3418 2102 3513 2157 inﬁ

1960 2182 2218 2247 delitatis,
2251 2192 2306 2237 et
2336 2184 2557 2240 maculis
2596 2187 2835 2241 omnium
2882 2190 3131 2245 vitiorum
3162 2201 3283 2248 erat
3310 2210 3530 2265 corrup-

1961 2284 2075 2329 tum
2119 2284 2175 2330 et
2205 2276 2463 2332 fmdatum
2494 2296 2506 2330 :
2539 2281 2679 2333 unde
2732 2280 2863 2335 dicit
2908 2282 3243 2352 Apostolus:
3282 2303 3299 2336 ι
3340 2285 3542 2343 Omnes

1961 2368 2105 2424 enim
2152 2379 2534 2437 peccaverunt,
2584 2382 2640 2425 et
2669 2381 2831 2443 egent
2860 2374 3033 2441 gratia
3067 2374 3180 2430 Dei.
3221 2395 3239 2427 ι
3274 2377 3389 2443 Qua
3419 2394 3542 2447 gra-

1962 2460 2072 2513 tia?
2124 2460 2452 2515 Extensione
2499 2477 2691 2518 manus
2733 2461 2891 2524 Jesu;
2938 2480 3126 2522 omnes
3154 2467 3298 2522 enim
3338 2469 3544 2541 indige-

1960 2548 2091 2602 bant
2117 2558 2175 2602 ut
2204 2550 2294 2603 Dei
2324 2550 2462 2605 ﬁlius
2494 2550 2646 2607 ﬁeret
2674 2552 2815 2608 ﬁlius
2847 2554 3110 2623 hominis;
3175 2559 3542 2617 ut.incarnato

1964 2637 2057 2692 Dei
2110 2638 2288 2694 Verbo
2316 2641 2416 2709 ipsi
2469 2657 2499 2695 a
2550 2642 2695 2712 lepra
2732 2644 3066 2703 inﬁdelitatis
3097 2658 3150 2705 et
3178 2651 3402 2707 maculis
3429 2667 3546 2707 om-

1962 2728 2111 2783 ttiuttt
2140 2729 2392 2783 vitiorum
2421 2742 2799 2802 purgarentur.
2829 2735 2886 2790 ln
2921 2752 2987 2794 eo
3018 2753 3147 2794 vero
3185 2743 3329 2811 quod
3361 2744 3543 2812 proci-

1964 2817 2095 2872 dens
2120 2820 2363 2875 adoravit
2392 2838 2537 2888 cum,
2585 2834 2640 2877 et
2664 2823 2940 2894 subjunxit
2970 2829 3156 2885 dicens
3189 2846 3201 2884 :
3237 2850 3254 2882 σ
3294 2834 3542 2900 Domine,

1963 2910 2009 2963 si
2041 2911 2149 2975 vis,
2201 2920 2352 2982 potes
2393 2929 2477 2968 me
2510 2916 2799 2983 mundare;
2834 2938 2851 2972 ι
2882 2918 3015 2976 ﬁdes
3057 2921 3420 2980 Ecclesiastici
3449 2943 3545 2996 po-

1960 3004 2071 3074 puli
2119 3006 2450 3077 designatur,
2504 3010 2595 3079 qui
2642 3009 2835 3068 Filium
2881 3013 2977 3070 Dei
3021 3025 3077 3071 et
3119 3019 3545 3090 omnipotentem

1965 3099 2216 3165 credidit,
2244 3110 2323 3155 .et
2352 3116 2564 3158 onmem
2595 3105 2805 3173 copiam
2836 3122 2948 3163 sua:
2985 3108 3300 3167 salvationis
3348 3113 3401 3167 in
3449 3129 3547 3168 vo-

1966 3191 2174 3246 lnntate
2198 3192 2363 3262 ipsius
2389 3194 2702 3262 collocavit;
2731 3213 2854 3253 nam
2880 3200 3011 3254 nihil
3038 3211 3119 3257 est
3148 3202 3291 3257 aliud
3319 3204 3499 3260 dicere
3526 3224 3541 3259 :

1966 3281 2211 3346 Domine,
2246 3283 2289 3336 si
2318 3283 2417 3349 vis,
2451 3294 2603 3354 potes
2632 3301 2718 3341 me
2748 3287 3032 3353 mundare,
3066 3292 3169 3346 nisi
3198 3294 3542 3362 omnipoten-

1970 3382 2077 3426 tem
2103 3388 2224 3427 enm
2250 3373 2493 3431 credere.
2528 3395 2546 3427 ‹
2581 3376 2649 3431 Et
2684 3379 2982 3435 extendens
3009 3378 3168 3436 Iesus
3218 3400 3439 3439 manum
3470 3395 3549 3440 te-

1970 3462 2088 3531 tigit
2114 3476 2257 3517 eum.
2294 3483 2312 3515 ι
2345 3464 2448 3519 Per
2472 3466 2847 3523 extensionem
2893 3485 3087 3526 manus
3113 3472 3241 3527 Jesu
3272 3474 3439 3543 ipsius
3467 3476 3549 3529 itt-

1967 3555 2210 3610 carnatio
2254 3556 2596 3626 designatur;
2673 3566 2802 3615 tunc
2848 3576 2974 3616 nam
3026 3563 3286 3620 Dominus
3330 3582 3548 3621 manum

1965 3649 2212 3703 extendit
2235 3658 2289 3704 et
2330 3650 2600 3719 leprosum
2639 3653 2835 3723 tetigit,
2882 3656 3097 3724 quando
3124 3659 3549 3715 misericorditer

1967 3752 2208 3797 nostram
2238 3753 2488 3797 naturam
2517 3746 2792 3814 suscepit,
2843 3757 2896 3802 et
2948 3748 3154 3817 lepram
3184 3750 3514 3807 inﬁdelitatis
3533 3796 3546 3817 ,

1966 3844 2021 3889 et
2050 3833 2291 3889 maculas
2319 3836 2560 3890 omnium
2589 3838 2844 3893 vitiorum
2880 3850 3129 3909 potenter
3153 3846 3423 3914 purgavit.
3482 3846 3551 3901 Et

1964 3924 2033 3977 ad
2063 3924 2164 3978 hoc
2205 3924 2423 3994 respicit
2467 3926 2606 3996 quod
2636 3928 2713 3982 ait
2742 3945 2754 3980 :
2794 3948 2811 3980 ι
2853 3930 3003 3996 Volo,
3036 3949 3055 3984 ι
3089 3934 3214 4002 quia
3249 3953 3266 3985 ι
3304 3935 3553 3992 volunta-

1960 4015 2048 4069 rie
2093 4031 2192 4071 nos
2241 4017 2427 4086 genuit
2475 4019 2643 4074 verbo
2695 4021 2971 4086 veritatis;
3022 4042 3040 4075 ι
3076 4024 3218 4092 quod
3266 4035 3443 4080 autem
3483 4030 3550 4081 ad

1958 4105 2098 4160 .illnd
2129 4123 2147 4157 ε
2184 4108 2460 4171 mundare,
2494 4125 2521 4161 .t
2555 4109 2621 4163 ad
2668 4107 2796 4163 illud
2845 4112 3088 4180 profecto
3140 4114 3362 4184 respicit
3408 4117 3551 4185 quod

1968 4198 2096 4253 alibi
2141 4199 2309 4253 dicit:
2346 4217 2364 4249 ι
2403 4199 2608 4255 Euntes
2641 4200 2693 4255 in
2726 4203 2982 4257 mundum
3019 4205 3349 4269 universum,
3412 4224 3549 4276 pra:-

1968 4294 2141 4349 dicate
2164 4293 2511 4365 Evangelium
2532 4296 2677 4349 omni
2706 4304 2992 4351 creaturae.
3027 4313 3045 4348 ι
3079 4297 3135 4351 In
3165 4312 3231 4351 eo
3258 4314 3385 4353 vero
3406 4303 3549 4368 quod

1958 4384 2295 4455 evangelista
2335 4383 2647 4453 subiungit:
2680 4394 2735 4439 et
2766 4404 2785 4435 ι
2823 4386 3105 4440 confestim
3144 4388 3414 4453 mundata
3464 4402 3550 4445 est

1969 4473 2116 4544 lepra
2148 4472 2293 4541 ejus,
2328 4491 2347 4525 ι
2374 4474 2441 4528 ad
2491 4474 2594 4529 hoc
2644 4472 2879 4529 refertur
2922 4476 3065 4544 quod
3092 4474 3204 4530 illic
3248 4477 3499 4532 Subditur
3532 4498 3544 4532 :

1978 4586 1996 4616 ι
2030 4565 2131 4632 Qui
2163 4566 2533 4621 eredideritet
2578 4567 2883 4636 baptizatus
2929 4566 3092 4622 fuerit
3138 4567 3318 4624 salvus
3364 4573 3490 4627 erit.
3530 4595 3546 4625 ι

1972 4658 2041 4712 Ει
2083 4672 2204 4711 cum
2252 4658 2328 4711 ait
2358 4658 2431 4713 illi
2471 4658 2630 4714 Jesus
2661 4677 2673 4711 :
2711 4676 2730 4709 ι
2766 4658 2977 4714 Nemini
3009 4661 3231 4726 dixeris,
3274 4682 3292 4713 ι
3331 4666 3554 4720 docetur

1972 4746 2057 4801 liis
2110 4745 2287 4801 verbis
2319 4747 2717 4803 ecclesiasticus
2773 4750 3000 4819 populus
3039 4759 3100 4806 ut’
3126 4754 3386 4823 mysteria
3442 4770 3554 4809 sua:

1973 4834 2160 4889 salutis
2181 4844 2237 4890 et
2261 4836 2379 4889 ﬁdei
2404 4851 2513 4891 sua:
2543 4847 2881 4892 sacramenta
2916 4856 3021 4896 non
3052 4842 3251 4911 passim
3283 4843 3561 4898 obtrecta-

1977 4926 2182 4981 toribus
2228 4936 2283 4981 et
2320 4927 2779 5000 Oppugnatoribus
2807 4941 3011 4987 sancta:
3034 4930 3568 4988 Ecetesimeommit—

1976 5029 2112 5086 tant,
2140 5021 2281 5091 quod
2308 5021 2433 5078 alibi
2465 5031 2649 5095 aperte
2676 5018 2935 5081 Dominus
2958 5026 3113 5081 docet
3137 5021 3333 5077 dicens
3375 5044 3393 5079 :
3426 5041 3444 5073 ι
3469 5020 3577 5074 No-

1977 5112 2069 5166 lite
2116 5110 2376 5167 Sanetum
2408 5115 2537 5171 dare
2566 5112 2809 5179 canibus,
2864 5132 3040 5186 neque
3089 5108 3454 5177 margaritas
3490 5123 3588 5161 ve-

1977 5211 2119 5256 stras
2146 5201 2376 5259 mittatis
2407 5213 2531 5259 ante
2570 5216 2781 5271 porcos.
2809 5221 2827 5253 »
2862 5204 3127 5277 Sequitur
3162 5215 3176 5250 :
3216 5214 3235 5247 ι
3271 5194 3603 5257 Sedvadet

1977 5293 2201 5349 ostende
2246 5301 2297 5348 te
2326 5294 2621 5357 sacerdoti,
2667 5302 2725 5347 et
2747 5292 2883 5348 oﬁer
2912 5300 3109 5351 munus
3142 5286 3294 5357 quod
3329 5282 3620 5355 ρτωεεῐιίι

1982 5387 2186 5418 ὶΙιι-ηυυ-
2225 5388 2276 5428 ξι,
2316 5388 2688 5431 ,ραιςωηηῖΙΙΏῙ
2886 5406 2904 5424 ι
2942 5383 3213 5428 ξορας-[ἶοε
3243 5378 3370 5415 ἰαθα
3440 5380 3517 5421 οιιῖ
3546 5375 3629 5421 iui;
