4038 6430
525 330 620 384 9H

1089 329 1345 386 REMIGII
1384 327 2042 386 ANTISSIODORENSIS
2079 321 2231 387 ΟΡΡ.
2271 324 2473 389 PARS.
2503 334 2566 390 ll.
2606 366 2675 375 -—
2711 333 3211 399 MISCELLANEA.
3657 338 3741 405 9H

531 449 674 504 cium
700 443 943 515 quoridie
971 444 1210 511 recolat,
1257 453 1314 500 et
1349 443 1552 515 jugiter
1575 443 1686 499 Deo
1710 443 1857 499 Patri
1886 441 2110 508 oﬁerat,
2143 448 2189 505 Α
2220 455 2302 500 tor
2319 459 2343 529 ;‘
2363 443 2489 514 quid
2519 445 2662 501 enim
2687 447 2837 502 aliud
2858 457 2985 502 sunt
3019 457 3266 519 peccata,
3310 451 3411 507 nisi
3434 451 3608 524 lepra?
3632 456 3743 515 Nam

526 537 664 607 quod
709 552 807 606 pro
834 536 1220 591 emundatione
1246 536 1444 606 leprosi
1477 536 1528 588 in
1555 534 1723 603 ﬁgura
1753 533 2102 598 olfercbatur,

523 640 576 684 et
604 632 791 700 postea
824 629 1096 684 veraciter
1122 644 1220 699 pro
1247 628 1420 684 salute
1446 627 1608 682 totius
1648 626 1862 697 generis
1885 625 2107 680 humani

523 731 606 778 est
636 721 892 777 oblatum.
923 721 1261 792 Praeceptum
1290 735 1524 790 namque
1555 719 1655 774 fuit
1693 720 1747 774 in
1795 718 1912 791 lege
1944 727 2004 772 ut
2033 718 2106 772 le-

523 829 716 882 prosus
746 827 842 882 pro
879 813 1264 868 emendatione
1311 827 1408 868 sua
1440 812 1574 868 duos
1604 826 1852 882 passeres
1889 810 2108 866 otl'erret

521 902 811 970 sacerdoti,
839 916 973 973 quos
999 903 1251 958 sacerdos
1275 901 1569 972 accipiens.
1590 910 1848 971 utrosque
1877 901 2109 956 Domino

519 995 756 1058 offerret,
807 1003 860 1050 et
888 1008 1057 1048 unum
1104 993 1414 1050 immolaret
1440 1009 1564 1049 cum
1612 993 1759 1064 ligno
1789 993 2012 1049 cedrino
2050 998 2106 1046 et

522 1101 716 1151 cocco,
788 1093 844 1140 et
880 1084 1158 1140 vfasciculo
1208 1085 1423 1155 hyssopi
1468 1086 1522 1140 in
1575 1099 1704 1139 vase
1751 1084 1900 1139 ﬁctili
1947 1095 2112 1153 super

525 1191 713 1246 aquas,
742 1175 970 1231 alterum
997 1189 1127 1230 vero
1152 1175 1445 1246 intingeret
1472 1174 1527 1229 in
1553 1175 1814 1245 sanguine
1840 1173 2103 1228 immolati

521 1265 775 1335 passeris,
806 1273 862 1321 et
891 1266 1187 1322 dimitteret
1215 1266 1592 1322 eum'liberum
1622 1267 1839 1323 avolare
1863 1265 1915 1320 in
1941 1280 2102 1336 agro;

521 1357 764 1426 leprosus
810 1371 941 1414 vero
1004 1358 1205 1428 septies
1249 1365 1631 1430 aspergeretur
1677 1373 1800 1413 cum
1849 1357 2107 1414 fascicnlo

524 1451 745 1522 hyssopi
775 1451 842 1506 de
885 1451 1149 1521 sanguine
1196 1450 1458 1506 immolati
1502 1451 1762 1521 passeris,
1793 1460 1849 1506 et
1877 1451 2108 1522 septimo

527 1544 616 1598 die
644 1542 862 1597 raderet
886 1556 1075 1596 omnes
1105 1540 1245 1610 pilos
1274 1539 1467 1610 capitis
1498 1540 1599 1604 sui,
1633 1548 1687 1594 et
1715 1540 1917 1605 barbae,
1939 1547 1995 1594 et
2024 1547 2107 1594 to-

525 1633 632 1688 tius
659 1631 926 1702 corporis,
969 1639 1029 1685 ut
1055 1639 1247 1685 octavo
1276 1630 1361 1685 die
1397 1630 1627 1686 mundus
1671 1630 1986 1686 redderetur
2025 1645 2106 1685 ca-

524 1709 795 1780 stris.Per
818 1724 920 1778 hoc
949 1722 1276 1780 sacriﬁcium
1305 1721 1545 1777 nonnulli
1574 1721 1880 1793 intelligunt
1903 1722 2109 1792 passio-

2209 537 2255 592 si
2290 537 2437 608 lepra
2462 539 2817 604 immundam,
2846 551 2902 595 et
2928 542 3158 606 variam,
3205 551 3261 598 et
3307 545 3622 602 maculosam
3643 553 3744 607 red-

2207 630 2285 685 dit
2315 641 2532 697 cutem;
2587 633 2667 688 sic
2711 642 2761 688 et
2795 643 3018 702 peccata
3059 635 3392 690 immundam
3422 646 3475 692 et
3499 641 3678 695 variam
3701 649 3746 698 et

2208 719 2464 774 miseram
2493 720 2694 776 faciunt
2722 723 2979 778 animam.
3012 724 3120 780 Iste
3153 740 3426 795 nunquam
3453 727 3676 799 leprosus
3701 735 3744 788 in

2207 821 2448 870 montem
2493 815 2790 870 ascendere
2816 830 2922 871 non
2946 825 3145 886 potest,
3177 818 3302 886 quia
3333 829 3578 888 peccator
3603 825 3742 879 cccle-

2205 903 2311 958 stia
2355 904 2707 975 contemplari
2756 919 2863 960 non
2909 906 3071 963 valet.
3124 906 3192 961 Et
3238 908 3368 977 quid
3401 909 3475 963 illi
3519 914 3748 982 agendum

2208 992 2331 1049 est?
2394 992 2647 1064 Nunquid
2694 996 3128 1065 desperandum?
3192 996 3344 1063 Non,
3391 998 3628 1068 inquam,
3673 1004 3748 1056 sed

2208 1082 2462 1153 quoniam
2497 1083 2564 1138 ad
2585 1091 2835 1139 montem
2862 1085 3158 1141 ascendere
3183 1101 3290 1140 non
3316 1094 3521 1157 potest,
3564 1102 3752 1145 necesse

2207 1183 2292 1231 est
2317 1174 2393 1230 illi
2439 1183 2498 1230 ut
2529 1174 2716 1231 Jesum
2746 1178 2812 1232 de
2841 1185 3028 1233 monte
3077 1178 3404 1234 descendere
3435 1178 3619 1234 videat.
3663 1179 3748 1235 To-

2209 1264 2311 1320 ties
2355 1263 2539 1335 itaque
2589 1265 2832 1336 leprosus
2878 1266 3062 1323 Iesum
3111 1266 3177 1322 de
3230 1277 3415 1323 monte
3460 1271 3749 1325 descendere

2213 1355 2396 1427 videt,
2426 1356 2642 1426 quoties
2683 1366 2935 1425 peccator
2962 1357 3330 1412 reminiscitur
3369 1359 3491 1428 quia
3530 1359 3752 1415 Dominus

2208 1460 2306 1515 pro
2334 1444 2508 1500 salute
2537 1454 2881 1516 peccatorum
2910 1447 2978 1501 de
2999 1447 3157 1503 caelis
3187 1448 3464 1503 descendit
3496 1448 3558 1503 ad
3584 1459 3746 1506 terras.

2211 1533 2363 1590 Tunc
2391 1534 2536 1589 enim
2568 1533 2814 1603 leprosus
2842 1536 3132 1604 procidens
3158 1537 3352 1591 adorat
3388 1534 3585 1602 Iesum,
3615 1554 3750 1607 quan-

2209 1624 2278 1680 do
2299 1634 2551 1695 peccator
2572 1624 2639 1681 de
2660 1627 2902 1696 pristinis
2932 1627 3306 1692 confunditur,
3337 1636 3395 1684 et
3425 1637 3548 1684 tunc
3571 1629 3618 1684 in
3643 1629 3752 1685 facie

2211 1715 2376 1782 cadit,
2402 1718 2615 1785 quando
2643 1715 2695 1769 in
2728 1717 3102 1772 recordatione
3131 1718 3394 1771 scelerum
3427 1733 3630 1772 suorum
3653 1734 3751 1787 pec-

522 1815 890 1872 nem'Domini
933 1814 1105 1870 nostri
1134 1813 1260 1869 Jesu
1293 1813 1515 1878 Christi,
1562 1828 1662 1883 per
1688 1828 1852 1883 quam
1884 1813 2103 1867 univer-
2138 1793 2183 1851 Β
2211 1815 2365 1861 eator
2385 1805 2690 1872 erubescit;
2745 1806 2886 1861 unde
2915 1807 3104 1861 beatus
3131 1806 3332 1862 Paulus
3361 1807 3621 1876 apostolus
3656 1807 3750 1876 qui.

524 1921 642 1961 sum
671 1919 838 1977 genus
866 1892 1162 1960 humanum
1191 1920 1222 1959 a
1249 1903 1398 1974 lepra
1445 1904 1778 1961 infidelitatis
1803 1913 1857 1960 et
1883 1905 2109 1960 maculis

523 1995 779 2052 vitiorum
809 2004 894 2051 est
923 2005 1190 2066 ereptum.
1233 1994 1338 2050 Per
1364 1995 1497 2050 duos
1523 2010 1776 2067 passeres
1804 1995 2108 2068 intelligunt

525 2089 658 2144 duas
693 2087 906 2143 Domini
957 2087 1312 2152 substantias,
1343 2086 1540 2141 anima:
1578 2086 1787 2142 scilicet
1818 2094 1872 2143 et
1908 2087 2108 2153 carnis,

525 2193 661 2247 quas
689 2192 754 2233 ex
787 2186 975 2233 saneta
1023 2175 1241 2248 Virgine
1269 2178 1518 2248 sumpsit.
1552 2177 1656 2232 Per
1686 2177 1890 2249 lignum
1929 2179 2110 2234 cedri-

528 2283 680 2336 num,
730 2269 934 2340 lignum
990 2277 1194 2323 sancta:
1223 2267 1400 2322 crucis
1438 2267 1812 2336 signiﬁcatur;
1871 2283 1968 2338 per
1992 2283 2111 2323 coc-

527 2375 676 2425 cum,
701 2358 793 2428 qni
829 2365 911 2412 est
949 2356 1102 2411 rubei
1148 2355 1366 2422 coloris,
1398 2355 1588 2411 eﬁ'usio
1615 2357 1895 2429 sanguinis
1926 2356 2110 2411 Domi-

528 2451 616 2517 ni;
650 2465 746 2520 per
774 2463 941 2502 unum
966 2462 1262 2516 passerem,
1315 2448 1404 2517 qui
1437 2448 1838 2514 immolabatur,
1867 2449 2114 2520 designa-

531 2551 618 2596 tur
642 2541 768 2611 quia
800 2539 1056 2596 Dominus
1083 2549 1268 2595 noster
1293 2539 1450 2595 Jesus
1478 2539 1728 2596 Christus
1775 2540 2114 2596 solummodo

529 2645 727 2700 corpus
762 2645 917 2686 suum
949 2630 1001 2683 in
1031 2644 1124 2682 ara
1167 2631 1344 2685 crucis
1372 2643 1472 2699 pro
1499 2629 1674 2686 salute
1707 2614 1872 2685 totius
1900 2631 2114 2701 generis

528 2723 749 2778 humani
778 2723 888 2776 Deo
913 2721 1058 2775 Patri
1087 2719 1314 2787 obtulit;
1349 2736 1444 2790 per
1472 2721 1700 2776 alterum
1744 2722 1836 2792 qui
1880 2722 2114 2792 intinge-

527 2815 690 2868 batur
737 2814 791 2868 in
840 2812 1103 2883 sanguine
1149 2811 1413 2866 immolati
1459 2813 1727 2883 passeris,
1773 2812 2113 2884 signiﬁcatur

528 2906 651 2974 quia
701 2904 852 2960 dolor
882 2904 1151 2974 passionis
1205 2903 1272 2958 ad
1320 2903 1555 2959 animam
1601 2904 1853 2970 refertur,
1911 2913 1966 2958 et
2019 2920 2114 2973 per

529 2996 768 3050 animam
817 2995 1058 3052 dolorem
1107 2995 1379 3066 passionis
1433 2995 1620 3051 sensit.
1673 2995 1776 3050 Per
1808 2996 1908 3050 hoc
1951 3011 2116 3060 vero,

528 3085 668 3157 quod
697 3087 833 3142 liber
861 3087 1236 3142 dimittebatur
1274 3085 1494 3141 avolare
1536 3086 1588 3139 in
1619 3101 1770 3156 agro,
1795 3086 2111 3157 designatur

533 3179 697 3248 quia,
747 3187 966 3248 peracto
1014 3177 1308 3232 Dominicae
1355 3176 1628 3233 Passionis
1671 3179 1966 3249 mysterio,
2015 3178 2118 3233 Do-

538 3269 718 3323 minus
747 3276 931 3322 noster
973 3265 1130 3321 Jesus
1161 3265 1412 3322 Christus
1439 3267 1593 3322 tertia
1639 3267 1726 3322 die
1767 3283 2055 3339 resurgens
2085 3285 2116 3325 a

527 3358 783 3424 «mortuis,
808 3359 874 3414 de
897 3374 1048 3428 agro,
1077 3358 1127 3412 id
1148 3365 1233 3413 est
1257 3357 1322 3412 de
1347 3359 1449 3413 hoc
1470 3359 1688 3423 mundo,
1711 3360 2120 3432 quadragesimo

537 3455 624 3508 die
655 3454 706 3507 in
735 3452 929 3509 caelum
981 3451 1252 3515 ascendit;
1296 3451 1436 3507 unde
1477 3451 1607 3506 dicit
1634 3447 1917 3506 Psalmista
1949 3469 1962 3505 :
1991 3471 2010 3505 ι
2055 3454 2121 3509 Et

525 3559 798 3598 occursus
830 3541 949 3612 ejus
978 3556 1148 3611 usque
1179 3541 1244 3595 ad
1288 3556 1560 3596 summum
1608 3540 1757 3610 ejus,
1793 3559 1811 3594 ι
1842 3549 1898 3596 et
1945 3542 2074 3596 item
2101 3559 2114 3596 :

525 3657 562 3686 ἰ
598 3635 857 3692 Ascendit
885 3649 1050 3704 super
1073 3633 1390 3699 Cherubim,
1427 3641 1480 3689 et
1510 3633 1708 3688 volavit
1735 3649 1897 3704 super
1917 3649 2120 3704 pennas

533 3736 837 3781 ventorum.
893 3745 913 3778 ι
962 3709 1067 3779 Per
1113 3723 1427 3779 fasciculum
1481 3725 1703 3795 hyssopi
1749 3725 1926 3780 sancti
1971 3725 2124 3781 desi-

531 3829 767 3890 gnantur
795 3817 1030 3889 apostoli
1061 3833 1074 3872 :
1106 3831 1205 3887 per
1243 3832 1434 3886 aquas,
1482 3832 1635 3887 aqua:
1662 3817 1804 3873 sacri
1827 3817 2122 3887 baptisma-

536 3911 641 3974 tis;
711 3923 808 3978 per
837 3909 937 3963 hoc
984 3907 1126 3978 quod
1173 3906 1418 3977 leprosus
1487 3908 1687 3976 septies
1735 3907 2122 3977 aspergebatur

524 4015 661 4056 cum
691 3998 950 4054 faseiculo
983 3998 1200 4069 hyssopi
1235 3999 1302 4053 de
1331 3999 1593 4068 sanguine
1635 3998 1901 4053 immolati
1932 4013 2118 4069 passe-

526 4093 638 4158 ‘ris,
684 4097 889 4160 septem
919 4090 1058 4145 dona
1103 4089 1276 4143 sancti
1330 4086 1583 4158 Spiritus.
1641 4087 1866 4159 Mystice
1903 4088 2118 4158 quidem

534 4182 948 4255 signiﬁcabatur
976 4179 1102 4249 quia
1135 4179 1446 4233 universum
1489 4191 1660 4248 genus
1707 4177 2002 4232 humanum
2031 4192 2118 4232 re-

535 4276 812 4346 demptum
855 4271 1121 4344 sanguine
1146 4270 1347 4327 Christi
1393 4284 1491 4340 per
1522 4269 1950 4339 »~pra*:dicationes
1989 4283 2117 4323 san-

534 4374 748 4421 ctorum
778 4363 1164 4435 apostolorum,
1216 4368 1271 4416 et
1294 4375 1395 4430 per
1421 4373 1618 4429 aquam
1647 4359 1791 4414 sacri
1823 4358 2123 4428 baptisma-

536 4453 610 4508 tis
636 4461 692 4508 et
714 4461 920 4524 septem
949 4451 1090 4508 dona
1139 4448 1375 4520 Spiritus
1415 4448 1611 4516 sancti,
1662 4455 2009 4505 consecutum
2033 4455 2120 4503 est

538 4541 918 4598 remissionem
955 4539 1196 4596 omnium
1243 4546 1626 4607 peccatorum;
1663 4537 1807 4592 unde
1831 4535 2118 4592 Psalmista

538 4633 660 4686 ait:
693 4650 712 4682 ι
740 4631 1011 4700 Asperges
1059 4642 1170 4696 me,
1213 4628 1466 4696 Domine,
1507 4628 1764 4700 hyssopo,
1809 4634 1865 4681 et
1896 4625 2120 4680 munda-

537 4725 662 4780 hor.
699 4741 720 4776 ι
743 4722 848 4777 Per
866 4721 1231 4791 septenarium
1254 4737 1324 4776 nu
1335 4734 1539 4795 merum
1559 4719 1737 4774 omnis
1766 4727 1941 4773 status
1964 4717 2121 4772 istius

537 4811 974 4883 vitaaprazsentis
1000 4810 1332 4880 designatur,
1361 4825 1482 4879 qua:
1502 4816 1709 4879 septem
1735 4807 1927 4862 diebus
1952 4805 2123 4862 volvi-

537 4917 662 4972 tur;
693 4918 792 4973 per
820 4903 1261 4966 diemvoctavum,
1289 4900 1406 4956 dies
1433 4897 1911 4964 Resurrectionis;
1944 4905 1999 4952 et
2026 4907 2124 4967 per

539 4996 646 5051 hoc
675 4991 816 5062 quod
845 4991 1091 5060 leprosus
1134 4989 1364 5059 septimo
1394 4987 1482 5043 die
1511 4988 1734 5042 radebat
1767 5000 1958 5040 omnes
1982 4985 2122 5055 pilos

525 5089 736 5159 capitis
766 5089 872 5152 sui,
907 5095 963 5142 et
1001 5085 1207 5149 barbae,
1253 5089 1310 5140 et
1353 5083 1521 5138 totius
1543 5080 1816 5152 corporis,
1849 5088 1906 5134 ut
1929 5087 2122 5134 octavo

541 5177 630 5232 die
653 5176 884 5232 mundus
909 5175 1228 5231 redderetur
1249 5172 1473 5235 castris,
1517 5171 1861 5242 signiﬁcabat
1909 5167 2034 5238 quia
2067 5169 2121 5223 in

541 5274 646 5328 hac
673 5271 922 5341 prmsenti
951 5269 1058 5323 vita
1084 5266 1450 5323 abscindenda
1479 5274 1609 5321 sunt
1633 5263 1784 5328 vitia,
1813 5270 1867 5316 et
1889 5274 2124 5330 purgan—

515 5365 610 5418 .da
629 5370 763 5419 sunt
791 5369 1032 5431 peccata,
1054 5367 1324 5429 quatenus
1353 5365 1549 5412 octavo
1571 5355 1660 5409 die
1686 5350 2123 5409 Resurrectionis

532 5444 618 5512 illi
651 5456 742 5526 qui
787 5469 937 5526 prius
963 5459 1121 5508 erant
1165 5446 1366 5520 leprosl
1395 5458 1450 5504 et
1495 5445 1787 5511 immundi,
1831 5444 2044 5516 purgati
2069 5449 2126 5500 et

542 5547 786 5603 mundati
818 5561 848 5600 a
896 5545 1046 5613 lepra
1099 5539 1433 5597 inﬁdelitatis
1481 5546 1538 5593 et
1577 5534 1806 5592 maculis
1847 5535 2119 5599 vitiorum,

539 5642 857 5691 mereantur
883 5632 1162 5706 aggregari
1191 5631 1423 5688 coetibus
1463 5636 1796 5685 sanctorum.
1844 5625 2123 5680 Moraliter

545 5739 644 5794 per
666 5725 808 5780 hunc
831 5724 1100 5793 leprosum
1127 5736 1233 5779 non
1256 5721 1552 5790 incongrue
1579 5717 1902 5788 designatur
1926 5728 2120 5784 pecca-

2151 4495 2201 4556 Ι)

2211 1897 2434 1951 busdam
2479 1898 2854 1967 peccatoribus
2895 1897 3004 1965 jam
3032 1899 3351 1962 conversis,
3403 1898 3495 1952 sed
3524 1898 3678 1952 adhuc
3703 1899 3744 1950 in

2210 1987 2348 2042 facie
2370 1985 2680 2055 jacentibus
2709 1987 2921 2042 dicebat
2947 2005 2960 2041 :
2996 2007 3015 2039 ι
3050 1988 3221 2056 Quem
3252 1989 3399 2043 enim
3435 1989 3646 2042 fructum
3674 1989 3748 2041 ha-

2212 2078 2404 2134 buistis
2447 2086 2575 2132 tunc
2626 2078 2679 2132 in
2719 2079 2844 2144 illis,
2895 2080 2948 2133 in
2994 2079 3191 2149 quibus
3221 2095 3369 2135 nunc
3391 2079 3746 2135 erubescitis?»

2209 2167 2461 2223 Attamen
2509 2170 2622 2239 ipsa
2655 2168 2899 2224 confusio
2931 2185 3034 2224 non
3087 2171 3250 2225 debet
3281 2170 3570 2241 reprimere
3617 2169 3748 2222 Inedi-

2211 2271 2518 2316 camentum
2553 2262 2916 2331 paenitentiae;
2973 2279 3095 2315 nam
3123 2262 3369 2333 leprosus
3394 2263 3578 2316 vulnus
3603 2270 3747 2316 osten-

2213 2353 2314 2418 dit,
2344 2363 2397 2408 et
2429 2354 2725 2408 remedium
2755 2353 3065 2424 postulavit.
3101 2354 3366 2409 Similiter
3413 2362 3644 2424 peccator
3675 2352 3748 2405 dei

2214 2445 2304 2500 bet
2347 2445 2590 2500 conﬁteri
2639 2445 2846 2500 scelera
2882 2460 3000 2509 sua,
3050 2453 3106 2499 et
3135 2445 3436 2500 remedium
3469 2443 3748 2514 ptPtllleﬁiiﬂ!

2213 2534 2509 2605 postulare,
2541 2535 2761 2590 dicens:
2793 2535 3036 2601 Domine,
3084 2536 3129 2590 si
3162 2537 3262 2598 vis,
3315 2545 3467 2604 potes
3515 2550 3591 2588 me
3616 2549 3743 2586 mnu-

2215 2627 2366 2691 dare,
2413 2627 2568 2696 quasi
2616 2627 2757 2682 dicat
2787 2627 2906 2681 aliis
2954 2628 3135 2682 verbis
3172 2644 3186 2680 :
3220 2628 3390 2682 multa
3420 2637 3538 2681 sunt
3563 2633 3744 2696 peccata

2216 2733 2359 2783 mea,
2395 2717 2640 2783 Domine,
2670 2717 2762 2773 sed
2795 2718 2964 2772 multo
2998 2718 3172 2789 major
3199 2727 3286 2772 est
3309 2728 3414 2773 tua:
3442 2718 3642 2788 pietatis
3667 2715 3746 2767 nii-

2216 2809 2418 2863 seratio
2463 2826 2474 2860 :
2523 2823 2701 2863 meum
2755 2818 2836 2862 est
2881 2823 3074 2878 rogare
3117 2817 3176 2864 ut
3206 2807 3360 2874 velis,
3410 2809 3498 2862 sed
3529 2816 3656 2862 tuum
3689 2812 3751 2859 est

2218 2908 2440 2969 peccata
2489 2914 2607 2954 mea
2662 2898 2808 2954 velut
2855 2899 3103 2954 nebulam
3153 2891 3362 2956 delere.
3413 2900 3478 2954 Et
3506 2897 3750 2955 extendens

2218 2989 2375 3046 Jesus
2426 2989 2640 3046 manum
2691 2991 2866 3062 tetigit
2911 3006 3035 3046 eum
3075 2992 3261 3047 dicens
3310 3010 3372 3046 τι
3425 2991 3565 3048 Volo.
3613 3009 3630 3043 ι
3672 2989 3750 3043 Per

2219 3081 2587 3137 extensionem
2633 3098 2827 3139 manus
2850 3083 2975 3138 Jesu
3004 3084 3332 3154 adjutorium
3364 3086 3551 3140 divina:
3572 3084 3751 3138 miserao

2220 3177 2383 3231 tionis
2427 3175 2768 3245 designatur;
2822 3184 2950 3230 tunc
2975 3177 3118 3231 enim
3149 3175 3309 3231 Jesus
3345 3191 3554 3230 manum
3593 3183 3747 3227 exten-

2221 3267 2322 3334 dit,
2351 3267 2566 3338 quando
2591 3266 2849 3322 auxilium
2893 3267 3090 3322 divina:
3133 3268 3503 3323 miserationis
3528 3260 3750 3336 peccaturi

2220 3359 2515 3429 impendit;
2567 3367 2622 3415 et
2673 3366 2801 3414 tunc
2853 3358 3102 3429 leprosus
3154 3373 3319 3413 manu
3370 3357 3494 3413 Jesu
3529 3354 3750 3424 tangitur;

2221 3447 2439 3517 quando
2473 3463 2572 3518 per
2595 3448 2863 3503 occultam
2909 3447 3318 3504 miserationem
3367 3455 3608 3518 peccator
3645 3442 3752 3497 revi-

2220 3539 2400 3596 viscit.
2451 3539 2510 3594 ln
2553 3554 2620 3596 eo
2659 3554 2788 3595 vero
2834 3539 2977 3610 quod
3005 3539 3082 3593 ait
3117 3557 3130 3592 :
3166 3537 3322 3604 Volo,
3351 3536 3564 3593 aﬁ‘ectus
3598 3533 3751 3589 divina:

2219 3631 2439 3701 pietatis
2483 3631 2910 3697 demonstratur,
2955 3643 3114 3699 quem
3168 3627 3360 3683 habuit
3404 3643 3525 3696 erga
3564 3623 3750 3680 salutem

2220 3721 2583 3792 peccantium,
2611 3721 2764 3791 quasi
2795 3719 2999 3775 diceret
3025 3736 3036 3772 :
3069 3719 3114 3774 Ο
3135 3727 3397 3789 peccator
3419 3758 3434 3783 ,
3459 3715 3686 3772 sollicitus
3706 3722 3751 3762 es

2221 3822 2401 3868 utrum
2427 3811 2587 3867 velim
2624 3810 2723 3866 tibi
2753 3810 3024 3866 dimittere
3073 3817 3294 3878 peccata
3327 3826 3394 3863 an
3422 3823 3543 3870 non,
3572 3803 3650 3858 sed
3678 3814 3750 3853 no-

2219 3905 2365 3961 veris
2392 3904 2518 3974 quia
2548 3901 2699 3967 volo;
2751 3910 2806 3957 et
2832 3901 2935 3957 hoc
2961 3909 3044 3956 est
3069 3902 3210 3971 quod
3242 3917 3341 3971 per
3379 3898 3666 3972 prophetam
3689 3891 3751 3943 di-

2221 3995 2340 4052 cit:
2393 4013 2410 4047 t
2446 3993 2582 4050 Nolo
2628 4000 2856 4048 mortem
2897 3992 3222 4062 peccatoris,
3271 3992 3369 4047 sed
3419 3999 3476 4045 ut
3515 3992 3751 4043 converta-

2223 4095 2310 4140 tur
2330 4093 2385 4141 et
2410 4086 2580 4140 vivat.
2612 4103 2630 4137 ι
2661 4084 2767 4138 Per
2793 4085 2896 4138 hoc
2916 4083 3134 4152 quidem
3164 4081 3307 4153 quod
3350 4080 3596 4137 Dominus
3616 4076 3750 4141 inme»

2221 4177 2393 4232 rando
2447 4177 2526 4232 ait
2569 4195 2580 4230 :
2638 4194 2656 4228 ι
2716 4175 2993 4239 Mnndare,
3045 4195 3064 4227 ι
3108 4185 3165 4229 et
3209 4185 3432 4230 sanctus
3473 4166 3750 4240 evangelista

2221 4266 2498 4337 subjunxit
2538 4283 2551 4319 :
2598 4274 2652 4321 et
2691 4264 2979 4321 confestim
3030 4265 3284 4319 mundata
3333 4272 3419 4321 est
3464 4263 3598 4331 lepra
3633 4257 3749 4326 ejus,

2223 4360 2626 4414 demonstratur
2673 4358 2800 4427 quia
2850 4372 2976 4412 mox
3022 4365 3086 4410 ut
3133 4355 3397 4411 Dominus
3443 4344 3752 4408 misericordi-

2227 4457 2307 4502 ter
2359 4448 2614 4516 dignatur
2665 4447 2936 4516 respicere
2975 4455 3359 4517 peccatorem,
3429 4445 3560 4500 sicut
3603 4449 3749 4504 respe-

2224 4539 2303 4593 xit
2345 4537 2565 4592 Petrum
2613 4527 3025 4607 lacrymantem.
3076 4537 3142 4590 Et
3185 4537 3262 4590 ait
3291 4537 3366 4591 illi
3394 4536 3572 4592 Jesus:
3605 4549 3620 4581 ι
3651 4525 3751 4580 Vide

2226 4627 2428 4683 nemini
2470 4626 2692 4690 dixeris,
2747 4628 2840 4682 sed
2894 4628 3031 4682 vade
3083 4627 3308 4682 ostende
3353 4635 3404 4682 te
3454 4617 3744 4680 sacerdotia

2233 4714 2325 4774 llis
2351 4717 2532 4774 verbis
2579 4726 2831 4773 monetur
2856 4726 3108 4786 peccator
3127 4715 3239 4784 jam
3265 4730 3549 4772 conversus
3572 4721 3621 4764 ut
3659 4721 3747 4776 Iny-

2228 4809 2392 4865 stet-ia
2437 4822 2546 4863 suae
2589 4808 2802 4872 salutis,
2829 4816 2886 4860 et
2937 4806 3188 4876 quzelibet
3233 4812 3562 4862 sacramenta
3607 4797 3749 4854 divina

2228 4913 2334 4953 non
2363 4898 2562 4966 passim
2603 4897 3011 4967 quibuscunque
3058 4898 3380 4952 committat.
3414 4896 3514 4950 Per
3555 4895 3644 4948 hoc
3668 4889 3747 4941 ita-

2227 5002 2330 5056 que
2361 4988 2502 5056 quod
2535 4995 2643 5041 tam
2669 5001 2825 5041 sacra
2872 4985 2956 5039 lex
2987 4994 3070 5039 est
3098 4996 3156 5039 ut
3193 4996 3250 5040 et
3280 4985 3530 5040 Dominus
3555 4983 3750 5050 leprosos

2227 5079 2295 5132 ad
2324 5077 2635 5132 sacerdotes
2657 5076 2934 5138 direxerit,
2969 5075 3282 5146 designatur
3307 5075 3427 5145 quia
3456 5087 3569 5127 cum
3595 5065 3750 5135 aliquis

2230 5170 2295 5225 de
2317 5167 2502 5239 gentili
2524 5181 2733 5230 errore,
2764 5177 2858 5220 aut
2883 5164 3182 5229 Judaismo,
3221 5182 3314 5220 seu
3342 5165 3580 5219 haeretica
3605 5155 3748 5228 pravi-

2233 5268 2343 5315 tate
2365 5258 2474 5312 vnlt
2506 5256 2700 5312 reverti
2733 5257 2800 5310 ad
2830 5256 3138 5311 societatem
3166 5265 3362 5310 sanctae
3393 5253 3643 5313 Ecclesiae,
3669 5258 3748 5298 tum

2231 5350 2391 5404 debet
2414 5347 2612 5415 suscipi
2649 5347 2961 5415 priusquam
3000 5361 3058 5400 se
3085 5345 3277 5400 oﬁ‘erat
3301 5328 3576 5406 sacerdoti,
3600 5343 3748 5408 quate-

2229 5454 2330 5494 nus
2369 5438 2501 5493 ﬁdcs
2526 5437 2692 5506 ipsius
2715 5435 2919 5504 judicio
2939 5437 3240 5491 sacerdotis
3261 5435 3590 5506 approbatur.
3618 5421 3747 5478 Simi-

2229 5532 2350 5588 liter
2376 5545 2496 5585 cum
2539 5543 2636 5600 pro
2660 5528 2841 5595 aliquo
2878 5535 3100 5596 peccato
3131 5527 3252 5596 quis
3281 5523 3544 5595 repellitur
3582 5517 3639 5572 de
3672 5511 3747 5564 EC'

2227 5621 2411 5685 clesia,
2446 5634 2552 5673 non
2600 5617 2761 5672 aliter
2791 5618 2951 5672 debet
2985 5617 3346 5680 reconciliari,
3372 5614 3470 5669 nisi
3497 5600 3746 5666 sacerdotis

2220 5710 2442 5781 judicio.
2473 5707 2624 5788 Quod
2651 5709 2714 5763 de
2743 5707 3060 5777 capitalibus
3101 5716 3155 5763 et
3182 5705 3538 5763 criminalibns
3556 5691 3745 5768 peccatis
