3920 5824
207 424 322 481 ὓιὸ

1640 413 1993 471 ‘HOMILME.

3369 408 3475 464 9H

212 553 305 599 est
338 541 765 612 intelligendum,
796 555 895 610 pro
936 538 1131 609 quibus
1170 537 1421 593 homines
1472 551 1501 591 a
1551 534 1811 591 societate
1838 538 1886 598 Α
1918 537 2023 593 Sed
2064 535 2219 592 valde
2261 534 2634 591 admirandum
2684 540 2765 589 est
2810 530 3062 602 quoniam
3118 532 3202 586 ille
3233 530 3481 600 dignatus

211 643 423 688 sancta:
450 632 706 687 Ecclesia:
732 631 1103 701 repelluntur;
1136 636 1390 685 caeterum
1418 644 1540 683 nam
1566 622 1826 683 minores
1901 641 1985 693 est
2032 630 2322 685 ascendere
2351 629 2405 683 in
2448 643 2673 700 parvum
2710 626 2966 691 lembum,
3012 625 3102 695 qui
3149 638 3245 679 sua
3285 622 3483 676 virtute

214 723 415 793 ουῖρεὲν
461 723 513 777 id
565 734 653 777 εει
698 723 901 778 minuta
944 732 998 776 ei
1045 721 1184 777 leVia
1230 730 1454 792 peccata
1486 719 1801 789 quotidiana
1902 724 2080 779 omnia
2132 737 2251 792 qua:
2283 722 2584 777 subsistunt
2627 720 2888 783 continet,
2928 720 3069 790 regit
3104 727 3157 773 et
3195 715 3479 788 gubernat.

216 813 453 867 fratrum
504 812 844 868 confessione
884 819 1202 883 purgantur,
1246 810 1401 879 juxta
1441 810 1570 865 illud
1618 808 1804 865 Jacobi

219 902 454 972 apostoli
489 917 503 955 :
540 920 561 953 t
587 902 926 961 Conﬁtemini
978 903 1302 957 alterutrum
1358 910 1579 973 peccata
1609 910 1804 966 vestra,

223 1006 462 1051 et'orate
508 1012 605 1065 pro
636 997 868 1053 invicem
900 1004 957 1051 ut
1003 996 1308 1053 salvemini.
1340 1016 1359 1051 ι
1393 996 1659 1051 Sacerdos
1708 997 1809 1050 istc

225 1084 491 1140 Dominus
516 1085 674 1142 Iesus
703 1086 971 1149 Christus,
1024 1087 1162 1143 sicut
1190 1102 1353 1156 supra
1399 1087 1655 1150 diximus,
1687 1097 1805 1152 est;

223 1176 490 1245 templum
520 1177 665 1232 enim
709 1187 793 1232 est
818 1178 1002 1243 homo,
1057 1179 1107 1233 id
1156 1186 1239 1233 est
1283 1179 1484 1244 anima,
1512 1179 1655 1234 unde
1684 1177 1813 1232 dicit

224 1267 562 1335 Apostolus:
633 1270 958 1341 «Templum
1011 1271 1157 1325 enim
1199 1281 1448 1327 sanctum
1501 1279 1602 1335 est,
1669 1269 1813 1341 quod

222 1356 364 1410 estis
404 1372 518 1412 vos.
556 1377 575 1410 ι
631 1357 737 1413 Sed
790 1359 880 1413 ubi
930 1359 1087 1414 debet
1124 1370 1377 1429 peccator
1421 1376 1662 1430 quaerere
1714 1361 1815 1414 hoc

225 1447 581 1511 sacriﬁcium,
613 1449 755 1518 quod
778 1449 971 1504 oil'erat
997 1452 1311 1507 sacerdoti?
1336 1452 1668 1507 lntrinsecns
1690 1452 1814 1522 qui-

227 1537 363 1592 dem
402 1536 557 1605 juxta
608 1539 739 1593 illud
792 1539 1124 1597 Psalmistze:
1183 1561 1201 1593 ε
1231 1542 1288 1596 In
1328 1558 1414 1597 me
1469 1550 1614 1607 sunt,
1655 1542 1817 1607 Deus,

227 1639 360 1682 vota
400 1638 489 1683 tua
518 1644 641 1699 quas
669 1629 913 1696 reddam,
965 1631 1300 1687 laudationes
1343 1632 1460 1687 tibi.
1490 1652 1510 1685 ι
1552 1632 1618 1686 Et
1651 1624 1816 1686 item:

233 1738 258 1774 ς
294 1720 633 1776 Sacriﬁcium
668 1721 779 1778 Deo
806 1723 1026 1791 spiritus
1054 1724 1486 1790 contribulatus;
1523 1743 1540 1774 ι
1576 1732 1630 1778 et
1648 1723 1774 1777 alibi
1805 1740 1817 1776 :

235 1830 261 1863 ι
294 1810 621 1867 Holoc’austa
650 1812 939 1868 medullata
962 1813 1185 1870 oﬂ'eram
1210 1815 1329 1870 tibi.
1354 1833 1371 1865 ι
1404 1815 1472 1869 Et
1490 1814 1780 1884 Apostolus
1807 1831 1819 1866 :

1905 816 1998 871 ille
2032 814 2274 870 ascendit
2315 813 2493 868 navim
2547 811 2673 882 quia
2724 811 2905 868 omnia
2940 826 3004 865 ex
3054 808 3222 863 nihilo
3249 806 3485 871 creavit;

1906 907 1995 963 ille
2035 915 2212 961 autem
2243 906 2498 960 dormivit
2538 904 2593 959 in
2634 903 2782 968 navi,
2829 903 2895 957 de
2940 916 3046 972 quo
3072 900 3334 972 scriptum
3365 904 3488 952 est:

1914 1000 2066 1067 «Qui
2112 1015 2219 1054 non
2292 998 2583 1063 dormitat,
2637 1011 2813 1068 neque
2886 994 3117 1050 dormiet
3180 991 3493 1048 custodiens

1906 1093 2090 1149 lsrael.
2122 1112 2139 1145 ι
2178 1093 2271 1147 llis
2314 1107 2508 1162 nempe
2546 1090 2728 1145 verbis
2779 1096 2965 1159 aperte
2994 1085 3323 1148 ostenditur,
3365 1083 3494 1153 quia

1908 1190 2172 1239 creatum
2198 1181 2437 1237 sentiunt
2467 1179 2751 1249 imperium
2789 1177 2873 1232 sui
2908 1176 3216 1240 Creatoris;
3250 1182 3492 1228 attamen

1914 1274 1967 1328 in
2010 1287 2076 1328 eo
2113 1272 2254 1342 quod
2301 1272 2566 1327 elementa
2599 1270 2837 1327 sentiunt
2890 1269 3174 1339 imperium
3217 1265 3299 1321 sui
3334 1266 3499 1321 Crea—

1916 1364 2068 1429 toris,
2097 1380 2200 1418 non
2240 1371 2325 1418 est
2359 1362 2763 1433 intelligendum
2788 1360 2942 1429 juxta
2974 1360 3283 1430 opinionem
3320 1359 3500 1413 haere-

1918 1456 2170 1520 ticorum,
2216 1454 2308 1523 qui
2357 1453 2613 1508 dixerunt
2656 1452 2839 1508 omnia
2880 1466 3001 1508 esse
3050 1450 3371 1511 animantia,
3404 1448 3501 1501 sed

1919 1544 2193 1599 sciendum
2222 1544 2365 1613 quod
2396 1557 2457 1597 ea
2489 1557 2610 1613 quae
2651 1542 2808 1598 nobis
2843 1551 2970 1596 sunt
3005 1537 3361 1602 insensibilia,
3394 1536 3505 1589 Deo

1918 1634 2160 1690 omnium
2207 1647 2387 1688 rerum
2431 1632 2700 1688 conditori
2750 1640 2877 1687 sunt
2919 1629 3213 1687 sensibilia.
3272 1628 3340 1683 Et
3381 1626 3507 1697 quia

1922 1726 2162 1779 futurum
2189 1732 2307 1779 erat
2335 1724 2477 1793 quod
2506 1723 2767 1777 Dominus
2811 1720 3260 1777 Jesus‘Christus
3302 1717 3507 1773 dormi-

1925 1827 2037 1884 ret,
2097 1825 2150 1872 et
2209 1815 2454 1885 discipuli
2510 1814 2627 1884 ejus
2689 1814 2835 1870 ilium
2910 1815 3256 1879 suscitarent,
3309 1812 3510 1867 idcirco

234 1921 257 1953 ε
297 1900 538 1957 Obsecro
568 1916 666 1956 vos
698 1916 799 1971 per
826 1903 1258 1958 misericordiam
1290 1904 1384 1958 Dei
1432 1911 1490 1956 ut
1517 1902 1822 1958 exhibeatis
1851 1899 1894 1957 B
1927 1910 2093 1964 David
2140 1909 2294 1979 longe
2334 1915 2460 1964 ante
2495 1907 2869 1977 prophetando
2906 1905 3157 1976 praedixit
3194 1904 3247 1958 in
3280 1917 3511 1975 persona

230 2007 468 2062 corpora
524 1998 702 2048 vestra
748 1993 980 2048 hostiam
1035 1994 1326 2058 viventem,
1392 2002 1660 2057 sanetam,
1712 1991 1822 2046 Deo

231 2083 569 2153 placentem,
599 2083 922 2139 rationabile
959 2084 1278 2153 obsequium
1316 2092 1577 2139 vestrum.
1607 2101 1625 2134 ι
1656 2082 1823 2137 Debet

232 2173 440 2243 quippe
481 2184 735 2244 peccator
786 2172 916 2229 illud
975 2173 1151 2244 legale
1195 2174 1525 2229 sacrificium
1581 2172 1821 2242 quotidie

234 2263 437 2321 oﬂ‘erre
488 2266 779 2329 sacerdoti,
828 2265 883 2320 id
927 2276 1011 2321 est
1060 2266 1197 2321 duos
1242 2281 1511 2336 passeres.
1558 2265 1662 2320 Per
1691 2265 1827 2319 duos

234 2371 493 2425 passeres
520 2357 759 2411 nonnulli
796 2356 1099 2428 intelligunt
1128 2357 1265 2413 duas
1284 2356 1621 2413 substantias
1644 2355 1823 2411 homi-

234 2447 351 2513 nis,
383 2447 485 2502 hoc
522 2456 608 2503 est
635 2463 830 2517 corpus
869 2458 925 2502 et
963 2448 1219 2512 animam,
1251 2449 1352 2503 hos
1382 2462 1616 2518 namque
1646 2457 1824 2503 utros-

236 2554 350 2608 que
386 2553 631 2609 passeres
670 2539 826 2594 debet
868 2538 1114 2610 leprosns
1142 2538 1336 2594 oll‘erre
1370 2538 1663 2603 sacerdoti,
1696 2538 1825 2607 quia
1852 2570 1855 2571 ν

237 2637 501 2701 peccator
531 2638 700 2684 totum
726 2643 784 2685 se
814 2628 972 2685 debet
991 2629 1161 2684 libare
1190 2629 1319 2703 Deo.
1349 2628 1501 2684 Tunc
1520 2629 1665 2683 enim
1690 2643 1830 2684 unus

239 2735 437 2791 passer
502 2719 850 2785 immolatur,
912 2720 1126 2790 quando
1186 2734 1383 2790 corpus
1442 2719 1727 2791 allligitur,
1776 2725 1832 2774 et

239 2814 378 2868 vitia
418 2814 598 2869 carnis
645 2813 1061 2879 mortiﬁcamur,
1095 2828 1221 2868 nam
1247 2820 1451 2882 quanto
1495 2812 1666 2883 magis
1691 2828 1832 2868 unus

242 2904 796 2975 passerimmolatur,
830 2913 980 2960 tanto
1011 2904 1181 2975 magis
1209 2903 1346 2958 alter
1369 2902 1507 2958 liber
1534 2902 1830 2959 dimittitur

244 2996 319 3049 ad
382 2995 669 3050 velandum
723 2995 775 3049 in
829 3010 1042 3065 agrum,
1086 2995 1215 3065 quia
1263 3009 1371 3064 quo
1420 2993 1594 3064 magis
1632 3009 1831 3063 corpus

246 3084 526 3157 allligitur,
566 3092 622 3155 et
662 3086 791 3141 vitia
851 3086 1033 3141 carnis
1086 3085 1502 3149 mortiﬁcamur,
1552 3098 1618 3140 eo
1661 3085 1831 3154 magis

245 3178 433 3233 anima
475 3177 718 3233 redditur
758 3175 925 3232 libera
949 3177 1015 3233 ad
1041 3176 1451 3247 contemplanda
1472 3175 1734 3231 coelestia.
1767 3176 1833 3230 Et

1922 2000 2289 2071 apostolorum
2342 1998 2573 2053 dicens:
2629 2016 2647 2048 ι
2676 1996 2947 2066 Exsurge.
2988 2009 3155 2065 quare
3212 1991 3511 2054 obdortnis,

1924 2090 2184 2146 Domine?
2216 2107 2233 2139 ι
2281 2087 2347 2142 Et
2399 2075 2543 2155 quod
2597 2086 2685 2142 ille
2743 2086 3094 2140 nihilominus
3150 2084 3514 2154 imperaturus

1923 2190 2068 2239 esset
2094 2181 2255 2246 mari,
2289 2181 2345 2236 id
2388 2188 2473 2235 est
2503 2198 2523 2231 ‹
2549 2181 2779 2235 turbata:
2821 2187 2948 2234 sunt
2990 2176 3194 2248 abyssi,
3216 2172 3515 2231 multitudo

1924 2278 2135 2334 sonitus
2163 2291 2449 2348 aquarum,
2472 2289 2659 2330 vocem
2682 2274 2943 2330 dederunt
2961 2273 3131 2327 nubes
3161 2267 3465 2329 Altissimo,
3491 2284 3509 2316 ι

1927 2370 2099 2424 nubes
2138 2366 2409 2437 siquidem
2462 2364 2518 2421 in
2569 2365 2673 2421 hoc
2712 2364 2832 2419 loco
2877 2361 3050 2418 sancti
3102 2358 3328 2430 apostoli
3389 2363 3519 2411 sunt

1928 2459 2287 2531 intelligendi;
2340 2466 2468 2513 tunc
2512 2457 2694 2525 itaque
2750 2454 3014 2509 dederunt
3084 2451 3259 2506 nubes
3327 2459 3516 2502 vocem

1927 2548 2244 2613 Altissimo,
2304 2544 2519 2615 quando
2585 2543 2755 2599 sancti
2822 2539 3049 2612 apostoli
3130 2537 3308 2592 valida
3385 2548 3521 2589 voce

1929 2641 2301 2697 clamaverunt
2339 2639 2613 2692 dicentes:
2673 2652 2692 2685 ι
2719 2634 2962 2697 Domine,
3010 2630 3155 2686 salva
3195 2644 3314 2694 nos,
3370 2626 3524 2697 peri-

1930 2746 2071 2787 mus.
2103 2749 2121 2782 »
2151 2728 2220 2784 Ει
2241 2737 2369 2784 tunc
2399 2727 2638 2781 futurum
2664 2731 2783 2779 erat
2811 2720 2954 2793 quod
2984 2721 3282 2789 imperaret
3309 2714 3519 2777 ventis;

1932 2824 2073 2880 idem
2111 2822 2254 2879 enim
2304 2819 2567 2891 propheta
2614 2816 2781 2871 David
2825 2822 2986 2869 antea
3025 2809 3519 2868 ostendit~dicensz

1936 2935 1955 2967 ι
1986 2913 2131 2968 Dixit
2177 2922 2233 2967 et
2288 2911 2438 2967 stetit
2479 2908 2701 2978 spiritus
2753 2903 3067 2976 procellae.)
3116 2900 3183 2956 Et
3230 2898 3373 2969 quod
3412 2896 3527 2966 ipse

1931 3004 2192 3061 Dominus
2219 3000 2375 3058 Iesus
2409 3000 2658 3057 Christus
2699 3005 2902 3052 tantam
2962 2992 3415 3064 tranquillitatem.
3441 2987 3517 3041 fa-

1931 3106 2115 3152 cturus
2129 3103 2292 3160 esset,
2310 3101 2367 3147 ut
2382 3090 3039 3148 hominesadmirarentur
3054 3086 3324 3140 dicentes:
3347 3099 3365 3131 ι
3389 3078 3529 3147 Qua-

1934 3188 2003 3243 lis
2023 3187 2111 3242 hic
2136 3195 2239 3252 est,
2263 3185 2387 3255 quia
2410 3183 2553 3238 venti
2581 3190 2795 3237 etmare
2816 3177 3174 3234 obediuntei?
3198 3195 3216 3228 ι
3239 3174 3369 3228 Item
3392 3172 3527 3227 Pro—

245 3270 356 3325 hoc
382 3268 551 3338 ipsum
598 3283 719 3323 cum
745 3268 891 3338 ligno
920 3268 1163 3333 cedrino,
1185 3267 1313 3337 quia
1342 3274 1596 3337 peccator
1620 3266 1686 3321 ad
1715 3267 1833 3321 imi-

1940 3280 2107 3349 pheta
2156 3249 2394 3345 loquitur
2430 3273 2660 3329 dicens:
2697 3290 2715 3323 ι
2739 3270 2839 3337 Qui
2892 3267 3227 3324 descendunt
3274 3278 3426 3318 mare
3469 3263 3526 3317 in

246 3358 514 3412 tationem
546 3355 838 3413 Dominicte
880 3356 1151 3426 passionis
1178 3368 1241 3411 se
1278 3354 1389 3411 Deo
1416 3352 1612 3409 oil‘erre
1638 3353 1836 3419 debet;

247 3457 309 3503 et
339 3464 463 3505 cum
506 3447 765 3505 fasciculo
795 3449 1010 3520 hyssopi
1030 3449 1343 3519 ;.hyssopus
1389 3448 1534 3503 enim
1563 3455 1647 3503 est
1676 3445 1842 3501 herba

249 3540 502 3608 humilis,
527 3555 786 3613 purgans,
816 3551 1028 3611 pectus,
1063 3540 1219 3609 cujus
1245 3540 1399 3595 radix
1430 3539 1633 3595 scindit
1667 3553 1796 3593 saxa
1815 3555 1841 3607 -;

247 3632 401 3691 unde
429 3632 566 3687 bene
590 3647 689 3702 per
717 3633 1007 3703 hyssopum
1028 3633 1203 3687 virtus
1245 3630 1567 3697 humilitatis
1595 3630 1844 3702 designa-

249 3733 369 3782 tur,
399 3736 518 3791 qua:
549 3737 771 3777 saxeum
815 3731 1004 3793 pectus
1045 3722 1246 3778 scindit
1279 3731 1335 3777 et
1375 3729 1589 3791 purgat.
1617 3720 1722 3776 Per
1752 3734 1846 3775 vas

251 3814 425 3869 ﬁctile
452 3822 631 3883 potest
657 3814 879 3885 intelligi
925 3829 1142 3884 corpus,
1180 3814 1305 3883 quia
1335 3820 1588 3883 peccator
1630 3813 1683 3865 in
1718 3812 1832 3881 ipso

247 3917 488 3972 corpore
530 3918 692 3975 agere
721 3904 879 3959 debet
913 3904 965 3958 in
993 3919 1102 3974 quo
1124 3913 1325 3958 manet.
1370 3903 1475 3958 Per
1497 3916 1666 3971 aquas
1690 3902 1844 3957 vivas

250 3993 620 4063 designantur
656 3993 982 4065 Seripturae,
1024 4002 1079 4050 et
1105 4002 1318 4064 oportet
1364 4002 1426 4047 nt
1462 4000 1713 4062 peccator
1733 3993 1849 4047 haec

249 4084 441 4142 omnia
464 4086 532 4140 ad
555 4085 859 4160 exemplum
890 4099 1165 4146 sacrarum
1189 4083 1592 4154 Scripturarum
1630 4089 1773 4150 agat.

859 4220 1138 4278 HOMILIA
1176 4219 1268 4274 ιχ.

257 4324 321 4378 IN
363 4337 520 4377 ILLUD
561 4320 874 4376 Murrum:
920 4321 1240 4374 Ascendeme
1278 4319 1405 4373 Jesu
1458 4319 1515 4372 in
1554 4317 1850 4374 naviculam

336 4394 504 4460 secuti
547 4402 668 4446 sunt
713 4409 829 4445 eum
880 4390 1124 4461 discipuli
1166 4390 1301 4460 ejus,
1327 4399 1375 4443 et
1406 4397 1577 4442 motus
1630 4404 1850 4458 magnus

336 4463 511 4531 [actus
547 4471 622 4518 est
653 4462 708 4515 in
736 4462 894 4516 mari.

334 4574 392 4629 In
436 4576 539 4630 hac
586 4590 799 4646 quoque
826 4573 1162 4645 navigatione
1189 4572 1308 4627 dure
1345 4571 1658 4627 substantiae
1690 4570 1848 4626 unius

256 4667 617 4738 ejusdemque
638 4682 881 4738 personae
913 4665 1123 4721 Domini
1151 4664 1323 4720 nostri
1362 4662 1486 4719 Jesu
1518 4660 1719 4719 Christi
1750 4663 1845 4717 de-

258 4766 661 4823 monstrantur,
693 4756 989 4812 divinitatis
1029 4755 1235 4810 scilicet
1287 4762 1342 4807 et
1384 4751 1756 4807 humanitatis.
1790 4749 1846 4805 In

253 4863 330 4903 eo
374 4856 556 4903 autem
608 4847 747 4916 quod
784 4845 1037 4902 dormivit
1062 4844 1368 4899 ostenditur
1399 4840 1701 4899 substantia
1751 4842 1854 4895 hu-

259 4939 562 4995 manitatis.
622 4938 679 4991 ln
732 4938 836 4992 hoc
894 4950 1022 4990 vero
1072 4936 1216 5005 quod
1281 4948 1508 5004 surgens
1565 4930 1854 5002 imperavit

257 5032 441 5086 ventis
468 5038 523 5086 et
558 5029 717 5093 mari,
747 5037 803 5082 et
828 5026 1063 5081 reddidit
1096 5024 1566 5095 tranquillitatem,
1597 5023 1852 5077 substan-

262 5123 343 5177 tia
386 5120 684 5177 divinitatis
735 5118 1161 5172 demonstratur.
1221 5116 1360 5169 Sunt
1413 5126 1647 5185 namque
1692 5124 1853 5181 opera

263 5228 387 5282 qua:
427 5220 637 5268 tantum
664 5209 733 5263 ad
768 5207 1128 5263 substantiam
1172 5206 1529 5263 humanitatis
1558 5204 1854 5276 pertinent,

266 5311 332 5357 et
354 5304 482 5357 item
537 5307 667 5355 sunt
694 5295 797 5351 alia
846 5310 965 5363 quae
1006 5293 1345 5349 solummodo
1389 5297 1456 5351 ad
1493 5292 1853 5353 substantiam

267 5398 567 5452 divinitatis
596 5391 928 5447 referuntur.
968 5388 1099 5444 Nam
1146 5389 1401 5445 dormitio
1425 5399 1636 5447 tantum
1666 5389 1856 5442 Imma-

267 5489 418 5543 nitati
453 5483 729 5554 congruit,
760 5490 815 5535 et
862 5494 966 5534 non
998 5479 1296 5545 divinitati;
1327 5496 1551 5552 surgere
1592 5486 1773 5532 autem
1802 5485 1860 5530 et

266 5579 439 5633 ventis
471 5578 766 5645 imperare,
800 5580 853 5625 et
884 5584 1032 5623 mare
1068 5569 1375 5637 paciﬂeare,
1406 5572 1576 5628 solius
1603 5566 1857 5622 divinita-

267 5674 335 5727 tis
373 5680 487 5727 est:
517 5670 570 5723 in
602 5668 708 5722 hoc
732 5663 928 5732 quippe
954 5660 1070 5715 loco
1098 5660 1449 5717 destruuntur
1482 5672 1702 5721 errores
1742 5654 1858 5710 illo-

266 5779 383 5817 rum
434 5761 525 5824 qui
573 5759 833 5813 dixerunt
880 5767 1041 5806 unam
1095 5766 1215 5807 esse
1253 5752 1463 5809 Domini
1515 5747 1689 5809 nostri
1729 5746 1855 5801 Jesu

1943 3368 2193 3433 navibus,
2220 3366 2477 3433 facientes
2505 3362 2851 3435 operationes
2890 3360 2943 3414 in
2978 3358 3131 3428 aquis
3178 3354 3393 3419 multis;
3427 3351 3530 3421 ipsi

1941 3462 2195 3517 viderunt
2224 3473 2388 3529 opera
2419 3454 2653 3521 Domini,
2694 3461 2750 3510 et
2776 3451 3043 3507 mirabilia
3073 3447 3190 3519 ejus
3221 3448 3273 3502 in
3302 3444 3529 3516 profun-

1944 3555 2034 3611 do.
2069 3574 2086 3606 ι
2120 3552 2380 3623 Sequitur
2407 3548 2639 3605 deinde:
2683 3566 2703 3599 ι
2734 3546 2904 3600 Porro
2919 3541 3166 3597 homines
3188 3538 3371 3595 mirati
3402 3545 3532 3592 sunt

1944 3645 2210 3707 dicentes,
2237 3640 2413 3711 qualis
2443 3647 2527 3695 est
2546 3638 2653 3701 hic,
2688 3636 2813 3707 quia
2845 3632 2989 3689 venti
3018 3641 3073 3687 et
3100 3644 3246 3686 mare
3275 3628 3537 3685 ohediunt

1946 3734 2080 3789 ei?:
2122 3732 2378 3788 Homines
2424 3729 2516 3800 qui
2563 3727 2746 3783 mirati
2796 3734 2943 3789 sunt,
2977 3724 3117 3779 sicut
3147 3721 3328 3792 placet
3374 3718 3534 3773 beato

1948 3825 2292 3895 Hieronymo,
2323 3837 2429 3878 non
2454 3829 2578 3877 sunt
2606 3818 2930 3889 intelligendi
2960 3815 3133 3871 sancti
3156 3811 3405 3883 apostoli,
3437 3810 3537 3865 sed

1948 3928 2143 3983 nautae,
2178 3917 2263 3971 vel
2314 3914 2495 3972 caeteri
2532 3914 2626 3984 qui
2673 3928 2796 3967 cum
2839 3911 2953 3980 ipso
2978 3917 3135 3965 erant
3188 3908 3242 3963 in
3285 3908 3431 3961 navi.
3473 3904 3541 3959 Et

1946 4007 2085 4063 bene
2109 4005 2359 4061 admirati
2406 4002 2571 4059 fuisse
2619 4002 2874 4057 dicuntur
2904 3999 3030 4069 quia
3072 3998 3322 4053 homines
3354 4000 3533 4055 erant,

1950 4097 2002 4153 id
2054 4104 2138 4151 est
2183 4092 2449 4149 carnales.
2481 4090 2587 4147 Sed
2638 4090 2682 4145 si
2742 4089 2864 4159 quis
2920 4086 3255 4142 eontentiose
3308 4079 3539 4137 voluerit

1950 4186 2132 4241 dicere
2170 4185 2297 4254 quia
2341 4191 2562 4238 sanctus
2602 4179 2930 4249 evangelista
2984 4176 3231 4231 homines
3266 4171 3539 4243 apostolos

1950 4278 2204 4350 appellat,
2259 4275 2690 4344 respondendum
2743 4280 2827 4328 est
2856 4268 3111 4338 quoniam
3150 4274 3206 4321 et
3243 4264 3350 4334 ipsi
3397 4262 3536 4318 bene

1950 4371 2197 4425 homines
2244 4367 2372 4422 dicti
2426 4373 2569 4433 sunt,
2618 4363 2746 4433 quia
2788 4360 3025 4416 nondum
3067 4357 3340 4412 habebant
3390 4354 3537 4408 illam

1950 4461 2242 4531 perfectam
2301 4458 2483 4521 ﬁdem,
2538 4470 2658 4525 quae
2717 4468 2885 4523 grano
2939 4449 3141 4519 sinapis
3186 4445 3538 4510 assimilatur,

1954 4552 2095 4604 unde
2125 4548 2263 4604 alius
2286 4546 2612 4617 evangelista
2640 4544 2811 4598 dicit:
2847 4561 2864 4593 ί
2887 4536 3399 4615 nondumperl‘ectae
3423 4543 3545 4590 erat

1955 4642 2109 4703 ﬁdei;
2143 4661 2160 4693 ι
2194 4641 2238 4695 si
2277 4640 2419 4693 enim
2448 4637 2741 4710 perfectam
2773 4635 2928 4690 ﬁdem
2968 4632 3308 4694 habuissent,
3331 4627 3544 4683 intelli-

1957 4742 2145 4806 gerent
2175 4732 2299 4802 quia
2342 4731 2519 4787 nullus
2555 4738 2820 4799 prazsente
2868 4726 3094 4783 Domino
3122 4722 3302 4792 perire
3338 4719 3551 4790 potuis-

1958 4834 2059 4882 set.
2094 4822 2397 4894 Allegorice
2430 4838 2528 4891 per
2566 4834 2667 4875 noc
2713 4834 2862 4874 mare
2900 4817 3045 4890 quod
3100 4813 3359 4870 Dominus
3409 4825 3538 4864 cum

1962 4914 2238 4983 discipulis
2272 4912 2386 4969 suis
2427 4911 2671 4967 transire
2703 4910 2977 4981 cupiebat,
3006 4915 3173 4963 recte.
3198 4900 3362 4969 hujus
3389 4914 3551 4954 mun-

1963 5011 2017 5067 di
2046 5020 2263 5063 amarus
2290 5015 2345 5059 et
2370 5007 2689 5060 tenebrosus
2713 5011 2880 5058 aestus
2920 5002 3263 5071 designatur;
3296 4998 3353 5044 ει
3404 4990 3554 5059 (ιιιοὰ

1963 5115 2112 5158 mare
2149 5110 2393 5167 praesens
2428 5095 2683 5153 smculum
2726 5095 2998 5167 designet,
3042 5082 3327 5144 Bsalmista
3380 5079 3555 5133 mani-

1966 5191 2128 5247 festat
2159 5186 2383 5241 dicens:
2438 5185 2593 5242 «Hoc
2635 5197 2786 5241 mare
2830 5193 3089 5257 magnum
3130 5178 3187 5227 et
3227 5168 3553 5238 spatiosum,

1965 5284 2037 5340 ibi
2065 5279 2272 5352 reptilia
2303 5295 2535 5349 quorum
2582 5281 3093 5333 nonestnumerus
3120 5282 3139 5329 ι
3164 5258 3423 5352 William
3461 5275 3560 5329 Ριι·

1966 5375 2081 5433 silla
2126 5348 2251 5429 cum
2309 5348 2626 5440 majoribus.
2664 5364 2799 5423 LEi.
2850 5366 3089 5435 qualiter
3146 5348 3410 5411 Dominus
3456 5349 3570 5405 hoc.

1966 5480 2118 5525 mare
2171 5462 2453 5527 transierit
2501 5454 2815 5515 manifestat
2876 5446 3210 5523 evangelista
3267 5454 3393 5493 cum
3444 5440 3558 5494 ait:

1972 5579 1990 5611 ι
2020 5551 2360 5617 Ascendente
2389 5552 2540 5606 eo.in
2561 5542 2870 5601 naviculam
2899 5540 3069 5605 secuti
3098 5538 3227 5591 sunt
3246 5543 3372 5584 eum
3401 5528 3568 5584 disci-

1968 5650 2075 5723 puli
2104 5644 2237 5715 ejus.
2268 5661 2293 5693 ι
2323 5640 2578 5696 Navicula
2602 5638 2718 5691 haec
2740 5635 2892 5691 nulla
2920 5635 3117 5695 melius
3141 5620 3365 5723 intelligi

1968 5711 2131 5814 quam
2162 5734 2325 5789 arbor
2368 5728 2750 5797 sacratissime
2789 5728 3088 5796 passionis,
3138 5715 3290 5785 cujus
3333 5711 3570 5818 adminiv
