4038 6452
488 467 597 533 ΜΒ

1066 468 1326 527 REMIGH
1361 469 2019 528 ANTISSIODORENSIS
2055 471 2206 529 ΟΡΡ.
2246 473 2447 532 PARS.
2488 475 2547 532 ll;
2590 508 2660 519 -—
2698 477 3200 538 MISCELLANEA.

3654 482 3763 543 9ιό

486 593 638 640 mare
668 580 1008 636 tenebrosum
1040 589 1095 638 et
1123 578 1371 641 a'marum
1405 583 1617 640 calcant
1649 592 1705 642 et
1739 582 2065 656 deSpiciunt,
2092 589 2148 650 Α
2170 586 2429 656 (ιιεοτιιιη,
2468 598 2526 647 et
2577 588 2785 650 rabiem
2838 590 3108 651 destruxit
3159 590 3653 669 blasphemantium
3702 610 3762 655 et

484 684 543 735 et
583 674 737 746 quasi
763 674 831 729 ad
883 674 1211 731 soliditatem
1259 675 1438 731 securi
1486 675 1709 741 littoris,
1756 675 1811 731 id
1863 685 1950 733 est
2000 675 2068 735 ad
2166 681 2541 751 quassantium
2590 692 2755 755 caput
2798 699 2866 742 ac
2912 685 3254 743 dicentium:
3297 705 3316 740 ι
3346 687 3402 744 Si
3434 687 3609 743 Filios
3663 689 3763 745 Dei

485 767 729 838 requiem
754 765 969 823 beatam
1020 767 1267 824 tendunt.
1310 766 1462 827 Tunc
1508 768 1767 825 Dominus
1803 768 1857 824 in
1886 769 2068 825 navim

2168 777 2272 838 est,
2297 771 2588 829 descendat
2613 790 2757 833 nunc
2785 775 2853 832 de
2879 790 3061 844 cruce,
3089 786 3144 834 et
3169 777 3454 835 credemus
3481 779 3567 846 ei;
3599 793 3766 835 una-

485 859 734 921 ascendit
778 860 1110 929 dormiturus
1135 876 1258 917 cum
1287 861 1346 927 in
1367 877 1531 921 cruce
1573 861 1816 921 elevatus
1838 872 1927 928 est
1952 877 2071 920 mo-
2162 859 2254 931 jus
2281 861 2427 917 enim
2463 861 2566 918 fuit
2604 865 2674 923 de
2719 865 2971 938 sepulcro
3002 880 3248 942 surgere,
3283 884 3447 941 quam
3487 869 3556 925 de
3595 883 3771 924 cruce

485 949 693 1015 riturus
721 965 736 1017 ;
770 958 825 1005 et
850 958 979 1009 tunc
1004 949 1058 1005 in
1093 950 1216 1005 navi
1244 951 1519 1019 dormivit,
1545 967 1668 1009 cum
1699 954 1753 1010 in
1778 968 1941 1011 cruce
1968 969 2066 1026 po-

485 1039 622 1107 situs
655 1039 913 1096 inclinato
956 1041 1135 1112 capite
1162 1041 1411 1112 spiritum
1459 1044 1661 1105 emisit.
1703 1044 1857 1113 Quod
1886 1054 2067 1101 autem

483 1130 768 1202 sequitur:
805 1150 824 1184 ι
858 1132 1030 1188 secuti
1053 1143 1180 1189 sunt
1200 1149 1322 1195 eum
1347 1133 1596 1207 discipuli
1626 1134 1760 1205 ejus,
1794 1156 1825 1193 ι
1843 1137 2070 1209 mystice

483 1222 800 1294 designatur
827 1225 952 1294 quia
983 1226 1158 1282 sancti
1207 1227 1435 1299 apostoli
1464 1228 1635 1285 secuti
1674 1237 1802 1284 sunt
1839 1227 2068 1301 vestigia

482 1316 751 1386 passionis
784 1317 937 1388 ejus;
989 1334 1113 1375 nam
1138 1321 1271 1391 quid
1296 1329 1389 1378 .cst
1426 1321 1715 1385 Dominum
1758 1320 1939 1392 sequi,
1964 1320 2069 1377 nisi

480 1409 708 1481 vestigia
742 1412 1009 1482 passionis
1045 1412 1166 1482 ejus
1211 1413 1453 1469 imitari?
1484 1414 1622 1472 Hinc
1662 1422 1747 1470 est
1783 1414 1927 1485 quod
1955 1414 2071 1485 ipse

479 1505 722 1573 exponit,
761 1505 853 1562 ubi
898 1507 1202 1582 praedicans
1258 1509 1516 1580 mysteria
1566 1523 1679 1565 suae
1715 1507 1988 1565 Passionis
2014 1514 2072 1563 et

480 1594 948 1664 ltesurrcctionjs,
998 1602 1324 1658 coarctando
1369 1597 1650 1673 subiunxit
1689 1598 1906 1655 dicens:
1950 1617 1973 1652 ι
2008 1597 2067 1654 Si

479 1684 605 1753 quis
632 1686 746 1741 vult
777 1696 898 1755 post
947 1704 1036 1749 me
1084 1690 1299 1757 venire,
1353 1690 1585 1762 abneget.
1630 1691 1982 1762 semetipsum
2012 1698 2071 1746 et

481 1775 634 1832 tollat
671 1793 892 1835 crucem
929 1795 1106 1847 suam,
1151 1790 1208 1837 et
1237 1791 1499 1850 sequatur
1530 1797 1636 1838 me.
1673 1801 1695 1836 ι
1729 1782 1879 1838 Multi
1920 1782 2069 1839 enim

477 1866 734 1924 videntur
758 1869 945 1926 tollere
966 1885 1185 1927 crucem
1217 1886 1394 1937 suam,
1426 1871 1523 1928 sed
1550 1887 1657 1928 non
1684 1872 1792 1928 illis
1822 1873 2066 1946 prodest,

2168 944 2515 1007 descendere.
2561 949 2719 1026 Quod
2765 961 2947 1015 autem
2991 955 3235 1027 sequitur
3271 972 3287 1010 :
3325 973 3343 1006 ι
3392 953 3533 1022 Quid
3582 954 3763 1008 timidi

2169 1038 2304 1095 estis
2325 1040 2551 1098 modica:
2582 1041 2746 1098 ﬁdei?
2781 1062 2800 1097 ι
2836 1044 2968 1101 illud
2998 1045 3266 1119 signiﬁcat
3297 1047 3442 1118 quod
3469 1061 3767 1118 resurgens

2170 1146 2201 1188 a
2226 1134 2457 1192 mortuis
2482 1144 2538 1191 et
2567 1148 2834 1208 apparens
2862 1139 2944 1195 eis
2976 1158 2996 1191 ι
3029 1139 3380 1210 exprobravit
3406 1138 3764 1195 incredulita-

2170 1232 2281 1280 tem
2323 1231 2380 1284 ει
2416 1225 2679 1287 duritiam
2720 1228 2904 1292 cordis
2960 1228 3199 1296 illorum,
3243 1230 3503 1300 quoniam
3550 1230 3621 1286 iis
3670 1229 3771 1300 qui

2171 1315 2419 1375 viderant
2446 1331 2570 1372 eum
2608 1319 2979 1376 resurrexisse
3019 1335 3050 1376 a
3088 1320 3319 1377 mortuis
3360 1334 3467 1377 non
3509 1320 3779 1377 credidea

2170 1417 2316 1463 runt.
2363 1425 2386 1462 ›
2432 1406 2736 1479 Sequitur:
2769 1429 2790 1463 ι
2820 1410 2889 1467 Ει
2938 1410 3079 1469 facta
3124 1420 3212 1469 est
3237 1412 3606 1484 tranquillitas
3649 1424 3779 1468 ma-.

2169 1510 2297 1567 gna.
2337 1515 2358 1549 ι
2392 1496 2782 1569 Tranquillitas
2828 1514 3029 1572 magna
3074 1500 3224 1563 facta
3258 1510 3366 1571 est,
3396 1503 3525 1573 quia
3572 1517 3768 1559 resur-

2169 1597 2329 1661 gente
2375 1589 2629 1658 Domino,
2657 1599 2715 1647 et
2762 1602 3060 1663 apparente
3106 1602 3232 1665 post
3281 1594 3775 1660 resurrectionem,

2169 1693 2237 1735 ac
2283 1677 2500 1739 dicente
2538 1680 2822 1753 discipulis
2873 1682 2990 1739 suis
3019 1700 3035 1739 :
3071 1701 3090 1737 ι
3120 1683 3232 1739 Pax
3267 1684 3446 1750 vobis,
3476 1698 3581 1755 ego
3619 1696 3768 1750 sum,

2170 1770 2587 1841 nolitetimere,
2624 1793 2644 1827 ι
2685 1774 2920 1831 solidata
2953 1783 3040 1831 est
3075 1774 3213 1833 ﬁdes
3236 1776 3293 1831 in
3321 1775 3608 1847 apostolis,
3630 1776 3769 1831 etin

2171 1873 2384 1921 tantum
2413 1865 2643 1922 solidata
2682 1874 2769 1924 est
2811 1866 2947 1925 ﬁdes
2974 1867 3029 1923 in
3060 1868 3165 1937 eis,
3193 1875 3255 1925 ut
3281 1869 3374 1941 qui
3402 1877 3532 1926 ante
3564 1856 3770 1925 clausis

478 1961 605 2030 quia
631 1976 736 2016 non
767 1975 1068 2033 sequuntur
1101 1963 1400 2031 Christum,
1434 1964 1489 2020 id
1515 1964 1839 2037 estvestigia
1868 1964 2074 2036 passio-
2099 1952 2148 2014 B
2169 1956 2356 2028 ianuis
2382 1967 2842 2030 propter-metum
2877 1959 3188 2017 Judmorum
3231 1962 3378 2018 intus
3421 1961 3781 2028 residebanl._

478 2050 566 2114 nis
605 2052 724 2122 ejus
766 2068 872 2109 non
916 2055 1219 2116 imitantur.
1246 2054 1471 2133 Oportet
1514 2070 1646 2128 ergo
1670 2065 1732 2112 ut
1758 2057 2069 2127 quicunque

475 2140 594 2195 vult
659 2143 762 2199 hoc
803 2159 956 2200 mare
1027 2160 1276 2202 amarum
1326 2155 1380 2203 et
1440 2149 1788 2204 tenebrosum
1835 2148 2067 2204 transire

478 2231 635 2294 tollat
660 2248 879 2292 crucem
923 2251 1100 2304 suam,
1143 2248 1200 2292 et
1242 2237 1517 2294 Christum
1566 2246 1849 2308 sequatur,
1888 2238 1940 2294 id
1982 2246 2067 2294 est

474 2326 705 2396 vestigia
752 2329 1024 2398 passionis
1070 2328 1187 2399 ejus
1235 2330 1500 2385 imitetur.
1554 2329 1948 2402 Navigantibtts
1982 2330 2065 2385 di-

474 2419 703 2489 scipulis
774 2421 1107 2479 obdormivit
1172 2420 1375 2490 Iesus,
1449 2424 1576 2494 quia
1662 2426 1870 2481 sanctis
1932 2440 2065 2495 apo-

475 2508 653 2574 stolis,
691 2525 758 2572 ac
802 2512 1030 2583 singulis
1072 2514 1378 2585 quibusque
1427 2515 1694 2581 ﬁdelibus,
1732 2526 1913 2573 mente
1960 2518 2063 2575 hoc

475 2615 717 2677 prmsens
744 2603 1000 2658 saeculum
1029 2604 1373 2662 calcantibus
1400 2622 1466 2663 ac
1492 2608 1936 2678 despicientibus,
1975 2610 2062 2667 vel

476 2692 716 2747 secundo
758 2691 886 2749 ﬁatu
934 2696 1109 2752 sancti
1153 2695 1412 2768 Spiritus,
1439 2697 1525 2754 vel
1570 2700 1798 2770 remigio
1843 2702 2061 2773 proprio

472 2785 726 2845 certatim
762 2801 859 2856 spe
886 2789 955 2842 ad
982 2787 1134 2844 littus
1157 2799 1431 2861 perpetua:
1475 2790 1752 2848 felicitatis
1792 2794 2061 2849 tendenti-

471 2872 597 2940 bus,
637 2890 764 2931 mox
810 2878 1207 2950 appropinquat
1257 2889 1467 2952 tempus
1509 2882 1780 2952 passionis
1822 2882 2056 2939 Domini.

471 2965 629 3024 Unde
677 2967 868 3025 beatus
918 2970 1131 3028 Marcus
1184 2973 1410 3044 pulchre
1454 2989 1684 3045 vespere
1725 2976 1829 3032 hoc
1872 2985 2062 3032 narrat

469 3058 677 3115 factum
731 3061 930 3126 fuisse,
974 3063 1028 3119 id
1075 3071 1164 3123 est
1202 3073 1325 3134 post
1373 3065 1503 3121 solis
1546 3080 1822 3133 occasum,
1854 3075 1915 3122 ut
1951 3082 2057 3124 non

473 3150 648 3207 solum
682 3152 799 3223 ipsa
831 3154 1107 3222 dormitio,
1149 3156 1244 3211 sed
1274 3156 1439 3212 etiam
1471 3156 1606 3212 hora
1635 3158 1935 3231 decidentis
1977 3158 2060 3213 lu-.

474 3243 556 3307 eis
583 3246 891 3305 occubitum
925 3248 1040 3304 veri
1076 3248 1226 3313 solis.
1252 3249 1306 3305 id
1335 3259 1419 3307 est
1447 3260 1676 3307 mortem
1704 3252 1915 3308 Domini
1940 3251 2057 3308 Sal-

473 3339 699 3403 vatoris,
725 3341 1063 3409 ostenderet,
1085 3343 1397 3399 Dormiente
1414 3343 1642 3400 Domino
1660 3344 1713 3398 in
1729 3344 1852 3400 navi
1878 3353 2056 3402 motus

473 3445 704 3502 magnus
726 3430 901 3489 factus
921 3442 1004 3489 est
1033 3434 1089 3489 in
1117 3434 1276 3500 mari,
1302 3435 1428 3505 quia
1453 3435 1698 3505 capiente
1721 3450 1786 3491 eo
1809 3449 2056 3492 somnum

472 3522 667 3578 mortis
692 3537 854 3594 supra
884 3524 1104 3595 puppim
1132 3533 1335 3581 sancta:
1361 3524 1559 3591 crucis,
1587 3524 1842 3588 ﬂantibus
1861 3527 2054 3595 ventis,

471 3611 529 3667 id
572 3620 657 3668 est
694 3602 1075 3683 instigantibus
1124 3614 1416 3672 immundis
1457 3616 1759 3687 spiritibus,
1787 3625 1843 3672 et
1870 3631 2059 3689 sugge-

470 3702 718 3758 rentibus
771 3704 1134 3772 daemonibus,
1189 3715 1476 3776 cmperunt
1531 3707 1813 3776 insurgere
1863 3696 2058 3766 ﬂuctus

471 3794 970 3867 blaspltemanlium,
992 3788 1319 3866 Jodaaorum,
1348 3808 1404 3855 et
1432 3810 1700 3857 comn20ta
1737 3811 1864 3857 sunt
1893 3802 2056 3860 corda

468 3899 660 3941 eorum
698 3888 766 3942 ad
811 3889 1465 3959 persequendossanctos
1503 3892 1794 3962 apostolos.
1827 3893 1924 3948 His
1970 3903 2054 3948 et-

471 3976 618 4032 enim
657 3980 908 4049 procellis
936 3980 1192 4050 patientia
1221 3983 1429 4037 Domini
1476 3999 1583 4040 non
1609 3986 2052 4056 perturbabatur,

469 4067 575 4129 sed
593 4067 938 4126 imbecillitas
967 4071 1332 4141 apostolorum
1359 4075 1790 4142 concutiebatttr,
1819 4076 2056 4146 trepida-

468 4160 582 4225 bat,
615 4169 672 4216 et
713 4161 1143 4232 periclitabatur,
1174 4164 1310 4219 adeo
1351 4179 1588 4237 namque
1618 4174 1796 4222 motus
1825 4182 2054 4239 magnus

466 4251 648 4315 iactus
673 4264 757 4310 est
790 4254 843 4309 in
887 4254 1026 4309 mari
1063 4263 1121 4309 ut
1166 4255 1413 4310 navicula
1440 4256 1748 4326 Operiretur
1777 4255 2050 4326 ﬂuctibus,

466 4345 595 4416 quia
623 4345 760 4401 adeo
788 4354 1057 4403 commota
1093 4357 1219 4402 sunt
1240 4345 1547 4407 Judzeorum
1579 4350 1743 4405 corda
1777 4351 1842 4405 ad
1868 4365 2058 4420 perse-

466 4435 709 4505 quendos
737 4424 1032 4506 apostolos,
1056 4445 1116 4492 ut
1142 4450 1280 4508 pene
1312 4436 1447 4494 ﬁdes
1491 4437 1546 4493 in
1589 4436 1694 4495 illis
1718 4440 2054 4511 periclitare-

465 4536 584 4594 tur;
619 4543 745 4582 nam
786 4545 927 4585 unus
950 4544 1139 4585 eorum
1172 4538 1253 4586 ter
1280 4530 1567 4587 Dominum
1597 4532 1835 4600 negavit,
1867 4534 2050 4589 caeteri

462 4630 596 4679 vero
641 4617 830 4679 relicto
873 4635 939 4676 eo
979 4619 1248 4691 fugerunt.
1282 4619 1391 4677 Sed
1424 4621 1554 4693 quid
1596 4622 1838 4678 fecerunt
1875 4623 2046 4679 sancti
2073 4660 2129 4722 Β

463 4706 730 4779 apostoli?
761 4721 1107 4765 accesserunt
1147 4726 1253 4767 non
1288 4727 1515 4783 corpore
1533 4753 1559 4779 ,Α
1603 4713 1697 4774 sed
1754 4722 1936 4769 mente
1992 4720 2049 4771 et

461 4798 782 4863 devotione,
831 4800 957 4870 quia
999 4800 1155 4875 cuius
1197 4803 1448 4861 viderant
1496 4813 1759 4868 mortem,
1796 4805 2048 4860 omnibus

458 4889 601 4944 votis
651 4897 711 4944 et
756 4889 953 4952 mentis
1006 4888 1380 4949 ail'ectionibus
1426 4891 1543 4961 ejus
1588 4893 1928 4963 postulabant
1963 4907 2047 4950 re-

456 4979 851 5037 surrectionem
896 4981 1140 5038 dicentes
1185 4998 1305 5038 cum
1332 4983 1620 5040 Psalmista
1663 5000 1678 5038 :
1720 5005 1739 5037 ι
1775 4985 2042 5055 Exsurge,

457 5086 629 5144 quare
674 5073 971 5140 obdormis,
996 5073 1265 5133 Domine?
1307 5089 1557 5146 exsurge,
1597 5085 1652 5130 et
1699 5091 1767 5131 ne
1816 5075 2044 5146 repellas

455 5176 557 5223 nos
606 5178 778 5235 usque
828 5163 892 5229 in
934 5163 1129 5231 ﬁnem;
1170 5184 1188 5217 ι
1241 5166 1287 5224 si
1333 5166 1478 5230 enim
1525 5165 1785 5224 Donziuus
1840 5168 2043 5223 diutius

456 5270 651 5324 somno
678 5259 872 5315 mortis
900 5259 1192 5329 sopiretur,
1232 5268 1443 5314 mentes
1482 5260 1847 5330 apostolorum
1884 5270 2041 5316 aeter-

455 5367 526 5407 na
554 5360 732 5410 morte
761 5354 1168 5422 damnarentur.
1196 5351 1597 5408 Suscitantibus
1624 5353 1899 5424 discipulis
1926 5367 2041 5408 sur-

452 5444 597 5500 rexit
620 5442 796 5512 Jesns,
820 5454 874 5501 et
894 5446 1009 5515 ipse
1029 5452 1180 5500 stans
1211 5444 1506 5514 increpavit
1538 5452 1755 5499 ventum
1783 5453 1837 5499 et
1863 5460 2034 5500 mare.

450 5534 605 5592 Tunc
632 5546 853 5591 ventum
894 5536 1195 5607 increpavit
1227 5536 1446 5606 quando
1482 5536 1812 5607 resurgendo
1853 5551 2039 5605 super-

447 5629 594 5685 biam
625 5628 823 5685 diaboli
853 5630 1173 5699 prostravit,
1198 5637 1254 5684 et
1280 5627 1562 5684 moriendo
1593 5640 1716 5683 eum
1747 5626 2033 5693 destruxit,

448 5722 541 5795 qui
581 5712 774 5779 mortis
817 5723 1105 5795 imperium
1149 5723 1402 5779 habebat.
1447 5722 1739 5791 Imperavit
1767 5731 1823 5777 et
1859 5723 2037 5778 ventis

448 5814 572 5884 quia
613 5822 936 5882 potestatem
968 5816 1272 5870 daemonum
1311 5815 1553 5869 cohibuit
1600 5824 1655 5868 et
1689 5816 2032 5884 compressit.

449 5905 737 5992 inperavit
780 5907 957 5974 etiam
987 5907 1124 5962 mari
1165 5907 1289 5988 quia
1332 5922 1587 5971 vesanam
1629 5909 1909 5973 perﬁdiam
1943 5906 2042 5963 ιιι-λ

2167 2056 2359 2118 postea
2385 2050 2751 2118 corroborati,
2779 2046 2951 2107 libera
2971 2060 3107 2109 voce
3134 2066 3318 2109 coram
3343 2051 3686 2125 principibus
3712 2060 3770 2108 et

2166 2141 2528 2211 potestatibus
2570 2140 2899 2199 ﬁducialiter
2941 2157 3067 2199 eum
3117 2143 3537 2202 conﬁtebantur.
3588 2144 3770 2201 Aliter

2165 2246 2266 2303 per
2311 2233 2618 2289 naviculam
2667 2233 3007 2307 signiﬁcatur
3051 2247 3239 2294 sancta
3279 2232 3560 2305 Ecclesia,
3607 2237 3774 2310 cujus

2165 2323 2502 2394 gubernator
2524 2333 2609 2381 est
2635 2327 2898 2383 Dominus
2946 2337 3137 2384 noster
3173 2314 3331 2385 Jésus
3357 2329 3638 2397 Christus,
3679 2345 3769 2386 re-

2164 2412 2343 2483 miges
2388 2423 2570 2471 autem
2617 2425 2746 2472 sunt
2793 2417 2966 2473 sancti
3012 2418 3262 2488 apostoli.
3293 2418 3447 2475 'l-‘unc
3494 2419 3779 2477 Dominus

2164 2503 2308 2559 hanc
2355 2505 2664 2562 naviculam
2718 2509 2984 2576 ascendit,
3018 2510 3234 2580 quando
3279 2520 3380 2582 per
3415 2512 3654 2584 gratiam
3707 2514 3765 2569 in

2162 2605 2352 2651 sancta
2377 2595 2619 2653 Ecclesia
2648 2596 2906 2656 habitare
2934 2601 3121 2670 coepit.
3150 2600 3217 2656 Et
3238 2602 3382 2672 quod
3407 2618 3507 2674 per
3536 2605 3769 2660 navicu—

2163 2685 2275 2741 lam
2321 2696 2512 2744 sancta
2559 2688 2803 2747 Ecclesia
2852 2690 3170 2763 designetur
3210 2695 3453 2750 ostendit
3498 2695 3766 2752 Salomon

2162 2778 2520 2850 quiloquitur
2561 2780 2664 2837 sub
2697 2782 2878 2851 specie
2918 2780 3141 2841 feminei
3165 2785 3391 2845 dicens:
3424 2806 3446 2838 ‹
3477 2786 3651 2843 Facta
3683 2796 3770 2845 est

2161 2869 2315 2940 quasi
2338 2869 2492 2925 navis
2513 2869 2779 2927 institoris
2799 2872 2868 2929 de
2887 2872 3047 2945 longe
3065 2884 3292 2945 portans
3313 2891 3508 2946 panem
3538 2894 3762 2943 suum,»

2160 2963 2277 3019 sive
2302 2962 2553 3032 pretium.
2586 2960 2831 3032 lnstitor,
2862 2965 2965 3022 hoc
2989 2975 3074 3023 est
3100 2967 3427 3040 negotiator,
3458 2980 3547 3025 est
3580 2966 3768 3026 Domi-

2157 3069 2263 3111 nus
2301 3064 2488 3110 noster
2513 3053 2672 3112 Jesus
2705 3056 2994 3126 Christus;
3044 3071 3231 3116 sancta
3270 3061 3473 3118 etenim
3514 3062 3769 3119 Ecclesia

2161 3142 2303 3200 facta
2348 3154 2432 3201 est
2462 3146 2611 3203 velut
2639 3150 2795 3205 navis
2832 3148 3125 3216 institoris,
3154 3152 3363 3209 scilicet
3392 3152 3610 3211 Domini
3643 3150 3766 3211 Sal-

2159 3235 2381 3291 vatoris.
2418 3234 2525 3292 Per
2548 3252 2744 3308 pauent
2789 3240 3104 3313 designatur
3127 3253 3530 3300 sacramentum
3562 3260 3761 3317 corpo-

2084 3307 2130 3373 C
2163 3324 2240 3380 ris
2277 3334 2334 3380 et
2374 3307 2652 3399 sanguinis
2680 3328 2889 3386 Domini
2908 3307 3092 3388 bostri
3130 3330 3256 3389 Jesu
3296 3331 3533 3401 Christi;
3569 3307 3761 3392 san-cla

2161 3429 2398 3486 namque
2423 3416 2663 3474 Ecclesia
2695 3422 2764 3477 de
2787 3419 2947 3494 longe
2971 3431 3154 3494 portat
3184 3439 3376 3496 panem
3408 3441 3592 3495 suum,
3631 3429 3772 3499 quia

2162 3507 2326 3561 etiam
2361 3508 2431 3565 ab
2458 3507 2663 3566 ultimis
2699 3510 2898 3568 ﬁnibus
2926 3512 3153 3570 veniens
3188 3527 3593 3572 sacramentum
3634 3533 3762 3573 cor-

2160 3596 2309 3667 poris
2354 3607 2411 3653 et
2453 3599 2734 3670 sanguinis
2778 3600 2992 3658 Domini
3038 3612 3240 3674 portat,
3274 3604 3326 3660 id
3364 3615 3454 3660 est
3491 3606 3757 3662 celebrat.

2161 3685 2275 3744 Hoc
2305 3697 2390 3745 est
2424 3698 2533 3746 tam
2570 3706 2826 3764 magnum
2865 3695 3120 3765 pretium,
3159 3710 3268 3767 quo
3304 3695 3647 3768 redemptum
3678 3710 3764 3755 est

2159 3795 2329 3863 genus
2351 3780 2675 3849 humanum;
2704 3793 2761 3840 et
2787 3784 2928 3841 idem
2956 3786 3211 3843 Salomon
3239 3787 3317 3844 ait
3350 3802 3365 3843 :
3397 3807 3418 3842 ι
3446 3788 3754 3863 Vestigium

2159 3860 2317 3927 navis
2370 3872 2424 3927 in
2479 3874 2617 3929 mari
2669 3888 2775 3930 non
2830 3873 3124 3943 invenitur,
3174 3895 3194 3929 ι
3236 3878 3363 3949 quia
3409 3860 3771 3936 conversatio.

2157 3971 2362 4025 sauctze
2392 3962 2648 4025 Ecclesiae
2696 3980 2801 4021 non
2846 3974 2933 4022 est
2971 3972 3210 4034 terrena,
3243 3969 3338 4024 sed
3367 3968 3652 4036 caelestis;
3703 3980 3761 4026 et

2158 4068 2300 4110 unus
2346 4053 2552 4111 idcirco
2600 4071 2787 4114 remex
2833 4056 2953 4128 ejus
2996 4056 3253 4114 dicebat:
3290 4079 3311 4113 ι
3342 4070 3530 4116 nostra
3571 4071 3756 4118 autem

2158 4144 2502 4202 conversatio
2532 4147 2587 4202 in
2617 4147 2775 4204 caelis
2814 4156 2915 4204 est.
2952 4167 2972 4201 ι
3021 4148 3091 4205 Ει
3123 4150 3372 4220 quamvis
3401 4160 3609 4208 sancta:
3649 4152 3753 4208 Ec-

2157 4237 2337 4294 clesia:
2357 4247 2572 4295 terrena
2594 4238 2768 4295 ollicia
2789 4256 3049 4298 exercere
3073 4243 3344 4310 videatur,
3372 4255 3761 4305 verumtamen.

2156 4328 2275 4401 ejus
2312 4330 2543 4393 intentio
2571 4331 2828 4403 spiritalis
2863 4342 2948 4389 est
2983 4343 3037 4389 ει
3067 4334 3326 4392 caelestis.
3357 4335 3755 4408 Navigantibus

2157 4420 2434 4492 discipulis
2483 4421 2813 4480 obdormivit
2855 4422 3138 4491 Christus,
3190 4427 3315 4497 quia
3368 4426 3621 4483 ﬁdelibus
3658 4443 3761 4499 spe

2157 4512 2507 4569 tendentibus
2551 4514 2620 4569 ad
2666 4513 2941 4572 caelestem
2984 4516 3216 4586 patriam
3256 4515 3574 4587 frequenter
3613 4518 3752 4573 solet

2156 4604 2396 4671 evenire,
2430 4613 2490 4660 ttt
2515 4605 2750 4661 dormiat
2776 4605 2936 4663 Iesus
2970 4608 3024 4664 in
3057 4608 3159 4665 hac
3184 4610 3458 4674 navicula,
3491 4611 3544 4665 id
3575 4622 3664 4667 est
3693 4621 3752 4666 ut

2152 4694 2406 4752 solatium
2456 4697 2824 4755 miserationis
2867 4713 2898 4753 a
2939 4708 3125 4761 saneta
3155 4699 3396 4757 Ecclesia
3437 4700 3746 4758 abstrahat.

2152 4786 2305 4842 Tunc
2336 4787 2596 4845 Dominus
2636 4788 2690 4845 in
2733 4789 2982 4845 navicula
3028 4791 3133 4846 hac
3179 4791 3454 4857 dormivit,
3488 4788 3639 4863 quia'
3666 4793 3748 4847 vel

2149 4875 2603 4948 principeshujus
2634 4879 2837 4943 saeculi,
2868 4878 2952 4934 vel
2979 4880 3395 4947 lueresiarchas,
3418 4881 3504 4937 vel
3531 4882 3749 4953 aliquos

2147 4981 2343 5038 pravos
2394 4969 2643 5028 homines
2691 4971 2955 5041 permittit
3007 4987 3161 5028 suam
3210 4981 3453 5030 sanctam
3490 4975 3745 5045 persequi

2146 5058 2464 5125 Ecclesium,
2494 5069 2553 5115 ut
2588 5060 2624 5115 ii
2663 5061 2753 5131 qui
2786 5061 2999 5131 probati
3038 5070 3179 5121 sunt.
3208 5060 3484 5119 manifesti
3522 5062 3661 5118 ﬁant
3691 5063 3745 5118 in

2147 5151 2324 5217 nobis,
2371 5153 2514 5210 unde
2561 5153 2676 5224 ipse
2712 5153 2974 5209 Dominus
3020 5152 3153 5209 dicit
3183 5172 3196 5207 :
3228 5173 3248 5205 ι
3284 5153 3520 5210 Necesse
3560 5163 3651 5210 est
3686 5164 3745 5209 ut

2146 5244 2366 5300 veniant
2392 5246 2680 5311 scandala;
2714 5265 2730 5300 ι
2765 5256 2821 5302 ει
2841 5246 3042 5303 Paulus
3068 5244 3346 5316 apostolus
3365 5246 3441 5301 ait
3468 5263 3482 5301 :
3515 5265 3537 5299 ι
3569 5246 3745 5318 θροις

2144 5342 2223 5389 ιει
2248 5335 2397 5391 enim
2429 5336 2545 5392 ﬁeri
2576 5337 2834 5402 haereses,
2868 5346 2928 5391 ut
2957 5337 3011 5393 bi
3041 5337 3132 5407 qui
3165 5337 3376 5408 probati
3405 5347 3533 5392 sunt
3566 5339 3743 5393 mani-

2143 5423 2268 5481 festi
2298 5425 2456 5481 ﬁant.
2493 5445 2512 5479 ι
2546 5424 2821 5481 Multoties
2853 5435 3034 5481 autem
3072 5426 3345 5496 principes
3366 5424 3528 5495 hujus
3553 5428 3745 5482 saeuiit

2147 5517 2460 5573 eommiuati
2489 5526 2615 5574 sunt
2643 5526 2694 5573 et
2724 5518 3009 5573 devastare
3048 5526 3291 5573 sanctam
3330 5517 3662 5581 Ecclesiam,
3685 5528 3747 5575 et

2144 5606 2372 5676 perdere
2409 5605 2548 5662 ﬁlios
2570 5606 2717 5677 ejus;
2747 5621 2871 5662 nam
2899 5606 3451 5663 dormienteDomino
3490 5608 3547 5661 in
3586 5609 3735 5671 navi,

2139 5706 2317 5755 motus
2349 5714 2576 5772 magnus
2602 5699 2781 5755 factus
2813 5708 2898 5755 est
2934 5699 2989 5755 in
3032 5700 3193 5761 mari,
3217 5700 3343 5770 quia
3376 5699 3739 5756 abstrahente

2137 5807 2205 5848 eo
2235 5792 2495 5848 auxilium
2526 5807 2637 5847 sua:
2666 5790 3032 5847 miserationis
3070 5807 3101 5845 a
3146 5792 3259 5848 suis
3299 5789 3570 5856 ﬁdelibus,
3600 5788 3737 5844 adeo

2135 5884 2384 5952 permisit
2414 5884 2582 5940 malos
2611 5884 2862 5965 persequi
2908 5892 3152 5939 sanctam
3182 5882 3483 5947 Ecclesium
3502 5924 3528 5955 ι
3547 5891 3608 5937 ιιι
3639 5893 3735 5962 ρετ
