3920 5714
143 399 239 454 ΘΠ

1583 389 1914 447 ιιυΜιιιΕ.

3282 393 3391 448 918

141 526 207 566 ne
239 505 529 562 annihilari
573 505 866 561 videretur.
896 504 1002 560 Sed
1031 502 1156 573 quid
1207 503 1451 557 fecerunt
1499 503 1718 557 ﬁdeles?
1745 507 1790 563 A
1821 504 1994 558 locum
2026 502 2182 558 Lucae
2216 506 2557 576 evangelisla‘
2586 513 2852 578 quatenus
2891 520 2952 560 ea
2986 505 3249 588 insereret
3279 521 3400 575 quae

143 608 480 660 accesserunt
520 607 701 654 mente
745 607 800 654 et
837 598 1154 661 devotione,
1201 606 1255 650 et
1300 597 1414 666 ejus
1459 595 1713 650 auxilium

143 692 561 763 imploravernnt
589 691 834 744 dicentes
871 705 994 744 cum
1023 689 1309 743 Psalmista
1344 706 1356 741 :
1395 707 1414 740 ι
1448 691 1490 741 Α
1522 688 1720 743 ﬁnibus

142 792 294 837 terrae
322 781 390 835 ad
421 790 471 836 te
491 780 718 836 clamavi
748 780 873 834 dum
905 780 1220 833 anxiaretur
1247 793 1342 833 cor
1367 793 1577 842 meum;
1616 796 1633 828 ι
1667 785 1722 832 et

144 875 266 928 item
297 890 310 926 :
347 891 365 923 ι
403 872 670 941 Exsurge,
695 871 940 936 Domine,
973 869 1164 938 adjuva
1197 885 1314 935 nos,
1343 877 1398 924 et
1419 869 1587 924 libera
1626 871 1722 923 nes

140 975 358 1036 propter
403 978 600 1019 nomen
648 972 821 1018 tuum.
855 983 873 1015 ι
925 962 1058 1017 Nam
1110 961 1315 1017 clamor
1359 961 1722 1031 apostolormn

140 1055 354 1110 devotio
377 1065 462 1110 est
493 1043 727 1110 ﬁdelium
758 1054 1100 1125 populorum.
1137 1053 1535 1109 Suscitautibus
1563 1053 1726 1108 disci-

139 1143 276 1214 pulis
303 1145 546 1200 surrexit
570 1143 744 1207 Jesus,
778 1144 904 1213 quia
934 1144 1048 1198 suis
1087 1143 1332 1198 ﬁdelibus
1359 1143 1611 1198 solatium
1639 1143 1724 1197 di-

141 1235 276 1290 vime
313 1233 680 1290 miserationis
716 1234 998 1304 impendit,
1023 1234 1164 1288 unde
1200 1233 1318 1288 ait:
1356 1253 1375 1284 ‹
1406 1233 1474 1288 Et
1499 1248 1728 1303 surgens

141 1328 429 1398 imperavit
473 1330 652 1384 ventis
692 1338 749 1384 et
793 1329 947 1383 mari.
986 1349 1004 1380 ι
1040 1329 1232 1394 Venit,
1273 1329 1556 1399 imperavit
1600 1328 1727 1398 quia

139 1418 372 1474 audaces
417 1418 758 1474 adversarios
784 1429 985 1474 sanctae
1015 1421 1270 1476 Ecclesia:
1291 1421 1619 1477 evanescere
1649 1420 1727 1475 fa-

139 1511 235 1577 cit,
265 1519 324 1566 et
353 1522 480 1567 vota
501 1527 790 1582 pravorum
818 1513 1096 1568 hominum
1123 1523 1181 1568 ut
1201 1513 1451 1570 eﬁ'ectum
1481 1514 1728 1570 obtinere

137 1617 245 1657 non
285 1614 511 1673 possent
553 1605 906 1675 perturbavit.
946 1606 1236 1675 Imperavit
1273 1609 1434 1673 mari,
1463 1609 1586 1678 quia
1630 1607 1728 1678 per

140 1691 480 1764 syllogismos
507 1708 728 1750 suorum
755 1695 1169 1764 praedicatorum
1191 1699 1485 1753 versutiam
1514 1701 1728 1754 lucreti-

139 1799 326 1839 corum
357 1784 673 1852 denudavit,
708 1801 776 1843 ne
818 1789 1194 1859 reciperentur
1233 1806 1262 1843 a
1298 1791 1561 1847 ﬁdelibus.
1607 1810 1626 1843 ‹
1661 1791 1729 1848 Et

1820 605 1969 666 gesta
2001 605 2125 652 sunt
2155 596 2293 652 inter
2320 599 2791 667 exprobrationem
2819 598 3118 664 civitatum,
3145 605 3197 651 et
3240 597 3394 652 istaut

1821 684 2247 751 confessionem;
2279 703 2397 756 qua:
2435 689 2570 744 adeo
2605 705 2772 759 pauca
2824 697 2971 754 sunt,
3022 698 3078 742 ut
3122 689 3165 743 si
3211 677 3402 766 beatus

1824 763 2104 833 Mattbmus
2142 779 2365 834 dixisset
2392 781 2444 834 in
2473 781 2585 852 ipsa
2616 781 2769 845 hora,
2801 781 2946 835 nulla
2975 781 3246 837 videretur
3276 763 3396 835 con.

1824 867 2094 923 trarictas.
2137 869 2210 922 Ex
2252 871 2538 925 occasione
2568 861 2705 940 ergo
2749 869 3080 925 inﬁdelitatis
3123 869 3398 924 civitatum

1825 973 1943 1027 quae
1971 953 2256 1014 noluerunt
2281 976 2583 1017 sermonem
2612 962 2823 1017 Domini
2853 963 3111 1033 recipere,
3148 978 3323 1032 neque
3346 963 3399 1017 in

1824 1063 1948 1103 cum
1975 1049 2193 1104 credere
2218 1091 2230 1113 ,
2263 1051 2596 1119 respondens
2633 1051 2890 1106 Dominus
2934 1066 3156 1106 causam
3191 1051 3404 1116 retulit,

1827 1142 2040 1197 laudem
2067 1143 2272 1200 scilicet
2298 1153 2354 1199 et
2397 1145 2625 1216 gratiam
2659 1145 2766 1201 Deo
2796 1145 2943 1200 Patri
2983 1159 3082 1216 pro
3117 1145 3181 1200 iis
3211 1145 3408 1215 quibus

1828 1248 2085 1287 arcanum
2133 1249 2243 1290 sua:
2306 1234 2697 1290 lncarnationis
2749 1235 3102 1290 revelaverat.
3163 1234 3406 1289 Solerter

1829 1325 1990 1381 etiam
2024 1323 2358 1396 indagandus
2401 1336 2483 1381 est
2507 1328 2640 1380 ordo
2690 1328 3004 1394 verborum,
3033 1325 3157 1398 quia
3189 1342 3294 1382 non
3331 1325 3409 1382 ait

1832 1423 2038 1469 tantunt
2084 1437 2099 1471 ;
2151 1435 2170 1467 ‹
2209 1416 2482 1472 Conﬁteor
2522 1418 2661 1482 tibi,
2717 1418 2878 1472 Pater
2911 1438 2968 1484 ι,
3001 1419 3095 1474 sed
3142 1419 3347 1474 addidit
3375 1405 3409 1473 ἐ

1836 1527 1853 1558 ι
1892 1506 2115 1560 Domine
2161 1507 2282 1562 caeli
2343 1520 2398 1564 et
2459 1519 2657 1574 terrm;
2708 1530 2726 1563 ι
2794 1511 2879 1565 his
2944 1525 3175 1581 namque
3231 1510 3412 1565 verbis

1833 1599 2090 1655 Dominus
2132 1599 2289 1655 Jesus
2333 1601 2478 1655 illum
2528 1603 2764 1658 ostendit
2797 1618 2917 1657 esse
2963 1618 3117 1658 suum
3147 1601 3406 1666 Patrem,

1831 1691 1920 1762 qui
1952 1701 2031 1746 est
2060 1691 2318 1748 Dominus
2341 1693 2460 1749 coeli
2489 1704 2542 1748 et
2565 1703 2743 1749 teme.
2773 1695 2828 1748 lu
2857 1695 2958 1750 hoc
2985 1694 3104 1749 loco
3125 1695 3411 1748 destruun-

1835 1791 1919 1836 tur
1962 1782 2197 1838 lncretici
2227 1784 2318 1854 qui
2351 1786 2605 1840 dixerunt
2651 1786 2932 1840 Domimun
2981 1786 3160 1842 Jesum
3197 1795 3410 1842 creatu-

140 1872 278 1930 facta
307 1881 395 1930 est
425 1877 785 1948 tranquillitas
811 1855 1038 1950 magna;
1077 1900 1095 1933 ι
1122 1896 1151 1934 a
1183 1881 1292 1937 Deo
1321 1897 1553 1952 namque
1583 1891 1728 1938 tran-

1836 1887 1949 1927 ram
1985 1888 2122 1938 esse,
2156 1884 2208 1929 et
2247 1891 2351 1930 non
2383 1875 2720 1942 creatorem;
2764 1879 2807 1932 si
2844 1878 2990 1933 enim
3038 1887 3284 1933 creatura
3327 1867 3414 1933 es-

137 1964 382 2034 quillitas
416 1968 790 2038 magna-facta
821 1979 906 2026 est
943 1981 1004 2025 ut
1047 1971 1294 2027 homines
1324 1972 1728 2030 admirarentur

139 2059 413 2125 quomodo
459 2069 646 2116 sancta
693 2061 934 2118 Ecclesia
967 2063 1034 2118 de
1072 2072 1221 2118 tanta
1270 2067 1645 2135 perseeutione
1674 2075 1729 2122 et

139 2148 516 2217 tribulatione,
539 2153 797 2209 continuo
828 2155 894 2210 ad
927 2164 1035 2210 tam
1069 2165 1306 2226 optatam
1333 2159 1614 2227 pristinam
1645 2176 1730 2216 re-

136 2237 280 2293 diret
329 2254 543 2309 pacem.
582 2242 858 2300 Moraliter
899 2261 1000 2316 per
1047 2248 1352 2304 naviculam
1414 2251 1731 2322 designatur

137 2345 482 2428 unaquaque
509 2337 688 2392 anima
717 2337 908 2428 ﬁdelis,
935 2339 1003 2396 de
1037 2357 1144 2411 quo
1174 2342 1327 2398 testis
1362 2351 1443 2416 est
1473 2339 1729 2428 Salomoq

135 2423 228 2490 qui
275 2423 457 2480 dicit:
491 2443 511 2479 ο
539 2425 730 2482 Anima
770 2426 904 2496 justi
950 2431 1107 2487 sedes
1156 2441 1240 2487 est
1283 2433 1636 2503 sapientiae.»
1672 2423 1726 2491 Si

135 2527 269 2584 ergo
317 2516 503 2572 anima
547 2515 680 2586 justi
738 2520 898 2575 sedes
953 2530 1036 2576 est
1082 2522 1390 2592 sapientiae,
1445 2523 1601 2579 sedes
1647 2535 1732 2581 est

135 2605 369 2673 Christi,
395 2623 459 2664 ac
505 2625 603 2680 per
649 2612 752 2666 hoc
797 2612 1042 2668 navicula
1077 2623 1160 2668 est
1189 2613 1420 2668 Domini.
1456 2614 1606 2670 Hanc
1635 2632 1734 2671 na-

134 2696 374 2752 viculam
403 2707 531 2755 tunc
563 2702 819 2757 Dominus
860 2703 1197 2769 conscendit,
1225 2705 1442 2773 quando
1482 2721 1582 2775 per
1609 2722 1734 2778 gra-

133 2787 268 2846 tiam
320 2791 377 2846 in
425 2806 488 2847 ea
535 2792 784 2849 habitare
813 2793 1020 2865 incipit.
1062 2793 1360 2866 Navigante
1401 2795 1642 2866 quelibet
1673 2797 1734 2854 ﬁ-

131 2879 268 2948 deli,
296 2881 355 2937 id
382 2891 467 2937 est
495 2897 591 2953 spe
622 2884 873 2939 tendente
901 2886 967 2940 ad
997 2885 1228 2956 patriam
1265 2887 1538 2943 caelestem
1561 2929 1576 2954 ,
1621 2888 1731 2945 fre-

133 2980 375 3040 quenter
400 2972 539 3028 solet
568 2973 787 3028 evenire
830 2981 890 3029 ut
929 2973 1164 3030 dormiat
1185 2974 1343 3032 Iesus
1373 2977 1426 3031 in
1454 2977 1556 3032 hac
1585 2978 1734 3033 navi-

133 3061 280 3118 cula.
320 3063 475 3119 Tunc
501 3064 646 3119 enim
678 3064 880 3121 dormit
907 3064 1084 3131 Jesus,
1113 3067 1329 3136 quando
1359 3069 1626 3138 permittit
1653 3070 1734 3124 in-

134 3166 372 3224 surgere
406 3151 657 3210 adversus
683 3157 921 3211 animam
961 3156 1174 3214 ﬁdelem
1211 3159 1295 3212 vel
1334 3159 1731 3216 immundorum

134 3243 435 3311 spirituum
469 3246 814 3310 tentationes,
845 3247 932 3303 vel
972 3247 1203 3317 impetus
1237 3249 1500 3304 malarum
1533 3251 1736 3320 cogita-

132 3332 380 3400 tionum,
412 3333 496 3390 vel
522 3337 755 3406 propria:
781 3339 964 3393 carnis
991 3336 1400 3405 delectationes,
1424 3340 1510 3398 vel
1548 3355 1737 3410 pravo—

134 3438 265 3479 rum
307 3423 590 3480 hominum
633 3427 1071 3496 persecutiones;
1102 3429 1188 3486 his
1213 3425 1448 3499 namque
1486 3430 1738 3501 procellis

131 3512 326 3570 solent
351 3515 566 3571 concuti
605 3515 712 3572 illm
737 3515 990 3584 virtutes,
1015 3519 1070 3573 in
1101 3519 1298 3588 quibus
1326 3521 1561 3576 maxime
1591 3521 1740 3578 salus

135 3603 376 3659 humani
409 3605 626 3675 generis
661 3607 932 3675 consistit,
966 3608 1020 3664 id
1059 3619 1144 3664 est
1185 3610 1338 3675 ﬁdes,
1370 3625 1515 3680 spes,
1554 3613 1737 3668 chari-

135 3702 263 3764 tas;
299 3696 398 3752 sed
425 3696 524 3752 has
548 3697 812 3768 procellas
846 3700 983 3757 adeo
1007 3702 1258 3772 permisit
1282 3702 1542 3760 Dominus
1569 3705 1686 3760 insu
1697 3721 1741 3759 r-

131 3798 275 3856 gere
315 3785 580 3843 adversus
619 3788 947 3858 naviculam,
977 3801 1037 3846 ut
1071 3806 1210 3861 pene
1238 3793 1540 3862 operiretur
1566 3792 1741 3849 ﬂucti-

127 3875 278 3943 bus,
323 3877 451 3947 quia
487 3879 625 3936 adeo
669 3881 933 3951 permittit
979 3883 1216 3939 animam
1267 3884 1477 3941 ﬁdelem
1520 3886 1737 3952 tentari,

130 3976 198 4024 ut
247 3982 398 4038 pene
442 3969 688 4025 videatur
730 3972 934 4042 mergi,
967 3973 1176 4030 scilicet
1213 3983 1274 4029 ut
1317 3975 1572 4044 splendor
1617 3975 1738 4031 ﬁdei

127 4058 587 4126 obtenebrescat,
611 4061 724 4131 spei
751 4061 1013 4119 celsitudo
1040 4066 1409 4132 contabescat,
1441 4075 1498 4121 et
1523 4065 1740 4120 ﬂamma

131 4151 448 4208 cbaritatis
497 4152 835 4224 refrigescat.
875 4154 980 4210 Sed
1024 4157 1152 4226 quid
1197 4157 1273 4211 illi
1313 4157 1577 4228 agendum
1623 4160 1740 4214 est?

132 4244 402 4314 nunquid
457 4245 890 4317 desperandum?
945 4265 1086 4316 non,
1141 4251 1234 4306 sed
1281 4250 1433 4322 juxta
1492 4252 1739 4322 exempla

128 4334 522 4407 apostolorum
547 4346 632 4393 est
657 4339 1042 4404 accedendum,
1069 4349 1126 4396 et
1153 4342 1278 4396 totis
1296 4341 1500 4396 viribus
1528 4342 1741 4412 procla-

129 4426 413 4484 mandum
441 4427 511 4482 ad
540 4426 732 4486 Deum.
769 4428 936 4484 Nobis
971 4444 1099 4486 vero
1136 4429 1617 4500 proclamantibus,
1651 4432 1740 4488 ille

127 4516 235 4586 qui
301 4531 411 4572 non
472 4517 763 4585 dormitat,
815 4534 992 4590 neque
1055 4521 1369 4577 dormitabit
1431 4522 1741 4578 custodiens

127 4605 344 4671 Israel,
371 4608 527 4678 quasi
555 4610 830 4665 exercitus
859 4619 1065 4681 surget,
1107 4619 1480 4681 tempestatem
1510 4611 1739 4679 sedabit,

134 4697 612 4768 tranquillitatem
643 4700 850 4767 reddet,
880 4711 935 4758 et
965 4713 1179 4772 portum
1204 4702 1394 4778 salutis
1423 4703 1738 4774 indulgebit,

129 4789 393 4862 gratiam
415 4789 650 4845 donante
675 4791 764 4846 illo
786 4791 879 4860 qui
905 4807 1027 4847 cum
1053 4792 1212 4848 Patre
1232 4805 1286 4847 et
1313 4793 1515 4862 Spiritu
1553 4803 1742 4849 sancto

128 4881 288 4936 vivit
337 4889 392 4935 et
438 4893 626 4954 regnat
660 4883 800 4938 Dens
835 4899 932 4954 per
959 4886 1140 4940 omnia
1170 4887 1364 4941 saecula
1396 4885 1736 4944 sazculorum.

766 4992 1040 5048 IIOMILIA
1082 4994 1122 5048 X
1135 5033 1148 5048 .

130 5103 197 5158 In
241 5116 414 5175 tuus
452 5105 724 5175 Mar—rum
756 5119 775 5175 ς
822 5105 1155 5175 Respondeas
1184 5107 1338 5162 Iesu:
1376 5113 1510 5166 dixit
1533 5126 1551 5164 :
1599 5112 1738 5168 Con-

213 5172 514 5252 fiteor‘tibi,
540 5173 724 5252 Pater,
743 5172 960 5252 Domine
980 5176 1091 5229 caeli
1116 5188 1162 5252 et
1185 5185 1496 5252 terrmguia
1523 5182 1740 5238 abscon-

210 5241 360 5296 disti
384 5243 500 5318 lure
518 5265 550 5300 a
579 5245 900 5314 sapientibus
924 5254 971 5298 et
1009 5241 1394 5318 prudentibus;
1413 5265 1463 5309 et
1501 5254 1742 5316 revelasti

211 5327 288 5366 ea
319 5316 568 5378 parvulis.

209 5418 402 5489 Hujtts
421 5423 778 5481 confessionis
803 5426 966 5481 etiam
990 5424 1182 5489 beatus
1212 5427 1394 5495 Lucas
1424 5434 1555 5493 facit
1593 5451 1744 5493 men-

128 5514 364 5570 tiomen
410 5515 594 5574 dicens
621 5533 635 5570 :
678 5533 696 5565 ι
727 5515 783 5570 ln
813 5517 926 5586 ipsa
959 5516 1092 5571 hora
1125 5519 1420 5589 exsultavit
1443 5527 1497 5580 in
1536 5523 1741 5594 Spiritu

123 5609 349 5674 sancto
389 5616 442 5660 et
489 5607 631 5689 dixit
669 5622 682 5661 :
735 5605 1009 5662 Conﬁteor
1039 5607 1153 5674 tibi,
1191 5608 1369 5668 Pater.
1408 5635 1428 5666 ι
1482 5608 1599 5667 Sed
1637 5631 1745 5672 non

1770 4580 1820 4638 Ι)

1829 1974 1930 2030 set,
1959 1976 2014 2020 et
2045 1976 2294 2022 creatura
2331 1969 2496 2022 etiam
2539 1969 2826 2024 Dominum
2858 1985 3013 2024 suum
3056 1979 3266 2040 patrem
3319 1986 3414 2040 ap-

1829 2057 2030 2126 pellare
2073 2067 2270 2128 posset,
2314 2074 2418 2113 non
2459 2061 2764 2129 specialiter
2803 2061 3050 2116 diceret:
3092 2081 3108 2112 ι
3139 2059 3413 2116 Conﬁteor

1831 2149 1949 2214 tibi,
1975 2149 2157 2215 Pater,
2188 2151 2411 2206 Domine
2437 2152 2556 2207 ςαξιὶ
2582 2161 2636 2206 et
2662 2163 2848 2218 terrae;
2884 2173 2902 2204 ι
2931 2153 3023 2208 sed
3056 2161 3233 2206 tamen
3265 2151 3413 2206 dice-

1830 2249 1915 2296 ret
1938 2256 1953 2294 :
1979 2240 2252 2297 Conﬁteor
2276 2244 2392 2309 tibi,
2415 2244 2575 2299 Pater
2595 2245 2715 2300 coeli
2738 2254 2790 2302 et
2811 2254 2989 2312 terrm,
3019 2255 3132 2310 aut,
3153 2245 3416 2300 conﬁteor

1831 2335 1962 2400 tibi,
2010 2337 2233 2391 Domine
2277 2338 2400 2394 (εαξΙί
2451 2347 2506 2394 et
2559 2349 2768 2407 terrae;
2819 2341 3099 2396 sciendum
3143 2349 3226 2396 est
3271 2341 3416 2395 enim

1831 2427 1956 2497 quia
1982 2428 2250 2486 confessio
2278 2445 2384 2486 non
2413 2431 2685 2501 signiﬁcat
2714 2448 2930 2488 semuer
2955 2434 3327 2504 poenitentiam
3360 2440 3414 2488 et

1834 2521 2233 2576 accusationem
2265 2533 2636 2592 peccatorum,
2668 2525 2762 2579 sed
2794 2524 3006 2580 laudem
3029 2535 3084 2581 et
3110 2525 3409 2595 gratiarum

1833 2611 2127 2674 actionem,
2148 2613 2288 2668 unde
2309 2622 2394 2668 est
2427 2613 2554 2668 illud
2586 2629 2600 2667 :
2637 2635 2655 2665 ι
2686 2615 2998 2670 Conﬁtebor
3023 2617 3140 2681 tibi,
3169 2617 3414 2680 Domine,

1834 2699 1887 2754 in
1921 2707 2032 2755 t’oto
2063 2701 2222 2763 corde
2268 2715 2424 2768 meo;
2459 2719 2476 2752 ι
2529 2709 2584 2756 et
2639 2702 2767 2757 item
2801 2720 2814 2756 :
2871 2722 2887 2753 ι
2911 2705 3254 2759 Conﬁtemini
3314 2705 3418 2759 Do-

1835 2791 1982 2846 mino
2029 2791 2284 2862 quoniam
2344 2790 2548 2859 bonus;
2583 2812 2602 2845 ι
2657 2801 2713 2847 et
2767 2793 2820 2847 in
2868 2793 3005 2850 libro
3050 2794 3414 2849 Ecclesiastici

1835 2881 2095 2950 scriptum
2124 2889 2206 2936 est
2235 2899 2246 2936 :
2293 2899 2312 2933 ‹
2344 2881 2467 2937 llmc
2516 2883 2708 2940 dicetis
2739 2884 2966 2941 Domino
2997 2884 3104 2941 Deo
3142 2894 3322 2941 vestro
3362 2885 3417 2940 in

1836 2970 2175 3027 confessione
2205 3013 2220 3039 ,
2272 2974 2527 3042 quoniam
2578 2975 2828 3030 universa
2882 2992 3045 3046 opera
3093 2977 3209 3048 ejus
3274 2976 3415 3031 bona

1835 3062 2011 3117 valde.
2045 3083 2062 3115 ι
2102 3061 2201 3119 Ubi
2251 3065 2544 3119 notandum
2579 3073 2662 3121 est
2709 3067 2836 3137 quia
2885 3066 3153 3123 confessio
3200 3083 3305 3122 non
3345 3067 3420 3122 si-

1838 3155 2059 3227 gniﬁcat
2089 3147 2487 3226 paenitentiam,
2510 3169 2604 3212 aut
2631 3158 3026 3215 c0ufessionem
3053 3169 3420 3230 peccatorum,

1839 3249 1934 3302 sed
1983 3247 2218 3312 laudem,
2267 3249 2407 3303 sicut
2452 3257 2507 3304 et
2555 3249 2608 3304 in
2667 3249 2770 3304 hoc
2813 3249 2947 3305 loco.
3007 3249 3122 3305 Hoc
3171 3250 3422 3305 similiter

1842 3348 2027 3409 aperte
2053 3339 2292 3396 ostendit
2313 3348 2366 3395 et
2394 3339 2585 3396 beatus
2609 3339 2784 3396 Lucas
2820 3341 3151 3412 evangelista
3196 3357 3317 3396 cum
3343 3341 3425 3395 di-

1841 3432 1962 3486 cit:
2017 3449 2036 3482 ί
2078 3430 2135 3485 ln
2186 3430 2299 3500 ipsa
2345 3431 2480 3485 hora
2515 3451 2533 3483 ι
2576 3431 2864 3486 exsultavit
2907 3429 3063 3486 Iesus
3113 3431 3166 3487 in
3219 3425 3423 3502 Spiritu

1840 3528 2049 3576 sancto.
2093 3519 2149 3575 Si
2178 3520 2324 3574 enim
2351 3519 2514 3574 verba
2564 3521 2774 3575 Domini
2805 3520 3093 3592 diligenter
3133 3521 3420 3592 investige-

1841 3625 1962 3664 mus
1985 3649 1999 3673 ,
2045 3624 2433 3678 cognoscemus
2461 3609 2704 3680 profecto
2737 3611 2880 3681 quod
2918 3611 3085 3667 Filius
3131 3611 3225 3668 Dei
3256 3611 3424 3667 conﬁ-

1815 3705 1986 3754 'tetur
2029 3701 2138 3756 Deo
2164 3699 2333 3767 Patri,
2382 3711 2437 3756 et
2463 3702 2511 3756 ei
2549 3703 2810 3773 gratiam,
2860 3712 2915 3759 et
2960 3704 3174 3760 laudem
3223 3703 3420 3770 refert,

1841 3790 1994 3860 quasi
2021 3788 2134 3858 jam
2161 3806 2350 3861 passus
2378 3802 2435 3847 et
2463 3791 2794 3864 gloriﬁcatus
2835 3795 2907 3870 sit
2934 3810 3041 3850 non
3069 3811 3166 3866 pro
3209 3811 3289 3862 se,
3321 3797 3414 3851 sed

1840 3895 1938 3950 pro
1959 3880 2132 3937 nobis.
2158 3881 2212 3934 In
2242 3897 2346 3951 qua
2379 3880 2718 3938 confessione
2737 3884 2898 3938 etiam
2921 3899 3034 3939 sua:
3054 3884 3422 3941 miserationis

1841 3987 2057 4040 munus,
2082 3980 2137 4028 et
2171 3973 2343 4044 gratia
2375 3984 2574 4038 nostrae
2618 3975 3074 4032 reconciliationis
3093 3977 3420 4054 Ostenditur.

1843 4062 2023 4129 Quare
2055 4071 2233 4117 autem
2267 4063 2360 4120 Dei
2404 4055 2571 4122 Filius
2596 4066 2920 4122 conﬁteatur
2943 4068 3056 4125 Deo
3088 4068 3261 4135 Patri,
3291 4078 3346 4124 et
3372 4069 3424 4124 ei

1843 4152 2055 4214 laudem
2084 4150 2304 4219 referat,
2355 4154 2667 4212 manifestat
2702 4171 2822 4212 curn
2871 4158 3145 4229 subjungit
3175 4175 3188 4211 :
3225 4176 3246 4209 ε
3284 4147 3423 4224 Quia

1843 4243 2169 4299 abscondisti
2202 4244 2317 4300 haec
2339 4261 2366 4300 a
2396 4248 2746 4307 sapientibus.
2783 4269 2801 4302 ›
2842 4249 2972 4316 Qua:
2996 4264 3127 4304 vero
3155 4258 3282 4305 sunt
3303 4266 3424 4320 qua:

1842 4333 2158 4389 abscondit?
2188 4336 2279 4390 llla
2322 4336 2533 4392 scilicet
2563 4337 2630 4392 de
2669 4337 2866 4408 quibus
2909 4337 3042 4393 dicit
3077 4337 3369 4407 Apostolus
3406 4357 3419 4392 :

1850 4442 1869 4475 ί
1905 4424 2224 4480 Revelatum
2258 4435 2342 4482 est
2385 4427 2518 4489 mihi
2550 4436 2982 4493 sacramentum,
3015 4429 3157 4498 quod
3186 4428 3309 4484 aliis
3338 4442 3431 4500 ge-

1845 4516 2221 4573 nerationibus
2265 4532 2372 4573 non
2422 4517 2525 4573 fuit
2564 4517 2917 4575 manifestum
2959 4519 3082 4576 ﬁliis
3113 4520 3426 4584 hominum,

1849 4609 2006 4666 sicuti
2037 4626 2182 4666 nunc
2213 4610 2510 4667 revelatum
2558 4620 2643 4666 est
2687 4612 2892 4667 sanctis
2919 4612 3176 4684 apostolis
3213 4621 3270 4668 et
3303 4626 3430 4683 pro-

1848 4705 2046 4776 phetis,
2085 4704 2138 4759 in
2175 4703 2367 4773 spiritu
2394 4719 2516 4761 esse
2539 4712 2728 4775 gentes
2752 4705 3064 4761 cohaeredes
3088 4713 3144 4760 et
3178 4720 3429 4774 compar-

1849 4797 2038 4869 ticipes
2085 4795 2464 4866 promissionis
2503 4797 2556 4850 in
2598 4795 2838 4854 Christo.
2870 4819 2889 4852 ι
2945 4798 3059 4854 Hoc
3100 4806 3184 4853 est
3229 4806 3432 4868 myste-

1849 4886 1988 4942 rium
2019 4884 2434 4953 lucarnationis,
2482 4886 2535 4949 id
2559 4892 2643 4940 est
2669 4887 2798 4956 quia
2837 4888 2925 4944 ille
2966 4886 3058 4958 qui
3099 4893 3223 4940 ante
3251 4885 3435 4940 omnia
3533 4952 3536 4956 l

1851 4976 2046 5034 szecula
2076 4975 2422 5032 inetfabiliter
2449 4975 2664 5048 genitus
2702 4986 2787 5032 est
2833 4995 2864 5035 a
2913 4979 3022 5035 Deo
3059 4975 3253 5040 Patre;
3291 4989 3347 5032 et
3383 4977 3438 5030 in

1851 5073 1956 5128 line
1981 5070 2296 5125 smculorum
2325 5083 2549 5126 carnem
2573 5072 2873 5141 assumpsit
2897 5087 2963 5128 ex
3001 5066 3224 5136 Virgine
3244 5077 3442 5130 matre,

1851 5165 1954 5220 hoc
1998 5161 2242 5234 profecto
2290 5161 2598 5220 abscondit.
2649 5159 2865 5226 Quibus
2912 5174 3042 5219 vero
3093 5156 3446 5215 absconderit

1849 5254 2162 5311 manifestat
2189 5267 2311 5308 cum
2342 5250 2619 5322 subjungit
2647 5267 2662 5303 :
2702 5269 2722 5302 ‹
2756 5251 3100 5326 Sapientibus
3132 5255 3189 5300 et
3211 5250 3448 5316 pruden-
3523 5285 3527 5288 ι

1852 5348 2013 5403 tibus.
2047 5364 2064 5397 ι
2101 5343 2206 5400 Sed
2247 5358 2354 5398 non
2387 5359 2514 5400 vere
2540 5338 2918 5409 sapientibus;
2948 5335 3278 5409 sapientibus
3322 5351 3454 5392 vero

1849 5455 1961 5494 suae
2002 5436 2240 5491 stultitiae
2269 5430 2694 5504 praesumptione
2717 5471 2732 5495 ,
2759 5443 2819 5489 et
2859 5449 2962 5491 non
2989 5439 3133 5484 verte
3176 5427 3460 5498 sapientia:

1848 5525 2140 5590 acumine;
2179 5523 2519 5592 sapientibus
2551 5520 2890 5592 temeritate,
2937 5529 2992 5576 et
3044 5530 3153 5571 non
3187 5517 3457 5579 veritate;

1849 5617 2180 5688 sapientibus
2193 5613 2334 5666 fastu
2358 5625 2412 5669 et
2427 5627 2532 5668 non
2551 5610 2834 5676 sensu,'de
2854 5614 3052 5688 quibus
3073 5606 3148 5661 ait
3163 5611 3426 5679 ριοοριωω
3449 5624 3462 5658 ε
