4038 6416
514 413 620 481 θίιθ

1082 415 1336 508 ιιιξΜιςιι
1375 417 2033 480 ΑΝἸ“ὶ5ἓιΙΟΒΟΒΕΝ818
2068 425 2214 481 ΟΡΡ.
2259 428 2456 486 PARS.
2502 432 2560 487 ll.
2599 465 2664 474 —
2703 433 3201 508 MISCELLANEA.

3681 439 3790 498 920

512 502 774 600 pientiam
802 502 1261 600 [sapientium],et
1284 509 1623 584 prudentiam
1646 511 1990 582 prudentium
2017 530 2102 572 re-
2129 523 2178 582 Α
2205 534 2334 587 suo,
2368 531 2425 576 ιιι
2472 525 2693 582 desierit
2737 505 2940 586 habere
2965 544 3088 600 qua:
3129 528 3380 598 tradidit,
3431 531 3558 600 quia
3601 533 3787 590 nuntia

513 593 775 674 probabo.
799 615 818 649 ι
838 595 1076 663 Quorum
1096 600 1522 656 testimoniorum
1537 617 1753 658 sensum
1769 605 1864 660 bea
1874 614 1958 662 tus
1971 605 2104 663 Pau-

512 684 597 741 lus
618 686 894 756 apostolus
916 701 1193 759 exponens
1214 691 1290 744 ait
1314 708 1324 742 :
1353 710 1370 742 ι
1399 690 1496 748 Ubi
1519 693 1756 763 sapiens,
1784 695 1874 752 ubi
1898 696 2099 763 scriba,

510 777 601 842 ubi
632 776 767 850 legis
792 780 958 835 verba
991 781 1334 851 pendet-aus?
1361 780 1548 839 Nonne
1566 784 1784 840 stultam
1810 786 1936 843 fecit
1960 788 2101 844 Deus

515 869 840 938 sapientiam
869 869 1025 940 h'ujus
1055 871 1276 927 mundi?
1305 891 1325 925 ι
1359 872 1426 945 Ει
1455 874 1595 944 quia.
1615 876 1845 930 mundus
1869 891 1973 931 non
2003 892 2100 951 po-

511 963 615 1024 tuit
670 977 998 1032 cognoscere
1051 965 1218 1020 Deum
1246 980 1345 1037 per
1391 969 1747 1039 sapientiam,
1787 971 1989 1042 placuit
2045 972 2095 1028 ei

509 1067 608 1124 per
635 1052 918 1108 stultitiam
946 1043 1348 1130 pragdicatio'uis
1372 1058 1552 1123 salvos
1581 1058 1762 1125 facere
1793 1062 2092 1124 credentes.

509 1142 584 1207 De
612 1143 714 1198 hac
751 1145 1008 1213 mundiali
1038 1148 1311 1221 sapientia
1348 1150 1492 1228 idem
1539 1152 1816 1221 apostolus
1850 1152 1974 1208 alibi
2016 1155 2096 1219 di-

508 1234 576 1302 cit
609 1252 627 1302 :_
661 1253 679 1286 ι
715 1234 994 1304 Sapientia
1036 1238 1199 1308 hujus
1244 1241 1431 1315 mundi
1473 1241 1693 1312 inimica
1731 1252 1816 1300 est
1861 1244 1992 1314 Deo,
2041 1254 2097 1298 et

506 1326 611 1396 legi
665 1326 759 1382 Dei
810 1343 918 1384 non
950 1330 1257 1400 subjicitur,
1296 1352 1331 1386 ι,
1359 1348 1534 1404 neque
1561 1336 1705 1390 enim
1743 1343 1942 1407 potest.
1986 1336 2094 1392 Sed

504 1418 727 1486 quinam
767 1418 985 1475 fuerunt
1009 1421 1101 1489 isti
1127 1407 1434 1491 sapientes?
1462 1407 1622 1480 Certe
1643 1424 1737 1492 vel,
1759 1425 1900 1486 illius
1952 1437 2092 1498 tem-

504 1509 655 1578 poris
692 1510 827 1582 legis
860 1513 1144 1581 doctores,
1187 1513 1394 1586 Scriba:
1442 1515 1651 1584 scilicet
1699 1524 1754 1570 et
1796 1515 2090 1583 Pharisaei,

503 1601 596 1668 qui
627 1617 750 1656 cum
782 1613 967 1659 essent
1011 1605 1195 1674 stulti,
1227 1605 1497 1684 sapientes
1526 1621 1586 1673 se
1627 1621 1752 1672 esse
1777 1608 2088 1680 jactabant;

503 1693 591 1748 vel
626 1695 785 1750 modo
813 1696 1050 1763 haeretici
1075 1697 1188 1758 sive
1217 1697 1540 1775 philosophi,
1569 1699 1659 1770 qui
1693 1708 1914 1772 propter
1939 1716 2090 1772 suam

503 1787 766 1842 tumidam
796 1789 1117 1859 sapientiam
1141 1830 1156 1856 ,
1188 1790 1444 1846 humilem
1475 1791 1682 1848 Domini
1709 1791 2008 1848 doctrinam
2038 1801 2094 1848 et

2201 610 2320 665 sine
2364 619 2606 683 tempore
2648 615 2810 672 simul
2858 633 2984 674 cum
3024 617 3164 676 Filio
3206 620 3461 690 possidet.
3512 621 3614 679 Dei
3657 637 3790 692 ergo

2201 699 2368 758 Filius
2398 742 2414 767 ,
2466 713 2724 773 quantum
2770 708 2837 762 ad
2883 708 3224 768 divinitatem
3268 711 3500 776 attinet,
3535 710 3674 765 nihil
3720 726 3790 766 ex

2201 797 2443 860 tempore
2467 795 2678 864 accepit
2701 811 2729 850 a
2759 795 2942 863 Patre,
2966 799 3089 868 quia
3113 798 3253 855 sicut
3272 798 3601 870 evangelista
3631 799 3788 862 dicit,

2198 880 2380 935 omnia
2419 897 2540 952 quae
2571 883 2735 942 habet
2763 886 2929 952 Pater
2956 888 3072 960 ejus
3095 889 3259 951 etiam
3297 899 3450 956 sunt,
3476 889 3605 958 quia
3646 906 3668 941 ι
3699 888 3795 942 Fi-

2199 968 2304 1025 lius
2335 979 2391 1028 et
2419 971 2585 1044 Pater.
2621 991 2786 1045 unum
2825 987 2972 1042 sunt.
3009 997 3028 1034 ι
3063 979 3119 1034 ln
3146 981 3249 1038 hoc
3282 994 3410 1036 vero
3435 979 3583 1050 quod
3627 979 3792 1034 homo

2198 1061 2372 1121 factus
2401 1072 2506 1132 est,
2533 1067 2718 1130 omnia
2747 1082 2816 1125 ex
2841 1078 3085 1141 tempore
3113 1071 3322 1143 accepit
3349 1087 3380 1126 a
3408 1071 3573 1136 Patre
3603 1111 3620 1135 ,
3649 1071 3792 1125 unde

2197 1150 2358 1218 Pater
2384 1155 2516 1212 dicit
2540 1159 2593 1216 ei
2621 1175 2633 1212 :
2673 1177 2693 1212 ι
2725 1159 2857 1216 Pete
2887 1176 2920 1216 a
2945 1176 3034 1218 me
3058 1171 3114 1219 et
3158 1164 3300 1220 dabo
3321 1163 3417 1220 tibi
3451 1172 3648 1233 gentes
3680 1163 3794 1217 hm-

2197 1247 2482 1313 reditatem
2535 1259 2703 1306 tuam.
2740 1272 2760 1308 ι
2802 1253 2871 1309 Et
2927 1255 3060 1311 item
3111 1255 3282 1312 Filius
3331 1255 3387 1311 in
3441 1253 3789 1327 Evangelia:

2201 1357 2219 1388 ε
2249 1337 2384 1403 Data
2409 1349 2494 1398 est
2517 1343 2651 1402 mihi
2677 1346 2859 1402 omnis
2882 1355 3124 1418 potestas
3159 1348 3215 1402 in
3243 1348 3384 1405 caelo
3409 1357 3464 1404 et
3486 1348 3540 1402 in
3571 1356 3741 1403 terra.
3767 1364 3786 1396 ι

2196 1429 2337 1502 Ergo
2366 1435 2510 1504 quod
2537 1435 2710 1492 dicit:
2743 1456 2764 1489 ι
2794 1438 3016 1498 Tradita
3047 1440 3176 1495 mihi
3205 1439 3536 1503 suntomnia
3562 1454 3598 1492 a
3625 1437 3790 1493 Patre

2195 1537 2346 1587 meo,
2383 1541 2402 1574 ι
2457 1540 2564 1584 non
2612 1526 2872 1585 debemus
2917 1528 3221 1600 intelligere
3261 1529 3312 1585 ei
3363 1528 3532 1589 fuisse
3588 1526 3788 1584 tradita

2195 1612 2390 1668 caelum
2419 1623 2473 1670 et
2519 1624 2746 1682 terram,
2797 1633 2948 1682 mare
2989 1629 3045 1684 et
3079 1629 3277 1675 caetera
3319 1618 3626 1684 elementa,
3669 1633 3790 1687 quae

2197 1705 2358 1761 simul
2382 1721 2503 1761 cum
2553 1706 2715 1774 Patre
2755 1710 3011 1778 condidit,
3040 1719 3096 1766 et
3122 1711 3360 1777 ereavit,
3385 1711 3486 1768 sed
3522 1709 3711 1766 traditi
3739 1709 3789 1766 ei

2196 1809 2322 1869 sunt
2364 1804 2553 1872 sancti,
2583 1813 2640 1860 et
2680 1804 2839 1862 electi
2881 1806 3019 1873 viri,
3055 1816 3126 1862 et.
3159 1805 3366 1877 parvuli
3417 1822 3488 1863 ex
3531 1805 3790 1862 omnibus

500 1881 939 1960 praedicationem
971 1883 1212 1956 recipere
1240 1899 1349 1940 non
1388 1884 1587 1941 valent.
1639 1884 1746 1942 Sed
1783 1886 1980 1956 quibus
2010 1902 2094 1940 re-
2123 1885 2168 1946 B
2194 1895 2468 1966 gentibus,
2499 1912 2599 1968 pro
2623 1899 2821 1969 quibus
2846 1899 2960 1970 ipse
2988 1899 3298 1970 supplicans
3341 1898 3453 1959 Deo
3477 1897 3632 1956 Patri
3667 1912 3790 1968 gra-

502 1973 735 2029 velavit?
762 1975 1075 2032 manifestat
1101 1977 1285 2033 statim
1313 1979 1537 2034 dicens:
1572 1997 1590 2030 ι
1620 1980 1910 2050 parvulis,»
1936 1980 1989 2034 id
2011 1988 2095 2035 est

501 2069 796 2140 humilibus
836 2071 1021 2126 corde.
1055 2072 1178 2129 Illos
1228 2074 1492 2136 Dominus
1536 2075 1773 2146 appellat
1808 2077 2090 2147 parvulos,

499 2159 592 2230 qui
643 2175 702 2214 se
747 2160 1006 2231 parvulos,
1045 2171 1100 2216 et
1147 2163 1379 2218 humiles
1415 2173 1840 2236 recognoscunt;
1893 2179 2093 2220 arcana

501 2266 760 2320 namque,
778 2261 833 2307 et
853 2253 1081 2317 virtutes
1104 2253 1403 2315 caelestium
1429 2254 1808 2324 mysteriorum
1833 2254 2090 2324 parvulis,

501 2345 558 2412 id
595 2356 680 2402 est
726 2348 933 2403 sanctis
960 2347 1226 2421 apostolis
1266 2348 1527 2410 revelavit
1551 2389 1567 2414 ,
1611 2349 1701 2418 qui
1726 2363 1853 2419 vere
1882 2349 2092 2419 parvuli

503 2447 663 2505 erant
692 2452 799 2493 non
842 2453 1024 2504 sensu,
1059 2441 1173 2498 sed.
1198 2437 1402 2493 malitia
1426 2481 1440 2504 ,
1470 2439 1537 2494 de
1566 2439 1762 2510 quibus
1807 2439 2092 2510 Psalmista

503 2527 676 2596 dicit:
732 2548 749 2580 ι
785 2528 864 2583 Ex
899 2543 996 2584 ore
1045 2527 1330 2605 infantium
1363 2539 1418 2585 et
1463 2529 1778 2594 lactentium
1817 2530 2092 2601 perfecisti

501 2615 738 2685 laudem.
776 2636 795 2668 ι
848 2617 917 2688 Et
941 2618 1102 2673 etiam
1133 2637 1154 2688 ε,
1196 2637 1214 2670 ι
1246 2619 1636 2688 Testimonium
1681 2620 1902 2687 Domini
1937 2621 2094 2679 ﬁdele

502 2707 824 2777 sapientiam
845 2717 1112 2779 praestans
1130 2708 1391 2779 parvulis.
1427 2730 1446 2762 ι
1483 2709 1550 2764 Et
1570 2710 1768 2766 iterum
1799 2731 1824 2785 ι¹
1849 2731 1868 2764 ι
1897 2711 2091 2774 Decla-

502 2799 644 2854 ratio
668 2809 1221 2874 sermonumtuorum
1239 2799 1503 2857 illuminat
1543 2817 1652 2869 me,
1682 2812 1737 2858 et
1758 2802 2091 2860 intellectum

503 2889 866 2960 datparvulis,
899 2910 919 2942 ι
948 2890 1152 2948 Causas
1165 2891 1516 2962 etaequitates
1532 2891 1690 2961 hujus
1710 2893 2093 2963 factipaternte

500 2981 798 3059 voluntatis
823 2980 1027 3058 judicio
1056 2983 1320 3039 Dominus
1361 2984 1744 3053 conﬁrmavit,
1781 2993 1844 3040 ut
1892 2985 1966 3040 illi
1994 2973 2093 3057 ἰιιιὶ

503 3073 862 3144 dedignantur
889 3075 1095 3151 parvuli
1127 3073 1263 3145 ﬁeri,
1300 3075 1353 3129 in
1378 3075 1546 3132 Deum
1578 3076 1727 3143 stulti
1755 3075 1890 3151 [iant
1916 3078 1968 3133 in
1994 3093 2092 3133 sua

503 3163 793 3235 sapientia.
827 3163 895 3218 Et
921 3172 981 3230 ut
1023 3164 1332 3240 ostenderet
1361 3165 1622 3235 Dominus
1653 3167 1779 3238 quia
1819 3183 1923 3223 non
1961 3182 2091 3224 acu-

2195 1986 2298 2042 tias
2326 1988 2456 2060 egit.
2502 2007 2521 2040 ι
2551 1988 2620 2044 Et
2639 2003 2801 2044 nemo
2835 1990 2986 2045 novit
3018 1989 3220 2046 Filium
3251 1990 3355 2045 nisi
3385 1988 3570 2052 Pater,
3612 2003 3790 2058 neque

2193 2075 2408 2132 Patrem
2441 2077 2564 2150 quis
2581 2079 2732 2134 novit
2763 2079 2866 2136 nisi
2901 2079 3106 2137 Filius?
3135 2099 3152 2134 ι
3190 2080 3315 2137 Hzec
3337 2081 3484 2136 enim
3507 2080 3681 2136 verba
3711 2079 3790 2134 sic

2193 2166 2443 2223 videntur
2483 2184 2676 2227 sonare
2702 2183 2764 2227 ut
2808 2171 2989 2228 nullus
3014 2174 3184 2243 possit
3223 2187 3520 2245 agnoscere
3566 2171 3790 2226 Patrem

2195 2260 2297 2315 nisi
2327 2261 2514 2327 Filius,
2540 2271 2596 2316 et
2625 2278 2816 2320 rursus
2843 2264 3022 2320 nullus
3047 2263 3214 2335 possit
3243 2277 3546 2335 agnoscere
3587 2261 3790 2318 Filium

2195 2353 2296 2408 nisi
2329 2353 2509 2411 Pater.
2544 2355 2699 2424 Quod
2729 2371 2834 2412 non
2865 2366 2952 2414 est
2981 2358 3051 2412 ita
3081 2356 3448 2422 sentiendum,
3475 2355 3571 2413 sed
3599 2356 3684 2411 sic
3707 2365 3792 2410 est

2194 2443 2565 2515 accipiendum
2592 2447 2724 2516 quia
2757 2446 2917 2504 Pater
2947 2457 3002 2509 et
3030 2446 3202 2510 Filius
3237 2462 3335 2518 per
3364 2447 3546 2517 ipsum
3573 2447 3793 2502 revela-

2195 2543 2303 2601 tur.
2337 2535 2402 2602 Et
2440 2546 2526 2610 est
2569 2552 2802 2600 sensus:
2847 2554 3008 2596 nemo
3046 2540 3200 2595 novit
3241 2539 3386 2610 quod
3429 2539 3516 2597 sit.
3553 2539 3610 2593 in
3651 2537 3792 2593 Filio

2195 2628 2298 2684 nisi
2329 2627 2512 2696 Pater,
2543 2638 2599 2686 et
2628 2645 2788 2686 nemo
2815 2632 2964 2685 novit
2991 2631 3135 2701 quod
3168 2629 3240 2686 sit
3273 2631 3328 2685 in
3359 2629 3520 2684 Patre
3559 2629 3666 2684 nisi
3695 2629 3791 2684 Fi-

2195 2720 2317 2787 lius,
2363 2729 2418 2777 et
2457 2721 2544 2786 cui
2585 2722 2700 2791 ipse
2736 2721 2966 2788 voluerit
3015 2721 3296 2789 revelare;
3342 2719 3472 2790 quia
3500 2719 3652 2774 aliud
3707 2728 3791 2774 est

2194 2827 2356 2868 nosse
2377 2812 2520 2882 quod
2535 2813 2683 2868 novit
2703 2813 3012 2884 aequalitate
3035 2823 3266 2883 naturae,
3291 2821 3346 2868 et
3365 2811 3508 2867 aliud
3526 2819 3614 2866 est
3628 2825 3791 2866 nosse

2195 2903 2335 2978 quod
2363 2904 2511 2959 novit
2536 2901 2826 2962 revelantis
2837 2903 3180 2976 dignatione;
3201 2903 3412 2974 ipseest
3427 2902 3576 2959 enim
3603 2900 3788 2960 lumen

2196 2995 2456 3052 mentium
2506 3002 2837 3061 nostrarum.
2885 2994 3028 3054 Deus
3062 3009 3193 3064 ergo
3238 3001 3430 3064 potens
3475 2992 3688 3047 revelat
3730 3005 3791 3045 se

2196 3087 2396 3152 Verbo,
2427 3087 2479 3141 id
2501 3096 2587 3142 est
2606 3086 2748 3143 Filio
2777 3101 2906 3154 suo;
2936 3085 3175 3149 thrbum
3215 3094 3392 3141 autem
3424 3085 3476 3140 id
3499 3093 3587 3141 est
3614 3083 3788 3138 Filius

2193 3187 2250 3234 et
2273 3193 2353 3246 se,
2383 3187 2436 3234 et
2464 3178 2678 3236 Patrem
2702 3180 2925 3245 revelat,
2953 3188 3008 3235 et
3033 3180 3162 3236 dum
3206 3194 3266 3236 se
3303 3177 3508 3234 revelat
3535 3186 3591 3233 et
3621 3177 3789 3232 Pater

507 3270 633 3323 men
661 3257 884 3328 ingenii,
922 3265 978 3314 et
998 3258 1277 3329 sapientiae
1301 3275 1534 3325 sensum.
1554 3259 2090 3326 condemnavit,sed
2120 3271 2164 3334 ο
2195 3291 2318 3332 eum
2383 3275 2631 3341 revelat,
2681 3276 2805 3345 quia
2873 3275 2988 3344 ipse
3051 3282 3108 3330 οι
3186 3273 3351 3328 Pater
3403 3285 3573 3327 unum
3635 3278 3784 3324 sunt.

505 3357 773 3412 tumorem
813 3349 1101 3418 superbiae,
1142 3349 1264 3405 ideo
1301 3349 1524 3420 pulchre
1558 3348 1835 3420 subiunxit
1866 3350 2092 3410 dicens:

510 3463 528 3500 ι
563 3443 662 3508 Ita,
693 3441 875 3511 Pater,
908 3443 988 3506 sic
1026 3443 1168 3500 enim
1198 3443 1456 3515 placitum
1486 3443 1587 3500 luit
1613 3454 1736 3516 ante
1764 3452 1835 3500 te.
1877 3462 1895 3496 ι
1938 3443 2095 3515 Blan-

503 3533 704 3594 dientis
733 3533 1260 3605 all'ectualloquitur
1299 3535 1472 3607 Eilius.
1510 3536 1724 3593 Patrem
1769 3543 1828 3592 ut
1855 3545 2092 3607 cmptum

503 3620 825 3690 beneﬁcium
857 3637 912 3697 et
941 3627 1118 3706 gratia
1160 3627 1532 3698 conﬁrmetur,
1562 3636 1618 3684 et
1656 3627 1996 3699 compleatur.
2039 3628 2094 3689 in

503 3718 766 3789 parvulis,
796 3720 848 3786 id
873 3731 957 3781 est
1002 3724 1055 3777 in
1083 3724 1286 3796 sanctis
1310 3723 1591 3796 apostolis.
1621 3723 1690 3793 Et
1717 3723 1940 3793 pulchre
1975 3722 2053 3777 ait
2078 3741 2091 3777 :

509 3813 647 3870 «‘Sic
676 3815 933 3885 placitum
965 3815 1064 3875 fuit
1093 3825 1217 3872 ante
1249 3828 1300 3873 te
1326 3859 1342 3883 ,
1371 3839 1388 3871 ι
1426 3833 1490 3874 ac
1519 3818 1561 3874 si
1608 3827 1857 3889 patenter
1890 3819 2096 3875 diceret

507 3909 630 3965 aliis
656 3909 837 3965 verbis
865 3927 878 3963 :
910 3910 1028 3964 Tibi
1049 3909 1198 3978 justo
1225 3909 1426 3980 iniusta
1454 3912 1669 3984 placere
1695 3927 1800 3969 non
1844 3919 2092 3983 possunt,

506 4010 564 4056 et
589 4000 711 4055 ideo
742 4001 822 4057 sic
855 4001 1249 4071 beneplacitum
1278 4003 1378 4068 fuit
1409 4013 1533 4065 ante
1567 4013 1636 4071 te,
1669 4013 1728 4059 et
1744 4003 1889 4072 juste
1913 4005 2093 4060 omnia

489 4091 862 4162 disposuisti,
900 4093 1044 4162 quod
1095 4093 1212 4148 hazc
1255 4093 1588 4163 sapientibus
1640 4103 1696 4149 et
1738 4087 2094 4162 prudentibus

509 4185 837 4244 abscondisti
868 4195 926 4243 ct
952 4186 1191 4257 parvulis
1213 4186 1484 4242 revelasti.
1515 4185 1610 4242 llis
1639 4200 1769 4257 ergo
1799 4186 1976 4242 verbis
2007 4202 2093 4243 re-

511 4282 848 4351 darguuntur
874 4278 948 4334 illi
979 4279 1069 4349 qui
1094 4279 1346 4350 querelas
1387 4278 1564 4336 solent
1593 4277 1834 4349 ohjicere
1855 4288 1913 4334 et
1947 4293 2095 4332 mur-

505 4387 726 4429 murare
763 4385 932 4442 quare
976 4371 1064 4426 alii
1103 4371 1391 4442 eligantur,
1421 4370 1512 4426 alii
1553 4368 1860 4438 eiiciantur,
1901 4377 1956 4422 et
2003 4368 2092 4422 alii

503 4462 803 4529 salventur,
845 4462 935 4518 alii
977 4471 1220 4532 pereant,
1249 4477 1372 4523 cum
1408 4461 1521 4532 ipse
1561 4461 1654 4520 Dei
1698 4459 1868 4515 Filius
1910 4468 2094 4530 pater-

505 4571 631 4609 nam
660 4555 1012 4622 voluntatem,
1039 4564 1096 4611 et
1116 4555 1461 4627 justamejus
1485 4554 1889 4625 dispositionem
1917 4555 2093 4609 laudi-

2199 3370 2342 3440 Ergo
2371 3371 2515 3439 quod
2562 3368 2828 3438 sequitur,
2882 3384 2902 3418 ι
2933 3375 2989 3423 et
3033 3365 3118 3421 cui
3167 3363 3394 3421 voluerit
3433 3361 3607 3416 Filius
3641 3373 3789 3415 reveo

2198 3460 2330 3526 lare,
2367 3480 2386 3512 ι
2416 3458 2482 3514 ad
2511 3467 2801 3529 utrumque
2830 3457 3173 3514 referendum
3215 3461 3317 3519 est,
3351 3453 3562 3510 scilicet
3583 3453 3656 3508 ad
3683 3451 3788 3506 Pa-

2199 3561 2335 3609 trem
2361 3559 2417 3606 et
2441 3549 2658 3606 Filium.
2689 3549 2756 3605 Et
2779 3549 2922 3620 quod
2945 3547 3110 3605 Pater
3149 3563 3272 3604 eum
3313 3546 3522 3603 revelet
3557 3543 3788 3600 manife-

2196 3655 2304 3703 stat
2332 3644 2622 3717 Apostolus
2649 3659 2772 3700 cum
2813 3643 2948 3699 dicit
2973 3662 2986 3697 :
3016 3660 3042 3695 ι.
3062 3641 3197 3698 Cum
3234 3648 3414 3696 autem
3457 3637 3788 3709 complacuit

2195 3739 2243 3795 ei
2270 3740 2360 3810 qui
2395 3753 2481 3794 me
2509 3738 2820 3810 segregavit
2835 3751 2903 3792 ex
2928 3744 3086 3793 utero
3114 3735 3304 3791 matris
3338 3748 3495 3800 mea,
3533 3742 3588 3788 et
3615 3747 3785 3788 voca—

2197 3833 2276 3887 vit
2303 3847 2401 3903 per
2429 3832 2660 3902 gratiam
2697 3845 2850 3888 suam
2882 3840 2943 3885 ut
2985 3830 3252 3887 revelanet
3292 3827 3488 3883 Filium
3532 3842 3694 3882 suum
3726 3826 3784 3881 iu

2196 3937 2306 3990 me,
2342 3932 2403 3976 ut
2449 3923 2766 3978 annuntiem
2793 3937 2918 3978 eum
2965 3923 3019 3977 in
3055 3921 3326 3993 gentibus,
3374 3919 3638 3976 continuo
3674 3932 3783 3972 non

2196 4012 2440 4083 acquievi
2467 4013 2617 4068 carni
2646 4021 2702 4067 et
2723 4013 2994 4083 sanguini.
3029 4029 3047 4064 ι
3089 4011 3345 4080 Sequitur
3373 4017 3596 4064 autem:
3628 4027 3647 4060 ι
3672 4007 3782 4062 Ve-

2195 4101 2308 4156 nite
2347 4101 2415 4156 ad
2445 4115 2531 4156 me
2551 4116 2744 4156 omnes
2769 4101 2861 4171 qui
2902 4099 3164 4156 laboratis
3197 4108 3252 4153 et
3288 4098 3498 4154 onerati
3535 4097 3692 4160 estis,
3727 4106 3787 4150 et

2193 4207 2294 4264 ego
2333 4192 2572 4247 reliciam
2616 4207 2733 4247 vos.
2764 4212 2785 4245 ι
2821 4191 2916 4246 His
2959 4191 3141 4247 verbis
3172 4189 3430 4246 Dominus
3465 4203 3638 4261 genus
3682 4189 3787 4243 hn-

2194 4298 2414 4364 manum
2444 4283 2754 4354 alloquitur,
2781 4292 2837 4339 et
2860 4297 2955 4340 eos
2980 4284 3048 4340 ad
3078 4298 3136 4340 se
3157 4291 3319 4338 vocat
3353 4282 3447 4352 qui
3469 4283 3526 4336 in
3549 4279 3785 4336 difﬁcul-

2194 4379 2402 4436 tatibus
2448 4376 2584 4448 legis
2621 4376 2898 4443 laborant,
2938 4375 3024 4432 vel
3063 4374 3406 4441 idololatria},
3455 4388 3554 4430 seu
3592 4372 3783 4428 saeculi

2193 4474 2432 4546 peccatis
2471 4473 2681 4529 onerati
2706 4482 2884 4537 erant,
2915 4471 3012 4527 sed
3035 4471 3270 4526 maxime
3302 4467 3425 4526 illos
3459 4469 3554 4540 qui
3583 4483 3776 4524 vocem

2197 4567 2408 4624 Domini
2449 4566 2645 4621 audire
2666 4574 2722 4620 et
2755 4564 2908 4634 sequi
2956 4571 3286 4620 meruerunt.
3326 4562 3417 4617 Ait
3455 4562 3602 4616 enim
3632 4578 3648 4615 :
3684 4559 3784 4616 Vc-

504 4648 607 4702 bus
637 4645 847 4702 ederat.
887 4621 1039 4704 Hanc
1067 4621 1210 4704 enim
1256 4621 1583 4704 sententiam
1629 4646 1825 4703 divinae
1863 4621 2172 4716 disposi-D
2198 4621 2488 4725 ;.,',,,no,,
2529 4657 2755 4728 pedibus
2803 4621 2896 4712 5;...
2944 4655 3209 4722 moribus,
3259 4667 3367 4710 non
3409 4668 3644 4726 comm
3687 4653 3784 4708 sed

508 4739 672 4796 tionis
701 4735 916 4794 occulto
948 4738 1040 4793 Dei
1077 4737 1303 4808 judicio,
1337 4739 1432 4793 sed
1471 4745 1651 4792 tamen
1686 4734 1853 4806 justo,
1889 4734 2089 4792 factam

506 4834 861 4894 considerans
907 4837 1099 4890 beatus
1143 4832 1341 4890 Paulus
1390 4830 1701 4902 apostolus,
1754 4845 1857 4886 non
1909 4827 2092 4885 valens

509 4928 973 4998 comprehendere
1020 4926 1264 4997 prorupit
1309 4925 1361 4980 in
1407 4923 1817 4982 admirationem
1861 4921 2086 4978 dicens:

514 5038 532 5074 ι
569 5019 612 5076 Ο
648 5018 876 5074 altitudo
919 5017 1228 5074 divitiarum
1269 5015 1546 5086 sapientia:
1589 5023 1645 5070 et
1681 5012 1923 5069 scientia:
1963 5011 2092 5079 Dei,

509 5125 670 5182 quam
701 5107 1067 5182 inscrutabilia
1092 5115 1220 5166 sunt
1255 5105 1462 5176 judicia
1497 5103 1637 5173 ejus,
1663 5113 1726 5162 et,
1752 5102 2096 5172 investigabi-

511 5177 594 5260 les
630 5201 730 5256 viae
753 5199 890 5268 ejus.
925 5220 945 5253 ι
966 5177 1240 5269 ’Ξείιυὶιιιτ
1271 5215 1284 5249 :
1326 5216 1352 5252 ι,
1374 5197 1558 5251 omnia
1591 5195 1718 5249 mihi
1748 5193 1943 5252 tradita
1972 5203 2099 5251 sunt

512 5313 542 5352 ιι
572 5295 732 5350 Patre
765 5307 904 5349 meo.
941 5313 960 5346 ι
998 5291 1124 5347 Haec
1153 5289 1295 5346 enim
1324 5287 1487 5343 verba
1515 5287 1814 5342 divinitatis
1843 5301 1949 5342 non
1978 5303 2099 5343 car-

514 5389 865 5453 naliter,'sed
916 5383 1268 5457 spiritualiter
1309 5379 1622 5451 accipienda
1675 5389 1832 5448 sunt;
1875 5396 1998 5435 nam
2047 5389 2101 5434 et

515 5481 732 5538 Patrem
763 5477 1085 5544 tradentem,
1117 5486 1173 5532 et
1208 5475 1402 5530 Filium
1441 5472 1799 5544 accipientem
1847 5473 2097 5544 spiritua-

511 5576 635 5630 liter
658 5575 906 5646 accipere
931 5573 1208 5628 debemus.
1242 5569 1299 5625 Si
1323 5569 1466 5625 enim
1491 5566 1783 5623 secundum
1807 5567 2097 5622 humanam

512 5669 954 5728 consuetudinem
981 5671 1162 5722 essent
1188 5663 1530 5736 intelligenda
1549 5704 1563 5728 ,
1596 5678 1718 5718 mox
1748 5671 1807 5718 ut
1850 5661 1935 5718 ille
1964 5662 2095 5716 inci-

517 5747 597 5830 pit
620 5759 895 5828 possidere
921 5759 1010 5827 qui
1037 5757 1254 5826 accipit,
1286 5756 1483 5811 desinit
1521 5755 1608 5811 ille
1643 5754 1839 5810 habere
1867 5753 1957 5822 qui
1987 5761 2097 5808 tra-

517 5833 677 5927 didit.
702 5849 807 5906 Sed
841 5849 982 5923 Deus
1029 5849 1190 5905 Pater
1219 5862 1325 5917 non
1372 5848 1450 5903 sic
1494 5848 1673 5910 otnnia
1716 5846 1933 5918 tradidit
1961 5845 2097 5916 Filio

2200 4749 2323 4816 (ide,
2355 4749 2458 4805 iste
2481 4756 2566 4803 est
2601 4754 2834 4817 namque
2863 4745 3161 4817 spiritualis
3180 4758 3455 4810 accessus,
3485 4759 3598 4813 quo
3628 4743 3782 4813 quis-

2197 4854 2301 4912 que
2330 4839 2472 4896 valet
2495 4853 2759 4911 apparere
2789 4838 2918 4904 Deo,
2943 4837 3012 4894 de
3035 4853 3144 4908 quo
3169 4837 3451 4893 Psalmista
3486 4836 3601 4892 ait:
3632 4855 3651 4888 ι
3680 4837 3783 4891 Ac-

2198 4932 2372 4988 cedite
2399 4932 2467 4987 ad
2497 4945 2626 4985 eum
2641 4939 2696 4984 et
2732 4929 3130 4984 illuminamini.
3164 4949 3182 4981 ι
3218 4928 3299 4983 Ad
3329 4941 3438 4994 me,
3469 4926 3644 4982 id-est
3675 4942 3781 4980 non

2201 5026 2267 5080 ad
2307 5025 2603 5089 hominem,
2648 5037 2768 5082 non.
2794 5022 2860 5078 ad
2891 5030 3232 5086 extraneum,
3263 5035 3369 5076 non
3406 5019 3474 5074 ad
3526 5019 3783 5090 decepto-

2198 5130 2334 5185 r_em,
2360 5115 2454 5169 sed
2480 5113 2547 5168 ad
2573 5112 2928 5167 Salvatorem.
2954 5110 3184 5167 Pulchre
3209 5110 3428 5180 quidem
3457 5109 3779 5179 subjunxiiz

2205 5223 2223 5256 ι
2259 5218 2467 5266 omnes,
2502 5221 2520 5254 ι
2555 5202 2681 5272 quia
2709 5203 2850 5258 sicut
2875 5201 3168 5272 Apostolus
3191 5201 3363 5256 dicit:
3397 5218 3417 5252 ι
3450 5199 3570 5270 Ipse
3595 5215 3786 5254 omnes

2199 5297 2315 5351 vult
2352 5295 2529 5351 salvos
2565 5293 2680 5350 ﬁeri
2729 5301 2784 5348 et
2823 5294 2890 5349 ad
2931 5294 3260 5364 agnitionem
3299 5293 3547 5348 veritatis
3590 5306 3783 5360 perve-

2201 5389 2338 5443 nire.
2371 5407 2389 5438 ι
2425 5386 2491 5440 Et
2540 5385 2660 5440 ideo
2698 5384 2844 5440 nulla
2892 5395 2977 5441 est
3004 5385 3144 5456 apud
3181 5400 3306 5440 eum
3335 5381 3598 5438 distantia
3643 5383 3785 5437 inter

2203 5486 2416 5550 gentem
2467 5487 2524 5533 et
2571 5485 2808 5548 gentem,
2863 5491 3050 5534 sexum
3094 5485 3151 5531 et
3194 5490 3406 5533 sexum.
3439 5474 3684 5544 linguam
3731 5483 3784 5526 et

2201 5572 2460 5642 linguam,
2497 5578 2716 5626 mtatem
2763 5580 2816 5625 et
2844 5570 3231 5626 conditionem.
3281 5587 3299 5620 ι
3327 5567 3428 5635 Qui
3467 5568 3732 5626 laboratis
3759 5587 3777 5619 ι

2203 5659 2555 5716 saecularibus
2588 5660 2840 5728 negotiis,
2867 5673 2960 5715 seu
2988 5660 3244 5714 laboratis
3270 5658 3455 5729 gravia
3492 5659 3631 5730 legis
3654 5676 3785 5731 pon-

2205 5754 2334 5808 dera
2363 5753 2617 5816 fereutes,
2649 5770 2666 5802 ι
2701 5761 2753 5806 et
2779 5751 2987 5806 onerati
3022 5752 3152 5806 estis
3179 5771 3197 5804 ι
3235 5751 3460 5806 diversis
3487 5751 3782 5807 sceleribus

2206 5857 2366 5933 atque
2403 5847 2659 5931 peccatis.
2710 5845 2754 5910 Α
2791 5845 3105 5929 deceptione
3147 5858 3378 5927 namque
3417 5843 3578 5915 primi
3610 5845 3790 5915 humi;
