4038 6416
188 420 289 494 θῆι

1644 427 1974 486 HOMthE.

2448 345 2510 393 ’ν

3348 432 3459 495 929

190 534 278 603 nis
298 535 595 593 humanum
629 549 801 605 genus
829 534 929 592 sub
957 536 1267 592 conditione
1310 536 1507 593 diaboli
1552 537 1766 596 labora-
1799 543 1848 601 Α
1876 556 2065 596 omnes
2109 558 2314 609 amare,
2348 544 2617 601 neminem
2659 546 2858 612 odisse,
2899 547 3096 604 bonum
3133 550 3291 617 velle,
3342 569 3455 608 tuta-

187 625 304 692 bat,
333 626 578 697 exceptis
604 627 711 682 illis
751 628 843 699 qui
887 629 1001 684 sola
1051 628 1144 684 Dei
1172 630 1345 699 gratia
1393 630 1612 686 liberari
1657 647 1770 687 me-

187 727 437 788 ruerunt,
462 718 603 776 unde
621 720 900 777 Psalmista
927 722 1142 777 aiebat:
1175 741 1194 775 ι
1224 722 1489 790 Quoniam
1515 722 1769 793 iniquita-

187 814 275 873 tes
320 823 453 865 mea:
502 824 865 881 supergressa:
899 820 1025 866 sunt
1070 798 1235 883 caput
1275 826 1477 879 meum,
1524 825 1579 869 et
1633 814 1772 870 sicut

184 913 330 961 onus
372 914 535 968 grave
570 909 809 971 gravata:
854 910 982 957 sunt
1027 917 1195 972 super.
1236 918 1345 959 me.
1384 923 1405 956 ι
1436 904 1505 959 Ει
1546 904 1771 975 pulchre

186 984 450 1044 Dominus
494 987 811 1059 subiunxit:
842 1010 859 1043 ι
894 990 1006 1065 Ego
1028 1006 1124 1048 vos
1153 993 1429 1064 reficiam,
1454 1014 1472 1047 ι
1502 996 1625 1063 quia
1656 995 1771 1065 ipse

183 1091 269 1137 est
299 1082 455 1150 panis
484 1083 819 1154 angelorum,
843 1094 897 1140 et
922 1099 1131 1145 summa
1163 1085 1386 1144 refectio
1417 1096 1580 1157 atque
1602 1087 1770 1143 satie-

186 1183 273 1229 tas
306 1175 587 1231 beatorum
618 1174 924 1244 spirituum,
950 1175 1092 1236 unde
1124 1177 1389 1246 propheta
1430 1185 1613 1239 mente
1641 1192 1773 1233 con-

182 1254 427 1335 spiciens
461 1264 714 1320 dicebat:
745 1284 762 1316 ι
794 1264 1051 1322 Satiahor
1086 1280 1209 1321 cum
1252 1268 1571 1338 apparuerit
1596 1267 1767 1339 gloria

183 1365 304 1409 tua.
334 1373 353 1406 ι
390 1353 724 1410 Refectionis
751 1355 947 1416 deinde
992 1357 1214 1417 modum
1254 1358 1495 1413 ostendit
1537 1373 1660 1414 eum
1683 1359 1768 1418 di-

182 1446 261 1502 cit
292 1464 304 1499 :
339 1464 359 1497 ι
390 1444 585 1502 Tollite
626 1446 817 1518 iugum
845 1462 1026 1504 meum
1060 1463 1225 1520 super
1259 1465 1377 1516 vos,
1412 1468 1430 1501 ι
1459 1465 1523 1506 ac
1550 1452 1597 1504 si
1629 1450 1773 1506 dice-

180 1525 274 1592 re°t
302 1555 316 1591 :
342 1536 603 1607 Deponite
636 1536 828 1609 iugum
870 1538 1002 1613 legis
1031 1547 1089 1595 et
1125 1540 1325 1597 sumite
1367 1554 1567 1606 meum,
1599 1541 1652 1596 id
1687 1549 1772 1596 est

181 1642 296 1681 non
328 1626 732 1698 interemptoris
757 1628 851 1684 sed
888 1628 1285 1700 Redemptoris.
1316 1629 1541 1685 Multum
1566 1631 1769 1700 quippe

180 1720 353 1777 distat
376 1719 521 1776 inter
541 1718 737 1791 iugum
765 1720 966 1777 diaboli
989 1730 1043 1778 et
1072 1721 1297 1788 Christi,
1328 1731 1384 1778 et
1420 1721 1766 1795 interiugum

182 1809 321 1879 legis
360 1819 415 1864 et
443 1809 740 1881 Evangelii.
768 1809 964 1881 Jugum
988 1811 1201 1883 ;diaboli
1232 1820 1551 1881 peccatores
1585 1812 1768 1883 depri-

1875 631 1983 688 lum
2025 635 2190 701 nolle,
2247 646 2301 694 et
2350 639 2492 707 quod
2532 639 2633 695 sibi
2685 655 2792 695 non
2838 642 2958 698 vult
3001 642 3137 709 fieri,
3177 643 3299 701 aliis
3345 661 3452 701 non

1872 724 2094 782 inferre.

2459 861 2741 919 HOMILIA
2780 864 2873 919 XI.

1875 972 1927 1027 In
1973 990 2130 1037 lLLUD
2158 974 2435 1051 Mummi
2464 995 2477 1051 ς
2503 978 2799 1051 Ascendens
2828 975 2985 1039 Iesus
3034 979 3455 1051 Hierosolymam

1946 1052 2228 1116 assumpsit
2256 1048 2529 1102 duodecim
2557 1048 2840 1116 discipulos
2885 1066 3007 1103 suos
3033 1059 3250 1113 secreto,
3283 1048 3341 1104 vet
3381 1052 3455 1103 ait

1947 1115 2096 1187 illis:
2122 1115 2259 1171 Ecce
2288 1118 2617 1172 ascendimus
2661 1115 3098 1187 Hierosolymam,
3138 1130 3184 1172 et
3213 1137 3457 1173 consum-

1947 1186 2229 1260 mab_ur_t_tur
2277 1187 2452 1260 omnia
2488 1204 2606 1257 qua:
2646 1189 2841 1258 scripta
2878 1186 2999 1243 sunt
3046 1206 3139 1259 per
3181 1192 3454 1260 prophetas

1942 1256 2008 1310 de
2040 1254 2180 1310 Filio
2209 1256 2457 1324 hominis,
2490 1254 2597 1314 etc.

1944 1370 2254 1427 Prmvidens
2280 1372 2539 1429 Dominus
2587 1375 2800 1431 animos
2827 1375 3212 1447 discipulorum
3252 1394 3319 1433 ex
3359 1393 3454 1433 sua

1872 1462 2125 1531 passione
2150 1464 2573 1533 perturbandos,
2601 1466 2807 1523 idcirco
2836 1477 2892 1522 et
2912 1467 3150 1535 ejusdem
3178 1470 3453 1539 passionis

1873 1566 2109 1620 pcenam,
2143 1562 2199 1608 et
2235 1568 2346 1608 sua:
2375 1555 2791 1613 resurrectionis
2820 1557 3051 1627 gloriam
3091 1560 3365 1628 praedixit,
3395 1568 3455 1611 ut

1872 1657 1993 1698 cum
2023 1656 2310 1700 cernerent
2332 1660 2456 1702 eum
2489 1648 2831 1714 morientem,
2864 1650 3005 1705 sicut
3032 1650 3300 1721 pmdixit.
3347 1665 3454 1705 non

1872 1731 2181 1788 dubitarent
2220 1736 2819 1792 eum'resurrecturum
2865 1738 3006 1794 sicut
3043 1739 3313 1809 promisit.
3356 1740 3457 1793 Ar-

1873 1823 2043 1878 mavit
2066 1824 2264 1895 quippe
2311 1840 2405 1883 eos
2442 1842 2570 1883 cum
2602 1828 2854 1898 praedixit
2892 1829 2974 1886 eis
3018 1831 3158 1884 mala
3186 1845 3307 1900 qua:
3338 1838 3457 1884 erat

179 1901 305 1969 mit,
332 1900 460 1957 illud
485 1902 688 1958 Christi
718 1918 848 1959 vero
876 1903 1057 1974 erigit.
1087 1901 1284 1976 Iugum
1325 1903 1459 1975 legis
1505 1905 1769 1963 severita-
1796 1897 1844 1956 B
1874 1930 2157 1986 passurus,
2188 1917 2447 1989 quoniam
2490 1897 2660 1975 ιενίάε
2707 1919 2957 1977 rerum“,
3001 1921 3143 1976 mala
3174 1897 3443 1992 ρίεωερειρ,

178 1992 255 2048 tis
291 1992 531 2063 pondere
559 2001 873 2063 peccatores
900 2005 1183 2065 aggravet,
1210 1992 1399 2067 iugum
1438 1996 1769 2067 evangelicae

178 2082 371 2152 gratiae
414 2095 563 2151 spem
604 2082 774 2139 veniae
809 2083 1178 2153 promittendo
1218 2084 1482 2141 sublevat.
1516 2084 1585 2140 Et
1625 2088 1771 2157 quod

178 2173 289 2235 hoc
334 2172 521 2243 iugum
568 2172 771 2229 Christi
817 2188 989 2245 genus
1041 2174 1339 2232 humanum
1386 2185 1770 2247 suscepturum

178 2273 352 2330 esset,
384 2263 539 2335 longe
561 2273 688 2320 ante
712 2266 959 2335 prmdixit
996 2265 1303 2338 Sophonias
1338 2269 1604 2339 propheta
1643 2284 1768 2324 cum

182 2355 265 2409 ait
295 2372 308 2407 :
341 2374 359 2407 ι
387 2355 456 2411 Ει
481 2363 677 2412 vocent
711 2372 902 2413 omnes
940 2358 994 2413 in
1025 2360 1245 2414 nomine
1276 2359 1512 2427 Domini,
1549 2371 1606 2417 et
1653 2376 1772 2417 ser-

180 2444 412 2501 vientei
462 2447 689 2504 humero
728 2464 839 2505 uno
876 2450 1017 2505 ultra
1062 2451 1263 2507 flumen
1308 2453 1605 2523 Ethiopize;
1644 2455 1773 2510 inde

183 2538 462 2610 supplices
510 2540 616 2595 mei
666 2541 889 2596 venient
947 2541 1045 2597 lilii
1100 2542 1472 2613 dispersorum
1521 2561 1769 2602 meorum

184 2628 495 2689 deferentes
518 2643 737 2689 murum
764 2632 917 2687 mihi.
949 2652 969 2686 ι
1000 2632 1254 2691 Servient
1287 2636 1337 2689 ei
1384 2636 1611 2695 humero
1634 2653 1765 2702 uno,

183 2720 237 2776 id
291 2728 379 2776 est
426 2736 531 2776 una
582 2721 705 2777 ﬁdei
752 2723 1058 2791 devotione,
1107 2726 1263 2795 quasi
1321 2726 1424 2783 sub
1465 2743 1573 2783 uno
1616 2728 1765 2799 iugo.

189 2829 208 2863 ι
239 2810 313 2865 Et
344 2810 535 2867 discite
568 2827 602 2867 a
632 2826 737 2873 me.
769 2832 788 2865 ι
812 2812 955 2889 Quid
993 2814 1068 2875 sit
1093 2816 1413 2872 discendum
1451 2816 1773 2877 manifestat

184 2917 315 2961 cum
337 2901 651 2975 subiungit:
690 2923 709 2955 ι
736 2906 863 2974 quia
885 2908 1033 2963 mitis
1060 2923 1179 2972 sum
1199 2916 1255 2963 et
1279 2908 1498 2965 humilis
1519 2911 1710 2977 corde,
1739 2930 1757 2963 ι

181 3007 249 3047 ac
298 2993 345 3047 si
374 2993 616 3049 diceret:
644 2994 753 3050 Vos
782 2994 1070 3065 aliquando
1102 2996 1271 3053 eratis
1313 2997 1552 3057 immites
1600 3006 1655 3053 et
1682 3014 1771 3054 su-

182 3085 360 3158 perbi,
393 3100 423 3139 a
460 3100 547 3140 me
580 3101 710 3159 ergo
754 3096 811 3143 et
863 3088 919 3148 in
958 3103 1045 3144 me
1089 3090 1283 3146 discite
1324 3091 1686 3148 humilitatem
1715 3100 1772 3148 et

182 3176 678 3243 mansuetudinem,
709 3195 728 3229 ι
759 3186 816 3234 et
859 3179 1145 3237 invenietis
1191 3181 1433 3252 requiem
1478 3182 1768 3237 animabus

182 3267 408 3333 vestris,
448 3286 467 3320 ι
495 3268 649 3337 quasi
689 3268 933 3325 diceret:
962 3269 1080 3325 Jam
1122 3245 1331 3340 fatigati
1358 3272 1492 3328 estis
1529 3273 1655 3342 quia
1685 3290 1768 3328 re-
1796 3245 1840 3308 Ο

182 3358 372 3428 quiem
409 3359 737 3427 quaesivistis
780 3368 836 3414 et
881 3360 1125 3417 invenire
1172 3377 1279 3417 non
1325 3363 1600 3433 potuistis,
1638 3364 1768 3434 quia

180 3468 296 3509 non
326 3453 601 3510 invenitur
628 3456 820 3511 vita-in
866 3458 1146 3528 provincia
1177 3461 1387 3526 mortis,
1423 3476 1599 3531 neque
1639 3479 1770 3533 gau-

181 3545 338 3603 dium
368 3548 421 3603 in
465 3548 641 3618 patria
672 3551 945 3617 maeroris,
987 3566 1165 3622 neque
1196 3554 1413 3624 requies
1442 3555 1499 3611 in
1546 3556 1768 3625 regione

180 3639 411 3695 laboris.
439 3640 520 3694 Ad
544 3655 630 3695 me
650 3655 779 3712 ergo
802 3643 980 3698 venite
1004 3644 1129 3714 quia
1159 3660 1259 3715 ego
1279 3661 1398 3701 sum
1431 3655 1603 3709 totum
1625 3649 1770 3719 quod

178 3730 449 3803 quaeritis.
484 3731 549 3785 Et
594 3747 663 3793 ne
702 3732 841 3793 forte
884 3734 1131 3799 homines
1157 3736 1439 3799 audientes
1462 3738 1650 3809 iugum
1675 3755 1769 3795 ex-

179 3828 563 3889 pavescerent,
590 3820 792 3877 idcirco
820 3823 1098 3893 subiunxit
1124 3841 1136 3877 :
1167 3843 1188 3875 ι
1207 3823 1400 3896 Jugum
1422 3827 1566 3891 enim
1589 3843 1768 3884 meum

177 3928 350 3968 suave
375 3922 476 3978 est,
505 3921 566 3971 et
598 3929 737 3970 onus
765 3929 945 3985 meum
974 3916 1111 3982 leve,
1148 3935 1174 3975 ι,
1199 3918 1406 3973 scilicet
1431 3933 1499 3974 ne
1526 3921 1769 3989 paveatis

179 4020 311 4060 cum
348 4002 538 4074 iugum
586 4005 837 4072 audistis,
868 4006 1125 4076 quoniam
1180 4022 1348 4069 suave
1394 4018 1449 4065 et
1492 4010 1611 4066 leve
1661 4021 1767 4073 est.

177 4094 293 4151 Sed
338 4095 687 4166 quaerendum
737 4106 821 4152 est
870 4110 1040 4166 quare
1093 4098 1357 4154 Dominus
1401 4100 1547 4164 dicat
1580 4099 1767 4172 iugum

176 4204 340 4245 suum
394 4202 561 4244 suave
610 4196 665 4243 et
715 4202 855 4251 onus
902 4188 1019 4244 leve
1062 4204 1186 4246 cum
1232 4190 1519 4257 Psalmista
1572 4192 1763 4248 dicat:

181 4300 201 4334 ι
232 4280 348 4350 Ego
370 4280 637 4337 custodivi
676 4280 793 4338 vias
820 4281 1016 4347 duras;
1049 4299 1069 4334 ι
1102 4290 1158 4337 et
1184 4283 1298 4352 ipse
1330 4283 1383 4337 in
1426 4283 1723 4354 Evangelio
1751 4300 1767 4339 :

182 4392 203 4425 ι
235 4386 398 4440 quam
438 4378 667 4441 angusta
713 4379 870 4440 porta
907 4380 1013 4437 est,
1048 4378 1103 4429 et
1138 4380 1292 4427 arcta
1323 4372 1435 4439 via,
1472 4391 1492 4425 ι
1521 4372 1649 4429 Haec
1694 4383 1769 4435 ta-

176 4477 309 4517 men
353 4478 459 4517 uon
499 4461 695 4518 debent
732 4462 905 4519 videri
951 4462 1093 4519 inter
1135 4477 1196 4518 se
1235 4464 1531 4521 contraria.
1570 4462 1765 4534 Jugum

176 4554 326 4613 enim
357 4569 514 4609 suum
555 4554 863 4610 volentibus
900 4553 1017 4610 leve
1049 4562 1151 4618 est,
1186 4554 1281 4610 sed
1332 4570 1497 4625 grave
1538 4555 1768 4611 nolenti-

176 4647 322 4711 bus:
356 4660 519 4715 grave
552 4655 635 4702 est
664 4644 1065 4710 inchoantibus,
1095 4645 1189 4704 sed
1226 4645 1342 4701 leve
1377 4655 1459 4701 est
1481 4646 1768 4717 prolicien-

177 4738 347 4802 tihus,
391 4746 446 4792 et
472 4751 643 4808 usque
668 4736 735 4792 ad
764 4735 1115 4808 perfectionis
1161 4735 1365 4792 calcem
1406 4735 1760 4807 pervenienti-

177 4829 305 4884 bus.
334 4826 538 4882 Durum
572 4835 628 4882 et
653 4841 903 4899 asperum
928 4827 1167 4896 est.quia
1195 4841 1225 4880 a
1260 4826 1446 4882 multis
1474 4824 1763 4896 quaeritur,

178 4917 277 4985 sed
308 4932 340 4971 a
367 4916 554 4987 paucis
580 4916 871 4971 invenitur.
904 4916 1031 4972 Sive
1061 4918 1261 4987 iugum
1283 4932 1440 4972 suum
1473 4915 1591 4972 leve
1631 4916 1765 4972 dicit

179 5018 241 5065 ut
282 5009 595 5071 ostenderet
630 5010 818 5080 iugum
847 5008 980 5080 legis
1007 5025 1203 5081 grave;
1224 5009 1412 5079 iugum
1452 5008 1597 5063 enim
1630 5006 1765 5079 legis

177 5117 348 5173 grave
389 5112 527 5173 erat,
551 5103 681 5173 quia
710 5117 821 5159 suae
859 5104 1164 5160 severitatis
1193 5104 1435 5172 pondere
1477 5100 1765 5169 mortifica-

180 5194 309 5257 bat;
349 5190 536 5263 iugum
567 5207 699 5249 vero
738 5193 940 5249 Christi
988 5192 1107 5249 leve
1142 5203 1225 5249 est
1275 5192 1402 5264 quia
1450 5201 1764 5263 peccatores

181 5297 280 5353 spe
324 5283 493 5337 venia:
521 5291 576 5339 et
606 5281 909 5345 cmlestium
953 5282 1373 5353 promissionum
1404 5281 1660 5338 viviticat.
1700 5280 1765 5337 Et

179 5373 325 5445 quod
350 5374 539 5447 iugum
585 5373 718 5446 legis
740 5388 905 5444 grave
934 5374 1031 5441 sit,
1058 5372 1373 5431 manifestat
1400 5374 1595 5431 Petrus
1635 5388 1764 5445 apo-

181 5466 358 5522 stolus
403 5482 527 5525 cum
576 5467 690 5526 ait:
732 5486 749 5519 ι
782 5468 854 5525 Ut
876 5467 1023 5538 'quid
1066 5466 1243 5522 denuo
1290 5466 1450 5522 vultis
1490 5466 1770 5536 imponere

177 5558 369 5631 iugum
404 5559 575 5631 legis?
607 5580 625 5612 ι
656 5559 796 5627 Quid
823 5561 1044 5616 suavius
1071 5575 1200 5615 vero
1233 5558 1364 5629 iugo
1398 5557 1629 5624 Christi,
1674 5568 1769 5619 aut

183 5651 314 5721 quid
343 5652 512 5708 levius
557 5666 722 5708 onere
763 5654 949 5725 gratiae
988 5652 1347 5724 evangelicae?
1391 5652 1456 5706 Et
1481 5664 1608 5707 vere
1649 5650 1767 5707 leve

185 5750 269 5802 est
298 5742 595 5798 sceleribus
622 5758 726 5798 non
759 5744 1119 5813 acquiescere,
1150 5741 1481 5814 probabilem
1517 5740 1631 5795 fieri
1662 5742 1764 5804 ini-

185 5830 342 5903 micis
362 5840 575 5917 propter
608 5832 923 5915 Dominum,
944 5834 1149 5901 amicos
1186 5834 1240 5903 in
1264 5831 1491 5905 Domino
1519 5830 1773 5912 diligere1k

1796 4597 1845 4657 D

1829 2069 1836 2076 ,
1869 2022 2034 2076 quam
2071 2022 2135 2062 ea
2166 2022 2287 2077 qua:
2312 2007 2493 2063 subito
2515 2010 2789 2065 accidunt.
2813 2010 3123 2067 Destruitur
3152 2012 3239 2079 his
3268 2012 3452 2067 verbis

1870 2111 2027 2153 error
2083 2097 2404 2164 inﬁdelium,
2454 2109 2509 2154 et
2554 2100 2824 2155 dementia
2874 2101 3088 2157 illorum
3133 2103 3223 2172 qui
3277 2102 3455 2159 solent

1873 2188 2159 2244 Dominum
2182 2189 2453 2255 deridere,
2483 2198 2539 2245 et
2574 2191 2753 2246 dicere
2780 2192 2925 2261 quod
2957 2192 3072 2263 ipse
3099 2201 3321 2248 coactus
3350 2194 3455 2247 du-

1836 2340 1837 2343 η
1870 2290 1991 2339 ctus
2016 2281 2180 2337 fuerit
2205 2283 2273 2338 ad
2305 2283 2651 2354 passionem;
2687 2300 2811 2339 nam
2849 2284 2994 2340 sicut
3020 2284 3111 2340 hic
3141 2285 3454 2341 manifesta-

1842 2381 1980 2437 ‘tur,
2035 2373 2149 2443 ipse
2186 2381 2243 2429 et
2272 2380 2484 2445 tempus
2528 2374 2796 2443 passionis
2836 2374 3129 2445 praescivit,
3178 2383 3234 2430 et
3273 2375 3452 2430 locum

1869 2461 2111 2533 eiusdem
2141 2463 2416 2533 passionis
2443 2463 2745 2533 intrepidus
2785 2464 2938 2519 adiit.
2967 2464 3255 2520 Monentur
3284 2465 3450 2520 etiam

1874 2551 2047 2605 sancti
2080 2552 2463 2621 praedicatores
2489 2553 2541 2609 in
2584 2554 2686 2609 hoc
2714 2553 2856 2609 facto
2886 2564 2946 2609 ut
2977 2555 3091 2610 suis
3116 2553 3456 2610 auditoribus

1872 2641 2080 2711 antiqui
2105 2642 2275 2698 hostis
2305 2643 2531 2701 insidias
2573 2653 2630 2699 et
2666 2645 2809 2699 mala
2831 2660 3065 2717 qumque
3088 2646 3306 2701 evenire
3328 2660 3455 2716 pos-

1875 2746 2001 2793 sunt
2040 2737 2425 2808 praenuntient,
2463 2745 2730 2808 quatenus
2778 2736 2992 2792 fortiter
3026 2739 3285 2793 adversus
3314 2738 3454 2792 anti-

1871 2830 1963 2899 qui
2006 2830 2181 2887 hostis
2226 2830 2453 2887 insidias
2493 2846 2778 2902 superare,
2835 2840 2892 2886 et
2933 2832 3158 2886 adversa
3188 2847 3309 2901 qua:
3349 2832 3454 2886 illis

1873 2919 2127 2976 accidunt
2178 2920 2351 2976 levius
2403 2919 2547 2975 ferre
2603 2921 2833 2989 possint.
2885 2920 3145 2992 Sequitur
3186 2937 3201 2976 :
3254 2942 3273 2973 ‹
3303 2921 3454 2977 Tunc

1872 3015 2105 3071 accessit
2135 3015 2203 3070 ad
2244 3029 2368 3070 eum
2397 3023 2573 3070 mater
2601 3013 2835 3070 ﬁliorum
2875 3015 3118 3072 Zebedtni
3159 3032 3279 3071 cum
3329 3015 3455 3099 filiis

1872 3108 1985 3162 suis
2010 3108 2245 3163 adorans
2290 3114 2345 3162 et
2383 3115 2575 3185 petens
2608 3107 2813 3177 aliquid
2857 3106 2926 3162 ab
2954 3122 3021 3163 eo
3075 3128 3099 3161 ι
3123 3106 3275 3175 Quod
3322 3108 3455 3162 dicit

1879 3218 1897 3251 ‹
1926 3198 2079 3255 Tunc
2122 3218 2141 3252 ι
2179 3199 2246 3254 ad
2287 3199 2567 3269 superiora
2616 3198 2857 3270 respicit,
2883 3198 2934 3253 id
2960 3208 3044 3254 est
3087 3199 3304 3269 quando
3342 3213 3453 3252 sua:

1872 3288 2141 3359 passionis
2176 3302 2391 3358 poenam
2422 3296 2478 3343 et
2513 3287 2930 3345 resurrectionis
2960 3288 3185 3359 gloriam
3212 3288 3451 3356 discipu-

1871 3379 1940 3433 lis
1960 3378 2225 3448 praedixit.
2260 3376 2367 3432 Sed
2408 3376 2759 3446 quaarendum
2792 3385 2879 3431 est
2901 3377 3045 3430 unde
3068 3376 3297 3445 sumpsit
3343 3375 3447 3429 ista

1871 3477 2047 3524 mater
2095 3468 2327 3531 ﬁliorum
2361 3466 2611 3522 Ζεὺθάιεί
2652 3466 2997 3522 occasionem
3042 3466 3335 3522 accedendi
3384 3466 3450 3520 ad

1871 3558 2187 3620 Dominum,
2241 3565 2297 3612 et
2337 3555 2645 3626 postulandi
2687 3555 2895 3625 aliquid
2944 3556 3013 3611 ab
3057 3571 3143 3612 eo.
3190 3555 3453 3611 Dominus

1870 3647 2015 3703 enim
2047 3647 2330 3717 discipulis
2368 3648 2644 3705 tristitiam
2683 3648 3087 3717 praenuntiavit,
3115 3648 3166 3703 id
3193 3656 3277 3702 est
3318 3664 3452 3718 pra)-

1870 3738 2007 3792 dixit
2038 3736 2386 3808 ignominiam
2427 3736 2726 3807 passionis;
2759 3737 2902 3792 unde
2934 3752 3064 3808 ergo
3104 3738 3334 3807 sumpsit
3359 3753 3448 3794 σοι

1868 3830 2142 3892 casionem
2170 3829 2462 3885 accedendi
2508 3828 2571 3884 ad
2616 3828 2923 3895 Dominum,
2962 3839 3021 3883 ut
3050 3829 3350 3899 postularet
3383 3831 3454 3884 ab

1870 3935 1935 3973 eo
1968 3918 2197 3991 gloriam
2227 3919 2529 3990 regnandi?
2554 3918 2965 3979 Recordahatur
2993 3919 3080 3975 illa
3120 3920 3245 3989 quia
3272 3920 3453 3974 Domi-

1870 4023 1974 4064 nus
2012 3998 2264 4079 superids
2290 4008 2542 4080 promisit
2586 4008 2863 4081 discipulis
2892 4008 3008 4065 suis
3036 4009 3223 4065 dicens
3249 4028 3262 4063 :
3298 4029 3316 4061 ι
3347 4008 3453 4065 Vos

1870 4099 1961 4168 qui
2009 4101 2181 4155 secuti
2227 4099 2359 4156 estis
2404 4115 2491 4154 me
2536 4100 2589 4154 in
2624 4100 3057 4171 regeneratione,
3088 4115 3209 4155 cum
3252 4100 3457 4155 sederit

1869 4189 2037 4245 Filius
2062 4189 2295 4255 hominis
2342 4190 2395 4245 in
2428 4190 2556 4246 sede
2605 4191 2907 4265 maiestatis
2932 4205 3078 4263 suae,
3112 4190 3371 4245 sedebitis
3397 4199 3455 4244 et

1869 4294 1967 4335 vos
2014 4295 2180 4349 super
2242 4282 2400 4335 sedes
2464 4278 2750 4336 duodecim
2808 4278 3118 4350 iudicantes
3169 4278 3450 4332 duodecim

1870 4372 2047 4429 tribus
2072 4371 2262 4428 Israel.
2299 4390 2317 4422 ι
2351 4370 2419 4431 Et
2465 4372 2592 4440 quia
2622 4370 2882 4427 Dominus
2908 4376 3034 4439 post
3078 4367 3258 4422 omnia
3296 4368 3448 4421 dixe-

1872 4472 1958 4517 rat
1985 4479 1999 4516 :
2032 4481 2061 4519 ι
2084 4469 2141 4516 et
2173 4462 2330 4517 tertia
2376 4461 2463 4515 die
2511 4468 2827 4532 resurget,»
2855 4460 3067 4529 putavit
3100 4472 3223 4513 eum
3268 4459 3450 4512 statim

1869 4562 1991 4624 post
2028 4552 2479 4608 resurrectionem
2509 4559 2798 4607 venturum
2827 4565 2948 4615 esse
2984 4550 3051 4612 ad
3096 4550 3449 4621 regnandum,

1872 4650 1928 4697 et
1957 4644 2099 4712 quod
2128 4641 2181 4696 in
2211 4642 2389 4713 primo
2432 4641 2664 4699 adventu
2694 4640 3072 4715 complendum
3108 4648 3273 4705 esset,
3309 4642 3454 4709 quod

1873 4735 2249 4806 complendum
2269 4743 2389 4790 erat
2416 4735 2469 4795 in
2496 4736 2756 4791 secundo.
2787 4734 2991 4792 idcirco
3017 4733 3248 4801 feminea
3282 4734 3451 4789 avidi-

1876 4836 1986 4883 tate
2017 4828 2315 4901 immemor
2345 4832 2649 4885 futurorum
2681 4835 2891 4882 tantum
2936 4827 3225 4897 praesentia
3247 4826 3455 4886 deside-

1874 4919 2037 4975 ravit.
2075 4938 2093 4971 ι
2122 4916 2225 4986 Qui
2257 4917 2395 4974 dixit
2424 4918 2474 4974 ei
2513 4918 2641 4989 quid
2669 4918 2793 4974 vis?
2821 4938 2853 4981 ιη
2869 4918 3133 4974 Dominus
3160 4918 3305 4981 etiim
3347 4930 3454 4970 non

1870 5011 2027 5084 quasi
2058 5012 2276 5075 nescius
2306 5012 2661 5082 interrogavit
2700 5019 2758 5079 ut
2782 5011 2995 5077 audiret
3020 5010 3149 5081 quid
3195 5010 3311 5080 ipsa
3341 5009 3451 5062 vel-

1870 5103 1965 5167 let,
2009 5102 2103 5156 sed
2151 5110 2211 5155 ut
2252 5100 2353 5164 illa.
2391 5110 2713 5172 exponente,
2765 5101 2879 5172 ipse
2926 5099 3352 5163 irrationabilem
3400 5108 3457 5153 et

1874 5189 2355 5262 reprehensihilem
2392 5206 2513 5253 esse
2547 5191 2859 5260 ostenderet
2880 5190 3195 5263 petitionem
3218 5187 3361 5242 illius
3397 5196 3456 5256 et

1875 5280 2107 5338 filiorum
2177 5278 2333 5351 eius;
2396 5280 2654 5350 petebant
2710 5282 2853 5337 enim
2908 5280 3059 5352 quasi
3110 5278 3346 5350 religiosi
3399 5287 3453 5336 et

1876 5383 2150 5430 amatores
2198 5374 2439 5432 ccelestis
2488 5374 2709 5446 patriae,
2748 5373 2842 5428 sed
2891 5388 2998 5428 non
3030 5372 3183 5443 quasi
3233 5379 3452 5433 senten-

1876 5464 2006 5535 tiam
2048 5464 2312 5525 habentes
2356 5464 2566 5520 utilium
2616 5472 2671 5518 et
2727 5462 3066 5521 innoxiarum
3110 5460 3449 5531 petitionum.

1875 5555 2028 5627 Saepe
2060 5572 2293 5627 namque
2314 5557 2560 5626 permisit
2589 5554 2847 5613 Dominus
2878 5553 3168 5623 discipulos
3197 5568 3324 5609 suos
3348 5567 3453 5615 non

1876 5649 2281 5718 rcctecogitare
2303 5646 2529 5716 aliquid,
2551 5654 2644 5702 aut
2668 5644 2873 5711 dicere,
2892 5644 2971 5699 vel
2989 5644 3152 5699 etiam
3176 5641 3375 5708 facere,
3398 5652 3458 5704 ut

1872 5754 1937 5795 ex
1961 5753 2148 5794 eorum
2173 5737 2327 5808 culpa
2350 5735 2945 5808 sumeretpccasioncm
2967 5734 3193 5790 docendi
3216 5742 3273 5789 et
3292 5748 3457 5802 expo-

1870 5832 2036 5897 nendi
2061 5831 2300 5911 regulam
2318 5829 2532 5913 pietatis
2555 5845 2568 5896 ;
2596 5828 2796 5899 sciebat
2822 5827 2965 5913 enim
2988 5826 3110 5909 quia
3134 5825 3249 5909 ipsc
3269 5837 3467 5892 eorum,
