4038 6440
575 443 682 502 933

1179 447 1438 505 REMIGII
1476 432 2136 505 ANTISSIODORENSIS
2169 432 2324 501 opp.
2345 432 2541 503 'mus
2569 447 2630 502 tt.
2652 479 2722 489 -
2745 446 3240 507 MISCELLANEA.

3751 458 3858 514 ἥδ

574 574 732 613 εει-οι·
775 558 907 614 nihil
937 558 1018 614 eis
1063 562 1294 617 nocebat
1327 571 1594 632 praesente
1631 563 1914 634 magistro,
1952 571 2006 616 et
2038 561 2156 631 ejus
2184 561 2230 620 A
2262 541 2460 614 imitari
2522 576 2620 630 per
2663 539 3008 632 passionem;
3062 538 3238 620 nullus
3296 567 3494 622 etenim
3547 569 3860 626 sublimiter

573 649 817 706 doctrina
867 665 1055 707 omnes
1095 652 1387 710 :ediﬁcaret
1442 671 1548 710 non
1603 655 1775 710 solum
1831 655 1884 709 in
1921 669 2158 724 praesen-

577 742 657 805 ti,
711 744 804 798 sed
862 745 1025 799 etiam
1097 746 1149 801 in
1207 748 1406 801 nimi-0.
1469 747 1540 802 At
1601 747 1689 802 illa
1747 745 1884 801 dixit
1938 760 1953 799 :
2022 763 2040 797 ι
2090 729 2160 801 tit

576 833 798 890 sedeant
843 837 900 892 lii
951 839 1057 895 duo
1094 841 1185 895 ﬁlii
1209 839 1342 903 mei,
1380 838 1622 894 unus‘ad
1661 837 1936 891 dexteram
1975 845 2155 898 tuam,

573 931 630 976 et
679 940 817 980 unus
859 929 925 983 ad
964 931 1236 986 sinistram
1288 940 1431 984 tuam
1480 929 1531 984 in
1585 943 1750 1000 regno
1801 937 1912 984 tuo.
1968 946 1986 979 ι
2031 926 2163 984 Pos-

576 1015 766 1070 tulavit
831 1018 945 1075 haec
1017 1031 1190 1077 mater
1245 1021 1492 1076 muliebri
1558 1034 1786 1084 errore,
1838 1028 1894 1074 et
1945 1019 2162 1090 pietatis

573 1103 766 1160 affectu
817 1111 1063 1166 nesciens
1119 1111 1246 1182 quid
1289 1113 1512 1168 diceret.
1569 1112 1635 1166 Et
1689 1110 1820 1182 quid
1868 1111 2065 1166 mirum
2115 1110 2161 1165 si

574 1194 676 1248 ista
738 1198 1099 1271 redarguatur
1171 1204 1454 1273 imperitia:
1517 1211 1574 1259 et
1629 1205 1987 1276 ignorantim,
2039 1215 2160 1258 cum

573 1289 822 1357 superius
881 1292 1084 1348 dictum
1141 1295 1211 1350 sit
1262 1297 1328 1351 de
1381 1295 1583 1363 Petro,
1632 1298 1848 1367 quando
1903 1297 1946 1352 is
1995 1295 2164 1352 voluit

572 1376 755 1436 facere
821 1384 925 1438 tria
1002 1384 1345 1442 tabernacula
1412 1387 1658 1444 nesciens
1721 1388 1849 1458 quid
1917 1387 2161 1443 diceret?

575 1463 682 1521 Sed
731 1474 1077 1540 quaerendum
1104 1487 1188 1531 est
1236 1491 1405 1546 quare
1455 1477 1599 1532 dicat
1642 1478 1832 1534 beatus
1881 1476 2164 1533 Mattltaru's

576 1558 736 1614 istam
809 1565 1092 1622 mulierem
1165 1569 1462 1624 accessisse
1523 1569 1590 1624 ad
1656 1569 1983 1633 Dominum,
2037 1582 2161 1622 cum

575 1647 792 1708 Marcus
833 1655 977 1711 dicat
1024 1658 1162 1714 ﬁlios
1207 1658 1324 1727 ejus
1371 1660 1710 1716 accessisse:
1741 1660 1834 1715 sed
1885 1660 2163 1716 sciendum

574 1748 659 1794 est
707 1744 833 1812 quia
882 1754 1056 1801 mater
1098 1749 1164 1802 ad
1217 1749 1502 1804 Dominum
1565 1749 1978 1820 suggerentibus
2038 1747 2163 1804 ﬁliis

575 1833 845 1899 accessit;
907 1837 1150 1895 sciebant
1207 1841 1350 1895 enim
1410 1851 1640 1896 matrem
1696 1855 1848 1896 suam
1905 1839 2158 1896 dilectam

2261 651 2404 705 valet
2460 667 2686 721 regnare
2742 668 2864 708 eum
2911 654 3168 721 Christo,
3222 658 3321 730 nisi
3376 659 3526 729 prius
3574 661 3865 718 humiliter

2244 741 2528 796 studuerit
2581 743 2691 813 pati
2745 758 2846 813 pro
2895 746 3029 815 ipso.
3089 747 3240 804 Unde
3288 749 3577 818 Apostolus
3637 753 3775 808 dicit
3845 772 3859 806 :

2267 847 2285 880 ι
2339 827 2394 884 Si
2453 831 2799 901 complantati
2854 833 2978 889 facti
3031 851 3217 892 sumus
3269 839 3607 896 similitudini
3663 844 3864 898 mortis

2261 925 2419 995 ejus,
2481 927 2639 981 simul
2696 937 2750 983 et
2803 927 3218 986 resurrectionis
3275 931 3390 1000 ejus
3442 934 3670 990 erimus.
3718 953 3739 986 ι
3791 933 3868 990 Et

2262 1015 2412 1071 item.
2467 1036 2486 1068 ι
2535 1016 2592 1072 Si
2641 1021 3002 1091 compatimur
3053 1031 3109 1077 et
3160 1023 3654 1094 eonregnabimus;
3709 1035 3768 1079 et
3815 1025 3864 1080 si

2262 1105 2394 1160 socii
2453 1104 2716 1162 fuerimus
2776 1110 3086 1179 passionis,
3147 1111 3350 1168 erimus
3411 1121 3467 1168 et
3527 1113 3867 1169 consolatio-

2262 1197 2366 1252 nis.
2419 1216 2438 1250 ›
2504 1199 2752 1255 Attamen
2813 1201 2902 1256 isti
2965 1203 3362 1272 responderunt
3417 1223 3437 1257 ι
3490 1221 3789 1275 possumus
3844 1226 3863 1258 ι

2262 1301 2368 1342 non
2422 1296 2631 1344 tantunt
2675 1305 2744 1346 ex
2786 1291 3112 1347 conﬁdentia
3170 1295 3352 1349 cordis
3408 1304 3465 1350 et
3511 1295 3715 1351 ﬁducia
3758 1311 3869 1351 sua:

2263 1376 2626 1447 fortitudinis,
2676 1390 2935 1451 quantum
2999 1384 3175 1453 potius
3227 1400 3296 1440 ex
3359 1385 3671 1455 ignorantia
3702 1427 3720 1450 ,
3778 1403 3872 1441 nco

2263 1468 2559 1524 scientibus
2611 1470 2829 1540 quidem
2890 1471 3058 1536 illud;
3118 1473 3473 1530 desiderabile
3527 1484 3617 1530 est
3667 1475 3871 1531 bellum

2263 1560 2597 1626 scientibus,
2665 1563 2820 1617 valde
2871 1578 3001 1619 vero
3062 1565 3420 1622 formidabile.
3481 1566 3764 1623 Similiter
3823 1579 3877 1622 et

2264 1652 2560 1720 inexpertis
2609 1653 2742 1710 levis
2784 1655 2997 1710 videtur
3034 1657 3264 1713 tentatio
3310 1659 3584 1727 passionis
3634 1667 3697 1714 et
3735 1674 3878 1713 mor-

2265 1741 2356 1796 tis.
2397 1741 2455 1797 Si
2489 1741 2633 1797 enim
2679 1743 2937 1800 Dominus
2979 1745 3416 1816 appropinquans
3458 1747 3714 1816 passioni
3759 1763 3876 1801 ora-

2263 1831 2356 1886 bat
2408 1848 2421 1885 :
2478 1849 2498 1884 σ
2559 1831 2754 1912 Pater,
2817 1833 2861 1888 si
2932 1833 3049 1889 ﬁeri
3111 1841 3325 1906 potest,
3387 1845 3639 1892 transeat
3713 1851 3748 1890 a
3796 1853 3877 1892 me

575 1934 695 1978 esse
748 1940 780 1979 a
831 1927 1099 1996 Domino,
1153 1942 1208 1987 et
1263 1933 1462 1990 idcirco
1515 1934 1763 1990 allectum
1816 1945 1872 1990 et
1916 1935 2166 1998 volunta-

2271 1920 2410 1976 calix
2476 1921 2619 1988 iste;
2674 1910 2716 1975 ⁷»
2789 1923 2959 1980 multo
3038 1923 3216 1979 minus
3291 1925 3379 1980 isti
3452 1925 3880 1995 respondissent

575 2023 684 2070 tem
741 2011 1014 2091 propriam
1071 2041 1168 2096 per
1223 2040 1342 2081 eam
1401 2027 1632 2084 Domino
1676 2029 2026 2086 manifestare
2074 2044 2172 2084 vo-

575 2104 814 2162 luerunt.
889 2111 956 2192 Et
1007 2124 1294 2184 propterea
1354 2118 1543 2174 beatus
1600 2117 1810 2174 Marcus
1870 2127 1930 2174 ttt
1983 2131 2171 2184 eorum

575 2195 906 2255 desiderium
951 2212 1005 2257 et
1050 2206 1332 2260 consilium
1369 2207 1668 2279 legentibus
1708 2217 1893 2264 notum
1936 2208 2172 2270 faceret»

575 2293 746 2346 tacuit
789 2295 856 2350 de
905 2295 1299 2356 interveniente
1355 2311 1529 2357 matre
1555 2343 1570 2368 ,
1603 2312 1660 2358 et
1693 2303 1813 2359 illos
1865 2303 2009 2360 solos
2045 2319 2176 2360 nar-

577 2388 664 2434 rat
726 2385 1062 2452 accessisse,
1120 2389 1316 2458 quibus
1374 2392 1784 2460 suggerentibus
1843 2402 2020 2448 mater
2083 2409 2174 2451 ac-

574 2473 760 2528 cessit.
836 2476 991 2532 Unde
1057 2487 1112 2533 et
1179 2479 1438 2538 Dominus
1509 2483 1806 2538 secundum
1880 2494 2174 2557 utrumque

577 2564 963 2634 evangelistam
1021 2585 1127 2624 non
1179 2572 1376 2635 matri,
1437 2575 1530 2629 sed
1589 2574 1712 2630 ﬁliis
1756 2578 2036 2646 respondit
2090 2580 2172 2635 di-

577 2666 708 2710 cens
741 2669 757 2708 :
795 2674 814 2707 ι
866 2655 1099 2714 Nescitis
1141 2661 1268 2730 quid
1315 2663 1547 2731 petatis;
1600 2683 1618 2717 ι
1670 2666 1984 2722 nesciebant
2027 2668 2172 2724 enim

575 2745 705 2814 quid
757 2755 1043 2816 peterent,
1096 2753 1220 2821 quia
1265 2755 1446 2810 sedem
1491 2755 1674 2826 gloriae
1711 2773 1873 2829 quam
1920 2774 2028 2814 non
2061 2775 2174 2815 me-

580 2837 844 2895 rebantur
905 2845 1204 2913 pctebant;
1273 2847 1359 2903 vel
1429 2849 1743 2906 nesciebant
1813 2853 1976 2908 etiam
2045 2853 2173 2923 quid

574 2939 861 3000 peterent,
909 2936 1033 3003 quia
1081 2938 1340 3006 putabant
1381 2941 1525 3010 quod
1569 2941 1765 3013 aliquis
1815 2944 2005 3000 sedere
2046 2959 2171 3016 pos-

575 3027 664 3072 set
710 3020 764 3074 in
818 3021 910 3076 illo
962 3037 1126 3095 regno
1177 3026 1242 3080 ad
1297 3027 1608 3094 sinistram,
1663 3045 1786 3086 cum
1835 3032 1888 3086 in
1955 3034 2045 3089 die
2091 3035 2173 3088 ul-

577 3108 694 3162 timi
757 3112 1025 3168 examinis
1092 3129 1284 3172 omnes
1338 3117 1525 3174 ﬁdeles
1589 3122 1885 3176 slatuendi-
1932 3123 2042 3178 sint
2103 3124 2171 3179 ad

578 3201 858 3258 dexteram
919 3207 1113 3261 summi
1186 3207 1351 3282 Regis
1410 3220 1466 3267 et
1524 3210 1766 3282 Judicis,
1830 3223 1952 3270 cum
2026 3215 2169 3273 illius

577 3303 802 3362 regnum
866 3295 998 3350 nihil
1053 3296 1252 3354 habeat
1305 3299 1622 3368 sinistrum,
1678 3312 1732 3360 et
1786 3303 1877 3360 illa
1933 3304 2168 3362 felicitas

579 3384 714 3439 nihil
771 3386 970 3443 habeat
1036 3392 1346 3461 reprobum.
1402 3393 1496 3450 lsti
1559 3395 1705 3451 enim
1757 3397 2005 3468 quamvis
2060 3413 2167 3453 non

577 3473 840 3534 deberent
885 3480 1132 3544 accipere
1181 3485 1325 3554 quod
1383 3486 1740 3556 quaerebant,
1789 3497 2168 3545 verumtamen

577 3580 767 3624 eorum
817 3571 1137 3643 simplicitas
1200 3563 1306 3630 non
1354 3577 1662 3632 merebatur
1715 3577 2010 3646 confundi,
2041 3580 2170 3651 quia

577 3676 646 3716 ex
695 3677 880 3720 amore
935 3665 1146 3722 Domini
1198 3678 1322 3722 nata
1374 3676 1510 3724 erat.
1566 3669 1630 3724 Et
1678 3670 1807 3741 quia
1857 3670 2172 3746 simpliciter

578 3754 1028 3824 postulaverunt,
1095 3759 1300 3816 idcirco
1354 3761 1614 3818 Dominus
1667 3779 1855 3820 eorum
1919 3764 2170 3821 affectum

581 3850 678 3896 aut
752 3843 1150 3914 simplicitatem
1218 3865 1325 3904 non
1394 3852 1777 3922 reprehendit,
1847 3853 1942 3909 sed
2023 3854 2171 3924 igno-

584 3933 820 3988 rantiam
863 3946 919 3991 et
973 3937 1300 4008 imperitiam
1347 3941 1586 4011 culpavit
1633 3942 1818 3999 dicens
1871 3960 1943 3998 τι
1987 3943 2172 3999 Nesci-

581 4023 656 4078 tis
710 4025 837 4094 quid
889 4029 1124 4096 petatis,
1187 4050 1205 4082 ι
1265 4046 1330 4085 ac
1381 4032 1425 4086 si
1479 4032 1598 4088 aliis
1654 4034 1836 4090 verbis
1889 4035 2096 4090 diceret
2153 4053 2173 4090 ι

582 4114 785 4168 bonum
844 4117 1060 4185 quidem
1111 4128 1195 4174 est
1237 4129 1476 4175 vestrum
1522 4123 1886 4191 desiderium,
1940 4126 2036 4181 sed
2090 4126 2174 4182 iu-

581 4205 924 4262 considerata
994 4210 1260 4280 petitio;
1300 4227 1414 4267 rem
1488 4215 1772 4271 honestam
1841 4218 2168 4288 postulatis,

579 4296 708 4365 quia
755 4297 882 4352 mihi
932 4299 1094 4355 vultis
1141 4301 1390 4375 conjungi
1445 4303 1498 4358 in
1556 4320 1758 4376 regno;
1808 4299 2040 4364 delectat
2075 4325 2172 4366 vos

581 4387 795 4444 culmen
845 4391 1112 4458 honoris,
1153 4394 1247 4449 sed
1298 4403 1477 4449 tamen
1533 4411 1753 4452 necesse
1805 4408 1904 4454 est-
1934 4410 1992 4454 ιιι
2021 4403 2171 4472 prius

581 4495 680 4535 vos
745 4493 1000 4538 exerceat
1059 4485 1146 4540 via
1215 4485 1433 4542 laboris.
1508 4487 1766 4559 Sequitur
1812 4506 1826 4544 :
1882 4506 1903 4542 ι
1947 4491 2172 4560 potestis

581 4573 770 4670 bibere
820 4577 1040 4670 calicem
1098 4573 1258 4649 Quem
1309 4595 1410 4651 ego
1463 4581 1728 4637 bibiturus
1784 4583 1951 4638 sum?
1985 4604 2004 4636 i
2061 4582 2166 4638 Ca-
2196 4611 2248 4670 Ι)

583 4663 744 4722 licem
801 4667 1034 4738 appellat
1094 4670 1485 4744 amarissimam
1543 4673 1890 4741 passionem;
1952 4673 2170 4728 nomine

587 4772 822 4827 namque
877 4760 1063 4816 calicis
1120 4761 1234 4816 vult
1284 4763 1506 4833 intelligi
1562 4765 1867 4832 passionem
1922 4763 2168 4834 martyrii

581 4865 680 4924 per
740 4867 902 4922 quam
967 4868 1188 4908 necesse
1242 4863 1360 4910 erat
1414 4863 1473 4909 ut
1525 4856 1638 4924 ipse
1688 4854 1867 4910 ot’illi
1921 4869 2173 4909 consum-

583 4951 884 4997 marentur.
936 4943 1072 5000 Hinc
1118 4953 1200 5000 est
1240 4947 1381 5015 quod
1430 4947 1685 5002 Dominus
1735 4946 2173 5017 appropinquans

584 5032 824 5104 passioni
883 5034 1100 5089 dicebat
1137 5052 1151 5088 :
1199 5054 1216 5086 ι
1258 5034 1460 5101 Pater,
1508 5036 1550 5091 si
1585 5035 1699 5091 ﬁeri
1749 5044 1946 5106 potest,
1990 5045 2170 5090 trans-

585 5133 677 5181 cat
709 5141 738 5181 a
765 5141 850 5181 me
877 5126 1017 5184 calix
1043 5127 1164 5183 iste.
1199 5147 1218 5180 ι
1247 5128 1310 5182 Ει
1336 5128 1620 5183 Psalmista
1654 5145 1668 5182 :
1714 5145 1732 5178 ι
1770 5126 2002 5182 Calicem
2033 5125 2176 5182 saluo

587 5216 724 5273 taris
761 5217 1045 5288 accipiam,
1101 5237 1119 5270 ι
1169 5216 1274 5273 Sed
1317 5218 1660 5288 quaerendum
1715 5225 1799 5271 est
1845 5230 2013 5286 quare
2067 5214 2174 5268 Do-

586 5309 766 5367 minus
803 5309 935 5367 istos
973 5311 1320 5382 interrogavit
1358 5328 1372 5364 :
1411 5330 1429 5362 ‹
1474 5309 1698 5380 potestis
1735 5307 1922 5362 bibere
1951 5305 2174 5362 calicem

586 5413 747 5472 quem
796 5415 895 5470 ego
943 5401 1214 5456 bibiturus
1253 5401 1408 5455 sum?
1453 5419 1472 5452 ι
1514 5399 1596 5454 An
1652 5396 1934 5468 ignorabat
1983 5396 2099 5465 ipse
2130 5393 2175 5448 si

585 5505 710 5546 cum
769 5499 989 5559 possent
1049 5489 1249 5544 imitari
1309 5504 1406 5560 per
1458 5486 1806 5559 passionem?
1864 5484 2021 5552 Non,
2081 5486 2176 5541 sed

587 5581 711 5641 ideo
761 5581 1098 5652 interrogare
1165 5580 1336 5637 voluit
1389 5589 1450 5636 ut
1509 5580 1600 5636 illo
1666 5580 2064 5650 interrogante,
2123 5584 2179 5632 et

588 5670 722 5745 Ipsis
772 5673 1217 5743 respondentibus
1267 5690 1287 5725 α
1345 5687 1672 5744 possumus,
1729 5690 1748 5724 ι
1812 5686 1912 5731 nos
1958 5670 2175 5741 quidem

591 5761 902 5819 audiremus
962 5772 1018 5817 et
1095 5753 1552 5834 intelligeremus,
1613 5763 1740 5832 quia
1804 5761 1982 5818 nullus
2040 5760 2182 5815 valet

593 5865 718 5910 eum
772 5849 987 5911 Christo
1037 5868 1262 5925 regnare
1311 5855 1365 5910 in
1409 5854 1602 5922 cwlis,
1659 5853 1763 5911 nisi
1815 5854 2023 5913 studeat
2056 5866 2178 5910 cum

2278 2031 2297 2064 ι
2341 2028 2626 2084 possumus
2653 2055 2668 2081 ,
2711 2033 2730 2068 ι
2761 2016 2808 2071 si
2855 2016 3056 2071 scirent
3097 2017 3271 2087 qualis
3317 2027 3460 2074 esset
3510 2019 3568 2073 in
3605 2020 3878 2089 praesenti

2272 2103 2426 2160 dolor
2486 2104 2791 2174 passionis.
2861 2114 2917 2162 et
2967 2107 3132 2162 timor
3191 2108 3418 2173 mortis;
3490 2109 3668 2164 habet
3737 2111 3878 2163 enim

2271 2198 2454 2269 passio
2515 2214 2770 2271 magnum
2825 2198 3108 2265 dolorem,
3160 2209 3218 2256 et
3273 2216 3420 2256 mors
3479 2216 3753 2272 magnum
3812 2200 3879 2256 tio

2273 2303 2500 2344 morem.
2551 2288 2810 2360 Sequitur
2857 2309 2872 2345 :
2919 2308 2940 2339 σ
2996 2290 3232 2347 Calicem
3283 2291 3497 2360 quidem
3554 2305 3746 2346 meum
3805 2291 3879 2345 bi-

2272 2379 2430 2446 betis,
2475 2380 2664 2436 sedere
2708 2389 2889 2436 autem
2942 2381 3010 2436 ad
3051 2381 3331 2437 dexteram
3379 2396 3558 2436 meam
3610 2381 3706 2436 vel
3755 2382 3879 2436 sini~

2271 2479 2440 2526 stram
2492 2485 2599 2526 non
2646 2481 2732 2527 est
2776 2486 2956 2527 meum
3004 2472 3134 2527 dare
3177 2473 3362 2538 vobis,
3414 2473 3507 2528 sed
3555 2474 3765 2543 quibus
3793 2488 3880 2542 pa-

2274 2571 2451 2618 ratum
2501 2571 2586 2620 est
2639 2579 2669 2619 a
2716 2563 2878 2620 Patre
2928 2579 3068 2621 meo.
3125 2583 3142 2617 ι
3209 2565 3440 2622 Pulchre
3492 2577 3689 2621 autem
3753 2568 3879 2621 dicit

2277 2671 2297 2706 ι
2359 2668 2578 2722 meum,
2637 2673 2658 2708 ι
2712 2655 2768 2711 id
2817 2664 2902 2712 est
2951 2657 3066 2713 sive
3119 2672 3206 2713 me
3262 2657 3566 2722 imitando,
3618 2659 3742 2714 sive
3787 2675 3879 2728 pro

2271 2745 2612 2802 confessione
2639 2747 2874 2804 nominis
2904 2749 3034 2805 mei.
3070 2749 3176 2805 Sed
3203 2752 3556 2820 quaerendum
3589 2761 3682 2806 est
3714 2768 3876 2823 quare

2272 2837 2416 2894 dicat
2463 2836 2722 2894 Dominus
2769 2840 2992 2896 calicem
3043 2856 3233 2896 meum.
3263 2841 3496 2907 bibetis,
3552 2858 3685 2897 cum
3745 2860 3877 2900 unus

2271 2929 2488 3000 quidem
2549 2945 2776 2997 eorum,
2845 2932 2900 2988 id
2956 2941 3041 2988 est
3069 2931 3332 3000 Jacobus,
3388 2949 3487 3004 per
3550 2935 3876 2991 eﬁ'usioncut

2270 3022 2549 3094 sanguinis
2591 3023 2759 3079 vitam
2812 3025 3044 3093 ﬁnierit,
3093 3027 3231 3082 alter
3274 3043 3438 3095 vero,
3487 3030 3542 3084 id
3580 3041 3672 3086 est
3717 3031 3880 3088 Joan-

2270 3129 2398 3181 nes,
2439 3115 2491 3170 in
2534 3131 2668 3186 pace
2705 3117 2962 3174 Ecclesia:
2990 3119 3275 3189 quieverit.
3307 3119 3385 3174 De
3433 3123 3697 3191 passione
3726 3140 3877 3178 nant-

2272 3222 2378 3277 que
2415 3206 2602 3264 Jacobi
2646 3207 2823 3266 Lucas
2871 3211 3213 3280 apertissime
3267 3213 3321 3267 in
3363 3212 3589 3269 Actibus
3661 3227 3872 3288 aposto-

2273 3297 2445 3352 lorum
2497 3298 2809 3354 manifestat
2861 3314 2985 3356 cum
3041 3301 3173 3358 dicit
3218 3319 3231 3356 :
3272 3321 3290 3354 c
3328 3303 3470 3358 Misit
3503 3303 3752 3360 Herodes
3782 3322 3868 3361 rex

2269 3404 2464 3446 manus
2513 3399 2576 3447 ut
2616 3389 2878 3463 afﬂigeret
2925 3393 3190 3463 quosdam
3217 3393 3285 3450 de
3333 3394 3617 3460 Ecclesia;
3677 3391 3872 3452 occidit

2269 3488 2448 3536 autem
2494 3478 2754 3536 Jacobum
2804 3480 3024 3538 fratrem
3052 3479 3277 3539 Joannis
3322 3483 3520 3554 gladio.
3573 3503 3591 3536 ι
3628 3483 3871 3541 Joannes

2267 3584 2431 3635 vero,
2460 3570 2602 3626 sicut
2628 3571 2681 3626 in
2714 3570 2937 3627 Patrum
2966 3571 3164 3628 litteris
3209 3571 3436 3642 legitur,
3476 3581 3534 3628 et
3564 3573 3709 3629 sicut
3742 3575 3870 3628 ﬁde-

2269 3659 2349 3716 les
2377 3660 2617 3716 historia:
2642 3660 2883 3717 referunt
2900 3701 2916 3730 ,
2945 3677 3068 3718 cum
3091 3660 3206 3731 jam
3227 3661 3388 3734 longo
3411 3661 3696 3718 confectus
3717 3665 3870 3718 senio

2270 3750 2436 3806 sciret
2468 3751 2572 3807 sibi
2615 3751 2900 3808 imminere
2937 3751 3080 3807 diem
3125 3752 3350 3817 mortis,
3395 3753 3714 3807 convocatis
3745 3753 3873 3807 ﬁde-

2271 3838 2413 3896 libus
2460 3850 2583 3912 post
2629 3842 2920 3898 missarum
2969 3842 3386 3898 celebrationem
3407 3883 3422 3908 ,
3454 3851 3510 3897 et
3542 3844 3748 3898 monita
3781 3860 3873 3899 ex-

2272 3935 2628 4000 hortationis,
2678 3933 2926 3989 ultimum
2970 3934 3051 3989 eis
3089 3933 3369 3999 valefecit,
3427 3950 3491 3989 ac
3536 3934 3733 3990 deinde
3781 3934 3870 3990 de-

2271 4023 2536 4080 scendens
2577 4023 2632 4078 in
2672 4023 2945 4080 defossum
2985 4023 3275 4093 sepulturae
3321 4039 3434 4079 sua:
3478 4023 3695 4090 locum,
3731 4025 3872 4079 facta

2271 4116 2516 4172 oratione
2570 4116 2845 4186 appositus
2895 4124 2978 4171 est
3024 4115 3091 4170 ad
3142 4123 3329 4186 patres
3381 4131 3539 4182 suos,
3597 4126 3657 4172 et
3707 4117 3790 4171 sic
3843 4133 3872 4170 a

2273 4207 2458 4263 dolore
2496 4208 2688 4264 mortis
2728 4216 3018 4264 extraneus
3064 4205 3197 4274 fuit,
3252 4207 3395 4264 sicut
3439 4208 3652 4264 alienus
3697 4209 3870 4263 fuerat

2273 4314 2303 4354 a
2331 4299 2678 4368 corruptione
2709 4298 2907 4354 carnis.
2956 4297 3236 4365 Quomodo
3279 4315 3411 4370 ergo
3463 4298 3706 4355 Joannes
3738 4300 3875 4354 cali-

2271 4404 2388 4445 cem
2436 4389 2645 4444 Domini
2689 4389 2858 4455 bibit,
2902 4390 2994 4458 qui
3037 4388 3243 4459 absque
3299 4390 3485 4446 dolore
3530 4391 3726 4445 mortis
3769 4391 3871 4445 mi-

2273 4485 2448 4556 gravit
2495 4484 2562 4538 de
2609 4482 2849 4537 mundo?
2881 4481 2986 4536 Sed
3031 4481 3311 4537 sciendum
3350 4482 3473 4552 quia
3505 4481 3719 4536 duobus
3762 4497 3873 4536 mo-

2275 4575 2358 4630 dis
2409 4575 2549 4630 calix
2611 4573 2821 4628 Domini
2876 4571 3095 4627 bibitur.
3157 4572 3276 4630 Uno
3328 4573 3488 4628 modo
3537 4587 3664 4626 cum
3721 4588 3868 4627 mors

2278 4664 2424 4720 illata
2487 4679 2519 4718 a
2568 4672 2913 4734 persecutore
2973 4663 3242 4732 patienter
3308 4663 3636 4732 suscipitur;
3704 4663 3870 4718 altero

2275 4772 2407 4813 vero
2435 4772 2557 4812 cum
2598 4757 2814 4811 animus
2840 4765 3060 4826 paratus
3089 4763 3172 4810 est
3200 4755 3265 4810 ad
3307 4754 3688 4824 perferendam
3723 4771 3868 4810 mor-

2280 4855 2418 4912 tem,
2449 4855 2504 4901 et
2532 4845 2642 4900 vita
2687 4845 2846 4916 digna
2893 4847 3101 4916 geritur
3152 4845 3433 4917 martyrio.
3476 4845 3718 4901 Joannes
3748 4862 3871 4918 ergo

2278 4939 2502 4993 calicem
2553 4937 2764 4994 Domini
2817 4937 2986 5004 bibit,
3035 4937 3163 5008 quia
3216 4946 3439 5007 paratus
3481 4937 3581 4992 fuit
3632 4939 3700 4992 ad
3754 4954 3872 5009 per.

2277 5029 2554 5085 ferendam
2605 5037 2865 5093 mortem,
2911 5035 2967 5083 et
3013 5029 3120 5082 vita
3169 5026 3286 5097 ejus
3329 5028 3488 5098 digna
3539 5038 3665 5083 erat
3729 5045 3870 5083 mar-

2278 5121 2437 5193 tyrio.
2488 5119 2625 5176 Nam
2680 5120 2788 5176 duo
2837 5129 2963 5175 sunt
3010 5135 3207 5191 genera
3264 5121 3549 5190 martyrii,
3598 5137 3772 5175 unum
3823 5121 3872 5174 iu

2279 5220 2467 5283 aperta
2540 5212 2945 5281 persecutione,
3015 5211 3243 5266 alterum
3329 5226 3459 5266 vero
3527 5212 3580 5265 in
3662 5211 3870 5266 occulta

2277 5305 2460 5360 carnis
2502 5304 2888 5362 maceratione.
2929 5302 3166 5358 Joannes
3203 5317 3332 5373 ergo
3380 5303 3609 5358 calicem
3660 5302 3868 5357 Domini

2279 5395 2448 5461 bibit,
2501 5403 2556 5449 et
2607 5394 2652 5449 si
2707 5409 2812 5450 non
2879 5394 3017 5448 bibit
3088 5394 3140 5448 in
3205 5402 3389 5462 aperta
3449 5394 3866 5463 persecutione,

2278 5485 2414 5542 bibit
2461 5483 2513 5539 in
2559 5482 2772 5540 occulta
2817 5483 2998 5538 carnis
3051 5482 3428 5538 maceratione.
3481 5482 3867 5536 Verumtamen

2278 5574 2416 5630 bibit
2449 5571 2682 5630 Joannes
2719 5573 2942 5628 calicem
2971 5573 3180 5627 Domini
3209 5573 3370 5628 etiam
3408 5586 3504 5641 per
3531 5573 3864 5641 passionem;

2281 5681 2439 5732 nam,
2493 5667 2635 5724 sicut
2673 5664 2727 5720 in
2778 5666 3004 5721 Actibus
3053 5664 3420 5735 apostolorum
3468 5663 3697 5734 legitur,
3748 5679 3862 5719 cunt

2283 5757 2493 5815 caeteris
2539 5756 2798 5828 apostolis
2850 5771 3126 5812 carcerem
3159 5764 3233 5810 .et
3281 5755 3502 5812 verbera
3542 5757 3803 5811 sustinuit
3847 5772 3859 5806 :

2286 5869 2304 5905 ι
2350 5852 2500 5912 Ibant
2543 5853 2684 5908 enim
2718 5851 3012 5926 gaudentes
3042 5867 3070 5905 a
3112 5858 3399 5922 conspectu
3453 5849 3694 5915 concilii,
3737 5863 3860 5919 quo-
