  <div class='ocr_page' id='page_1' title='image "/cluster/home/n/w/nwhite01/storage/ocr_20150623/131/hvd.32044015471725/468.png"; bbox 0 0 3920 5592; ppageno 0'>
   <div class='ocr_carea' id='block_1_1' title="bbox 39 439 1827 499">
    <p class='ocr_par' dir='ltr' id='par_1_1' title="bbox 39 439 1827 499">
     <span class='ocr_line' id='line_1_1' title="bbox 39 439 1827 499; baseline 0.002 -5"><span class='ocrx_word' id='word_1_1' title='bbox 39 439 113 494; x_wconf 57' lang='grc' dir='ltr'><strong>νὶὸ</strong></span> <span class='ocrx_word' id='word_1_2' title='bbox 1501 441 1827 499; x_wconf 69' lang='grc' dir='ltr'><strong>ΗΟΜιιιΑε.</strong></span> 
     </span>
    </p>
   </div>
   <div class='ocr_carea' id='block_1_2' title="bbox 3211 443 3319 501">
    <p class='ocr_par' dir='ltr' id='par_1_2' title="bbox 3211 443 3319 501">
     <span class='ocr_line' id='line_1_2' title="bbox 3211 443 3319 501; baseline 0 0"><span class='ocrx_word' id='word_1_3' title='bbox 3211 443 3319 501; x_wconf 66' lang='lat'><strong>926</strong></span> 
     </span>
    </p>
   </div>
   <div class='ocr_carea' id='block_1_3' title="bbox 39 546 3319 628">
    <p class='ocr_par' dir='ltr' id='par_1_3' title="bbox 39 546 3319 628">
     <span class='ocr_line' id='line_1_3' title="bbox 39 546 3319 628; baseline 0.003 -22"><span class='ocrx_word' id='word_1_4' title='bbox 39 554 149 611; x_wconf 60' lang='lat' dir='ltr'><strong>liam</strong></span> <span class='ocrx_word' id='word_1_5' title='bbox 199 546 356 620; x_wconf 86' lang='lat' dir='ltr'><strong>digni</strong></span> <span class='ocrx_word' id='word_1_6' title='bbox 419 548 612 604; x_wconf 84' lang='lat' dir='ltr'><strong>habiti</strong></span> <span class='ocrx_word' id='word_1_7' title='bbox 674 557 802 605; x_wconf 86' lang='lat' dir='ltr'><strong>sunt</strong></span> <span class='ocrx_word' id='word_1_8' title='bbox 849 563 949 620; x_wconf 89' lang='lat' dir='ltr'><strong>pro</strong></span> <span class='ocrx_word' id='word_1_9' title='bbox 1004 550 1221 606; x_wconf 78' lang='lat' dir='ltr'><strong>nomine</strong></span> <span class='ocrx_word' id='word_1_10' title='bbox 1270 549 1395 606; x_wconf 68' lang='lat' dir='ltr'><strong>Iesu</strong></span> <span class='ocrx_word' id='word_1_11' title='bbox 1447 562 1635 609; x_wconf 89' lang='lat' dir='ltr'><strong>contu-</strong></span> <span class='ocrx_word' id='word_1_12' title='bbox 1662 551 2032 623; x_wconf 77' lang='lat' dir='ltr'><strong>Aaliquando</strong></span> <span class='ocrx_word' id='word_1_13' title='bbox 2060 567 2123 608; x_wconf 78' lang='lat' dir='ltr'><strong>ex</strong></span> <span class='ocrx_word' id='word_1_14' title='bbox 2157 554 2458 609; x_wconf 89' lang='lat' dir='ltr'><strong>substantia</strong></span> <span class='ocrx_word' id='word_1_15' title='bbox 2499 556 2879 619; x_wconf 70' lang='lat' dir='ltr'><strong>humanitatis,</strong></span> <span class='ocrx_word' id='word_1_16' title='bbox 2926 557 3216 628; x_wconf 78' lang='lat' dir='ltr'><strong>aliquando</strong></span> <span class='ocrx_word' id='word_1_17' title='bbox 3251 578 3319 616; x_wconf 82' lang='lat' dir='ltr'><strong>ex</strong></span> 
     </span>
    </p>
   </div>
   <div class='ocr_carea' id='block_1_4' title="bbox 39 641 1634 715">
    <p class='ocr_par' dir='ltr' id='par_1_4' title="bbox 39 641 1634 715">
     <span class='ocr_line' id='line_1_4' title="bbox 39 641 1634 715; baseline 0.002 -16"><span class='ocrx_word' id='word_1_18' title='bbox 39 646 218 700; x_wconf 84' lang='lat' dir='ltr'><strong>neliam</strong></span> <span class='ocrx_word' id='word_1_19' title='bbox 264 641 406 712; x_wconf 90' lang='lat' dir='ltr'><strong>pati.</strong></span> <span class='ocrx_word' id='word_1_20' title='bbox 460 663 482 695; x_wconf 75' lang='grc' dir='ltr'><strong><em>ι</em></strong></span> <span class='ocrx_word' id='word_1_21' title='bbox 521 643 597 697; x_wconf 86' lang='lat' dir='ltr'><strong>Et</strong></span> <span class='ocrx_word' id='word_1_22' title='bbox 634 645 705 699; x_wconf 85' lang='lat' dir='ltr'><strong>ob</strong></span> <span class='ocrx_word' id='word_1_23' title='bbox 751 645 1167 715; x_wconf 88' lang='lat' dir='ltr'><strong>lnsuperabilem</strong></span> <span class='ocrx_word' id='word_1_24' title='bbox 1196 647 1634 715; x_wconf 58' lang='lat' dir='ltr'><strong>praedicationem</strong></span> 
     </span>
    </p>
   </div>
   <div class='ocr_carea' id='block_1_5' title="bbox 40 734 1634 812">
    <p class='ocr_par' dir='ltr' id='par_1_5' title="bbox 40 734 1634 812">
     <span class='ocr_line' id='line_1_5' title="bbox 40 734 1634 812; baseline 0.003 -21"><span class='ocrx_word' id='word_1_25' title='bbox 40 734 282 805; x_wconf 64' lang='lat' dir='ltr'><strong>Evangelii</strong></span> <span class='ocrx_word' id='word_1_26' title='bbox 328 749 362 788; x_wconf 87' lang='lat' dir='ltr'><strong>a</strong></span> <span class='ocrx_word' id='word_1_27' title='bbox 412 735 745 797; x_wconf 84' lang='lat' dir='ltr'><strong>Domitiano</strong></span> <span class='ocrx_word' id='word_1_28' title='bbox 787 738 1109 807; x_wconf 88' lang='lat' dir='ltr'><strong>impiissimo</strong></span> <span class='ocrx_word' id='word_1_29' title='bbox 1152 738 1395 812; x_wconf 86' lang='lat' dir='ltr'><strong>principe</strong></span> <span class='ocrx_word' id='word_1_30' title='bbox 1435 740 1634 795; x_wconf 90' lang='lat' dir='ltr'><strong>missus</strong></span> 
     </span>
    </p>
   </div>
   <div class='ocr_carea' id='block_1_6' title="bbox 39 823 1635 898">
    <p class='ocr_par' dir='ltr' id='par_1_6' title="bbox 39 823 1635 898">
     <span class='ocr_line' id='line_1_6' title="bbox 39 823 1635 898; baseline 0.004 -19"><span class='ocrx_word' id='word_1_31' title='bbox 39 836 93 881; x_wconf 70' lang='lat' dir='ltr'><strong>est</strong></span> <span class='ocrx_word' id='word_1_32' title='bbox 134 827 185 880; x_wconf 90' lang='lat' dir='ltr'><strong>in</strong></span> <span class='ocrx_word' id='word_1_33' title='bbox 230 823 667 881; x_wconf 71' lang='lat' dir='ltr'><strong>ferventissimo</strong></span> <span class='ocrx_word' id='word_1_34' title='bbox 707 826 809 881; x_wconf 90' lang='lat' dir='ltr'><strong>olei</strong></span> <span class='ocrx_word' id='word_1_35' title='bbox 853 826 1030 893; x_wconf 90' lang='lat' dir='ltr'><strong>dolio,</strong></span> <span class='ocrx_word' id='word_1_36' title='bbox 1069 828 1136 883; x_wconf 90' lang='lat' dir='ltr'><strong>de</strong></span> <span class='ocrx_word' id='word_1_37' title='bbox 1179 842 1287 898; x_wconf 89' lang='lat' dir='ltr'><strong>quo</strong></span> <span class='ocrx_word' id='word_1_38' title='bbox 1318 829 1390 883; x_wconf 87' lang='lat' dir='ltr'><strong>ita</strong></span> <span class='ocrx_word' id='word_1_39' title='bbox 1438 829 1635 886; x_wconf 64' lang='lat' dir='ltr'><strong>illaasus</strong></span> 
     </span>
    </p>
   </div>
   <div class='ocr_carea' id='block_1_7' title="bbox 42 915 1633 988">
    <p class='ocr_par' dir='ltr' id='par_1_7' title="bbox 42 915 1633 988">
     <span class='ocr_line' id='line_1_7' title="bbox 42 915 1633 988; baseline 0.004 -19"><span class='ocrx_word' id='word_1_40' title='bbox 42 916 172 973; x_wconf 75' lang='lat' dir='ltr'><strong>:xivit</strong></span> <span class='ocrx_word' id='word_1_41' title='bbox 227 930 260 970; x_wconf 88' lang='lat' dir='ltr'><strong>a</strong></span> <span class='ocrx_word' id='word_1_42' title='bbox 308 915 514 972; x_wconf 85' lang='lat' dir='ltr'><strong>dolore</strong></span> <span class='ocrx_word' id='word_1_43' title='bbox 570 918 884 987; x_wconf 80' lang='lat' dir='ltr'><strong>passionis,</strong></span> <span class='ocrx_word' id='word_1_44' title='bbox 936 920 1392 988; x_wconf 84' lang='lat' dir='ltr'><strong>quemadmodum</strong></span> <span class='ocrx_word' id='word_1_45' title='bbox 1448 930 1633 975; x_wconf 79' lang='lat' dir='ltr'><strong>extra-</strong></span> 
     </span>
    </p>
   </div>
   <div class='ocr_carea' id='block_1_8' title="bbox 39 1008 1636 1083">
    <p class='ocr_par' dir='ltr' id='par_1_8' title="bbox 39 1008 1636 1083">
     <span class='ocr_line' id='line_1_8' title="bbox 39 1008 1636 1083; baseline 0.004 -20"><span class='ocrx_word' id='word_1_46' title='bbox 39 1026 139 1065; x_wconf 81' lang='lat' dir='ltr'><strong>Icus</strong></span> <span class='ocrx_word' id='word_1_47' title='bbox 179 1008 361 1064; x_wconf 83' lang='lat' dir='ltr'><strong>fuerat</strong></span> <span class='ocrx_word' id='word_1_48' title='bbox 410 1024 441 1061; x_wconf 92' lang='lat' dir='ltr'><strong>a</strong></span> <span class='ocrx_word' id='word_1_49' title='bbox 487 1012 854 1080; x_wconf 79' lang='lat' dir='ltr'><strong>corruptione</strong></span> <span class='ocrx_word' id='word_1_50' title='bbox 890 1012 1107 1077; x_wconf 87' lang='lat' dir='ltr'><strong>carnis,</strong></span> <span class='ocrx_word' id='word_1_51' title='bbox 1156 1022 1210 1067; x_wconf 91' lang='lat' dir='ltr'><strong>et</strong></span> <span class='ocrx_word' id='word_1_52' title='bbox 1252 1012 1523 1083; x_wconf 77' lang='lat' dir='ltr'><strong>relegatus</strong></span> <span class='ocrx_word' id='word_1_53' title='bbox 1551 1024 1636 1069; x_wconf 89' lang='lat' dir='ltr'><strong>est</strong></span> 
     </span>
    </p>
   </div>
   <div class='ocr_carea' id='block_1_9' title="bbox 40 1097 1635 1173">
    <p class='ocr_par' dir='ltr' id='par_1_9' title="bbox 40 1097 1635 1173">
     <span class='ocr_line' id='line_1_9' title="bbox 40 1097 1635 1173; baseline 0.001 -17"><span class='ocrx_word' id='word_1_54' title='bbox 40 1099 196 1158; x_wconf 68' lang='lat' dir='ltr'><strong>exsilio</strong></span> <span class='ocrx_word' id='word_1_55' title='bbox 232 1099 289 1155; x_wconf 88' lang='lat' dir='ltr'><strong>iu</strong></span> <span class='ocrx_word' id='word_1_56' title='bbox 334 1097 618 1156; x_wconf 89' lang='lat' dir='ltr'><strong>Pathmos</strong></span> <span class='ocrx_word' id='word_1_57' title='bbox 672 1100 868 1157; x_wconf 86' lang='lat' dir='ltr'><strong>insula.</strong></span> <span class='ocrx_word' id='word_1_58' title='bbox 911 1099 1147 1157; x_wconf 76' lang='lat' dir='ltr'><strong>Joannes</strong></span> <span class='ocrx_word' id='word_1_59' title='bbox 1190 1117 1319 1173; x_wconf 89' lang='lat' dir='ltr'><strong>ergo</strong></span> <span class='ocrx_word' id='word_1_60' title='bbox 1372 1118 1495 1157; x_wconf 92' lang='lat' dir='ltr'><strong>cum</strong></span> <span class='ocrx_word' id='word_1_61' title='bbox 1524 1102 1635 1157; x_wconf 85' lang='lat' dir='ltr'><strong>fra-</strong></span> 
     </span>
    </p>
   </div>
   <div class='ocr_carea' id='block_1_10' title="bbox 44 1190 1635 1271">
    <p class='ocr_par' dir='ltr' id='par_1_10' title="bbox 44 1190 1635 1271">
     <span class='ocr_line' id='line_1_10' title="bbox 44 1190 1635 1271; baseline 0.003 -26"><span class='ocrx_word' id='word_1_62' title='bbox 44 1209 92 1248; x_wconf 93' lang='lat' dir='ltr'><strong>re</strong></span> <span class='ocrx_word' id='word_1_63' title='bbox 139 1206 236 1247; x_wconf 89' lang='lat' dir='ltr'><strong>suo</strong></span> <span class='ocrx_word' id='word_1_64' title='bbox 288 1191 529 1271; x_wconf 68' lang='lat' dir='ltr'><strong>calicem</strong></span> <span class='ocrx_word' id='word_1_65' title='bbox 581 1190 800 1248; x_wconf 87' lang='lat' dir='ltr'><strong>Domini</strong></span> <span class='ocrx_word' id='word_1_66' title='bbox 853 1193 1021 1259; x_wconf 86' lang='lat' dir='ltr'><strong>bibit,</strong></span> <span class='ocrx_word' id='word_1_67' title='bbox 1070 1196 1194 1264; x_wconf 86' lang='lat' dir='ltr'><strong>quia</strong></span> <span class='ocrx_word' id='word_1_68' title='bbox 1242 1195 1334 1265; x_wconf 90' lang='lat' dir='ltr'><strong>qui</strong></span> <span class='ocrx_word' id='word_1_69' title='bbox 1390 1194 1515 1249; x_wconf 90' lang='lat' dir='ltr'><strong>talia</strong></span> <span class='ocrx_word' id='word_1_70' title='bbox 1568 1211 1635 1251; x_wconf 89' lang='lat' dir='ltr'><strong>ac</strong></span> 
     </span>
    </p>
   </div>
   <div class='ocr_carea' id='block_1_11' title="bbox 44 1282 1633 1357">
    <p class='ocr_par' dir='ltr' id='par_1_11' title="bbox 44 1282 1633 1357">
     <span class='ocr_line' id='line_1_11' title="bbox 44 1282 1633 1357; baseline 0.003 -18"><span class='ocrx_word' id='word_1_71' title='bbox 44 1295 158 1339; x_wconf 87' lang='lat' dir='ltr'><strong>anta</strong></span> <span class='ocrx_word' id='word_1_72' title='bbox 201 1282 500 1349; x_wconf 87' lang='lat' dir='ltr'><strong>sustinuit,</strong></span> <span class='ocrx_word' id='word_1_73' title='bbox 552 1293 750 1356; x_wconf 87' lang='lat' dir='ltr'><strong>aperte</strong></span> <span class='ocrx_word' id='word_1_74' title='bbox 794 1285 1200 1351; x_wconf 83' lang='lat' dir='ltr'><strong>demonstratur</strong></span> <span class='ocrx_word' id='word_1_75' title='bbox 1245 1286 1371 1356; x_wconf 89' lang='lat' dir='ltr'><strong>quia</strong></span> <span class='ocrx_word' id='word_1_76' title='bbox 1411 1293 1633 1357; x_wconf 88' lang='lat' dir='ltr'><strong>paratus</strong></span> 
     </span>
    </p>
   </div>
   <div class='ocr_carea' id='block_1_12' title="bbox 40 1375 1633 1447">
    <p class='ocr_par' dir='ltr' id='par_1_12' title="bbox 40 1375 1633 1447">
     <span class='ocr_line' id='line_1_12' title="bbox 40 1375 1633 1447; baseline 0.003 -18"><span class='ocrx_word' id='word_1_77' title='bbox 40 1387 124 1432; x_wconf 79' lang='lat' dir='ltr'><strong>:rat</strong></span> <span class='ocrx_word' id='word_1_78' title='bbox 165 1376 231 1431; x_wconf 91' lang='lat' dir='ltr'><strong>ad</strong></span> <span class='ocrx_word' id='word_1_79' title='bbox 274 1375 682 1446; x_wconf 79' lang='lat' dir='ltr'><strong>perferendam</strong></span> <span class='ocrx_word' id='word_1_80' title='bbox 727 1384 957 1432; x_wconf 91' lang='lat' dir='ltr'><strong>mortem</strong></span> <span class='ocrx_word' id='word_1_81' title='bbox 1005 1377 1199 1443; x_wconf 89' lang='lat' dir='ltr'><strong>etiam,</strong></span> <span class='ocrx_word' id='word_1_82' title='bbox 1249 1378 1293 1433; x_wconf 89' lang='lat' dir='ltr'><strong>si</strong></span> <span class='ocrx_word' id='word_1_83' title='bbox 1343 1378 1391 1433; x_wconf 90' lang='lat' dir='ltr'><strong>ei</strong></span> <span class='ocrx_word' id='word_1_84' title='bbox 1436 1394 1467 1432; x_wconf 93' lang='lat' dir='ltr'><strong>a</strong></span> <span class='ocrx_word' id='word_1_85' title='bbox 1508 1393 1633 1447; x_wconf 89' lang='lat' dir='ltr'><strong>per-</strong></span> 
     </span>
    </p>
   </div>
   <div class='ocr_carea' id='block_1_13' title="bbox 42 1464 1632 1543">
    <p class='ocr_par' dir='ltr' id='par_1_13' title="bbox 42 1464 1632 1543">
     <span class='ocr_line' id='line_1_13' title="bbox 42 1464 1632 1543; baseline -0.001 -16"><span class='ocrx_word' id='word_1_86' title='bbox 42 1478 252 1527; x_wconf 71' lang='lat' dir='ltr'><strong>eculore</strong></span> <span class='ocrx_word' id='word_1_87' title='bbox 307 1469 642 1527; x_wconf 82' lang='lat' dir='ltr'><strong>inferretur.</strong></span> <span class='ocrx_word' id='word_1_88' title='bbox 678 1464 785 1525; x_wconf 88' lang='lat' dir='ltr'><strong>Sed</strong></span> <span class='ocrx_word' id='word_1_89' title='bbox 833 1471 1182 1539; x_wconf 72' lang='lat' dir='ltr'><strong>quaerendum</strong></span> <span class='ocrx_word' id='word_1_90' title='bbox 1230 1479 1312 1525; x_wconf 89' lang='lat' dir='ltr'><strong>est</strong></span> <span class='ocrx_word' id='word_1_91' title='bbox 1361 1472 1632 1543; x_wconf 84' lang='lat' dir='ltr'><strong>quomodo</strong></span> 
     </span>
    </p>
   </div>
   <div class='ocr_carea' id='block_1_14' title="bbox 42 1559 1630 1631">
    <p class='ocr_par' dir='ltr' id='par_1_14' title="bbox 42 1559 1630 1631">
     <span class='ocr_line' id='line_1_14' title="bbox 42 1559 1630 1631; baseline 0.001 -17"><span class='ocrx_word' id='word_1_92' title='bbox 42 1576 169 1615; x_wconf 59' lang='lat' dir='ltr'><strong>verax</strong></span> <span class='ocrx_word' id='word_1_93' title='bbox 214 1559 488 1631; x_wconf 77' lang='lat' dir='ltr'><strong>magister</strong></span> <span class='ocrx_word' id='word_1_94' title='bbox 537 1560 692 1615; x_wconf 86' lang='lat' dir='ltr'><strong>dicat</strong></span> <span class='ocrx_word' id='word_1_95' title='bbox 740 1578 753 1614; x_wconf 93' lang='lat'><strong>:</strong></span> <span class='ocrx_word' id='word_1_96' title='bbox 809 1579 829 1612; x_wconf 86' lang='grc'><em>‹</em></span> <span class='ocrx_word' id='word_1_97' title='bbox 882 1559 1087 1615; x_wconf 89' lang='lat' dir='ltr'><strong>Sedere</strong></span> <span class='ocrx_word' id='word_1_98' title='bbox 1132 1570 1311 1615; x_wconf 90' lang='lat' dir='ltr'><strong>autem</strong></span> <span class='ocrx_word' id='word_1_99' title='bbox 1370 1563 1438 1616; x_wconf 92' lang='lat' dir='ltr'><strong>ad</strong></span> <span class='ocrx_word' id='word_1_100' title='bbox 1493 1562 1630 1616; x_wconf 81' lang='lat' dir='ltr'><strong>dex-</strong></span> 
     </span>
    </p>
   </div>
   <div class='ocr_carea' id='block_1_15' title="bbox 40 1651 1629 1707">
    <p class='ocr_par' dir='ltr' id='par_1_15' title="bbox 40 1651 1629 1707">
     <span class='ocr_line' id='line_1_15' title="bbox 40 1651 1629 1707; baseline 0.001 -2"><span class='ocrx_word' id='word_1_101' title='bbox 40 1667 177 1706; x_wconf 16' lang='lat' dir='ltr'><strong>teram</strong></span> <span class='ocrx_word' id='word_1_102' title='bbox 230 1666 414 1705; x_wconf 88' lang='lat' dir='ltr'><strong>meam</strong></span> <span class='ocrx_word' id='word_1_103' title='bbox 472 1651 561 1705; x_wconf 88' lang='lat' dir='ltr'><strong>vel</strong></span> <span class='ocrx_word' id='word_1_104' title='bbox 621 1651 901 1707; x_wconf 88' lang='lat' dir='ltr'><strong>sinistram</strong></span> <span class='ocrx_word' id='word_1_105' title='bbox 956 1667 1062 1707; x_wconf 92' lang='lat' dir='ltr'><strong>non</strong></span> <span class='ocrx_word' id='word_1_106' title='bbox 1119 1659 1201 1707; x_wconf 89' lang='lat' dir='ltr'><strong>est</strong></span> <span class='ocrx_word' id='word_1_107' title='bbox 1258 1667 1437 1707; x_wconf 90' lang='lat' dir='ltr'><strong>meum</strong></span> <span class='ocrx_word' id='word_1_108' title='bbox 1496 1653 1629 1707; x_wconf 90' lang='lat' dir='ltr'><strong>dare</strong></span> 
     </span>
    </p>
   </div>
   <div class='ocr_carea' id='block_1_16' title="bbox 41 1743 1629 1814">
    <p class='ocr_par' dir='ltr' id='par_1_16' title="bbox 41 1743 1629 1814">
     <span class='ocr_line' id='line_1_16' title="bbox 41 1743 1629 1814; baseline 0.001 -17"><span class='ocrx_word' id='word_1_109' title='bbox 41 1743 185 1809; x_wconf 61' lang='lat' dir='ltr'><strong>vobis,</strong></span> <span class='ocrx_word' id='word_1_110' title='bbox 216 1762 235 1795; x_wconf 74' lang='grc' dir='ltr'>ι</span> <span class='ocrx_word' id='word_1_111' title='bbox 275 1758 403 1799; x_wconf 90' lang='lat' dir='ltr'><strong>cum</strong></span> <span class='ocrx_word' id='word_1_112' title='bbox 438 1743 562 1814; x_wconf 88' lang='lat' dir='ltr'><strong>ipse</strong></span> <span class='ocrx_word' id='word_1_113' title='bbox 601 1743 732 1799; x_wconf 88' lang='lat' dir='ltr'><strong>alibi</strong></span> <span class='ocrx_word' id='word_1_114' title='bbox 770 1745 951 1799; x_wconf 87' lang='lat' dir='ltr'><strong>dicat:</strong></span> <span class='ocrx_word' id='word_1_115' title='bbox 982 1764 1000 1796; x_wconf 84' lang='grc'><strong>‹</strong></span> <span class='ocrx_word' id='word_1_116' title='bbox 1029 1744 1221 1800; x_wconf 88' lang='lat' dir='ltr'><strong>Omnia</strong></span> <span class='ocrx_word' id='word_1_117' title='bbox 1256 1745 1387 1799; x_wconf 89' lang='lat' dir='ltr'><strong>mihi</strong></span> <span class='ocrx_word' id='word_1_118' title='bbox 1432 1745 1629 1800; x_wconf 87' lang='lat' dir='ltr'><strong>tradita</strong></span> 
     </span>
    </p>
   </div>
   <div class='ocr_carea' id='block_1_17' title="bbox 42 1834 1631 1905">
    <p class='ocr_par' dir='ltr' id='par_1_17' title="bbox 42 1834 1631 1905">
     <span class='ocr_line' id='line_1_17' title="bbox 42 1834 1631 1905; baseline 0.002 -19"><span class='ocrx_word' id='word_1_119' title='bbox 42 1842 178 1888; x_wconf 48' lang='lat' dir='ltr'><strong>iunta</strong></span> <span class='ocrx_word' id='word_1_120' title='bbox 203 1834 364 1890; x_wconf 85' lang='lat' dir='ltr'><strong>Patre</strong></span> <span class='ocrx_word' id='word_1_121' title='bbox 389 1850 537 1900; x_wconf 89' lang='lat' dir='ltr'><strong>meo;</strong></span> <span class='ocrx_word' id='word_1_122' title='bbox 574 1853 594 1886; x_wconf 87' lang='grc'><strong>›</strong></span> <span class='ocrx_word' id='word_1_123' title='bbox 620 1843 681 1890; x_wconf 92' lang='lat' dir='ltr'><strong>et</strong></span> <span class='ocrx_word' id='word_1_124' title='bbox 710 1835 892 1889; x_wconf 71' lang='lat' dir='ltr'><strong>itemzc</strong></span> <span class='ocrx_word' id='word_1_125' title='bbox 922 1834 1116 1891; x_wconf 88' lang='lat' dir='ltr'><strong>Omnia</strong></span> <span class='ocrx_word' id='word_1_126' title='bbox 1140 1850 1472 1905; x_wconf 75' lang='lat' dir='ltr'><strong>quzecunque</strong></span> <span class='ocrx_word' id='word_1_127' title='bbox 1503 1834 1631 1891; x_wconf 82' lang='lat' dir='ltr'><strong>facit</strong></span> 
     </span>
    </p>
   </div>
   <div class='ocr_carea' id='block_1_18' title="bbox 1737 644 3319 717">
    <p class='ocr_par' dir='ltr' id='par_1_18' title="bbox 1737 644 3319 717">
     <span class='ocr_line' id='line_1_18' title="bbox 1737 644 3319 717; baseline 0.004 -18"><span class='ocrx_word' id='word_1_128' title='bbox 1737 645 1825 699; x_wconf 88' lang='lat' dir='ltr'><strong>illa</strong></span> <span class='ocrx_word' id='word_1_129' title='bbox 1850 645 2145 700; x_wconf 80' lang='lat' dir='ltr'><strong>divinitatis</strong></span> <span class='ocrx_word' id='word_1_130' title='bbox 2179 644 2437 716; x_wconf 85' lang='lat' dir='ltr'><strong>loquitur.</strong></span> <span class='ocrx_word' id='word_1_131' title='bbox 2479 646 2546 701; x_wconf 87' lang='lat' dir='ltr'><strong>Et</strong></span> <span class='ocrx_word' id='word_1_132' title='bbox 2581 648 2706 717; x_wconf 83' lang='lat' dir='ltr'><strong>quia</strong></span> <span class='ocrx_word' id='word_1_133' title='bbox 2738 648 2850 707; x_wconf 70' lang='lat' dir='ltr'><strong>haec</strong></span> <span class='ocrx_word' id='word_1_134' title='bbox 2882 659 3054 703; x_wconf 89' lang='lat' dir='ltr'><strong>mater</strong></span> <span class='ocrx_word' id='word_1_135' title='bbox 3086 650 3319 706; x_wconf 87' lang='lat' dir='ltr'><strong>filiorum</strong></span> 
     </span>
    </p>
   </div>
   <div class='ocr_carea' id='block_1_19' title="bbox 1734 732 3319 794">
    <p class='ocr_par' dir='ltr' id='par_1_19' title="bbox 1734 732 3319 794">
     <span class='ocr_line' id='line_1_19' title="bbox 1734 732 3319 794; baseline 0.004 -7"><span class='ocrx_word' id='word_1_136' title='bbox 1734 732 1983 788; x_wconf 70' lang='lat' dir='ltr'><strong>Zebedaei</strong></span> <span class='ocrx_word' id='word_1_137' title='bbox 2026 734 2286 788; x_wconf 89' lang='lat' dir='ltr'><strong>honorem</strong></span> <span class='ocrx_word' id='word_1_138' title='bbox 2335 735 2403 789; x_wconf 90' lang='lat' dir='ltr'><strong>ad</strong></span> <span class='ocrx_word' id='word_1_139' title='bbox 2444 735 2803 790; x_wconf 90' lang='lat' dir='ltr'><strong>substantiam</strong></span> <span class='ocrx_word' id='word_1_140' title='bbox 2850 736 3203 793; x_wconf 87' lang='lat' dir='ltr'><strong>humanitatis</strong></span> <span class='ocrx_word' id='word_1_141' title='bbox 3235 755 3319 794; x_wconf 90' lang='lat' dir='ltr'><strong>re-</strong></span> 
     </span>
    </p>
   </div>
   <div class='ocr_carea' id='block_1_20' title="bbox 1734 824 3323 900">
    <p class='ocr_par' dir='ltr' id='par_1_20' title="bbox 1734 824 3323 900">
     <span class='ocr_line' id='line_1_20' title="bbox 1734 824 3323 900; baseline 0.003 -19"><span class='ocrx_word' id='word_1_142' title='bbox 1734 825 1883 890; x_wconf 86' lang='lat' dir='ltr'><strong>tulit,</strong></span> <span class='ocrx_word' id='word_1_143' title='bbox 1931 834 1986 881; x_wconf 90' lang='lat' dir='ltr'><strong>et</strong></span> <span class='ocrx_word' id='word_1_144' title='bbox 2030 824 2257 896; x_wconf 78' lang='lat' dir='ltr'><strong>gloriam</strong></span> <span class='ocrx_word' id='word_1_145' title='bbox 2304 828 2567 898; x_wconf 90' lang='lat' dir='ltr'><strong>regnandi</strong></span> <span class='ocrx_word' id='word_1_146' title='bbox 2610 828 2664 881; x_wconf 92' lang='lat' dir='ltr'><strong>in</strong></span> <span class='ocrx_word' id='word_1_147' title='bbox 2715 828 2981 899; x_wconf 87' lang='lat' dir='ltr'><strong>corporali</strong></span> <span class='ocrx_word' id='word_1_148' title='bbox 3025 828 3143 897; x_wconf 83' lang='lat' dir='ltr'><strong>ejus</strong></span> <span class='ocrx_word' id='word_1_149' title='bbox 3178 845 3323 900; x_wconf 79' lang='lat' dir='ltr'><strong>pra:-</strong></span> 
     </span>
    </p>
   </div>
   <div class='ocr_carea' id='block_1_21' title="bbox 1733 917 3321 983">
    <p class='ocr_par' dir='ltr' id='par_1_21' title="bbox 1733 917 3321 983">
     <span class='ocr_line' id='line_1_21' title="bbox 1733 917 3321 983; baseline 0.005 -12"><span class='ocrx_word' id='word_1_150' title='bbox 1733 919 1907 972; x_wconf 85' lang='lat' dir='ltr'><strong>sentia</strong></span> <span class='ocrx_word' id='word_1_151' title='bbox 1931 917 2312 983; x_wconf 87' lang='lat' dir='ltr'><strong>collocaverat,</strong></span> <span class='ocrx_word' id='word_1_152' title='bbox 2340 919 2541 975; x_wconf 90' lang='lat' dir='ltr'><strong>idcirco</strong></span> <span class='ocrx_word' id='word_1_153' title='bbox 2563 921 2823 976; x_wconf 90' lang='lat' dir='ltr'><strong>Dominus</strong></span> <span class='ocrx_word' id='word_1_154' title='bbox 2847 924 3147 978; x_wconf 85' lang='lat' dir='ltr'><strong>secundum</strong></span> <span class='ocrx_word' id='word_1_155' title='bbox 3171 939 3321 979; x_wconf 86' lang='lat' dir='ltr'><strong>eam-</strong></span> 
     </span>
    </p>
   </div>
   <div class='ocr_carea' id='block_1_22' title="bbox 1734 1009 3321 1081">
    <p class='ocr_par' dir='ltr' id='par_1_22' title="bbox 1734 1009 3321 1081">
     <span class='ocr_line' id='line_1_22' title="bbox 1734 1009 3321 1081; baseline 0.004 -16"><span class='ocrx_word' id='word_1_156' title='bbox 1734 1009 1860 1065; x_wconf 93' lang='lat' dir='ltr'><strong>dem</strong></span> <span class='ocrx_word' id='word_1_157' title='bbox 1904 1010 2267 1066; x_wconf 85' lang='lat' dir='ltr'><strong>substantiam</strong></span> <span class='ocrx_word' id='word_1_158' title='bbox 2299 1011 2381 1066; x_wconf 92' lang='lat' dir='ltr'><strong>eis</strong></span> <span class='ocrx_word' id='word_1_159' title='bbox 2426 1013 2705 1081; x_wconf 84' lang='lat' dir='ltr'><strong>respondit</strong></span> <span class='ocrx_word' id='word_1_160' title='bbox 2731 1029 2793 1068; x_wconf 92' lang='lat' dir='ltr'><strong>ae</strong></span> <span class='ocrx_word' id='word_1_161' title='bbox 2829 1014 2871 1068; x_wconf 90' lang='lat' dir='ltr'><strong>si</strong></span> <span class='ocrx_word' id='word_1_162' title='bbox 2901 1014 3107 1070; x_wconf 89' lang='lat' dir='ltr'><strong>diceret</strong></span> <span class='ocrx_word' id='word_1_163' title='bbox 3152 1033 3166 1070; x_wconf 90' lang='lat'><strong>:</strong></span> <span class='ocrx_word' id='word_1_164' title='bbox 3218 1014 3321 1071; x_wconf 91' lang='lat' dir='ltr'><strong>Se-</strong></span> 
     </span>
    </p>
   </div>
   <div class='ocr_carea' id='block_1_23' title="bbox 1734 1101 3328 1172">
    <p class='ocr_par' dir='ltr' id='par_1_23' title="bbox 1734 1101 3328 1172">
     <span class='ocr_line' id='line_1_23' title="bbox 1734 1101 3328 1172; baseline 0.006 -18"><span class='ocrx_word' id='word_1_165' title='bbox 1734 1101 1971 1155; x_wconf 90' lang='lat' dir='ltr'><strong>cundum</strong></span> <span class='ocrx_word' id='word_1_166' title='bbox 2016 1101 2157 1157; x_wconf 91' lang='lat' dir='ltr'><strong>hanc</strong></span> <span class='ocrx_word' id='word_1_167' title='bbox 2186 1101 2567 1167; x_wconf 89' lang='lat' dir='ltr'><strong>substantiam,</strong></span> <span class='ocrx_word' id='word_1_168' title='bbox 2601 1118 2708 1172; x_wconf 92' lang='lat' dir='ltr'><strong>qua</strong></span> <span class='ocrx_word' id='word_1_169' title='bbox 2748 1104 3023 1159; x_wconf 85' lang='lat' dir='ltr'><strong>vobiscum</strong></span> <span class='ocrx_word' id='word_1_170' title='bbox 3054 1106 3328 1163; x_wconf 74' lang='lat' dir='ltr'><strong>bibitur-us</strong></span> 
     </span>
    </p>
   </div>
   <div class='ocr_carea' id='block_1_24' title="bbox 1734 1190 3323 1257">
    <p class='ocr_par' dir='ltr' id='par_1_24' title="bbox 1734 1190 3323 1257">
     <span class='ocr_line' id='line_1_24' title="bbox 1734 1190 3323 1257; baseline 0.004 -11"><span class='ocrx_word' id='word_1_171' title='bbox 1734 1206 1855 1246; x_wconf 85' lang='lat' dir='ltr'><strong>sum</strong></span> <span class='ocrx_word' id='word_1_172' title='bbox 1896 1190 2146 1257; x_wconf 85' lang='lat' dir='ltr'><strong>calicem,</strong></span> <span class='ocrx_word' id='word_1_173' title='bbox 2197 1208 2302 1247; x_wconf 88' lang='lat' dir='ltr'><strong>non</strong></span> <span class='ocrx_word' id='word_1_174' title='bbox 2350 1201 2436 1247; x_wconf 90' lang='lat' dir='ltr'><strong>est</strong></span> <span class='ocrx_word' id='word_1_175' title='bbox 2474 1209 2655 1249; x_wconf 89' lang='lat' dir='ltr'><strong>meum</strong></span> <span class='ocrx_word' id='word_1_176' title='bbox 2708 1196 2836 1251; x_wconf 89' lang='lat' dir='ltr'><strong>dare</strong></span> <span class='ocrx_word' id='word_1_177' title='bbox 2879 1197 3074 1253; x_wconf 89' lang='lat' dir='ltr'><strong>vobis:</strong></span> <span class='ocrx_word' id='word_1_178' title='bbox 3105 1214 3323 1253; x_wconf 89' lang='lat' dir='ltr'><strong>verum-</strong></span> 
     </span>
    </p>
   </div>
   <div class='ocr_carea' id='block_1_25' title="bbox 1734 1284 3319 1343">
    <p class='ocr_par' dir='ltr' id='par_1_25' title="bbox 1734 1284 3319 1343">
     <span class='ocr_line' id='line_1_25' title="bbox 1734 1284 3319 1343; baseline 0.004 -8"><span class='ocrx_word' id='word_1_179' title='bbox 1734 1290 1914 1337; x_wconf 87' lang='lat' dir='ltr'><strong>tamen</strong></span> <span class='ocrx_word' id='word_1_180' title='bbox 1953 1298 2131 1337; x_wconf 89' lang='lat' dir='ltr'><strong>meum</strong></span> <span class='ocrx_word' id='word_1_181' title='bbox 2158 1284 2321 1338; x_wconf 89' lang='lat' dir='ltr'><strong>estid</strong></span> <span class='ocrx_word' id='word_1_182' title='bbox 2359 1284 2599 1340; x_wconf 90' lang='lat' dir='ltr'><strong>tribuere</strong></span> <span class='ocrx_word' id='word_1_183' title='bbox 2623 1288 2920 1341; x_wconf 88' lang='lat' dir='ltr'><strong>secundum</strong></span> <span class='ocrx_word' id='word_1_184' title='bbox 2956 1289 3319 1343; x_wconf 86' lang='lat' dir='ltr'><strong>substantiam</strong></span> 
     </span>
    </p>
   </div>
   <div class='ocr_carea' id='block_1_26' title="bbox 1734 1375 3320 1447">
    <p class='ocr_par' dir='ltr' id='par_1_26' title="bbox 1734 1375 3320 1447">
     <span class='ocr_line' id='line_1_26' title="bbox 1734 1375 3320 1447; baseline 0.002 -18"><span class='ocrx_word' id='word_1_185' title='bbox 1734 1375 2062 1436; x_wconf 87' lang='lat' dir='ltr'><strong>divinitatis,</strong></span> <span class='ocrx_word' id='word_1_186' title='bbox 2095 1376 2219 1443; x_wconf 88' lang='lat' dir='ltr'><strong>quia</strong></span> <span class='ocrx_word' id='word_1_187' title='bbox 2255 1389 2353 1445; x_wconf 91' lang='lat' dir='ltr'><strong>per</strong></span> <span class='ocrx_word' id='word_1_188' title='bbox 2383 1376 2563 1429; x_wconf 89' lang='lat' dir='ltr'><strong>omnia</strong></span> <span class='ocrx_word' id='word_1_189' title='bbox 2604 1377 2827 1447; x_wconf 70' lang='lat' dir='ltr'><strong>zeqmlis</strong></span> <span class='ocrx_word' id='word_1_190' title='bbox 2856 1394 2975 1433; x_wconf 92' lang='lat' dir='ltr'><strong>sum</strong></span> <span class='ocrx_word' id='word_1_191' title='bbox 3008 1380 3119 1434; x_wconf 91' lang='lat' dir='ltr'><strong>Deo</strong></span> <span class='ocrx_word' id='word_1_192' title='bbox 3148 1380 3320 1434; x_wconf 84' lang='lat' dir='ltr'><strong>Patri.</strong></span> 
     </span>
    </p>
   </div>
   <div class='ocr_carea' id='block_1_27' title="bbox 1735 1464 3324 1541">
    <p class='ocr_par' dir='ltr' id='par_1_27' title="bbox 1735 1464 3324 1541">
     <span class='ocr_line' id='line_1_27' title="bbox 1735 1464 3324 1541; baseline 0.004 -20"><span class='ocrx_word' id='word_1_193' title='bbox 1735 1464 2034 1536; x_wconf 90' lang='lat' dir='ltr'><strong>Sequitur:</strong></span> <span class='ocrx_word' id='word_1_194' title='bbox 2074 1484 2093 1516; x_wconf 76' lang='grc' dir='ltr'><strong><em>ι</em></strong></span> <span class='ocrx_word' id='word_1_195' title='bbox 2128 1467 2191 1520; x_wconf 84' lang='grc' dir='ltr'><strong>Ει</strong></span> <span class='ocrx_word' id='word_1_196' title='bbox 2230 1466 2516 1522; x_wconf 83' lang='lat' dir='ltr'><strong>audientes</strong></span> <span class='ocrx_word' id='word_1_197' title='bbox 2547 1468 2733 1523; x_wconf 90' lang='lat' dir='ltr'><strong>decem</strong></span> <span class='ocrx_word' id='word_1_198' title='bbox 2778 1470 3041 1541; x_wconf 78' lang='lat' dir='ltr'><strong>indignati</strong></span> <span class='ocrx_word' id='word_1_199' title='bbox 3084 1480 3213 1526; x_wconf 87' lang='lat' dir='ltr'><strong>sunt</strong></span> <span class='ocrx_word' id='word_1_200' title='bbox 3257 1472 3324 1527; x_wconf 90' lang='lat' dir='ltr'><strong>de</strong></span> 
     </span>
    </p>
   </div>
   <div class='ocr_carea' id='block_1_28' title="bbox 1734 1559 3320 1632">
    <p class='ocr_par' dir='ltr' id='par_1_28' title="bbox 1734 1559 3320 1632">
     <span class='ocr_line' id='line_1_28' title="bbox 1734 1559 3320 1632; baseline 0.003 -18"><span class='ocrx_word' id='word_1_201' title='bbox 1734 1560 1949 1615; x_wconf 87' lang='lat' dir='ltr'><strong>duobus</strong></span> <span class='ocrx_word' id='word_1_202' title='bbox 1989 1559 2274 1614; x_wconf 89' lang='lat' dir='ltr'><strong>fratribus.</strong></span> <span class='ocrx_word' id='word_1_203' title='bbox 2308 1581 2326 1613; x_wconf 74' lang='grc' dir='ltr'>ι</span> <span class='ocrx_word' id='word_1_204' title='bbox 2364 1561 2629 1632; x_wconf 88' lang='lat' dir='ltr'><strong>lndignati</strong></span> <span class='ocrx_word' id='word_1_205' title='bbox 2660 1577 2792 1632; x_wconf 86' lang='lat' dir='ltr'><strong>ergo</strong></span> <span class='ocrx_word' id='word_1_206' title='bbox 2830 1572 2957 1618; x_wconf 92' lang='lat' dir='ltr'><strong>sunt</strong></span> <span class='ocrx_word' id='word_1_207' title='bbox 2992 1564 3081 1620; x_wconf 91' lang='lat' dir='ltr'><strong>alii</strong></span> <span class='ocrx_word' id='word_1_208' title='bbox 3132 1565 3320 1620; x_wconf 87' lang='lat' dir='ltr'><strong>decem</strong></span> 
     </span>
    </p>
   </div>
   <div class='ocr_carea' id='block_1_29' title="bbox 1733 1652 3325 1722">
    <p class='ocr_par' dir='ltr' id='par_1_29' title="bbox 1733 1652 3325 1722">
     <span class='ocr_line' id='line_1_29' title="bbox 1733 1652 3325 1722; baseline 0.003 -16"><span class='ocrx_word' id='word_1_209' title='bbox 1733 1653 1962 1722; x_wconf 86' lang='lat' dir='ltr'><strong>apostoli</strong></span> <span class='ocrx_word' id='word_1_210' title='bbox 2008 1666 2115 1706; x_wconf 83' lang='lat' dir='ltr'><strong>non</strong></span> <span class='ocrx_word' id='word_1_211' title='bbox 2170 1653 2333 1709; x_wconf 88' lang='lat' dir='ltr'><strong>matri</strong></span> <span class='ocrx_word' id='word_1_212' title='bbox 2380 1652 2611 1709; x_wconf 83' lang='lat' dir='ltr'><strong>filiorum</strong></span> <span class='ocrx_word' id='word_1_213' title='bbox 2658 1653 2925 1719; x_wconf 67' lang='lat' dir='ltr'><strong>Zebedazi,</strong></span> <span class='ocrx_word' id='word_1_214' title='bbox 2972 1656 3065 1710; x_wconf 90' lang='lat' dir='ltr'><strong>sed</strong></span> <span class='ocrx_word' id='word_1_215' title='bbox 3112 1655 3325 1711; x_wconf 88' lang='lat' dir='ltr'><strong>duobus</strong></span> 
     </span>
    </p>
   </div>
   <div class='ocr_carea' id='block_1_30' title="bbox 1732 1741 3321 1815">
    <p class='ocr_par' dir='ltr' id='par_1_30' title="bbox 1732 1741 3321 1815">
     <span class='ocr_line' id='line_1_30' title="bbox 1732 1741 3321 1815; baseline 0.003 -18"><span class='ocrx_word' id='word_1_216' title='bbox 1732 1741 2017 1805; x_wconf 85' lang='lat' dir='ltr'><strong>fratribus,</strong></span> <span class='ocrx_word' id='word_1_217' title='bbox 2054 1751 2108 1797; x_wconf 90' lang='lat' dir='ltr'><strong>et</strong></span> <span class='ocrx_word' id='word_1_218' title='bbox 2155 1743 2441 1798; x_wconf 87' lang='lat' dir='ltr'><strong>audaciam</strong></span> <span class='ocrx_word' id='word_1_219' title='bbox 2494 1745 2773 1815; x_wconf 88' lang='lat' dir='ltr'><strong>petitionis</strong></span> <span class='ocrx_word' id='word_1_220' title='bbox 2798 1761 2904 1801; x_wconf 91' lang='lat' dir='ltr'><strong>non</strong></span> <span class='ocrx_word' id='word_1_221' title='bbox 2952 1745 3018 1805; x_wconf 84' lang='lat' dir='ltr'><strong>ad</strong></span> <span class='ocrx_word' id='word_1_222' title='bbox 3066 1755 3321 1813; x_wconf 89' lang='lat' dir='ltr'><strong>matrem,</strong></span> 
     </span>
    </p>
   </div>
   <div class='ocr_carea' id='block_1_31' title="bbox 1732 1833 3325 1908">
    <p class='ocr_par' dir='ltr' id='par_1_31' title="bbox 1732 1833 3325 1908">
     <span class='ocr_line' id='line_1_31' title="bbox 1732 1833 3325 1908; baseline 0.004 -21"><span class='ocrx_word' id='word_1_223' title='bbox 1732 1835 1827 1888; x_wconf 90' lang='lat' dir='ltr'><strong>sed</strong></span> <span class='ocrx_word' id='word_1_224' title='bbox 1860 1834 1927 1888; x_wconf 90' lang='lat' dir='ltr'><strong>ad</strong></span> <span class='ocrx_word' id='word_1_225' title='bbox 1978 1833 2122 1889; x_wconf 88' lang='lat' dir='ltr'><strong>ﬁlios</strong></span> <span class='ocrx_word' id='word_1_226' title='bbox 2164 1833 2489 1901; x_wconf 87' lang='lat' dir='ltr'><strong>retulerunt,</strong></span> <span class='ocrx_word' id='word_1_227' title='bbox 2532 1836 2730 1906; x_wconf 88' lang='lat' dir='ltr'><strong>quibus</strong></span> <span class='ocrx_word' id='word_1_228' title='bbox 2770 1838 3185 1908; x_wconf 78' lang='lat' dir='ltr'><strong>suggerentibus</strong></span> <span class='ocrx_word' id='word_1_229' title='bbox 3232 1853 3325 1894; x_wconf 87' lang='lat' dir='ltr'><strong>ac-</strong></span> 
     </span>
    </p>
   </div>
   <div class='ocr_carea' id='block_1_32' title="bbox 44 1908 3320 1998">
    <p class='ocr_par' dir='ltr' id='par_1_32' title="bbox 44 1908 3320 1998">
     <span class='ocr_line' id='line_1_32' title="bbox 44 1908 3320 1998; baseline 0.001 -19"><span class='ocrx_word' id='word_1_230' title='bbox 44 1926 800 1992; x_wconf 62' lang='lat' dir='ltr'><strong>?ater,b:nceademetFilius</strong></span> <span class='ocrx_word' id='word_1_231' title='bbox 816 1926 963 1981; x_wconf 90' lang='lat' dir='ltr'><strong>facit.</strong></span> <span class='ocrx_word' id='word_1_232' title='bbox 988 1924 1073 1980; x_wconf 69' lang='grc' dir='ltr'><strong>»εἰ</strong></span> <span class='ocrx_word' id='word_1_233' title='bbox 1093 1925 1237 1980; x_wconf 91' lang='lat' dir='ltr'><strong>enim</strong></span> <span class='ocrx_word' id='word_1_234' title='bbox 1253 1925 1421 1981; x_wconf 84' lang='lat' dir='ltr'><strong>Filius</strong></span> <span class='ocrx_word' id='word_1_235' title='bbox 1437 1926 1627 1981; x_wconf 85' lang='lat' dir='ltr'><strong>simili-</strong></span> <span class='ocrx_word' id='word_1_236' title='bbox 1663 1908 1709 1966; x_wconf 78' lang='grc' dir='ltr'><strong><em>Β</em></strong></span> <span class='ocrx_word' id='word_1_237' title='bbox 1737 1924 1902 1979; x_wconf 87' lang='lat' dir='ltr'><strong>cessit</strong></span> <span class='ocrx_word' id='word_1_238' title='bbox 1927 1933 2122 1991; x_wconf 90' lang='lat' dir='ltr'><strong>mater,</strong></span> <span class='ocrx_word' id='word_1_239' title='bbox 2151 1925 2275 1994; x_wconf 89' lang='lat' dir='ltr'><strong>quia</strong></span> <span class='ocrx_word' id='word_1_240' title='bbox 2330 1925 2642 1996; x_wconf 87' lang='lat' dir='ltr'><strong>ignorantes</strong></span> <span class='ocrx_word' id='word_1_241' title='bbox 2689 1928 2965 1998; x_wconf 88' lang='lat' dir='ltr'><strong>propriam</strong></span> <span class='ocrx_word' id='word_1_242' title='bbox 3009 1942 3320 1984; x_wconf 88' lang='lat' dir='ltr'><strong>mensuram</strong></span> 
     </span>
    </p>
   </div>
   <div class='ocr_carea' id='block_1_33' title="bbox 40 2016 1624 2086">
    <p class='ocr_par' dir='ltr' id='par_1_33' title="bbox 40 2016 1624 2086">
     <span class='ocr_line' id='line_1_33' title="bbox 40 2016 1624 2086; baseline -0.001 -14"><span class='ocrx_word' id='word_1_243' title='bbox 40 2033 97 2072; x_wconf 87' lang='lat' dir='ltr'><strong>.er</strong></span> <span class='ocrx_word' id='word_1_244' title='bbox 112 2016 427 2071; x_wconf 84' lang='lat' dir='ltr'><strong>facitomnia</strong></span> <span class='ocrx_word' id='word_1_245' title='bbox 445 2032 573 2086; x_wconf 67' lang='lat' dir='ltr'><strong>qua:</strong></span> <span class='ocrx_word' id='word_1_246' title='bbox 597 2026 659 2070; x_wconf 90' lang='lat' dir='ltr'><strong>et</strong></span> <span class='ocrx_word' id='word_1_247' title='bbox 679 2016 864 2080; x_wconf 85' lang='lat' dir='ltr'><strong>Pater,</strong></span> <span class='ocrx_word' id='word_1_248' title='bbox 880 2016 1009 2085; x_wconf 88' lang='lat' dir='ltr'><strong>quid</strong></span> <span class='ocrx_word' id='word_1_249' title='bbox 1034 2024 1116 2071; x_wconf 90' lang='lat' dir='ltr'><strong>est</strong></span> <span class='ocrx_word' id='word_1_250' title='bbox 1138 2029 1267 2086; x_wconf 80' lang='lat' dir='ltr'><strong>ergo</strong></span> <span class='ocrx_word' id='word_1_251' title='bbox 1288 2016 1431 2085; x_wconf 90' lang='lat' dir='ltr'><strong>quod</strong></span> <span class='ocrx_word' id='word_1_252' title='bbox 1456 2016 1588 2071; x_wconf 90' lang='lat' dir='ltr'><strong>dicit</strong></span> <span class='ocrx_word' id='word_1_253' title='bbox 1610 2033 1624 2070; x_wconf 91' lang='lat'><strong>:</strong></span> 
     </span>
    </p>
   </div>
   <div class='ocr_carea' id='block_1_34' title="bbox 41 2108 1629 2167">
    <p class='ocr_par' dir='ltr' id='par_1_34' title="bbox 41 2108 1629 2167">
     <span class='ocr_line' id='line_1_34' title="bbox 41 2108 1629 2167; baseline 0 -2"><span class='ocrx_word' id='word_1_254' title='bbox 41 2111 207 2167; x_wconf 76' lang='lat' dir='ltr'><strong>Sedere</strong></span> <span class='ocrx_word' id='word_1_255' title='bbox 226 2120 407 2167; x_wconf 91' lang='lat' dir='ltr'><strong>autem</strong></span> <span class='ocrx_word' id='word_1_256' title='bbox 428 2112 498 2167; x_wconf 90' lang='lat' dir='ltr'><strong>ad</strong></span> <span class='ocrx_word' id='word_1_257' title='bbox 523 2111 811 2166; x_wconf 80' lang='lat' dir='ltr'><strong>dexteram</strong></span> <span class='ocrx_word' id='word_1_258' title='bbox 832 2125 1008 2165; x_wconf 86' lang='lat' dir='ltr'><strong>meam</strong></span> <span class='ocrx_word' id='word_1_259' title='bbox 1023 2108 1108 2167; x_wconf 86' lang='lat' dir='ltr'><strong>vel</strong></span> <span class='ocrx_word' id='word_1_260' title='bbox 1124 2110 1397 2165; x_wconf 85' lang='lat' dir='ltr'><strong>sinistram</strong></span> <span class='ocrx_word' id='word_1_261' title='bbox 1420 2126 1526 2164; x_wconf 89' lang='lat' dir='ltr'><strong>non</strong></span> <span class='ocrx_word' id='word_1_262' title='bbox 1544 2119 1629 2165; x_wconf 88' lang='lat' dir='ltr'><strong>est</strong></span> 
     </span>
    </p>
   </div>
   <div class='ocr_carea' id='block_1_35' title="bbox 42 2201 1625 2273">
    <p class='ocr_par' dir='ltr' id='par_1_35' title="bbox 42 2201 1625 2273">
     <span class='ocr_line' id='line_1_35' title="bbox 42 2201 1625 2273; baseline -0.003 -13"><span class='ocrx_word' id='word_1_263' title='bbox 42 2223 183 2261; x_wconf 82' lang='lat' dir='ltr'><strong>neum</strong></span> <span class='ocrx_word' id='word_1_264' title='bbox 196 2208 319 2261; x_wconf 87' lang='lat' dir='ltr'><strong>dare</strong></span> <span class='ocrx_word' id='word_1_265' title='bbox 331 2205 518 2261; x_wconf 85' lang='lat' dir='ltr'><strong>vobis?</strong></span> <span class='ocrx_word' id='word_1_266' title='bbox 533 2204 738 2259; x_wconf 89' lang='lat' dir='ltr'><strong>Tribus</strong></span> <span class='ocrx_word' id='word_1_267' title='bbox 749 2217 987 2273; x_wconf 92' lang='lat' dir='ltr'><strong>namque</strong></span> <span class='ocrx_word' id='word_1_268' title='bbox 1001 2202 1174 2258; x_wconf 91' lang='lat' dir='ltr'><strong>modis</strong></span> <span class='ocrx_word' id='word_1_269' title='bbox 1187 2201 1411 2273; x_wconf 86' lang='lat' dir='ltr'><strong>intelligi</strong></span> <span class='ocrx_word' id='word_1_270' title='bbox 1430 2213 1625 2272; x_wconf 88' lang='lat' dir='ltr'><strong>potest.</strong></span> 
     </span>
    </p>
   </div>
   <div class='ocr_carea' id='block_1_36' title="bbox 40 2294 1627 2367">
    <p class='ocr_par' dir='ltr' id='par_1_36' title="bbox 40 2294 1627 2367">
     <span class='ocr_line' id='line_1_36' title="bbox 40 2294 1627 2367; baseline -0.003 -16"><span class='ocrx_word' id='word_1_271' title='bbox 40 2300 125 2353; x_wconf 68' lang='lat' dir='ltr'><strong>Son</strong></span> <span class='ocrx_word' id='word_1_272' title='bbox 147 2310 223 2355; x_wconf 91' lang='lat' dir='ltr'><strong>est</strong></span> <span class='ocrx_word' id='word_1_273' title='bbox 254 2314 431 2353; x_wconf 92' lang='lat' dir='ltr'><strong>meum</strong></span> <span class='ocrx_word' id='word_1_274' title='bbox 456 2299 595 2353; x_wconf 90' lang='lat' dir='ltr'><strong>dare</strong></span> <span class='ocrx_word' id='word_1_275' title='bbox 624 2297 793 2361; x_wconf 89' lang='lat' dir='ltr'><strong>dicit,</strong></span> <span class='ocrx_word' id='word_1_276' title='bbox 822 2296 949 2367; x_wconf 88' lang='lat' dir='ltr'><strong>quia</strong></span> <span class='ocrx_word' id='word_1_277' title='bbox 979 2309 1202 2366; x_wconf 85' lang='lat' dir='ltr'><strong>regum</strong></span> <span class='ocrx_word' id='word_1_278' title='bbox 1229 2294 1488 2348; x_wconf 71' lang='lat' dir='ltr'><strong>caelorum</strong></span> <span class='ocrx_word' id='word_1_279' title='bbox 1518 2308 1627 2348; x_wconf 92' lang='lat' dir='ltr'><strong>non</strong></span> 
     </span>
    </p>
   </div>
   <div class='ocr_carea' id='block_1_37' title="bbox 40 2384 1624 2457">
    <p class='ocr_par' dir='ltr' id='par_1_37' title="bbox 40 2384 1624 2457">
     <span class='ocr_line' id='line_1_37' title="bbox 40 2384 1624 2457; baseline -0.003 -16"><span class='ocrx_word' id='word_1_280' title='bbox 40 2399 100 2442; x_wconf 67' lang='lat' dir='ltr'><strong>Bst</strong></span> <span class='ocrx_word' id='word_1_281' title='bbox 139 2384 341 2453; x_wconf 83' lang='lat' dir='ltr'><strong>dantis,</strong></span> <span class='ocrx_word' id='word_1_282' title='bbox 395 2388 497 2444; x_wconf 87' lang='lat' dir='ltr'><strong>sed</strong></span> <span class='ocrx_word' id='word_1_283' title='bbox 539 2387 906 2457; x_wconf 89' lang='lat' dir='ltr'><strong>accipientis;</strong></span> <span class='ocrx_word' id='word_1_284' title='bbox 957 2386 1098 2455; x_wconf 87' lang='lat' dir='ltr'><strong>apud</strong></span> <span class='ocrx_word' id='word_1_285' title='bbox 1145 2386 1432 2439; x_wconf 90' lang='lat' dir='ltr'><strong>Dominum</strong></span> <span class='ocrx_word' id='word_1_286' title='bbox 1471 2399 1624 2437; x_wconf 90' lang='lat' dir='ltr'><strong>nam-</strong></span> 
     </span>
    </p>
   </div>
   <div class='ocr_carea' id='block_1_38' title="bbox 40 2478 1626 2550">
    <p class='ocr_par' dir='ltr' id='par_1_38' title="bbox 40 2478 1626 2550">
     <span class='ocr_line' id='line_1_38' title="bbox 40 2478 1626 2550; baseline -0.002 -17"><span class='ocrx_word' id='word_1_287' title='bbox 40 2495 117 2550; x_wconf 56' lang='lat' dir='ltr'><strong>que</strong></span> <span class='ocrx_word' id='word_1_288' title='bbox 147 2495 244 2534; x_wconf 88' lang='lat' dir='ltr'><strong>non</strong></span> <span class='ocrx_word' id='word_1_289' title='bbox 280 2488 364 2535; x_wconf 86' lang='lat' dir='ltr'><strong>est</strong></span> <span class='ocrx_word' id='word_1_290' title='bbox 400 2494 784 2550; x_wconf 81' lang='lat' dir='ltr'><strong>personarum</strong></span> <span class='ocrx_word' id='word_1_291' title='bbox 835 2479 1112 2548; x_wconf 87' lang='lat' dir='ltr'><strong>acceptio.</strong></span> <span class='ocrx_word' id='word_1_292' title='bbox 1153 2486 1209 2533; x_wconf 90' lang='lat' dir='ltr'><strong>et</strong></span> <span class='ocrx_word' id='word_1_293' title='bbox 1246 2478 1366 2532; x_wconf 91' lang='lat' dir='ltr'><strong>ideo</strong></span> <span class='ocrx_word' id='word_1_294' title='bbox 1400 2492 1626 2546; x_wconf 82' lang='lat' dir='ltr'><strong>regnum</strong></span> 
     </span>
    </p>
   </div>
   <div class='ocr_carea' id='block_1_39' title="bbox 44 2569 1628 2640">
    <p class='ocr_par' dir='ltr' id='par_1_39' title="bbox 44 2569 1628 2640">
     <span class='ocr_line' id='line_1_39' title="bbox 44 2569 1628 2640; baseline -0.001 -15"><span class='ocrx_word' id='word_1_295' title='bbox 44 2571 260 2625; x_wconf 80' lang='lat' dir='ltr'><strong>:(elorum</strong></span> <span class='ocrx_word' id='word_1_296' title='bbox 308 2586 416 2624; x_wconf 89' lang='lat' dir='ltr'><strong>non</strong></span> <span class='ocrx_word' id='word_1_297' title='bbox 470 2570 743 2625; x_wconf 87' lang='lat' dir='ltr'><strong>tribuitur</strong></span> <span class='ocrx_word' id='word_1_298' title='bbox 771 2569 926 2638; x_wconf 77' lang='lat' dir='ltr'><strong>juxta</strong></span> <span class='ocrx_word' id='word_1_299' title='bbox 968 2583 1326 2640; x_wconf 88' lang='lat' dir='ltr'><strong>personarum</strong></span> <span class='ocrx_word' id='word_1_300' title='bbox 1363 2569 1628 2638; x_wconf 88' lang='lat' dir='ltr'><strong>acceptio-</strong></span> 
     </span>
    </p>
   </div>
   <div class='ocr_carea' id='block_1_40' title="bbox 41 2659 1627 2731">
    <p class='ocr_par' dir='ltr' id='par_1_40' title="bbox 41 2659 1627 2731">
     <span class='ocr_line' id='line_1_40' title="bbox 41 2659 1627 2731; baseline 0.001 -19"><span class='ocrx_word' id='word_1_301' title='bbox 41 2676 156 2724; x_wconf 82' lang='lat' dir='ltr'><strong>ncm,</strong></span> <span class='ocrx_word' id='word_1_302' title='bbox 179 2661 266 2715; x_wconf 90' lang='lat' dir='ltr'><strong>sed</strong></span> <span class='ocrx_word' id='word_1_303' title='bbox 286 2665 443 2731; x_wconf 84' lang='lat' dir='ltr'><strong>juxta</strong></span> <span class='ocrx_word' id='word_1_304' title='bbox 465 2661 791 2730; x_wconf 89' lang='lat' dir='ltr'><strong>qualitatem</strong></span> <span class='ocrx_word' id='word_1_305' title='bbox 820 2661 1163 2727; x_wconf 83' lang='lat' dir='ltr'><strong>meritorum,</strong></span> <span class='ocrx_word' id='word_1_306' title='bbox 1190 2674 1292 2714; x_wconf 92' lang='lat' dir='ltr'><strong>non</strong></span> <span class='ocrx_word' id='word_1_307' title='bbox 1325 2659 1468 2714; x_wconf 88' lang='lat' dir='ltr'><strong>enim</strong></span> <span class='ocrx_word' id='word_1_308' title='bbox 1494 2674 1627 2729; x_wconf 78' lang='lat' dir='ltr'><strong>pnr-</strong></span> 
     </span>
    </p>
   </div>
   <div class='ocr_carea' id='block_1_41' title="bbox 46 2750 1623 2825">
    <p class='ocr_par' dir='ltr' id='par_1_41' title="bbox 46 2750 1623 2825">
     <span class='ocr_line' id='line_1_41' title="bbox 46 2750 1623 2825; baseline 0.001 -20"><span class='ocrx_word' id='word_1_309' title='bbox 46 2763 254 2822; x_wconf 78' lang='lat' dir='ltr'><strong>paratum</strong></span> <span class='ocrx_word' id='word_1_310' title='bbox 277 2763 360 2808; x_wconf 91' lang='lat' dir='ltr'><strong>est</strong></span> <span class='ocrx_word' id='word_1_311' title='bbox 383 2754 515 2809; x_wconf 92' lang='lat' dir='ltr'><strong>illud</strong></span> <span class='ocrx_word' id='word_1_312' title='bbox 542 2768 771 2823; x_wconf 87' lang='lat' dir='ltr'><strong>regnum</strong></span> <span class='ocrx_word' id='word_1_313' title='bbox 794 2769 1041 2825; x_wconf 67' lang='lat' dir='ltr'><strong>personae</strong></span> <span class='ocrx_word' id='word_1_314' title='bbox 1072 2754 1163 2809; x_wconf 90' lang='lat' dir='ltr'><strong>sed</strong></span> <span class='ocrx_word' id='word_1_315' title='bbox 1195 2754 1337 2809; x_wconf 70' lang='lat' dir='ltr'><strong>vitae.</strong></span> <span class='ocrx_word' id='word_1_316' title='bbox 1360 2750 1460 2821; x_wconf 90' lang='lat' dir='ltr'><strong>Qui</strong></span> <span class='ocrx_word' id='word_1_317' title='bbox 1493 2768 1623 2822; x_wconf 87' lang='lat' dir='ltr'><strong>ergo</strong></span> 
     </span>
    </p>
   </div>
   <div class='ocr_carea' id='block_1_42' title="bbox 45 2844 1623 2916">
    <p class='ocr_par' dir='ltr' id='par_1_42' title="bbox 45 2844 1623 2916">
     <span class='ocr_line' id='line_1_42' title="bbox 45 2844 1623 2916; baseline 0.003 -20"><span class='ocrx_word' id='word_1_318' title='bbox 45 2844 177 2897; x_wconf 82' lang='lat' dir='ltr'><strong>talem</strong></span> <span class='ocrx_word' id='word_1_319' title='bbox 201 2860 257 2900; x_wconf 87' lang='lat' dir='ltr'><strong>se</strong></span> <span class='ocrx_word' id='word_1_320' title='bbox 275 2844 589 2901; x_wconf 78' lang='lat' dir='ltr'><strong>exhibuerit</strong></span> <span class='ocrx_word' id='word_1_321' title='bbox 625 2854 685 2900; x_wconf 93' lang='lat' dir='ltr'><strong>ut</strong></span> <span class='ocrx_word' id='word_1_322' title='bbox 707 2846 901 2916; x_wconf 87' lang='lat' dir='ltr'><strong>dignus</strong></span> <span class='ocrx_word' id='word_1_323' title='bbox 931 2846 1001 2900; x_wconf 92' lang='lat' dir='ltr'><strong>sit</strong></span> <span class='ocrx_word' id='word_1_324' title='bbox 1021 2846 1298 2916; x_wconf 89' lang='lat' dir='ltr'><strong>percipere</strong></span> <span class='ocrx_word' id='word_1_325' title='bbox 1319 2888 1334 2913; x_wconf 90' lang='lat'><strong>,</strong></span> <span class='ocrx_word' id='word_1_326' title='bbox 1369 2845 1623 2901; x_wconf 89' lang='lat' dir='ltr'><strong>continuo</strong></span> 
     </span>
    </p>
   </div>
   <div class='ocr_carea' id='block_1_43' title="bbox 46 2934 1624 3009">
    <p class='ocr_par' dir='ltr' id='par_1_43' title="bbox 46 2934 1624 3009">
     <span class='ocr_line' id='line_1_43' title="bbox 46 2934 1624 3009; baseline 0.003 -22"><span class='ocrx_word' id='word_1_327' title='bbox 46 2935 252 3003; x_wconf 75' lang='lat' dir='ltr'><strong>accipiet;</strong></span> <span class='ocrx_word' id='word_1_328' title='bbox 269 2945 321 2990; x_wconf 93' lang='lat' dir='ltr'><strong>et</strong></span> <span class='ocrx_word' id='word_1_329' title='bbox 341 2952 439 2991; x_wconf 89' lang='lat' dir='ltr'><strong>vos</strong></span> <span class='ocrx_word' id='word_1_330' title='bbox 462 2937 653 3006; x_wconf 87' lang='lat' dir='ltr'><strong>itaque</strong></span> <span class='ocrx_word' id='word_1_331' title='bbox 676 2935 721 2991; x_wconf 90' lang='lat' dir='ltr'><strong>si</strong></span> <span class='ocrx_word' id='word_1_332' title='bbox 744 2934 878 2992; x_wconf 90' lang='lat' dir='ltr'><strong>tales</strong></span> <span class='ocrx_word' id='word_1_333' title='bbox 901 2936 1221 2992; x_wconf 86' lang='lat' dir='ltr'><strong>exstiteritis</strong></span> <span class='ocrx_word' id='word_1_334' title='bbox 1246 2945 1304 2991; x_wconf 92' lang='lat' dir='ltr'><strong>ut</strong></span> <span class='ocrx_word' id='word_1_335' title='bbox 1323 2937 1468 3009; x_wconf 85' lang='lat' dir='ltr'><strong>digni</strong></span> <span class='ocrx_word' id='word_1_336' title='bbox 1503 2937 1624 2993; x_wconf 90' lang='lat' dir='ltr'><strong>sitis</strong></span> 
     </span>
    </p>
   </div>
   <div class='ocr_carea' id='block_1_44' title="bbox 43 3027 1621 3099">
    <p class='ocr_par' dir='ltr' id='par_1_44' title="bbox 43 3027 1621 3099">
     <span class='ocr_line' id='line_1_44' title="bbox 43 3027 1621 3099; baseline 0.006 -22"><span class='ocrx_word' id='word_1_337' title='bbox 43 3027 547 3096; x_wconf 81' lang='lat' dir='ltr'><strong>consequi,continuo</strong></span> <span class='ocrx_word' id='word_1_338' title='bbox 562 3028 880 3099; x_wconf 88' lang='lat' dir='ltr'><strong>percipietis</strong></span> <span class='ocrx_word' id='word_1_339' title='bbox 898 3045 1120 3099; x_wconf 90' lang='lat' dir='ltr'><strong>regnum</strong></span> <span class='ocrx_word' id='word_1_340' title='bbox 1137 3030 1277 3098; x_wconf 87' lang='lat' dir='ltr'><strong>quod</strong></span> <span class='ocrx_word' id='word_1_341' title='bbox 1294 3028 1455 3084; x_wconf 89' lang='lat' dir='ltr'><strong>Pater</strong></span> <span class='ocrx_word' id='word_1_342' title='bbox 1467 3044 1621 3086; x_wconf 87' lang='lat' dir='ltr'><strong>meus</strong></span> 
     </span>
    </p>
   </div>
   <div class='ocr_carea' id='block_1_45' title="bbox 43 3118 1621 3191">
    <p class='ocr_par' dir='ltr' id='par_1_45' title="bbox 43 3118 1621 3191">
     <span class='ocr_line' id='line_1_45' title="bbox 43 3118 1621 3191; baseline 0.009 -26"><span class='ocrx_word' id='word_1_343' title='bbox 43 3129 123 3169; x_wconf 84' lang='lat' dir='ltr'><strong>non</strong></span> <span class='ocrx_word' id='word_1_344' title='bbox 145 3118 343 3185; x_wconf 86' lang='lat' dir='ltr'><strong>paravit</strong></span> <span class='ocrx_word' id='word_1_345' title='bbox 365 3118 738 3189; x_wconf 89' lang='lat' dir='ltr'><strong>torpentibus,</strong></span> <span class='ocrx_word' id='word_1_346' title='bbox 765 3120 858 3173; x_wconf 91' lang='lat' dir='ltr'><strong>sed</strong></span> <span class='ocrx_word' id='word_1_347' title='bbox 884 3120 1179 3174; x_wconf 82' lang='lat' dir='ltr'><strong>victoribus</strong></span> <span class='ocrx_word' id='word_1_348' title='bbox 1200 3128 1254 3173; x_wconf 89' lang='lat' dir='ltr'><strong>et</strong></span> <span class='ocrx_word' id='word_1_349' title='bbox 1280 3120 1621 3191; x_wconf 88' lang='lat' dir='ltr'><strong>triumphan-</strong></span> 
     </span>
    </p>
   </div>
   <div class='ocr_carea' id='block_1_46' title="bbox 45 3206 1620 3283">
    <p class='ocr_par' dir='ltr' id='par_1_46' title="bbox 45 3206 1620 3283">
     <span class='ocr_line' id='line_1_46' title="bbox 45 3206 1620 3283; baseline 0.008 -26"><span class='ocrx_word' id='word_1_350' title='bbox 45 3207 173 3261; x_wconf 80' lang='lat' dir='ltr'><strong>tibus.</strong></span> <span class='ocrx_word' id='word_1_351' title='bbox 193 3206 360 3263; x_wconf 77' lang='lat' dir='ltr'><strong>Aliter</strong></span> <span class='ocrx_word' id='word_1_352' title='bbox 384 3226 490 3265; x_wconf 90' lang='lat' dir='ltr'><strong>non</strong></span> <span class='ocrx_word' id='word_1_353' title='bbox 516 3220 605 3266; x_wconf 91' lang='lat' dir='ltr'><strong>est</strong></span> <span class='ocrx_word' id='word_1_354' title='bbox 632 3226 817 3266; x_wconf 91' lang='lat' dir='ltr'><strong>meum</strong></span> <span class='ocrx_word' id='word_1_355' title='bbox 840 3211 970 3265; x_wconf 88' lang='lat' dir='ltr'><strong>dare</strong></span> <span class='ocrx_word' id='word_1_356' title='bbox 992 3211 1165 3277; x_wconf 88' lang='lat' dir='ltr'><strong>vobis,</strong></span> <span class='ocrx_word' id='word_1_357' title='bbox 1189 3211 1241 3265; x_wconf 91' lang='lat' dir='ltr'><strong>id</strong></span> <span class='ocrx_word' id='word_1_358' title='bbox 1265 3219 1344 3267; x_wconf 91' lang='lat' dir='ltr'><strong>est</strong></span> <span class='ocrx_word' id='word_1_359' title='bbox 1373 3212 1620 3283; x_wconf 88' lang='lat' dir='ltr'><strong>superbis</strong></span> 
     </span>
    </p>
   </div>
   <div class='ocr_carea' id='block_1_47' title="bbox 1730 2015 3327 2087">
    <p class='ocr_par' dir='ltr' id='par_1_47' title="bbox 1730 2015 3327 2087">
     <span class='ocr_line' id='line_1_47' title="bbox 1730 2015 3327 2087; baseline 0.003 -17"><span class='ocrx_word' id='word_1_360' title='bbox 1730 2015 2087 2071; x_wconf 87' lang='lat' dir='ltr'><strong>immoderata</strong></span> <span class='ocrx_word' id='word_1_361' title='bbox 2119 2017 2416 2087; x_wconf 88' lang='lat' dir='ltr'><strong>cupiditate</strong></span> <span class='ocrx_word' id='word_1_362' title='bbox 2444 2030 2783 2074; x_wconf 87' lang='lat' dir='ltr'><strong>exarserunt.</strong></span> <span class='ocrx_word' id='word_1_363' title='bbox 2814 2020 2879 2075; x_wconf 87' lang='lat' dir='ltr'><strong>Et</strong></span> <span class='ocrx_word' id='word_1_364' title='bbox 2908 2020 3011 2075; x_wconf 89' lang='lat' dir='ltr'><strong>hoc</strong></span> <span class='ocrx_word' id='word_1_365' title='bbox 3039 2019 3327 2075; x_wconf 85' lang='lat' dir='ltr'><strong>sciendum</strong></span> 
     </span>
    </p>
   </div>
   <div class='ocr_carea' id='block_1_48' title="bbox 1740 2105 3319 2178">
    <p class='ocr_par' dir='ltr' id='par_1_48' title="bbox 1740 2105 3319 2178">
     <span class='ocr_line' id='line_1_48' title="bbox 1740 2105 3319 2178; baseline 0.003 -20"><span class='ocrx_word' id='word_1_366' title='bbox 1740 2106 1881 2174; x_wconf 88' lang='lat' dir='ltr'><strong>quod</strong></span> <span class='ocrx_word' id='word_1_367' title='bbox 1928 2106 2071 2162; x_wconf 89' lang='lat' dir='ltr'><strong>sicut</strong></span> <span class='ocrx_word' id='word_1_368' title='bbox 2126 2105 2199 2160; x_wconf 91' lang='lat' dir='ltr'><strong>illi</strong></span> <span class='ocrx_word' id='word_1_369' title='bbox 2253 2105 2361 2160; x_wconf 93' lang='lat' dir='ltr'><strong>duo</strong></span> <span class='ocrx_word' id='word_1_370' title='bbox 2409 2106 2701 2165; x_wconf 88' lang='lat' dir='ltr'><strong>carnaliter</strong></span> <span class='ocrx_word' id='word_1_371' title='bbox 2741 2108 3014 2178; x_wconf 88' lang='lat' dir='ltr'><strong>petierunt</strong></span> <span class='ocrx_word' id='word_1_372' title='bbox 3054 2116 3117 2162; x_wconf 89' lang='lat' dir='ltr'><strong>ut</strong></span> <span class='ocrx_word' id='word_1_373' title='bbox 3155 2124 3319 2178; x_wconf 89' lang='lat' dir='ltr'><strong>supra</strong></span> 
     </span>
    </p>
   </div>
   <div class='ocr_carea' id='block_1_49' title="bbox 1728 2196 3318 2270">
    <p class='ocr_par' dir='ltr' id='par_1_49' title="bbox 1728 2196 3318 2270">
     <span class='ocr_line' id='line_1_49' title="bbox 1728 2196 3318 2270; baseline 0.001 -19"><span class='ocrx_word' id='word_1_374' title='bbox 1728 2211 1918 2252; x_wconf 90' lang='lat' dir='ltr'><strong>omnes</strong></span> <span class='ocrx_word' id='word_1_375' title='bbox 1946 2204 2149 2261; x_wconf 89' lang='lat' dir='ltr'><strong>essent,</strong></span> <span class='ocrx_word' id='word_1_376' title='bbox 2186 2196 2261 2252; x_wconf 90' lang='lat' dir='ltr'><strong>ita</strong></span> <span class='ocrx_word' id='word_1_377' title='bbox 2291 2205 2346 2251; x_wconf 91' lang='lat' dir='ltr'><strong>et</strong></span> <span class='ocrx_word' id='word_1_378' title='bbox 2388 2198 2475 2252; x_wconf 87' lang='lat' dir='ltr'><strong>isti</strong></span> <span class='ocrx_word' id='word_1_379' title='bbox 2505 2199 2688 2253; x_wconf 86' lang='lat' dir='ltr'><strong>decem</strong></span> <span class='ocrx_word' id='word_1_380' title='bbox 2730 2199 3023 2254; x_wconf 89' lang='lat' dir='ltr'><strong>carnaliter</strong></span> <span class='ocrx_word' id='word_1_381' title='bbox 3052 2200 3318 2270; x_wconf 87' lang='lat' dir='ltr'><strong>indignati</strong></span> 
     </span>
    </p>
   </div>
   <div class='ocr_carea' id='block_1_50' title="bbox 1728 2286 3318 2358">
    <p class='ocr_par' dir='ltr' id='par_1_50' title="bbox 1728 2286 3318 2358">
     <span class='ocr_line' id='line_1_50' title="bbox 1728 2286 3318 2358; baseline 0.001 -16"><span class='ocrx_word' id='word_1_382' title='bbox 1728 2295 1895 2353; x_wconf 90' lang='lat' dir='ltr'><strong>sunt;</strong></span> <span class='ocrx_word' id='word_1_383' title='bbox 1937 2287 1984 2342; x_wconf 90' lang='lat' dir='ltr'><strong>si</strong></span> <span class='ocrx_word' id='word_1_384' title='bbox 2017 2288 2162 2343; x_wconf 90' lang='lat' dir='ltr'><strong>enim</strong></span> <span class='ocrx_word' id='word_1_385' title='bbox 2210 2286 2568 2357; x_wconf 86' lang='lat' dir='ltr'><strong>spiritualitcr</strong></span> <span class='ocrx_word' id='word_1_386' title='bbox 2602 2289 2930 2358; x_wconf 87' lang='lat' dir='ltr'><strong>sapuissent,</strong></span> <span class='ocrx_word' id='word_1_387' title='bbox 2968 2289 3114 2344; x_wconf 92' lang='lat' dir='ltr'><strong>nullo</strong></span> <span class='ocrx_word' id='word_1_388' title='bbox 3156 2289 3318 2344; x_wconf 90' lang='lat' dir='ltr'><strong>modo</strong></span> 
     </span>
    </p>
   </div>
   <div class='ocr_carea' id='block_1_51' title="bbox 1727 2377 3319 2448">
    <p class='ocr_par' dir='ltr' id='par_1_51' title="bbox 1727 2377 3319 2448">
     <span class='ocr_line' id='line_1_51' title="bbox 1727 2377 3319 2448; baseline 0.002 -16"><span class='ocrx_word' id='word_1_389' title='bbox 1727 2377 2009 2446; x_wconf 89' lang='lat' dir='ltr'><strong>petiissent</strong></span> <span class='ocrx_word' id='word_1_390' title='bbox 2054 2387 2114 2432; x_wconf 91' lang='lat' dir='ltr'><strong>ut</strong></span> <span class='ocrx_word' id='word_1_391' title='bbox 2155 2393 2321 2448; x_wconf 87' lang='lat' dir='ltr'><strong>supra</strong></span> <span class='ocrx_word' id='word_1_392' title='bbox 2361 2392 2553 2432; x_wconf 88' lang='lat' dir='ltr'><strong>omnes</strong></span> <span class='ocrx_word' id='word_1_393' title='bbox 2595 2388 2802 2441; x_wconf 87' lang='lat' dir='ltr'><strong>essent,</strong></span> <span class='ocrx_word' id='word_1_394' title='bbox 2847 2386 2902 2434; x_wconf 85' lang='lat' dir='ltr'><strong>et</strong></span> <span class='ocrx_word' id='word_1_395' title='bbox 2940 2380 2984 2433; x_wconf 89' lang='lat' dir='ltr'><strong>si</strong></span> <span class='ocrx_word' id='word_1_396' title='bbox 3030 2379 3119 2433; x_wconf 87' lang='lat' dir='ltr'><strong>isti</strong></span> <span class='ocrx_word' id='word_1_397' title='bbox 3158 2379 3319 2448; x_wconf 84' lang='lat' dir='ltr'><strong>spiri-</strong></span> 
     </span>
    </p>
   </div>
   <div class='ocr_carea' id='block_1_52' title="bbox 1728 2466 3320 2542">
    <p class='ocr_par' dir='ltr' id='par_1_52' title="bbox 1728 2466 3320 2542">
     <span class='ocr_line' id='line_1_52' title="bbox 1728 2466 3320 2542; baseline 0.003 -21"><span class='ocrx_word' id='word_1_398' title='bbox 1728 2466 1946 2521; x_wconf 91' lang='lat' dir='ltr'><strong>tualiter</strong></span> <span class='ocrx_word' id='word_1_399' title='bbox 1989 2466 2401 2532; x_wconf 81' lang='lat' dir='ltr'><strong>intellexissent,</strong></span> <span class='ocrx_word' id='word_1_400' title='bbox 2447 2468 2592 2527; x_wconf 90' lang='lat' dir='ltr'><strong>nqu</strong></span> <span class='ocrx_word' id='word_1_401' title='bbox 2636 2469 2795 2527; x_wconf 89' lang='lat' dir='ltr'><strong>modo</strong></span> <span class='ocrx_word' id='word_1_402' title='bbox 2832 2470 3090 2542; x_wconf 86' lang='lat' dir='ltr'><strong>indignati</strong></span> <span class='ocrx_word' id='word_1_403' title='bbox 3136 2480 3320 2527; x_wconf 84' lang='lat' dir='ltr'><strong>essent</strong></span> 
     </span>
    </p>
   </div>
   <div class='ocr_carea' id='block_1_53' title="bbox 1726 2558 3320 2630">
    <p class='ocr_par' dir='ltr' id='par_1_53' title="bbox 1726 2558 3320 2630">
     <span class='ocr_line' id='line_1_53' title="bbox 1726 2558 3320 2630; baseline 0.003 -17"><span class='ocrx_word' id='word_1_404' title='bbox 1726 2573 1890 2627; x_wconf 88' lang='lat' dir='ltr'><strong>super</strong></span> <span class='ocrx_word' id='word_1_405' title='bbox 1916 2558 2185 2612; x_wconf 87' lang='lat' dir='ltr'><strong>desiderio</strong></span> <span class='ocrx_word' id='word_1_406' title='bbox 2216 2558 2469 2613; x_wconf 88' lang='lat' dir='ltr'><strong>duorum.</strong></span> <span class='ocrx_word' id='word_1_407' title='bbox 2500 2558 2633 2612; x_wconf 89' lang='lat' dir='ltr'><strong>Nam</strong></span> <span class='ocrx_word' id='word_1_408' title='bbox 2671 2561 2813 2615; x_wconf 89' lang='lat' dir='ltr'><strong>sicut</strong></span> <span class='ocrx_word' id='word_1_409' title='bbox 2852 2561 3207 2630; x_wconf 80' lang='lat' dir='ltr'><strong>vituperabile</strong></span> <span class='ocrx_word' id='word_1_410' title='bbox 3234 2570 3320 2619; x_wconf 84' lang='lat' dir='ltr'><strong>est</strong></span> 
     </span>
    </p>
   </div>
   <div class='ocr_carea' id='block_1_54' title="bbox 1724 2648 3321 2722">
    <p class='ocr_par' dir='ltr' id='par_1_54' title="bbox 1724 2648 3321 2722">
     <span class='ocr_line' id='line_1_54' title="bbox 1724 2648 3321 2722; baseline 0.005 -21"><span class='ocrx_word' id='word_1_411' title='bbox 1724 2648 1861 2704; x_wconf 90' lang='lat' dir='ltr'><strong>velle</strong></span> <span class='ocrx_word' id='word_1_412' title='bbox 1893 2664 2012 2704; x_wconf 90' lang='lat' dir='ltr'><strong>esse</strong></span> <span class='ocrx_word' id='word_1_413' title='bbox 2042 2664 2205 2721; x_wconf 84' lang='lat' dir='ltr'><strong>super</strong></span> <span class='ocrx_word' id='word_1_414' title='bbox 2232 2663 2421 2704; x_wconf 88' lang='lat' dir='ltr'><strong>omnes</strong></span> <span class='ocrx_word' id='word_1_415' title='bbox 2444 2688 2459 2714; x_wconf 91' lang='lat'><strong>,</strong></span> <span class='ocrx_word' id='word_1_416' title='bbox 2510 2649 2583 2704; x_wconf 90' lang='lat' dir='ltr'><strong>ita</strong></span> <span class='ocrx_word' id='word_1_417' title='bbox 2626 2659 2680 2705; x_wconf 89' lang='lat' dir='ltr'><strong>et</strong></span> <span class='ocrx_word' id='word_1_418' title='bbox 2706 2651 2861 2705; x_wconf 87' lang='lat' dir='ltr'><strong>valde</strong></span> <span class='ocrx_word' id='word_1_419' title='bbox 2898 2652 3191 2722; x_wconf 89' lang='lat' dir='ltr'><strong>gloriosum</strong></span> <span class='ocrx_word' id='word_1_420' title='bbox 3233 2662 3321 2709; x_wconf 89' lang='lat' dir='ltr'><strong>est</strong></span> 
     </span>
    </p>
   </div>
   <div class='ocr_carea' id='block_1_55' title="bbox 1726 2741 3319 2815">
    <p class='ocr_par' dir='ltr' id='par_1_55' title="bbox 1726 2741 3319 2815">
     <span class='ocr_line' id='line_1_55' title="bbox 1726 2741 3319 2815; baseline 0.004 -19"><span class='ocrx_word' id='word_1_421' title='bbox 1726 2741 1862 2797; x_wconf 84' lang='lat' dir='ltr'><strong>alios</strong></span> <span class='ocrx_word' id='word_1_422' title='bbox 1904 2742 2178 2811; x_wconf 91' lang='lat' dir='ltr'><strong>patienter</strong></span> <span class='ocrx_word' id='word_1_423' title='bbox 2206 2757 2366 2812; x_wconf 90' lang='lat' dir='ltr'><strong>supra</strong></span> <span class='ocrx_word' id='word_1_424' title='bbox 2397 2757 2459 2797; x_wconf 90' lang='lat' dir='ltr'><strong>se</strong></span> <span class='ocrx_word' id='word_1_425' title='bbox 2498 2744 2790 2799; x_wconf 85' lang='lat' dir='ltr'><strong>sustinere.</strong></span> <span class='ocrx_word' id='word_1_426' title='bbox 2832 2744 2937 2798; x_wconf 88' lang='lat' dir='ltr'><strong>Sed</strong></span> <span class='ocrx_word' id='word_1_427' title='bbox 2982 2745 3072 2800; x_wconf 89' lang='lat' dir='ltr'><strong>ille</strong></span> <span class='ocrx_word' id='word_1_428' title='bbox 3100 2745 3221 2815; x_wconf 89' lang='lat' dir='ltr'><strong>pius</strong></span> <span class='ocrx_word' id='word_1_429' title='bbox 3260 2754 3319 2802; x_wconf 87' lang='lat' dir='ltr'><strong>et</strong></span> 
     </span>
    </p>
   </div>
   <div class='ocr_carea' id='block_1_56' title="bbox 1724 2832 3315 2907">
    <p class='ocr_par' dir='ltr' id='par_1_56' title="bbox 1724 2832 3315 2907">
     <span class='ocr_line' id='line_1_56' title="bbox 1724 2832 3315 2907; baseline 0.003 -20"><span class='ocrx_word' id='word_1_430' title='bbox 1724 2832 1872 2888; x_wconf 77' lang='lat' dir='ltr'><strong>mitis</strong></span> <span class='ocrx_word' id='word_1_431' title='bbox 1899 2832 2153 2903; x_wconf 80' lang='lat' dir='ltr'><strong>Magister</strong></span> <span class='ocrx_word' id='word_1_432' title='bbox 2196 2849 2299 2888; x_wconf 90' lang='lat' dir='ltr'><strong>nec</strong></span> <span class='ocrx_word' id='word_1_433' title='bbox 2328 2833 2465 2889; x_wconf 87' lang='lat' dir='ltr'><strong>istos</strong></span> <span class='ocrx_word' id='word_1_434' title='bbox 2509 2834 2645 2890; x_wconf 84' lang='lat' dir='ltr'><strong>duos</strong></span> <span class='ocrx_word' id='word_1_435' title='bbox 2687 2835 3055 2891; x_wconf 75' lang='lat' dir='ltr'><strong>immoderata:</strong></span> <span class='ocrx_word' id='word_1_436' title='bbox 3102 2838 3315 2907; x_wconf 84' lang='lat' dir='ltr'><strong>cupidi-</strong></span> 
     </span>
    </p>
   </div>
   <div class='ocr_carea' id='block_1_57' title="bbox 1728 2922 3319 3002">
    <p class='ocr_par' dir='ltr' id='par_1_57' title="bbox 1728 2922 3319 3002">
     <span class='ocr_line' id='line_1_57' title="bbox 1728 2922 3319 3002; baseline 0.003 -24"><span class='ocrx_word' id='word_1_437' title='bbox 1728 2922 1853 2978; x_wconf 90' lang='lat' dir='ltr'><strong>tatis</strong></span> <span class='ocrx_word' id='word_1_438' title='bbox 1904 2922 2223 2994; x_wconf 90' lang='lat' dir='ltr'><strong>redarguit,</strong></span> <span class='ocrx_word' id='word_1_439' title='bbox 2272 2937 2377 3002; x_wconf 83' lang='lat' dir='ltr'><strong>nec</strong></span> <span class='ocrx_word' id='word_1_440' title='bbox 2422 2922 2541 2981; x_wconf 86' lang='lat' dir='ltr'><strong>illos</strong></span> <span class='ocrx_word' id='word_1_441' title='bbox 2593 2926 2779 2980; x_wconf 81' lang='lat' dir='ltr'><strong>decem</strong></span> <span class='ocrx_word' id='word_1_442' title='bbox 2828 2924 3215 2995; x_wconf 90' lang='lat' dir='ltr'><strong>indignationis</strong></span> <span class='ocrx_word' id='word_1_443' title='bbox 3259 2936 3319 2982; x_wconf 89' lang='lat' dir='ltr'><strong>et</strong></span> 
     </span>
    </p>
   </div>
   <div class='ocr_carea' id='block_1_58' title="bbox 1722 3012 3305 3083">
    <p class='ocr_par' dir='ltr' id='par_1_58' title="bbox 1722 3012 3305 3083">
     <span class='ocr_line' id='line_1_58' title="bbox 1722 3012 3305 3083; baseline 0.003 -16"><span class='ocrx_word' id='word_1_444' title='bbox 1722 3012 1909 3069; x_wconf 84' lang='lat' dir='ltr'><strong>livoris</strong></span> <span class='ocrx_word' id='word_1_445' title='bbox 1944 3012 2309 3083; x_wconf 81' lang='lat' dir='ltr'><strong>reprehendit,</strong></span> <span class='ocrx_word' id='word_1_446' title='bbox 2340 3014 2436 3068; x_wconf 90' lang='lat' dir='ltr'><strong>sed</strong></span> <span class='ocrx_word' id='word_1_447' title='bbox 2463 3029 2653 3070; x_wconf 89' lang='lat' dir='ltr'><strong>omnes</strong></span> <span class='ocrx_word' id='word_1_448' title='bbox 2680 3016 2749 3069; x_wconf 90' lang='lat' dir='ltr'><strong>ad</strong></span> <span class='ocrx_word' id='word_1_449' title='bbox 2792 3015 2937 3070; x_wconf 88' lang='lat' dir='ltr'><strong>viam</strong></span> <span class='ocrx_word' id='word_1_450' title='bbox 2980 3016 3305 3072; x_wconf 88' lang='lat' dir='ltr'><strong>humilitatis</strong></span> 
     </span>
    </p>
   </div>
   <div class='ocr_carea' id='block_1_59' title="bbox 1725 3105 3316 3176">
    <p class='ocr_par' dir='ltr' id='par_1_59' title="bbox 1725 3105 3316 3176">
     <span class='ocr_line' id='line_1_59' title="bbox 1725 3105 3316 3176; baseline 0.001 -15"><span class='ocrx_word' id='word_1_451' title='bbox 1725 3106 2033 3171; x_wconf 87' lang='lat' dir='ltr'><strong>revocavit,</strong></span> <span class='ocrx_word' id='word_1_452' title='bbox 2087 3114 2143 3160; x_wconf 93' lang='lat' dir='ltr'><strong>et</strong></span> <span class='ocrx_word' id='word_1_453' title='bbox 2184 3105 2425 3161; x_wconf 89' lang='lat' dir='ltr'><strong>ostendit</strong></span> <span class='ocrx_word' id='word_1_454' title='bbox 2468 3106 2549 3161; x_wconf 92' lang='lat' dir='ltr'><strong>eis</strong></span> <span class='ocrx_word' id='word_1_455' title='bbox 2591 3107 2894 3176; x_wconf 80' lang='lat' dir='ltr'><strong>exemplum</strong></span> <span class='ocrx_word' id='word_1_456' title='bbox 2941 3122 3050 3176; x_wconf 92' lang='lat' dir='ltr'><strong>quo</strong></span> <span class='ocrx_word' id='word_1_457' title='bbox 3094 3108 3316 3164; x_wconf 79' lang='lat' dir='ltr'><strong>doceret</strong></span> 
     </span>
    </p>
   </div>
   <div class='ocr_carea' id='block_1_60' title="bbox 1726 3198 3313 3269">
    <p class='ocr_par' dir='ltr' id='par_1_60' title="bbox 1726 3198 3313 3269">
     <span class='ocr_line' id='line_1_60' title="bbox 1726 3198 3313 3269; baseline 0.003 -16"><span class='ocrx_word' id='word_1_458' title='bbox 1726 3198 1875 3253; x_wconf 87' lang='lat' dir='ltr'><strong>illum</strong></span> <span class='ocrx_word' id='word_1_459' title='bbox 1910 3213 2033 3254; x_wconf 88' lang='lat' dir='ltr'><strong>esse</strong></span> <span class='ocrx_word' id='word_1_460' title='bbox 2058 3200 2322 3255; x_wconf 89' lang='lat' dir='ltr'><strong>minorem</strong></span> <span class='ocrx_word' id='word_1_461' title='bbox 2351 3200 2442 3269; x_wconf 89' lang='lat' dir='ltr'><strong>qui</strong></span> <span class='ocrx_word' id='word_1_462' title='bbox 2469 3208 2555 3254; x_wconf 89' lang='lat' dir='ltr'><strong>est</strong></span> <span class='ocrx_word' id='word_1_463' title='bbox 2587 3200 2763 3269; x_wconf 84' lang='lat' dir='ltr'><strong>major</strong></span> <span class='ocrx_word' id='word_1_464' title='bbox 2789 3201 3053 3268; x_wconf 91' lang='lat' dir='ltr'><strong>omnium,</strong></span> <span class='ocrx_word' id='word_1_465' title='bbox 3085 3211 3140 3257; x_wconf 93' lang='lat' dir='ltr'><strong>et</strong></span> <span class='ocrx_word' id='word_1_466' title='bbox 3163 3202 3313 3257; x_wconf 90' lang='lat' dir='ltr'><strong>illum</strong></span> 
     </span>
    </p>
   </div>
   <div class='ocr_carea' id='block_1_61' title="bbox 42 3261 1623 3373">
    <p class='ocr_par' dir='ltr' id='par_1_61' title="bbox 42 3261 1619 3373">
     <span class='ocr_line' id='line_1_61' title="bbox 285 3261 1618 3283; baseline 0.003 -18"><span class='ocrx_word' id='word_1_467' title='bbox 523 3261 604 3266; x_wconf 64' lang='grc' dir='ltr'><strong>η-</strong></span> <span class='ocrx_word' id='word_1_468' title='bbox 632 3261 816 3266; x_wconf 74' lang='lat'><strong>--_-_--_</strong></span> <span class='ocrx_word' id='word_1_469' title='bbox 845 3261 966 3265; x_wconf 60' lang='grc' dir='ltr'><strong>η--</strong></span> <span class='ocrx_word' id='word_1_470' title='bbox 1005 3261 1165 3277; x_wconf 66' lang='grc'><strong>.----,</strong></span> <span class='ocrx_word' id='word_1_471' title='bbox 1190 3261 1241 3265; x_wconf 83' lang='grc'><strong><em>--</em></strong></span> <span class='ocrx_word' id='word_1_472' title='bbox 1269 3261 1344 3267; x_wconf 82' lang='grc'><strong>---</strong></span> <span class='ocrx_word' id='word_1_473' title='bbox 1373 3261 1618 3283; x_wconf 70' lang='lat'><strong>---,,-----</strong></span> 
     </span>
     <span class='ocr_line' id='line_1_62' title="bbox 42 3297 1619 3373; baseline 0.008 -27"><span class='ocrx_word' id='word_1_474' title='bbox 42 3297 225 3366; x_wconf 84' lang='lat' dir='ltr'><strong>talibus,</strong></span> <span class='ocrx_word' id='word_1_475' title='bbox 243 3302 432 3371; x_wconf 87' lang='lat' dir='ltr'><strong>quales</strong></span> <span class='ocrx_word' id='word_1_476' title='bbox 454 3318 553 3357; x_wconf 91' lang='lat' dir='ltr'><strong>vos</strong></span> <span class='ocrx_word' id='word_1_477' title='bbox 569 3303 706 3357; x_wconf 91' lang='lat' dir='ltr'><strong>estis</strong></span> <span class='ocrx_word' id='word_1_478' title='bbox 728 3303 818 3372; x_wconf 91' lang='lat' dir='ltr'><strong>qui</strong></span> <span class='ocrx_word' id='word_1_479' title='bbox 842 3301 1069 3357; x_wconf 78' lang='lat' dir='ltr'><strong>exaltari</strong></span> <span class='ocrx_word' id='word_1_480' title='bbox 1096 3304 1316 3373; x_wconf 90' lang='lat' dir='ltr'><strong>cupitis,</strong></span> <span class='ocrx_word' id='word_1_481' title='bbox 1336 3306 1428 3359; x_wconf 90' lang='lat' dir='ltr'><strong>sed</strong></span> <span class='ocrx_word' id='word_1_482' title='bbox 1446 3304 1619 3359; x_wconf 88' lang='lat' dir='ltr'><strong>humi-</strong></span> 
     </span>
    </p>
   </div>
   <div class='ocr_carea' id='block_1_62' title="bbox 1725 3261 3310 3373">
    <p class='ocr_par' dir='ltr' id='par_1_62' title="bbox 1725 3290 3310 3360">
     <span class='ocr_line' id='line_1_63' title="bbox 1725 3290 3310 3360; baseline -0.001 -13"><span class='ocrx_word' id='word_1_483' title='bbox 1725 3306 1841 3347; x_wconf 82' lang='lat' dir='ltr'><strong>esse</strong></span> <span class='ocrx_word' id='word_1_484' title='bbox 1864 3290 2151 3345; x_wconf 88' lang='lat' dir='ltr'><strong>Dominum</strong></span> <span class='ocrx_word' id='word_1_485' title='bbox 2187 3291 2277 3360; x_wconf 92' lang='lat' dir='ltr'><strong>qui</strong></span> <span class='ocrx_word' id='word_1_486' title='bbox 2309 3299 2393 3346; x_wconf 88' lang='lat' dir='ltr'><strong>est</strong></span> <span class='ocrx_word' id='word_1_487' title='bbox 2418 3305 2609 3346; x_wconf 84' lang='lat' dir='ltr'><strong>servus</strong></span> <span class='ocrx_word' id='word_1_488' title='bbox 2638 3301 2975 3357; x_wconf 87' lang='lat' dir='ltr'><strong>cunctorum,</strong></span> <span class='ocrx_word' id='word_1_489' title='bbox 3014 3293 3090 3347; x_wconf 88' lang='lat' dir='ltr'><strong>ait</strong></span> <span class='ocrx_word' id='word_1_490' title='bbox 3123 3294 3268 3348; x_wconf 92' lang='lat' dir='ltr'><strong>enim</strong></span> <span class='ocrx_word' id='word_1_491' title='bbox 3294 3311 3310 3346; x_wconf 90' lang='lat'><strong>:</strong></span> 
     </span>
    </p>
   </div>
   <div class='ocr_carea' id='block_1_63' title="bbox 43 3386 1617 3468">
    <p class='ocr_par' dir='ltr' id='par_1_63' title="bbox 43 3386 1617 3468">
     <span class='ocr_line' id='line_1_64' title="bbox 43 3386 1617 3468; baseline 0.008 -29"><span class='ocrx_word' id='word_1_492' title='bbox 43 3386 155 3443; x_wconf 79' lang='lat' dir='ltr'><strong>libus</strong></span> <span class='ocrx_word' id='word_1_493' title='bbox 176 3394 329 3448; x_wconf 88' lang='lat' dir='ltr'><strong>corde</strong></span> <span class='ocrx_word' id='word_1_494' title='bbox 346 3434 361 3458; x_wconf 94' lang='lat'><strong>,</strong></span> <span class='ocrx_word' id='word_1_495' title='bbox 385 3395 587 3464; x_wconf 91' lang='lat' dir='ltr'><strong>quibus</strong></span> <span class='ocrx_word' id='word_1_496' title='bbox 610 3403 859 3464; x_wconf 90' lang='lat' dir='ltr'><strong>paratum</strong></span> <span class='ocrx_word' id='word_1_497' title='bbox 885 3404 967 3449; x_wconf 88' lang='lat' dir='ltr'><strong>est</strong></span> <span class='ocrx_word' id='word_1_498' title='bbox 994 3410 1024 3450; x_wconf 91' lang='lat' dir='ltr'><strong>a</strong></span> <span class='ocrx_word' id='word_1_499' title='bbox 1051 3395 1213 3450; x_wconf 86' lang='lat' dir='ltr'><strong>Patre</strong></span> <span class='ocrx_word' id='word_1_500' title='bbox 1236 3411 1376 3452; x_wconf 91' lang='lat' dir='ltr'><strong>meo.</strong></span> <span class='ocrx_word' id='word_1_501' title='bbox 1405 3396 1548 3468; x_wconf 85' lang='lat' dir='ltr'><strong>Ergo</strong></span> <span class='ocrx_word' id='word_1_502' title='bbox 1571 3396 1617 3452; x_wconf 87' lang='lat' dir='ltr'><strong>si</strong></span> 
     </span>
    </p>
   </div>
   <div class='ocr_carea' id='block_1_64' title="bbox 43 3478 1618 3555">
    <p class='ocr_par' dir='ltr' id='par_1_64' title="bbox 43 3478 1618 3555">
     <span class='ocr_line' id='line_1_65' title="bbox 43 3478 1618 3555; baseline 0.009 -28"><span class='ocrx_word' id='word_1_503' title='bbox 43 3478 172 3533; x_wconf 80' lang='lat' dir='ltr'><strong>vultis</strong></span> <span class='ocrx_word' id='word_1_504' title='bbox 213 3482 336 3537; x_wconf 89' lang='lat' dir='ltr'><strong>illud</strong></span> <span class='ocrx_word' id='word_1_505' title='bbox 385 3485 667 3554; x_wconf 76' lang='lat' dir='ltr'><strong>accipere,</strong></span> <span class='ocrx_word' id='word_1_506' title='bbox 716 3485 882 3540; x_wconf 90' lang='lat' dir='ltr'><strong>nolite</strong></span> <span class='ocrx_word' id='word_1_507' title='bbox 916 3500 1035 3541; x_wconf 90' lang='lat' dir='ltr'><strong>esse</strong></span> <span class='ocrx_word' id='word_1_508' title='bbox 1082 3487 1224 3555; x_wconf 89' lang='lat' dir='ltr'><strong>quod</strong></span> <span class='ocrx_word' id='word_1_509' title='bbox 1276 3488 1444 3553; x_wconf 87' lang='lat' dir='ltr'><strong>estis,</strong></span> <span class='ocrx_word' id='word_1_510' title='bbox 1496 3488 1618 3542; x_wconf 91' lang='lat' dir='ltr'><strong>aliis</strong></span> 
     </span>
    </p>
   </div>
   <div class='ocr_carea' id='block_1_65' title="bbox 46 3568 1618 3642">
    <p class='ocr_par' dir='ltr' id='par_1_65' title="bbox 46 3568 1618 3642">
     <span class='ocr_line' id='line_1_66' title="bbox 46 3568 1618 3642; baseline 0.008 -23"><span class='ocrx_word' id='word_1_511' title='bbox 46 3568 156 3621; x_wconf 69' lang='lat' dir='ltr'><strong>anim</strong></span> <span class='ocrx_word' id='word_1_512' title='bbox 208 3583 569 3642; x_wconf 66' lang='lat' dir='ltr'><strong>praeparatum</strong></span> <span class='ocrx_word' id='word_1_513' title='bbox 626 3582 749 3640; x_wconf 90' lang='lat' dir='ltr'><strong>est;</strong></span> <span class='ocrx_word' id='word_1_514' title='bbox 802 3584 856 3628; x_wconf 91' lang='lat' dir='ltr'><strong>et</strong></span> <span class='ocrx_word' id='word_1_515' title='bbox 896 3590 993 3629; x_wconf 86' lang='lat' dir='ltr'><strong>vos</strong></span> <span class='ocrx_word' id='word_1_516' title='bbox 1029 3575 1149 3631; x_wconf 89' lang='lat' dir='ltr'><strong>ideo</strong></span> <span class='ocrx_word' id='word_1_517' title='bbox 1187 3575 1276 3629; x_wconf 84' lang='lat' dir='ltr'><strong>alii</strong></span> <span class='ocrx_word' id='word_1_518' title='bbox 1325 3584 1525 3642; x_wconf 89' lang='lat' dir='ltr'><strong>estote,</strong></span> <span class='ocrx_word' id='word_1_519' title='bbox 1563 3586 1618 3632; x_wconf 91' lang='lat' dir='ltr'><strong>et</strong></span> 
     </span>
    </p>
   </div>
   <div class='ocr_carea' id='block_1_66' title="bbox 42 3661 1619 3737">
    <p class='ocr_par' dir='ltr' id='par_1_66' title="bbox 42 3661 1619 3737">
     <span class='ocr_line' id='line_1_67' title="bbox 42 3661 1619 3737; baseline 0.01 -26"><span class='ocrx_word' id='word_1_520' title='bbox 42 3661 167 3715; x_wconf 67' lang='lat' dir='ltr'><strong>vobis</strong></span> <span class='ocrx_word' id='word_1_521' title='bbox 206 3667 365 3721; x_wconf 88' lang='lat' dir='ltr'><strong>etiam</strong></span> <span class='ocrx_word' id='word_1_522' title='bbox 402 3679 774 3737; x_wconf 68' lang='lat' dir='ltr'><strong>praeparatum</strong></span> <span class='ocrx_word' id='word_1_523' title='bbox 809 3675 913 3723; x_wconf 90' lang='lat' dir='ltr'><strong>est.</strong></span> <span class='ocrx_word' id='word_1_524' title='bbox 942 3667 1083 3735; x_wconf 90' lang='lat' dir='ltr'><strong>Quid</strong></span> <span class='ocrx_word' id='word_1_525' title='bbox 1135 3676 1219 3724; x_wconf 91' lang='lat' dir='ltr'><strong>est</strong></span> <span class='ocrx_word' id='word_1_526' title='bbox 1265 3668 1394 3723; x_wconf 84' lang='lat' dir='ltr'><strong>alii?</strong></span> <span class='ocrx_word' id='word_1_527' title='bbox 1429 3669 1481 3724; x_wconf 90' lang='lat' dir='ltr'><strong>id</strong></span> <span class='ocrx_word' id='word_1_528' title='bbox 1531 3678 1619 3726; x_wconf 89' lang='lat' dir='ltr'><strong>est</strong></span> 
     </span>
    </p>
   </div>
   <div class='ocr_carea' id='block_1_67' title="bbox 42 3754 1616 3834">
    <p class='ocr_par' dir='ltr' id='par_1_67' title="bbox 42 3754 1616 3834">
     <span class='ocr_line' id='line_1_68' title="bbox 42 3754 1616 3834; baseline 0.004 -24"><span class='ocrx_word' id='word_1_529' title='bbox 42 3754 164 3818; x_wconf 75' lang='lat' dir='ltr'><strong>prius</strong></span> <span class='ocrx_word' id='word_1_530' title='bbox 188 3757 547 3815; x_wconf 88' lang='lat' dir='ltr'><strong>humiliamini</strong></span> <span class='ocrx_word' id='word_1_531' title='bbox 589 3760 685 3834; x_wconf 85' lang='lat' dir='ltr'><strong>qui</strong></span> <span class='ocrx_word' id='word_1_532' title='bbox 720 3760 948 3815; x_wconf 82' lang='lat' dir='ltr'><strong>exaltari</strong></span> <span class='ocrx_word' id='word_1_533' title='bbox 989 3760 1202 3831; x_wconf 89' lang='lat' dir='ltr'><strong>cupitis.</strong></span> <span class='ocrx_word' id='word_1_534' title='bbox 1235 3759 1437 3827; x_wconf 84' lang='lat' dir='ltr'><strong>Aliter,</strong></span> <span class='ocrx_word' id='word_1_535' title='bbox 1476 3762 1616 3818; x_wconf 86' lang='lat' dir='ltr'><strong>sicut</strong></span> 
     </span>
    </p>
   </div>
   <div class='ocr_carea' id='block_1_68' title="bbox 44 3843 1617 3924">
    <p class='ocr_par' dir='ltr' id='par_1_68' title="bbox 44 3843 1617 3924">
     <span class='ocr_line' id='line_1_69' title="bbox 44 3843 1617 3924; baseline 0.01 -30"><span class='ocrx_word' id='word_1_536' title='bbox 44 3843 145 3899; x_wconf 75' lang='lat' dir='ltr'><strong>lilcil</strong></span> <span class='ocrx_word' id='word_1_537' title='bbox 178 3847 313 3903; x_wconf 85' lang='lat' dir='ltr'><strong>Beda</strong></span> <span class='ocrx_word' id='word_1_538' title='bbox 348 3869 361 3905; x_wconf 90' lang='lat'><strong>:</strong></span> <span class='ocrx_word' id='word_1_539' title='bbox 403 3851 643 3907; x_wconf 88' lang='lat' dir='ltr'><strong>Sinistra</strong></span> <span class='ocrx_word' id='word_1_540' title='bbox 699 3853 908 3908; x_wconf 90' lang='lat' dir='ltr'><strong>Domini</strong></span> <span class='ocrx_word' id='word_1_541' title='bbox 947 3853 1163 3924; x_wconf 91' lang='lat' dir='ltr'><strong>quando</strong></span> <span class='ocrx_word' id='word_1_542' title='bbox 1202 3853 1254 3907; x_wconf 90' lang='lat' dir='ltr'><strong>in</strong></span> <span class='ocrx_word' id='word_1_543' title='bbox 1286 3854 1427 3910; x_wconf 88' lang='lat' dir='ltr'><strong>bona</strong></span> <span class='ocrx_word' id='word_1_544' title='bbox 1462 3862 1617 3923; x_wconf 82' lang='lat' dir='ltr'><strong>parte</strong></span> 
     </span>
    </p>
   </div>
   <div class='ocr_carea' id='block_1_69' title="bbox 41 3936 1614 4014">
    <p class='ocr_par' dir='ltr' id='par_1_69' title="bbox 41 3936 1614 4014">
     <span class='ocr_line' id='line_1_70' title="bbox 41 3936 1614 4014; baseline 0.008 -28"><span class='ocrx_word' id='word_1_545' title='bbox 41 3936 252 4005; x_wconf 81' lang='lat' dir='ltr'><strong>ponitur,</strong></span> <span class='ocrx_word' id='word_1_546' title='bbox 300 3942 443 3997; x_wconf 85' lang='lat' dir='ltr'><strong>hanc</strong></span> <span class='ocrx_word' id='word_1_547' title='bbox 499 3954 829 4014; x_wconf 66' lang='lat' dir='ltr'><strong>praesentem</strong></span> <span class='ocrx_word' id='word_1_548' title='bbox 886 3946 1052 3999; x_wconf 87' lang='lat' dir='ltr'><strong>vitam</strong></span> <span class='ocrx_word' id='word_1_549' title='bbox 1109 3953 1313 3999; x_wconf 67' lang='lat' dir='ltr'><strong>sanctae</strong></span> <span class='ocrx_word' id='word_1_550' title='bbox 1359 3944 1614 3999; x_wconf 76' lang='lat' dir='ltr'><strong>Ecclesia:</strong></span> 
     </span>
    </p>
   </div>
   <div class='ocr_carea' id='block_1_70' title="bbox 41 4026 1614 4106">
    <p class='ocr_par' dir='ltr' id='par_1_70' title="bbox 41 4026 1614 4106">
     <span class='ocr_line' id='line_1_71' title="bbox 41 4026 1614 4106; baseline 0.01 -30"><span class='ocrx_word' id='word_1_551' title='bbox 41 4026 274 4098; x_wconf 77' lang='lat' dir='ltr'><strong>designat,</strong></span> <span class='ocrx_word' id='word_1_552' title='bbox 318 4034 541 4089; x_wconf 82' lang='lat' dir='ltr'><strong>dextera</strong></span> <span class='ocrx_word' id='word_1_553' title='bbox 590 4050 825 4105; x_wconf 89' lang='lat' dir='ltr'><strong>namque</strong></span> <span class='ocrx_word' id='word_1_554' title='bbox 868 4036 1039 4106; x_wconf 89' lang='lat' dir='ltr'><strong>ipsius</strong></span> <span class='ocrx_word' id='word_1_555' title='bbox 1088 4036 1475 4094; x_wconf 89' lang='lat' dir='ltr'><strong>beatitudinem</strong></span> <span class='ocrx_word' id='word_1_556' title='bbox 1522 4053 1614 4093; x_wconf 84' lang='lat' dir='ltr'><strong>su—</strong></span> 
     </span>
    </p>
   </div>
   <div class='ocr_carea' id='block_1_71' title="bbox 41 4119 1614 4196">
    <p class='ocr_par' dir='ltr' id='par_1_71' title="bbox 41 4119 1614 4196">
     <span class='ocr_line' id='line_1_72' title="bbox 41 4119 1614 4196; baseline 0.009 -29"><span class='ocrx_word' id='word_1_557' title='bbox 41 4119 163 4180; x_wconf 82' lang='lat' dir='ltr'><strong>perni</strong></span> <span class='ocrx_word' id='word_1_558' title='bbox 201 4124 343 4193; x_wconf 86' lang='lat' dir='ltr'><strong>regni</strong></span> <span class='ocrx_word' id='word_1_559' title='bbox 378 4124 675 4196; x_wconf 82' lang='lat' dir='ltr'><strong>signiﬁcat.</strong></span> <span class='ocrx_word' id='word_1_560' title='bbox 712 4124 866 4181; x_wconf 80' lang='lat' dir='ltr'><strong>Unde</strong></span> <span class='ocrx_word' id='word_1_561' title='bbox 903 4126 1039 4183; x_wconf 87' lang='lat' dir='ltr'><strong>dicit</strong></span> <span class='ocrx_word' id='word_1_562' title='bbox 1072 4126 1370 4183; x_wconf 85' lang='lat' dir='ltr'><strong>Salomon:</strong></span> <span class='ocrx_word' id='word_1_563' title='bbox 1412 4144 1430 4177; x_wconf 76' lang='grc' dir='ltr'>ι</span> <span class='ocrx_word' id='word_1_564' title='bbox 1467 4126 1614 4189; x_wconf 72' lang='lat' dir='ltr'><strong>Lon~</strong></span> 
     </span>
    </p>
   </div>
   <div class='ocr_carea' id='block_1_72' title="bbox 43 4203 1611 4290">
    <p class='ocr_par' dir='ltr' id='par_1_72' title="bbox 43 4203 1611 4290">
     <span class='ocr_line' id='line_1_73' title="bbox 43 4203 1611 4290; baseline 0.013 -36"><span class='ocrx_word' id='word_1_565' title='bbox 43 4203 193 4271; x_wconf 77' lang='lat' dir='ltr'><strong>gitudo</strong></span> <span class='ocrx_word' id='word_1_566' title='bbox 239 4211 445 4269; x_wconf 87' lang='lat' dir='ltr'><strong>dierum</strong></span> <span class='ocrx_word' id='word_1_567' title='bbox 496 4216 552 4269; x_wconf 88' lang='lat' dir='ltr'><strong>in</strong></span> <span class='ocrx_word' id='word_1_568' title='bbox 606 4215 833 4271; x_wconf 84' lang='lat' dir='ltr'><strong>dextera</strong></span> <span class='ocrx_word' id='word_1_569' title='bbox 882 4216 1033 4287; x_wconf 88' lang='lat' dir='ltr'><strong>ejus,</strong></span> <span class='ocrx_word' id='word_1_570' title='bbox 1091 4217 1261 4290; x_wconf 90' lang='lat' dir='ltr'><strong>gloria</strong></span> <span class='ocrx_word' id='word_1_571' title='bbox 1304 4227 1360 4274; x_wconf 88' lang='lat' dir='ltr'><strong>et</strong></span> <span class='ocrx_word' id='word_1_572' title='bbox 1410 4220 1611 4275; x_wconf 62' lang='lat' dir='ltr'><strong>divitiae</strong></span> 
     </span>
    </p>
   </div>
   <div class='ocr_carea' id='block_1_73' title="bbox 39 4297 1609 4382">
    <p class='ocr_par' dir='ltr' id='par_1_73' title="bbox 39 4297 1609 4382">
     <span class='ocr_line' id='line_1_74' title="bbox 39 4297 1609 4382; baseline 0.013 -34"><span class='ocrx_word' id='word_1_573' title='bbox 39 4297 78 4347; x_wconf 74' lang='lat' dir='ltr'><strong>tn</strong></span> <span class='ocrx_word' id='word_1_574' title='bbox 107 4300 307 4357; x_wconf 82' lang='lat' dir='ltr'><strong>sinistra</strong></span> <span class='ocrx_word' id='word_1_575' title='bbox 340 4304 530 4376; x_wconf 90' lang='lat' dir='ltr'><strong>ipsius.</strong></span> <span class='ocrx_word' id='word_1_576' title='bbox 587 4327 608 4359; x_wconf 86' lang='grc'><strong><em>›</em></strong></span> <span class='ocrx_word' id='word_1_577' title='bbox 652 4307 863 4379; x_wconf 84' lang='lat' dir='ltr'><strong>Quippe</strong></span> <span class='ocrx_word' id='word_1_578' title='bbox 907 4324 1038 4363; x_wconf 87' lang='lat' dir='ltr'><strong>vero</strong></span> <span class='ocrx_word' id='word_1_579' title='bbox 1070 4309 1123 4363; x_wconf 91' lang='lat' dir='ltr'><strong>in</strong></span> <span class='ocrx_word' id='word_1_580' title='bbox 1181 4311 1404 4366; x_wconf 83' lang='lat' dir='ltr'><strong>dextera</strong></span> <span class='ocrx_word' id='word_1_581' title='bbox 1440 4312 1609 4382; x_wconf 90' lang='lat' dir='ltr'><strong>ipsius</strong></span> 
     </span>
    </p>
   </div>
   <div class='ocr_carea' id='block_1_74' title="bbox 41 4384 1605 4471">
    <p class='ocr_par' dir='ltr' id='par_1_74' title="bbox 41 4384 1605 4471">
     <span class='ocr_line' id='line_1_75' title="bbox 41 4384 1605 4471; baseline 0.013 -33"><span class='ocrx_word' id='word_1_582' title='bbox 41 4384 280 4457; x_wconf 82' lang='lat' dir='ltr'><strong>longitudo</strong></span> <span class='ocrx_word' id='word_1_583' title='bbox 315 4407 529 4452; x_wconf 82' lang='lat' dir='ltr'><strong>constat</strong></span> <span class='ocrx_word' id='word_1_584' title='bbox 570 4399 822 4456; x_wconf 85' lang='lat' dir='ltr'><strong>dierum?</strong></span> <span class='ocrx_word' id='word_1_585' title='bbox 867 4400 992 4471; x_wconf 87' lang='lat' dir='ltr'><strong>quia</strong></span> <span class='ocrx_word' id='word_1_586' title='bbox 1045 4401 1098 4454; x_wconf 92' lang='lat' dir='ltr'><strong>in</strong></span> <span class='ocrx_word' id='word_1_587' title='bbox 1154 4401 1241 4455; x_wconf 89' lang='lat' dir='ltr'><strong>illa</strong></span> <span class='ocrx_word' id='word_1_588' title='bbox 1288 4403 1396 4456; x_wconf 86' lang='lat' dir='ltr'><strong>vita</strong></span> <span class='ocrx_word' id='word_1_589' title='bbox 1449 4405 1605 4458; x_wconf 85' lang='lat' dir='ltr'><strong>beata</strong></span> 
     </span>
    </p>
   </div>
   <div class='ocr_carea' id='block_1_75' title="bbox 41 4474 1606 4556">
    <p class='ocr_par' dir='ltr' id='par_1_75' title="bbox 41 4474 1606 4556">
     <span class='ocr_line' id='line_1_76' title="bbox 41 4474 1606 4556; baseline 0.015 -31"><span class='ocrx_word' id='word_1_590' title='bbox 41 4474 329 4543; x_wconf 83' lang='lat' dir='ltr'><strong>&#39;uulefectiva</strong></span> <span class='ocrx_word' id='word_1_591' title='bbox 383 4486 471 4541; x_wconf 80' lang='lat' dir='ltr'><strong>lux</strong></span> <span class='ocrx_word' id='word_1_592' title='bbox 528 4490 734 4543; x_wconf 88' lang='lat' dir='ltr'><strong>sanctis</strong></span> <span class='ocrx_word' id='word_1_593' title='bbox 772 4490 1061 4556; x_wconf 80' lang='lat' dir='ltr'><strong>tribuitur;</strong></span> <span class='ocrx_word' id='word_1_594' title='bbox 1108 4490 1162 4546; x_wconf 90' lang='lat' dir='ltr'><strong>in</strong></span> <span class='ocrx_word' id='word_1_595' title='bbox 1221 4492 1440 4547; x_wconf 84' lang='lat' dir='ltr'><strong>sinistra</strong></span> <span class='ocrx_word' id='word_1_596' title='bbox 1476 4509 1606 4549; x_wconf 88' lang='lat' dir='ltr'><strong>vero</strong></span> 
     </span>
    </p>
   </div>
   <div class='ocr_carea' id='block_1_76' title="bbox 1725 3383 3307 3455">
    <p class='ocr_par' dir='ltr' id='par_1_76' title="bbox 1725 3383 3307 3455">
     <span class='ocr_line' id='line_1_77' title="bbox 1725 3383 3307 3455; baseline 0.002 -19"><span class='ocrx_word' id='word_1_597' title='bbox 1725 3404 1743 3436; x_wconf 83' lang='grc'><strong><em>‹</em></strong></span> <span class='ocrx_word' id='word_1_598' title='bbox 1764 3384 1998 3439; x_wconf 86' lang='lat' dir='ltr'><strong>Nescitis</strong></span> <span class='ocrx_word' id='word_1_599' title='bbox 2014 3385 2136 3453; x_wconf 84' lang='lat' dir='ltr'><strong>quia</strong></span> <span class='ocrx_word' id='word_1_600' title='bbox 2151 3383 2422 3455; x_wconf 86' lang='lat' dir='ltr'><strong>principes</strong></span> <span class='ocrx_word' id='word_1_601' title='bbox 2436 3384 2671 3455; x_wconf 85' lang='lat' dir='ltr'><strong>gentium</strong></span> <span class='ocrx_word' id='word_1_602' title='bbox 2687 3384 3267 3441; x_wconf 88' lang='lat' dir='ltr'><strong>dominanturearum?</strong></span> <span class='ocrx_word' id='word_1_603' title='bbox 3285 3405 3307 3439; x_wconf 71' lang='grc' dir='ltr'><strong><em>ι</em></strong></span> 
     </span>
    </p>
   </div>
   <div class='ocr_carea' id='block_1_77' title="bbox 1717 3477 3313 3553">
    <p class='ocr_par' dir='ltr' id='par_1_77' title="bbox 1717 3477 3313 3553">
     <span class='ocr_line' id='line_1_78' title="bbox 1717 3477 3313 3553; baseline 0.003 -21"><span class='ocrx_word' id='word_1_604' title='bbox 1717 3478 1797 3533; x_wconf 80' lang='lat' dir='ltr'><strong>Ac</strong></span> <span class='ocrx_word' id='word_1_605' title='bbox 1830 3479 1873 3533; x_wconf 91' lang='lat' dir='ltr'><strong>si</strong></span> <span class='ocrx_word' id='word_1_606' title='bbox 1903 3477 2145 3533; x_wconf 89' lang='lat' dir='ltr'><strong>diceret:</strong></span> <span class='ocrx_word' id='word_1_607' title='bbox 2179 3477 2280 3544; x_wconf 92' lang='lat' dir='ltr'><strong>Qui</strong></span> <span class='ocrx_word' id='word_1_608' title='bbox 2311 3479 2457 3533; x_wconf 91' lang='lat' dir='ltr'><strong>enim</strong></span> <span class='ocrx_word' id='word_1_609' title='bbox 2493 3479 2772 3549; x_wconf 89' lang='lat' dir='ltr'><strong>principes</strong></span> <span class='ocrx_word' id='word_1_610' title='bbox 2815 3490 2945 3535; x_wconf 90' lang='lat' dir='ltr'><strong>sunt</strong></span> <span class='ocrx_word' id='word_1_611' title='bbox 2975 3481 3027 3535; x_wconf 91' lang='lat' dir='ltr'><strong>in</strong></span> <span class='ocrx_word' id='word_1_612' title='bbox 3057 3482 3313 3553; x_wconf 88' lang='lat' dir='ltr'><strong>gentibus</strong></span> 
     </span>
    </p>
   </div>
   <div class='ocr_carea' id='block_1_78' title="bbox 1718 3570 3317 3643">
    <p class='ocr_par' dir='ltr' id='par_1_78' title="bbox 1718 3570 3317 3643">
     <span class='ocr_line' id='line_1_79' title="bbox 1718 3570 3317 3643; baseline 0.001 -16"><span class='ocrx_word' id='word_1_613' title='bbox 1718 3572 1989 3642; x_wconf 90' lang='lat' dir='ltr'><strong>imperant</strong></span> <span class='ocrx_word' id='word_1_614' title='bbox 2019 3570 2298 3639; x_wconf 89' lang='lat' dir='ltr'><strong>subjectis,</strong></span> <span class='ocrx_word' id='word_1_615' title='bbox 2331 3581 2387 3626; x_wconf 91' lang='lat' dir='ltr'><strong>et</strong></span> <span class='ocrx_word' id='word_1_616' title='bbox 2421 3573 2512 3642; x_wconf 90' lang='lat' dir='ltr'><strong>qui</strong></span> <span class='ocrx_word' id='word_1_617' title='bbox 2557 3572 2790 3641; x_wconf 79' lang='lat' dir='ltr'><strong>majores</strong></span> <span class='ocrx_word' id='word_1_618' title='bbox 2827 3582 2953 3628; x_wconf 89' lang='lat' dir='ltr'><strong>sunt</strong></span> <span class='ocrx_word' id='word_1_619' title='bbox 2981 3582 3317 3643; x_wconf 87' lang='lat' dir='ltr'><strong>potestatem</strong></span> 
     </span>
    </p>
   </div>
   <div class='ocr_carea' id='block_1_79' title="bbox 1719 3662 3317 3733">
    <p class='ocr_par' dir='ltr' id='par_1_79' title="bbox 1719 3662 3317 3733">
     <span class='ocr_line' id='line_1_80' title="bbox 1719 3662 3317 3733; baseline 0.002 -18"><span class='ocrx_word' id='word_1_620' title='bbox 1719 3670 1978 3717; x_wconf 78' lang='lat' dir='ltr'><strong>exercent</strong></span> <span class='ocrx_word' id='word_1_621' title='bbox 2002 3662 2053 3715; x_wconf 92' lang='lat' dir='ltr'><strong>in</strong></span> <span class='ocrx_word' id='word_1_622' title='bbox 2085 3662 2325 3717; x_wconf 88' lang='lat' dir='ltr'><strong>minores</strong></span> <span class='ocrx_word' id='word_1_623' title='bbox 2351 3678 2365 3726; x_wconf 91' lang='lat'><strong>;</strong></span> <span class='ocrx_word' id='word_1_624' title='bbox 2395 3663 2489 3718; x_wconf 89' lang='lat' dir='ltr'><strong>sed</strong></span> <span class='ocrx_word' id='word_1_625' title='bbox 2519 3663 2658 3717; x_wconf 90' lang='lat' dir='ltr'><strong>inter</strong></span> <span class='ocrx_word' id='word_1_626' title='bbox 2686 3678 2782 3717; x_wconf 90' lang='lat' dir='ltr'><strong>vos</strong></span> <span class='ocrx_word' id='word_1_627' title='bbox 2801 3678 2907 3717; x_wconf 92' lang='lat' dir='ltr'><strong>non</strong></span> <span class='ocrx_word' id='word_1_628' title='bbox 2932 3664 3036 3717; x_wconf 92' lang='lat' dir='ltr'><strong>erit</strong></span> <span class='ocrx_word' id='word_1_629' title='bbox 3062 3663 3317 3733; x_wconf 35' lang='lat' dir='ltr'><strong>ita,quia.</strong></span> 
     </span>
    </p>
   </div>
   <div class='ocr_carea' id='block_1_80' title="bbox 1715 3749 3301 3823">
    <p class='ocr_par' dir='ltr' id='par_1_80' title="bbox 1715 3749 3301 3823">
     <span class='ocr_line' id='line_1_81' title="bbox 1715 3749 3301 3823; baseline 0.001 -19"><span class='ocrx_word' id='word_1_630' title='bbox 1715 3750 1805 3821; x_wconf 88' lang='lat' dir='ltr'><strong>qui</strong></span> <span class='ocrx_word' id='word_1_631' title='bbox 1842 3749 2075 3806; x_wconf 88' lang='lat' dir='ltr'><strong>voluerit</strong></span> <span class='ocrx_word' id='word_1_632' title='bbox 2099 3766 2220 3806; x_wconf 90' lang='lat' dir='ltr'><strong>esse</strong></span> <span class='ocrx_word' id='word_1_633' title='bbox 2247 3752 2439 3822; x_wconf 89' lang='lat' dir='ltr'><strong>major,</strong></span> <span class='ocrx_word' id='word_1_634' title='bbox 2466 3752 2569 3806; x_wconf 91' lang='lat' dir='ltr'><strong>erit</strong></span> <span class='ocrx_word' id='word_1_635' title='bbox 2614 3761 2795 3808; x_wconf 88' lang='lat' dir='ltr'><strong>vester</strong></span> <span class='ocrx_word' id='word_1_636' title='bbox 2824 3753 3093 3816; x_wconf 89' lang='lat' dir='ltr'><strong>minister,</strong></span> <span class='ocrx_word' id='word_1_637' title='bbox 3123 3762 3177 3808; x_wconf 91' lang='lat' dir='ltr'><strong>et</strong></span> <span class='ocrx_word' id='word_1_638' title='bbox 3205 3754 3301 3823; x_wconf 89' lang='lat' dir='ltr'><strong>qui</strong></span> 
     </span>
    </p>
   </div>
   <div class='ocr_carea' id='block_1_81' title="bbox 1713 3843 3300 3913">
    <p class='ocr_par' dir='ltr' id='par_1_81' title="bbox 1713 3843 3300 3913">
     <span class='ocr_line' id='line_1_82' title="bbox 1713 3843 3300 3913; baseline 0.001 -15"><span class='ocrx_word' id='word_1_639' title='bbox 1713 3843 1947 3899; x_wconf 90' lang='lat' dir='ltr'><strong>voluerit</strong></span> <span class='ocrx_word' id='word_1_640' title='bbox 1993 3858 2111 3898; x_wconf 89' lang='lat' dir='ltr'><strong>esse</strong></span> <span class='ocrx_word' id='word_1_641' title='bbox 2157 3845 2366 3913; x_wconf 90' lang='lat' dir='ltr'><strong>primus</strong></span> <span class='ocrx_word' id='word_1_642' title='bbox 2414 3844 2519 3897; x_wconf 90' lang='lat' dir='ltr'><strong>erit</strong></span> <span class='ocrx_word' id='word_1_643' title='bbox 2563 3854 2743 3899; x_wconf 91' lang='lat' dir='ltr'><strong>vester</strong></span> <span class='ocrx_word' id='word_1_644' title='bbox 2790 3860 3001 3900; x_wconf 90' lang='lat' dir='ltr'><strong>servus.</strong></span> <span class='ocrx_word' id='word_1_645' title='bbox 3049 3844 3300 3901; x_wconf 88' lang='lat' dir='ltr'><strong>Ostendit</strong></span> 
     </span>
    </p>
   </div>
   <div class='ocr_carea' id='block_1_82' title="bbox 1712 3931 3307 4003">
    <p class='ocr_par' dir='ltr' id='par_1_82' title="bbox 1712 3931 3307 4003">
     <span class='ocr_line' id='line_1_83' title="bbox 1712 3931 3307 4003; baseline 0.001 -14"><span class='ocrx_word' id='word_1_646' title='bbox 1712 3933 1857 3990; x_wconf 91' lang='lat' dir='ltr'><strong>enim</strong></span> <span class='ocrx_word' id='word_1_647' title='bbox 1881 3931 2141 3988; x_wconf 87' lang='lat' dir='ltr'><strong>Dominus</strong></span> <span class='ocrx_word' id='word_1_648' title='bbox 2171 3932 2256 3987; x_wconf 91' lang='lat' dir='ltr'><strong>bis</strong></span> <span class='ocrx_word' id='word_1_649' title='bbox 2281 3932 2462 3987; x_wconf 88' lang='lat' dir='ltr'><strong>verbis</strong></span> <span class='ocrx_word' id='word_1_650' title='bbox 2491 3933 2616 4003; x_wconf 91' lang='lat' dir='ltr'><strong>quia</strong></span> <span class='ocrx_word' id='word_1_651' title='bbox 2647 3933 2950 3989; x_wconf 87' lang='lat' dir='ltr'><strong>humilitate</strong></span> <span class='ocrx_word' id='word_1_652' title='bbox 2990 3935 3307 4003; x_wconf 84' lang='lat' dir='ltr'><strong>pervcnitur</strong></span> 
     </span>
    </p>
   </div>
   <div class='ocr_carea' id='block_1_83' title="bbox 1715 4022 3309 4094">
    <p class='ocr_par' dir='ltr' id='par_1_83' title="bbox 1715 4022 3309 4094">
     <span class='ocr_line' id='line_1_84' title="bbox 1715 4022 3309 4094; baseline 0.001 -16"><span class='ocrx_word' id='word_1_653' title='bbox 1715 4025 1783 4078; x_wconf 92' lang='lat' dir='ltr'><strong>ad</strong></span> <span class='ocrx_word' id='word_1_654' title='bbox 1837 4037 2087 4094; x_wconf 81' lang='lat' dir='ltr'><strong>regnum,</strong></span> <span class='ocrx_word' id='word_1_655' title='bbox 2137 4022 2482 4093; x_wconf 88' lang='lat' dir='ltr'><strong>simplicitate</strong></span> <span class='ocrx_word' id='word_1_656' title='bbox 2525 4038 2654 4077; x_wconf 89' lang='lat' dir='ltr'><strong>vero</strong></span> <span class='ocrx_word' id='word_1_657' title='bbox 2696 4033 3015 4093; x_wconf 88' lang='lat' dir='ltr'><strong>penetratur</strong></span> <span class='ocrx_word' id='word_1_658' title='bbox 3061 4024 3258 4081; x_wconf 76' lang='lat' dir='ltr'><strong>coelum</strong></span> <span class='ocrx_word' id='word_1_659' title='bbox 3287 4042 3309 4091; x_wconf 83' lang='grc' dir='ltr'><strong>; </strong></span> 
     </span>
    </p>
   </div>
   <div class='ocr_carea' id='block_1_84' title="bbox 1719 4114 3309 4186">
    <p class='ocr_par' dir='ltr' id='par_1_84' title="bbox 1719 4114 3309 4186">
     <span class='ocr_line' id='line_1_85' title="bbox 1719 4114 3309 4186; baseline 0.001 -17"><span class='ocrx_word' id='word_1_660' title='bbox 1719 4115 1968 4185; x_wconf 90' lang='lat' dir='ltr'><strong>quisquis</strong></span> <span class='ocrx_word' id='word_1_661' title='bbox 2002 4114 2148 4169; x_wconf 92' lang='lat' dir='ltr'><strong>enim</strong></span> <span class='ocrx_word' id='word_1_662' title='bbox 2196 4115 2425 4186; x_wconf 89' lang='lat' dir='ltr'><strong>vestigia</strong></span> <span class='ocrx_word' id='word_1_663' title='bbox 2457 4115 2758 4171; x_wconf 90' lang='lat' dir='ltr'><strong>divinitatis</strong></span> <span class='ocrx_word' id='word_1_664' title='bbox 2789 4125 2976 4173; x_wconf 88' lang='lat' dir='ltr'><strong>tenere</strong></span> <span class='ocrx_word' id='word_1_665' title='bbox 3008 4118 3309 4184; x_wconf 80' lang='lat' dir='ltr'><strong>desiderat,</strong></span> 
     </span>
    </p>
   </div>
   <div class='ocr_carea' id='block_1_85' title="bbox 1711 4207 3305 4278">
    <p class='ocr_par' dir='ltr' id='par_1_85' title="bbox 1711 4207 3305 4278">
     <span class='ocr_line' id='line_1_86' title="bbox 1711 4207 3305 4278; baseline 0.001 -16"><span class='ocrx_word' id='word_1_666' title='bbox 1711 4222 1932 4264; x_wconf 89' lang='lat' dir='ltr'><strong>necesse</strong></span> <span class='ocrx_word' id='word_1_667' title='bbox 1955 4215 2040 4262; x_wconf 89' lang='lat' dir='ltr'><strong>est</strong></span> <span class='ocrx_word' id='word_1_668' title='bbox 2069 4215 2131 4263; x_wconf 92' lang='lat' dir='ltr'><strong>ut</strong></span> <span class='ocrx_word' id='word_1_669' title='bbox 2158 4207 2463 4277; x_wconf 84' lang='lat' dir='ltr'><strong>exemplum</strong></span> <span class='ocrx_word' id='word_1_670' title='bbox 2485 4208 2843 4263; x_wconf 89' lang='lat' dir='ltr'><strong>humanitatis</strong></span> <span class='ocrx_word' id='word_1_671' title='bbox 2866 4218 3145 4278; x_wconf 90' lang='lat' dir='ltr'><strong>sequatur.</strong></span> <span class='ocrx_word' id='word_1_672' title='bbox 3172 4208 3305 4274; x_wconf 85' lang='lat' dir='ltr'><strong>Qui-</strong></span> 
     </span>
    </p>
   </div>
   <div class='ocr_carea' id='block_1_86' title="bbox 1709 4296 3309 4367">
    <p class='ocr_par' dir='ltr' id='par_1_86' title="bbox 1709 4296 3309 4367">
     <span class='ocr_line' id='line_1_87' title="bbox 1709 4296 3309 4367; baseline 0.002 -16"><span class='ocrx_word' id='word_1_673' title='bbox 1709 4313 1924 4367; x_wconf 88' lang='lat' dir='ltr'><strong>cunque</strong></span> <span class='ocrx_word' id='word_1_674' title='bbox 1948 4296 2169 4351; x_wconf 84' lang='lat' dir='ltr'><strong>fratrem</strong></span> <span class='ocrx_word' id='word_1_675' title='bbox 2198 4297 2311 4352; x_wconf 87' lang='lat' dir='ltr'><strong>vult</strong></span> <span class='ocrx_word' id='word_1_676' title='bbox 2337 4299 2639 4367; x_wconf 80' lang='lat' dir='ltr'><strong>praevenire</strong></span> <span class='ocrx_word' id='word_1_677' title='bbox 2668 4299 2721 4352; x_wconf 89' lang='lat' dir='ltr'><strong>iu</strong></span> <span class='ocrx_word' id='word_1_678' title='bbox 2755 4300 3046 4367; x_wconf 80' lang='lat' dir='ltr'><strong>regnando,</strong></span> <span class='ocrx_word' id='word_1_679' title='bbox 3077 4312 3309 4354; x_wconf 84' lang='lat' dir='ltr'><strong>necesse</strong></span> 
     </span>
    </p>
   </div>
   <div class='ocr_carea' id='block_1_87' title="bbox 1708 4385 3307 4458">
    <p class='ocr_par' dir='ltr' id='par_1_87' title="bbox 1708 4385 3307 4458">
     <span class='ocr_line' id='line_1_88' title="bbox 1708 4385 3307 4458; baseline 0.001 -16"><span class='ocrx_word' id='word_1_680' title='bbox 1708 4395 1798 4442; x_wconf 89' lang='lat' dir='ltr'><strong>est</strong></span> <span class='ocrx_word' id='word_1_681' title='bbox 1826 4394 1885 4440; x_wconf 91' lang='lat' dir='ltr'><strong>ut</strong></span> <span class='ocrx_word' id='word_1_682' title='bbox 1922 4385 2215 4457; x_wconf 64' lang='lat' dir='ltr'><strong>praeveniat</strong></span> <span class='ocrx_word' id='word_1_683' title='bbox 2244 4402 2367 4440; x_wconf 90' lang='lat' dir='ltr'><strong>eum</strong></span> <span class='ocrx_word' id='word_1_684' title='bbox 2410 4387 2467 4440; x_wconf 88' lang='lat' dir='ltr'><strong>in</strong></span> <span class='ocrx_word' id='word_1_685' title='bbox 2510 4388 2896 4456; x_wconf 83' lang='lat' dir='ltr'><strong>obsequendo;</strong></span> <span class='ocrx_word' id='word_1_686' title='bbox 2930 4394 2985 4441; x_wconf 90' lang='lat' dir='ltr'><strong>et</strong></span> <span class='ocrx_word' id='word_1_687' title='bbox 3026 4387 3169 4442; x_wconf 89' lang='lat' dir='ltr'><strong>sicut</strong></span> <span class='ocrx_word' id='word_1_688' title='bbox 3198 4388 3307 4458; x_wconf 75' lang='lat' dir='ltr'><strong>ipsi</strong></span> 
     </span>
    </p>
   </div>
   <div class='ocr_carea' id='block_1_88' title="bbox 1710 4474 3305 4537">
    <p class='ocr_par' dir='ltr' id='par_1_88' title="bbox 1710 4474 3305 4537">
     <span class='ocr_line' id='line_1_89' title="bbox 1710 4474 3305 4537; baseline -0.001 -7"><span class='ocrx_word' id='word_1_689' title='bbox 1710 4483 1981 4530; x_wconf 88' lang='lat' dir='ltr'><strong>terrenam</strong></span> <span class='ocrx_word' id='word_1_690' title='bbox 2031 4474 2440 4529; x_wconf 89' lang='lat' dir='ltr'><strong>similitudinem</strong></span> <span class='ocrx_word' id='word_1_691' title='bbox 2483 4474 2713 4529; x_wconf 88' lang='lat' dir='ltr'><strong>fortasse</strong></span> <span class='ocrx_word' id='word_1_692' title='bbox 2754 4482 3185 4537; x_wconf 89' lang='lat' dir='ltr'><strong>contemnerent,</strong></span> <span class='ocrx_word' id='word_1_693' title='bbox 3239 4489 3305 4529; x_wconf 85' lang='lat' dir='ltr'><strong>se</strong></span> 
     </span>
    </p>
   </div>
   <div class='ocr_carea' id='block_1_89' title="bbox 43 4562 3299 4679">
    <p class='ocr_par' dir='ltr' id='par_1_89' title="bbox 43 4562 3299 4679">
     <span class='ocr_line' id='line_1_90' title="bbox 43 4562 3299 4679; baseline 0 -63"><span class='ocrx_word' id='word_1_694' title='bbox 43 4562 176 4631; x_wconf 73' lang='lat' dir='ltr'><strong>gloria</strong></span> <span class='ocrx_word' id='word_1_695' title='bbox 219 4581 270 4626; x_wconf 77' lang='grc' dir='ltr'><strong>οι</strong></span> <span class='ocrx_word' id='word_1_696' title='bbox 326 4575 527 4633; x_wconf 53' lang='lat' dir='ltr'><strong>divitia,</strong></span> <span class='ocrx_word' id='word_1_697' title='bbox 557 4618 571 4643; x_wconf 60' lang='grc'><strong><em>,</em></strong></span> <span class='ocrx_word' id='word_1_698' title='bbox 627 4581 885 4655; x_wconf 61' lang='lat' dir='ltr'><strong>quoniam</strong></span> <span class='ocrx_word' id='word_1_699' title='bbox 932 4582 985 4635; x_wconf 75' lang='lat' dir='ltr'><strong>in</strong></span> <span class='ocrx_word' id='word_1_700' title='bbox 1017 4582 1177 4653; x_wconf 60' lang='lat' dir='ltr'><strong>huius</strong></span> <span class='ocrx_word' id='word_1_701' title='bbox 1211 4583 1335 4637; x_wconf 59' lang='lat' dir='ltr'><strong>vim,</strong></span> <span class='ocrx_word' id='word_1_702' title='bbox 1365 4585 1679 4679; x_wconf 62' lang='lat' dir='ltr'><strong>peregri-”</strong></span> <span class='ocrx_word' id='word_1_703' title='bbox 1708 4564 1883 4667; x_wconf 82' lang='lat' dir='ltr'><strong>ipsum</strong></span> <span class='ocrx_word' id='word_1_704' title='bbox 1932 4563 2209 4679; x_wconf 45' lang='lat' dir='ltr'><strong>piloposuit</strong></span> <span class='ocrx_word' id='word_1_705' title='bbox 2254 4562 2335 4679; x_wconf 58' lang='lat' dir='ltr'><strong>ei:</strong></span> <span class='ocrx_word' id='word_1_706' title='bbox 2379 4563 2814 4679; x_wconf 28' lang='lat' dir='ltr'><strong>elvemplumuut</strong></span> <span class='ocrx_word' id='word_1_707' title='bbox 2861 4563 2904 4618; x_wconf 91' lang='lat' dir='ltr'><strong>si</strong></span> <span class='ocrx_word' id='word_1_708' title='bbox 2945 4563 3089 4679; x_wconf 47' lang='lat' dir='ltr'><strong>d&#39;i‘cta</strong></span> <span class='ocrx_word' id='word_1_709' title='bbox 3121 4563 3299 4632; x_wconf 86' lang='lat' dir='ltr'><strong>ipsius.</strong></span> 
     </span>
    </p>
   </div>
   <div class='ocr_carea' id='block_1_90' title="bbox 41 4652 3301 4735">
    <p class='ocr_par' dir='ltr' id='par_1_90' title="bbox 41 4652 3301 4735">
     <span class='ocr_line' id='line_1_91' title="bbox 41 4652 3301 4735; baseline 0 -28"><span class='ocrx_word' id='word_1_710' title='bbox 41 4660 223 4714; x_wconf 72' lang='lat' dir='ltr'><strong>natione.</strong></span> <span class='ocrx_word' id='word_1_711' title='bbox 264 4664 429 4735; x_wconf 76' lang='lat' dir='ltr'><strong>gloria</strong></span> <span class='ocrx_word' id='word_1_712' title='bbox 468 4669 589 4724; x_wconf 72' lang='lat' dir='ltr'><strong>ﬁdei</strong></span> <span class='ocrx_word' id='word_1_713' title='bbox 648 4652 703 4726; x_wconf 57' lang='grc' dir='ltr'><strong>ει</strong></span> <span class='ocrx_word' id='word_1_714' title='bbox 742 4670 946 4726; x_wconf 56' lang='lat' dir='ltr'><strong>divitiis</strong></span> <span class='ocrx_word' id='word_1_715' title='bbox 999 4652 1259 4727; x_wconf 67' lang='grc' dir='ltr'><strong>νίτίυιυηι</strong></span> <span class='ocrx_word' id='word_1_716' title='bbox 1302 4652 1594 4730; x_wconf 51' lang='grc' dir='ltr'><strong>,ηθῄοίηιίηη</strong></span> <span class='ocrx_word' id='word_1_717' title='bbox 1629 4652 1679 4679; x_wconf 79' lang='grc' dir='ltr'>ν</span> <span class='ocrx_word' id='word_1_718' title='bbox 1707 4652 2740 4725; x_wconf 84' lang='lat' dir='ltr'><strong>parvipenderent,confunderenturad</strong></span> <span class='ocrx_word' id='word_1_719' title='bbox 2766 4654 3301 4724; x_wconf 82' lang='lat' dir='ltr'><strong>Opera.Dicitergo:</strong></span> 
     </span>
    </p>
   </div>
   <div class='ocr_carea' id='block_1_91' title="bbox 42 4741 3307 4825">
    <p class='ocr_par' dir='ltr' id='par_1_91' title="bbox 42 4741 3307 4825">
     <span class='ocr_line' id='line_1_92' title="bbox 42 4741 3307 4825; baseline 0 -29"><span class='ocrx_word' id='word_1_720' title='bbox 42 4741 216 4815; x_wconf 66' lang='lat' dir='ltr'><strong>Accipit</strong></span> <span class='ocrx_word' id='word_1_721' title='bbox 258 4755 375 4822; x_wconf 74' lang='lat' dir='ltr'><strong>quis</strong></span> <span class='ocrx_word' id='word_1_722' title='bbox 421 4757 612 4813; x_wconf 67' lang='lat' dir='ltr'><strong>sedere</strong></span> <span class='ocrx_word' id='word_1_723' title='bbox 668 4761 734 4815; x_wconf 66' lang='lat' dir='ltr'><strong>ad</strong></span> <span class='ocrx_word' id='word_1_724' title='bbox 780 4762 1057 4821; x_wconf 50' lang='lat' dir='ltr'><strong>dexteram</strong></span> <span class='ocrx_word' id='word_1_725' title='bbox 1103 4778 1226 4817; x_wconf 72' lang='lat' dir='ltr'><strong>cum</strong></span> <span class='ocrx_word' id='word_1_726' title='bbox 1270 4764 1322 4817; x_wconf 69' lang='lat' dir='ltr'><strong>in</strong></span> <span class='ocrx_word' id='word_1_727' title='bbox 1361 4766 1597 4825; x_wconf 62' lang='grc' dir='ltr'><strong>ρωιθδιίε</strong></span> <span class='ocrx_word' id='word_1_728' title='bbox 1709 4764 1729 4797; x_wconf 74' lang='grc' dir='ltr'><strong><em>ι</em></strong></span> <span class='ocrx_word' id='word_1_729' title='bbox 1756 4745 1905 4801; x_wconf 90' lang='lat' dir='ltr'><strong>Sicut</strong></span> <span class='ocrx_word' id='word_1_730' title='bbox 1934 4746 2101 4801; x_wconf 84' lang='lat' dir='ltr'><strong>Filius</strong></span> <span class='ocrx_word' id='word_1_731' title='bbox 2126 4746 2360 4800; x_wconf 88' lang='lat' dir='ltr'><strong>hominis</strong></span> <span class='ocrx_word' id='word_1_732' title='bbox 2395 4746 2992 4801; x_wconf 85' lang='lat' dir='ltr'><strong>nonvenitmiuistrari</strong></span> <span class='ocrx_word' id='word_1_733' title='bbox 3021 4747 3114 4801; x_wconf 91' lang='lat' dir='ltr'><strong>sed</strong></span> <span class='ocrx_word' id='word_1_734' title='bbox 3141 4748 3307 4801; x_wconf 87' lang='lat' dir='ltr'><strong>mini-.</strong></span> 
     </span>
    </p>
   </div>
   <div class='ocr_carea' id='block_1_92' title="bbox 44 4832 1623 4920">
    <p class='ocr_par' dir='ltr' id='par_1_92' title="bbox 44 4832 1597 4920">
     <span class='ocr_line' id='line_1_93' title="bbox 44 4832 1597 4920; baseline 0.015 -34"><span class='ocrx_word' id='word_1_735' title='bbox 44 4832 348 4898; x_wconf 74' lang='lat' dir='ltr'><strong>beatitudinis</strong></span> <span class='ocrx_word' id='word_1_736' title='bbox 379 4862 542 4917; x_wconf 85' lang='lat' dir='ltr'><strong>regno</strong></span> <span class='ocrx_word' id='word_1_737' title='bbox 562 4849 630 4904; x_wconf 90' lang='lat' dir='ltr'><strong>de</strong></span> <span class='ocrx_word' id='word_1_738' title='bbox 660 4852 909 4920; x_wconf 74' lang='lat' dir='ltr'><strong>pnesenti</strong></span> <span class='ocrx_word' id='word_1_739' title='bbox 938 4852 1018 4907; x_wconf 87' lang='lat' dir='ltr'><strong>sui</strong></span> <span class='ocrx_word' id='word_1_740' title='bbox 1053 4852 1359 4908; x_wconf 88' lang='lat' dir='ltr'><strong>Conditoris</strong></span> <span class='ocrx_word' id='word_1_741' title='bbox 1385 4856 1597 4911; x_wconf 88' lang='lat' dir='ltr'><strong>visione</strong></span> 
     </span>
    </p>
   </div>
   <div class='ocr_carea' id='block_1_93' title="bbox 1725 4832 3316 4920">
    <p class='ocr_par' dir='ltr' id='par_1_93' title="bbox 1725 4837 3316 4907">
     <span class='ocr_line' id='line_1_94' title="bbox 1725 4837 3316 4907; baseline 0.001 -16"><span class='ocrx_word' id='word_1_742' title='bbox 1725 4844 1903 4902; x_wconf 62' lang='lat' dir='ltr'><strong>Ltrare,</strong></span> <span class='ocrx_word' id='word_1_743' title='bbox 1960 4846 2014 4891; x_wconf 92' lang='lat' dir='ltr'><strong>et</strong></span> <span class='ocrx_word' id='word_1_744' title='bbox 2057 4837 2189 4892; x_wconf 89' lang='lat' dir='ltr'><strong>dare</strong></span> <span class='ocrx_word' id='word_1_745' title='bbox 2240 4838 2475 4893; x_wconf 88' lang='lat' dir='ltr'><strong>animam</strong></span> <span class='ocrx_word' id='word_1_746' title='bbox 2524 4853 2677 4891; x_wconf 84' lang='lat' dir='ltr'><strong>suam</strong></span> <span class='ocrx_word' id='word_1_747' title='bbox 2737 4853 2836 4907; x_wconf 90' lang='lat' dir='ltr'><strong>pro</strong></span> <span class='ocrx_word' id='word_1_748' title='bbox 2881 4838 3085 4894; x_wconf 83' lang='lat' dir='ltr'><strong>multis.</strong></span> <span class='ocrx_word' id='word_1_749' title='bbox 3120 4859 3139 4891; x_wconf 72' lang='grc' dir='ltr'>ι</span> <span class='ocrx_word' id='word_1_750' title='bbox 3188 4838 3316 4892; x_wconf 78' lang='lat' dir='ltr'><strong>Pro.</strong></span> 
     </span>
    </p>
   </div>
   <div class='ocr_carea' id='block_1_94' title="bbox 42 4927 3293 5018">
    <p class='ocr_par' dir='ltr' id='par_1_94' title="bbox 42 4927 3293 5018">
     <span class='ocr_line' id='line_1_95' title="bbox 42 4927 3293 5018; baseline 0 -37"><span class='ocrx_word' id='word_1_751' title='bbox 42 4936 235 4998; x_wconf 61' lang='lat' dir='ltr'><strong>natatur;</strong></span> <span class='ocrx_word' id='word_1_752' title='bbox 262 4938 483 5015; x_wconf 56' lang='lat' dir='ltr'><strong>percipi;</strong></span> <span class='ocrx_word' id='word_1_753' title='bbox 512 4949 567 4995; x_wconf 75' lang='grc' dir='ltr'><strong>οι</strong></span> <span class='ocrx_word' id='word_1_754' title='bbox 598 4944 790 5003; x_wconf 57' lang='lat' dir='ltr'><strong>sedere</strong></span> <span class='ocrx_word' id='word_1_755' title='bbox 813 4944 879 4998; x_wconf 67' lang='lat' dir='ltr'><strong>ad</strong></span> <span class='ocrx_word' id='word_1_756' title='bbox 916 4945 1188 5001; x_wconf 50' lang='lat' dir='ltr'><strong>sinistram</strong></span> <span class='ocrx_word' id='word_1_757' title='bbox 1213 4962 1335 5002; x_wconf 70' lang='lat' dir='ltr'><strong>cum</strong></span> <span class='ocrx_word' id='word_1_758' title='bbox 1360 4948 1591 5018; x_wconf 64' lang='lat' dir='ltr'><strong>inhujus</strong></span> <span class='ocrx_word' id='word_1_759' title='bbox 1705 4929 1891 4983; x_wconf 88' lang='lat' dir='ltr'><strong>multis</strong></span> <span class='ocrx_word' id='word_1_760' title='bbox 1915 4927 2132 4999; x_wconf 90' lang='lat' dir='ltr'><strong>quidem</strong></span> <span class='ocrx_word' id='word_1_761' title='bbox 2181 4930 2337 4997; x_wconf 90' lang='lat' dir='ltr'><strong>dicit,</strong></span> <span class='ocrx_word' id='word_1_762' title='bbox 2387 4945 2486 5002; x_wconf 87' lang='lat' dir='ltr'><strong>pro</strong></span> <span class='ocrx_word' id='word_1_763' title='bbox 2540 4928 2649 4983; x_wconf 87' lang='lat' dir='ltr'><strong>illis</strong></span> <span class='ocrx_word' id='word_1_764' title='bbox 2684 4931 2893 4986; x_wconf 88' lang='lat' dir='ltr'><strong>scilicet</strong></span> <span class='ocrx_word' id='word_1_765' title='bbox 2940 4929 3031 5000; x_wconf 92' lang='lat' dir='ltr'><strong>qui</strong></span> <span class='ocrx_word' id='word_1_766' title='bbox 3068 4928 3119 4983; x_wconf 90' lang='lat' dir='ltr'><strong>in</strong></span> <span class='ocrx_word' id='word_1_767' title='bbox 3166 4943 3293 5018; x_wconf 80' lang='lat' dir='ltr'><strong>eum</strong></span> 
     </span>
    </p>
   </div>
   <div class='ocr_carea' id='block_1_95' title="bbox 46 5015 3299 5112">
    <p class='ocr_par' dir='ltr' id='par_1_95' title="bbox 46 5015 3299 5112">
     <span class='ocr_line' id='line_1_96' title="bbox 46 5015 3299 5112; baseline -0.001 -46"><span class='ocrx_word' id='word_1_768' title='bbox 46 5023 430 5089; x_wconf 62' lang='lat' dir='ltr'><strong>lieregrijmione</strong></span> <span class='ocrx_word' id='word_1_769' title='bbox 463 5031 585 5086; x_wconf 56' lang='lat' dir='ltr'><strong>vim,</strong></span> <span class='ocrx_word' id='word_1_770' title='bbox 623 5035 742 5090; x_wconf 65' lang='lat' dir='ltr'><strong>aliis</strong></span> <span class='ocrx_word' id='word_1_771' title='bbox 778 5037 1070 5104; x_wconf 46' lang='grc' dir='ltr'><strong>μετρείσθω</strong></span> <span class='ocrx_word' id='word_1_772' title='bbox 1102 5038 1327 5108; x_wconf 50' lang='lat' dir='ltr'><strong>suscipit</strong></span> <span class='ocrx_word' id='word_1_773' title='bbox 1362 5015 1586 5112; x_wconf 56' lang='grc' dir='ltr'><strong>τθείὼί,</strong></span> <span class='ocrx_word' id='word_1_774' title='bbox 1691 5017 1913 5072; x_wconf 89' lang='lat' dir='ltr'><strong>credere</strong></span> <span class='ocrx_word' id='word_1_775' title='bbox 1942 5017 2258 5084; x_wconf 87' lang='lat' dir='ltr'><strong>voluerunt;</strong></span> <span class='ocrx_word' id='word_1_776' title='bbox 2285 5030 2339 5075; x_wconf 91' lang='lat' dir='ltr'><strong>et</strong></span> <span class='ocrx_word' id='word_1_777' title='bbox 2368 5034 2490 5075; x_wconf 89' lang='lat' dir='ltr'><strong>cum</strong></span> <span class='ocrx_word' id='word_1_778' title='bbox 2522 5017 2650 5071; x_wconf 90' lang='lat' dir='ltr'><strong>dicit</strong></span> <span class='ocrx_word' id='word_1_779' title='bbox 2680 5036 2699 5069; x_wconf 71' lang='grc' dir='ltr'>ι</span> <span class='ocrx_word' id='word_1_780' title='bbox 2720 5020 2975 5081; x_wconf 91' lang='lat' dir='ltr'><strong>animam,</strong></span> <span class='ocrx_word' id='word_1_781' title='bbox 3007 5036 3024 5068; x_wconf 81' lang='lat' dir='ltr'><strong>l</strong></span> <span class='ocrx_word' id='word_1_782' title='bbox 3056 5015 3299 5070; x_wconf 79' lang='lat' dir='ltr'><strong>deSIrui-.</strong></span> 
     </span>
    </p>
   </div>
   <div class='ocr_carea' id='block_1_96' title="bbox 46 5107 1623 5204">
    <p class='ocr_par' dir='ltr' id='par_1_96' title="bbox 46 5107 1584 5204">
     <span class='ocr_line' id='line_1_97' title="bbox 46 5107 1584 5204; baseline 0.018 -46"><span class='ocrx_word' id='word_1_783' title='bbox 46 5119 95 5204; x_wconf 57' lang='lat' dir='ltr'><strong>Ite</strong></span> <span class='ocrx_word' id='word_1_784' title='bbox 115 5116 405 5204; x_wconf 72' lang='lat' dir='ltr'><strong>sacerdotii.</strong></span> <span class='ocrx_word' id='word_1_785' title='bbox 444 5119 673 5178; x_wconf 87' lang='lat' dir='ltr'><strong>Constat</strong></span> <span class='ocrx_word' id='word_1_786' title='bbox 698 5140 826 5196; x_wconf 87' lang='lat' dir='ltr'><strong>ergo</strong></span> <span class='ocrx_word' id='word_1_787' title='bbox 854 5128 1195 5183; x_wconf 87' lang='lat' dir='ltr'><strong>notissimum</strong></span> <span class='ocrx_word' id='word_1_788' title='bbox 1219 5107 1339 5185; x_wconf 87' lang='lat' dir='ltr'><strong>esse</strong></span> <span class='ocrx_word' id='word_1_789' title='bbox 1372 5107 1499 5204; x_wconf 74' lang='lat' dir='ltr'><strong>quia</strong></span> <span class='ocrx_word' id='word_1_790' title='bbox 1532 5132 1584 5186; x_wconf 81' lang='lat' dir='ltr'><strong>lii</strong></span> 
     </span>
    </p>
   </div>
   <div class='ocr_carea' id='block_1_97' title="bbox 1725 5107 3323 5204">
    <p class='ocr_par' dir='ltr' id='par_1_97' title="bbox 1725 5107 3323 5184">
     <span class='ocr_line' id='line_1_98' title="bbox 1725 5107 3323 5184; baseline -0.001 -25"><span class='ocrx_word' id='word_1_791' title='bbox 1725 5122 1789 5161; x_wconf 87' lang='lat' dir='ltr'><strong>ur</strong></span> <span class='ocrx_word' id='word_1_792' title='bbox 1814 5124 1971 5165; x_wconf 91' lang='lat' dir='ltr'><strong>error</strong></span> <span class='ocrx_word' id='word_1_793' title='bbox 1999 5107 2209 5162; x_wconf 91' lang='lat' dir='ltr'><strong>illorum</strong></span> <span class='ocrx_word' id='word_1_794' title='bbox 2241 5114 2333 5184; x_wconf 90' lang='lat' dir='ltr'><strong>qui</strong></span> <span class='ocrx_word' id='word_1_795' title='bbox 2364 5112 2621 5168; x_wconf 74' lang='lat' dir='ltr'><strong>dixerunt</strong></span> <span class='ocrx_word' id='word_1_796' title='bbox 2647 5109 2935 5167; x_wconf 84' lang='lat' dir='ltr'><strong>Dominum</strong></span> <span class='ocrx_word' id='word_1_797' title='bbox 2964 5123 3071 5164; x_wconf 92' lang='lat' dir='ltr'><strong>non</strong></span> <span class='ocrx_word' id='word_1_798' title='bbox 3109 5120 3323 5169; x_wconf 54' lang='lat' dir='ltr'><strong>veram,</strong></span> 
     </span>
    </p>
   </div>
   <div class='ocr_carea' id='block_1_98' title="bbox 50 5192 2296 5296">
    <p class='ocr_par' dir='ltr' id='par_1_98' title="bbox 50 5192 2296 5296">
     <span class='ocr_line' id='line_1_99' title="bbox 50 5192 2296 5296; baseline 0.013 -48"><span class='ocrx_word' id='word_1_799' title='bbox 50 5192 129 5296; x_wconf 73' lang='lat' dir='ltr'><strong>luo</strong></span> <span class='ocrx_word' id='word_1_800' title='bbox 157 5200 241 5258; x_wconf 85' lang='lat' dir='ltr'><strong>lilii</strong></span> <span class='ocrx_word' id='word_1_801' title='bbox 270 5206 501 5266; x_wconf 68' lang='lat' dir='ltr'><strong>Zebedzei</strong></span> <span class='ocrx_word' id='word_1_802' title='bbox 531 5229 634 5269; x_wconf 90' lang='lat' dir='ltr'><strong>non</strong></span> <span class='ocrx_word' id='word_1_803' title='bbox 666 5192 805 5271; x_wconf 72' lang='lat' dir='ltr'><strong>uans</strong></span> <span class='ocrx_word' id='word_1_804' title='bbox 830 5218 897 5272; x_wconf 89' lang='lat' dir='ltr'><strong>ad</strong></span> <span class='ocrx_word' id='word_1_805' title='bbox 933 5220 1230 5287; x_wconf 82' lang='lat' dir='ltr'><strong>dexteram,</strong></span> <span class='ocrx_word' id='word_1_806' title='bbox 1264 5232 1313 5277; x_wconf 90' lang='lat' dir='ltr'><strong>et</strong></span> <span class='ocrx_word' id='word_1_807' title='bbox 1346 5192 1488 5280; x_wconf 73' lang='lat' dir='ltr'><strong>alter</strong></span> <span class='ocrx_word' id='word_1_808' title='bbox 1517 5226 1583 5278; x_wconf 89' lang='lat' dir='ltr'><strong>ad</strong></span> <span class='ocrx_word' id='word_1_809' title='bbox 1693 5199 1933 5257; x_wconf 61' lang='lat' dir='ltr'><strong>animm&quot;</strong></span> <span class='ocrx_word' id='word_1_810' title='bbox 1974 5201 2296 5269; x_wconf 50' lang='lat' dir='ltr'><strong>summisse-</strong></span> 
     </span>
    </p>
   </div>
   <div class='ocr_carea' id='block_1_99' title="bbox 48 5290 2710 5393">
    <p class='ocr_par' dir='ltr' id='par_1_99' title="bbox 48 5290 2710 5393">
     <span class='ocr_line' id='line_1_100' title="bbox 48 5290 2710 5393; baseline 0.014 -54"><span class='ocrx_word' id='word_1_811' title='bbox 48 5290 284 5393; x_wconf 61' lang='lat' dir='ltr'><strong>:sllllSlram</strong></span> <span class='ocrx_word' id='word_1_812' title='bbox 316 5300 518 5393; x_wconf 78' lang='lat' dir='ltr'><strong>Domini</strong></span> <span class='ocrx_word' id='word_1_813' title='bbox 561 5309 750 5364; x_wconf 86' lang='lat' dir='ltr'><strong>sedere</strong></span> <span class='ocrx_word' id='word_1_814' title='bbox 791 5324 1170 5383; x_wconf 61' lang='lat' dir='ltr'><strong>perceperunt,</strong></span> <span class='ocrx_word' id='word_1_815' title='bbox 1206 5318 1298 5371; x_wconf 88' lang='lat' dir='ltr'><strong>sed</strong></span> <span class='ocrx_word' id='word_1_816' title='bbox 1328 5322 1491 5374; x_wconf 88' lang='lat' dir='ltr'><strong>ambo</strong></span> <span class='ocrx_word' id='word_1_817' title='bbox 1515 5319 1581 5372; x_wconf 91' lang='lat' dir='ltr'><strong>ad</strong></span> <span class='ocrx_word' id='word_1_818' title='bbox 2270 5328 2555 5393; x_wconf 66' lang='grc' dir='ltr'><strong>ηολιιωΑ</strong></span> <span class='ocrx_word' id='word_1_819' title='bbox 2598 5327 2710 5387; x_wconf 70' lang='lat' dir='ltr'><strong>xit.</strong></span> 
     </span>
    </p>
   </div>
   <div class='ocr_carea' id='block_1_100' title="bbox 49 5379 3327 5521">
    <p class='ocr_par' dir='ltr' id='par_1_100' title="bbox 49 5379 3327 5521">
     <span class='ocr_line' id='line_1_101' title="bbox 49 5379 3134 5513; baseline 0.039 -87"><span class='ocrx_word' id='word_1_820' title='bbox 49 5379 228 5448; x_wconf 84' lang='lat' dir='ltr'><strong>tempus</strong></span> <span class='ocrx_word' id='word_1_821' title='bbox 268 5390 331 5443; x_wconf 88' lang='lat' dir='ltr'><strong>ad</strong></span> <span class='ocrx_word' id='word_1_822' title='bbox 378 5394 671 5465; x_wconf 85' lang='lat' dir='ltr'><strong>sinistram,</strong></span> <span class='ocrx_word' id='word_1_823' title='bbox 728 5402 980 5470; x_wconf 80' lang='lat' dir='ltr'><strong>quoniam</strong></span> <span class='ocrx_word' id='word_1_824' title='bbox 1031 5406 1363 5473; x_wconf 68' lang='grc' dir='ltr'><strong>θροειοιδιιιε</strong></span> <span class='ocrx_word' id='word_1_825' title='bbox 1402 5410 1581 5467; x_wconf 85' lang='lat' dir='ltr'><strong>ofﬁcio</strong></span> <span class='ocrx_word' id='word_1_826' title='bbox 1685 5457 1741 5513; x_wconf 59' lang='lat' dir='ltr'><strong>IN</strong></span> <span class='ocrx_word' id='word_1_827' title='bbox 2270 5379 2357 5393; x_wconf 55' lang='lat' dir='ltr'><strong>nu</strong></span> <span class='ocrx_word' id='word_1_828' title='bbox 2564 5476 2574 5486; x_wconf 83' lang='lat'>&#39;</span> <span class='ocrx_word' id='word_1_829' title='bbox 3124 5457 3134 5469; x_wconf 42' lang='lat'><strong><em>.</em></strong></span> 
     </span>
     <span class='ocr_line' id='line_1_102' title="bbox 349 5456 3327 5521; baseline 0.018 -35"><span class='ocrx_word' id='word_1_830' title='bbox 349 5481 360 5486; x_wconf 92' lang='lat'><strong>-</strong></span> <span class='ocrx_word' id='word_1_831' title='bbox 508 5496 514 5497; x_wconf 31' lang='grc' dir='ltr'><em>γ</em></span> <span class='ocrx_word' id='word_1_832' title='bbox 546 5503 558 5510; x_wconf 83' lang='grc'>.</span> <span class='ocrx_word' id='word_1_833' title='bbox 618 5505 758 5521; x_wconf 60' lang='lat' dir='ltr'><strong>nm...</strong></span> <span class='ocrx_word' id='word_1_834' title='bbox 807 5506 934 5521; x_wconf 59' lang='lat' dir='ltr'><strong>an-..</strong></span> <span class='ocrx_word' id='word_1_835' title='bbox 967 5496 1122 5521; x_wconf 46' lang='grc' dir='ltr'><strong>...πηιιη</strong></span> <span class='ocrx_word' id='word_1_836' title='bbox 1176 5496 1241 5521; x_wconf 69' lang='grc' dir='ltr'><strong>-.ι</strong></span> <span class='ocrx_word' id='word_1_837' title='bbox 1301 5499 1575 5521; x_wconf 39' lang='grc' dir='ltr'><strong>λη.-μῴ</strong></span> <span class='ocrx_word' id='word_1_838' title='bbox 1775 5479 1936 5521; x_wconf 74' lang='grc' dir='ltr'><strong>ιιιυι)</strong></span> <span class='ocrx_word' id='word_1_839' title='bbox 1968 5462 2241 5521; x_wconf 65' lang='lat' dir='ltr'><strong>Murum</strong></span> <span class='ocrx_word' id='word_1_840' title='bbox 2273 5488 2286 5521; x_wconf 90' lang='lat'><strong>:</strong></span> <span class='ocrx_word' id='word_1_841' title='bbox 2324 5470 2667 5521; x_wconf 66' lang='lat' dir='ltr'><strong>Accesserant</strong></span> <span class='ocrx_word' id='word_1_842' title='bbox 2708 5464 2780 5515; x_wconf 82' lang='lat' dir='ltr'><strong>ad</strong></span> <span class='ocrx_word' id='word_1_843' title='bbox 2809 5464 2989 5518; x_wconf 72' lang='lat' dir='ltr'><strong>Iesum</strong></span> <span class='ocrx_word' id='word_1_844' title='bbox 3020 5456 3216 5512; x_wconf 50' lang='lat' dir='ltr'><strong>5mm”</strong></span> <span class='ocrx_word' id='word_1_845' title='bbox 3243 5472 3327 5511; x_wconf 57' lang='grc' dir='ltr'><strong>θέί</strong></span> 
     </span>
    </p>
   </div>
   <div class='ocr_carea' id='block_1_101' title="bbox 546 5480 3323 5592">
    <p class='ocr_par' dir='ltr' id='par_1_101' title="bbox 546 5480 3323 5592">
     <span class='ocr_line' id='line_1_103' title="bbox 546 5480 3323 5551; baseline -0.005 -30"><span class='ocrx_word' id='word_1_846' title='bbox 546 5503 558 5510; x_wconf 91' lang='lat'><strong>-</strong></span> <span class='ocrx_word' id='word_1_847' title='bbox 618 5505 758 5526; x_wconf 69' lang='grc' dir='ltr'><strong>,ηιηη</strong></span> <span class='ocrx_word' id='word_1_848' title='bbox 807 5506 935 5545; x_wconf 62' lang='lat' dir='ltr'><strong>vero</strong></span> <span class='ocrx_word' id='word_1_849' title='bbox 966 5509 995 5547; x_wconf 70' lang='lat' dir='ltr'><strong>a</strong></span> <span class='ocrx_word' id='word_1_850' title='bbox 1058 5496 1088 5549; x_wconf 54' lang='grc' dir='ltr'><strong>ι)</strong></span> <span class='ocrx_word' id='word_1_851' title='bbox 1210 5496 1241 5549; x_wconf 71' lang='lat' dir='ltr'><strong>d</strong></span> <span class='ocrx_word' id='word_1_852' title='bbox 1297 5499 1329 5551; x_wconf 82' lang='lat' dir='ltr'><strong>d</strong></span> <span class='ocrx_word' id='word_1_853' title='bbox 1685 5480 1740 5513; x_wconf 73' lang='grc' dir='ltr'>ω</span> <span class='ocrx_word' id='word_1_854' title='bbox 1775 5480 1936 5522; x_wconf 73' lang='grc' dir='ltr'><strong>ιιι.υο</strong></span> <span class='ocrx_word' id='word_1_855' title='bbox 1968 5480 2241 5543; x_wconf 48' lang='grc' dir='ltr'><strong>Μίλττςῐῌίῐ</strong></span> <span class='ocrx_word' id='word_1_856' title='bbox 2273 5488 2286 5523; x_wconf 92' lang='lat'><strong>:</strong></span> <span class='ocrx_word' id='word_1_857' title='bbox 2324 5480 2683 5541; x_wconf 41' lang='lat' dir='ltr'><strong>Acresserum.</strong></span> <span class='ocrx_word' id='word_1_858' title='bbox 2708 5480 2779 5543; x_wconf 73' lang='grc' dir='ltr'><em>πᾳ</em></span> <span class='ocrx_word' id='word_1_859' title='bbox 2809 5480 2993 5544; x_wconf 57' lang='lat' dir='ltr'><strong>“sunt</strong></span> <span class='ocrx_word' id='word_1_860' title='bbox 3020 5480 3216 5512; x_wconf 74' lang='lat' dir='ltr'><strong>ocrww</strong></span> <span class='ocrx_word' id='word_1_861' title='bbox 3243 5480 3323 5511; x_wconf 48' lang='lat' dir='ltr'><strong>est</strong></span> 
     </span>
     <span class='ocr_line' id='line_1_104' title="bbox 1002 5510 3323 5592; baseline -0.006 0"><span class='ocrx_word' id='word_1_862' title='bbox 1002 5511 1050 5548; x_wconf 80' lang='lat' dir='ltr'>m</span> <span class='ocrx_word' id='word_1_863' title='bbox 1092 5510 1124 5549; x_wconf 74' lang='grc' dir='ltr'>ο</span> <span class='ocrx_word' id='word_1_864' title='bbox 1176 5510 1204 5549; x_wconf 63' lang='grc'><strong>³</strong></span> <span class='ocrx_word' id='word_1_865' title='bbox 1291 5590 1297 5592; x_wconf 84' lang='grc'><strong>,</strong></span> <span class='ocrx_word' id='word_1_866' title='bbox 1334 5512 1578 5557; x_wconf 56' lang='lat' dir='ltr'><strong>emeram</strong></span> <span class='ocrx_word' id='word_1_867' title='bbox 1764 5532 2025 5589; x_wconf 67' lang='lat' dir='ltr'><strong>Phariam</strong></span> <span class='ocrx_word' id='word_1_868' title='bbox 2073 5533 2309 5592; x_wconf 68' lang='lat' dir='ltr'><strong>dicentes</strong></span> <span class='ocrx_word' id='word_1_869' title='bbox 2335 5557 2352 5592; x_wconf 92' lang='lat'><strong>:</strong></span> <span class='ocrx_word' id='word_1_870' title='bbox 2407 5534 2587 5592; x_wconf 75' lang='lat' dir='ltr'><strong>Quare</strong></span> <span class='ocrx_word' id='word_1_871' title='bbox 2629 5530 2877 5592; x_wconf 68' lang='grc' dir='ltr'><strong>Αιδετῃηιτ</strong></span> <span class='ocrx_word' id='word_1_872' title='bbox 2919 5543 2992 5585; x_wconf 78' lang='lat' dir='ltr'><strong>(ut</strong></span> <span class='ocrx_word' id='word_1_873' title='bbox 3029 5540 3323 5592; x_wconf 65' lang='lat' dir='ltr'><strong>transgrc—,</strong></span> 
     </span>
    </p>
   </div>
  </div>
