4038 6454
598 440 701 499 9&7

1182 434 1437 531 REMltlll
1474 433 2133 498 ANTISSIODORENSIS
2164 435 2314 501 OPP.
2354 438 2535 497 PARS
2571 436 2635 497 ll.
2673 468 2746 484 —-
2779 439 3275 505 MISCELLANEA.

598 559 655 606 et
700 547 1020 609 traditiones
1056 546 1344 615 hominum,
1386 562 1494 604 non
1542 548 1833 604 servaret!-
1870 566 1889 600 ι
1920 546 2127 616 Quare,
2159 569 2183 601 ι.
2210 553 2261 613 Α
2287 549 2448 618 allici,
2482 566 2649 623 quam
2672 567 2735 610 ea
2764 553 3050 625 exigerent
3072 570 3193 627 qua:
3219 558 3329 614 Deo
3371 566 3694 615 consecrata
3723 563 3895 617 audi.

600 643 878 715 inquiunt,
926 660 951 693 ι
979 639 1227 713 discipuli
1272 641 1352 696 tui
1401 640 1873 710 transgrediuntur
1919 651 2188 713 praecepta

600 734 914 791 seniorum?
943 752 964 787 ι
994 731 1093 789 His
1113 746 1346 802 namque
1367 733 1549 789 verbis
1575 739 1763 803 aperte
1785 731 2190 790 demonstratur

600 825 831 884 intentio
856 823 1175 880 Scribarum
1205 831 1262 880 et
1286 821 1687 879 Pharisaeorum
1714 837 1884 893 quare
1919 823 2186 894 venerint,

598 900 855 975 videlicet
876 931 980 973 non
1004 915 1071 971 ad
1095 915 1432 983 discendum,
1456 916 1552 973 sed
1572 916 1639 971 ad
1664 917 2187 988 reprehendendum.

602 1008 1094 1081 Reprehendebant
1119 1007 1413 1080 discipulos
1440 1006 1653 1064 Domini
1682 1023 1788 1065 non
1821 1008 1888 1065 de
1911 1009 2015 1066 ista
2039 1008 2193 1064 lava-

603 1098 775 1168 tione,‘
797 1115 917 1172 qua:
939 1109 1202 1157 consueto
1220 1115 1375 1157 more
1404 1100 1606 1172 agitur,
1646 1100 1742 1158 sed
1776 1101 1847 1157 de
1882 1101 1972 1157 illa
1999 1117 2189 1173 super-

602 1191 730 1259 ﬂua,
774 1206 898 1263 quae
940 1191 1320 1265 superstitiosa
1362 1190 1654 1247 traditione
1695 1185 1973 1248 seniorum
2017 1190 2190 1248 fuerat

604 1291 841 1352 recepta.
895 1279 1027 1349 Quae
1068 1290 1250 1335 autem
1294 1293 1360 1335 ea
1408 1278 1575 1335 fuerit
1621 1279 1938 1355 manifestat
1976 1277 2191 1336 Marcus

602 1386 727 1428 cum
755 1373 833 1428 ait
857 1389 871 1426 :
896 1370 1158 1428 Pharisaei
1193 1372 1341 1427 enim
1369 1379 1427 1426 et
1452 1385 1643 1428 omnes
1670 1369 1840 1427 iudici
1870 1371 1973 1427 nisi
1998 1371 2190 1428 crebro

605 1468 788 1520 lavent
807 1477 1003 1518 manus
1023 1477 1153 1519 suas
1178 1477 1284 1518 non
1308 1461 1638 1518 manducent
1661 1476 1882 1533 panem,
1908 1470 2191 1519 εεινθιιιθδ

608 1554 959 1617 traditionem
1016 1553 1316 1621 seniorum,
1371 1560 1427 1610 et
1473 1568 1507 1608 a
1554 1552 1676 1611 foro
1722 1553 2033 1619 redeuntes,
2083 1552 2191 1608 nisi

606 1647 953 1717 haptizentur
993 1660 1100 1702 non
1129 1645 1440 1712 comedunt,
1478 1653 1536 1701 et
1563 1644 1734 1701 multa
1762 1644 1870 1700 alia
1907 1651 2036 1702 sunt
2070 1658 2193 1715 qua:

610 1736 811 1792 tradita
868 1746 995 1795 sunt
1043 1734 1150 1796 illis
1207 1748 1427 1796 servare
1474 1735 1799 1807 baptismata
1851 1735 2087 1792 calicum
2134 1743 2194 1792 et

608 1842 928 1895 urceerum,
957 1837 1017 1890 et
1036 1836 1475 1894 mramentorum,
1503 1835 1561 1883 et
1603 1828 1888 1885 lcetorum.
1926 1826 2192 1885 Lavandte

2290 649 2432 697 rent.
2483 641 2671 700 Potest
2715 654 2772 705 et
2816 644 2983 701 aliter
3027 646 3108 707 sic
3139 646 3427 720 intelligi:
3457 662 3675 707 munus.
3710 655 3901 723 quod.

2289 746 2505 803 cunque
2546 742 2634 790 est
2681 749 2751 791 ex
2807 750 2898 793 me
2946 736 3046 793 tibi
3094 739 3361 810 proderit,
3396 740 3563 797 idest
3612 744 3899 814 quidquid

2289 823 2489 880 habere
2527 838 2768 895 possum,
2807 842 2844 883 o
2865 835 3026 898 pater
3055 836 3112 885 et
3135 837 3337 896 mater,
3361 830 3417 887 in
3444 841 3567 888 tuos
3591 847 3734 889 usus
3752 849 3903 890 ean»

2289 927 2447 970 sumo
2470 922 2528 970 et
2569 915 2829 983 cibos,-et
2863 917 2935 973 ob
2964 918 3072 974 hoc
3102 932 3209 973 non
3239 918 3419 976 habeo
3445 920 3578 992 quid
3612 921 3731 979 Deo
3752 922 3902 980 οπε-

2288 1017 2442 1068 ram;
2475 1010 2535 1058 ut
2558 1003 2685 1059 dum
2712 1013 2971 1075 parentes
2994 1006 3112 1062 haec
3134 1004 3411 1075 audirent,
3433 1007 3696 1066 similiter
3712 1011 3901 1083 magis

2290 1092 2528 1163 impiam
2573 1094 2709 1164 pati,
2757 1104 2812 1150 et
2841 1096 3074 1165 penuria
3116 1095 3255 1154 allici
3296 1106 3570 1169 optarent,
3620 1115 3797 1172 quam
3827 1117 3899 1160 ea

2290 1182 2669 1240 subtraherent
2713 1199 2838 1257 qua:
2885 1185 2985 1243 lilii
3018 1186 3132 1245 Deo
3180 1185 3381 1249 offerre
3409 1189 3695 1248 volebant.
3742 1192 3896 1263 Age-

2288 1271 2424 1329 baut
2457 1271 2604 1328 enim
2659 1269 2867 1332 Scriba:
2915 1282 2973 1331 et
3018 1273 3280 1340 Pharismi
3326 1276 3549 1346 callide,
3580 1289 3646 1336 ut
3674 1295 3749 1336 ea
3771 1296 3899 1353 qua

2291 1360 2578 1425 tribuenda
2629 1369 2790 1424 erant
2833 1364 3155 1434 parentibus
3196 1376 3589 1424 converterent
3637 1368 3701 1425 in
3759 1385 3898 1431 usus

2293 1453 2658 1521 sacerdotum,
2701 1462 2975 1527 quatenus
3022 1455 3126 1513 sub
3179 1457 3287 1516 hac
3331 1460 3625 1519 occasione
3676 1468 3899 1523 tet-mna

2291 1544 2440 1602 lucra
2461 1545 2565 1602 sibi
2587 1545 2969 1615 cumularent;
3001 1556 3058 1604 et
3077 1549 3195 1606 haec
3219 1549 3483 1609 facientes
3501 1566 3739 1611 sensum
3767 1554 3899 1627 legis

2293 1634 2611 1693 violabant:
2658 1636 2803 1694 unde
2847 1636 3044 1694 merito
3089 1638 3568 1710 reprehenduntur
3589 1656 3624 1696 a
3660 1640 3898 1699 Domitio

2293 1727 2556 1790 dicente:
2591 1747 2617 1785 ι.
2648 1728 2717 1793 Et
2766 1728 2985 1786 irritum
3014 1729 3222 1789 fecistis
3263 1732 3587 1801 mandatum
3641 1734 3746 1791 Dei
3773 1750 3897 1805 pro.

2293 1829 2418 1890 pter
2444 1819 2790 1883 traditionem
2810 1829 3075 1879 vestram.
3096 1841 3117 1877 ι
3145 1821 3471 1896 Hypocritm,
3491 1827 3641 1884 bene
3663 1829 3899 1899 prophe-

607 1934 740 1989 crgo
785 1930 908 1975 sunt
952 1934 1149 1976 manus
1199 1934 1307 1975 non
1364 1928 1473 1975 tam
1530 1920 1776 1991 corporis
1809 1933 1975 1991 quam
2029 1919 2196 1977 totius

2301 1907 2437 1965 tavit
2472 1907 2539 1964 de
2589 1909 2746 1969 vobis
2794 1910 2963 1969 Isaias
3009 1911 3238 1970 dicens:
3272 1913 3565 1985 tPopulus
3612 1916 3716 1973 hic
3744 1917 3901 1975 labiis

609 2008 813 2074 cordis,
846 2007 900 2063 id
926 2014 1010 2064 est
1056 2007 1334 2080 purganda
1361 2018 1488 2065 sunt
1535 2024 1722 2082 opera,
1761 2018 1820 2066 ut
1864 2011 1921 2066 in
1953 2009 2061 2067 illis
2089 2011 2192 2071 im-

609 2098 821 2167 pleatur
848 2097 1070 2153 verbum
1093 2097 1210 2154 Dei.
1248 2097 1510 2155 Dominus
1532 2114 1771 2171 namque
1798 2099 2113 2158 Scribarum
2136 2109 2195 2158 et

611 2186 1008 2246 Phariszeorum
1057 2186 1382 2243 calumniam
1425 2203 1554 2245 vera
1602 2191 1957 2262 responsione
2006 2189 2196 2246 confu-

614 2279 769 2345 tavit,
797 2287 855 2334 et
889 2279 1239 2350 reprehendit
1264 2280 1452 2338 dicens
1480 2299 1494 2337 :
1528 2300 1547 2335 ι
1584 2280 1764 2350 Quare
1793 2291 1849 2338 et
1894 2296 1990 2339 vos
2016 2291 2194 2338 trans-

618 2370 906 2441 gredimini
941 2372 1255 2430 mandatum
1306 2372 1403 2431 Dei
1455 2385 1677 2446 propter
1705 2375 2051 2433 traditionem
2092 2389 2194 2432 ve-

618 2463 838 2519 stram?
870 2482 890 2517 »
924 2462 993 2519 Ει
1019 2472 1105 2520 est
1134 2478 1325 2522 sensus
1355 2483 1370 2520 :
1413 2463 1592 2534 Quare
1620 2481 1743 2524 cum
1784 2482 1883 2524 vos
1924 2474 2193 2539 praecepta

617 2556 715 2611 Dei
750 2554 1037 2629 negligatis
1076 2564 1135 2612 ut
1177 2557 1496 2615 traditiones
1520 2567 1576 2615 et
1603 2568 1876 2631 praecepta
1914 2559 2195 2616 hominum

614 2648 868 2713 servetis,
885 2647 1141 2721 iudicatis
1164 2648 1456 2721 discipulos
1479 2664 1630 2706 meos
1653 2664 1774 2708 esse
1794 2651 2196 2721 redarguendos

617 2737 710 2805 qui
743 2737 1065 2794 traditiones
1093 2746 1148 2795 et
1191 2750 1466 2810 prtecepta
1505 2740 1784 2796 hominum
1819 2750 2192 2809 contemnunt,

588 2835 677 2883 .ut
717 2826 872 2896 iussa
895 2827 990 2886 Dei
1031 2831 1387 2888 custodiant?
1434 2832 1493 2889 In
1535 2847 1642 2902 quo
1678 2832 1824 2890 facto
1862 2843 2197 2891 monstratur

596 2919 743 2975 illud
768 2922 879 2991 jam
906 2935 1028 2979 esse
1059 2923 1390 2994 completum
1417 2925 1561 2994 quod
1581 2923 1750 2980 lsaias
1774 2925 2197 2997 prophetaverat

613 3013 799 3068 dicens
828 3030 843 3066 :
878 3031 897 3065 ‹
930 3014 1226 3087 lledarguit
1260 3016 1601 3086 iniquitatem
1633 3032 1734 3088 pro
1759 3017 2062 3074 mansuetis
2090 3025 2198 3072 tcr-

614 3117 709 3158 rm.
742 3121 761 3156 ι
794 3102 863 3159 Ει
890 3105 1045 3174 quasi
1094 3107 1226 3176 ipsis
1272 3106 1750 3179 interrogantibus,
1782 3108 1875 3165 ubi
1923 3115 2200 3180 transgre-

615 3192 795 3248 dirnur
828 3204 1097 3264 prmcepta
1119 3196 1259 3251 Dei!
1290 3185 1569 3267 respondit
1598 3212 1613 3253 :
1649 3216 1669 3251 ι
1696 3196 1832 3254 Nam
1862 3199 2005 3256 Deus
2027 3199 2191 3256 dixit:

2297 2013 2385 2055 me
2429 2000 2686 2068 honorat,
2736 2015 2833 2064 cor
2879 2011 3063 2066 autem
3113 2018 3303 2069 eorum
3354 2006 3517 2080 longe
3546 2017 3637 2069 est
3669 2023 3709 2065 a
3735 2024 3842 2066 me.
3872 2029 3897 2064 ι

2295 2090 2589 2163 Hypocrita
2629 2092 2828 2151 dicitur
2860 2094 3167 2160 simulator.
3193 2096 3290 2169 qui
3325 2096 3472 2157 aliud
3504 2113 3686 2171 opere
3731 2101 3898 2157 simn—

2296 2180 2394 2248 lat,
2423 2190 2479 2238 et
2504 2183 2653 2240 aliud
2682 2184 2849 2247 corde
2892 2194 3097 2257 gestat.
3140 2186 3239 2248 Isti
3261 2203 3393 2262 ergo
3421 2189 3569 2249 bene
3596 2191 3901 2267 hypocrita

2296 2275 2573 2342 dicuntur,
2601 2276 2730 2348 quia
2786 2278 2889 2334 sub
2918 2278 3131 2336 honore
3183 2279 3282 2338 Dei
3325 2288 3550 2337 terrena
3601 2282 3767 2338 lucra
3800 2285 3899 2339 sibi

2297 2369 2643 2433 accumulare
2689 2371 3001 2443 cupiebant.
3031 2371 3344 2433 Iudaeorum
3384 2389 3635 2447 namque
3667 2375 3899 2448 populus

2295 2460 2454 2521 labiis
2482 2471 2537 2518 et
2572 2476 2671 2520 Ore
2702 2463 3139 2535 appropinquare
3170 2473 3229 2522 et
3271 2478 3397 2522 eum
3438 2465 3730 2523 honorare
3754 2467 3899 2523 vide-

2297 2552 2481 2620 batur,
2507 2554 2633 2625 quia
2662 2554 2826 2610 unius
2855 2553 2955 2611 Dei
2979 2539 3185 2612 c'ultutn
3207 2571 3269 2614 se
3287 2557 3494 2613 habere
3524 2556 3895 2626 gloriabatur;

2297 2641 2397 2699 sed
2427 2642 2594 2699 corde
2637 2641 2800 2715 longe
2844 2643 2914 2700 ab
2956 2656 3023 2701 eo
3068 2645 3321 2710 recessit,
3362 2644 3492 2716 quia
3541 2645 3686 2702 visis
3736 2646 3900 2717 signis

2297 2738 2462 2803 atque
2509 2732 2810 2801 miraculis,
2838 2748 2942 2792 nec
2990 2735 3327 2793 divinitatem
3373 2735 3494 2805 ejus
3521 2751 3897 2807 cognoscere.

2296 2833 2401 2877 nec
2428 2835 2551 2877 eum
2581 2822 2857 2892 suscipere
2884 2822 3194 2881 voluerunt.
3224 2822 3415 2890 Potest
3455 2824 3637 2882 etiam
3669 2826 3895 2904 intelligi

2298 2912 2404 2969 hoc
2444 2913 2647 2969 dictum
2676 2928 2784 2969 non
2824 2913 3002 2971 solum
3050 2915 3120 2971 de
3166 2913 3398 2973 Iudaico.
3435 2915 3673 2989 populo,
3708 2919 3807 2973 sed
3844 2925 3901 2975 et

2298 3002 2368 3057 de
2418 3000 2698 3058 nonnullis
2747 3002 2803 3058 in
2856 3002 3141 3069 Ecclesia;
3194 3004 3710 3087 appropinquarunt;
3757 3008 3899 3063 enim

2296 3090 2527 3148 Domino
2557 3108 2663 3148 non
2701 3108 2931 3165 corpore
2969 3095 3066 3152 sed
3093 3104 3294 3157 mente.
3326 3094 3477 3161 Sunt,
3499 3097 3658 3155 enim
3680 3098 3901 3169 plurimi

2296 3183 2351 3237 in
2378 3181 2649 3249 Ecclesia,
2690 3184 2782 3255 qui
2812 3181 3018 3246 frontes
3061 3199 3189 3245 suas
3221 3185 3377 3257 signo
3402 3187 3590 3244 crucis
3620 3188 3899 3253 muniunt,

619 3280 835 3341 llonora
872 3263 1082 3353 patrem
1110 3293 1260 3341 tuum
1282 3294 1337 3343 et
1366 3263 1617 3356 matrem,
1657 3297 1713 3345 et
1736 3289 1827 3361 qui
1852 3290 2194 3347 maledixerit

2298 3272 2392 3329 sed
2422 3281 2609 3337 tamen,
2624 3273 2781 3345 longe
2798 3274 2869 3330 ab
2885 3288 2953 3330 eo
2970 3277 3250 3344 recedunt,
3267 3264 3395 3348 quia
3424 3278 3618 3351 pravis
3638 3280 3902 3350 operibus

615 3369 759 3438 patri
798 3370 881 3427 vel
919 3372 1078 3427 matri
1108 3383 1283 3431 morte
1317 3376 1621 3432 moriatur:
1655 3378 1764 3434 Vos
1805 3387 1985 3435 autem
2016 3378 2196 3436 dicitis

617 3460 924 3530 quicunque
949 3461 1144 3518 dixerit
1167 3465 1307 3535 patri
1330 3465 1412 3522 vel
1438 3467 1600 3523 matri
1624 3483 1819 3526 munus
1839 3470 2197 3542 quodcunque

592 3558 703 3615 gest
732 3564 797 3605 ex
822 3565 909 3606 me
938 3549 1031 3606 tibi
1054 3553 1313 3622 proderit.
1345 3574 1365 3609 ›
1396 3555 1583 3613 Honor
1604 3557 1658 3613 in
1686 3558 1863 3616 sacris.
1896 3558 2203 3631 Scripturis

621 3655 728 3694 non
783 3653 1001 3712 semper
1051 3642 1320 3714 signiﬁcat
1380 3647 1806 3720 subiectionem,
1858 3657 1954 3708 aut
2004 3650 2200 3722 capitis

617 3730 1045 3786 ltumiliationetu
1081 3731 1134 3786 in
1177 3733 1620 3804 salutationibus,
1648 3737 1731 3794 vel
1774 3738 1830 3793 in
1875 3738 2198 3809 quibusdam

618 3816 808 3874 oiliciis
838 3820 1171 3890 deferendis,
1211 3825 1306 3881 sed
1331 3825 1601 3897 signiﬁcat
1626 3827 1935 3900 largitatem
1960 3829 2199 3887 elcemo-

621 3920 879 3978 synarum
905 3916 958 3964 ct
981 3911 1308 3971 oblationem
1358 3931 1666 3984 munerum,
1716 3928 1775 3977 ct
1811 3920 1955 3991 quod
2000 3921 2076 3975 ita
2108 3921 2197 3986 sit,

622 3995 934 4052 manifestat
959 3999 1249 4068 Apostolus
1269 4018 1390 4061 cum
1419 4005 1533 4061 ait:
1558 4025 1577 4059 ι
1605 4005 1819 4070 Honora
1850 4010 2060 4077 viduas,
2080 4025 2201 4080 qua:

596 4164 600 4168 _
622 4098 750 4140 vere
776 4086 948 4142 Vidua:
972 4100 1116 4146 sunt.
1147 4111 1164 4144 ι
1196 4092 1296 4149 llic
1323 4094 1466 4150 enim
1497 4096 1670 4161 honor
1691 4098 1889 4162 donum
1910 4101 2198 4172 signiﬁcat,

624 4177 677 4240 id
697 4187 781 4232 est
805 4178 977 4236 tribue
1001 4183 1174 4239 viduis
1213 4188 1537 4242 necessaria.
1556 4184 1841 4251 Alibivero
1862 4193 2202 4266 presbyteros

624 4267 819 4338 duplici
875 4271 1080 4328 honore
1128 4274 1384 4330 admonet
1424 4291 1545 4335 esse
1595 4277 1918 4348 habendos;
1969 4283 2203 4339 maxime

624 4368 804 4419 tamen
857 4360 997 4428 illos,
1027 4363 1117 4433 qni
1145 4364 1197 4420 in
1230 4367 1393 4422 verbo
1441 4375 1498 4425 et
1542 4368 1785 4425 doctrina
1813 4368 2079 4438 laborant,
2107 4372 2204 4429 ad-

624 4460 808 4511 monet
850 4465 971 4508 csse
1002 4444 1447 4514 remunerandos.
1480 4456 1619 4524 llinc
1658 4472 1986 4533 przeceptum
2029 4473 2118 4527 est
2149 4464 2202 4520 in

2299 3363 2349 3420 ei
2372 3364 2772 3430 contradicunt.
2811 3362 2939 3431 Sine
2959 3380 3124 3423 causa
3152 3367 3296 3422 enim
3317 3367 3502 3433 colunt
3520 3384 3613 3425 me
3639 3369 3905 3431 docentes

2298 3454 2603 3521 doctrinam
2628 3470 2824 3512 meam.
2852 3455 2982 3514 Sine
3005 3473 3194 3529 causa,
3216 3459 3269 3516 id
3286 3469 3370 3523 est
3390 3460 3513 3517 sine
3543 3458 3733 3518 fructu
3756 3461 3902 3517 salu-

2300 3548 2389 3616 tis,
2405 3558 2460 3604 et
2479 3549 2599 3605 sine
2613 3548 2717 3604 ulla
2735 3548 2966 3619 utilitate
2993 3559 3050 3607 et
3070 3552 3276 3623 absque
3289 3551 3396 3615 ulla
3409 3554 3689 3610 mercede.
3708 3555 3904 3626 Sequi-

2301 3648 2391 3695 tur
2408 3658 2422 3695 :
2453 3656 2472 3691 ι
2492 3647 2547 3701 et
2564 3640 2878 3705 convocatis
2898 3642 2967 3704 ad
2986 3656 3044 3703 se
3066 3642 3237 3698 turbis
3257 3640 3412 3698 dixit.
3432 3662 3454 3698 ι
3474 3642 3694 3700 Turbas
3706 3660 3905 3709 convo-

2299 3739 2448 3786 catas
2486 3730 2721 3806 appellat
2736 3732 2925 3788 turbas
2965 3731 3375 3802 discipulorum,
3414 3743 3471 3789 et
3508 3735 3899 3790 credentium:

2305 3840 2327 3879 ι
2355 3821 2474 3878 Νοη
2502 3823 2646 3897 quod
2682 3823 2851 3878 intrat
2876 3822 2933 3879 in
2979 3837 3041 3880 os
3065 3824 3383 3895 coinquinat
3410 3824 3717 3885 hominem.
3750 3846 3774 3879 ι
3807 3825 3901 3895 lu:

2299 3910 2398 3967 dmi
2425 3912 2571 3969 enim
2599 3927 2872 3976 summam
2896 3921 2951 3969 et
2970 3913 3264 3971 maximam
3285 3913 3601 3985 religionem
3631 3917 3905 3986 putabant

2300 4018 2420 4060 esse
2455 3994 2509 4058 in
2536 4004 2915 4061 observatione
2943 4004 3207 4071 ciborum,
3239 4005 3335 4067 sed
3362 4006 3545 4067 omnis
3571 4020 3769 4062 eorum
3804 4021 3900 4061 su-

2298 4093 2609 4164 perstitiosa
2651 4092 2957 4151 observatio
3000 4093 3085 4151 his
3130 4094 3309 4151 verbis
3343 4095 3671 4165 destruitur,
3699 4096 3903 4167 quibus

2301 4183 2563 4249 Dominus
2586 4185 2664 4240 ait
2690 4202 2704 4239 :
2736 4203 2759 4238 t
2782 4184 2899 4241 Non
2935 4185 3081 4261 quod
3108 4185 3276 4255 intrat
3301 4187 3355 4242 in
3383 4187 3787 4259 oseoinquinat
3807 4190 3900 4246 ho-

2303 4277 2528 4343 minem,
2557 4277 2651 4334 sed
2674 4292 2795 4348 qua:
2823 4277 2892 4334 de
2927 4291 3025 4345 ore
3058 4280 3379 4351 procedunt.
3416 4300 3437 4334 ι
3469 4278 3730 4347 Ostendit
3755 4284 3899 4338 enim

2303 4368 2564 4429 Dominus
2600 4368 2697 4430 his.
2710 4367 2894 4435 verbis
2921 4370 3047 4440 quia
3069 4383 3168 4441 per
3199 4368 3290 4425 illa
3316 4385 3527 4442 genera
3548 4373 3897 4443 animalium,

2304 4474 2425 4533 quae
2447 4458 2718 4535 prohibita
2745 4466 2874 4514 sunt
2905 4457 2962 4514 in
2986 4457 3105 4530 lege
3124 4460 3361 4529 comedi,
3380 4476 3487 4521 non
3516 4473 3776 4521 creatura
3805 4467 3903 4529 Dei

624 4541 743 4615 lege
788 4554 848 4600 ut
883 4561 946 4601 os
980 4547 1101 4603 bovi
1148 4551 1431 4615 triturauti
1472 4569 1578 4617 non
1624 4554 1948 4623 claudatur;
1988 4558 2114 4614 hinc
2149 4568 2205 4615 et.
2233 4611 2280 4626 ,ι
2307 4549 2721 4619 condemnatur.
2752 4562 2929 4620 neque
2964 4549 3247 4613 immunda
3280 4566 3400 4609 esse
3430 4554 3776 4626 decernitur.
3806 4561 3898 4623 sed

628 4611 887 4690 Dominus
930 4636 983 4693 in
1030 4638 1322 4712 Evangelia
1350 4614 1459 4698 ait:
1540 4611 1861 4717 Bigutt'sfest
1886 4611 2196 4719 tein—.33.);

2312 4643 2441 4699 vitia
2487 4611 2767 4715 hominum
2814 4611 3303 4714 reprehenduntur.
3354 4645 3699 4719 Prteceptnm
3752 4611 3898 4708 nam:
3932 4634 3939 4639 ’

628 4722 803 4780 rarius
830 4730 1080 4785 mercede
1123 4746 1243 4787 sua.
1269 4753 1289 4787 ι
1334 4734 1632 4793 Providens
1671 4754 1905 4810 namque
1943 4738 2205 4801 Dominus

628 4815 988 4875 imbecillitati
1029 4833 1334 4892 parentum,
1359 4834 1415 4883 et
1436 4828 1582 4895 aetati
1610 4845 1827 4898 eorum,
1860 4840 1915 4887 et
1940 4833 2200 4902 penuriae,

624 4909 881 4980 praecepit
908 4911 959 4966 in
990 4913 1109 4983 lege
1146 4923 1207 4969 ut
1255 4916 1348 4971 filii
1380 4917 1713 4984 honorarent
1755 4930 2010 4992 parentes
2053 4936 2201 4988 suos,

628 4998 684 5054 id
711 5010 796 5057 est
821 5018 1009 5059 eorum
1036 5007 1294 5076 penurias
1323 5019 1714 5067 sustentarent.
1761 5011 1898 5067 llinc
1918 5012 2203 5084 providen-

628 5092 892 5151 tissimam
938 5095 1031 5152 Dei
1081 5096 1252 5169 legero
1300 5097 1505 5163 Scriba:
1547 5109 1602 5161 et
1648 5100 1909 5161 Pharisaei
1959 5102 2202 5162 volentes

627 5185 945 5242 subvertere
992 5200 1047 5242 et
1076 5189 1303 5258 violare,
1362 5191 1632 5248 docebant
1677 5192 1819 5249 ﬁlios
1867 5201 1927 5248 ut
1976 5209 2039 5250 ea
2077 5210 2200 5266 quae

630 5273 984 5331 ministranda
1012 5286 1169 5333 erant
1204 5281 1519 5350 parentibus
1547 5292 1932 5345 consecrarent
1952 5294 2009 5341 ct
2043 5299 2203 5340 vove-

628 5372 752 5418 rcnt
782 5365 914 5431 Deo,
946 5376 1009 5423 et
1040 5370 1315 5426 dicerent:
1354 5390 1373 5423 ‹
1403 5370 1594 5427 Munus
1640 5375 1997 5446 quodcunque
2025 5384 2109 5431 cst
2134 5390 2202 5432 ex

630 5468 716 5508 me
744 5454 837 5511 tibi
868 5458 1128 5527 proderit,
1153 5478 1172 5511 ι
1208 5474 1275 5516 ac
1314 5460 1359 5517 si
1388 5462 1626 5519 diceret:
1657 5462 1709 5520 θ
1732 5476 1884 5534 pater
1917 5473 1978 5522 et
2006 5475 2205 5530 mater,

632 5562 695 5604 ea
724 5563 845 5618 quae
871 5549 1024 5607 vobis
1063 5551 1478 5610 subministrare
1509 5555 1693 5622 debui,
1721 5555 1830 5612 Deo
1868 5560 2201 5624 consecravi,

633 5648 687 5694 et
715 5639 834 5695 ideo
864 5656 1081 5709 munus,
1133 5642 1275 5713 quod
1325 5658 1392 5700 cx
1438 5659 1525 5701 me
1560 5654 1662 5711 est,
1710 5659 1816 5703 non
1869 5647 2041 5704 solum
2075 5648 2206 5707 mihi

634 5728 895 5809 proderit,
925 5732 1019 5786 sed
1047 5731 1208 5787 etiam
1253 5722 1347 5789 tibi
1381 5775 1393 5788 .
1427 5745 1488 5789 ut
1510 5735 1637 5791 dum
1675 5735 1789 5792 haec
1826 5744 2079 5806 parentes
2105 5753 2202 5792 au-

638 5818 815 5891 dirent
843 5821 1012 5905 magis
1040 5822 1294 5905 eligerent
1319 5824 1477 5883 famis
1507 5827 1742 5912 inopiam
1770 5829 1881 5901 pati
1908 5838 1961 5886 et
1982 5830 2207 5912 penuria

2309 4748 2417 4804 quc
2442 4731 2544 4803 fuit
2580 4733 2634 4791 in
2660 4732 2780 4805 lege
2819 4741 2880 4788 ut
2923 4733 3013 4795 illa
3050 4735 3303 4798 animalia
3336 4752 3445 4795 non
3478 4743 3899 4801 comedet-eatur

2307 4838 2449 4897 quae
2488 4838 2679 4895 neque.
2707 4824 3008 4893 ruminant,
3041 4841 3218 4896 neque
3250 4828 3505 4907 ungulam
3543 4830 3824 4901 dividunt,
3848 4843 3899 4907 et

2308 4918 2397 4974 illa
2418 4933 2538 4989 qua:
2561 4917 2836 4983 ruminant
2846 4925 3024 4986 etnon
3045 4919 3288 4977 dividunt
3306 4902 3660 4994 ungulam,et
3678 4927 3770 4983 illa
3785 4902 3901 4998 qua

2308 5008 2556 5064 dividunt
2591 5006 2871 5082 ungulam,
2900 5008 2995 5065 sed
3024 5023 3131 5065 non
3154 5012 3450 5075 mminant.
3495 5014 3606 5071 Per
3636 5018 3729 5074 illa
3758 5021 3897 5076 enim

2307 5099 2559 5155 animalia
2575 5114 2699 5171 quae
2729 5115 2832 5164 nec
2870 5100 3166 5170 ruminaut,
3191 5117 3365 5174 neque
3400 5104 3635 5177 ungulas
3657 5110 3897 5167 dividunt

2304 5202 2533 5271 possunt
2563 5194 2783 5267 intelligi
2810 5194 3083 5261 infideles,
3114 5197 3204 5267 qui
3240 5197 3376 5259 bona
3404 5213 3437 5253 a
3462 5200 3626 5259 malis
3653 5203 3900 5269 miunt

2305 5291 2645 5354 scparare,et
2659 5292 2930 5359 praecepta
2944 5284 3040 5355 Dei
3059 5285 3389 5353 meditando,
3403 5293 3899 5353 mmemor-imum.

2307 5373 2609 5443 nteudando
2625 5388 2733 5441 non
2747 5373 3041 5444 ruminant.
3057 5374 3162 5429 Per
3175 5373 3263 5430 illa
3277 5390 3408 5433 vero
3420 5391 3547 5448 qua:
3557 5381 3846 5442 ruminant
3856 5394 3901 5442 et

2307 5483 2416 5542 non
2450 5468 2705 5536 dividunt,
2740 5464 2997 5539 ungulam
3041 5475 3269 5536 possunt
3310 5468 3538 5544 intelligi
3568 5470 3792 5545 Judmi,
3817 5478 3899 5550 qui

2308 5568 2589 5634 praecepta
2604 5557 2701 5614 Dei
2737 5554 3049 5614 meditando
3076 5564 3131 5612 et
3160 5558 3436 5625 memoriae
3468 5570 3898 5628 commendando

2311 5651 2585 5705 ruminare
2612 5649 2999 5721 videntur,sed
3026 5657 3207 5715 tanien
3224 5654 3483 5724 ungulam
3506 5675 3619 5716 non
3638 5660 3897 5722 dividunt.

2310 5740 2436 5813 quia
2472 5741 2613 5800 bona
2654 5755 2685 5796 a
2723 5742 2879 5802 malis
2907 5759 3014 5807 non
3041 5754 3317 5815 separant.
3360 5745 3473 5811 Per
3506 5753 3599 5809 illa
3631 5767 3896 5824 veroque

2313 5832 2566 5915 ungulam
2591 5832 2836 5924 dividunt
2864 5844 2927 5907 et,
2943 5838 3387 5914 non‘ruininant,
3420 5853 3655 5921 possunt
3682 5843 3897 5919 intelligi
