4038 6418
89 342 199 399 929

1544 308 1849 382 ΗΟΜΙΪΔᾸΞ
1862 361 1875 375 .

3262 305 3365 365 950

91 459 220 515 mall
262 453 537 517 culmum,
583 450 674 521 qui
722 449 862 504 bona
912 462 942 502 a
993 447 1150 511 malis
1185 458 1441 515 separare
1475 443 1673 505 scium,
1702 442 1751 503 Α
1782 443 1839 488 nt
1870 445 2058 487 omnes
2089 426 2327 521 hml‘el'tt'l
2362 430 2415 480 et
2441 424 2664 495 quilibet
2704 419 2924 521 pessimi
2942 421 3203 521 docto-res
3233 432 3362 489 Ρΐοδ

90 551 191 607 sed
232 558 415 603 tamen
458 551 726 613 praecepta
775 541 869 595 Dei
920 539 1246 603 meditando,
1303 545 1359 591 et
1407 534 1680 589 memoriae

89 641 530 699 commendando
570 650 675 690 non
719 632 1009 689 ruminant.
1055 631 1159 685 Per
1198 643 1420 686 corvum
1470 640 1682 696 quoque

94 734 172 788 illi
204 738 434 803 possunt
474 726 698 795 intelligi
747 724 838 795 qui
877 724 1173 778 humanum
1208 719 1523 790 sanguinem
1560 718 1681 770 fun-

93 826 228 878 dere
284 821 549 893 gaudent;
598 832 694 888 per
746 818 932 885 ciguos
984 814 1335 883 designantur
1375 811 1532 876 elati;
1590 823 1686 879 per

93 913 394 983 accipitres
448 920 503 966 et
554 909 743 963 milvos
795 906 873 961 illi
920 906 1013 975 qui
1065 905 1241 959 aliena
1295 903 1543 972 rapiunt;
1590 914 1685 969 per

90 1008 284 1073 pisces
329 1005 419 1073 qui
463 1018 564 1058 nec
606 1015 880 1071 squamas,
931 1012 1029 1054 nec
1076 998 1329 1068 pinnulas
1364 996 1585 1059 habent,
1620 1006 1685 1047 ac

96 1097 340 1150 maxime
390 1096 442 1148 in
479 1094 593 1148 luto
627 1100 1057 1155 commorantur,
1102 1088 1362 1143 immundi
1401 1096 1455 1143 et
1489 1085 1685 1157 impuri

96 1187 357 1239 homines
387 1185 755 1255 designantur,
777 1184 870 1251 qui
898 1182 1209 1236 volutantur
1229 1182 1281 1235 in
1311 1194 1465 1235 C(euo
1494 1194 1686 1248 pecca-

98 1288 303 1331 torum.
338 1276 465 1331 Sive
499 1291 595 1345 per
632 1274 934 1346 hujusmodi
969 1271 1153 1343 'pisces
1194 1281 1421 1343 possunt
1461 1269 1686 1341 intelligi

100 1371 230 1424 mali
285 1368 537 1424 catholici
593 1367 685 1437 qui
728 1382 834 1421 non
890 1365 1092 1419 habent
1130 1378 1383 1433 squamas
1423 1364 1685 1418 bonorum

98 1478 350 1533 operum,
402 1475 576 1531 neque
628 1474 833 1528 pennas
886 1458 1175 1522 virtutum,
1229 1465 1284 1511 et
1348 1456 1468 1511 ideo
1519 1455 1689 1512 saltus

101 1570 270 1624 super
313 1567 480 1621 aquas
532 1552 663 1606 dare
720 1565 824 1604 non
882 1556 1140 1620 possunt,
1199 1548 1251 1602 id
1306 1556 1390 1604 est
1447 1547 1687 1601 cmlestia

102 1656 393 1717 penetrare
450 1660 556 1699 non
606 1644 806 1699 valent.
869 1641 977 1697 Sed
1038 1640 1179 1695 forte
1234 1648 1436 1711 quaeret
1494 1640 1688 1709 aliquis

101 1754 229 1793 cum
287 1737 543 1791 Dominus
602 1735 748 1790 dicat
799 1753 812 1789 :
872 1753 890 1786 ι
936 1729 1049 1788 Νοη
1098 1734 1240 1802 quod
1293 1733 1460 1786 intrat
1512 1732 1566 1786 in
1628 1745 1690 1785 os

102 1828 421 1898 coinquinat
461 1827 755 1891 hominem,
793 1846 810 1875 ρ
851 1840 1019 1895 quare
1054 1840 1159 1879 non
1196 1824 1266 1879 sit
1304 1811 1507 1877 licitum
1546 1822 1688 1876 vesci

104 1921 173 1975 de
230 1919 547 1982 idolothitis,
603 1926 698 1973 aut
755 1933 925 1987 quare
954 1917 1100 1972 dicat
1148 1914 1479 1985 Apostolus:
1516 1932 1534 1965 ι
1575 1912 1689 1967 Νοη

104 2012 336 2081 potestis
384 2012 568 2067 bibere
627 2011 851 2067 calicem
893 2009 1104 2065 Domini
1146 2018 1201 2064 et
1241 2008 1463 2065 calicem
1493 2006 1693 2061 dmmo-

104 2105 342 2158 niorum.
398 2124 416 2155 ι
470 2103 577 2159 Sed
634 2103 913 2159 sciendum
962 2112 1046 2158 est
1111 2103 1236 2173 quia
1306 2101 1483 2157 omnis
1545 2109 1696 2156 crea-‘

108 2203 232 2248 tura
280 2194 372 2249 Dei
427 2209 521 2263 per
567 2207 626 2249 se
670 2193 812 2249 bona
874 2201 930 2248 et
985 2193 1182 2247 munda
1226 2200 1341 2259 est,
1395 2191 1491 2247 sed
1541 2190 1695 2247 invo-

106 2283 256 2338 catio
286 2283 670 2338 danuoniorum
717 2282 847 2339 facit
890 2298 953 2338 ea
996 2284 1307 2348 immunda,
1337 2290 1391 2338 et
1437 2282 1557 2337 ideo
1588 2297 1693 2335 non

106 2384 193 2429 est
237 2373 441 2428 licitum
490 2374 775 2430 comedere
826 2373 1128 2429 idolothita.
1183 2375 1502 2444 Quicunque
1548 2374 1693 2428 enim

106 2472 277 2519 tantae
328 2465 449 2519 ﬁdei
500 2475 583 2520 est
630 2475 691 2519 ut
738 2465 997 2538 intelligat
1047 2476 1353 2527 creaturam
1404 2465 1497 2521 Dei
1548 2465 1694 2520 nullo

108 2556 270 2612 modo
316 2556 652 2625 coinquinari
700 2572 877 2626 posse,
929 2555 1299 2613 sanctiﬁcetur
1340 2572 1435 2626 per
1472 2560 1694 2611 verbum

112 2647 209 2701 Dei
237 2656 291 2700 et
317 2647 641 2714 orationem,
679 2657 735 2703 et
763 2650 1011 2703 comedat
1033 2662 1367 2718 quaecunque
1393 2649 1521 2701 vult.
1558 2647 1696 2701 lline

102 2750 193 2791 est
222 2738 365 2807 quod
389 2738 678 2808 Apostolus
699 2740 956 2810 praecepit
982 2755 1101 2795 esse
1128 2739 1515 2795 comedendum
1541 2739 1695 2809 quid-

110 2829 240 2898 quid
286 2830 339 2884 in
385 2830 610 2887 macello
658 2832 1028 2898 venundatur,
1076 2831 1316 2901 nihilque
1358 2832 1693 2899 interrogan-

110 2921 257 2985 dum,
291 2921 416 2991 quia
459 2922 506 2977 si
550 2921 746 2992 aliquis
789 2922 987 2978 dixerit
1037 2922 1140 2977 hoc
1188 2921 1529 2976 idolothitum
1576 2929 1691 2985 est,

107 3012 368 3082 pmeepit
414 3026 520 3067 non
554 3027 677 3068 esse
711 3013 1101 3069 comedendum
1150 3021 1370 3083 propter
1413 3012 1695 3068 conscien-

114 3104 243 3204 tia'm
300 3102 554 3169 alterius,
611 3104 755 3160 illius
814 3104 1066 3161 videlicet
1116 3105 1209 3176 qui
1273 3104 1688 3161 scandalizatur.
1720 3141 1764 3204 Ο

114 3210 135 3243 ι
172 3190 325 3246 Tunc
349 3203 698 3249 accesserunt
731 3194 799 3249 ad
832 3210 955 3249 eum
981 3195 1228 3266 discipuli
1259 3195 1376 3267 ejus
1402 3195 1644 3249 dicentes
1672 3212 1685 3248 :

111 3282 235 3339 Scis
279 3284 405 3354 quia
445 3285 704 3340 Pharisaei
750 3286 935 3341 audito
982 3287 1085 3342 hoc
1130 3287 1298 3341 verbo
1342 3286 1690 3341 scandalizati

110 3378 276 3430 sunt?
312 3394 332 3427 ι
362 3375 619 3432 Pharisaei
662 3375 895 3448 namque
922 3378 1106 3435 audito
1133 3378 1298 3435 verbo
1328 3378 1470 3448 quod
1508 3378 1691 3433 Domi-

110 3480 219 3521 nus
261 3465 340 3520 ait
366 3482 386 3518 ‹
420 3481 527 3521 non
563 3468 705 3538 quod
752 3468 920 3524 intrat
965 3469 1019 3524 in
1060 3484 1123 3526 os
1161 3470 1476 3538 coinquinat
1520 3469 1693 3523 homi-

110 3570 237 3610 nem
269 3575 289 3609 ι
320 3558 667 3614 scandalizati
694 3569 839 3626 sunt,
871 3562 997 3630 quia
1025 3577 1289 3617 summam
1318 3570 1373 3617 et
1400 3562 1694 3617 maximam

112 3646 427 3717 religionem
468 3650 735 3719 putabant
775 3665 897 3706 esse
943 3652 999 3706 in
1038 3652 1383 3707 observantia
1425 3653 1690 3707 ciborum.

112 3738 224 3791 Sed
258 3736 361 3792 ista
391 3753 515 3806 vos,
554 3740 606 3794 id
648 3750 732 3797 est
778 3742 1130 3809 scandalum,
1178 3745 1424 3814 quamvis
1457 3745 1695 3801 usitatis-

111 3828 255 3883 sima
285 3830 376 3895 sit,
407 3839 586 3885 tamen
611 3830 897 3886 videndum
933 3840 1017 3889 est
1046 3833 1178 3903 quid
1205 3833 1492 3906 signiticet.
1523 3835 1693 3889 Scan-

113 3918 299 3973 dalum
333 3928 420 3975 est
455 3919 856 3989 oll‘endiculum,
901 3922 1018 3978 sive
1062 3924 1240 3991 ruina,
1281 3926 1396 3981 sive
1444 3926 1697 3997 impactio

111 4013 349 4081 pedum;
378 4016 522 4083 quod
562 4028 692 4084 ergo
734 3997 993 4071 Dominus
1030 4017 1146 4072 ait:
1178 4036 1196 4070 ι
1232 4018 1332 4086 Qui
1359 4020 1695 4075 scandaliza-

116 4101 260 4156 verit
286 4116 453 4157 unum
483 4102 549 4157 de
571 4103 780 4173 pusillis
808 4105 949 4173 istis,
980 4126 998 4157 ι
1031 4107 1111 4163 sic
1140 4117 1224 4164 est
1258 4110 1693 4181 intelligendum;

114 4193 210 4261 qui
259 4208 357 4248 suo
384 4192 529 4250 dicto
566 4195 646 4250 vel
683 4195 826 4253 facto
854 4201 1195 4256 occasionem
1238 4204 1411 4258 ruina:
1438 4204 1597 4260 alicui
1629 4219 1697 4260 ex

114 4283 362 4339 minimis
418 4284 536 4342 istis
582 4286 812 4344 dederit.
868 4307 887 4341 ‹
924 4290 991 4344 Et
1032 4290 1108 4345 ait
1143 4291 1249 4348 illis
1284 4308 1300 4348 :
1330 4296 1508 4351 omnis
1538 4296 1695 4367 plan-

118 4377 257 4432 tatio
283 4393 443 4447 quam
475 4395 580 4436 non
608 4381 868 4451 plantavit
892 4384 1053 4441 Pater
1076 4402 1229 4444 meus
1257 4391 1639 4449 eradicabitur.
1670 4413 1691 4449 ›

114 4467 1227 4584 ἓὲηῗῗὶῗὲιῖὃῗῗΟξῗξὶῖεἶξξῗέὶξροηιηθ,
1250 4490 1305 4536 et
1324 4485 1695 4553 superstitiosa
1725 4503 1776 4565 υ
1801 4512 1973 4584 cipale
2015 4511 2281 4576 hominis,

114 4560 426 4614 observatio
455 4575 578 4616 cum
625 4565 739 4618 suis
773 4567 1079 4623 auctoribus
1107 4584 1426 4640 permanere
1469 4590 1574 4630 non
1603 4591 1699 4646 po-

117 4657 259 4715 test;
292 4660 347 4704 et
387 4650 513 4720 quia
559 4666 589 4706 a
638 4651 750 4708 Deo
793 4653 952 4710 Patre
999 4672 1103 4712 non
1158 4669 1277 4727 est,
1330 4663 1534 4719 idcirco
1576 4681 1697 4722 cum

113 4740 325 4796 eisdem
359 4744 739 4800 eradicahitur.
771 4745 863 4801 Illa
889 4763 1017 4820 ergo
1061 4750 1174 4806 sola
1218 4755 1555 4823 permanebit
1579 4774 1701 4829 qua:

115 4848 145 4886 a
179 4831 293 4886 Deo
322 4832 484 4888 Patre
512 4844 617 4890 est.
645 4835 943 4895 Videndum
973 4851 1057 4897 est
1085 4857 1214 4914 ergo
1244 4846 1289 4901 si
1321 4845 1408 4901 illa
1437 4848 1699 4919 plantatio

116 4936 288 4990 quam
306 4922 593 4992 Apostolus
613 4924 874 4996 plantavit
902 4932 1225 4990 eradicanda
1252 4936 1343 5002 sit,
1375 4953 1443 4993 an
1468 4955 1591 4995 non.
1611 4942 1703 4997 Ait

117 5014 269 5068 enim
297 5031 310 5068 :
345 5032 363 5065 ε
397 5016 507 5087 Ego
541 5019 809 5088 plantavi,
837 5022 1025 5093 Apollo
1071 5026 1301 5098 rigavit:
1338 5050 1359 5084 ι
1391 5032 1515 5089 Haec
1543 5050 1697 5091 nam-

117 5117 232 5175 que
258 5106 549 5175 apostolica
595 5110 875 5180 plantatio,
908 5116 1031 5185 quia
1059 5134 1089 5172 a
1119 5119 1229 5175 Deo
1268 5121 1431 5181 Patre
1474 5135 1588 5193 est,
1616 5129 1701 5183 id-

120 5195 276 5250 circo
306 5201 672 5267 permanebit;
703 5202 843 5259 unde
868 5205 980 5275 ipse
1013 5201 1143 5263 mox‘
1165 5212 1438 5285 subjungit
1463 5232 1477 5271 :
1507 5236 1526 5269 ι
1562 5219 1703 5277 Deus

124 5293 313 5341 autem
359 5288 753 5348 incrementum
800 5296 964 5351 dedit.
1018 5317 1037 5350 ›
1084 5298 1338 5371 Sequitur
1385 5324 1398 5359 :
1452 5326 1473 5358 ‹
1532 5309 1704 5371 Sinite

123 5376 271 5473 illos,
302 5380 428 5473 casei
470 5389 614 5447 sunt,
637 5392 713 5438 .et
741 5386 905 5442 duces
933 5404 1218 5446 caecorum.
1256 5417 1275 5444 ι
1310 5394 1421 5453 Hoc
1451 5411 1532 5456 est
1562 5406 1701 5473 quod

124 5469 419 5538 Apostolus
461 5472 593 5528 dicit
636 5493 650 5529 :
686 5494 703 5527 ‹
745 5475 1065 5536 Haeretieum
1101 5484 1374 5541 hominem
1422 5500 1543 5559 post
1578 5469 1701 5564 pri-

128 5583 274 5624 mam
317 5577 373 5623 et
406 5569 697 5625 secundam
728 5574 1119 5643 correptionem
1143 5576 1342 5645 devita,
1374 5582 1553 5638 sciens
1580 5585 1703 5655 quia

126 5659 425 5715 subversus
447 5671 530 5716 est
551 5660 876 5731 huiusmodi,
900 5674 954 5720 et
977 5681 1005 5719 a
1029 5670 1318 5738 semetipso
1344 5672 1647 5730 damnatus.
1681 5696 1699 5729 ι

132 5749 295 5807 Juxta
342 5752 483 5808 hunc
528 5770 745 5813 sensum
776 5760 1030 5829 praecepit
1062 5759 1319 5820 Dominus
1367 5765 1419 5821 in
1464 5767 1564 5822 hoc
1593 5767 1708 5824 loco

1782 524 1901 594 prio
1946 521 2172 576 arbitrio
2206 517 2593 586 relinquantur,
2626 513 2881 583 quoniam
2923 510 3209 567 diﬂiculter
3237 525 3366 580 pos-

1781 624 1909 671 sunt
1936 613 2076 668 trahi
2100 612 2166 667 ad
2190 610 2471 679 scientiam
2496 606 2774 671 veritatis;
2802 614 2857 659 et
2877 604 3003 674 quia
3031 602 3157 658 cmci
3188 612 3364 666 erant,

1783 706 1989 762 idcirco
2018 718 2192 758 caecos
2218 700 2442 771 populos
2470 700 2534 752 ad
2559 712 2799 753 errorem
2830 695 3136 750 trahebant.
3164 692 3368 747 Scriba:

1782 796 1927 851 enim
1954 803 2008 849 et
2034 792 2291 849 Pliarismi
2321 790 2447 846 caeci
2487 797 2645 843 erant
2674 788 2800 858 quia
2828 784 3363 845 scandalizabantur;

1784 885 1948 938 duces
1977 895 2242 937 caacorum
2273 888 2448 943 erant,
2494 879 2618 948 quia
2658 892 2784 940 eos,
2825 890 2960 944 quos
2988 872 3274 937 docebant,
3303 874 3372 927 ad

1784 990 2028 1031 errorem
2086 973 2389 1027 trahebant.
2450 970 2599 1027 Unde
2658 977 2713 1023 et
2766 967 2990 1038 pulchre
3053 963 3302 1020 subditur
3354 979 3368 1016 :

1794 1084 1812 1117 ι
1846 1065 2034 1121 Caecus
2073 1072 2254 1118 autem
2299 1062 2344 1118 si
2385 1075 2527 1116 cteco
2573 1060 2827 1114 ducatum
2859 1064 3099 1126 praestet,
3128 1054 3286 1109 ambo
3320 1054 3373 1106 in

1787 1157 1997 1213 foveam
2048 1156 2266 1211 cadunt.
2316 1174 2335 1206 ι
2370 1154 2556 1209 Potest
2600 1152 2701 1206 hoc
2747 1149 2968 1219 intelligi
3019 1148 3218 1203 dictum
3266 1162 3373 1200 non

1788 1249 1961 1303 solum
1994 1248 2059 1302 de
2105 1245 2312 1301 Scribis
2342 1254 2394 1299 et
2420 1243 2728 1307 Pharisaeis,
2756 1241 2847 1296 sed
2873 1240 3035 1295 etiam
3082 1238 3147 1292 de
3195 1238 3371 1291 hatre-

1791 1340 1909 1395 ticis
1938 1349 1992 1395 et
2030 1338 2363 1411 quibuslibet
2408 1351 2573 1407 prave
2621 1334 2973 1397 docentibus;
3024 1331 3277 1401 quoniam
3329 1330 3375 1384 si

1791 1430 2078 1485 bzercticus
2110 1428 2390 1493 haeretica,
2426 1436 2481 1481 et
2526 1435 2781 1497 peccator
2826 1422 3091 1492 peccatori
3121 1423 3372 1475 ducatum

1790 1530 2048 1594 praestet,
2102 1520 2262 1574 ambo
2309 1512 2716 1588 praecipitantur
2769 1515 2823 1568 in
2888 1512 3095 1569 foveam
3156 1520 3373 1566 (eterna:

1790 1610 2171 1668 damnationis.
2203 1610 2461 1680 Sequitur
2490 1626 2503 1662 :
2535 1628 2551 1659 ι
2584 1607 2933 1676 Respondeas
2972 1614 3150 1657 autem
3182 1602 3373 1658 Petrus

1792 1696 1929 1756 dixit
1971 1717 1983 1753 :
2027 1700 2275 1755 Edissere
2316 1699 2471 1754 nobis
2498 1696 2808 1769 parabolam
2853 1696 3055 1750 istam:
3096 1714 3113 1745 ι
3145 1709 3377 1749 consue-

1675 1793 1946 1863 tierat
1996 1792 2194 1863 quippe
2251 1791 2511 1847 Dominus
2563 1790 2708 1860 loqui
2759 1788 3097 1860 parabolice,
3150 1795 3207 1842 et
3257 1785 3377 1841 ideo

1789 1882 1981 1938 Petrus
2013 1900 2133 1938 cum
2166 1884 2407 1938 audisset
2445 1897 2567 1936 cum
2613 1882 2793 1937 dicere
2825 1899 2843 1930 ‹
2879 1894 2983 1934 ηοη
3028 1880 3169 1949 quod
3212 1879 3378 1932 intrat

1791 1986 1886 2040 per
1911 1989 1971 2026 os
1996 1972 2310 2042 coinquinat
2329 1972 2627 2035 hominem,
2658 1992 2675 2023 ι
2700 1970 2845 2025 illum
2876 1969 3182 2040 parabolice
3210 1962 3377 2024 fuisse

1792 2062 2028 2118 locutum
2074 2065 2301 2133 putavit,
2337 2073 2389 2118 et
2433 2063 2552 2118 ideo
2595 2062 2981 2131 interrogavit;
3028 2070 3083 2116 et
3120 2060 3243 2130 quia
3275 2062 3376 2115 sub

1792 2166 2020 2222 persona
2066 2162 2122 2207 et
2164 2167 2259 2207 ore
2309 2160 2625 2206 caeterorum
2663 2151 2765 2205 hoc
2792 2150 2948 2215 dixit,
2982 2150 3191 2204 idcirco
3217 2150 3377 2204 simul

1793 2255 1914 2295 cum
1961 2241 2041 2296 eis
2090 2248 2368 2296 correctus
2424 2250 2479 2295 et
2552 2241 2911 2310 reprehensus
2954 2247 3036 2296 est
3082 2255 3112 2294 a
3152 2234 3379 2295 Domino

1796 2332 2007 2389 dicente
2041 2353 2053 2387 :
2094 2351 2113 2385 ι
2149 2334 2339 2389 Adhuc
2368 2342 2422 2388 et
2454 2349 2549 2388 vos
2578 2335 2693 2388 sine
2723 2333 2999 2389 intellectu
3027 2334 3193 2389 estis?
3239 2354 3255 2383 ι
3284 2333 3379 2388 llis

1796 2421 1977 2478 verbis
2019 2433 2204 2494 aperte
2246 2424 2649 2480 demonstratur
2694 2425 2817 2494 quia
2860 2424 3086 2479 vitiosus
3116 2433 3170 2479 et
3198 2440 3381 2494 repre-

1794 2512 2076 2569 hensibilis
2121 2521 2205 2568 est
2260 2514 2511 2579 auditor,
2559 2515 2650 2584 qui
2709 2512 3006 2583 simplicem
3056 2514 3377 2567 sententiam

1793 2604 2122 2674 parabolice,
2168 2613 2222 2658 et
2266 2604 2408 2674 quod
2450 2604 2755 2674 parabolice
2795 2603 3016 2667 dicitur,
3061 2602 3380 2672 simpliciter

1793 2696 1909 2750 vult
1966 2694 2284 2767 intelligere.
2340 2694 2638 2765 Sequitur:
2673 2712 2691 2746 ί
2729 2693 2844 2749 Non
2896 2693 3196 2763 intelligitis
3252 2694 3377 2762 quia

1794 2802 1952 2841 omne
1981 2787 2124 2856 quod
2168 2787 2221 2839 in
2253 2800 2315 2841 os
2345 2786 2510 2839 intrat
2538 2786 2591 2839 in
2638 2793 2882 2840 ventrem
2926 2785 3093 2849 vadit,
3120 2794 3175 2839 et
3215 2784 3266 2838 in
3293 2798 3378 2837 se-

1794 2892 2003 2932 cessum
2031 2876 2337 2931 emittitur?
2367 2895 2385 2927 ι
2414 2875 2651 2931 Fuerunt
2673 2874 2817 2929 enim
2845 2874 3083 2929 haeretici
3109 2874 3199 2943 qui
3233 2874 3379 2928 dixe-

1796 2978 1921 3022 runt
1972 2968 2256 3022 Dominum
2295 2967 2537 3037 ignarum
2581 2964 2745 3020 fuisse
2784 2964 3020 3035 physicae
3061 2962 3375 3034 disciplinze,

1795 3058 1921 3128 quia
1944 3057 2119 3113 dixit:
2145 3036 2484 3126 Oumeiqnod
2516 3055 2564 3110 in
2605 3062 2666 3110 es
2692 3055 2857 3109 intrat
2887 3036 2947 3108 in.
2966 3060 3206 3107 ventrem
3233 3052 3379 3107 vadit

1795 3161 1850 3204 et
1878 3150 1931 3204 in
1963 3164 2236 3205 secessum
2271 3148 2555 3202 emittitur.
2585 3145 2799 3218 Physici
2829 3146 2973 3200 enim
3018 3144 3204 3199 dicunt
3252 3144 3377 3213 quia

1793 3256 1915 3295 mox
1961 3246 2018 3293 ut
2060 3253 2198 3294 esca:
2240 3247 2296 3293 et
2346 3232 2451 3292 cibi
2502 3243 2820 3298 stnnuntur,
2870 3230 3041 3289 virtus
3093 3248 3280 3289 eorum
3326 3243 3381 3287 et

1794 3330 2026 3402 liquidus
2055 3332 2249 3384 humor
2274 3344 2369 3399 per
2399 3337 2571 3392 artus,
2604 3338 2769 3382 venas
2794 3331 2850 3381 et
2891 3338 3086 3381 nervos
3128 3323 3381 3381 dill‘umli-

1796 3432 1911 3487 tur;
1943 3422 2085 3476 unde
2107 3420 2345 3475 nonnulli
2375 3430 2494 3490 post
2517 3419 2799 3489 prandium
2826 3427 2914 3473 aut
2933 3432 3165 3483 ctenam,
3191 3432 3381 3486 quam-

1794 3515 1877 3569 vis
1920 3514 2049 3569 vitio
2095 3512 2358 3567 stomachi
2406 3519 2660 3567 evomant
2706 3524 2769 3565 ea
2826 3523 2945 3578 quae
2993 3517 3379 3578 sumpserunt,

1797 3613 1975 3659 tamen
2024 3604 2433 3659 rubicundiores
2487 3613 2542 3658 et
2584 3600 3007 3671 corpulentiores
3057 3600 3230 3655 solent
3284 3616 3381 3669 ap-

1796 3709 2005 3764 parere.
2033 3692 2110 3747 llli
2139 3692 2306 3758 enim,
2330 3693 2456 3746 dum
2492 3691 2704 3746 Domini
2739 3690 3062 3760 imperitiam
3097 3691 3382 3746 ostendere

1795 3784 2105 3849 voluerunt,
2146 3798 2203 3837 se
2233 3782 2510 3850 imperitos
2544 3789 2600 3836 et
2630 3780 2823 3836 stultos
2849 3780 3378 3835 demonstraverunt.

1797 3874 1958 3941 Nam,
1981 3874 2227 3944 quamvis
2254 3874 2425 3928 virtus
2451 3873 2717 3937 ciborum,
2744 3881 2799 3925 et
2822 3870 3168 3925 tenuissimus
3192 3871 3384 3925 lmmor

1797 3979 1984 4020 eorum
2013 3979 2108 4036 per
2133 3972 2303 4029 artus,
2330 3977 2494 4017 venas
2522 3970 2577 4016 et
2604 3975 2799 4015 nervos
2818 3974 3005 4015 eorum
3031 3958 3383 4023 dill'undatur,

1798 4066 2170 4113 verumtamen
2213 4071 2309 4125 per
2336 4054 2579 4110 occultos
2604 4060 2834 4117 meatus,
2864 4067 3000 4122 quos
3022 4049 3194 4107 Graeci
3225 4067 3387 4121 poros

1799 4157 2024 4214 vocant,
2072 4146 2139 4201 ad
2184 4144 2440 4201 inferiora
2486 4143 2853 4209 descendunt,
2903 4151 2958 4198 et
3008 4142 3061 4197 in
3109 4158 3387 4198 secessum

1799 4240 2147 4302 emittuntur,
2170 4246 2229 4292 ut
2250 4237 2448 4291 iterum
2474 4249 2640 4291 novos
2662 4234 2812 4290 cibos
2835 4240 3071 4287 sumant.
3089 4231 3346 4301 Sequitur
3369 4249 3381 4284 :

1806 4350 1825 4385 ι
1865 4332 1941 4385 De
1985 4328 2147 4384 corde
2190 4328 2334 4383 enim
2377 4334 2576 4381 exeunt
2621 4324 2977 4393 cogitationes
3024 4324 3194 4377 make.
3229 4342 3247 4374 ι
3285 4324 3387 4378 De-

1802 4423 2030 4480 struitur
2072 4419 2158 4475 his
2183 4420 2362 4476 verbis
2392 4433 2549 4474 error
2576 4418 2887 4472 Platonicus
2907 4456 2922 4482 ,
2956 4416 3047 4486 qui
3075 4416 3208 4471 dixit
3239 4418 3387 4485 prin-

2322 4510 2374 4565 id
2400 4519 2484 4565 est
2510 4524 2700 4564 sensus
2730 4515 2785 4563 et
2832 4506 3158 4572 intellectus,
3184 4522 3302 4561 esse
3331 4507 3385 4583 in

1803 4602 2049 4658 cerebro.
2101 4600 2261 4655 Juxta
2312 4596 2591 4655 Platonem
2638 4611 2768 4668 ergo
2814 4597 3110 4668 principale
3153 4597 3389 4653 hominis

1803 4702 1886 4749 est
1932 4693 1985 4747 in
2016 4691 2265 4756 cerebro,
2291 4688 2447 4758 juxta
2481 4688 2768 4743 Dominum
2808 4699 2936 4742 vero
2980 4686 3032 4741 in
3068 4687 3248 4742 corde.
3284 4686 3390 4743 lle-

1802 4785 2210 4858 prehenduntur
2262 4783 2425 4839 etiam
2490 4782 2543 4836 in
2609 4781 2712 4836 hoc
2762 4779 2881 4836 loco
2925 4779 3001 4835 illi
3053 4780 3144 4849 qui
3202 4780 3391 4834 dicunt

1803 4892 1991 4933 omnes
2023 4874 2191 4929 malas
2237 4873 2593 4945 cogitationes
2621 4888 2650 4926 a
2679 4870 2890 4928 diabolo
2918 4871 3133 4927 immitti
3153 4911 3167 4936 ,
3196 4880 3251 4926 et
3281 4888 3386 4925 non

1803 4966 2022 5037 propria
2069 4965 2345 5020 voluntate
2389 4962 2563 5018 nasci.
2617 4961 2872 5020 Diabolus
2914 4977 3147 5032 namque
3176 4962 3388 5031 adiutor

1805 5064 1862 5112 et
1887 5056 2132 5111 incentor
2161 5052 2423 5108 malarum
2471 5051 2855 5123 cogitationum
2900 5066 3020 5108 esse
3064 5058 3261 5120 potest,
3292 5052 3390 5105 sed

1805 5155 1995 5201 auctor
2042 5144 2188 5200 nullo
2237 5143 2397 5199 modo
2426 5151 2604 5213 potest
2633 5142 2889 5199 existere.
2917 5141 3051 5197 Cum
3085 5140 3227 5195 enim
3274 5140 3389 5194 dia-

1807 5237 1962 5294 bolus
2009 5237 2241 5306 aliquam
2292 5234 2467 5293 levem
2528 5233 2815 5289 scintillam
2866 5231 3129 5287 malarum
3184 5231 3389 5302 cogita—

1810 5328 2012 5382 tionum
2043 5326 2230 5381 fomite
2259 5341 2370 5381 suae
2398 5324 2615 5379 malitia:
2659 5323 2938 5379 succendit
2970 5331 3025 5375 et
3073 5322 3385 5387 inﬂammat,

1810 5435 1917 5475 non
1948 5420 2206 5475 debemus
2242 5417 2541 5488 intelligere
2586 5414 2713 5487 quia
2763 5415 2879 5484 ipse
2924 5410 3180 5470 interiora
3208 5415 3388 5470 cordis

1812 5508 1983 5564 nostri
2031 5508 2209 5563 valeat
2257 5507 2618 5575 investigare,
2662 5513 2754 5559 aut
2797 5504 3147 5574 cogitationes
3192 5506 3393 5562 intelli-

1814 5615 1959 5671 gere,
1991 5600 2085 5655 scd
2132 5598 2417 5667 aliquando
2460 5611 2558 5666 per
2608 5595 2850 5650 habitum
2906 5603 2961 5649 et
3002 5604 3204 5649 motum
3235 5606 3387 5651 exte-

1817 5691 1976 5745 rioris
2000 5690 2233 5745 hominis
2276 5687 2554 5758 cognoscit
2602 5686 2881 5741 interiora.
2915 5685 3076 5740 Verbi
3111 5688 3305 5755 gratia,
3343 5686 3386 5741 si

1816 5783 2010 5837 viderit
2050 5796 2145 5837 nos
2176 5782 2376 5835 intente
2405 5780 2684 5853 inspicere
2710 5780 2915 5835 vultum
2945 5779 3207 5843 mulieris.
3236 5782 3391 5836 intel-
