4038 6414
651 297 748 354 931

1218 305 1472 367 REMIGII
1513 309 2167 368 ANTISSIODORENSIS
2204 307 2357 365 OPP.
2398 307 2580 365 PARS
2619 303 2679 364 ll.
2716 339 2788 350 —
2827 307 3325 366 MISCELLANEA.

3831 310 3935 365 93%

649 415 787 495 lt‘g'tt
807 425 1045 480 animum
1081 435 1324 482 nostrum
1356 429 1690 484 vulneratum
1723 429 1904 498 jaculo
1931 405 2153 494 amoris,
2181 435 2238 481 et
2265 429 2316 489 Α
2342 427 2605 483 tissimam
2637 441 2777 483 esse.
2812 425 2889 480 De
2933 441 3039 496 qua
3068 425 3335 484 lavatioue
3376 425 3638 481 Dominus
3665 440 3770 496 per
3805 424 3937 480 Pro-

659 514 840 574 studet
885 521 1134 574 eumdem
1164 522 1518 576 succendere
1576 520 1788 576 flamma
1835 520 2070 575 carnalis
2097 519 2237 574 deleo

657 610 931 664 elationis.
961 610 1039 665 De
1085 622 1374 666 nominatis
1405 626 1584 666 autem
1617 611 1761 666 vitiis
1806 621 1926 682 Qum
1957 611 2010 666 in
2061 611 2240 666 divina

653 700 775 769 lege
805 700 1160 768 prohibentur
1188 701 1410 771 pulchre
1435 701 1692 756 Dominus
1719 701 1998 770 subiunxit
2022 717 2036 754 :
2067 718 2086 752 t
2116 699 2243 756 Haec

656 799 784 844 sunt
819 807 940 860 quae
985 792 1337 861 coinquinant
1377 792 1684 858 hominem,
1734 811 1753 844 ι
1789 792 1841 847 id
1885 801 1968 847 est
2011 792 2242 846 immun-

658 883 783 934 dum
830 891 887 935 et
939 882 1208 952 impurum
1257 882 1506 938 reddunt.
1554 881 1689 938 Cum
1725 882 1870 938 enim
1919 880 2235 951 subiungit:

664 991 680 1022 ι
712 971 825 1024 Non
862 972 984 1026 lotis
1013 974 1262 1028 manibus
1304 974 1631 1029 manducare
1662 988 1766 1029 non
1797 974 2108 1043 coinquinat
2138 973 2238 1027 ho-

658 1060 855 1114 minem
879 1101 894 1125 ,
931 1081 949 1113 ›
977 1073 1162 1132 aperte
1207 1064 1442 1118 ostendit
1491 1079 1596 1119 non
1642 1063 2011 1134 corporalem,
2051 1077 2238 1118 verum

650 1153 834 1220 potius
874 1154 1204 1223 spiritualem
1242 1156 1565 1212 lavationem
1614 1158 1715 1213 sibi
1755 1158 1978 1228 placere
2014 1166 2069 1212 et
2112 1171 2240 1228 gra-

2340 519 2560 588 phetam
2610 518 2782 573 dicit:
2817 535 2835 570 t
2870 517 3174 583 Lavamini,
3218 517 3403 572 mundi
3448 526 3643 573 estote.
3675 537 3699 570 ι
3731 517 3820 581 Et,
3873 533 3934 571 ne

2341 622 2443 663 nos
2485 615 2798 678 putaremus
2851 607 2993 668 hanc
3037 605 3359 661 lavationem
3403 606 3745 678 corporalem
3791 621 3934 671 esse,

2341 699 2618 768 subiunxit
2644 717 2658 754 :
2687 717 2706 750 r
2734 697 2961 754 Auferte
2986 697 3188 752 malum
3209 698 3598 769 cogitationum
3624 707 3935 752 vestrarum

2343 789 2414 846 ab
2440 789 2612 846 oculis
2641 789 2797 846 meis.
2827 808 2847 843 ι
2882 788 3021 844 Hinc
3043 787 3189 843 enim
3215 789 3346 844 dicit
3370 787 3936 857 malas.cogitationcs

2345 880 2497 937 exire
2520 879 2589 936 de
2615 880 2798 947 corde,
2843 879 2952 936 illic
2976 894 3106 935 vero
3133 878 3378 950 praecipit
3416 893 3511 935 eas
3536 877 3792 941 auferre;
3825 877 3937 931 fru-

2337 963 2468 1025 etus
2511 985 2746 1039 namque
2780 969 3048 1025 malarum
3078 969 3464 1040 cogitationum
3490 976 3620 1025 sunt
3646 967 3785 1022 vitia
3819 981 3936 1038 qua

2345 1060 2471 1116 inde
2497 1070 2815 1131 sequuntur.

1709 1267 3919 1302 1w

1603 1437 2228 1566 REMIGII
2338 1437 2980 1570 MUSICA.

1468 1670 1650 1733 (Apud
1698 1670 1758 1721 D.
1803 1671 2130 1733 Gerbertum,
2178 1673 2452 1735 Scriptores
2504 1675 2569 1724 de
2624 1674 2828 1735 Musica,
2876 1682 2990 1725 tom.
3033 1675 3118 1738 l.)

2027 1859 2556 1996 MONITUM.

727 2213 868 2272 Nihil
899 2231 1002 2272 non
1028 2215 1132 2286 egi,
1164 2225 1226 2270 ut
1247 2223 1562 2286 sequentem
1591 2213 1819 2286 Remigii
1850 2212 2139 2286 Altissioil.
2171 2211 2558 2286 Collectione_m
2599 2211 2911 2286 Glossarum
2955 2213 3007 2266 in
3056 2213 3304 2269 Martiani
3355 2213 3595 2285 Capella:
3639 2215 3714 2270 de
3747 2216 3933 2286 nuptiis

654 2289 960 2358 philologia:
990 2283 1084 2358 lib;
1122 2302 1177 2339 ιχ
1221 2283 1603 2358 correctiorem
1643 2283 1922 2358 redderem
1968 2284 2252 2358 collatione
2304 2297 2454 2358 mss.~
2492 2283 2876 2358 Parisiensium
2919 2294 3152 2358 quatuor
3180 2286 3396 2358 quidem
3432 2283 3581 2358 bibl.
3616 2301 3740 2358 reg.
3767 2283 3931 2349 unius,

656 2352 1171 2412 deinde'Victorinaa
1198 2372 1210 2408 :
1239 2357 1330 2408 scil
1360 2354 1558 2408 frustra
1589 2354 1791 2418 omnia,
1817 2362 1874 2407 ut
1904 2369 1968 2406 ex
2002 2354 2117 2424 his,
2152 2368 2286 2421 quas
2317 2352 2378 2407 P.
2422 2352 2626 2424 Steph.
2662 2352 2909 2424 Clemeut
2959 2354 3156 2424 Qungr.
3200 2352 3263 2409 Β.
3316 2356 3487 2410 Mauri
3533 2352 3932 2412 Benedictinus.

657 2429 742 2480 cui
803 2428 1168 2496 apographum
1199 2425 1386 2496 debeo,
1413 2425 1482 2479 29
1513 2425 1740 2496 Augusti
1767 2425 1891 2496 anni
1925 2423 2063 2477 1774
2097 2425 2162 2476 ad
2193 2439 2277 2496 me
2321 2425 2499 2496 dedit,
2544 2422 2721 2492 palatii
2747 2422 2824 2496 _fit
2856 2441 2934 2496 :_r
2967 2423 3030 2496 ie
3079 2422 3326 2496 voudrais
3371 2429 3490 2481 etre
3537 2425 3854 2496 égaletnent
3875 2443 3932 2480 en

661 2517 680 2548 ε
723 2492 932 2552 613ιῖιέ
956 2492 1086 2551 vous
1116 2495 1388 2550 satisfairc
1420 2492 1672 2550 touchaut
1704 2495 1780 2549 les
1802 2495 1936 2549 deux
1971 2494 2294 2548 manuscrits
2339 2493 2407 2546 du
2436 2492 2824 2546 commentairc
2869 2493 2936 2548 de
2979 2493 3132 2548 Remi
3166 2495 3459 2549 d’Auxerre
3497 2492 3600 2550 sur
3640 2495 3933 2548 Martium

663 2586 681 2616 ι
729 2565 964 2644 Capella.
997 2566 1130 2644 Mais
1159 2565 1253 2644 j'ai
1283 2565 1591 2644 l’ltonueur_
1617 2566 1684 2618 de
1733 2579 1868 2644 votis
1918 2563 2131 2644 repeter
2159 2578 2368 2644 coque
2415 2564 2470 2633 je
2504 2579 2636 2617 vous
2680 2562 2874 2644 aidéja
2913 2563 3108 2644 mande
3131 2604 3145 2628 ,
3177 2564 3306 2644 qu'il
3345 2566 3432 2636 n'y
3455 2580 3618 2644 apas
3654 2567 3725 2620 ici
3755 2567 3934 2620 d‘anti-

662 2656 679 2686 ε
723 2633 910 2705 quaire
941 2635 1162 2705 capable
1191 2637 1256 2688 de
1282 2634 1360 2690 les
1387 2634 1697 2688 déehitl‘rer.
1747 2635 1872 2705 S_‘t_ls
1915 2633 2120 2705 etaient
2147 2633 2521 2705 rentiéremeut
2567 2633 2919 2698 semblables,
2974 2633 3053 2705 iis
3085 2633 3416 2705 serviraient
3455 2633 3933 2705 reciproquemeut

663 2727 680 2756 ι
731 2701 866 2776 pour
904 2701 1237 2776 s’ex'pliquer
1271 2705 1378 2759 l‘un
1411 2720 1510 2776 par
1540 2706 1760 2776 l‘autre.
1781 2703 1914 2776 Mais
1947 2703 2012 2776 i_ls
2042 2701 2555 2776 varicnttellement
2584 2712 2741 2776 entre
2779 2717 2882 2756 eux
2906 2743 2922 2770 ,
2968 2704 3131 2774 qu’on
3176 2701 3590 2776 lesprendrait'
3627 2701 3772 2775 pour
3808 2707 3932 2760 tleux

660 2795 680 2826 ι
726 2772 988 2845 ouvrages
1017 2772 1314 2830 diﬂ‘érents.
1345 2775 1496 2831 Celui
1525 2775 1615 2844 qui
1646 2775 1791 2828 avait
1825 2772 1922 2827 fait
1962 2773 2012 2828 la
2057 2775 2209 2845 cepie
2256 2772 2510 2845 informe,
2559 2788 2663 2845 que
2687 2774 2748 2845 rje
2797 2789 2932 2845 vous
2971 2772 3198 2845 énvoyai
3234 2772 3381 2845 dans
3410 2774 3458 2830 le
3488 2772 3690 2845 temps,
3723 2777 3934 2830 u‘existe

661 2865 679 2896 ‹
726 2847 862 2916 plus,
894 2843 949 2900 et
967 2845 1024 2915 je
1049 2861 1117 2900 ne
1142 2847 1369 2901 connais
1395 2843 1660 2916 personne
1683 2845 1988 2916 quipuisse
2037 2844 2365 2916 deviner‘c‘e
2403 2843 2494 2912 qui
2546 2843 2858 2916 aechappé
2913 2844 2942 2898 it
3000 2860 3058 2898 sa
3112 2843 3472 2916 penetration.
3528 2845 3566 2898 ll
3601 2843 3934 2900 l‘andraitun

662 2936 679 2966 ι
719 2913 944 2987 homine
970 2913 1067 2987 qui
1093 2919 1185 2970 ent
1216 2915 1315 2969 fait
1341 2913 1444 2970 une
1471 2915 1630 2987 elude
1661 2913 2007 2987 particulie're
2043 2913 2524 2987 desnilit'éviatitins
2569 2915 2635 2968 de
2681 2914 2949 2987 musique,
2998 2915 3135 2968 mais
3179 2915 3254 2987 οὺ
3309 2915 3358 2969 le
3411 2916 3671 2987 trouvcr?
3705 2938 3725 2969 ι
3761 2916 3932 2972 solum

657 2986 822 3060 igitur
853 2983 1059 3057 glossas
1089 2987 1187 3042 has
1217 3003 1339 3042 cum
1369 2987 1537 3057 ipsius
1560 2983 1808 3040 Martiaui
1839 2994 1985 3038 textu
2017 2983 2270 3038 conferre
2295 2983 2466 3050 licuit,
2507 2999 2668 3054 quem
2698 2984 3018 3040 charactere
3045 2986 3261 3041 cursivo
3291 2986 3685 3056 expressimus.

728 3180 915 3237 Omnis
950 3197 1039 3236 ars
1070 3182 1274 3250 musica
1304 3164 1743 3254 proportionibus
1769 3192 2014 3248 constat,
2066 3185 2120 3240 id
2163 3197 2247 3240 est
2275 3169 2320 3228 Β
2351 3186 2426 3241 tio
2452 3201 2670 3253 vocum,
2696 3202 2788 3255 per
2809 3185 2946 3241 hanc
2966 3187 3175 3244 scilicet
3200 3198 3448 3258 quartam
3477 3198 3696 3260 partem
3720 3192 3938 3244 maxime

659 3272 1047 3327 consonanttis.
1084 3271 1268 3343 (Dico,
1294 3274 1551 3344 quidquid
1581 3283 1712 3326 recte
1742 3274 1996 3345 sonuerit)
2027 3285 2117 3328 aut
2170 3285 2250 3330 to-

659 3380 784 3416 num
813 3379 924 3416 esse
946 3372 1036 3415 aut
1061 3363 1402 3417 hemitonium
1425 3373 1512 3416 aut
1537 3374 1780 3433 quartam
1813 3364 2020 3418 scilicet
2049 3375 2250 3430 partem

661 3453 771 3506 toni
802 3468 919 3523 qua:
970 3451 1144 3504 Diesis
1175 3451 1488 3521 appellatur.
1523 3452 1697 3507 Diesis
1723 3452 1918 3508 divisio
1947 3455 2056 3508 toni
2083 3495 2096 3519 ,
2132 3471 2251 3524 qua:

648 3544 722 3597 'fit
751 3551 844 3596 aut
872 3543 923 3596 in
953 3543 1087 3597 duas
1117 3552 1209 3597 aut
1241 3544 1294 3597 in
1327 3551 1438 3598 tres
1459 3553 1554 3597 aut
1579 3544 1632 3598 in
1661 3554 1894 3614 quatuor
1914 3557 2115 3616 partes.
2153 3543 2250 3601 Ve-

661 3649 779 3685 rum
797 3641 949 3686 tonus
969 3643 1042 3686 est
1066 3634 1292 3704 spatium
1318 3633 1504 3689 Grzece
1529 3645 1762 3706 systema
1787 3636 1975 3692 Latine
1997 3639 2248 3710 spatium,

664 3722 806 3777 inter
825 3722 1084 3777 chordam
1112 3735 1164 3778 et
1196 3725 1457 3780 chordam
1509 3743 1626 3780 cum
1657 3727 1885 3799 legitima
1915 3731 2208 3797 quantitate
2234 3771 2248 3794 ,

647 3811 719 3867 ‘id
786 3822 871 3867 est
922 3828 1048 3868 cum
1099 3815 1306 3870 ratione
1332 3816 1567 3887 Epogdoi
1597 3857 1610 3881 ,
1644 3817 1696 3872 id
1757 3827 1839 3873 est
1868 3821 2210 3890 superoctavi
2235 3860 2248 3886 ,

665 3902 904 3975 legitima
935 3906 1258 3974 quantitate,
1287 3908 1337 3962 id
1368 3917 1452 3962 est
1481 3918 1670 3964 octava
1713 3920 1896 3979 parte;
1928 3927 2053 3965 nam
2095 3920 2250 3966 tonus

669 3994 722 4047 iu
761 3993 958 4048 Musica
1011 3995 1293 4067 Epogdous
1339 4007 1425 4052 est
1463 3997 1856 4064 Arithmclica,
1891 4010 1945 4053 et
1992 4000 2064 4054 ita
2094 4009 2252 4056 tonus

664 4082 826 4134 estin
863 4081 1068 4136 Musica
1099 4084 1240 4138 sicut
1275 4093 1399 4137 octo
1442 4084 1508 4137 ad
1540 4101 1731 4141 novem
1764 4088 1817 4142 in
1849 4087 2203 4144 Artthmetica
2235 4108 2247 4144 :

668 4171 907 4242 legitima
955 4173 1228 4243 quantitas
1280 4184 1363 4230 est
1403 4175 1541 4232 ratio
1587 4176 1859 4248 Epogdoi,
1909 4195 2030 4248 qua:
2085 4188 2251 4236 totam

670 4261 1184 4328 metiturmusicam,
1211 4263 1301 4333 qui
1330 4263 1538 4320 scilicet
1567 4275 1723 4321 tonus
1753 4283 1818 4322 ea:
1851 4268 2056 4323 duobus
2083 4271 2247 4336 sonis,

671 4351 723 4406 id
751 4364 921 4408 estex
945 4354 1152 4410 duabus
1181 4357 1398 4412 chordis
1436 4358 1654 4412 diversis
1701 4359 1837 4414 inter
1883 4377 1938 4415 se
1994 4361 2210 4416 invicem
2233 4403 2247 4428 ,

669 4445 983 4511 continetur,
1017 4446 1069 4501 id
1098 4457 1182 4503 est
1207 4457 1263 4501 ut
1289 4449 1506 4519 gravior
1535 4465 1674 4504 unus
1693 4491 1707 4516 ,
1744 4451 1954 4507 acutior
1985 4453 2121 4507 alter
2143 4454 2246 4508 sit:

2336 3277 2672 3330 .dimetimur.
2703 3276 2950 3332 Secunda
2975 3278 3184 3333 scilicet
3206 3279 3462 3334 distantia
3493 3281 3715 3334 dieseos
3741 3281 3812 3332 ab
3833 3280 3937 3341 illa,

2353 3367 2510 3422 idest
2544 3367 2715 3437 prima
2738 3383 2858 3437 qua:
2879 3376 2935 3422 et
2984 3378 3200 3437 quarta,
3237 3371 3286 3423 id
3319 3379 3403 3424 est
3431 3370 3567 3424 ἀίοέί
3619 3371 3803 3440 major
3851 3381 3940 3423 est.

2354 3457 2498 3513 Nam
2528 3459 2841 3523 tritemoria,
2881 3460 2934 3514 id
2987 3469 3071 3515 est
3125 3461 3286 3515 tertia
3310 3475 3437 3530 pars
3483 3463 3595 3515 toni
3640 3465 3942 3515 nominatur

2351 3549 2490 3619 quod
2542 3549 2692 3603 habet
2742 3549 2952 3604 tertiam
2996 3560 3198 3620 partem
3247 3552 3359 3604 toni
3386 3551 3468 3605 vel
3511 3553 3941 3613 enchnomatice.

2337 3641 2654 3710 appellatur
2714 3649 2738 3677 τι
2789 3642 2998 3698 scilicet
3045 3644 3160 3714 ipsa
3217 3643 3554 3708 tritemoria,
3609 3645 3943 3700 chromatice

2354 3732 2407 3788 id
2431 3741 2516 3788 est
2549 3732 2858 3789 colorabilis
2883 3753 2895 3787 :
2927 3733 3068 3789 sicut
3091 3733 3238 3788 enim
3265 3732 3407 3789 inter
3437 3733 3623 3788 album
3646 3742 3702 3788 et
3735 3735 3940 3804 nigrum

2352 3824 2500 3880 color
2526 3824 2722 3894 aliquis
2742 3826 2993 3895 ponitur,
3033 3826 3106 3880 ita
3136 3826 3278 3880 inter
3318 3825 3620 3878 diatouium
3674 3833 3733 3878 et
3785 3839 3943 3878 enar-

2354 3915 2593 3970 mouium
2610 3915 2786 3971 locum
2802 3916 3107 3972 medietatis
3117 3917 3324 3971 obtinet
3339 3915 3739 3971 ehrornaticmn
3751 3958 3767 3981 ,
3791 3917 3942 3970 chro-

2355 4021 2441 4060 ma
2461 4005 2672 4070 Graece,
2693 4002 2887 4062 Latine
2913 4006 3080 4070 color,
3104 4007 3326 4075 ﬁnditur
3342 4005 3583 4061 metitur.
3605 4005 3788 4060 Tertia
3814 4023 3941 4066 rere,

2355 4095 2568 4152 scilicet
2599 4096 2856 4150 distantia
2877 4097 3030 4150 habet
3058 4098 3169 4150 toni
3191 4098 3398 4150 tertiam
3419 4107 3622 4166 partem
3672 4114 3740 4150 ac
3793 4098 3941 4149 diuti-

2353 4185 2722 4251 diamtertitc,
2771 4185 2950 4244 idest
2989 4197 3233 4252 sextam,
3290 4186 3512 4240 dimidia
3567 4188 3752 4241 tertia:
3803 4198 3942 4241 sexta

2337 4285 2474 4342 est;
2517 4285 2671 4331 sexta
2701 4285 2968 4335 autemet
2996 4277 3153 4332 tertia
3201 4276 3484 4331 dimidium
3526 4274 3760 4332 faciunt.
3811 4277 3943 4331 Duo-

2354 4367 2610 4424 denarius
2635 4368 2833 4438 quippe
2871 4384 3168 4435 numerus,
3219 4370 3433 4424 tertiam
3487 4379 3700 4440 partem
3753 4371 3836 4424 sui
3893 4372 3940 4421 in

2354 4457 2704 4528 quaternario
2728 4458 2949 4528 ponitur
2974 4499 2989 4525 ,
3037 4469 3247 4513 sextam
3277 4473 3404 4514 vero
3425 4459 3479 4514 in
3511 4459 3727 4514 biuario
3757 4476 3772 4524 ;
3797 4468 3940 4513 sexta

673 4533 822 4587 Verbi
851 4536 1059 4605 gratia,
1103 4547 1226 4592 tunc
1261 4541 1503 4610 prmcepit
1532 4558 1639 4596 eos.
1667 4541 2020 4597 Ilemitonium
2063 4544 2256 4598 dicitur
2284 4543 2328 4602 C
2359 4558 2541 4604 autem
2565 4563 2712 4618 pars,
2766 4549 2818 4603 id
2867 4558 2952 4604 est
2981 4549 3225 4604 hinarius
3267 4549 3522 4618 adjuncta
3577 4551 3758 4604 tertia:
3809 4550 3940 4618 pani

670 4624 812 4693 quod
842 4628 949 4680 toni
975 4629 1203 4682 medium
1230 4640 1365 4684 tenet
1388 4672 1401 4696 ,
1428 4631 1479 4686 id
1507 4641 1592 4688 est
1621 4634 1854 4688 mediam
1884 4637 2090 4705 partem
2118 4635 2250 4699 toni,

675 4715 796 4766 licet
827 4715 878 4768 in
907 4716 1012 4770 duo
1041 4733 1193 4787 mqua
1219 4737 1321 4774 non
1352 4721 1522 4791 possit
1543 4738 1779 4792 unquam
1803 4725 1987 4779 dividi.
2016 4725 2250 4791 Dieseos,

676 4807 942 4876 genitivus
970 4807 1212 4876 Graccus,
1268 4813 1531 4869 distantite
1557 4815 1610 4869 id
1659 4826 1741 4870 est
1791 4816 2104 4872 differentia:
2150 4831 2252 4874 tres

674 4907 817 4952 aunt.
876 4897 1281 4955 Tetrartembria
1334 4904 1529 4958 dicitur
1566 4917 1759 4976 quarta
1820 4924 1986 4977 pars,
2034 4917 2256 4966 tetrartc

675 4996 872 5060 quarta
895 5031 908 5056 ,
955 5006 1136 5047 moros
1162 5009 1286 5062 pars
1309 5035 1323 5058 ,
1348 5011 1412 5048 ex
1432 5011 1512 5062 eo,
1543 4997 1596 5051 id
1617 5006 1702 5054 est
1739 4998 1860 5054 ideo
1903 5000 2258 5058 Euarmonios

677 5097 781 5135 una
823 5097 972 5151 pars,
1004 5083 1056 5137 id
1101 5093 1186 5140 est
1227 5085 1582 5155 inadunatus,
1636 5093 1779 5160 quod
1818 5100 1874 5147 et
1909 5095 2160 5149 maximis
2205 5103 2260 5150 et

679 5172 916 5228 minimis
955 5175 1144 5244 spatiis
1183 5175 1474 5243 dividitur;
1520 5181 1768 5237 maximis
1815 5186 1959 5253 quod
2009 5201 2150 5256 smpe
2204 5187 2254 5241 in

679 5279 786 5319 uno
812 5265 988 5335 spatio
1013 5267 1261 5322 duo-toni
1289 5268 1639 5326 inveniantur
1667 5314 1683 5339 ,
1714 5289 1854 5344 sa‘pe
1904 5275 2017 5331 sola
2060 5289 2252 5348 quarta

2361 4641 2710 4711 quaternario
2751 4640 3006 4700 videlicet
3057 4641 3339 4695 dimidium
3391 4640 3740 4706 dnodenarii,
3771 4642 3820 4695 iJ
3863 4651 3942 4694 εει

2361 4733 2632 4788 senarium
2665 4748 2948 4788 numerum
2981 4731 3144 4788 eIIicit
3166 4733 3219 4786 in
3240 4733 3483 4797 dimidia,
3512 4733 3564 4787 id
3590 4741 3676 4788 est
3695 4734 3940 4804 diapente

2361 4825 2442 4880 vel
2467 4823 2840 4893 sesquialtera.
2865 4823 3166 4880 Hemiolion
3185 4825 3542 4896 compositum
3572 4835 3659 4880 est
3679 4838 3747 4878 ex
3777 4825 3940 4880 hemis

2362 4927 2417 4971 et
2448 4917 2630 4979 holon,
2655 4917 2707 4972 id
2729 4926 2814 4971 est
2841 4917 3123 4972 dimidium
3156 4931 3212 4972 et
3239 4927 3410 4973 totum
3432 4959 3446 4982 ,
3474 4919 3622 4988 quod
3653 4917 3826 4986 major
3847 4934 3940 4972 uu-

2365 5023 2545 5062 merus
2574 5007 2736 5062 habet
2764 5007 3026 5064 minorem
3059 5019 3231 5063 totum
3263 5019 3321 5063 et
3363 5009 3649 5064 dimidium
3677 5009 3902 5063 minoris
3922 5047 3936 5068 .

2365 5108 2420 5153 ut
2474 5108 2558 5156 est
2614 5099 2884 5155 tertiarius
2909 5101 2974 5156 ad
3003 5101 3273 5155 binarium
3295 5142 3311 5166 ,
3339 5110 3397 5155 et
3416 5100 3702 5156 dimidium
3729 5101 3936 5160 binarii,

2363 5192 2416 5247 id
2442 5202 2527 5247 est
2552 5209 2712 5247 unum
2731 5233 2746 5256 ,
2777 5188 2884 5247 duo
2907 5193 3105 5263 quippe
3132 5201 3188 5247 et
3215 5208 3380 5248 unum
3427 5193 3650 5248 tertium
3693 5193 3893 5248 faciunt
3919 5229 3936 5253 ,

2360 5301 2478 5354 quin
2500 5285 2778 5354 proportio
2821 5284 3176 5355 sesquialtcra
3231 5296 3477 5342 vocatur.
3534 5283 3606 5340 Et
3654 5288 3936 5341 harmonia

678 5371 803 5426 pars
822 5398 836 5420 ,
862 5357 1059 5413 dicitur
1082 5360 1288 5416 scilicet
1315 5361 1402 5416 illa
1435 5361 1610 5420 Diesis
1637 5405 1652 5432 ,
1697 5382 1815 5436 qua:
1859 5372 2253 5425 tetrartcmoria
2288 5385 2333 5443 ι)
2360 5377 2564 5439 divisio,
2591 5377 2641 5430 id
2663 5385 2746 5432 est
2769 5376 3124 5432 consonantia
3151 5377 3407 5447 complet,
3431 5376 3675 5432 continet
3697 5376 3780 5429 vel
3806 5390 3938 5427 rout-

638 5449 1232 5522 ’\-'ocatur,propterea
1287 5454 1408 5509 ideo
1456 5456 1595 5526 quod
1650 5453 2009 5516 Enarntonion
2068 5464 2257 5516 modu-

634 5537 636 5540 ’
678 5537 826 5594 laudi
846 5558 1005 5611 genus
1029 5585 1044 5609 ,
1077 5544 1356 5624 harmonia
1387 5556 1471 5603 est
1498 5553 1850 5606 consonantia
1885 5564 1940 5607 et
1990 5557 2260 5610 coaduna-

2399 5468 2622 5520 lectitur.
3244 5509 3247 5512 .
3269 5509 3272 5512 .

2399 5485 2569 5520 tecum
2579 5485 2622 5520 1⁵.
3244 5509 3247 5512 -
3269 5509 3272 5512 .

2363 5485 2395 5536 Ρ
2439 5556 2613 5612 'I'onuc
2643 5557 2804 5628 igitur
2851 5560 2987 5614 idem
3031 5568 3333 5629 plerumque
3373 5557 3738 5629 appellaturet
3765 5573 3932 5612 sonu.

757 5733 782 5760 ι
809 5719 1011 5786 Μαι,
1043 5740 1058 5772 t
1099 5723 1335 5793 itemque
1367 5728 1696 5784 chromatico
1730 5731 2046 5802 appellatur,
2085 5735 2224 5803 quod
2254 5734 2644 5791 chromaticnzn
2703 5735 3009 5791 modulandi
3034 5749 3203 5805 genus
3229 5750 3325 5809 per
3349 5735 3519 5806 ipsam
3546 5735 3784 5791 ﬁnditur.
3813 5753 3825 5783 t
