4038 6416
136 272 249 372 9δέ

1560 327 1562 330 '
1591 309 1680 366 DF.
1719 305 1994 369 MUSICA.

3301 306 3420 372 ⁴9τή

134 428 284 482 Inter
317 438 509 479 sonum
539 431 594 477 et
640 429 824 476 tonmn
881 435 981 476 nec
1007 420 1214 486 distat,
1243 419 1386 491 quod
1435 427 1594 477 tonus
1638 431 1720 478 est
1749 427 1795 485 Α
1825 434 1922 474 nes
1962 418 2106 473 enim
2153 417 2291 487 tropi
2315 433 2376 472 ex
2408 413 2678 488 praedictis
2711 417 2860 474 sonis
2903 428 3320 490 componuntur,
3365 431 3423 478 et

133 517 421 588 percussio
447 515 675 569 duarum
713 514 1042 568 chordarum
1073 513 1154 568 vel
1185 513 1304 568 dure
1329 529 1490 568 voces
1514 493 1726 570 diverse

136 613 278 664 inter
306 625 364 664 se
395 615 671 670 sonantes,
696 619 862 660 sonus
889 606 942 660 in
975 620 1079 658 una
1108 605 1308 660 chorda
1327 605 1386 658 iit
1408 614 1598 676 estque
1624 621 1725 659 vox

133 703 319 773 aliqua
371 699 718 755 uniformiter
767 706 823 752 et
886 697 1171 766 aequaliter
1226 698 1570 768 procedens;
1629 698 1729 751 ali-

135 795 358 864 quando
391 802 570 847 tamen
616 801 774 846 tonus
829 789 1128 860 appellatur
1174 798 1228 844 et
1287 805 1474 845 sonus.
1533 788 1727 844 Verum

136 886 278 950 soni,
308 884 356 938 id
382 892 466 938 cst
491 881 708 937 chordae
736 891 853 934 sunt
876 897 968 949 per
995 879 1227 950 singulos
1253 896 1483 950 quosque
1530 896 1592 933 ac
1638 897 1731 950 per

137 992 318 1028 omnes
341 985 514 1044 trepos
545 972 635 1042 qui
668 979 793 1026 sunt
822 987 1037 1024 numero
1059 985 1209 1024 xvm.
1243 971 1479 1036 Quorum
1521 971 1730 1025 scilicet

137 1084 398 1122 sanorum
426 1068 626 1136 primus
653 1065 848 1118 dicitur
899 1066 1036 1134 apud
1083 1061 1292 1118 Cra-cos
1329 1066 1729 1139 προσλαμϐανό-

136 1146 327 1231 μενος,
383 1156 524 1226 apud
576 1154 838 1209 Romanos
895 1171 1014 1208 vero
1081 1155 1220 1208 idem
1283 1155 1479 1208 dicitur
1549 1157 1730 1226 acqui-

137 1252 279 1301 situs
313 1287 327 1311 ,
379 1246 576 1300 deinde
634 1260 730 1315 per
769 1245 1143 1313 parenthesin,
1191 1245 1332 1314 quod
1379 1245 1558 1298 eadem
1591 1262 1729 1309 voce,

141 1338 194 1392 id
217 1347 301 1390 est
321 1335 586 1399 Romana,
607 1352 698 1388 nos
727 1335 802 1388 uti
819 1350 1053 1388 summus
1075 1332 1284 1403 Jupiter
1302 1335 1506 1388 statuit.
1534 1334 1734 1388 Musiea

140 1430 414 1499 loquitur,
445 1444 564 1497 qua:
603 1427 786 1481 Grawca
826 1436 945 1480 erat
977 1434 1030 1480 et
1060 1425 1246 1480 Graece
1290 1434 1434 1480 artes
1464 1441 1734 1498 exponere

144 1519 383 1573 volebat.
455 1516 1032 1572 Proslambanomenos
1089 1516 1203 1571 haec
1266 1516 1466 1571 chorda
1530 1517 1738 1586 gravis-

141 1611 282 1664 sima
328 1620 412 1663 est
460 1609 699 1663 omnium
747 1617 802 1662 ct
849 1605 1174 1662 extra'alias
1214 1607 1410 1678 posita.
1441 1605 1732 1674 Secundus,

142 1701 352 1756 scilicet
405 1715 608 1764 sonus,
647 1702 820 1758 ὑπάτη
872 1701 1116 1766 ὑπάτων,
1152 1702 1248 1754 hoc
1304 1709 1380 1754 est
1431 1700 1736 1771 principalis

1828 509 1883 562 in
1910 508 2136 577 singulis
2175 506 2345 576 tropis
2374 507 2739 569 inveniuntur,
2783 509 3104 578 symphonia:
3134 520 3238 564 tres
3274 521 3420 576 sunt,

1826 617 2048 671 quarum
2095 601 2264 669 prima
2311 601 2673 665 diatessaron,
2717 611 2776 654 ut
2825 611 2912 656 est
2951 620 2968 652 ι
3009 603 3102 656 tibi
3147 603 3288 658 dixit
3326 619 3424 660 cur

1828 706 2007 746 mcum
2052 711 2071 743 ι
2107 708 2222 762 qum
2261 691 2448 746 Latine
2486 690 2782 762 appellatur
2807 709 2872 746 ex
2890 703 3139 762 quatuor,
3169 695 3308 749 sicut
3341 707 3424 751 est

1828 782 2038 838 scilicet
2069 782 2216 851 quod
2247 782 2306 835 ﬁt
2341 783 2395 837 in
2424 791 2660 852 quatuor
2690 783 2932 848 chordis,
2959 796 3006 837 et
3050 785 3230 850 recipit
3267 802 3423 840 sonos

1827 884 2078 946 quatuor,
2105 874 2156 927 id
2184 885 2269 928 est
2308 875 2540 928 chordas
2581 873 2667 928 vel
2692 888 2884 938 voces,
2921 875 3094 944 spatia
3132 876 3271 941 tria,
3305 891 3427 945 quae

1831 976 1957 1022 sunt
1999 968 2140 1022 inter
2179 967 2409 1022 chordas
2442 975 2496 1020 et
2527 967 2774 1030 chordas,
2809 966 2881 1020 ita
2912 975 3161 1035 quatuor,
3197 969 3428 1038 produc-

1830 1060 1994 1113 tiones
2022 1058 2189 1123 duas,
2223 1058 2274 1111 id
2309 1067 2391 1112 est
2433 1067 2588 1113 tonos
2623 1059 2788 1123 duos,
2820 1067 2868 1111 et
2899 1057 3174 1112 dimidiam
3196 1099 3211 1123 ,
3248 1059 3301 1114 id
3341 1069 3426 1114 est

1833 1148 2222 1211 hemitonium,
2270 1147 2322 1202 id
2361 1156 2445 1202 est
2481 1148 2781 1203 dimidium.
2850 1147 3047 1203 Verum
3074 1162 3100 1190 ιι
3129 1159 3236 1214 est,
3279 1151 3426 1220 quod

1835 1240 2034 1294 dicitur
2093 1240 2429 1293 diatessaron
2491 1239 2692 1293 habere
2744 1249 2900 1295 tonos
2954 1251 3009 1296 et
3059 1242 3417 1307 hemitonion,

1835 1331 1936 1386 hoc
1965 1339 2050 1384 est
2075 1330 2311 1399 quinque
2341 1330 2654 1394 hemitonia,
2679 1347 2801 1386 cum
2831 1348 2968 1387 unus
2997 1342 3154 1388 tonus
3207 1335 3421 1390 nonnisi

1836 1422 1944 1477 duo
1995 1422 2291 1478 hemitonia
2338 1421 2550 1476 habeat.
2594 1422 2674 1476 Ad
2707 1425 2850 1493 quod
2891 1425 3212 1491 dicendum,
3271 1427 3421 1496 quod

1837 1513 1969 1568 illud
2024 1513 2271 1582 quintum
2330 1513 2682 1568 hemitonium
2710 1555 2740 1590 ,_
2779 1514 2922 1585 quod
2969 1515 3042 1570 ibi
3089 1519 3421 1582 succrescit,

1838 1604 2457 1674 incomprehensiliiliter
2512 1605 2601 1670 iit,
2648 1606 2791 1674 quod
2845 1605 2988 1662 inter
3047 1605 3135 1661 illa
3192 1616 3428 1677 quatuor

1838 1696 2122 1751 excrescit.
2162 1694 2302 1749 Nunt
2335 1713 2542 1760 sonum,
2589 1699 2643 1752 id
2691 1709 2766 1753 est
2812 1709 2992 1754 tonum
3033 1702 3429 1771 productionem

139 1791 511 1862 principalium
542 1807 560 1844 :
595 1793 792 1853 ὕπατος
821 1791 1040 1856 Graece,
1072 1791 1264 1846 Latine
1286 1792 1490 1857 consul,
1511 1791 1600 1846 sed
1633 1807 1739 1848 non
1770 1781 1815 1842 Β
1844 1788 2036 1841 vocavi.
2074 1784 2167 1840 Est
2200 1796 2395 1850 autem,
2448 1787 2652 1842 scilicet
2697 1788 3055 1856 diatessaron,
3105 1791 3158 1846 id
3213 1801 3298 1846 est
3337 1793 3428 1846 he-

143 1883 372 1936 verhum
400 1898 429 1936 e
455 1881 620 1935 verbo
640 1922 654 1945 ,
687 1881 780 1935 sed
809 1897 1026 1936 sensum
1062 1899 1092 1937 e
1123 1896 1284 1936 sensu
1328 1882 1430 1937 iste
1459 1881 1738 1937 transfert.

144 1955 353 2024 Tertius
383 1975 661 2046 παρυπάτη
686 1972 896 2027 ὑπάτων
917 2013 930 2037 ,
962 1971 1017 2025 id
1053 1983 1125 2026 est
1161 1973 1570 2043 subprincipalis
1600 1973 1744 2042 priu-

143 2061 416 2131 cipalium.
453 2062 564 2115 Par
600 2063 781 2138 (παρὰ
805 2063 822 2132 )
843 2061 998 2130 juxta
1035 2073 1090 2118 et
1117 2065 1367 2135 adjaccns
1399 2065 1741 2135 exprimitur,

141 2156 395 2225 quamvis
441 2156 542 2211 iste
581 2173 685 2210 non
721 2157 1006 2212 attendens
1048 2158 1154 2211 vim
1197 2158 1345 2213 verbi
1383 2175 1482 2228 pur
1511 2173 1611 2228 pro
1647 2160 1741 2213 sub

142 2249 420 2318 posuerit,
451 2257 506 2301 ct
541 2248 705 2302 etiam
735 2263 833 2318 pro
873 2249 978 2304 alio
1004 2248 1129 2302 alibi
1158 2263 1352 2317 sensu,
1393 2250 1534 2304 sicut
1573 2251 1624 2304 in
1657 2264 1745 2304 se-

143 2323 436 2408 quentibus
465 2340 756 2394 videbitur.
795 2340 1029 2406 Quartus
1061 2342 1272 2397 ὐπάτων
1301 2341 1562 2407 διὰτονος,
1590 2342 1644 2395 id
1667 2351 1742 2397 est

143 2430 515 2501 principalium
552 2441 780 2485 extenta.
805 2431 1050 2497 Quintus
1120 2433 1292 2492 ὑπάτη
1333 2435 1502 2504 μέσων
1527 2474 1541 2498 ,
1576 2433 1630 2486 id
1669 2442 1743 2488 est

145 2523 452 2593 principalis
475 2524 787 2578 mediarum.
819 2521 1010 2578 Sextus
1045 2534 1217 2577 autent
1248 2527 1530 2604 παρυπὰτη
1557 2526 1739 2596 μέσων,

146 2615 288 2682 quod
333 2623 408 2668 est
447 2614 853 2683 subprincipalis
900 2614 1213 2666 mediarum.
1267 2613 1530 2682 Septimus
1574 2617 1743 2686 μέσων

144 2701 378 2762 dicito-ro,-
399 2743 412 2767 ,
438 2703 490 2754 id
519 2711 592 2755 est
630 2702 920 2756 mediarum
948 2711 1178 2756 extenta.
1205 2700 1432 2756 Octavus
1452 2703 1586 2774 μέση
1605 2743 1618 2767 ,
1645 2703 1743 2757 hoc

147 2804 226 2845 est
260 2792 454 2844 inedia.
480 2789 664 2846 Nonus
691 2796 840 2867 τρίτη
863 2793 1197 2862 συνημμένων
1217 2832 1230 2854 ,
1258 2791 1312 2843 id
1333 2800 1408 2845 est
1435 2792 1588 2845 tertia
1620 2808 1744 2846 con-

140 2884 472 2953 junctarum.
503 2883 748 2938 Decimus
773 2885 1064 2956 συνημένων
1099 2882 1350 2946 adit-avoc,
1383 2883 1480 2936 hoc
1509 2893 1582 2937 est
1619 2900 1744 2938 con—

140 2976 454 3044 junctarum
483 2985 707 3028 extenta.
736 2973 1051 3028 Undecimus
1072 2980 1196 3034 νήτη
1219 2977 1566 3045 σηνημμένων,
1591 2975 1644 3028 id
1667 2985 1741 3028 est

149 3067 340 3118 ultima
367 3064 786 3134 conjunctarum.
823 3065 1172 3118 Duodecimus
1201 3066 1504 3141 παραμέση,
1532 3064 1630 3117 hoc
1666 3073 1742 3118 est

1844 1868 2177 1930 mitoniorun't
2222 1878 2484 1947 quinque,
2537 1894 2655 1946 qum
2699 1880 2768 1932 ad
2820 1875 3218 1950 productiones,
3258 1883 3309 1938 id
3344 1893 3430 1938 est

1842 1979 1998 2024 tonos
2018 2010 2032 2032 ,
2053 1968 2233 2038 plenas
2262 1980 2307 2022 et
2338 1970 2565 2039 integras
2604 1971 2951 2038 mediatenus,
2979 1972 3033 2026 id
3054 1982 3135 2027 est
3166 1989 3338 2044 usque
3359 1975 3429 2030 ad

1844 2061 2214 2124 medietatem,
2245 2059 2452 2124 valent;
2493 2059 2701 2114 dieseon
2736 2061 2942 2126 decem,
2974 2063 3244 2132 genitivus
3272 2063 3427 2119 Cra:-

1842 2165 1960 2215 cus,
1987 2151 2038 2205 id
2068 2157 2150 2204 est
2177 2157 2493 2220 quartarum
2524 2150 2755 2220 partium
2784 2151 2968 2206 decem
2999 2166 3065 2205 ex
3095 2161 3222 2208 tono
3247 2154 3430 2224 (diesis

1842 2257 1962 2294 vero
1993 2241 2351 2310 interpretatio
2381 2251 2488 2306 est,
2535 2241 2669 2294 sicut
2707 2256 2868 2311 supra
2897 2241 3042 2307 dixi,
3075 2252 3266 2313 quarta
3305 2260 3430 2313 pars

1843 2331 2008 2402 toni).
2035 2329 2140 2386 Sed
2159 2331 2271 2386 Ita'c
2301 2331 2510 2387 scilicet
2539 2331 2876 2388 diatessaron
2905 2334 3209 2403 symphonia
3241 2343 3315 2388 est
3339 2375 3353 2396 ,
3378 2334 3432 2388 id

1841 2432 1925 2478 est
1964 2423 2317 2478 consonantia
2354 2423 2534 2490 vocis,
2579 2433 2638 2478 ut
2669 2433 2754 2480 est
2795 2442 2812 2474 ε
2848 2424 2989 2479 Deus
3013 2424 3066 2478 in
3106 2423 3432 2493 adjutorium

1843 2529 2046 2582 meum,
2077 2536 2095 2568 ι
2123 2517 2265 2585 quod
2297 2515 2356 2570 llt
2394 2517 2447 2571 in
2486 2525 2721 2586 quatuor
2747 2517 2996 2582 chordis,
3023 2518 3080 2570 in
3106 2517 3314 2585 epitrita
3343 2533 3432 2570 ru-

1843 2609 2008 2673 tione,
2044 2608 2096 2662 id
2133 2618 2216 2662 est
2257 2608 2620 2678 sesquitertia.
2658 2608 2952 2679 (Epitritus
2999 2617 3172 2662 autem
3214 2608 3432 2672 dicitur,

1840 2699 1931 2769 qui
1971 2707 2019 2752 et
2067 2712 2338 2751 numerum
2384 2698 2672 2751 ternarium
2715 2697 2883 2760 habet,
2914 2707 2962 2751 et
2997 2699 3157 2750 trium
3202 2698 3431 2762 tertiam,

1841 2789 1981 2860 quod
2003 2799 2078 2844 est
2113 2805 2270 2853 unus,
2302 2797 2357 2842 ut
2386 2798 2507 2842 sunt
2533 2793 2760 2860 quatitur
2778 2789 2848 2841 ad
2871 2787 3020 2859 tres).
3044 2787 3164 2841 Alia
3189 2788 3433 2857 sympho-

1844 2883 1932 2936 nia
1953 2881 2194 2952 quinaria
2217 2890 2314 2946 est,
2347 2881 2399 2935 id
2431 2890 2514 2935 est
2546 2881 2598 2934 in
2619 2880 2857 2951 quinque
2904 2879 3123 2935 chordis
3170 2879 3249 2943 lit,
3289 2879 3434 2948 quod

1838 2971 2039 3025 dicitur
2082 2973 2356 3042 diapente,
2411 2971 2464 3026 id
2493 2979 2576 3027 est
2607 2985 2674 3025 ex
2704 2970 2942 3041 quinque
2977 2977 3091 3035 est,
3132 2978 3434 3039 constatque

1844 3066 1988 3120 sonis
2011 3106 2025 3127 ,
2053 3065 2104 3119 id
2131 3074 2215 3119 est
2265 3064 2482 3120 chordis
2508 3064 2770 3136 quinque,
2813 3065 2903 3134 qui
2932 3064 3067 3117 inter
3111 3079 3165 3116 se
3207 3071 3435 3131 quatuor

148 3173 312 3226 prope
349 3149 594 3209 mediam.
635 3155 840 3210 Tertius
860 3157 1092 3209 decimus
1141 3140 1289 3230 τρίτη
1341 3155 1701 3230 διεζευγμένων
1723 3197 1737 3222 ,
1768 3140 1813 3202 C
1844 3158 2028 3226 spatiis
2051 3157 2417 3222 dividuntur”,
2437 3157 2511 3211 ita
2530 3171 2641 3212 mu
2672 3156 3054 3227 productioes
3074 3154 3274 3210 habent
3299 3162 3431 3219 tres,

151 3247 310 3300 tertia
333 3247 635 3300 divisurum.
669 3245 900 3311 Quartus
932 3245 1163 3300 decimus
1186 3245 1544 3318 διεζευγμένων
1568 3246 1738 3303 διάτο-

149 3359 254 3398 vce.
295 3337 431 3408 quod
479 3347 552 3390 est
597 3335 885 3390 divisurum
939 3346 1167 3391 extenta.
1231 3337 1460 3402 Quintus
1511 3339 1741 3392 decimus

153 3434 280 3488 νήτη
319 3426 707 3499 διεζευγμένων,
749 3428 804 3480 id
847 3439 920 3482 est
965 3429 1150 3482 ultima
1187 3430 1492 3484 divisurum.
1553 3429 1741 3486 Sextus

152 3521 389 3573 decimus
415 3523 562 3591 τρίτη
586 3520 936 3595 ὑπερϐολὰιων
952 3561 967 3584 ,
993 3521 1047 3574 id
1067 3531 1139 3575 est
1172 3522 1324 3575 tertia
1360 3521 1738 3587 excellentium,

155 3613 211 3666 id
270 3622 353 3666 est
405 3621 704 3666 acutarum.
765 3612 1029 3682 Septimus
1100 3613 1330 3668 decimus
1398 3616 1744 3692 ὑπερϐολάιων

151 3701 424 3768 ὃιάτονος,
491 3703 587 3756 hoc
650 3712 725 3757 est
786 3702 1148 3758 excellentium
1216 3714 1462 3770 extenta,
1536 3706 1589 3759 id
1661 3714 1748 3762 est

155 3804 464 3848 acutarum.
540 3791 767 3847 Octavus
849 3793 1079 3848 decimus
1159 3799 1282 3854 νήτη
1342 3795 1694 3872 ὑπερϐολὰιων
1726 3835 1741 3861 ,

154 3889 210 3943 id
273 3898 377 3943 est.
419 3888 605 3942 ultima
669 3887 1051 3954 excellentium,
1112 3887 1166 3942 id
1219 3897 1304 3943 cst
1346 3898 1644 3943 acutarum.
1672 3886 1746 3942 Hi

151 3987 282 4033 sunt
350 3978 512 4048 igitur
565 3978 711 4044 soni,
776 3977 863 4048 qui
935 3976 1340 4031 modulationem
1388 3988 1506 4047 apte
1541 3987 1590 4032 et
1627 3993 1744 4032 cum

142 4069 369 4122 ratione
411 4077 761 4138 componunt;
798 4082 920 4122 nam
969 4067 1087 4123 sine
1131 4068 1338 4123 ratione
1379 4066 1601 4124 confusa
1639 4084 1742 4124 vox

153 4169 269 4215 est.
296 4157 510 4212 Constat
542 4143 714 4212 autem
745 4158 910 4212 omnis
933 4157 1221 4214 modulatio
1249 4175 1314 4214 ea;
1331 4160 1586 4230 gravitate
1604 4160 1746 4226 soni,

152 4253 212 4307 id
243 4258 330 4305 est
355 4265 422 4304 ex
445 4248 819 4318 inaequalibus,
845 4247 920 4303 vel
941 4249 1182 4304 acumine
1206 4263 1225 4302 :
1251 4250 1426 4305 omnis
1455 4251 1750 4306 modulatio

151 4361 227 4400 ex
269 4341 621 4411 inaequalibus
672 4349 913 4406 constat;
945 4340 988 4396 si
1033 4342 1178 4396 enim
1219 4340 1377 4396 aliter
1412 4341 1601 4406 fuerit,
1634 4343 1748 4412 jam

155 4451 269 4490 non
295 4434 400 4488 erit
421 4433 734 4488 modulatio.
757 4429 999 4487 Gravitas
1019 4431 1232 4499 dicitur,
1259 4449 1375 4502 quw
1399 4434 1559 4498 modi,
1599 4435 1650 4488 id
1667 4443 1750 4489 est

1843 3255 1896 3312 id
1918 3266 2002 3310 est
2025 3264 2199 3318 tonos,
2227 3255 2574 3324 mediamque,
2597 3254 2807 3308 scilicet
2832 3252 3240 3323 productionem
3267 3251 3433 3307 hemio

1841 3348 1971 3403 tonii
1998 3347 2254 3413 prrrcidit,
2280 3346 2378 3400 hoc
2400 3355 2495 3411 est,
2518 3355 2665 3399 tonos
2688 3354 2791 3400 tres
2813 3361 2874 3398 ac
2895 3343 3169 3398 dimidium
3191 3341 3429 3405 hemioli,

1843 3437 2218 3508 sesquialteri,
2260 3436 2313 3491 id
2355 3445 2439 3491 est
2483 3435 2734 3506 diapente
2768 3433 3008 3506 possidet
3046 3433 3341 3496 rationem,
3373 3441 3434 3485 ut

1843 3536 1926 3582 est
1961 3545 1978 3577 ε
2017 3525 2158 3580 oculi
2185 3524 2325 3590 mei,
2362 3544 2380 3577 ι
2412 3525 2556 3595 quod
2597 3523 2657 3578 lit
2706 3525 2758 3578 in
2811 3524 3048 3594 quinque
3085 3521 3334 3584 chordis,
3373 3529 3434 3575 ut

1841 3627 1927 3674 est
1953 3634 2069 3682 mi;
2097 3619 2241 3673 circa
2271 3617 2489 3682 collata,
2512 3617 2718 3672 scilicet
2743 3617 2830 3672 cui
2858 3624 3276 3687 comparatur‘C.
3309 3613 3432 3668 Ter—

1843 3711 1941 3776 tia,
1967 3709 2177 3764 scilicet
2200 3707 2538 3778 symphonia,
2565 3707 2846 3776 diapason,
2873 3707 2927 3761 id
2953 3715 3034 3761 est
3060 3721 3126 3759 ex
3155 3704 3324 3770 omni,
3350 3712 3435 3760 est

1843 3817 1911 3856 ex
1933 3810 2057 3856 octo
2082 3801 2320 3865 chordis,
2351 3799 2436 3856 διὰ
2460 3800 2638 3856 πάσων
2667 3812 2734 3853 ex
2761 3799 3010 3853 omnibus
3032 3798 3150 3852 ideo
3172 3813 3238 3850 ex
3265 3798 3433 3851 omni-

1847 3894 1939 3949 bus
1985 3893 2216 3959 dicitur,
2264 3893 2409 3962 quod
2455 3902 2666 3946 veteres
2715 3898 2841 3945 octo
2893 3889 3230 3945 solummodo
3285 3889 3433 3944 sonis

1847 3985 2158 4047 utebantur,
2204 3983 2288 4037 vel
2340 3991 2488 4038 certe
2539 3981 2681 4051 quod
2730 3996 2794 4036 et
2846 3981 3055 4036 duobus
3100 3979 3434 4050 simplicibus

1843 4076 2181 4148 syutphoniis
2201 4082 2438 4140 constat,
2457 4073 2506 4128 id
2527 4081 2631 4138 est,
2645 4087 2710 4126 ex
2734 4060 3066 4127 diatessaron
3087 4080 3141 4126 et
3161 4071 3432 4140 diapente,

1847 4183 1901 4221 v.
1928 4185 1980 4240 ς.
2005 4176 2191 4230 tonus,
2231 4175 2389 4222 tonus
2408 4207 2423 4232 ,
2455 4165 2844 4229 hemitonium,
2874 4180 3001 4220 ecce
3045 4164 3383 4220 diatessaron
3414 4181 3429 4218 :

1851 4268 2028 4322 tonus,
2054 4269 2232 4324 tonus,
2260 4257 2638 4320 hemitonium,
2672 4264 2849 4319 tonus,
2871 4267 2998 4310 ecce
3017 4253 3266 4322 diapente
3287 4252 3338 4317 ει,
3369 4267 3434 4307 ea:

1841 4353 2050 4406 ratione
2071 4351 2318 4421 diplasia,
2342 4351 2439 4404 hoc
2458 4360 2531 4404 est
2547 4349 2776 4418 duplici;
2807 4362 2932 4400 nam
2955 4347 3297 4400 acutissimus
3317 4345 3434 4414 ejus

1849 4456 2014 4496 sonus
2061 4441 2222 4509 duplo
2271 4439 2619 4510 gravissimos
2667 4445 2915 4506 superat,
2978 4444 3036 4489 ut
3082 4444 3164 4490 est
3205 4435 3335 4507 μέση
3365 4436 3433 4491 ad

155 4525 320 4591 soni,
355 4524 583 4595 quadam
613 4524 918 4588 emissione,
948 4522 1000 4576 id
1031 4530 1115 4577 est
1147 4524 1529 4592 descensione,
1561 4525 1742 4580 remis-

1849 4533 2050 4592 ὑπάτην
2071 4532 2302 4588 ὑπάτων.

154 4619 317 4674 sione
351 4617 431 4671 vel
461 4614 811 4686 productione
836 4612 1108 4680 mollescit,
1133 4613 1406 4680 dulcescit,
1433 4616 1746 4671 remittitur.

154 4709 397 4762 Acumen
425 4723 543 4760 vero
575 4705 793 4772 dicitur,
831 4704 884 4759 id
912 4712 995 4759 est
1031 4704 1286 4771 altitudo,
1317 4706 1455 4776 quod
1484 4705 1536 4759 in
1565 4706 1749 4771 aciem,

137 4801 217 4854 .id
264 4809 351 4854 est
385 4799 436 4853 in
471 4813 699 4857 acumen
734 4796 917 4861 vocis,
947 4806 1244 4861 tenuatum,
1282 4805 1658 4861 extenuatam,
1698 4797 1751 4851 id

156 4897 248 4944 cst
279 4887 529 4943 subtilem
553 4927 568 4951 ,
600 4885 811 4957 gracilis
843 4895 888 4939 et
919 4895 1101 4939 erectte
1123 4886 1494 4940 modulationis
1522 4927 1537 4950 ,
1583 4886 1634 4941 id
1674 4895 1758 4942 est

157 4988 420 5044 extentae,
446 4993 550 5033 non
580 4977 838 5040 remissm,
865 4976 959 5031 sed
988 4976 1040 5030 in
1063 4975 1229 5030 altum
1260 4986 1414 5032 acute
1433 4978 1751 5032 extenditur.

133 5123 136 5125 _
237 5071 323 5124 Ea:
346 5069 661 5141 supradictis
688 5069 862 5139 itaque
889 5067 1050 5132 sonis,
1081 5067 1132 5122 id
1156 5077 1239 5123 est
1261 5084 1393 5123 xvm
1415 5109 1430 5132 ,
1458 5069 1548 5139 qui
1575 5078 1622 5122 et
1646 5069 1755 5122 siu-

158 5162 304 5235 gulis
336 5159 542 5214 scilicet
586 5157 755 5229 tropis
791 5167 837 5211 et
881 5157 1120 5211 omnibus
1149 5159 1341 5227 tropis,
1374 5159 1426 5213 id
1468 5167 1552 5214 est
1581 5173 1668 5224 xv,
1698 5158 1752 5212 in

131 5251 396 5324 “singulis
419 5259 473 5305 et
504 5250 556 5305 in
595 5249 848 5305 omnibus
875 5249 1046 5318 tropis
1076 5248 1206 5320 (rite
1241 5249 1605 5322 conveniunt),
1640 5265 1754 5305 0m-

239 5403 266 5430 δ
303 5386 408 5442 Pro
433 5403 607 5456 verum
636 5386 918 5456 legendum
945 5398 1138 5456 censeo
1164 5385 1378 5439 mirum.

240 5460 268 5500 ι)
311 5458 465 5512 Mart.
510 5476 528 5510 ι
580 5455 970 5512 Productiones
1011 5455 1174 5510 habet
1227 5465 1376 5522 tres,
1417 5457 1758 5529 mediamque

164 5529 434 5603 prmcidit.
456 5548 497 5603 Δι

243 5611 266 5638 ε
300 5598 425 5652 Ιιιιξε
455 5598 510 5651 ἱη
537 5596 805 5650 Martiano
831 5595 904 5650 ita
927 5594 1344 5664 exprimuntur:
1380 5618 1396 5648 ι
1435 5597 1616 5653 Tonos
1649 5608 1762 5653 tres

165 5688 235 5726 ac
259 5669 526 5733 medium;
556 5667 847 5721 hemitonia
876 5677 1106 5737 septem,
1129 5665 1412 5737 diesesque
1440 5671 1762 5737 qnaluorde—

169 5744 320 5805 cini,
346 5748 507 5810 atque
541 5737 780 5794 hcmielii
821 5736 1060 5807 possidet
1100 5736 1382 5792 rationein
1423 5736 1550 5806 Qure
1590 5739 1760 5794 forma

1925 4623 2080 4693 Tropi
2101 4639 2218 4678 vero
2246 4629 2367 4677 sunt
2397 4635 2485 4685 xv,
2521 4618 2612 4674 sed
2634 4616 2944 4690 principales
2976 4633 3008 4671 ν
3045 4616 3252 4673 scilicet
3286 4627 3432 4674 sunt.

1852 4715 2154 4770 Notandum
2182 4753 2198 4780 ,
2239 4711 2381 4784 quod
2421 4710 2592 4768 Grazci
2631 4709 2933 4764 {secundum
2971 4724 3256 4764 numerum
3297 4709 3436 4764 divi-

1853 4809 2023 4863 sionis
2054 4807 2353 4877 linguarum
2375 4805 2512 4874 apud
2537 4818 2650 4870 cos,
2682 4803 2879 4872 quibus
2903 4811 3147 4869 utuntur,
3171 4803 3435 4874 principa-

1857 4898 1985 4952 linin
2014 4911 2296 4951 numerum
2329 4903 2604 4964 troporum
2638 4893 3076 4959 constituerunt,
3106 4893 3292 4964 quibus
3327 4891 3434 4947 bini

1855 4987 2064 5043 scilicet
2085 4985 2220 5054 tropi
2243 4983 2522 5046 coluerent,
2541 4981 2747 5037 scilicet
2767 4981 2990 5052 Lydius,
3014 4997 3141 5038 ecce
3160 4983 3389 5053 primum
3416 5000 3428 5034 :

1856 5079 2030 5151 lydius
2059 5078 2278 5141 dicitur,
2311 5075 2451 5147 quod
2479 5073 2629 5146 Lydii
2657 5090 2723 5130 eo
2753 5084 3010 5142 utuntur;
3048 5076 3132 5128 cui
3166 5073 3432 5128 attinerent

1854 5168 2130 5230 ὑπολύδιος
2156 5166 2464 5238 Itypolydius
2486 5176 2530 5220 et
2551 5165 2856 5241 ὕπερλύδιος
2883 5164 3241 5236 hyperlydius,
3271 5165 3321 5217 id
3352 5171 3436 5218 est

1833 5261 2022 5334 super
2047 5262 2306 5333 Lydium,
2337 5260 2386 5315 id
2410 5270 2494 5315 est
2525 5260 2734 5315 acutior
2759 5258 2959 5330 Lydio;
3006 5257 3354 5329 hypolydius,
3382 5255 3436 5310 id

1833 5469 1914 5517 'ct
1937 5460 2184 5516 eumdem
2229 5473 2512 5513 numcrum
2554 5459 2700 5513 circa
2736 5456 2950 5512 conlata
2983 5453 3214 5520 detinet,
3246 5461 3299 5508 et
3320 5453 3438 5524 ejus

1833 5548 1837 5552 ·
1863 5532 2120 5592 medium,
2144 5538 2203 5583 ut
2225 5538 2347 5584 sunt
2375 5537 2486 5583 lues
2514 5529 2578 5582 ad
2603 5529 2726 5582 duo.
2769 5547 2787 5578 ι

1932 5601 1957 5640 d
1989 5601 2283 5654 Martianus
2319 5599 2466 5651 addit
2515 5615 2530 5652 :
2589 5615 2606 5648 α
2641 5598 2776 5652 Octo
2816 5610 2978 5650 sonos
3010 5595 3230 5666 recipit.
3266 5595 3437 5664 spatia

1865 5682 2090 5741 septeni.
2116 5669 2498 5739 productioncs
2521 5684 2635 5732 sex,
2661 5667 2957 5724 hemitonia
2978 5682 3072 5727 sit,
3095 5667 3269 5722 dieses
3291 5681 3436 5728 xxn',

1869 5753 2029 5811 atque
2059 5749 2271 5795 constat
2301 5754 2387 5805 cx,
2438 5758 2454 5790 ν
2483 5747 2588 5793 ctc.
