4038 6420
593 287 700 346 9ὅ5

1179 277 1435 338 REMIGII
1469 271 2122 334 ANTISSIODORENSIS
2155 271 2306 329 OPP.
2352 270 2547 328 PARS.
2588 270 2654 326 ll.
2695 301 2765 312 —
2801 266 3302 326 MISCELLANEA.

3784 265 3894 322 936

594 407 676 455 est
689 392 1031 467 sublydio,id
1047 402 1130 450 est
1145 394 1358 465 gravior
1371 392 1560 464 Lydia.
1577 387 2068 460 Secundus|scilicet
2084 395 2189 440 tro-
2217 393 2265 451 Α
2291 383 2434 439 enim
2466 383 2517 438 in
2545 398 2609 440 ea
2637 383 2803 438 verba
2839 382 3042 454 aliquid
3071 379 3456 460 signiﬁcantia,
3486 380 3583 436 sed
3613 381 3742 436 soni
3772 393 3896 436 tan-

591 504 697 560 pus
726 487 960 552 lustius;
984 488 1184 548 ιάστιος
1202 486 1401 540 dicitur
1423 497 1448 524 ει
1473 483 1613 554 quod
1642 496 1708 536 eo
1727 482 1903 538 Eones
1931 487 2178 534 utuntur.

593 580 752 646 Item,
781 580 834 634 id
860 570 943 636 est
965 580 1172 641 tertius,
1207 578 1451 641 1Eolius,
1480 576 1691 631 Eolius
1718 574 1932 637 dicitur,
1951 573 2096 641 quod
2121 585 2186 625 eo

595 671 782 727 Eoles
798 679 1045 735 utuntur,
1069 687 1188 724 cum
1208 669 1484 738 ὑποαωλίῳ
1511 664 1800 737 hypowolio
1813 673 1861 719 et
1877 661 2185 737 ὐπεραιολίῳ

597 763 928 833 byperteolio.
951 760 1182 827 Quartus
1200 758 1496 828 Phrygius;
1520 756 1787 828 Phrygius
1807 755 2024 818 dicitur,
2044 754 2186 823 quod

598 851 652 909 in
701 854 934 924 Phrygia
982 860 1232 922 repertus
1281 860 1337 905 et
1389 850 1619 906 usitatus
1667 857 1789 912 est,
1822 863 1941 900 cum
1982 845 2187 900 duobus

598 946 892 1018 ὑποφρυγίῳ
928 941 1303 1012 lingphrygio,
1329 949 1378 995 et
1415 941 1744 1012 ὑπερφρνγίῳ
1780 937 2184 1008 hyperphrygio.

597 1033 823 1098 Quintus
851 1032 1076 1096 Darius;
1107 1031 1302 1086 Durius
1328 1029 1546 1094 dicitur,
1579 1033 1724 1100 quod
1752 1030 1920 1084 Dores
1938 1043 2004 1084 eo
2029 1038 2186 1083 utun-

597 1137 686 1180 tur
715 1133 770 1180 et
803 1124 870 1179 ab
895 1123 976 1178 eis
1006 1131 1253 1194 repertus
1295 1131 1412 1187 est,
1438 1138 1556 1176 cum
1577 1120 1849 1197 ὑποδωρὶῳ
1873 1121 2186 1191 bypodorio.

593 1225 640 1269 et
668 1214 966 1290 ὑπιρδωριῳ
1001 1212 1331 1283 Ityperdorio.
1371 1211 1565 1267 Verum
1595 1212 1732 1266 inter
1755 1212 1850 1266 hos
1887 1221 2062 1282 tropos
2089 1251 2104 1275 ,
2134 1212 2188 1266 id

593 1316 680 1362 est
703 1322 792 1373 xv,
823 1317 896 1360 est
940 1306 1184 1376 quwdam
1233 1305 1404 1359 amica
1435 1306 1751 1370 concordia,
1777 1321 1884 1375 qua
1920 1305 2021 1360 sibi
2054 1305 2190 1359 iuvi-

594 1415 705 1452 cem
761 1399 997 1468 germani
1045 1406 1200 1463 sunt,
1265 1396 1317 1451 id
1360 1403 1448 1450 est
1508 1395 1922 1462 convenientes;
1985 1410 2108 1452 nam
2155 1410 2190 1450 v

595 1490 649 1544 in
716 1490 1021 1560 gravitate,
1088 1504 1123 1542 ν
1179 1489 1233 1542 in
1303 1487 1587 1552 acumine,
1627 1495 1684 1542 et
1746 1502 1781 1540 v
1845 1487 2188 1558 intemperati

595 1589 754 1645 sunt,
797 1590 853 1634 ut
894 1580 1027 1634 inter
1056 1577 1338 1654 ὑποδώριον
1383 1586 1430 1632 et
1457 1579 1787 1654 ὑποφρύγιον,
1819 1589 1867 1632 et
1896 1579 2019 1632 item
2053 1579 2190 1633 inter

594 1672 892 1726 ὖποιὰστιῡν
940 1668 1010 1739 (et
1053 1666 1347 1738 ὑπολύδιον)
1390 1685 1404 1721 :
1450 1667 1572 1721 item
1617 1668 1923 1722 conveniens
1963 1676 2187 1738 aptaque

2293 481 2403 528 tum
2426 472 2778 542 sibimetipsis
2801 471 2978 541 aliqua
3003 471 3214 526 ratione
3236 470 3508 538 conjuncti
3535 482 3892 542 quaeruntur.

2291 565 2539 620 Secunda
2561 574 2769 632 autem,
2792 579 2910 635 qua:
2935 563 3002 618 ad
3029 577 3281 618 numeros
3303 563 3558 633 pertinet,
3581 562 3722 618 nihil
3747 561 3896 616 aliud

2290 659 2545 729 requirit,
2577 658 2682 714 nisi
2717 667 2926 713 tantum
2958 656 3371 712 convenientem
3401 670 3688 710 numerum
3721 656 3898 710 sono-

2288 764 2408 802 rum
2439 748 2574 802 nihil
2607 747 3054 819 signiﬁcantium,
3075 755 3171 800 aut
3202 745 3335 799 nihil
3367 755 3465 800 aut
3490 743 3697 815 aliquid
3720 745 3898 816 signi-

2290 838 2568 895 ﬁcantium
2615 841 2820 910 absque
2873 838 2983 894 ullo
3034 837 3284 893 termino.
3329 836 3515 891 Tertia
3564 851 3722 902 vero,
3777 854 3899 906 qum

2288 942 2514 988 vocatur
2549 933 2793 998 metrica,
2823 946 2930 987 non
2961 930 3138 986 solum
3163 944 3326 986 sonos
3355 930 3524 985 certis
3551 931 3895 1000 temporibus

2290 1024 2608 1078 terminatos
2633 1022 2879 1092 inquirit,
2904 1022 2997 1077 sed
3020 1021 3182 1076 etiam
3206 1020 3372 1092 cogit,
3401 1029 3460 1075 ut
3490 1008 3702 1090 aliquid
3730 1019 3899 1089 signi-

2290 1113 2475 1178 ﬁcent,
2500 1123 2555 1168 et
2579 1121 2788 1168 certum
2834 1126 3119 1167 numerum
3149 1111 3552 1180 terminumque
3580 1125 3692 1164 non
3733 1125 3894 1164 exce-

2288 1207 2419 1260 dant
2462 1223 2475 1258 :
2521 1220 2750 1275 quorum
2790 1203 3035 1274 exempla
3079 1211 3206 1258 sunt
3242 1218 3432 1259 versus
3462 1212 3517 1258 et
3543 1211 3815 1268 metrum,
3843 1201 3896 1256 in

2288 1297 2486 1368 quibus
2519 1295 2732 1352 duobus
2768 1303 2952 1352 certus
2989 1295 3252 1351 terminus
3291 1309 3667 1364 numerusque
3699 1295 3895 1365 pedum

2288 1389 2533 1460 ponitur,
2563 1388 2742 1443 versui
2777 1387 2995 1458 quidem
3048 1388 3100 1442 in
3144 1386 3381 1451 senario,
3429 1397 3613 1441 metro
3662 1400 3797 1440 vero
3844 1387 3896 1438 in

2288 1483 2590 1539 octonario.
2634 1481 2743 1537 Sed
2798 1481 3119 1548 notandum,
3170 1482 3314 1550 quod
3357 1482 3441 1538 hae
3471 1491 3590 1538 tres
3623 1480 3817 1537 forma
3845 1482 3894 1534 in

2289 1576 2542 1631 humanis
2567 1576 2791 1632 vocibus
2820 1575 3050 1630 inveniri
3085 1559 3332 1647 possunt,
3362 1577 3415 1631 in
3442 1577 3746 1632 harmonia
3774 1591 3899 1632 vero

2292 1666 2346 1722 in
2384 1668 2468 1723 his
2499 1668 2743 1733 vocibus,
2793 1681 2914 1736 quae
2945 1675 3134 1723 carent
3180 1682 3363 1732 sensu,
3413 1681 3522 1722 non
3579 1677 3670 1723 est
3701 1667 3804 1722 nisi
3847 1668 3896 1722 in

597 1761 889 1830 responsio,
916 1759 971 1814 id
999 1768 1082 1814 est
1108 1758 1432 1814 convenient
1451 1767 1506 1812 et
1536 1759 1680 1828 quod
1705 1767 1846 1814 inter
1869 1759 2185 1835 ὑποφρύγιον
2215 1747 2263 1807 Β
2294 1775 2422 1826 una,
2451 1760 2503 1815 id
2532 1771 2634 1825 est,
2664 1761 2835 1830 prima
2860 1777 2876 1828 ;
2901 1760 2955 1816 in
2984 1775 3047 1816 ea
3070 1761 3216 1817 enim
3241 1776 3404 1817 sonus
3435 1770 3656 1818 tantum
3691 1763 3898 1818 inveni—

595 1862 653 1908 et
679 1855 985 1918 ὐποαιὸλιον,
1015 1853 1105 1924 qui
1129 1861 1328 1906 tantum
1355 1850 1586 1921 duplices
1608 1849 1957 1920 copulantur;
1980 1852 2190 1907 acutior

599 1947 749 2001 enim
775 1945 939 2015 duplo
975 1952 1198 2015 superat
1223 1944 1551 2014 graviorem,
1583 1951 1744 1998 tonus
1779 1944 1976 2012 quippe
2003 1945 2069 1999 ad
2096 1947 2190 2000 he-

593 2039 880 2094 mitonium
909 2046 1088 2102 sonat,
1113 2046 1198 2094 est
1227 2045 1406 2093 autem
1441 2045 1600 2093 tonus
1629 2037 1850 2107 duplmn
1881 2037 2187 2092 hemitonii.

599 2130 791 2185 Media
816 2145 956 2194 vero,
991 2128 1198 2184 scilicet
1225 2127 1548 2194 concordes,
1581 2127 1879 2198 graviorum
1923 2138 2190 2197 troporum

596 2221 701 2286 his,
719 2221 770 2275 id
783 2228 866 2276 est
885 2221 952 2276 ad
965 2220 1109 2286 illos,
1121 2222 1210 2291 qui
1232 2220 1493 2274 acutiores
1509 2227 1652 2284 sunt,
1668 2221 2192 2294 προσλαμϐανόμεναι

599 2312 752 2381 ﬁunt,
778 2312 829 2366 id
849 2320 956 2377 est,
981 2312 1154 2367 vicem
1167 2311 1680 2386 προσλαμϐανομένης
1695 2311 1913 2366 chorda}
1925 2311 2187 2367 obtinent.

599 2399 716 2456 Non
745 2401 917 2456 solum
939 2400 1453 2476 προσλαμϐανόμενοι
1483 2399 1619 2454 ﬁunt
1640 2399 1694 2454 in
1716 2399 2071 2471 gravissimis,
2098 2403 2192 2458 sed

600 2492 765 2546 etiam
797 2493 852 2546 in
899 2492 1073 2548 acutis
1104 2491 1272 2562 tropis
1299 2505 1493 2561 graves
1536 2499 1682 2557 sunt,
1711 2491 1806 2546 sed
1857 2501 2038 2547 tamen
2084 2508 2192 2547 non

599 2582 681 2637 sic
727 2596 922 2652 graves
962 2581 1016 2636 in
1055 2582 1229 2638 acutis
1274 2581 1416 2637 sicut
1464 2580 1518 2635 in
1561 2582 2008 2652 gravissimiszv.
2047 2599 2102 2654 g.
2134 2583 2195 2640 Si

600 2673 724 2742 quis
769 2671 971 2727 dixerit
1015 2672 1172 2740 mihi,
1201 2673 1476 2743 quomodo
1516 2674 1757 2728 resonari
1802 2674 1960 2731 debet
2004 2675 2192 2732 ultima

600 2764 804 2820 chorda
834 2765 901 2820 ad
936 2766 1168 2835 primam
1205 2765 1263 2821 in
1292 2765 1663 2832 tetrachordo,
1691 2767 1925 2833 dicetur,
1950 2766 2052 2823 sub
2078 2767 2194 2837 epi-

599 2858 719 2912 triti
747 2857 978 2913 ratione.
1018 2856 1213 2912 Verum
1240 2857 1396 2928 tropi,
1435 2858 1489 2912 id
1521 2865 1606 2913 est
1642 2874 1732 2922 xv,
1763 2859 1958 2930 singuli
1989 2875 2194 2932 quoque

601 2948 934 3003 tetrachorda
960 2947 1161 3016 faciunt
1202 2949 1384 3019 quina,
1413 2950 1558 3018 quod
1589 2949 1928 3005 diatessaron
1957 2949 2195 3005 elemen-

605 3049 720 3094 tum
759 3049 846 3096 est
897 3040 1065 3096 totius
1114 3041 1356 3096 musicas.
1407 3039 1819 3096 Tetrachordum
1867 3051 1942 3096 est
1983 3042 2192 3112 a/fectio

601 3130 888 3200 (quaedam)
913 3131 966 3187 id
988 3139 1072 3186 est
1092 3131 1282 3202 copula
1304 3140 1359 3188 et
1383 3133 1674 3188 concordia
1694 3149 1944 3188 sonorum
1964 3103 2192 3205 quatuor
2218 3103 2264 3166 ς·

603 3221 1007 3290 compositorum
1019 3238 1110 3290 per
1125 3223 1384 3289 ordinem,
1401 3223 1608 3279 scilicet
1628 3223 1952 3278 naturalium
1978 3240 2188 3291 vocum,

601 3328 722 3382 qme
763 3312 972 3369 scilicet
1011 3317 1395 3372 transcendunt
1427 3325 1618 3373 octava
1649 3326 1825 3388 parte,
1854 3333 2077 3388 quorum
2102 3334 2194 3372 ex-

603 3402 755 3457 tremi
785 3393 992 3461 scilicet
1030 3407 1152 3463 soni
1186 3408 1286 3463 sibi
1319 3407 1535 3464 debeant
1580 3413 1870 3465 convenire.
1908 3410 2052 3482 (Sed
2081 3412 2193 3466 Iure

599 3496 874 3564 posterius.
920 3494 1080 3551 Nunc
1123 3498 1216 3569 ad)
1253 3500 1763 3565 inchoamentorum,
1800 3501 1853 3555 id
1879 3510 1964 3556 est
1993 3502 2193 3571 princi-

600 3585 812 3652 piorum
853 3593 909 3641 et
949 3585 1321 3644 inventionum
1363 3590 1556 3660 (ratum
1603 3592 1839 3645 ordinem
1873 3592 2189 3661 redeamus),

601 3687 709 3742 quo
734 3674 927 3731 ordine
957 3675 1179 3733 inventa
1206 3689 1288 3734 est
1320 3680 1619 3735 harmonia.
1655 3679 1917 3734 Prwdictn
1948 3683 2108 3745 enim,
2139 3683 2190 3736 id

602 3775 707 3831 est,
725 3781 790 3821 ea
817 3782 937 3837 quae
954 3770 1202 3839 superius
1221 3771 1361 3826 dicta
1389 3781 1539 3838 sunt,
1556 3773 1673 3827 ideo
1694 3773 1862 3843 primo
1884 3773 2024 3826 dicta
2046 3784 2187 3840 sunt,

603 3854 811 3912 scilieet
841 3873 872 3912 a
902 3873 1010 3925 me,
1039 3870 1092 3914 ut
1124 3858 1285 3915 altius
1310 3870 1628 3926 tenerentur,
1660 3862 1712 3917 id
1739 3870 1841 3928 est,
1871 3862 2189 3934 profundius

605 3947 660 3999 in
692 3946 950 4002 memoria
979 3947 1294 4017 ﬁgerentur.

677 4035 861 4092 Prima
899 4041 1104 4110 quippe,
1144 4041 1196 4094 id
1240 4051 1344 4106 est,
1374 4051 1500 4097 ante
1530 4043 1672 4099 dicta
1701 4059 1864 4114 quam
1900 4044 2188 4114 diuulgaret

605 4123 917 4186 mortalibus
955 4145 1054 4198 ea,
1083 4131 1287 4188 scilicet
1315 4147 1512 4203 genera
1550 4134 1768 4190 Ermion
1799 4137 1882 4191 vir
1920 4137 1947 4176 δ
1993 4137 2188 4192 Lassus

604 4237 669 4275 ex
695 4219 874 4286 Surse,
902 4220 1110 4277 scilicet
1143 4222 1340 4293 oppido
1367 4231 1422 4277 et
1447 4223 1684 4293 regione,
1725 4226 1827 4279 tria
1855 4236 2058 4283 tantum
2089 4229 2190 4283 mei

604 4329 793 4382 genera
815 4313 1160 4384 putabantur,
1191 4315 1318 4380 mei,
1347 4314 1402 4369 id
1426 4324 1528 4380 est,
1558 4316 1875 4384 harmonite,
1898 4327 1955 4374 et
1985 4329 2068 4375 est
2097 4335 2187 4390 ge-

605 4406 808 4460 nitivus
832 4405 1113 4476 primitivi.
1140 4405 1382 4462 Primum
1408 4421 1579 4478 genus
1603 4418 1688 4464 est
1711 4407 1921 4465 Ydikon
1955 4421 1976 4450 ο
2011 4428 2024 4464 :
2057 4411 2186 4477 Quae

2296 1861 2401 1918 tur,
2443 1861 2630 1908 etnon
2667 1853 2784 1908 sine
2829 1853 3042 1908 ratione
3084 1867 3473 1920 numerorum;
3505 1854 3566 1909 in
3613 1855 3729 1909 hac
3756 1868 3895 1917 vero,

2293 1943 2346 1998 id
2375 1953 2478 2010 est,
2507 1945 2741 1999 humana
2768 1959 2900 2000 voce
2919 1944 3209 2014 aliquando
3235 1960 3399 2001 sonus
3424 1946 3546 2001 sine
3573 1960 3772 2010 sensu,
3799 1963 3896 2001 non

2291 2039 2455 2094 etiam
2495 2041 2612 2096 sine
2647 2055 2892 2105 numero,
2926 2029 3217 2106 invenitur,
3246 2042 3289 2095 si
3330 2040 3509 2110 aliqua
3539 2042 3898 2112 proportione

2293 2131 2591 2201 copuletur,
2615 2132 2903 2203 aliquando
2927 2147 3092 2189 sonus
3113 2148 3232 2189 cum
3261 2147 3421 2189 sensu
3445 2142 3502 2187 et
3526 2136 3897 2205 numero,qui

2293 2223 2581 2278 verborum
2627 2224 2844 2278 nomine
2894 2224 3093 2279 meruit
3136 2224 3416 2294 appellari.
3449 2222 3676 2289 Εἰδικὸν,
3725 2225 3779 2279 id
3820 2236 3900 2280 est

2295 2311 2521 2369 formale
2553 2332 2566 2367 :
2597 2312 2730 2374 ἐῖδος
2759 2313 2950 2378 forma,
2997 2313 3077 2369 vel
3109 2314 3339 2384 species.
3370 2315 3815 2388 mmmam-rain,
3848 2315 3897 2369 id

2293 2412 2396 2470 est,
2423 2405 2656 2460 activum
2682 2404 2764 2460 vel
2791 2405 3152 2475 operativum,
3177 2404 3228 2459 id
3259 2412 3362 2472 est,
3387 2406 3724 2460 exercitium
3747 2407 3895 2460 artis.

2293 2499 2654 2572 Ἑξαγγελτικὸν
2682 2497 2819 2570 (seu)
2844 2499 3196 2572 ἑρμηνευτικὸν
3225 2498 3442 2565 dicitur,
3470 2499 3578 2554 hoc
3602 2509 3693 2554 est
3740 2500 3896 2553 inter-

2293 2590 2640 2660 pretativum,
2659 2590 2924 2644 rationem
2945 2590 3090 2646 enim
3112 2591 3178 2646 de
3194 2591 3446 2648 omnibus
3463 2592 3671 2646 reddit.
3689 2591 3896 2648 ‘Eduis

2293 2691 2388 2747 est,
2428 2682 2568 2753 quod
2595 2699 2658 2736 ea:
2685 2681 3156 2751 perseverantibus,
3185 2681 3238 2736 id
3282 2690 3386 2747 est,
3433 2682 3892 2746 immutabilibus,

2293 2781 2341 2825 et
2369 2772 2650 2838 similibus,
2682 2772 2890 2828 scilicet
2918 2773 3086 2839 sonis,
3114 2772 3454 2837 consonabat,
3499 2773 3556 2828 id
3594 2783 3709 2840 est,
3740 2775 3893 2830 simul

2293 2865 2543 2930 sonabat,
2574 2865 2629 2919 id
2656 2875 2751 2928 est,
2782 2881 2932 2930 sono,
2963 2865 3193 2919 numeris
3219 2876 3374 2936 atque
3418 2865 3625 2930 uerbis;
3653 2865 3891 2936 quan-lin

2294 2959 2438 3012 enim
2485 2972 2652 3014 sonus
2695 2965 2798 3022 est,
2828 2967 3144 3027 perseverat
3187 2973 3445 3014 numerus
3471 2966 3530 3013 et
3561 2959 3751 3012 verba.
3790 2956 3888 3012 Sed

2295 3067 2414 3122 qua'
2439 3067 2505 3106 ex
2543 3051 2644 3116 liis,
2671 3050 2877 3108 scilicet
2908 3051 3104 3114 tribus,
3131 3050 3202 3104 ad
3243 3049 3426 3115 melos,
3469 3049 3526 3104 id
3565 3061 3655 3106 est
3692 3051 3760 3106 ad
3807 3066 3890 3106 so-

2295 3157 2444 3207 uuln,
2478 3142 2772 3212 pertinent,
2811 3141 3016 3197 scilicet
3046 3140 3188 3196 sicut
3228 3154 3415 3206 sonus,
3449 3140 3770 3195 harmonicn
3811 3142 3891 3194 di-

2294 3243 2486 3287 cuntur
2509 3246 2527 3285 :
2554 3250 2672 3305 qua:
2707 3233 2776 3286 ad
2814 3249 3080 3299 numeros,
3109 3232 3316 3289 scilicet
3348 3240 3676 3302 temporum,
3709 3233 3889 3303 rhyth-

2294 3323 2464 3387 mira;
2503 3340 2620 3393 qute
2667 3325 2736 3376 ad
2787 3324 2961 3388 verba,
3007 3325 3246 3380 metrica.
3298 3320 3414 3378 Hoc
3463 3323 3701 3378 interest
3751 3323 3894 3376 inter

2293 3414 2606 3485 rhythmum
2636 3424 2689 3469 et
2732 3424 2985 3480 metrum,
3015 3416 3156 3487 quod
3187 3415 3474 3487 rhythmos
3500 3422 3586 3470 est
3627 3414 3745 3469 sola
3776 3429 3892 3469 ver-

2293 3503 2484 3559 borum
2513 3507 2888 3567 consonantia,
2933 3507 3051 3561 sine
3091 3506 3200 3562 ullo
3231 3517 3379 3562 certo
3405 3521 3636 3561 numero
3661 3515 3718 3562 et
3762 3505 3887 3566 ﬁne,

2293 3604 2348 3650 et
2374 3595 2426 3648 in
2455 3595 2725 3650 inﬁnitmn
2756 3595 2998 3650 funditur
3026 3596 3169 3651 nulla
3193 3596 3310 3666 lege
3336 3597 3695 3661 constrictus,
3730 3596 3891 3650 nullis

2293 3689 2459 3743 certis
2493 3688 2720 3758 pedibus
2761 3689 3098 3758 compositus
3133 3707 3148 3743 :
3181 3699 3414 3744 metrum
3448 3698 3632 3743 autem
3663 3689 3889 3760 pedibus

2292 3781 2526 3849 propriis
2553 3781 2829 3851 certisque
2877 3780 3075 3837 ﬁnibus
3102 3782 3387 3838 ordinatur
3415 3798 3429 3836 :
3463 3782 3758 3836 minimum
3798 3798 3888 3836 au-

2292 3880 2402 3927 tem
2431 3881 2662 3928 metrum
2693 3883 2797 3939 est,
2830 3875 2973 3944 quod
3003 3881 3216 3930 constat
3246 3874 3384 3943 pede
3411 3881 3466 3927 et
3503 3873 3810 3942 semipede,
3838 3881 3888 3927 et

2291 3977 2380 4018 res
2406 3971 2488 4018 est
2507 3979 2603 4033 per
2624 3965 2868 4020 ordinem
2891 3979 3062 4035 usque
3086 3964 3153 4019 ad
3175 3972 3298 4020 octo
3318 3963 3516 4035 pedes:
3542 3967 3886 4020 octonarium

2292 4061 2471 4106 autem
2515 4068 2805 4108 numerum
2849 4069 2955 4108 non
2995 4053 3411 4124 transgreditur.
3435 4052 3884 4129 Ἀπεργαστικὺυά

2291 4151 2365 4195 est
2396 4141 2608 4212 quidam
2643 4144 2895 4208 materiae,
2923 4142 2974 4197 id
3001 4153 3086 4200 est
3108 4144 3276 4208 vocis,
3307 4153 3534 4201 tractus.
3563 4146 3617 4199 id
3649 4154 3734 4200 est
3764 4162 3885 4215 pm-

2292 4230 2474 4285 ductio
2503 4248 2516 4283 :
2551 4247 2651 4286 vox
2689 4232 2831 4287 enim
2864 4234 3122 4288 materies
3150 4233 3236 4289 vel
3271 4233 3488 4288 initium
3515 4241 3600 4289 est
3630 4235 3882 4296 musice,

2290 4331 2345 4376 et
2373 4337 2489 4377 eam
2524 4322 2630 4376 vim
2659 4322 2868 4378 obtinet
2898 4338 3000 4380 vos
3031 4323 3083 4379 in
3115 4325 3344 4390 musica,
3371 4339 3532 4394 quam
3557 4335 3796 4394 punctus
3834 4328 3882 4380 in

2295 4415 2641 4487 geometrica,
2681 4429 2868 4471 monas
2903 4415 2959 4469 in
3005 4416 3369 4481 arithmetica,
3399 4415 3578 4470 littera
3625 4415 3680 4471 in
3709 4433 3883 4488 gram-

605 4512 806 4566 genera
843 4497 1030 4554 formae
1073 4498 1440 4554 inveniuntur.
1491 4500 1811 4558 Formarum
1854 4515 2033 4561 autem
2082 4516 2192 4561 tres
2224 4482 2270 4542 Ῐ)
2298 4504 2514 4568 matica,
2559 4503 2778 4574 efﬁciens
2823 4505 3127 4559 exercitium
3171 4505 3309 4576 ejus,
3355 4504 3561 4561 scilicet
3611 4507 3878 4569 materiae;

607 4597 734 4642 sunt
779 4588 1006 4658 species,
1048 4604 1277 4658 quarum
1326 4589 1503 4660 prima
1551 4591 1604 4646 in
1655 4592 1826 4659 sonis,
1871 4594 2104 4648 secunda
2137 4595 2187 4649 in

608 4678 872 4744 numeris,
907 4679 1066 4734 tertia
1094 4681 1148 4735 in
1192 4681 1393 4748 verbis.
1432 4680 1524 4736 Illa
1556 4692 1734 4738 autem
1770 4685 1966 4754 prima,
2004 4684 2054 4739 id
2081 4695 2187 4750 est,

607 4782 728 4838 qua:
751 4768 803 4822 in
834 4769 983 4825 sonis
1013 4769 1304 4838 invenitur,
1333 4771 1400 4828 ad
1429 4772 1767 4830 harmoniam
1790 4777 2054 4846 pertinet;
2083 4795 2186 4832 non

677 4935 712 5003 ι.
737 4921 1018 5003 litecunon
1057 4927 1475 5003 cohzerent,_sed
1513 4930 1845 5003 quaedamin
1881 4935 2188 5003 apographo

605 4994 838 5076 omissa;
864 4994 1160 5076 Martiautts
1191 4998 1264 5051 ita
1292 4997 1495 5076 habet:
1525 4994 1845 5057 iSccuudus
1867 4994 2189 5069 insuum-cui

605 5067 749 5145 socia
753 5074 844 5145 tur
856 5067 1175 5145 pantacuos
1187 5079 1253 5145 _ct_
1265 5072 1630 5145 ῥπεριάστιος.
1670 5091 1689 5124 ι

681 5136 708 5174 ιι
747 5135 959 5212 Optime
981 5147 1132 5212 notat
1157 5135 1472 5212 hleiboniius
1492 5144 1932 5212 corruptissian
1957 5143 2042 5198 hic
2070 5159 2192 5200 esse

603 5221 793 5261 onmes
812 5207 1188 5285 codices._lpse
1223 5211 1426 5285 habet;
1459 5231 1476 5262 ι
1517 5207 1697 5267 Ρτὶηῐο
1718 5215 1916 5285 quippe
1950 5231 2070 5269 eum
2092 5215 2191 5270 La-

605 5292 698 5356 su_s
736 5293 800 5330 ex
848 5277 1016 5333 Surse
1039 5277 1350 5356 harmonim
1380 5281 1486 5356 vim
1517 5277 1836 5356 mortalibus
1851 5277 2194 5356 'divulgare't,

606 5347 708 5423 tria
757 5357 963 5423 tantum
1003 5351 1076 5415 ei,
1105 5369 1124 5402 ο
1155 5361 1277 5423 _etc.
1319 5353 1413 5407 sed
1458 5353 1718 5423 optimam
1759 5347 2189 5411 emendationem

605 5418 764 5497 istam
784 5419 992 5487 pidicat
1039 5438 1052 5473 :
1107 5420 1327 5497 c_Lasus
1356 5438 1423 5476 ex
1462 5418 1596 5479 urbe
1624 5423 1934 5497 Hermionia
1968 5428 2190 5482 harmo-

605 5491 708 5568 nia;
756 5504 882 5568 vim,
915 5508 933 5568 ξ
967 5501 1072 5545 etc.
1106 5491 1312 5568 _l.asusﬁ
1342 5502 1491 5548 certe
1520 5509 1585 5568 ex
1632 5498 1763 5551 urbe
1814 5495 2096 5551 Hermione
2136 5499 2188 5552 in

606 5559 804 5610 Atr/mia
854 5560 1059 5627 primus
1105 5561 1245 5618 inter
1269 5559 1481 5618 Gra'cos
1531 5565 1598 5620 de
1649 5568 1856 5624 musica
1905 5569 2190 5639 scripsisse

609 5641 904 5681 Illcﬂlﬂl‘ﬂlll
915 5646 959 5684 Γ.

677 5711 699 5734 υ
745 5698 816 5751 Ita
853 5701 1095 5756 nonnulli
1123 5705 1360 5771 codices,
1386 5706 1474 5762 alii
1511 5707 1698 5777 26.26»;
1726 5713 1818 5766 sed
1847 5726 1925 5771 Act
1961 5727 2186 5781 sequen-

2297 4597 2450 4666 cujus
2492 4607 2594 4652 tres
2639 4597 2852 4663 itidem,
2901 4597 2952 4652 id
2995 4607 3083 4654 est
3124 4597 3400 4665 similiter,
3432 4611 3636 4668 partes,
3687 4601 3744 4653 id
3788 4613 3879 4662 est,

2294 4689 2581 4754 Μελοποιΐα,
2613 4691 2794 4758 idest,
2824 4688 3071 4746 melodiaz
3113 4689 3340 4757 factura,
3369 4692 3513 4762 quod
3550 4693 3792 4762 pertinet
3819 4695 3880 4747 ad

2297 4795 2460 4837 sonos
2487 4799 2499 4834 :
2524 4783 2674 4848 λέξις,
2700 4783 2752 4838 id
2783 4792 2867 4838 est
2893 4783 3080 4849 dictio,
3115 4794 3138 4822 θ
3166 4783 3236 4839 ad
3261 4785 3574 4855 rhythmum
3611 4786 3876 4856 pertinet;

2297 4935 2686 5008 tihusiomnino
2715 4936 2995 5008 legendum
3023 4938 3236 4994 videtur
3259 4936 3451 4996 ἐιδικὸν.

2364 5005 2393 5088 ’ξ
2431 5007 2660 5088 Quidam
2690 5005 2911 5088 codices
2931 5011 3070 5079 apud
3106 5008 3450 5088 Meibomium
3476 5007 3698 5088 _ha_heht
3723 5033 3879 5088 πραι-

2291 5078 2452 5154 σξικόγ,
2476 5093 2596 5148 Quae
2622 5078 2780 5154 lectio
2804 5078 3243 5149 teque’com'enit
3282 5081 3511 5152 Remigii
3556 5078 3880 5154 interpreta-

2293 5148 2617 5218 tionisupra
2643 5148 2849 5218 relatae,
2877 5148 2954 5205 ac
2988 5161 3194 5204 nostra.

2372 5229 2394 5256 ε
2436 5217 2757 5272 Manendum
2805 5220 2893 5274 hic
2937 5221 3187 5276 ducimus
3248 5221 3595 5277 Meibomium
3638 5222 3694 5277 in
3741 5225 3877 5278 notis

2294 5287 2410 5344 suis
2438 5289 2505 5342 ad
2555 5287 2874 5344 Martianum
2923 5290 3050 5345 hinc
3093 5290 3216 5344 inde
3260 5291 3426 5347 fuisse
3468 5287 3872 5351 hallucinatum.

2294 5358 2443 5432 quod
2485 5361 2682 5432 partim
2708 5374 2794 5432 ex
2839 5370 3118 5432 contextu,
3162 5363 3359 5431 partim
3405 5366 3761 5432 exrapposita
3793 5367 3875 5418 hic

2294 5429 2720 5504 liemigiinostri
2747 5431 3082 5504 expositione
3105 5429 3280 5501 palam
3313 5433 3390 5494 ﬁt,
3420 5431 3497 5486 uti
3529 5429 3724 5489 inhoc
3767 5435 3874 5504 ipso

2293 5499 2410 5555 loco
2440 5499 2578 5577 dicit
2615 5501 2783 5571 inepte
2820 5499 3050 5577 positum
3093 5499 3207 5577 esse
3241 5504 3371 5577 λέξις
3399 5518 3498 5577 pro
3525 5505 3680 5577 λήψις
3713 5524 3725 5559 :
3755 5499 3873 5558 licet

2293 5571 2536 5642 apposita
2565 5571 2956 5640 interpretatio,
2976 5572 3031 5625 id
3053 5582 3124 5626 est
3153 5572 3311 5628 dictio
3331 5571 3566 5642 priorem
3593 5571 3869 5630 lectionem

2290 5642 2491 5724 ﬁrmet.
2514 5641 2592 5695 Ita
2616 5657 2747 5724 mox
2776 5645 3026 5724 superius
3047 5658 3145 5724 pro
3170 5641 3369 5724 tractus.
3391 5659 3672 5724 perperam
3701 5647 3868 5716 leget»

2291 5713 2419 5767 dum
2449 5722 2630 5767 monet
2656 5722 2910 5766 tractatus
2939 5730 2954 5765 :
2979 5724 3030 5768 et
3058 5715 3135 5768 sic
3165 5730 3326 5786 porro
3357 5713 3410 5779 in
3437 5713 3577 5769 aliis.
