4038 6434
522 395 627 451 939

1139 389 1398 448 BEMIGII
1436 388 2094 458 ΑΝτιεειοῡοιιΕΝειε

2213 391 2277 445 Ῥ.
2325 389 2502 447 PARS
2539 391 2601 446 ll.
2629 421 2699 430 -
2720 390 3216 448 MISCELLANEA.

3617 345 3620 348 ι
3657 393 3776 451 MO

525 509 579 565 id
602 513 685 562 est
715 503 928 571 musici,
967 504 1053 558 vis:
1081 503 1264 573 forsan
1294 513 1428 559 recte
1469 503 1803 558 tolerabilem
1842 520 2099 558 memora-
2124 509 2169 566 Α
2203 511 2310 568 tur,
2341 504 2628 558 divisarum
2653 505 2830 568 tertia,
2863 505 2915 560 id
2942 514 3028 560 est
3054 507 3184 562 trite
3211 506 3552 578 Zeygmenon
3571 548 3587 574 ,
3619 511 3776 564 tertia

489 667 494 670 ί
523 614 639 654 mus
671 596 738 668 (et
764 594 881 649 ideo
904 595 1000 648 hac
1027 608 1213 647 nomen
1239 595 1458 663 accepit,
1483 595 1606 663 quia
1628 595 1763 648 inter
1783 592 2099 662 principales
2169 640 2178 646 .

521 688 741 753 calores,
769 685 945 741 album
984 695 1294 756 tetrumque,
1328 684 1582 754 quidquid
1620 683 1934 753 interjacens
1962 684 2100 738 inve.

523 761 690 845 nitur,
721 774 1002 830 colorabile
1048 772 1209 828 Graia
1237 774 1615 845 signiﬁcatione
1641 772 1982 843 perhibetur).
2011 772 2099 826 AI-

523 872 628 926 hus
675 878 730 925 et
776 870 929 940 niger
955 866 1105 921 color
1152 867 1370 935 dicitur,
1404 867 1664 936 quidquid
1693 881 1823 920 vero
1853 865 1996 920 inter
2017 865 2097 918 al-

521 961 652 1016 bum
711 968 1012 1026 tetrumque
1045 963 1317 1025 «apparet,
1379 954 1671 1011 colorabile
1739 963 2098 1022 nuncupatur.

523 1045 692 1118 (Ergo
735 1044 1106 1107 Enni-manias,
1149 1041 1503 1109 Chromatice,
1552 1044 1774 1112 itemque
1821 1043 2098 1116 Diatanas,

488 1132 495 1140 ⁶
524 1155 682 1210 quam
735 1135 1014 1191 Extentam
1058 1136 1300 1200 dicimus,
1333 1136 1532 1191 indicia
1570 1146 1689 1191 sunt
1721 1153 1962 1207 generum
1991 1152 2102 1188 ma-

524 1227 792 1300 dulandi.)
829 1224 1113 1296 Multiplea:
1159 1229 1348 1297 quippe
1375 1226 1827 1280 tetrachordorum
1860 1226 1996 1280 ratio
2025 1225 2102 1279 sic

523 1321 787 1390 ﬁrmatur,
831 1319 884 1374 id
924 1327 1009 1374 est
1037 1334 1133 1390 per
1159 1318 1490 1375 additioncm
1530 1319 1831 1376 enarmonii
1866 1328 1922 1374 et
1945 1319 2103 1374 chro-

526 1410 710 1464 matici
747 1409 983 1480 generis.
1259 1407 1261 1409 ’
1359 1477 1362 1480 ,

599 1498 913 1570 Principalis
939 1509 1113 1552 autem
1141 1499 1457 1564 mediarum,
1483 1498 1534 1553 id
1563 1506 1646 1553 est
1665 1498 1863 1569 hypate
1891 1512 2101 1562 meson,

521 1593 647 1662 quia
691 1592 863 1660 priora
905 1598 980 1644 est
1013 1589 1170 1644 medii
1198 1589 1540 1656 tetrachordi,
1566 1589 1682 1642 ideo
1723 1590 1776 1643 id
1804 1606 1991 1643 nomen
2016 1605 2105 1645 ac-

493 1675 678 1749 'cepit,
711 1679 764 1734 id
805 1688 889 1734 est
916 1678 1228 1749 princiins
1268 1679 1590 1733 mediarum.
1642 1678 1977 1734 Elemeutum
2022 1689 2103 1735 to-

493 1839 497 1844 .
523 1767 630 1821 tius
661 1767 878 1820 musica:
901 1774 982 1820 est
1011 1766 1371 1831 diatessaron,
1407 1767 1550 1836 quod
1580 1768 1858 1836 proportio
1885 1769 2104 1826 musicae

2204 594 2409 650 scilicet
2439 595 2508 650 ab
2535 595 2739 657 ultima,
2780 611 2896 664 qua:
2923 596 3130 665 plenum
3174 607 3422 666 sgstema,
3447 599 3499 653 id
3530 609 3620 655 est
3653 616 3775 670 spa-

2205 686 2335 739 tium
2363 685 2618 752 diapason
2650 685 2765 753 [init
2788 702 2808 751 ;
2849 686 2985 738 unde
3011 686 3394 754 disjunctarum
3428 691 3608 756 tertia,
3637 692 3778 747 scili-

2203 785 2289 832 cet
2330 792 2360 830 a
2408 774 2545 838 line,
2579 775 2893 844 perhibetur.
2927 774 3055 829 Post
3102 777 3258 842 hanc,
3292 779 3496 834 scilicet
3523 782 3775 849 tertiam,

2196 867 2316 920 sani
2346 867 2542 932 carteri,
2575 866 2625 920 id
2655 875 2738 920 est
2765 864 2838 918 illi
2867 874 2976 919 tres
3012 867 3293 940 ἐναρμόνιος
3313 909 3327 928 .
3371 873 3707 943 χρωματικὰς
3730 881 3784 929 et

2201 956 2430 1018 διάτονος
2455 964 2861 1026 consequuntur.
2887 953 3064 1010 Sanus
3087 973 3206 1011 vero
3233 959 3518 1014 divisurum
3543 963 3666 1015 ideo
3689 963 3784 1017 hoc

2203 1061 2388 1099 nomen
2409 1046 2624 1114 accepit,
2656 1046 2781 1116 quia
2805 1061 2909 1098 una
2928 1055 2974 1099 et
3002 1045 3220 1100 dimidia
3249 1059 3389 1114 tona,
3421 1050 3474 1104 id
3496 1059 3586 1104 est
3615 1051 3789 1106 tribus

2166 1168 2174 1173 -
2203 1135 2440 1199 chordis,
2466 1144 2523 1188 ut
2549 1143 2653 1198 est,
2682 1153 2699 1185 ι
2721 1131 2914 1189 Omnia
2942 1148 3060 1202 qua:
3088 1133 3261 1190 fecisti
3287 1137 3457 1199 llOiliS,
3489 1136 3745 1201 Domine,
3766 1158 3783 1189 ι

2201 1228 2293 1284 ubi
2319 1227 2587 1284 habentur
2625 1235 2735 1282 tres
2773 1227 3007 1292 chordas,
3051 1228 3194 1282 sicut
3219 1238 3301 1284 est
3329 1244 3388 1285 Ill
3412 1247 3444 1283 a
3470 1229 3665 1283 media?
3689 1229 3793 1297 ﬁne

2203 1317 2484 1382 divellitur,
2526 1317 2626 1372 hoc
2649 1325 2734 1372 cst
2773 1320 2842 1373 ab
2872 1320 2985 1390 ipsa
3029 1336 3207 1385 mese,
3241 1333 3362 1388 qua:
3401 1319 3525 1372 linis
3554 1317 3793 1381 ditiilll',

2203 1409 2346 1478 quod
2374 1409 2652 1478 graviores
2691 1424 2854 1464 sonos
2894 1411 3151 1465 terminat
3185 1420 3238 1464 ει
3271 1410 3457 1478 incipit
3490 1409 3794 1461 acutiores.

2211 1497 2334 1553 Post
2358 1499 2456 1551 hac
2480 1499 2870 1554 tetrachordum
2910 1498 3292 1566 excellentium,
3321 1498 3373 1552 id
3401 1505 3487 1551 est
3528 1497 3660 1551 trite
3703 1498 3798 1566 hy-

2203 1590 2504 1661 perbolrcon
2530 1591 2851 1645 collocatur:
2877 1591 3016 1662 quod
3041 1591 3156 1644 ideo
3194 1590 3448 1644 ercet/ens
3483 1605 3680 1642 nomen
3708 1604 3796 1641 ac-

2203 1684 2354 1751 cepit,
2385 1685 2510 1752 quia
2543 1683 2596 1736 in
2627 1683 2846 1753 singulis
2886 1683 3077 1751 tropis,
3104 1683 3156 1736 id
3178 1691 3263 1736 est
3292 1695 3360 1735 xv
3382 1681 3435 1733 in
3475 1697 3632 1733 omne
3672 1696 3801 1732 acu-

2204 1788 2319 1824 men
2361 1772 2606 1840 erigitur,
2638 1781 2688 1826 et
2716 1773 2936 1842 singulis
2979 1772 3424 1826 modulationibus
3453 1771 3801 1842 fastigiatur,

501 1871 628 1932 (non
667 1855 725 1908 lit
757 1855 936 1910 minus
961 1871 1122 1926 quam
1142 1857 1194 1911 in
1223 1866 1458 1926 quatuor
1486 1859 1725 1925 chordis,
1752 1875 1914 1929 quam
1943 1876 2103 1915 voca-
2134 1856 2181 1916 Β
2207 1859 2261 1914 id
2289 1867 2372 1912 est
2395 1859 2650 1928 erigitur,
2676 1861 2910 1915 acuitur.

519 1961 642 2000 mus
669 1947 1025 2002 diatessaron.
1060 1947 1181 2018 (Cui
1203 1948 1458 2020 subnexa)
1483 1949 1886 2019 subprincipalis
1911 1951 2106 2006 media-
2179 1979 2187 1986 ε

519 2051 661 2100 rum,
705 2035 757 2090 id
788 2045 872 2090 est
915 2046 1172 2107 parypate
1202 2053 1388 2092 meson
1415 2037 1545 2106 (esse
1591 2040 1829 2108 dicitur).
1869 2038 2104 2109 Denique

497 2124 736 2196 'reliqute
767 2136 899 2193 tres,
930 2127 1136 2182 scilicet
1175 2128 1409 2192 chordae,
1443 2129 1494 2184 id
1525 2138 1610 2184 est
1647 2132 1912 2196 diatouos,
1940 2146 2102 2185 coar-

519 2221 731 2276 nionios
780 2229 835 2276 et
876 2221 1264 2293 clirotnaticos,
1315 2224 1398 2277 sui
1439 2223 1600 2276 simili
1646 2239 1764 2286 usu,
1801 2223 1852 2276 id
1881 2233 1988 2287 est,
2016 2237 2105 2276 εε-

520 2313 755 2367 cundum
779 2313 1010 2368 similem
1052 2313 1133 2368 sui
1161 2329 1318 2368 usum
1344 2313 1578 2367 obedient
1607 2313 1678 2384 ει).
1705 2312 1938 2378 Dictum,
1960 2313 2104 2368 scili-

497 2397 610 2459 ἐει
664 2412 768 2470 εει,
796 2403 893 2458 hac
945 2404 1332 2458 tetrachordum
1372 2403 1684 2474 mediarum,
1733 2404 1870 2474 quod
1919 2405 1971 2458 in
2004 2420 2107 2458 me-

526 2496 615 2547 dia
641 2494 872 2548 locatum
902 2504 976 2548 est
1003 2493 1140 2547 inter
1175 2491 1568 2564 principalium,
1603 2493 1655 2548 id
1677 2502 1759 2548 est
1786 2494 2105 2564 hypalorum

499 2568 916 2638 'tetracltardum
945 2587 1013 2653 (et
1045 2585 1454 2657 (atrae/tardum)
1487 2586 1908 2656 canjunctarum,
1940 2588 1992 2642 itl
2024 2596 2107 2644 εει

524 2687 930 2746 synemmenon.
977 2673 1106 2730 Post
1148 2675 1481 2747 supradictas
1523 2687 1716 2744 autem,
1763 2678 1814 2733 id
1855 2688 1940 2733 est
1987 2690 2108 2749 post

509 2762 852 2836 principales
882 2767 1202 2832 mediarum,
1233 2783 1351 2838 qua:
1380 2768 1644 2838 sequitur,
1675 2767 1729 2822 id
1755 2778 1840 2824 est
1876 2769 1965 2824 illa
1989 2786 2110 2840 quae

523 2860 790 2928 sequitur,
825 2860 998 2914 media
1021 2861 1344 2927 nominatur,
1374 2859 1490 2930 ipsa
1519 2869 1604 2915 εει
1628 2875 1796 2926 mese,
1828 2862 1965 2934 (qute
1991 2862 2108 2918 ideo

523 2950 694 3002 inedia
729 2949 955 3017 dicitur,
982 2951 1106 3020 quia
1147 2949 1276 3022 tam)
1312 2952 1484 3021 gravis
1511 2951 1686 3018 modi,
1719 2952 1772 3007 id
1800 2960 1885 3008 est
1925 2952 2112 3024 diapa-

525 3055 646 3102 son,
677 3039 797 3107 ﬁnis
821 3050 920 3105 est,
949 3045 1126 3110 (quam
1159 3041 1214 3094 in
1244 3041 1407 3110 tropis
1431 3042 1668 3095 omnibus
1696 3040 1885 3111 futuri)
1913 3043 2111 3097 acumi-

527 3132 612 3185 nis
631 3140 807 3201 caput,
851 3141 1005 3201 atque
1045 3132 1241 3203 ipsius,
1283 3129 1489 3187 scilicet
1527 3143 1673 3186 mese
1701 3131 2110 3202 (quodammodo

2277 1945 2482 2002 Harant
2525 1950 2686 2018 igitur
2705 1965 2974 2013 sanorum,
3001 1949 3056 2002 id
3094 1957 3201 2012 est,
3243 1949 3555 2019 phthongun
3583 1948 3804 2018 generis

2203 2040 2448 2113 pluralis,
2485 2040 2536 2095 id
2563 2049 2646 2095 est
2673 2054 2955 2107 sonorum,
2985 2045 3124 2111 (sunt
3164 2039 3280 2104 alii,
3308 2043 3459 2110 quos)
3486 2042 3804 2106 consistere,

2204 2131 2258 2185 id
2285 2139 2388 2195 est,
2414 2143 2633 2184 manere
2663 2129 2718 2182 in
2747 2142 2845 2183 suo
2871 2127 3009 2193 loco,
3037 2137 3085 2182 et
3112 2144 3438 2198 perseverare
3458 2143 3678 2181 necesse
3701 2138 3804 2193 est,

2206 2223 2323 2294 (alii
2369 2239 2486 2278 vero
2531 2225 2676 2293 sunt)
2707 2221 2878 2292 vagii,
2913 2221 3079 2286 varii,
3124 2220 3215 2290 qui
3253 2235 3396 2290 saepe
3427 2227 3713 2274 acuuntur
3749 2229 3806 2274 et

2207 2329 2350 2382 saepe
2373 2313 2766 2377 remittuntur,
2804 2320 2859 2367 et
2892 2311 3014 2366 ideo
3034 2319 3298 2365 vocantur
3316 2311 3541 2380 λιχανοι,
3571 2324 3603 2362 a
3633 2309 3805 2380 digito

2204 2403 2452 2460 videlicet
2475 2412 2595 2473 post
2615 2401 2884 2472 pollicem,
2919 2401 3062 2470 quod
3102 2400 3334 2456 chordas
3373 2400 3495 2454 illas
3518 2399 3704 2469 pulsat
3725 2406 3806 2454 at-

2190 2511 2310 2567 que
2333 2505 2531 2551 movet.
2557 2495 2662 2550 Alii
2688 2496 3012 2572 βαρύπυκνοι
3037 2494 3394 2556 nominantur,
3422 2491 3474 2546 id
3503 2500 3592 2546 est
3621 2490 3805 2562 gravi-

2209 2600 2292 2644 ter
2334 2588 2467 2654 ﬁxi;
2509 2587 2603 2642 alii
2647 2580 2960 2659 μισὸπυκνοι
3006 2585 3363 2656 perhibentur,
3406 2583 3458 2638 id
3503 2593 3596 2638 est
3636 2582 3804 2637 medii

2199 2682 2321 2746 lixis
2345 2681 2488 2752 quod
2515 2679 2801 2735 mutabiles
2824 2687 2982 2745 sum;
3008 2676 3098 2732 alii
3130 2678 3416 2743 ὀξύπυκνοι,
3449 2675 3503 2729 id
3533 2684 3622 2731 est
3643 2685 3805 2731 acute

2208 2773 2319 2826 ﬁxi.
2353 2770 2592 2840 Spissum
2629 2785 2784 2834 vero,
2831 2767 3041 2823 scilicet
3088 2782 3288 2837 genus,
3329 2767 3527 2820 dicitur
3554 2767 3805 2836 quedam

2205 2861 2434 2934 qualitas
2459 2861 2618 2914 trium
2642 2875 2889 2914 sanorum
2913 2859 3249 2928 campasitiva
3266 2898 3282 2924 ,
3311 2858 3363 2913 id
3393 2865 3495 2919 est,
3530 2873 3662 2913 cum
3689 2867 3801 2913 tres

2210 2953 2324 3009 toni
2370 2951 2530 3008 simul
2571 2949 2894 3022 junguntur.
2943 2952 3266 3025 Βαρύπνκνοι
3307 2960 3479 3004 autem
3520 2959 3668 3014 sunt,
3713 2949 3806 3020 qui

2200 3041 2347 3097 .velut
2373 3043 2630 3113 regiones,
2663 3040 2725 3096 id:
2748 3049 2833 3096 est
2854 3040 3107 3105 chordas,
3131 3041 3332 3110 primas
3354 3040 3528 3109 spissi,
3560 3041 3676 3094 toni
3701 3042 3807 3095 sci-

2213 3135 2357 3199 licet,
2383 3143 2659 3200 retentant,
2693 3134 2746 3188 id
2777 3143 2879 3200 est,
2910 3133 3177 3188 obtinent.
3201 3135 3525 3190 Μεσὸπυκνοι
3549 3149 3690 3195 vero,
3714 3135 3806 3201 qui

527 3221 734 3275 vincula
756 3233 860 3274 tam
881 3222 1051 3292 gravis
1066 3201 1382 3288 modulatio,
1399 3237 1555 3292 quam
1577 3227 1729 3275 acuta
1743 3201 2110 3294 connectitur),
2140 3201 2183 3259 (ἶ
2216 3227 2386 3279 media
2407 3225 2704 3296 possident:
2727 3225 2997 3291 ὁξύπυκνοι
3017 3226 3106 3295 qui
3127 3223 3315 3279 ultima
3335 3235 3542 3289 tenent;
3563 3223 3805 3289 ἆπυκεοι.

529 3321 583 3364 ut
609 3320 682 3365 est
708 3311 762 3364 in
783 3309 949 3381 Lydia
985 3311 1240 3374 mada,'id
1264 3319 1346 3366 est
1383 3310 1434 3365 in
1466 3319 1642 3381 tropo,
1668 3309 1754 3364 ubi
1784 3319 1978 3364 rectum
2007 3310 2114 3364 iota

519 3417 667 3456 vinese
697 3412 794 3467 est,
823 3403 913 3456 ubi
943 3402 1049 3457 iota
1086 3412 1292 3458 rectum
1322 3417 1420 3470 pro
1452 3401 1604 3474 signa
1637 3401 1855 3473 ponitur
1875 3442 1889 3468 ,
1930 3401 1982 3456 in
2015 3417 2110 3472 pa-

533 3493 655 3562 gina
681 3493 932 3548 videlicet
955 3493 1126 3548 Boetii
1152 3494 1218 3549 de
1247 3493 1469 3548 Musica.
1507 3492 1699 3547 Verum
1724 3505 1836 3564 post
1865 3493 2113 3559 mediam,

524 3588 587 3641 id
632 3598 716 3643 est
764 3603 980 3654 mesen,
1028 3587 1384 3642 extendentem
1413 3597 1696 3643 acuenlem
1741 3587 2112 3652 hemitonium,

534 3675 935 3745 conjunctarum
958 3678 1060 3730 erit
1102 3677 1290 3745 tertia,
1328 3677 1379 3731 id
1422 3685 1507 3732 est
1547 3677 1670 3732 trite
1697 3691 2113 3747 synemmenon,

535 3768 697 3820 tertia
738 3767 1145 3836 conjunctarum
1177 3783 1206 3821 a
1233 3767 1340 3822 line
1368 3777 1469 3833 cst,
1501 3778 1816 3823 numeratur
1847 3770 2038 3834 tertia,
2063 3777 2120 3824 et

535 3865 619 3910 est
663 3857 947 3912 hemitonii
996 3859 1228 3927 spatium
1273 3858 1412 3912 inter
1446 3859 1660 3913 tertiam
1704 3858 2116 3929 conjunctarum

534 3957 591 4000 et
621 3962 826 4012 mesen,
857 3948 994 4019 (quae
1019 3951 1072 4003 in
1096 3949 1274 4004 eodem
1311 3951 1498 4015 media,
1524 3951 1578 4003 id
1603 3962 1674 4005 est
1697 3950 1883 4023 Lydia)
1907 3951 2119 4007 lambda
2155 3952 2157 3956 ’

533 4038 802 4104 supinum,
834 4037 1038 4093 scilicet
1067 4039 1118 4092 in
1162 4039 1263 4094 hac
1291 4039 1641 4095 similitudine
1667 4040 1709 4094 V
1736 4059 1829 4110 pro
1862 4053 1984 4095 nata
2024 4042 2123 4096 ha-

535 4128 692 4182 bebit.
729 4126 856 4182 Post
882 4129 1036 4194 hanc,
1075 4129 1128 4183 id
1154 4139 1257 4194 est,
1289 4130 1417 4185 trite
1441 4145 1846 4201 synennncnon,
1876 4131 1981 4185 illa:
2016 4131 2122 4186 sci-

537 4219 666 4274 licet
689 4219 916 4284 chordte,
944 4234 1059 4289 quae
1085 4236 1117 4272 a
1146 4219 1290 4274 nobis
1311 4221 1549 4289 superius
1577 4237 1831 4289 expressa:
1856 4231 1996 4285 sunt,
2019 4232 2121 4276 tres

539 4323 848 4382 sequuntur,
879 4313 1196 4386 ἐναρμόνιος,
1224 4317 1556 4389 χρωματική,
1582 4321 1634 4368 ει
1660 4313 1906 4377 διάτονος,
1929 4332 2045 4385 qua:
2074 4326 2120 4368 et

539 4413 788 4474 paranete
810 4403 1194 4474 dicitur,quam
1215 4403 1399 4459 Latine
1417 4405 1754 4475 penultimam
1777 4407 2119 4476 perhibemus.

540 4493 669 4548 'Post
699 4508 882 4564 quam,
914 4493 1119 4550 scilicet
1148 4504 1438 4564 paraneten
1461 4537 1475 4561 ,
1504 4495 1719 4560 ultima,
1766 4497 1818 4551 id
1859 4505 1970 4562 est,
1996 4506 2122 4552 nete

2215 3331 2321 3370 non
2353 3313 2468 3379 lixi,
2497 3315 2588 3384 qui
2616 3314 2671 3367 in
2699 3314 2975 3384 positione,
3019 3313 3072 3369 id
3099 3323 3184 3369 est
3205 3315 3613 3381 constitutione,
3643 3331 3808 3369 sana-

2217 3421 2332 3459 rum
2355 3406 2534 3467 trium,
2565 3404 2655 3474 qui
2680 3413 2801 3458 sunt
2835 3405 3022 3475 spissi,
3061 3405 3119 3459 in
3159 3405 3304 3459 nulla
3336 3421 3520 3475 genere
3559 3415 3654 3459 aut
3695 3405 3810 3476 lege

2207 3495 2526 3566 junguntur.
2556 3493 2793 3566 (Stantes
2822 3506 2998 3550 autem
3036 3505 3519 3566 perseverantesque
3553 3496 3811 3550 dicuntur

2216 3583 2292 3638 vel
2335 3581 2550 3640 ἅπυκνοι
2575 3583 2650 3638 vel
2675 3585 3030 3656 βαρύπυκνοι,
3077 3586 3166 3656 qui
3196 3584 3349 3640 veluti
3373 3585 3661 3656 quamdam
3689 3601 3814 3653 spe-

2217 3675 2345 3726 ciem
2371 3683 2419 3726 et
2450 3671 2671 3742 formam
2708 3674 2806 3728 sibi
2848 3673 3239 3745 principalium)
3277 3675 3635 3740 vindicabunt,
3659 3674 3806 3729 obti-

2219 3765 2446 3829 nebunt,
2472 3765 2765 3819 habebunt.
2794 3763 2921 3818 Idea
2943 3775 3116 3819 autem
3143 3765 3360 3834 quidam
3389 3766 3443 3836 (a
3466 3763 3808 3836 quibusdam)

2217 3841 2429 3906 statarii
2459 3853 2816 3916 nominamur.
2848 3852 3056 3908 scilicet
3079 3853 3155 3908 illi
3187 3853 3364 3924 primi,
3389 3854 3530 3924 quod
3549 3854 3805 3917 diversas,

2220 3941 2272 3996 id
2298 3952 2380 3996 cst
2409 3957 2602 4013 graves
2629 3928 2684 3998 et
2719 3954 2930 4010 acutas,
2958 3946 3279 4000 eatensiones
3302 3946 3528 4013 recipere
3548 3961 3654 3998 non
3680 3962 3810 4014 pas-

2218 4023 2359 4085 sunt.
2389 4032 2609 4086 Statarii
2635 4033 2887 4088 dicuntur
2908 4075 2921 4098 ,
2953 4034 3094 4103 quod
3127 4033 3468 4089 uniformiter
3500 4043 3673 4096 stant,
3705 4041 3810 4091 nec

2221 4123 2272 4176 in
2302 4131 2516 4176 acutum
2545 4124 2932 4188 extenduntur,
2966 4139 3065 4178 nec
3091 4124 3144 4178 in
3171 4124 3492 4194 gravitatem
3521 4125 3808 4180 remittun-

2223 4223 2327 4267 tur.
2367 4213 2493 4282 (Alii
2524 4223 2696 4268 autem
2735 4216 2852 4285 vagi
2897 4225 2944 4268 et
2988 4225 3220 4269 errantes
3249 4215 3532 4281 habentur,
3565 4218 3691 4286 quia
3722 4218 3811 4270 in-

2222 4305 2447 4376 terdum)
2473 4303 2732 4375 longiora,
2764 4308 3033 4376 graviora,
3076 4308 3337 4361 interdum
3368 4310 3610 4374 minora,
3644 4311 3696 4364 id
3725 4322 3812 4366 est

2223 4399 2463 4452 acutiora
2493 4398 2661 4466 spatia
2691 4407 3011 4468 receperunt.
3065 4396 3172 4454 Sed
3218 4400 3407 4452 horum
3428 4439 3442 4467 ,
3481 4399 3691 4454 scilicet
3721 4416 3812 4453 va-

2225 4505 2411 4560 gorum
2444 4504 2722 4553 sonorum,
2748 4489 2842 4542 alii
2877 4489 3334 4566 παρυπατοειδεῐς,
3355 4487 3508 4556 juxta
3541 4491 3812 4559 principa-

541 4559 802 4647 sociatur,
844 4600 961 4653 qua:
988 4585 1104 4640 ideo
1134 4559 1273 4639 dicta
1301 4595 1374 4640 est
1414 4559 2043 4655 conjunctarum‘ultima,
2070 4587 2115 4643 id

2229 4559 2324 4642 les,
2370 4577 2461 4632 alii
2489 4577 2844 4650 λιχανοειδεῐς,
2891 4559 3078 4641 ίάἐει,
3121 4579 3418 4649 digitalesa
3450 4580 3643 4648 digito,
3667 4579 3811 4649 quod

543 4682 625 4728 est
648 4681 773 4727 nete
799 4689 1210 4743 synemmeuon,
1236 4677 1360 4746 quia
1385 4677 1439 4729 in
1469 4676 1566 4729 hac
1593 4677 1918 4730 tetrachordo
1946 4677 2123 4746 (ﬁnem

547 4763 728 4832 tenet).
765 4760 932 4818 Omne
964 4773 1137 4818 autem
1178 4767 1562 4819 tetrachardum
1593 4767 2024 4835 conjunctarum,
2072 4768 2124 4822 id

546 4864 630 4908 est
658 4869 1066 4924 synemmenon,
1097 4856 1213 4908 ideo
1241 4856 1459 4921 dictum,
1487 4856 1693 4911 scilicet
1719 4865 1803 4911 est
1822 4896 1836 4921 ,
1861 4859 1983 4926 quia
2015 4873 2125 4911 me-

545 4946 650 5000 dia:
679 4945 803 5014 ipsi,
828 4944 881 5000 id
906 4953 988 4999 est
1015 4959 1182 5010 mese,
1203 4946 1527 5015 adjungitur,
1546 4963 1663 5016 qtae
1680 4947 1961 5015 perfectam
1989 4962 2126 5017 sgm-

547 5033 812 5103 phoniam,
841 5033 893 5088 id
915 5042 1016 5099 est,
1043 5033 1301 5103 diapason
1331 5036 1498 5104 prima
1518 5035 1804 5106 complevit,
1840 5052 1900 5088 ac
1928 5038 2124 5105 produ-

550 5135 694 5178 cente
715 5124 887 5178 media
916 5133 1206 5194 sequentem
1231 5132 1430 5190 tonum,
1468 5139 1615 5179 mese
1644 5124 1892 5194 producit
1919 5134 2125 5191 tonum,

552 5215 696 5282 quod
731 5223 906 5293 tonus.
930 5223 1014 5269 est
1057 5214 1200 5270 inter
1231 5227 1416 5269 mesen
1443 5223 1498 5269 et
1526 5229 1880 5283 paramesen,
1917 5214 2004 5268 ille
2039 5216 2130 5284 qui

551 5304 786 5373 sequitur
813 5319 992 5367 sanus,
1025 5303 1077 5358 id
1102 5313 1185 5359 est
1212 5302 1440 5368 chorda,
1464 5306 1778 5381 παραμέσος,
1806 5303 1858 5358 id
1880 5313 1962 5358 est
1974 5302 2129 5372 juxta

555 5411 737 5451 mesen
771 5398 1089 5462 nominatur,
1120 5396 1260 5466 quod
1283 5395 1439 5461 hunc,
1463 5395 1516 5448 id
1539 5404 1618 5448 est
1641 5409 1977 5464 paramesen,
2000 5394 2129 5448 satis

553 5485 849 5553 proximum
875 5499 1034 5538 sonus
1064 5483 1328 5552 adjunctte
1365 5481 1734 5548 modulationis
1752 5520 1767 5545 ,
1819 5480 2024 5535 scilicet
2051 5489 2130 5534 to-

559 5572 978 5642 nutn,a[7endat-,
1004 5571 1057 5626 id
1081 5581 1184 5639 cst,
1203 5572 1453 5627 inveniat.
1488 5570 1701 5636 Dehinc,
1730 5569 1933 5626 scilicet
1952 5570 2131 5640 sequi-

2226 4685 2320 4724 eos
2343 4669 2519 4738 pulsat
2556 4685 2718 4725 sonos
2749 4671 2832 4725 vel
2865 4670 2981 4724 illas
3004 4671 3259 4724 chordas.
3304 4668 3490 4723 Verum
3527 4671 3722 4738 primi,
3757 4670 3810 4723 hi

2229 4759 2491 4829 parypati,
2508 4760 2628 4813 idea
2656 4761 2731 4814 sic
2755 4761 3017 4827 dicuntur,
3041 4759 3178 4830 quod
3207 4760 3382 4813 statim
3402 4759 3688 4828 prioribus,
3715 4760 3813 4814 sci-

2228 4849 2350 4904 licet
2375 4851 2607 4921 hypatis,
2628 4852 2679 4905 id
2701 4859 2780 4906 εει
2804 4850 3208 4920 principalibus,
3225 4851 3621 4905 subuectantur.
3649 4856 3814 4922 Λίχα-

2225 4923 2437 5001 ιοοειδιῖς
2460 4941 2707 4994 dicuntur
2732 4957 2763 4992 a
2787 4941 2970 5009 digito,
2995 4939 3084 5008 qui
3104 4939 3340 4993 minister
3359 4939 3515 5001 artis,
3535 4947 3596 4991 et
3620 4948 3813 4994 cantus

2226 5031 2464 5101 singulos
2493 5039 2669 5084 movet
2693 5029 2923 5095 scilicet,
2949 5039 3054 5094 est,
3081 5027 3177 5098 (est
3199 5027 3392 5097 autem)
3413 5030 3618 5096 primus
3648 5046 3680 5080 a
3701 5028 3813 5098 pol-

2229 5121 2361 5185 lice,
2413 5121 2467 5174 id
2521 5130 2633 5185 est,
2689 5121 2880 5184 index,
2931 5135 3043 5188 quo,
3079 5119 3244 5191 digito
3287 5127 3540 5174 movetur
3584 5120 3810 5175 chorda.

2229 5207 2458 5277 (Harum
2480 5223 2595 5261 vero
2617 5206 2708 5260 alii
2739 5207 2837 5260 sibi
2860 5206 3095 5276 invicem)
3119 5216 3433 5277 congruunt,
3459 5209 3811 5272 conveniunt,

2229 5298 2579 5362 concordant,
2611 5297 2749 5367 (alii)
2772 5297 3089 5366 discrepant,
3109 5297 3440 5364 discordant,
3464 5309 3512 5351 et
3535 5299 3811 5361 resultant,

2235 5387 2288 5442 id
2315 5396 2396 5442 est
2423 5387 2720 5450 dissonant,
2749 5387 3073 5442 dissentiunt
3099 5401 3154 5442 et
3180 5397 3481 5460 repugnant
3523 5388 3629 5443 sibi
3675 5390 3814 5442 invi-

2237 5493 2374 5534 cem.
2410 5477 2538 5549 (Sed
2562 5476 2663 5547 illi)
2694 5479 2956 5550 ὁμόῖιωνοι,
2989 5480 3196 5539 scilicet
3231 5481 3484 5537 dicuntur
3513 5482 3677 5552 (quia
3721 5481 3814 5534 sibi

2237 5570 2452 5624 invicem
2489 5569 2913 5640 conjunguntur)
2950 5571 3004 5625 hi
3042 5573 3338 5642 :cquisoui:
3391 5569 3609 5644 ἄφωνοι,
3657 5570 3710 5626 id
3738 5579 3818 5626 est

628 5778 655 5807 ι
683 5767 838 5837 Apud
862 5765 1206 5842 Mcibomium
1231 5765 1309 5825 sic
1329 5761 1525 5835 legitur
1550 5780 1561 5818 :
1587 5785 1622 5837 ,ι
1639 5762 1908 5854 ,ρεείίιυῖε
1938 5761 2111 5834 reliqu

2215 5749 2302 5824 res
2333 5763 2416 5821 sui
2445 5762 2648 5823 similes
2669 5763 2937 5823 obedient.
