3920 5584
97 405 195 503 sn

1514 436 1599 498 DE
1630 436 1724 496 Ml}
1735 439 1904 497 SICA.

3252 439 3361 494 942

96 562 292 618 dissoni
327 560 579 634 (διάφωνα
607 569 802 624 autem,
835 558 888 612 id
916 567 991 614 est
1025 558 1383 613 dissentientes
1413 568 1554 617 sunt,
1581 557 1669 625 qui
1699 565 1744 619 Α
1774 555 1959 626 quibus
1988 572 2088 608 non
2124 558 2295 610 subest
2323 557 2478 623 ratio,
2512 556 2563 611 id
2593 566 2676 613 est
2708 556 2851 615 nulla
2892 558 3099 613 ratione
3128 557 3357 629 conjun-

92 671 216 707 cum
250 645 472 721 percussi
508 651 723 719 fuerim,
760 652 974 705 invicem
1006 651 1322 715 discrepant.
1367 649 1669 721 Ὀμὸφωνοι,

89 747 182 814 qui
225 762 349 797 vom
381 745 614 814 quidem)
655 744 816 797 aliam
857 743 1290 812 signiﬁcationem
1328 749 1383 794 et
1419 742 1675 794 virtutem

90 846 268 903 gerunt
292 852 308 898 ;
337 836 594 905 (eumdem
616 846 788 888 autem
817 835 1084 904 impetum,
1114 834 1169 886 id
1193 844 1267 886 est
1290 834 1673 903 percussionem

86 926 307 994 servant)
336 942 472 980 unus
492 926 634 979 enim
666 926 916 996 idemque
936 941 1101 980 sonus
1123 924 1304 991 multis
1327 933 1673 993 comparatur

90 1019 148 1071 in
176 1019 396 1074 diversis
426 1019 739 1082 virtutibus,
771 1018 918 1072 verbi
956 1017 1153 1089 gratia,
1186 1032 1306 1071 cum
1333 1029 1438 1067 uno
1465 1024 1668 1077 tonum,

87 1125 214 1164 cum
240 1110 339 1163 alio
370 1109 742 1172 hemitonium,
768 1123 889 1163 cum
919 1108 1076 1161 tertio
1099 1106 1290 1160 diesiu.
1322 1104 1475 1172 (Sunt
1497 1113 1671 1155 autem

84 1211 136 1253 et
159 1198 272 1254 alia:
291 1216 537 1254 sonorum
559 1199 923 1267 diversitates),
961 1208 1008 1251 et
1044 1199 1237 1266 prima,
1264 1195 1471 1251 scilicet
1497 1194 1673 1246 diver-

85 1289 247 1351 sitas,
290 1304 382 1354 per
421 1288 792 1352 intensiouem,
830 1288 881 1342 id
923 1296 1005 1341 εει
1044 1286 1411 1341 exlensionem
1456 1281 1672 1337 chordae

84 1378 166 1447 (ut
206 1389 290 1430 aut
333 1379 571 1432 acumine
612 1391 699 1431 aut
739 1379 994 1447 gravitate
1038 1375 1354 1446 dissentiat).
1400 1374 1669 1438 Secunda,

82 1470 287 1522 scilicet
318 1469 623 1535 diversitas,
656 1485 745 1538 per
771 1469 1084 1537 spatiorum,
1115 1466 1164 1520 id
1196 1476 1277 1521 cst
1306 1474 1555 1518 tonorum
1586 1461 1670 1517 vel

80 1564 469 1618 semitonorum
497 1564 895 1632 perceptionem,
925 1579 1044 1614 cum
1075 1561 1181 1621 uni,
1227 1559 1432 1614 scilicet
1473 1557 1666 1626 spatio,

80 1668 175 1709 aut
205 1657 439 1724 plurimis
482 1656 839 1726 conjungitur,
872 1654 1088 1723 quando
1117 1652 1382 1722 colligitur
1420 1666 1559 1705 unus
1590 1658 1670 1702 to-

82 1764 184 1801 nus
216 1762 279 1802 ex
320 1747 529 1801 duobus
573 1745 792 1815 spatiis,
841 1754 897 1799 et
944 1744 1296 1798 hemitonium
1345 1757 1413 1795 ex
1462 1741 1669 1795 duobus

79 1839 286 1907 Spatiis.
318 1836 514 1902 Tertia,
547 1836 641 1891 scil
663 1846 752 1892 cet
777 1835 1059 1890 diversitas
1087 1833 1315 1891 insonis
1343 1832 1400 1899 ﬁt
1432 1848 1522 1900 per
1542 1847 1667 1884 con-

68 1929 394 1996 junctionem
419 1928 734 1997 systematis,
759 1927 860 1980 hoc
880 1937 979 1988 est,
1008 1923 1325 1994 (ptantitatis
1348 1921 1430 1975 vel
1459 1920 1665 1989 magni-
1701 1903 1742 1962 Β

80 2012 280 2073 tudinis
310 2034 499 2074 vocum
525 2037 539 2071 :
579 2020 673 2072 sed
717 2019 818 2073 hoc
849 2018 1074 2072 interest
1116 2016 1257 2069 inter
1287 2014 1549 2069 diastema
1570 2055 1584 2077 ,
1614 2012 1667 2066 id

74 2119 162 2162 est
191 2108 453 2179 spatium,
486 2118 539 2163 ει
569 2116 837 2177 systema,
869 2106 971 2161 hoc
1002 2115 1118 2169 est,
1147 2104 1295 2159 vocis
1338 2101 1664 2171 magnitudi-

76 2216 222 2264 nem,
256 2200 399 2269 quod
440 2199 675 2269 spatium
722 2197 863 2251 inter
908 2197 1041 2251 duos
1089 2210 1253 2250 sonos
1302 2194 1386 2249 vel
1432 2202 1540 2248 tres
1586 2190 1666 2245 vel

70 2301 306 2363 quatuor
353 2292 657 2356 invenitur,
705 2300 762 2345 et
807 2306 873 2345 eo
904 2288 1173 2358 amplius;
1215 2295 1448 2357 systema
1486 2293 1667 2337 autem

70 2403 183 2441 non
216 2383 390 2441 minus
420 2401 580 2456 quam
615 2385 667 2439 in
698 2384 980 2453 diapason,
1000 2380 1139 2453 quod
1160 2390 1249 2434 aut
1277 2394 1441 2431 unum
1468 2375 1666 2445 rccipi’,

70 2477 284 2533 scilicet
314 2476 455 2532 sicut
491 2486 683 2541 tonus,
716 2483 809 2528 aut
844 2472 998 2544 plura
1048 2472 1263 2541 recipit,
1295 2470 1502 2524 scilicet
1529 2470 1671 2523 sicut

76 2572 369 2640 diapason,
394 2585 515 2638 qua:
544 2585 614 2624 vn
644 2568 816 2638 spatia
846 2577 938 2620 aut
966 2581 1060 2619 vm
1085 2563 1317 2619 chordas
1349 2562 1558 2631 recipit.
1600 2558 1669 2612 Et

64 2660 214 2730 quod
242 2660 526 2714 secundum
564 2675 759 2712 morem
780 2658 998 2724 dicitur,
1028 2656 1082 2710 id
1109 2666 1181 2710 est
1205 2657 1332 2711 κατὰ
1350 2652 1487 2715 ἦθος,
1514 2652 1564 2706 id
1586 2660 1671 2706 est

64 2750 374 2805 secundum
405 2764 643 2812 morem,
684 2747 891 2803 scilicet
917 2762 1013 2815 per
1041 2745 1143 2800 hoc
1180 2744 1236 2798 lit
1264 2742 1624 2811 discrepantia
1651 2759 1666 2795 :

64 2839 371 2892 Secundum
397 2853 624 2903 morem,
651 2836 703 2890 id
729 2844 831 2900 est,
859 2834 1303 2891 consuetudinem
1336 2832 1669 2902 singularum

70 2930 359 2983 nationum
392 2930 590 2998 reperti
618 2937 745 2982 sunt
773 2927 907 2997 trOpi
936 2943 951 2992 ;
987 2926 1305 2996 quibusdam
1330 2925 1474 2980 enim
1504 2938 1670 2979 sonus

58 3022 256 3092 gravis
286 3021 562 3087 convenit,
591 3021 919 3090 quibusdam
955 3028 1167 3083 acutus,
1207 3018 1529 3089 quibusdam
1558 3030 1669 3070 me-

61 3113 218 3164 dius.
252 3110 429 3164 Alium
467 3111 654 3180 quippe
688 3126 914 3174 morem,
960 3108 1169 3164 scilicet
1200 3122 1481 3177 generum,
1513 3116 1671 3159 acuta

58 3202 399 3271 signiﬁcant,
421 3201 584 3255 alium
606 3202 870 3272 graviora,
901 3201 1044 3270 quod
1074 3201 1319 3269 quaedam
1354 3209 1545 3270 gentes
1575 3199 1667 3253 de-

60 3293 350 3347 lectantur
379 3292 713 3357 acutissime,
745 3292 990 3362 quaedam
1016 3290 1186 3360 gravi.

146 3383 309 3436 Nunc
338 3384 449 3452 iam
479 3385 543 3438 de
569 3384 895 3438 diastematis
923 3383 1306 3448 disserendum,
1331 3382 1537 3438 scilicet
1561 3390 1667 3446 est,

52 3476 264 3531 (haece
290 3477 356 3531 de
381 3477 740 3540 diastematis,
768 3474 1060 3547 genitivum
1086 3474 1291 3529 scilicet
1313 3490 1410 3543 pro
1433 3473 1669 3528 ablativo

56 3575 267 3620 nostro
305 3581 532 3635 ponens,
565 3565 737 3621 Graeci
780 3565 924 3619 enim
968 3580 1074 3633 non
1108 3564 1309 3619 habent
1347 3562 1666 3629 ablativum,

50 3674 168 3727 pro
222 3657 344 3712 loco
388 3656 504 3725 ejus
553 3656 789 3728 genitivo
830 3664 1074 3711 utuntur.
1108 3654 1375 3709 Diastema
1408 3654 1669 3726 διάστημα

45 3760 133 3803 est
174 3749 319 3802 vocis
348 3749 598 3818 spatium,
630 3764 733 3817 quo
763 3756 941 3813 acuta,
986 3746 1192 3802 scilicet
1228 3761 1355 3811 vox,
1394 3745 1444 3798 id
1484 3754 1569 3799 est
1614 3744 1665 3798 in

46 3846 343 3905 quantum
373 3846 551 3902 acuta,
586 3846 633 3890 et
663 3836 888 3907 gravior,
922 3836 975 3890 id
1015 3844 1100 3891 est
1145 3836 1198 3889 in
1246 3843 1507 3905 quantum
1538 3850 1664 3903 gra—

44 3928 209 3989 vior,
247 3925 562 3991 includitur,
595 3926 647 3981 id
678 3936 765 3980 εει
798 3926 1295 3995 comprehenditur.
1327 3924 1430 3979 Sed
1462 3924 1514 3977 in
1545 3926 1664 3977 dia-

42 4017 334 4080 stematis,
364 4015 549 4070 Ct‘the
596 4016 730 4070 dixit
769 4017 909 4071 sicut
951 4026 1007 4071 et
1048 4030 1208 4085 supra
1238 4014 1538 4086 genitivum
1570 4029 1667 4083 pro

42 4106 312 4158 ablativo
341 4119 570 4172 ponens,
608 4104 737 4169 alia,
768 4104 975 4159 scilicet
1011 4114 1157 4169 sunt,
1186 4103 1427 4174 graviora
1456 4102 1662 4171 {Meibu

39 4195 335 4263 breviora)
365 4193 459 4246 illa
490 4193 715 4257 scilicet,
762 4210 879 4264 qua:
912 4204 1033 4247 sunt
1065 4194 1119 4246 in
1154 4193 1286 4246 diesi
1316 4192 1662 4253 Enat‘monia,

40 4287 102 4339 id
142 4294 238 4338 est
278 4285 331 4338 in
364 4293 559 4355 quarta
602 4296 755 4355 parte
784 4285 926 4349 toni;
962 4285 1166 4354 majora
1201 4299 1317 4338 vero
1348 4293 1491 4345 sunt,
1522 4282 1668 4335 scili-

34 4390 142 4432 cet
180 4379 511 4432 diastemata
539 4378 675 4448 (qua:
706 4394 799 4447 per
830 4377 1065 4447 singulos
1091 4376 1310 4445 tropos),
1341 4375 1416 4428 bis
1457 4392 1520 4427 ex
1556 4391 1667 4428 om-

36 4470 246 4531 nibus,
286 4467 372 4523 vel
396 4468 481 4522 his
514 4468 773 4537 diapason
806 4467 1008 4537 faciunt
1057 4470 1180 4536 (quo
1225 4464 1356 4519 nihil
1396 4463 1567 4533 τρυήλης
1612 4465 1665 4517 in

34 4560 232 4627 tropis
250 4573 531 4627 possumus
563 4558 832 4625 invenire).
863 4556 1025 4625 Atque
1053 4556 1105 4608 in
1128 4555 1309 4623 spatiis
1330 4554 1438 4607 alia
1454 4570 1662 4621 compo-

1776 654 1974 715 guntur
2001 664 2011 698 :
2043 646 2149 699 alia
2183 647 2531 713 conlubentia,
2571 647 2622 703 id
2670 657 2752 704 est
2796 647 3179 705 concordantia
3201 690 3215 713 ,
3251 652 3353 704 sibi

1775 744 2135 791 consentanea
2185 734 2314 807 (alia
2363 738 2769 811 discrepantia),
2822 739 2930 794 alia
2988 741 3356 804 enarmonica,

1775 826 2157 880 concordantia
2199 827 2340 883 inter
2366 842 2453 894 se;
2494 830 2601 883 alia
2636 831 2978 894 chromatico,
3011 829 3353 895 colorabilia;

1772 914 1881 967 alia
1926 915 2213 979 diatonica,
2246 918 2297 972 id
2329 928 2413 973 est
2454 928 2707 985 extenta;
2746 920 2854 975 alia
2895 921 3079 975 are/tia
3109 933 3156 987 ⁸,
3187 921 3239 976 id
3278 935 3363 995 est

1774 1004 2095 1075 principalia
2136 1008 2220 1061 vel
2260 1009 2518 1077 mqualia;
2560 1011 2667 1065 alia
2712 1011 2933 1081 perissa,
2967 1012 3017 1065 id
3062 1022 3145 1066 est
3172 1028 3363 1067 excur-

1776 1100 1983 1165 rentia;
2026 1101 2117 1154 sed
2144 1104 2337 1170 prima,
2378 1104 2430 1157 id
2470 1114 2555 1158 est
2592 1104 2810 1169 archia;
2849 1104 3109 1174 (equalia,
3153 1106 3361 1161 scilicet

1774 1188 1975 1242 dicitur
2017 1204 2145 1245 voce
2182 1190 2383 1257 latina;
2427 1193 2677 1257 secunda,
2708 1193 2761 1246 id
2797 1202 2882 1248 est
2909 1193 3148 1262 perisse;
3178 1211 3361 1248 επαν-

1774 1279 1944 1331 rentia
1976 1281 2293 1345 memorabo,
2321 1281 2370 1335 id
2399 1293 2501 1347 est,
2528 1283 2701 1338 dicam
2731 1292 2787 1338 et
2821 1299 3107 1354 exponam.
3135 1283 3359 1355 (Verum

1772 1368 1997 1438 thualia
2027 1381 2169 1436 sunt,
2201 1388 2318 1441 qua:
2356 1373 2409 1423 in
2441 1389 2616 1442 (equas
2637 1384 2810 1443 partes
2832 1384 3073 1444 poterunt
3099 1378 3357 1446 separari,

1772 1470 1827 1512 ut
1859 1470 2013 1514 tonus
2059 1462 2112 1515 in
2155 1462 2260 1515 duo
2306 1462 2647 1531 hemitonia);
2692 1466 2893 1533 perissa
2920 1476 3118 1532 autem,
3152 1466 3361 1521 scilicet

1770 1561 1896 1606 sunt
1936 1556 2072 1622 (quw
2116 1555 2171 1607 in
2216 1555 2318 1607 tria
2366 1555 2652 1609 hemitonia
2693 1556 3085 1610 discernuntur.
3133 1556 3357 1625 Deinde)

1770 1644 1878 1698 alia
1905 1646 2225 1700 diastemata
2266 1648 2455 1716 spissa,
2487 1648 2697 1703 scilicet
2725 1657 2875 1714 sunt,
2909 1650 3018 1703 alia
3052 1651 3280 1714 rariora,
3304 1650 3360 1705 id

1770 1745 1855 1792 est
1894 1737 2183 1808 apertiora.
2237 1738 2443 1809 (Spissa
2485 1750 2627 1806 sunt,
2660 1741 2796 1812 quaz)
2828 1758 2919 1810 per
2951 1741 3141 1807 dieses,
3173 1741 3224 1795 id
3251 1750 3358 1807 est,

1770 1844 1869 1900 per
1912 1840 2135 1898 quartas
2168 1839 2351 1901 partes
2373 1831 2723 1903 'colliguntur,
2765 1831 3016 1903 (rariora)
3044 1849 3160 1902 (μίαν
3199 1834 3354 1896 tonis,

1770 1920 1979 1976 scilicet
2004 1921 2159 1976 liunt.
2198 1922 2288 1993 (Et
2328 1925 2382 1977 in
2420 1925 2523 1994 his)
2550 1924 2658 1977 alia
2680 1924 2781 1978 sibi
2801 1936 3119 1996 congruunt,
3152 1924 3361 1981 scilicet

1770 2026 1868 2080 per
1910 2015 2335 2083 praportionem,
2379 2016 2431 2070 id
2474 2025 2557 2071 est
2605 2017 2967 2084 conveniunt;
3006 2017 3115 2071 alia
3156 2018 3355 2073 discre-

1768 2112 1919 2172 pant,
1947 2103 2001 2157 id
2029 2113 2113 2159 est
2145 2105 2476 2162 discordant.

1841 2184 1948 2245 sed
1988 2192 2419 2269 discrepantium,
2465 2197 2672 2253 scilicet
2702 2214 2982 2263 sonorum,
3012 2200 3173 2253 nimia
3220 2199 3358 2252 mul-

1771 2283 1940 2337 titudo
1964 2285 2173 2339 scilicet
2200 2296 2281 2340 est
2302 2304 2315 2351 ;
2349 2286 2729 2358 (convenientia
2746 2307 2865 2345 vero
2885 2307 2979 2361 per
3001 2290 3234 2361 singulos
3250 2302 3361 2345 troo

1769 2374 1884 2445 pos)
1926 2391 2019 2429 sea:
2059 2388 2201 2441 sum,
2236 2378 2446 2433 scilicet
2492 2379 2849 2445 diastemata;
2904 2382 2955 2436 id
2986 2392 3072 2437 est
3107 2381 3191 2438 διὰ
3236 2403 3359 2438 rsc-

1773 2467 1969 2542 σάρων,
1992 2468 2132 2537 quod
2170 2468 2234 2522 de
2262 2480 2490 2540 quatuor
2514 2472 2774 2537 dicimus;
2804 2471 2890 2529 διὰ
2930 2476 3099 2538 πέντε,
3128 2475 3268 2543 quod
3297 2477 3360 2528 de

1770 2558 2030 2627 quinque;
2060 2557 2125 2612 de
2152 2558 2272 2613 hinc
2308 2558 2394 2615 διὰ
2421 2563 2625 2624 πάσων.
2658 2562 2799 2631 quod
2826 2578 2892 2618 ex
2918 2564 3159 2618 omnibus
3187 2564 3361 2618 conci-

1772 2648 1870 2713 nit,
1900 2647 1954 2704 id
1978 2657 2063 2704 est
2102 2658 2387 2704 consonat.
2420 2650 2568 2707 Illud
2608 2654 2790 2717 etiam,
2821 2653 3033 2708 scilicet
3068 2664 3156 2709 est
3190 2669 3359 2723 quar-

1774 2747 1910 2806 tum,
1932 2740 2071 2810 quod
2090 2756 2156 2795 ea:
2174 2740 2437 2807 omnibus,
2463 2741 2516 2796 id
2541 2752 2625 2796 est
2649 2744 2929 2813 diapason,
2952 2754 3001 2798 et
3024 2760 3089 2798 ex
3107 2753 3358 2813 quatuor,

1773 2829 1827 2885 id
1852 2841 1940 2886 est
1972 2847 2040 2887 ex
2084 2832 2423 2887 diatessaron
2453 2843 2678 2898 constat,
2712 2834 2787 2889 vel
2814 2851 2881 2889 ex
2922 2836 3186 2899 erunibus,
3217 2834 3362 2890 scili-

1740 2930 1859 3001 lcet
1888 2931 1972 2977 est
2007 2922 2273 2991 quintum,
2312 2924 2363 2978 id
2396 2933 2480 2980 est
2507 2926 2787 2995 diapason,
2817 2936 2866 2981 et
2906 2942 2974 2981 ex
3012 2929 3260 2997 quinque,
3303 2927 3359 2983 id

1772 3021 1855 3068 εει
1877 3012 2159 3083 diapente;
2193 3013 2268 3067 vel
2297 3015 2375 3068 bis
2401 3031 2466 3070 ea;
2488 3017 2749 3081 omnibus,
2778 3018 2986 3073 scilicet
3008 3028 3092 3073 est
3119 3026 3353 3083 sextum,

1771 3107 1911 3175 quod
1939 3105 2013 3159 bis
2044 3107 2301 3176 diapason
2331 3108 2543 3161 dicitur.
2590 3107 2698 3163 Sed
2737 3110 2887 3173 illud,
2924 3111 3132 3166 scilicet
3164 3111 3361 3166 diasteo

1772 3211 1882 3262 ma,
1911 3198 2051 3267 quod
2079 3198 2432 3264 diatessaron,
2462 3199 2559 3252 hoc
2598 3210 2671 3253 est
2706 3218 2772 3255 ex
2791 3211 3021 3269 quatuor
3043 3202 3256 3266 dicitur,
3281 3218 3362 3255 re-

1696 3276 1740 3336 C
1772 3288 1899 3357 cipit
1925 3305 2102 3354 sonos,
2136 3290 2187 3343 id
2229 3299 2311 3344 est
2345 3290 2576 3345 chordas
2607 3301 2856 3361 quatuor,
2896 3295 3067 3362 spatia
3102 3303 3158 3348 et
3189 3294 3360 3349 inter-

1768 3379 1911 3452 valla
1938 3381 2063 3445 tria,
2095 3390 2246 3435 tonos
2275 3382 2407 3435 duos
2440 3385 2616 3446 semis,
2651 3384 2936 3439 hemitonia
2968 3386 3220 3456 quinque,
3242 3388 3359 3440 die-

1766 3488 1848 3527 ses
1893 3489 2011 3526 vero
2039 3489 2093 3536 x,
2116 3482 2165 3528 et
2199 3484 2272 3526 est
2313 3475 2367 3528 in
2395 3475 2590 3541 epitriti
2619 3476 2839 3540 ratione,
2872 3476 2923 3530 id
2951 3485 3036 3531 est
3065 3478 3356 3546 sesquiter-

1770 3564 1864 3628 tia,
1893 3564 2063 3618 instar
2088 3574 2315 3634 quatuor
2337 3566 2404 3619 ad
2425 3578 2550 3621 tres.
2582 3567 2854 3636 Diapente,
2880 3570 3019 3638 quod
3045 3586 3109 3624 ex
3129 3578 3357 3640 quinque

1766 3664 1862 3715 est,
1888 3669 2068 3718 sonos,
2095 3654 2147 3708 id
2173 3663 2251 3708 est
2276 3655 2533 3719 chordas,
2559 3658 2737 3727 recipit
2759 3658 3006 3729 quinque,
3032 3663 3205 3730 spatia
3230 3678 3359 3731 qua-

1767 3751 1907 3806 tuor,
1933 3753 2081 3797 tortos
2123 3754 2226 3798 tres
2271 3756 2321 3798 et
2372 3747 2549 3811 semis,
2585 3749 2870 3803 hemitonia
2914 3766 3010 3813 vn,
3034 3751 3201 3806 dieses
3242 3768 3356 3816 XIV,

1766 3840 1815 3883 et
1847 3841 1921 3885 est
1953 3832 2007 3885 in
2036 3833 2280 3887 hemiolio
2326 3835 2548 3901 ratione,
2578 3837 2628 3891 id
2677 3847 2762 3893 est
2815 3840 3192 3910 sesqui-altera,
3214 3844 3357 3911 quod

1768 3933 1887 3976 sunt
1918 3934 2020 3977 tres
2050 3925 2121 3977 ad
2147 3926 2271 3980 duo.
2301 3925 2570 3997 Diapason
2595 3942 2974 3997 autem'sonos,
3006 3932 3057 3987 id
3085 3943 3171 3988 est
3197 3935 3361 3989 chor-

1770 4015 1886 4079 das,
1935 4016 2085 4071 liabet
2121 4033 2250 4083 vui;
2300 4020 2494 4088 spatia,
2544 4021 2597 4075 id
2645 4031 2731 4077 est
2761 4024 3041 4079 intervalla
3079 4040 3175 4089 vit,
3207 4037 3355 4080 tonos

1770 4125 1845 4173 γι,
1882 4110 2166 4165 hemitonia
2202 4114 2450 4181 geminat,
2485 4113 2538 4169 id
2573 4126 2656 4169 est
2706 4131 2780 4169 xu
2830 4117 3122 4172 hemitonia
3163 4118 3355 4185 habet;

1767 4202 1934 4255 dieses
1958 4202 2348 4273 quadruplicat,
2384 4205 2435 4258 id
2474 4214 2559 4260 est
2588 4222 2713 4261 xxw
2760 4208 2939 4262 dieses
2992 4209 3169 4270 habet,
3202 4221 3358 4279 atque

1769 4292 1824 4345 in
1870 4292 2112 4362 diplasia,
2155 4295 2206 4348 id
2249 4304 2334 4350 est
2372 4296 2552 4364 dupla,
2580 4299 2780 4351 ratione
2828 4308 3088 4362 versatur,
3120 4315 3243 4368 (μαῖ’
3280 4313 3357 4354 est

1771 4405 1932 4442 unum
1980 4389 2049 4442 ad
2088 4389 2212 4442 duo.
2262 4389 2415 4454 Quod
2454 4407 2572 4443 vero
2626 4408 2691 4443 ex
2741 4391 3000 4453 omnibus,
3035 4392 3086 4445 id
3124 4400 3208 4446 est
3238 4410 3356 4458 vm,

1769 4481 1912 4548 quod
1938 4490 2023 4534 est
2046 4481 2328 4548 diapason,
2359 4493 2407 4534 et
2430 4496 2495 4533 ea:
2521 4492 2769 4551 quatuor,
2801 4482 2850 4535 id
2874 4494 2959 4537 est
2989 4483 3353 4550 diatessaron,

1769 4570 1984 4635 dicitur,
2009 4586 2282 4633 sonorum,
2312 4571 2362 4624 id
2404 4581 2485 4625 est
2528 4572 2874 4636 chordarum,
2905 4584 2980 4627 est
3017 4589 3096 4638 si,
3130 4575 3256 4630 licet
3292 4588 3359 4631 ex

28 4655 156 4707 δὶια
183 4662 342 4715 sum.
369 4652 496 4719 (αίία
520 4651 785 4720 ditium?“
805 4660 958 4723 αιιμιε
979 4650 1271 4718 “illm/'0‘“-
1294 4646 1355 4699 Ε(
1378 4649 1665 4713 composui!
1694 4632 1743 4689 D
1770 4659 2040 4723 euntibus,
2074 4658 2124 4712 id
2149 4666 2234 4712 est
2256 4674 2324 4712 ex
2348 4676 2441 4714 vnt
2468 4670 2522 4713 et
2547 4675 2612 4713 ex
2642 4669 2875 4728 quatuor
2915 4663 3147 4727 dicatur,
3178 4673 3359 4720 tamen

30 4757 209 4810 sunt,
247 4763 372 4815 qua'
412 4761 505 4813 per
553 4745 787 4799 ordinent
826 4745 1066 4811 currunt)
1100 4758 1219 4810 qua:
1246 4742 1437 4795 eodem
1473 4741 1664 4793 ordine

32 4846 343 4889 currunt:
381 4835 434 4889 id
473 4844 557 4887 est
598 4850 692 4903 per
720 4834 944 4903 :equalia
992 4833 1163 4902 spatia
1204 4840 1453 4885 tonorum
1487 4839 1542 4886 et
1573 4831 1665 4884 he-

32 4926 430 4979 mitoniorum
465 4942 476 4976 :
508 4924 848 4992 incomposita
879 4940 1014 4987 vero,
1044 4939 1161 4993 qum
1194 4939 1258 4977 ex
1287 4923 1524 4985 diversis,
1557 4920 1661 4975 sci-

35 5020 188 5071 licet
225 5017 479 5080 vocibus,
510 5016 608 5069 sibi
650 5017 863 5071 invicem
908 5016 1240 5085 c0pu.'antur.
1264 5014 1415 5084 .Item
1453 5014 1559 5068 alia
1591 5011 1668 5064 lo-

28 5114 201 5181 gica,
234 5114 299 5166 id
336 5122 419 5169 est
449 5113 811 5176 rationabilia,
834 5110 945 5165 alia
978 5113 1152 5182 aloga,
1181 5113 1234 5167 id
1262 5123 1345 5169 est
1374 5113 1665 5170 irrationa-

28 5205 193 5260 liilia
246 5215 636 5258 memorantur.
686 5202 1069 5270 Rationabilia,
1109 5205 1162 5259 id
1206 5214 1291 5260 est
1337 5206 1534 5280 logica,
1576 5201 1668 5256 illa

27 5305 185 5350 sunt
210 5335 228 5360 ,
281 5312 503 5366 quorum
544 5309 846 5359 consensus,
889 5294 940 5349 id
984 5303 1065 5350 est
1105 5297 1432 5365 concordiae,
1471 5307 1668 5350 conve-

28 5387 323 5452 nientiae,
345 5402 623 5458 possumus
658 5397 908 5454 prcestare
944 5388 1347 5458 proportionem,
1379 5402 1546 5463 quam
1583 5385 1667 5440 in—

27 5479 265 5522 -νριιί-οο
317 5495 417 5533 nm.
459 5476 661 5528 ualuit,
703 5476 752 5518 iii
793 5487 872 5518 ne!
944 5491 1228 5518 meeumnc
1261 5479 1444 5522 ιΙίροιιο
1507 5490 1667 5516 ηιιηω

1774 4767 1881 4806 non
1914 4761 2041 4805 sunt
2068 4768 2165 4814 xu,
2198 4752 2293 4805 sed
2324 4768 2398 4815 ιιι,
2433 4753 2575 4820 quod
2608 4752 2659 4806 in
2695 4762 2887 4821 octava
2932 4755 3119 4809 linitur
3163 4758 3357 4829 diapa-

1773 4858 1893 4908 son,
1924 4850 1979 4895 et
2014 4840 2067 4894 in
2100 4841 2288 4894 eadem
2321 4842 2540 4896 inchoat
2571 4843 2933 4910 diatessaron,
2965 4846 3254 4913 spatiorum
3287 4845 3358 4907 X,

1772 4941 1921 4987 tonos
1956 4931 2105 4985 habet
2137 4942 2250 4985 octo
2288 4943 2339 4985 et
2380 4933 2556 4995 semis,
2591 4934 2873 4989 hemitonia
2914 4935 3170 5004 duplicat,
3199 4938 3251 4993 id
3278 4947 3364 4991 est

1775 5037 1911 5091 xvn,
1940 5023 2107 5077 diescs
2144 5021 2397 5099 prardicta
2429 5022 2628 5076 ratione
2655 5023 2992 5094 multiplicat,
3023 5024 3075 5076 id
3104 5034 3189 5078 est
3220 5042 3361 5094 qua-

1775 5112 2064 5186 druplicat,
2102 5110 2157 5167 id
2200 5120 2283 5167 est
2330 5128 2494 5170 xxxvs
2548 5110 2732 5179 habet,
2763 5126 2811 5170 et
2859 5126 2933 5171 est
2973 5116 3026 5168 in
3065 5112 3281 5181 diplasi
3320 5126 3369 5171 et

1772 5206 2023 5265 diametri
2064 5203 2258 5261 binarii
2289 5206 2497 5277 regula,
2523 5212 2577 5257 ut
2616 5215 2740 5258 sunt
2780 5217 2893 5261 octo
2925 5204 2993 5259 ad
3024 5212 3162 5265 tres;
3208 5202 3375 5259 habet

1774 5303 1925 5359 enim
1958 5297 2271 5362 octonarius
2300 5297 2600 5354 ternarium
2634 5295 2744 5362 bis,
2767 5310 2823 5353 et
2850 5299 2984 5354 duas
3014 5294 3209 5348 tertias
3245 5312 3376 5365 par-

1779 5395 1867 5446 tes
1898 5387 2152 5451 ternarii,
2192 5401 2329 5457 quas
2364 5391 2691 5443 dialiietrum
2732 5386 2965 5457 appellat
2993 5399 3007 5436 ;
3037 5390 3094 5435 ei
3123 5380 3378 5437 dianus“:

1778 5484 1966 5522 νεοπηιη
1996 5485 2171 5520 ηΛΙΔεΙ
2212 5477 2287 5512 ein
2333 5472 2553 5514 ἓηιοΙΙῖς-πε
2588 5486 2596 5492 ⁴
2625 5472 2767 5494 “Lib
