4038 6414
537 362 644 418 945

1114 359 1375 418 REMIGII
1411 357 2065 418 ANTISSIODORENSIS
2105 359 2256 418 OPP.
2295 363 2474 422 PARS
2512 365 2573 422 ll.
2617 396 2687 412 -—-
2721 366 3220 427 MlSCELLANEA.

3698 371 3808 429 9“

533 481 884 545 diametrum,
940 478 974 534 d
1013 485 1096 535 est
1133 479 1367 534 medium
1402 479 1682 534 dividitur.
1714 478 1868 544 Quod
1907 456 2025 533 vero
2055 493 2120 532 ex
2148 478 2198 537 Α
2226 477 2595 546 inadunatum,
2619 481 2839 536 chroma
2870 483 3191 549 coloratum,
3215 483 3468 538 diatonon
3496 493 3808 539 extentum.

535 570 801 635 omnibus,
831 569 882 623 id
912 577 994 624 est
1023 569 1305 640 diapason,
1338 578 1384 623 et
1414 569 1660 639 quinque,
1688 567 1739 623 id
1766 575 1850 622 est
1874 567 2124 636 diapente

533 669 777 725 constat,
829 659 1010 728 recipit
1055 675 1209 713 sonos
1256 675 1350 725 xu,
1385 659 1555 727 spatia
1609 674 1698 723 xI,
1751 668 1901 711 tonos
1957 673 2013 711 Ix
2071 665 2121 710 et

534 751 713 816 semis,
748 750 1028 804 hemitonia
1072 750 1403 820 geminantur
1447 764 1561 813 nx,
1613 748 1780 802 dieses
1836 745 2122 816 tetraplan-

537 851 647 907 tur,
699 841 751 897 id
798 850 880 897 est
926 840 1426 912 quadruplicanlur,
1464 839 1673 894 scilicet
1718 855 1912 903 xxva,
1955 847 2002 891 et
2045 847 2121 891 est

534 933 593 987 in
641 931 879 1001 triplasia
924 930 1161 993 ratione,
1210 940 1264 984 ut
1311 939 1538 998 quatuor
1576 929 1645 983 ad
1684 945 1779 984 xu.
1838 928 1991 996 Quod
2044 929 2121 983 bis

535 1023 790 1092 diapason
820 1021 1034 1086 dicitur,
1063 1021 1218 1074 habet
1243 1036 1397 1075 sonos
1428 1037 1518 1086 xv,
1549 1021 1720 1091 spatia
1771 1020 1846 1074 bis
1888 1030 2118 1090 septena,

536 1112 700 1188 idest
741 1127 852 1177 xw,
895 1121 1044 1166 tonos
1083 1127 1115 1165 x
1145 1127 1206 1165 ac
1240 1112 1366 1177 duo,
1398 1111 1450 1166 id
1480 1121 1562 1166 est
1589 1127 1666 1165 xu
1697 1111 1979 1165 hemitonia
2017 1110 2119 1165 du-

534 1195 763 1267 plicata,
796 1202 845 1254 id
883 1209 968 1255 est
1012 1195 1157 1267 xxiv,
1194 1199 1361 1256 dieses
1402 1217 1590 1266 XLVIII,
1642 1201 1694 1256 id
1754 1208 1838 1256 est.
1887 1199 2122 1270 quadru-

536 1294 760 1363 plicata,
791 1305 947 1364 atque
989 1304 1062 1348 est
1109 1295 1164 1348 in
1211 1293 1548 1364 tetraplasia,
1595 1294 1647 1349 id
1698 1303 1782 1350 est
1825 1285 2122 1364 quadrupla

537 1385 774 1448 ratione,
827 1394 882 1438 ut
936 1394 1057 1438 sunt
1107 1399 1183 1437 xu
1229 1383 1298 1436 ad
1341 1399 1414 1437 vI.
1459 1383 1555 1437 Est
1605 1393 1779 1437 autem
1826 1383 2023 1456 (tonus)
2067 1386 2122 1438 in

537 1478 777 1548 epogdoi,
811 1478 865 1532 iu
897 1477 1287 1546 sesquioctava,
1319 1476 1555 1542 ratione;
1581 1474 2121 1549 epogdousiaéyciooc

541 1546 738 1621 dicitur
766 1567 917 1636 quasi
949 1566 1240 1636 epiogdous
1267 1563 1544 1637 ἕπιόγδοος,
1578 1546 1629 1620 id
1661 1574 1742 1620 est
1777 1546 1940 1636 super
1973 1546 2123 1620 octa-

538 1671 661 1721 vus,
705 1655 844 1726 quod
899 1671 1062 1710 unum
1113 1655 1274 1709 habet
1319 1670 1481 1724 super
1525 1663 1667 1710 octo.
1713 1653 1912 1726 Ubique
1953 1656 2122 1710 diesin

538 1747 594 1800 in
643 1746 982 1807 enarntonio,
1031 1744 1237 1799 scilicet
1286 1758 1516 1814 genere,
1566 1745 1808 1800 debemus
1855 1745 2119 1815 accipere,

2231 566 2614 636 Enarmoniou,
2664 572 2870 627 scilicet
2898 589 3090 644 genus,
3128 576 3342 640 dicitur,
3364 575 3504 644 quod
3541 576 3808 644 pluribus,

2227 659 2278 712 id
2307 669 2390 714 est
2421 661 2714 729 majoribus
2737 665 2944 733 spatiis,
2985 675 3034 720 et
3065 667 3475 736 angustioribus,
3505 668 3560 722 id
3589 677 3676 722 est
3703 669 3810 722 Ini-

2225 754 2448 811 noribus
2475 757 2933 824 proportionibus,
2970 757 3136 813 diesis
3180 758 3451 825 videlicet,
3503 766 3809 828 separatur,

2224 845 2592 916 distinguitur.
2651 845 2910 900 Diatonon
2960 864 3097 913 vero,
3155 847 3366 904 scilicet
3417 863 3610 919 genus,
3663 848 3814 918 quod

2222 937 2360 990 tonis
2407 938 2698 1007 copiosum,
2729 937 2934 992 scilicet
2982 946 3085 1004 est,
3117 938 3167 992 id
3202 947 3288 994 est
3327 939 3615 992 abundans
3645 939 3813 992 tonis.

2223 1030 2491 1086 Diatonon
2525 1046 2694 1102 genus
2720 1031 2928 1086 duobus
2970 1031 3113 1088 tonis
3155 1040 3211 1086 et
3253 1032 3538 1086 semitomo
3566 1039 3814 1096 constat,

2222 1122 2364 1190 quod
2393 1136 2560 1192 genus
2599 1131 2683 1176 εει
2714 1121 3076 1177 clarissimum
3115 1131 3169 1177 et
3204 1123 3655 1188 minutissimum,
3687 1123 3817 1177 licet

2223 1209 2449 1266 diversis
2470 1211 2723 1281 gentibus
2752 1211 3058 1276 conveniat,
3080 1211 3224 1266 sicut
3249 1209 3463 1276 Gothis,
3493 1212 3589 1282 qui
3625 1212 3813 1266 minu-

2224 1301 2435 1355 tissime
2483 1310 2723 1367 canunt,
2769 1301 3052 1357 Theodissi
3102 1302 3171 1358 ab
3224 1303 3425 1356 tissone
3462 1313 3530 1366 ι,
3595 1301 3818 1355 Winedi

2221 1397 2277 1445 et
2321 1387 2530 1444 Hebraei
2557 1405 2680 1444 cum
2724 1405 3020 1445 murmure.
3074 1389 3322 1455 Chroma,
3371 1390 3584 1445 scilicet
3619 1406 3819 1460 genus,

2222 1479 2360 1552 quod
2419 1480 2483 1534 de
2535 1480 2829 1533 hemitoniis
2883 1480 3211 1550 componitur
3242 1495 3262 1533 :
3296 1480 3431 1533 sicut
3479 1479 3623 1532 enim
3675 1496 3819 1548 quoa

2221 1572 2359 1625 inter
2399 1570 2577 1624 album
2629 1572 2935 1639 nigrumque
2972 1578 3068 1635 est,
3108 1570 3251 1623 co’or
3284 1570 3517 1633 dicitur;
3573 1569 3650 1621 ita
3696 1569 3819 1632 hoc,

2223 1662 2431 1717 scilicet
2462 1662 2677 1715 tertium
2716 1674 2908 1730 genus,
2938 1660 3153 1714 chroma
3199 1660 3543 1724 nominatum,
3602 1659 3823 1716 scilicet

2225 1761 2326 1816 est,
2356 1753 2495 1820 quod
2518 1753 2652 1805 inter
2674 1761 2950 1821 utrumque
2975 1761 3072 1817 est,
3108 1751 3160 1806 id
3189 1761 3272 1806 est
3294 1752 3434 1806 inter
3461 1752 3819 1815 harmonion,

538 1849 676 1914 qua.
718 1833 925 1889 scilicet
963 1834 1146 1900 diesis,
1177 1842 1252 1888 est
1297 1837 1350 1890 in
1393 1845 1579 1904 quarta
1613 1835 2037 1903 particulatione.
2070 1833 2124 1888 id
2153 1816 2202 1878 Β
2228 1838 2280 1898 et
2313 1816 2613 1896 diatonum.
2657 1839 2724 1893 Et
2753 1816 3092 1894 enarmonion
3120 1841 3350 1911 quidem,
3379 1840 3590 1896 scilicet
3619 1847 3825 1911 genus,

541 1932 626 1979 est
673 1927 725 1980 in
772 1927 1034 1983 divisione
1079 1930 1211 1996 toni,
1244 1937 1434 1999 quarta
1473 1925 1818 2000 particulatio
1853 1940 1960 1981 una
1999 1939 2126 1995 pars

539 2027 642 2074 est.
989 2008 1000 2012 ’
1137 2023 1153 2037 ⁸

611 2109 794 2182 (Nunc
824 2113 952 2184 quid
982 2114 1048 2167 sit
1083 2113 1331 2184 systema)
1375 2110 1772 2184 perhibendum,
1804 2109 2122 2164 docendum.

542 2197 782 2269 Systema
820 2212 892 2254 est
931 2202 1236 2272 magnitudo
1267 2201 1424 2265 vocis,
1459 2201 1512 2254 id
1546 2207 1629 2254 est
1660 2213 1910 2269 magnum
1955 2197 2124 2252 inter»

543 2292 766 2357 vallum,
794 2309 858 2346 ea:
885 2293 1063 2347 multis
1089 2295 1284 2358 modis,
1307 2293 1358 2347 id
1385 2301 1470 2347 est
1497 2292 1666 2357 souis,
1707 2299 1791 2345 vel
1819 2305 1885 2345 ex
1907 2306 1939 2343 ν
1961 2299 2015 2346 ει
2040 2306 2125 2356 III,

541 2383 624 2438 vel
641 2399 713 2437 ex
749 2384 990 2453 pluribus
1013 2395 1258 2439 constans
1287 2384 1445 2454 (quod
1471 2381 1588 2437 licet
1614 2381 1778 2436 multa
1809 2382 2123 2436 divisionum

543 2488 733 2543 genera
778 2475 1010 2544 recipiat,
1053 2484 1227 2528 tamen
1256 2474 1401 2545 quia)
1433 2473 1637 2538 cadent,
1669 2472 1874 2527 scilicet
1903 2486 2124 2542 genera,

541 2565 600 2618 in
639 2565 993 2631 diastematis,
1029 2565 1080 2620 id
1125 2575 1211 2620 est
1248 2565 1437 2634 spatiis
1473 2564 1774 2620 minoribus
1802 2564 2125 2635 (memoravi,

543 2657 892 2727 prieteream).
924 2655 1195 2722 Absoluta,
1225 2657 1453 2726 integra,
1485 2666 1535 2710 et
1575 2655 1806 2727 perfecta
1846 2665 2128 2726 systemata

544 2756 664 2800 sunt
710 2762 828 2801 vuI.
884 2745 1117 2802 Primam
1165 2758 1274 2812 est,
1314 2748 1453 2818 quod
1497 2747 1562 2802 ab
1606 2746 1916 2818 Adquisito,
1975 2761 2128 2815 quem

544 2840 1057 2914 προσλαμϐανόμενον
1105 2829 1348 2906 dicimus,
1379 2841 1447 2894 ad
1488 2841 1736 2906 mediam,
1765 2857 1922 2911 quam
1956 2855 2130 2894 mesen

541 2929 796 2995 diximus,
820 2931 1026 2985 scilicet
1048 2940 1103 2985 et
1133 2932 1236 2986 hoc
1263 2940 1488 2986 vocatur
1517 2931 1793 2999 diapason,
1821 2946 1972 2984 omne
1999 2946 2128 2983 con-

531 3020 743 3089 jicitur,
793 3023 1149 3091 protenditur.
1193 3021 1524 3088 Secundam,
1576 3023 1781 3077 scilicet
1817 3020 2130 3093 systematis

545 3125 734 3179 genus,
761 3111 898 3180 quod
919 3129 951 3164 a
968 3111 1249 3183 principali
1267 3111 1660 3182 principalium,
1683 3112 1736 3166 id
1762 3119 1848 3166 est
1870 3111 1936 3165 ab
1964 3111 2129 3181 hypa-

542 3209 603 3255 te
644 3203 876 3273 hypaton
918 3204 972 3257 in
1017 3220 1324 3273 paramesen
1371 3220 1533 3275 usque
1568 3203 1820 3258 tenditur.
1870 3201 2124 3266 Tertium,

544 3293 687 3363 quod
712 3310 743 3345 a
769 3293 1143 3363 subprincipali
1171 3292 1566 3364 principalium,
1599 3292 1652 3347 id
1679 3300 1764 3347 est
1797 3306 1828 3346 a
1868 3300 2130 3362 parypate

544 3383 806 3454 hypaton,
853 3385 906 3438 in
949 3387 1234 3440 divisaram
1273 3386 1501 3451 tertiam,
1534 3385 1585 3439 id
1624 3394 1707 3441 est
1752 3385 1879 3440 trite
1909 3384 2130 3440 Diezeu—

547 3488 808 3542 gmenon,
831 3473 1094 3544 jungitur.
1128 3473 1410 3540 Quartum,
1433 3477 1572 3545 quod
1597 3475 1662 3529 ab
1693 3483 1901 3528 extenta
1934 3472 2131 3544 princi‘

551 3561 774 3632 palium,
804 3564 854 3616 id
879 3573 962 3618 est
997 3563 1240 3618 lichanos
1271 3563 1532 3635 hypaton,
1557 3580 1719 3634 usque
1755 3566 1809 3618 in
1841 3564 2129 3618 divisarum

555 3655 833 3709 diatonum
861 3655 1148 3725 profertur,
1173 3655 1224 3710 id
1247 3665 1330 3711 est
1352 3656 1404 3711 in
1427 3665 1682 3727 paranete
1710 3655 2131 3725 diezeugmenon

553 3739 824 3800 diatonos.
865 3743 1136 3812 Quintum,
1169 3745 1309 3816 quod
1351 3763 1382 3800 a
1423 3745 1701 3816 principali
1734 3745 2050 3810 mediarum,
2080 3743 2133 3798 id

551 3844 638 3891 est
686 3836 758 3890 ab
804 3836 1001 3906 hypate
1050 3851 1262 3903 meson,
1304 3835 1360 3890 in
1409 3846 1558 3890 neten
1612 3835 1922 3898 divisurum,
1968 3833 2019 3888 id
2046 3839 2134 3888 est

555 3925 611 3977 in
645 3933 768 3979 nete
815 3924 1263 3994 diezeugmenon,
1295 3940 1455 3994 usque
1499 3923 1850 3995 progreditur.
1894 3919 2131 3986 Sextum,

551 4012 693 4076 quod
747 4029 777 4065 a
811 4012 1188 4081 subprincipali
1221 4013 1532 4077 mediarum,
1581 4012 1637 4067 id
1689 4021 1771 4067 est
1802 4027 1831 4065 a
1876 4018 2134 4082 parypate

553 4115 764 4164 meson,
796 4101 848 4153 in
894 4103 1100 4153 tertiam
1143 4101 1522 4165 excellentium,
1555 4101 1606 4155 id
1640 4109 1744 4166 est,
1774 4101 1826 4154 in
1864 4101 1988 4154 trite
2032 4101 2133 4170 hy-

557 4197 864 4267 perbolaeon
890 4196 1137 4260 trahitur,
1165 4196 1428 4250 excurrit.
1458 4193 1769 4265 Septimum,
1795 4200 1933 4265 quod
1970 4212 2002 4248 a
2028 4210 2137 4249 me-

556 4289 770 4341 diarum
811 4295 1043 4351 extenta,
1069 4285 1126 4339 id
1157 4295 1300 4341 est-a
1343 4285 1588 4341 lichanos
1632 4301 1818 4341 meson
1863 4285 2134 4350 diatonos,

557 4377 612 4430 in
641 4374 1005 4430 excellentiam
1030 4376 1303 4439 diatonon,
1333 4376 1385 4429 id
1420 4384 1503 4430 est
1534 4375 1586 4429 in
1619 4383 1911 4446 paraneten
1938 4375 2136 4446 hyper-

555 4469 766 4524 bolmon
795 4468 1044 4523 diatonos
1071 4469 1321 4538 exsurgit,
1351 4469 1612 4524 excurrit.
1645 4462 1922 4535 Octavum,
1940 4466 2079 4538 quod
2100 4483 2133 4519 a

557 4557 752 4620 media,
784 4555 837 4610 id
871 4564 954 4611 est
983 4571 1013 4610 a
1045 4569 1207 4620 mese,
1235 4556 1595 4611 excellentium
1625 4558 1680 4612 in
1705 4557 1939 4612 ultimam
1980 4557 2132 4612 duci-

559 4656 669 4711 tur,
697 4646 748 4699 id
787 4655 870 4700 est
899 4646 952 4699 in
982 4656 1140 4700 neten
1171 4645 1570 4716 lIyperbolmon.

634 4735 858 4802 Quibus,
885 4737 1090 4792 scilicet
1134 4739 1466 4808 systematis,
1497 4739 1728 4794 excursis
1755 4756 1943 4809 genera
1975 4750 2135 4796 tetra-

561 4827 876 4881 chordarum
924 4826 1330 4898 modulandique
1357 4830 1673 4894 discurram,
1705 4833 1755 4884 id
1793 4841 1878 4886 est
1903 4833 2136 4887 breviter

562 4929 849 4985 exponam.
908 4914 1314 4982 Tetrachordon,
1355 4926 1440 4971 est
1485 4919 1847 4976 nominativus
1892 4919 2132 4986 Caecus,

559 5015 636 5060 est
685 5005 1000 5060 chordarum
1053 5005 1240 5059 divisio
1287 5022 1406 5059 cum
1447 5017 1588 5060 certa
1631 5009 1900 5079 qualitate,
1941 5010 1995 5065 id
2055 5019 2138 5066 est

561 5097 926 5167 proportione.
957 5094 1160 5152 Genera
1195 5097 1502 5152 modulandi
1543 5111 1663 5153 sunt
1709 5102 1833 5166 tria,
1873 5101 2135 5156 Enarmo-

563 5174 709 5253 nimi,
738 5185 984 5253 Chroma,
1024 5186 1307 5242 Diatonon.
1335 5188 1718 5244 Enarmonium
1749 5191 2139 5260 interpretatur

557 5384 559 5411 ί
637 5397 662 5427 ο
705 5383 827 5439 Haec
861 5385 1002 5440 forte
1037 5383 1298 5456 legenda:
1331 5382 1569 5440 Teodisci
1597 5385 1840 5454 altisone,
1867 5387 1955 5446 vel
1984 5389 2136 5445 altis-

566 5457 717 5517 sime,
741 5455 950 5513 scilicet
970 5455 1190 5510 canunt.
1327 5497 1348 5517 .
1989 5457 1994 5464 '
2068 5484 2089 5506 ι.
2121 5479 2124 5483 ε

589 5538 617 5580 0,
639 5525 896 5596 bLTotam
935 5523 1278 5596 parenthesin
1310 5525 1579 5596 ponimus,
1610 5535 1672 5583 ut
1698 5528 1927 5584 habetur
1947 5545 2135 5587 corru-

565 5601 660 5666 pta
683 5594 744 5648 in
775 5594 1081 5670 apographo
1110 5614 1123 5650 :
1159 5594 1444 5670 undecum
1463 5611 1681 5670 _sensus
1707 5598 1891 5670 nullus
1909 5597 2132 5670 procudi

567 5663 753 5732 queat,
797 5663 1184 5734 ipsum—saltem
1230 5663 1474 5719 Martiani
1515 5676 1719 5722 textum
1755 5684 1820 5724 ex
1854 5663 2135 5726 Méibomio

568 5736 658 5794 hic
687 5735 876 5791 damus
900 5755 913 5791 :
964 5753 982 5788 ι
1010 5737 1261 5808 cingitur,
1289 5735 1640 5796 modulationi
1661 5740 1881 5798 obediet
1922 5740 1978 5797 in
2009 5754 2136 5796 acu-

2227 1948 2344 1987 cum
2372 1934 2437 1985 ab
2469 1930 2898 1993 innnutabilibus,
2939 1931 2991 1986 id
3012 1940 3095 1986 est
3119 1932 3480 2003 gravioribus,
3519 1934 3668 1987 sonis
3701 1935 3818 1985 ciu-

2227 2023 2390 2094 gitur,
2453 2023 2506 2078 id
2551 2032 2635 2078 est
2689 2022 2940 2088 vallatur,
2973 2023 3002 2063 b
3031 2022 3151 2094 (sic
3197 2023 3341 2078 enim
3389 2023 3587 2094 surgit,
3629 2033 3820 2086 tonis,

2227 2124 2404 2174 tonus.
2438 2114 2604 2169 diesis
2643 2113 2695 2168 in
2719 2128 2945 2168 acumen
2969 2127 3066 2184 per
3093 2113 3349 2178 dieresin,
3374 2114 3584 2168 scilicet
3613 2115 3817 2184 surgit.

2227 2204 2372 2274 quod
2394 2204 2651 2258 diatonon
2683 2213 2738 2258 et
2759 2205 3134 2270 enarmonion,
3175 2204 3226 2259 id
3252 2217 3334 2260 est
3365 2220 3460 2275 per
3487 2206 3629 2260 duos
3665 2215 3824 2260 mnos

2229 2297 2666 2368 incompositum,
2697 2298 2838 2366 quod
2867 2297 2971 2350 duo
2999 2298 3110 2351 toni
3153 2298 3205 2350 in
3261 2313 3366 2351 una
3414 2299 3638 2368 regione
3694 2307 3822 2351 sunt

2231 2390 2333 2444 tria
2390 2388 2708 2453 hemitonia,
2759 2389 2860 2443 hoc
2905 2397 3076 2443 totum
3127 2387 3274 2443 clare
3322 2397 3469 2459 patet
3497 2390 3552 2442 in
3604 2390 3824 2459 paginis

2229 2477 2398 2533 Boetii
2426 2479 2492 2533 de
2522 2477 2760 2542 Musica;
2793 2477 2846 2532 in
2871 2491 3114 2548 gravem,
3138 2477 3346 2532 scilicet
3376 2477 3698 2542 melodiam,
3725 2493 3822 2548 per

2229 2573 2520 2636 diversum,
2565 2571 2616 2625 id
2655 2580 2738 2626 est
2775 2587 2843 2626 ex
2889 2571 3165 2626 contrario
3212 2579 3419 2625 mutato
3463 2571 3728 2640 ordine).
3759 2573 3824 2624 At

2229 2678 2346 2717 vero
2367 2663 2659 2726 diatonum,
2691 2662 2742 2715 id
2765 2669 2848 2716 est
2875 2660 3204 2715 diatonicum
3230 2644 3421 2732 gens,
3453 2661 3582 2730 ipsis
3610 2672 3825 2714 conten-

2230 2762 2360 2816 tum,
2387 2752 2596 2806 scilicet
2624 2760 2730 2816 est,
2774 2750 2916 2805 sonis
2959 2751 2980 2821 (
2997 2753 3051 2805 in
3081 2768 3300 2805 acumen
3323 2750 3534 2821 quidem
3566 2751 3645 2803 ita
3681 2751 3823 2804 acci-

2226 2844 2330 2912 piet
2350 2841 2779 2906 modulationem,
2821 2851 2876 2894 ut
2915 2857 3008 2911 per
3050 2841 3410 2906 hemitonium,
3442 2850 3490 2894 et
3522 2850 3733 2905 tonusss,
3775 2850 3824 2895 et

2229 2943 2429 2997 tonum,
2457 2933 2668 2986 modum
2692 2932 3221 3003 integrum‘compleat
3243 2946 3262 2984 :
3290 2941 3344 2986 at
3363 2948 3478 2987 vero
3501 2931 3825 3002 gratiorem)

2230 3023 2284 3076 id
2314 3029 2414 3086 est,
2447 3021 2819 3088 conjunctum,
2859 3038 2951 3091 per
2977 3021 3303 3075 contrarium
3343 3021 3608 3086 ordinem,
3658 3021 3713 3074 id
3736 3029 3825 3074 est

2229 3127 2329 3184 per
2367 3121 2572 3177 tonum,
2612 3122 2669 3168 et
2720 3124 2905 3168 tonum
2955 3122 3012 3168 et
3058 3113 3409 3168 hemitonium
3459 3124 3823 3182 persequetur.

2232 3201 2336 3257 Sed
2364 3219 2520 3269 nunc,
2566 3204 2617 3258 id
2652 3211 2735 3258 cst
2760 3204 2862 3258 hoc
2901 3212 3168 3272 tempore,
3205 3203 3433 3257 maxime
3469 3204 3691 3256 diatono
3718 3203 3827 3256 uti-

2228 3311 2368 3349 mur.
2395 3295 2552 3348 idest
2584 3294 2708 3350 usui
2738 3294 3024 3357 habemus,
3050 3307 3114 3346 eo
3138 3293 3278 3364 quod
3301 3292 3582 3362 pulchrior
3606 3294 3826 3347 exteris

2228 3385 2336 3451 sit;
2369 3385 2512 3454 quod
2541 3383 2661 3439 ideo
2691 3383 2909 3449 dicitur,
2949 3383 3075 3453 quia
3103 3381 3233 3437 Afer
3271 3391 3393 3437 erat
3420 3383 3558 3446 iSIe;
3590 3381 3646 3435 in
3676 3382 3826 3436 Afri-

2231 3491 2295 3530 ca
2320 3476 2464 3529 enim
2497 3473 2732 3528 maxime
2759 3473 2905 3544 viget
2926 3472 3254 3528 diatonicum
3284 3487 3470 3543 genus.
3497 3471 3605 3527 Sed
3633 3473 3824 3525 horum

2231 3566 2338 3620 alia
2383 3565 2718 3619 modulantur
2755 3580 3066 3634 peragogen,
3117 3566 3338 3636 ἀγωγὴν,
3382 3563 3435 3619 id
3473 3573 3563 3618 est
3599 3579 3821 3618 sursum

2232 3655 2564 3720 ductionem,
2598 3654 2683 3708 vel
2732 3669 2829 3724 per
2878 3654 3250 3710 ascensionem
3288 3655 3343 3708 in
3391 3669 3662 3720 acumen;
3711 3656 3824 3709 alia

2231 3765 2325 3818 per
2357 3747 2538 3817 plocen
2565 3748 2770 3812 πλοκὴν,
2801 3746 2854 3800 id
2895 3755 2982 3800 est
3016 3745 3433 3815 geminationem
3462 3743 3548 3799 vel
3593 3745 3822 3815 copula-

2235 3840 2458 3896 tionem.
2494 3836 2601 3892 Per
2641 3854 2837 3908 agogen
2865 3844 2964 3902 est,
2991 3835 3199 3891 scilicet
3228 3835 3548 3900 modulatio,
3573 3852 3694 3889 cum
3727 3851 3824 3904 per

2234 3933 2469 3986 ordinem
2531 3945 2691 3983 sonus
2751 3929 3007 3999 sequitur,
3069 3925 3277 3982 scilicet
3331 3925 3592 3995 seipsum.
3667 3923 3826 3979 Place

2234 4029 2408 4074 autem
2433 4019 2648 4082 dicitur,
2684 4033 2804 4072 cum
2828 4018 3032 4071 diuersa
3062 4017 3348 4079 sociamus,
3381 4015 3432 4068 id
3457 4024 3543 4069 est
3569 4015 3818 4070 diversas

2235 4109 2464 4163 chordas
2487 4106 2886 4178 coniungimus,
2918 4113 3168 4176 quartam
3191 4105 3446 4160 chordam
3474 4104 3543 4158 ad
3564 4105 3820 4174 primam,

2237 4199 2397 4256 Ploce
2427 4198 2697 4268 copulatio
2725 4198 2806 4253 vel
2837 4199 3150 4269 geminatio,
3182 4198 3440 4268 quidquid
3477 4199 3628 4252 enim
3657 4200 3827 4270 gemi-

2239 4300 2397 4346 natur
2427 4289 2510 4344 vel
2555 4305 2619 4345 ει
2671 4289 2900 4345 diversis
2928 4286 3065 4346 locis
3106 4289 3398 4361 colligitur,
3433 4291 3593 4360 ploce
3643 4290 3824 4361 appel-

2239 4380 2401 4435 lalur.

2313 4471 2394 4526 Ea:
2434 4471 2556 4524 hinc
2609 4471 2664 4525 in
2710 4468 3028 4524 modulanda
3077 4467 3207 4535 alia,
3253 4469 3457 4526 scilicet
3504 4470 3822 4532 modulatio,

2244 4561 2419 4614 euthia
2435 4561 2599 4614 ευθιῖα
2621 4559 2837 4622 dicitur,
2853 4557 2995 4626 quod
3016 4566 3090 4612 est
3113 4566 3273 4622 recta,
3297 4558 3505 4613 scilicet
3528 4560 3824 4614 modulatio

2245 4653 2297 4707 in
2324 4665 2548 4706 acumen
2572 4667 2586 4704 :
2620 4649 2727 4703 alia
2751 4658 3088 4719 anacamptos
3117 4651 3464 4721 ἁνάιαμπτος,
3489 4652 3637 4719 quod
3655 4663 3727 4705 est
3744 4667 3820 4704 re-

2241 4750 2459 4805 vertens,
2501 4739 2552 4794 id
2587 4747 2670 4793 est
2699 4738 2750 4792 in
2783 4737 3103 4807 gravitatem
3132 4736 3470 4792 descendens
3496 4755 3510 4792 :
3537 4738 3654 4792 alia
3691 4740 3824 4808 peri-

2241 4833 2419 4903 pheres
2444 4836 2738 4908 περιφερής,
2779 4830 2875 4882 hoc
2903 4839 2975 4883 est
3012 4829 3382 4894 circumstans,
3408 4828 3633 4894 reﬂexa,
3665 4845 3822 4900 quam

2244 4929 2495 4977 cantores
2514 4920 2749 4973 vinolam
2777 4918 2984 4972 dicunt.
3013 4916 3205 4972 Euthia
3227 4929 3322 4985 est,
3349 4919 3825 4989 scilicet-modula-

2245 5013 2340 5078 tio,
2379 5027 2498 5082 qua:
2537 5026 2571 5063 a
2615 5010 2761 5080 gravi
2809 5009 2863 5061 in
2889 5026 3108 5064 acumen
3153 5010 3409 5080 erigitur;
3460 5023 3822 5079 anacamptos,

2243 5117 2360 5172 qua:
2379 5117 2405 5155 e
2435 5099 2718 5165 contrario,
2748 5099 2798 5154 id
2830 5107 2912 5154 est
2939 5100 3008 5154 ab
3032 5101 3282 5156 acumine
3305 5100 3357 5156 in
3379 5116 3604 5172 gravem
3628 5103 3818 5170 deﬁcit.

2248 5191 2572 5256 Perivheres,
2597 5191 3005 5256 circumvoluta,
3033 5191 3284 5258 rotunda,
3301 5208 3417 5261 qua:
3437 5193 3509 5245 ad
3529 5203 3820 5264 utramque,

2239 5393 2386 5461 men,
2411 5403 2508 5459 per
2536 5389 2706 5445 diesin
2733 5397 2784 5444 et
2818 5387 3010 5452 diesin,
3039 5397 3095 5443 et
3120 5388 3340 5444 ditonon
3365 5390 3784 5461 incompositum
3802 5440 3817 5458 ,

2238 5460 2293 5514 in
2341 5475 2558 5529 gravem
2589 5475 2719 5514 vero
2749 5474 2940 5513 sonum
2989 5475 3020 5513 e
3057 5461 3334 5516 contrario
3372 5460 3677 5520 modulatio
3715 5475 3820 5520 tota

2239 5529 2592 5586 submittitur.
2639 5530 2872 5584 Chroma
2903 5537 3083 5583 autem
3122 5530 3223 5584 hoc
3269 5532 3427 5587 modo
3466 5532 3640 5589 melos
3685 5537 3823 5589 acci-

2239 5602 2351 5670 pit;
2386 5616 2478 5668 per
2512 5599 2873 5670 hemitonium
2894 5607 2947 5653 et
2994 5599 3367 5662 hemitonium,
3399 5609 3453 5654 et
3495 5602 3598 5656 tria
3652 5604 3822 5658 hemi-

2243 5668 2408 5742 tonia,
2433 5684 2554 5738 qua:
2580 5668 2936 5742 incomposita
2966 5671 3321 5738 provenient:
3353 5672 3404 5725 in
3435 5686 3657 5742 gravem
3695 5687 3821 5729 vere

2240 5755 2306 5797 ex
2338 5737 2550 5795 diverso
2573 5747 2836 5793 recurret.
2869 5737 2939 5792 At
2961 5753 3108 5807 vero,
3142 5758 3160 5793 ι
3204 5747 3310 5796 etc.
