4038 6446
201 428 311 488 M5

1629 428 1719 486 DE
1756 428 2026 488 MUSICA.

3368 448 3476 503 956

204 544 220 597 i
246 546 257 596 l
282 551 364 598 est
394 542 461 596 ad
493 548 706 596 aculam
734 551 787 598 et
811 555 1053 612 gravem,
1087 548 1178 597 aut
1206 542 1597 606 accomodatur,
1643 542 1786 598 scili-
1813 545 1862 604 Α
1888 560 1986 613 que
2015 545 2150 615 (rapi
2170 547 2499 601 tetrachorda
2525 550 2686 619 quina
2721 552 3039 618 custodiunt,
3075 556 3207 611 sicut
3235 562 3474 628 superius

201 642 291 688 cet
314 649 435 689 cum
464 649 699 697 sursum,
729 636 795 687 ad
822 649 1046 689 acumen
1082 635 1330 704 erigitur,
1362 646 1452 689 aut
1476 637 1654 701 servit,
1684 636 1791 690 sci-

204 723 329 780 licet
369 740 491 778 cum
521 724 754 779 ﬂectitur
786 724 849 778 ad
890 740 1124 796 gravem.
1171 723 1273 780 Sed
1296 742 1413 780 cum
1436 726 1792 780 tetrachordo-

203 831 350 879 rum,
390 832 519 885 quos
548 816 875 885 quadriﬁs'os
916 817 1308 882 tetrachordos,
1350 818 1402 872 id
1449 827 1529 871 est
1558 826 1794 886 quatuor

200 910 442 964 chordas
469 910 749 973 habentes,
774 910 1116 979 appellamus,
1139 910 1419 985 divisiones
1440 910 1792 965 innumerabi-

202 998 281 1052 les
312 1000 438 1061 sint,
467 1010 655 1068 septem
686 1012 712 1040 ει
741 1009 861 1054 sunt
894 1010 1052 1067 noue,
1078 1001 1129 1055 id
1159 1010 1241 1056 est
1272 1002 1523 1072 cognitas,
1553 1016 1795 1055 enarmo-

205 1089 304 1152 nii,
352 1089 562 1144 scilicet
616 1091 853 1160 generis,
910 1091 1055 1158 dua’,
1105 1092 1397 1149 divisiones
1440 1100 1567 1147 sunt
1612 1100 1788 1155 notat;

201 1180 509 1245 chromatis,
537 1180 743 1235 scilicet
766 1182 1005 1252 generis,
1028 1191 1152 1248 tres,
1183 1182 1391 1239 scilicet
1414 1192 1541 1236 sunt
1568 1181 1792 1236 divisio-

204 1280 307 1322 nes
337 1276 498 1333 noue,
541 1285 764 1338 quarum
804 1285 909 1325 una
935 1272 1125 1341 prima,
1155 1288 1274 1342 qua:
1305 1270 1561 1327 mollis‘ac
1589 1270 1791 1333 soluta,

204 1357 262 1410 id
306 1366 387 1411 est
417 1355 640 1423 lasciva,
681 1358 858 1414 mollis
886 1361 1102 1428 dicitur,
1152 1362 1295 1431 quod
1344 1362 1447 1415 tria
1497 1356 1793 1416 hemitonia

205 1446 371 1501 habet
400 1448 451 1501 in
484 1464 588 1502 una
628 1450 868 1521 regione,
903 1461 956 1507 et
984 1467 1014 1505 a
1058 1452 1270 1508 caeteris
1304 1454 1613 1523 regionibus
1644 1454 1793 1508 abso-

203 1535 345 1601 luta,
378 1538 429 1591 id
475 1546 559 1592 est
587 1539 785 1609 ampla,
814 1555 976 1610 quam
1004 1557 1133 1597 vero
1160 1543 1263 1597 tria
1303 1543 1596 1599 hemitonia
1627 1544 1790 1599 unius

202 1630 367 1696 Spatii
398 1640 711 1699 comparata
742 1632 952 1689 duobus
980 1632 1313 1699 hemitoniis,
1346 1634 1604 1691 hemiolia
1654 1636 1793 1690 ratio

204 1720 457 1788 eliicitur,
498 1723 617 1778 ideo
647 1725 882 1779 secunda
908 1735 1035 1781 nota
1076 1726 1349 1781 hemiolia.
1384 1725 1652 1792 Secunda,
1682 1726 1789 1782 sci-

204 1812 335 1867 licet
368 1822 514 1878 nota,
546 1832 664 1884 quia
692 1815 939 1870 hemiolio
973 1828 1068 1882 est,
1107 1818 1313 1873 scilicet
1342 1817 1486 1887 quod
1518 1817 1590 1872 ibi
1621 1816 1791 1871 abun-

204 1904 301 1956 dat
328 1904 669 1973 sesquitertia
700 1905 912 1960 divisio.
941 1905 1135 1969 Tertia,
1160 1885 1376 1962 scilicet
1391 1916 1538 1972 nota,
1568 1924 1685 1978 qua:
1711 1915 1787 1961 est
1821 1885 1863 1944 Β

206 1995 353 2047 touia
387 1996 438 2059 ι),
474 1995 617 2063 quod
660 2010 799 2050 unus
826 2004 986 2051 tonus
1014 1997 1268 2051 dividitur
1292 1998 1365 2052 ibi
1399 1997 1453 2051 in
1492 1997 1597 2052 duo
1622 1997 1793 2052 hemi-

208 2084 356 2137 tonia
405 2102 419 2138 :
460 2084 777 2151 diatonicos,
828 2085 1036 2141 scilicet
1091 2087 1325 2156 generis,
1385 2086 1528 2152 dum,
1587 2086 1794 2143 scilicet

207 2172 507 2228 divisiones
547 2184 696 2239 sunt,
752 2192 860 2229 una
908 2175 1099 2241 mollis,
1154 2177 1364 2232 scilicet
1392 2186 1614 2249 pr0pter
1655 2177 1795 2232 inte-

206 2277 364 2330 grum
402 2271 609 2329 tonum,
643 2264 809 2318 altera
843 2266 1078 2331 robusta,
1125 2265 1177 2320 id
1226 2275 1332 2333 est,
1367 2276 1524 2323 acuta
1572 2277 1796 2338 propter

208 2352 520 2408 hemiolion.
552 2353 621 2407 Et
654 2354 857 2420 modos,
901 2355 953 2409 id
1001 2364 1083 2410 est
1124 2356 1332 2425 species
1358 2358 1565 2427 quidem
1606 2358 1794 2427 accipit

208 2444 550 2498 enanuonion
589 2444 799 2498 scilicet
848 2459 1041 2513 genus,
1088 2460 1119 2498 a
1162 2448 1517 2501 tetartemoria
1560 2448 1712 2512 diesi,
1739 2448 1794 2501 id

208 2541 287 2585 est
318 2533 428 2585 toni
465 2542 612 2600 parte
631 2544 839 2604 quarta,
874 2550 993 2588 nam
1026 2536 1183 2609 μυρία
1212 2549 1338 2603 pars
1378 2536 1599 2590 dicitur.
1645 2535 1794 2589 Illud

210 2637 330 2675 vero
356 2624 496 2692 quod
524 2621 761 2693 mollius,
787 2623 964 2688 idest,
997 2624 1221 2678 chroma
1247 2623 1498 2689 diximus,
1526 2640 1620 2692 per
1643 2626 1792 2679 trite-

212 2713 420 2765 mai-ian
449 2711 617 2766 diesin
643 2712 939 2781 copulatur,
964 2713 1016 2767 id
1043 2721 1147 2780 est,
1181 2713 1527 2784 conjungitur
1556 2715 1609 2769 in
1634 2714 1795 2769 chro-

212 2800 417 2853 matico
438 2814 654 2871 genere,
685 2802 826 2869 quod
861 2800 1023 2855 molle
1052 2808 1279 2857 vocatur
1303 2819 1318 2868 ;
1351 2810 1511 2857 tonus
1537 2803 1797 2858 dividitur

212 2889 267 2945 in
315 2900 424 2947 tres
469 2900 668 2962 partes,
714 2892 836 2948 ideo
896 2894 1194 2949 tritemoria
1240 2891 1556 2962 appellatur.
1612 2892 1795 2963 Ipsum

212 2998 335 3036 vero
365 2985 382 3034 t
399 2984 654 3054 chroma)
684 2983 985 3050 hemiolion,
1015 2983 1069 3038 id
1099 2992 1184 3038 est
1207 2984 1505 3049 diatonum,
1536 2983 1596 3053 ﬁt
1617 2984 1682 3037 ab
1708 2986 1797 3039 he»-

212 3076 397 3130 miolia
420 3080 569 3145 diesi,
601 3078 652 3132 id
676 3088 752 3133 est
784 3078 852 3133 ab
877 3079 1194 3144 hemitonio,
1217 3079 1271 3133 in
1302 3094 1409 3149 quo
1430 3087 1655 3150 apparet
1678 3092 1795 3135 ses-

212 3165 482 3234 quialtera
524 3168 833 3238 proportio,
881 3169 997 3237 ejus
1031 3168 1211 3232 diesis,
1244 3185 1362 3239 qua:
1392 3170 1454 3240 ﬁt
1482 3169 1793 3235 enarmonii,

211 3255 419 3311 scilicet
450 3259 691 3327 generis,
714 3258 855 3327 quod
881 3260 998 3313 duce
1028 3268 1238 3329 quartae
1264 3269 1451 3330 partes
1473 3259 1527 3314 in
1550 3275 1797 3315 enarmo-

212 3344 308 3401 nio
358 3357 653 3417 segregata:
697 3347 1099 3420 coniunguntur
1132 3351 1185 3405 in
1213 3366 1379 3406 unum
1420 3352 1474 3406 in
1524 3352 1796 3417 hemiolio,

210 3437 323 3493 hoc
349 3447 433 3492 est
472 3438 525 3492 in
575 3439 819 3506 diatono,
847 3447 902 3494 et
924 3437 1161 3495 elliciunt
1209 3440 1582 3504 hemitonium,
1615 3456 1645 3496 a
1692 3456 1800 3511 quo

206 3525 401 3596 incipit
428 3527 758 3584 diatonicum
790 3544 983 3596 genus,
1005 3540 1060 3584 et
1087 3532 1375 3586 hemiolion
1400 3532 1600 3587 dicitur
1625 3533 1799 3588 diato-

207 3618 418 3683 nicum,
451 3619 593 3688 quod
636 3619 689 3673 in
723 3621 841 3690 ipso
872 3636 1070 3691 genere
1100 3622 1352 3692 diapente
1384 3623 1643 3689 abundat,
1680 3640 1800 3695 qua:

209 3709 269 3763 in
316 3710 578 3765 extremis
625 3707 931 3767 suis'sonis
984 3714 1337 3783 sesquialtera
1386 3717 1669 3787 copulatur
1711 3733 1799 3772 ra-

209 3801 382 3854 tione.

204 3906 209 3907 ί
288 3888 395 3945 Sed
445 3906 584 3944 nunc
627 3892 690 3947 de
736 3894 897 3957 tonis,
933 3894 1139 3951 scilicet
1185 3896 1448 3954 dicamus.
1500 3899 1673 3955 Tonus
1723 3910 1798 3956 est

206 3977 370 4046 spatii
396 3980 729 4048 magnitudo,
764 3981 816 4035 id
850 3992 935 4037 est
977 3984 1243 4039 intervalli
1276 3987 1415 4042 inter
1450 3989 1705 4042 chordam
1743 3997 1801 4045 ct

206 4067 496 4131 chordam,
528 4076 583 4123 et
609 4084 797 4125 vocem
828 4081 885 4126 et
926 4087 1147 4142 vocem;
1176 4076 1265 4146 qui
1297 4076 1413 4130 ideo
1445 4086 1598 4131 tonus
1628 4077 1797 4133 dictus

205 4166 310 4219 est,
341 4160 481 4227 quod
521 4176 613 4229 per
640 4160 735 4214 hoc
762 4164 991 4234 spatium
1026 4175 1147 4221 ante
1176 4184 1368 4233 omnes,
1403 4169 1605 4225 scilicet
1636 4184 1798 4227 voces

206 4254 267 4301 et
298 4247 590 4304 divisiones
618 4264 809 4305 vocum
848 4254 963 4308 sive
999 4255 1322 4310 chordarum
1362 4261 1530 4328 prima
1560 4276 1658 4314 vox
1681 4277 1798 4331 qua:

205 4339 393 4411 fuerit,
421 4342 733 4407 extenditur,
764 4342 860 4398 hoc
894 4354 988 4408 est,
1017 4345 1081 4399 de
1107 4356 1230 4400 nota
1258 4347 1483 4417 qualibet
1514 4351 1569 4402 in
1597 4361 1796 4416 notam,

207 4431 264 4485 id
304 4438 409 4494 est,
442 4430 506 4485 de
529 4432 730 4486 chorda
778 4434 828 4487 in
854 4435 1132 4500 chordam,
1161 4436 1385 4507 singula:
1412 4438 1554 4491 enim
1581 4440 1798 4495 chordae

206 4520 434 4574 habent
460 4536 585 4576 suas
623 4523 862 4586 notulas,
894 4525 1034 4578 sicut
1076 4527 1308 4581 habetur
1346 4528 1397 4581 in
1429 4526 1649 4593 Bietio;
1677 4540 1730 4581 ut
1762 4548 1794 4583 ιι

208 4611 406 4676 media,
436 4611 639 4667 scilicet
664 4614 891 4681 chorda,
918 4616 968 4670 id
997 4624 1080 4671 est
1122 4632 1152 4671 a
1195 4631 1343 4673 mese
1382 4619 1435 4671 in
1460 4634 1789 4688 paramesen,

210 4701 264 4775 id
292 4710 379 4756 est
422 4702 474 4755 in
523 4702 665 4757 illam
703 4720 824 4774 quze
874 4713 957 4761 est
1004 4722 1171 4778 prope
1215 4710 1479 4775 mediam,
1527 4720 1581 4763 ut
1619 4719 1691 4763 est
1738 4712 1791 4764 in

206 4787 400 4859 Lydia,
430 4791 634 4847 scilicet
665 4808 798 4847 sono
817 4835 831 4859 ,
855 4796 900 4848 si
926 4813 957 4848 a
986 4797 1091 4849 iota
1116 4798 1329 4863 directo,
1362 4799 1411 4853 id
1443 4808 1521 4854 est
1555 4814 1585 4852 a
1623 4815 1789 4865 mese,

206 4882 266 4934 in
310 4882 460 4952 signa
499 4885 718 4953 jacens,
754 4886 803 4939 id
833 4897 916 4942 est
968 4889 1018 4941 in
1060 4905 1344 4959 paramese
1393 4893 1561 4961 signa,
1610 4892 1661 4945 id
1708 4898 1791 4946 est

208 4972 411 5026 uetula:
438 4986 773 5030 concurrant.
813 4977 1001 5031 Verum
1034 4981 1173 5050 quod
1203 4981 1482 5035 hemitonia
1511 4983 1787 5051 diesisque,

211 5060 266 5114 id
308 5069 393 5114 est
445 5074 652 5131 quarta:
696 5067 866 5134 partis
906 5077 956 5122 et
1004 5073 1207 5134 tertiie,
1236 5073 1448 5137 quando
1493 5074 1792 5127 tritcmoria

206 5159 456 5219 vocatur,
505 5155 631 5225 quid
668 5156 743 5210 vel
770 5169 981 5227 quantae
1020 5162 1254 5231 qualesve
1296 5166 1422 5227 sint,
1458 5165 1631 5219 docui.
1666 5164 1796 5219 Tro-

203 5255 399 5309 parum
445 5246 601 5298 etiam
649 5249 885 5315 nomina,
933 5251 984 5305 id
1034 5261 1149 5318 est,
1196 5256 1464 5323 quomodo
1512 5267 1790 5323 vocantur,

209 5347 587 5405 numerumque
616 5343 922 5406 monstravi,
954 5343 1005 5397 id
1034 5356 1149 5408 est,
1181 5346 1321 5415 quod
1354 5348 1462 5406 sint
1488 5366 1575 5403 xv.

287 5421 444 5479 Nunc
473 5428 538 5481 de
565 5431 907 5487 tetrachordis
939 5432 1248 5505 eloquimur,
1282 5438 1423 5507 (nam
1453 5439 1647 5509 singuli
1676 5441 1791 5511 qui-

284 5613 313 5641 a
353 5600 632 5657 Diversum
666 5614 974 5676 computum
1019 5607 1182 5662 habet
1232 5608 1568 5673 Meibomius,
1601 5610 1671 5664 ita
1709 5610 1785 5665 le-

247 5686 384 5749 cns:
417 5689 507 5726 sea:
554 5685 675 5749 sunt
717 5685 884 5749 nolle;
915 5679 1201 5749 enarmonii
1243 5695 1380 5743 una;
1414 5696 1533 5749 qua:
1568 5681 1784 5749 quidem

233 5742 375 5820 ectio
410 5757 531 5796 cum
564 5744 922 5820 aristidelib.
956 5762 971 5801 ι
1021 5747 1088 5820 de
1122 5742 1616 5820 Musicamugruit'.

289 5811 315 5849 ι’
354 5810 414 5865 ι..
471 5826 519 5867 c.
572 5813 886 5872 Meihomius
947 5817 1181 5872 restituit
1228 5810 1509 5876 lectionem
1559 5820 1785 5887 (animo;

1825 4573 1872 4631 Ι)

1891 650 2091 704 quoque
2140 637 2358 707 notavi.)
2414 636 2607 693 Verum
2658 640 2844 695 horum
2870 683 2884 708 ,
2922 643 3127 700 scilicet
3165 648 3462 704 tetrachor-

1893 723 2082 778 dorum
2107 736 2385 789 extremos,
2420 727 2471 781 id
2499 736 2582 784 est
2615 730 2845 799 primum
2882 733 3137 804 hypaton,
3169 738 3312 805 quod
3342 737 3472 792 ulti-

1894 828 2040 868 mum
2064 808 2321 870 'nctarum
2360 817 2758 887 hyperbolrcon,
2796 824 3139 891 sesquitertia
3170 825 3313 881 enim
3352 842 3477 897 pro-

1893 905 2143 976 portione
2173 906 2387 963 sibimet
2409 908 2807 981 conjunguntur
2840 913 3067 969 extremi
3090 916 3206 970 soni
3232 900 3476 972 omnium

1893 998 2365 1053 tetrachordorum
2396 1000 2516 1071 (sibi
2545 1003 2802 1072 aptandas
2835 1020 2943 1058 esse
2966 1000 3069 1059 non
3112 1006 3334 1060 dubium
3378 1016 3477 1062 est.

1896 1085 2307 1142 Tetrachordum
2346 1090 2532 1160 quippe
2576 1092 2681 1162 est)
2712 1092 2939 1163 quatuor
2980 1111 3258 1161 sonorum,
3306 1097 3358 1151 id
3394 1104 3481 1152 est

1893 1175 2251 1242 chordarum,
2286 1178 2375 1247 (in
2422 1180 2603 1233 ord'ne
2642 1182 2930 1248 positorum
2959 1178 3245 1254 Congruens
3270 1184 3339 1256 et)
3366 1186 3482 1254 ﬁda

1895 1266 2198 1332 concordia,
2236 1268 2287 1321 id
2317 1277 2402 1323 est
2443 1268 2700 1325 inerrata.
2748 1270 2883 1326 Sunt
2923 1285 3096 1327 autem
3147 1276 3481 1329 tetrachorda

1893 1353 2260 1424 principalium
2282 1398 2296 1424 ,
2328 1358 2379 1411 id
2403 1365 2485 1413 est
2512 1359 2780 1429 hypaton;
2811 1362 3130 1429 mediarum,
3164 1365 3216 1420 id
3253 1375 3334 1420 est
3366 1382 3482 1422 me—

1895 1462 1992 1503 son
2020 1465 2034 1516 ;
2060 1448 2482 1519 conjunctarum,
2529 1451 2581 1506 id
2611 1460 2727 1518 est,
2760 1469 3175 1525 syncmmenon;
3207 1468 3482 1528 separata-

1896 1553 2050 1604 rum,
2102 1538 2153 1592 id
2200 1547 2284 1593 est
2334 1540 2789 1610 diezeugmenon;
2838 1544 3235 1613 excellentium,
3289 1549 3341 1603 id
3396 1556 3482 1603 est

1896 1627 2295 1698 hyperbolaeon.
2354 1628 2423 1684 Et
2470 1633 2697 1701 primum
2756 1635 3166 1701 tetrachordum,
3202 1638 3341 1708 quod
3403 1648 3480 1692 est

1894 1719 2136 1788 gravius,
2165 1720 2348 1790 incipit
2390 1738 2422 1776 a
2456 1722 2824 1793 principalium
2868 1727 3177 1796 principali,
3209 1728 3258 1783 id
3292 1737 3375 1783 est
3412 1731 3483 1781 ab

1896 1808 2095 1880 hypate
2126 1809 2385 1882 hypaton,
2416 1820 2464 1865 et
2493 1813 2684 1867 desinit
2713 1814 2767 1868 in
2791 1815 3132 1887 principalem
3160 1817 3477 1881 mediarum,

1893 1900 1947 1955 id
1971 1909 2053 1957 est
2094 1902 2292 1973 hypate
2335 1918 2542 1958 meson.
2582 1902 2773 1957 Verum
2809 1905 3177 1976 principalium
3200 1917 3248 1961 et
3274 1908 3477 1962 media-

1894 2008 2030 2059 rum,
2061 1992 2265 2048 scilicet
2297 1995 2717 2060 tetrachordum,
2747 1997 2798 2051 id
2830 2007 2913 2052 est
2944 1998 3175 2069 hypaton
3208 2007 3263 2054 et
3294 2014 3477 2065 meson

1894 2098 2208 2149 connexum,
2262 2084 2467 2140 scilicet
2511 2092 2624 2151 est,
2678 2086 2730 2140 id
2771 2095 2854 2141 est
2903 2086 3284 2156 coniunctum,
3336 2088 3479 2158 quod

1894 2170 2029 2225 nihil
2064 2171 2321 2238 interest,
2365 2173 2505 2243 quod
2549 2173 2948 2243 conjunctarum
2988 2184 3233 2243 vocatur,
3272 2177 3482 2231 scilicet

1894 2262 2037 2329 quod
2061 2258 2306 2330 jungitur
2332 2263 2678 2318 tetrachordo
2713 2263 3033 2330 mediarum,
3066 2266 3162 2319 erit
3192 2268 3481 2320 tetrachor-

1893 2349 2021 2404 dum
2048 2367 2080 2404 a
2110 2351 2303 2415 media,
2334 2351 2387 2405 id
2422 2360 2504 2406 est
2530 2366 2561 2407 a
2592 2365 2770 2416 mese,
2800 2352 2856 2406 in
2885 2363 3033 2407 neten
3059 2353 3480 2422 conjunctarum,

1894 2441 1949 2496 id
1977 2449 2063 2496 est
2096 2441 2150 2496 in
2182 2450 2341 2497 neten
2364 2450 2774 2513 synemmenon.
2802 2446 2969 2514 Atque
2992 2445 3241 2511 divisum,
3276 2445 3483 2520 scilicet

1894 2529 2040 2584 aliud
2070 2531 2497 2596 tetrachordum,
2526 2532 2590 2586 ab
2631 2534 2733 2599 Itis,
2761 2533 2970 2589 scilicet
3006 2536 3277 2604 praedictis
3317 2542 3482 2590 tetra-

1894 2618 2111 2675 chordis
2139 2620 2349 2675 duobus
2368 2661 2383 2686 ,
2415 2620 2663 2691 longeque
2690 2623 2970 2677 discretum
2988 2663 3003 2689 ,
3031 2624 3172 2694 quod
3211 2634 3286 2677 est
3318 2641 3480 2695 quar-

1894 2722 2004 2769 tum
2047 2714 2356 2779 divisurum,
2391 2731 2424 2768 a
2466 2714 2766 2781 submedia,
2804 2715 2855 2769 id
2895 2724 2977 2770 est
3023 2732 3051 2768 a
3094 2730 3399 2784 paramese,
3427 2717 3483 2769 in

1895 2814 2065 2869 neten,
2095 2804 2149 2858 id
2197 2812 2281 2859 est
2327 2803 2569 2858 ultimam
2601 2815 2984 2872 sepat'atarnm,
3032 2804 3086 2859 id
3127 2813 3210 2860 est
3240 2804 3293 2858 in
3323 2814 3481 2860 neten

1895 2893 2317 2964 diezeugmenon
2365 2911 2529 2967 usque
2566 2895 2831 2967 jungitur.
2880 2895 3263 2965 Separatarum
3316 2906 3482 2951 tetra-

1896 2982 2159 3038 chordum
2191 2982 2411 3050 dicitur,
2456 2985 2598 3055 quod
2642 2983 2861 3039 omnino
2910 2984 3194 3055 separatur
3238 3000 3267 3039 a
3309 2999 3479 3049 mese,

1897 3090 2020 3130 cum
2067 3089 2172 3145 qua
2203 3075 2402 3130 nullam
2444 3076 2609 3131 habet
2644 3077 3075 3132 consonantiam.
3110 3075 3264 3141 Quod
3305 3085 3482 3129 autem

1898 3178 1963 3216 ex
1992 3162 2231 3228 diversis,
2264 3162 2315 3217 id
2360 3170 2462 3227 est,
2499 3164 2754 3232 separatis
2800 3164 3136 3233 conjunctum
3168 3172 3276 3228 est,
3318 3162 3369 3217 id
3401 3170 3485 3217 est

1900 3253 2139 3316 inchoat,
2170 3254 2225 3307 in
2253 3254 2536 3307 acutiorem
2565 3270 2749 3307 sonum
2772 3294 2786 3317 ,
2816 3263 2864 3307 et
2898 3253 2952 3307 in
2987 3255 3246 3325 quintum,
3277 3251 3484 3308 scilicet

1900 3342 2339 3406 tetrachordum,
2378 3343 2429 3396 id
2460 3351 2543 3397 est
2591 3342 2645 3396 in
2692 3343 2932 3412 quintam
2973 3343 3261 3411 chordam,
3309 3341 3482 3396 excel-

1898 3431 2143 3497 lentium,
2202 3432 2257 3487 id
2310 3442 2396 3487 est
2442 3432 2819 3504 hyperbolaeon
2874 3432 3159 3502 profertur.
3224 3431 3366 3504 (Sed
3418 3432 3483 3486 de

1899 3525 2243 3580 tetrachordis
2305 3526 2435 3580 satis
2498 3524 2715 3579 dictum.
2775 3522 2932 3579 Nunc
2990 3524 3055 3579 de
3112 3524 3483 3595 pentachordis

1897 3616 2184 3670 videamus.
2294 3604 2301 3609 ’

1918 3712 1924 3717 “
1968 3705 2043 3759 Ac
2088 3702 2348 3775 similiter)
2384 3704 2495 3759 ha’c
2543 3720 2746 3776 quoque
2789 3704 3047 3776 quinque,
3079 3703 3129 3758 id
3166 3712 3251 3759 est
3287 3713 3483 3774 penta-

1897 3797 2125 3862 chorda,
2156 3812 2266 3850 esse
2304 3812 2407 3850 non
2431 3797 2647 3849 dubium
2673 3806 2769 3850 est.
2802 3794 3039 3849 Primum
3072 3797 3250 3866 igitur,
3276 3796 3486 3851 scilicet

1897 3887 2347 3960 pentachordum,
2395 3886 2534 3958 quod
2578 3896 2654 3941 est
2696 3887 2937 3958 gravius,
2968 3886 3336 3957 principalium
3375 3904 3488 3940 esse

1899 3985 2153 4049 dicemus,
2186 3984 2239 4038 id
2266 3991 2348 4038 est
2374 3983 2644 4055 hypaton,
2676 3980 2815 4053 quod
2855 3982 3035 4051 incipit
3075 3981 3139 4034 ab
3182 3981 3485 4052 Adquisito,

1899 4075 1950 4129 id
1979 4083 2063 4130 est
2096 4088 2123 4128 a
2166 4072 2771 4145 proslambanomenon,
2806 4081 2851 4125 et
2894 4071 2950 4125 in
2990 4069 3329 4141 principalem
3358 4060 3488 4124 ἠιρ-

1897 4164 2131 4230 diarum,
2150 4165 2203 4220 id
2225 4174 2308 4220 est
2335 4164 2387 4218 in
2409 4164 2643 4235 hypaten
2671 4177 2854 4217 meson
2877 4163 3204 4216 terminatur.
3231 4160 3483 4233 Sequens,

1899 4258 1953 4313 id
1979 4266 2063 4313 est
2096 4257 2388 4313 secundum
2420 4254 2864 4325 pentachordum,
2895 4254 2949 4306 in
2976 4269 3193 4305 acumen
3224 4252 3486 4321 ejusmodi

1898 4358 2004 4412 est,
2033 4348 2172 4419 quod
2213 4355 2413 4401 constat
2462 4362 2493 4399 a
2542 4342 2908 4414 principalium
2956 4350 3199 4405 extenta,
3240 4340 3293 4393 id
3340 4350 3423 4394 est
3453 4357 3484 4395 a

1897 4439 2143 4494 lichanos
2190 4437 2427 4508 hypaton
2461 4435 2710 4489 diatonos
2732 4472 2746 4497 ,
2777 4432 2833 4485 in
2872 4431 3161 4485 mediarum
3197 4429 3378 4496 illam,
3429 4431 3483 4486 id

1900 4536 1981 4581 est
2010 4527 2061 4579 in
2090 4540 2300 4588 meson,
2326 4540 2445 4594 quw
2470 4524 2523 4576 in
2552 4522 2716 4592 Lydia
2744 4520 2949 4575 scilicet
2978 4529 3125 4589 tropo
3151 4520 3257 4573 iota
3288 4529 3492 4575 rectum.

1900 4606 2069 4671 habet.
2105 4615 2339 4670 Tertium
2382 4623 2576 4677 autem,
2629 4611 2836 4668 scilicet
2873 4611 3321 4681 pentachordum,
3352 4628 3479 4665 con-

1888 4709 2197 4778 junctarum
2233 4716 2339 4773 est,
2371 4705 2423 4760 id
2455 4713 2537 4760 est
2580 4714 2999 4776 synemmenon',
3038 4704 3178 4777 quod
3213 4721 3245 4757 a
3288 4705 3482 4757 media-

1900 4813 2014 4851 rum
2046 4806 2274 4861 extenta,
2298 4810 2327 4849 a
2354 4795 2596 4849 lichanos
2629 4809 2815 4849 meson
2845 4794 3089 4848 diatonos
3108 4834 3123 4858 ,
3154 4794 3209 4847 in
3240 4792 3481 4846 ultimam

1898 4889 2322 4957 conjunctarum,
2346 4886 2397 4941 id
2424 4895 2524 4949 est,
2553 4887 2606 4941 in
2628 4895 2785 4941 neten
2815 4900 3220 4957 synemmenon,
3247 4885 3479 4937 ducitur.

1900 4978 2162 5046 Quartum
2194 4995 2329 5043 vero,
2365 4978 2572 5033 scilicet
2604 4978 3048 5047 pentachordum,
3071 4976 3211 5047 quod
3232 4975 3485 5045 perdivi-

1898 5074 2094 5127 sionem
2119 5080 2213 5136 est,
2248 5072 2606 5140 interponitur
2630 5070 2773 5125 enim
2816 5069 3217 5124 tetrachordum
3252 5067 3478 5136 conjun-

1898 5174 2143 5229 ctarum,
2174 5178 2296 5216 nam
2336 5160 2591 5216 ceterum
2622 5158 2891 5226 conjuncti
2941 5168 3067 5213 sunt
3088 5198 3104 5225 ,
3134 5175 3165 5211 a
3201 5157 3393 5216 media,
3428 5154 3480 5210 id

1897 5263 1982 5309 est
2014 5266 2195 5317 mese,
2230 5252 2286 5305 in
2332 5251 2486 5304 tertia
2520 5248 2839 5313 divisurum,
2873 5248 2924 5301 id
2960 5255 3070 5309 est,
3118 5246 3169 5299 in
3200 5245 3324 5299 trite
3366 5243 3479 5297 die-

1898 5357 2254 5413 zeugmenon,
2292 5339 2525 5394 connecti
2562 5337 2707 5392 solet.
2751 5336 3027 5402 Quintum.
3062 5334 3270 5390 scilicet
3295 5342 3481 5404 penta-

1895 5434 2185 5498 chordum,
2215 5433 2271 5487 in
2307 5446 2526 5486 acumen
2569 5429 2807 5499 erigitur,
2831 5430 2971 5496 quod
3005 5425 3057 5480 in
3090 5424 3262 5480 acutis
3289 5432 3483 5479 cxten-

1893 5610 2107 5665 mallem
2150 5618 2322 5663 touwa
2353 5616 2544 5669 τοναῖα,
2583 5605 2658 5659 uti
2712 5602 2850 5673 apud
2876 5602 3228 5675 Hesychium
3280 5598 3487 5656 dicitur

1892 5696 1991 5733 vos:
2018 5682 2240 5742 intenta
2262 5692 2293 5747 ς
2345 5692 2652 5747 quanquam
2688 5674 2949 5730 Aristides
2994 5673 3033 5729 ιι
3078 5690 3127 5730 c.
3159 5673 3375 5727 chroma
3405 5681 3481 5727 te-

1893 5748 2082 5805 niteum
2121 5746 2368 5820 appellet.
