4038 6416
538 368 642 424 ΘΠ

1142 370 1400 426 REMIGll
1440 370 2089 432 ANTISSIODORENSIS
2124 373 2276 432 OPP.
2313 375 2511 433 PARS.
2549 376 2612 432 ll.
2641 375 3223 435 —IllSCELLANl§A.

3687 377 3817 434 ωε

535 486 683 537 ditur
708 491 761 538 et
785 486 1175 555 hyperbolicis,
1209 487 1289 540 vel
1318 488 1368 540 in
1393 502 1616 541 acumen
1647 489 1893 558 erigitur,
1922 491 1974 545 id
2008 500 2112 557 est,
2144 495 2192 554 Α
2217 495 2521 549 edisseram.
2573 493 2868 563 Melopana,
2918 495 2970 549 id
3017 486 3105 549 esi
3149 493 3406 548 melorum
3448 493 3675 558 tactura,
3725 502 3820 547 est

537 575 728 646 hicipit
779 591 809 630 a
860 573 1249 643 disjunctarum
1289 585 1538 642 extenta,
1599 579 1651 632 id
1703 587 1816 646 est,
1864 591 2120 650 paranete

538 667 961 739 diezeugmenon
1008 668 1277 734 diatonos,
1306 679 1460 739 atque
1495 671 1549 724 in
1580 680 1696 725 nete
1736 671 2133 740 excellentium;

538 756 594 810 id
624 766 724 821 εει,
752 758 803 812 in
826 757 1011 812 ultima
1038 758 1436 828 hyperbolaaon,
1464 761 1795 814 terminatur.
1829 761 1979 824 Haec,
2004 777 2122 834 quae

539 848 674 911 dixi,
707 848 837 902 artis
870 857 1062 902 nostra:
1107 848 1460 915 doctissimis,
1498 850 1706 906 scilicet
1734 865 1766 904 a
1792 851 2123 923 philosophis

541 932 916 1008 approbantur,
943 937 998 993 id
1025 946 1108 993 est
1137 936 1442 993 laudantur.
1478 938 1601 994 Non
1623 955 1737 994 sum
1770 941 1941 994 nescia
1963 940 2123 1012 Lyto—

543 1036 626 1084 tes
645 1070 660 1094 ,
700 1029 794 1082 sed
839 1029 984 1094 scio,
1035 1046 1297 1098 asserere,
1325 1031 1528 1086 scilicet
1555 1033 1813 1102 quosdam
1836 1073 1851 1099 ,
1881 1033 2123 1103 qutrdam

543 1118 874 1172 tetrachorda
922 1117 986 1171 ab
1030 1118 1358 1184 hemitoniis,
1409 1120 1462 1174 id
1511 1130 1595 1174 est
1640 1121 1709 1177 ab
1737 1122 1943 1187 acutis,
1974 1120 2125 1188 initia

541 1224 692 1276 posse
711 1207 910 1274 sortiri,
935 1209 1075 1280 quod
1095 1219 1168 1264 est
1197 1209 1250 1264 in
1279 1209 1631 1264 modulatione
1651 1211 1915 1266 diatonica
1942 1212 2123 1278 situm,

541 1303 608 1356 de
658 1319 798 1372 qua,
854 1302 1064 1359 scilicet
1113 1303 1481 1360 modulatione
1524 1304 1828 1370 diatonica,
1889 1305 2124 1375 superius

541 1393 709 1446 multa
737 1392 870 1448 dixi.
898 1391 1042 1448 Sane
1080 1403 1258 1447 notum
1298 1404 1404 1460 est,
1435 1405 1590 1466 atque
1628 1395 1924 1448 intimatum
1951 1395 2124 1458 velim,

545 1483 597 1538 id
623 1495 706 1538 est
729 1484 878 1538 vobis
904 1498 1025 1539 esse
1049 1492 1258 1550 notum,
1285 1484 1623 1555 adquisitum,
1653 1485 1704 1539 id
1732 1493 1835 1548 est,
1865 1483 2126 1554 proslam—

544 1575 884 1628 banomenon
932 1574 985 1627 in
1054 1575 1293 1628 omnibus
1344 1575 1587 1645 quidem,
1661 1577 1869 1632 scilicet
1936 1587 2125 1646 penta-

549 1665 767 1720 chordis
792 1680 912 1735 quae
939 1680 969 1720 a
1003 1674 1129 1722 tono
1159 1665 1448 1736 incipiunt,
1487 1665 1605 1721 aliis
1636 1667 1916 1732 collocari;
1945 1669 2000 1721 in
2044 1669 2126 1720 his

546 1767 744 1820 autem,
777 1757 878 1812 hoc
913 1766 996 1811 est
1039 1757 1092 1810 in
1128 1758 1512 1823 tetrachordis,
1545 1759 1742 1828 quibus
1788 1758 2124 1829 proslamba-

2221 584 2449 650 habitus,
2482 585 2534 638 id
2562 594 2664 650 est»,
2693 585 2974 654 dispositio
3001 594 3060 640 ut
3087 587 3349 641 habeatur
3378 584 3759 640 modulationis
3785 595 3816 622 ι

2221 675 2441 744 u/fectw,
2477 675 2527 730 id
2563 685 2647 731 est
2689 685 2907 745 aptatae.
2949 675 3116 730 Melas
3143 685 3316 730 autem
3355 684 3429 730 est
3477 685 3625 728 actus
3656 683 3824 726 acasts

2221 775 2310 826 aut
2334 766 2588 836 gravioris
2607 765 2742 831 soni,
2774 767 2827 820 id
2855 775 2962 832 est,
2988 767 3100 836 ipse
3125 771 3318 821 cantus
3342 780 3468 820 cum
3508 765 3705 831 agitur,
3757 770 3821 816 et

2223 865 2413 908 acutus
2442 863 2535 908 aut
2574 858 2753 923 gravis
2790 840 2976 910 sonus.
3028 852 3324 908 Modulatio
3365 863 3441 907 est
3481 852 3592 905 soni
3618 850 3820 903 multi-

2221 942 2392 1012 plicis,
2422 943 2477 998 id
2505 945 2775 1011 est.varii,
2812 944 3094 1015 expressio,
3137 942 3282 1013 quod
3312 957 3417 996 non
3451 939 3510 994 lit
3540 955 3666 995 cum
3697 954 3821 990 una

2221 1048 2376 1099 voce,
2406 1034 2499 1088 sed
2521 1048 2589 1088 ex
2622 1035 2809 1090 multis
2830 1043 2884 1090 et
2914 1033 3164 1099 diversis,
3192 1031 3448 1103 gravibus
3475 1029 3730 1083 videlicet
3762 1036 3824 1080 et

2223 1126 2417 1180 acutis.
2471 1123 2762 1196 Melopa’ite
2800 1126 2995 1195 species
3034 1133 3155 1178 sunt
3195 1133 3322 1188 tres,
3379 1120 3706 1192 hypatoides,
3765 1117 3823 1170 id

2221 1229 2306 1275 est
2327 1219 2535 1289 species
2564 1217 2879 1290 principalis
2895 1233 3016 1287 qua:
3037 1226 3123 1273 est
3147 1215 3349 1287 gravis,
3379 1228 3503 1268 nam
3531 1212 3655 1290 ideo
3681 1225 3825 1279 spe-

2224 1309 2336 1365 cies
2355 1310 2553 1365 dicitur
2577 1327 2593 1364 :
2615 1311 2892 1375 mesoides,
2907 1307 2960 1364 id
2979 1316 3064 1364 est
3086 1307 3284 1372 media,
3313 1320 3433 1376 quae
3454 1318 3626 1371 neque
3646 1301 3826 1356 nimis

2224 1400 2426 1469 gravis,
2450 1413 2628 1468 neque
2658 1398 2818 1453 nimis
2843 1405 2999 1453 acuta
3027 1414 3040 1450 :
3089 1396 3340 1461 netoides,
3391 1393 3442 1448 id
3483 1401 3586 1456 est,
3615 1390 3826 1445 ultima

2224 1499 2279 1550 et
2303 1499 2489 1555 acuta,
2516 1489 2636 1545 haec
2655 1490 2708 1544 in
2737 1489 3036 1544 minoribus
3061 1486 3279 1544 chordis
3301 1485 3378 1540 lit.
3407 1484 3475 1540 Et
3501 1481 3827 1553 hypatoides

2225 1591 2319 1644 est,
2349 1597 2467 1652 qum
2495 1579 2790 1651 appellatur
2818 1578 3040 1650 tragica,
3071 1593 3188 1650 qua
3226 1592 3317 1646 per
3349 1573 3616 1646 graviores
3652 1587 3825 1624 sonos

2225 1682 2459 1738 constat;
2493 1673 2694 1744 tragica
2731 1671 2932 1746 dicitur
2963 1678 3187 1741 propter
3228 1683 3422 1740 graves
3452 1680 3638 1730 sonos,
3689 1679 3828 1718 nam

2231 1764 2494 1835 tragicum
2527 1777 2745 1819 carmen
2797 1774 2960 1832 grave
3000 1773 3216 1830 semper
3253 1765 3355 1813 est.
3387 1754 3665 1815 Mesoides,
3701 1768 3830 1823 qua

553 1861 811 1901 nomenos
856 1862 961 1902 non
994 1855 1286 1910 consonat,
1318 1862 1477 1916 quam
1521 1848 1588 1902 ab
1635 1847 1944 1903 hemitoniis
1990 1846 2128 1902 inci-
2159 1842 2205 1902 Β
2232 1865 2287 1912 ει
2307 1855 2475 1926 lipara
2503 1853 2737 1910 iambica
2766 1853 2819 1917 δ,
2851 1860 3076 1922 propter
3109 1849 3346 1905 iambum
3386 1845 3599 1914 pedem,
3644 1843 3832 1910 lipara

548 1935 721 2004 piunt,
750 1936 1001 1991 omnibus
1022 1946 1201 2000 autem
1233 1936 1612 2005 pentachordis
1638 1937 1943 2006 apponitur,
1969 1950 2132 2004 quam

553 2041 582 2078 a
616 2025 757 2079 tonis
785 2025 1010 2094 integris
1035 2025 1315 2094 incipiunt,
1343 2041 1460 2095 qua:
1495 2043 1597 2078 non
1623 2041 1714 2094 per
1741 2041 1920 2089 sonos,
1949 2023 2000 2078 id
2025 2031 2131 2089 est,

552 2135 658 2172 non
697 2135 792 2188 per
838 2128 1014 2182 tonos,
1042 2118 1133 2173 sed
1167 2133 1264 2186 per
1311 2118 1608 2173 hemitonia
1651 2118 1816 2188 ﬁunt,
1862 2117 1918 2172 in
1966 2127 2132 2172 tetra-

551 2209 758 2262 chordfs
790 2208 905 2277 ﬁeri
952 2224 1054 2260 non
1100 2224 1283 2276 posse;
1329 2209 1384 2260 in
1427 2209 1505 2260 his
1535 2209 1699 2271 enim,
1740 2208 1944 2262 scilicet
1972 2215 2133 2262 tetra-

552 2299 792 2360 chordis,
831 2313 1031 2365 semper
1063 2296 1128 2349 ab
1167 2296 1446 2348 hemitonio
1477 2294 1785 2365 principalia
1813 2296 1873 2367 (i.
1905 2310 1954 2350 c.
1983 2295 2134 2364 prin-

558 2387 720 2455 cipia)
760 2385 1045 2438 ducuntur.
1094 2383 1183 2454 (In
1225 2383 1344 2437 aliis
1389 2393 1593 2447 autem,
1639 2399 1756 2454 qua:
1780 2383 2155 2453 pentacltorda-

560 2474 946 2547 nominantur),
972 2491 1063 2528 nec
1085 2484 1257 2527 tamen
1287 2464 1651 2539 modulationi,
1679 2473 1886 2528 scilicet
1915 2473 1988 2528 illi
2014 2488 2134 2543 quae

555 2565 617 2619 lit
643 2580 739 2634 per
781 2564 1090 2629 semitonia,
1125 2563 1496 2634 subjiciuntur,
1537 2573 1593 2618 ut
1618 2581 1712 2633 per
1741 2580 1918 2629 sonos,
1947 2564 2000 2618 id
2031 2572 2134 2630 cst,

557 2645 654 2730 per
682 2658 816 2712 duos
842 2666 1018 2723 tonos,
1043 2667 1282 2711 constare
1310 2656 1572 2723 videatur,
1598 2657 1895 2726 apponitur,
1927 2655 2139 2712 scilicet

555 2747 1147 2822 proslambanomenos.
1179 2743 1480 2800 Secundum
1519 2745 1678 2810 enim,
1707 2744 1915 2799 scilicet
1942 2745 2137 2815 hypate

559 2835 819 2908 hypaton,
852 2835 907 2890 in
945 2835 1049 2903 his,
1093 2834 1301 2890 scilicet
1342 2833 1750 2903 pentachordis,
1797 2834 2136 2888 hemitonium

553 2944 826 2998 possumus
850 2942 1059 2998 ponere.
1307 2926 1309 2928 ’

630 3017 790 3072 Nune
817 3017 882 3071 de
925 3017 1171 3083 transitu,
1204 3015 1256 3070 id
1278 3023 1394 3084 est,
1423 3013 1824 3084 permutatione
1860 3008 2138 3070 modulan-

557 3108 712 3170 tium,
737 3105 944 3161 scilicet
971 3105 1275 3162 dicendum.
1306 3104 1615 3160 Transitum
1655 3115 1811 3160 vocat
1836 3114 2139 3162 commuta-

560 3199 783 3263 tionem,
808 3213 929 3253 cum
955 3198 1022 3254 de
1059 3213 1258 3268 genere
1300 3198 1360 3252 lit
1387 3199 1650 3253 transitus
1677 3197 1731 3252 in
1758 3197 1900 3252 aliud
1938 3212 2136 3269 genus,

559 3297 616 3343 et
651 3289 718 3343 de
745 3303 879 3344 sono
923 3288 978 3343 in
1023 3303 1236 3343 sonum.
1265 3287 1540 3342 Transitus
1568 3297 1644 3342 est
1679 3287 1952 3352 alienatio,
1982 3288 2033 3342 id
2060 3293 2146 3342 est

563 3363 945 3432 transmutatio
973 3377 1109 3432 vocis
1157 3377 1212 3431 in
1241 3377 1460 3432 alteram
1489 3376 1711 3446 ﬁguram
1749 3377 1884 3431 soni.
1919 3375 2010 3430 Fit
2046 3393 2145 3430 au-

561 3478 662 3520 tem
691 3467 943 3522 transitus
983 3468 1151 3522 modis
1193 3477 1419 3538 quatuor
1445 3481 1462 3520 :
1490 3483 1582 3537 per
1608 3484 1792 3538 genus,
1820 3478 1874 3522 ut
1903 3468 1968 3521 ab
1993 3485 2148 3525 enar—

561 3557 761 3618 monio,
787 3555 844 3612 id
872 3563 958 3613 est
998 3558 1066 3612 ab
1095 3558 1442 3612 enarmonico
1462 3566 1681 3626 genere,
1710 3569 1802 3612 aut
1828 3559 1882 3612 in
1913 3560 2144 3625 chroma,

566 3648 617 3700 id
666 3656 748 3703 est
791 3647 1128 3704 chromatico
1154 3662 1384 3719 genere,
1416 3659 1507 3702 aut
1547 3649 1604 3702 in
1649 3650 1933 3716 diatonon,
1979 3651 2031 3706 id
2066 3660 2152 3706 est

565 3739 619 3793 in
660 3739 934 3795 diatonico
978 3752 1197 3810 genere,
1243 3739 1451 3795 scilicet
1497 3741 1556 3794 lit
1603 3741 1906 3795 transitus:
1939 3741 2016 3796 vel
2060 3757 2152 3811 per

566 3841 819 3903 systema,
849 3831 904 3886 id
932 3839 1014 3886 est
1049 3847 1144 3902 per
1171 3832 1596 3902 magnitudinem
1615 3872 1629 3897 ,
1654 3833 1856 3888 scilicet
1881 3832 1940 3886 lit
1969 3841 2152 3886 trans-

571 3923 711 3988 itus,
761 3932 818 3976 ut
864 3939 897 3975 a
954 3921 1233 3992 principali
1279 3922 1686 3991 principalium,
1732 3922 1784 3977 id
1834 3930 1916 3976 est
1957 3922 2154 3992 hypate

567 4014 834 4083 hypaton,
865 4012 910 4065 si
947 4011 1082 4080 [orte
1108 4011 1163 4065 in
1188 4010 1650 4081 subprincipalem,
1685 4011 1736 4066 id
1774 4020 1877 4074 est,
1912 4011 1964 4064 in
1997 4027 2156 4083 pary-

571 4091 697 4174 pate
740 4102 1010 4173 hypaton,
1055 4110 1145 4155 aut
1191 4102 1248 4154 in
1291 4103 1440 4154 aliud
1483 4101 1615 4170 forte
1643 4111 1977 4173 systematum
2011 4119 2029 4156 :
2065 4113 2155 4156 aut

569 4193 690 4251 eum
718 4194 783 4248 de
812 4193 1128 4263 conjunctis,
1161 4193 1211 4247 id
1237 4192 1407 4248 estde
1433 4195 1816 4264 synemmenis,
1844 4198 1911 4248 ad
1939 4193 2154 4261 divisas,

572 4285 625 4339 id
655 4293 739 4340 εει
763 4283 830 4338 ad
877 4282 1291 4354 diezeugmenas
1328 4285 1607 4336 trmtsitum
1655 4283 1879 4353 facimus
1910 4297 1926 4334 :
1952 4283 2032 4338 vel
2068 4300 2161 4354 per
2193 4301 2217 4310 κ

575 4386 780 4440 tonum,
831 4373 1035 4430 scilicet
1081 4372 1142 4428 lit
1189 4374 1448 4428 transitus
1499 4375 1652 4443 (cum
1703 4390 1735 4427 a
1782 4371 1948 4444 Lydia
1985 4373 2062 4428 vel
2104 4376 2158 4428 in

573 4468 885 4540 Phrygium,
916 4468 993 4524 vel
1036 4468 1093 4522 in
1125 4467 1288 4522 alium
1317 4477 1522 4536 tropum
1567 4466 1827 4522 cantilena
1867 4467 2162 4520 transduci—

2233 1947 2284 2001 id
2306 1955 2391 2002 εει
2420 1945 2662 2016 pinguia,
2679 1943 2821 2015 quod
2845 1957 2951 1998 non
2967 1948 3095 1998 sunt
3112 1938 3297 2011 gravia
3313 1937 3451 1990 sicut
3479 1931 3831 2002 hepatoides,

2230 2050 2333 2092 nee
2359 2043 2516 2091 acuta
2547 2035 2692 2090 sicut
2736 2032 3010 2097 netoides;
3053 2028 3281 2084 iambica
3329 2033 3549 2096 propter
3581 2022 3831 2075 iambum

2231 2125 2444 2196 pedem,
2480 2123 2576 2195 qui
2605 2139 2705 2180 nec
2738 2130 2884 2178 totus
2909 2119 3101 2188 longus
3126 2124 3355 2181 constat,
3383 2129 3484 2169 nec
3511 2122 3659 2168 totus
3703 2112 3833 2166 bre-

2230 2216 2315 2272 vis
2349 2212 2754 2286 (dithyrambica
2782 2208 3104 2279 nominatur)
3142 2226 3155 2262 :
3203 2222 3322 2276 qua:
3372 2213 3523 2258 tonos
3569 2199 3834 2272 aquales,

2233 2309 2290 2364 id
2325 2316 2427 2371 est,
2462 2306 2721 2373 integros,
2749 2311 2798 2357 et
2829 2300 3027 2355 medios
3047 2296 3299 2362 custodit,
3327 2294 3378 2349 id
3394 2302 3476 2349 est
3491 2298 3834 2361 temperatos

2232 2405 2289 2456 et
2329 2397 2383 2452 in
2415 2394 2704 2450 medietate
2731 2383 3054 2448 constitutos
3086 2387 3230 2442 inter
3273 2398 3466 2456 graves
3509 2391 3565 2437 et
3615 2383 3832 2435 acutos.

2238 2486 2511 2551 Netoides,
2540 2483 2594 2540 id
2620 2491 2704 2539 est
2730 2480 2944 2546 ultima,
2971 2493 3089 2550 quae
3110 2485 3158 2532 et
3186 2471 3506 2537 nomicos,id
3532 2481 3622 2526 est
3641 2467 3837 2540 legalis

2234 2585 2458 2647 propter
2491 2574 2663 2644 legem
2687 2568 2976 2636 acuminis,
3004 2579 3169 2638 quam
3209 2570 3410 2628 servat,
3435 2559 3707 2614 consuevit
3735 2573 3831 2628 ap—

2235 2667 2422 2740 pellari
2451 2682 2570 2736 qua:
2594 2662 2770 2735 plures
2792 2675 2970 2726 sonos,
3003 2658 3056 2712 id
3078 2663 3162 2712 est
3185 2661 3374 2710 acutos
3395 2665 3590 2707 omnes
3611 2666 3679 2704 es:
3708 2648 3833 2702 ulti—

2237 2759 2337 2813 mis
2377 2757 2578 2827 recipit.
2633 2751 2769 2808 Sunt
2819 2750 2997 2816 etiam,
3036 2746 3248 2802 scilicet
3293 2752 3488 2816 praeter
3537 2741 3644 2795 has
3703 2748 3836 2798 tres.

2238 2847 2359 2903 alite
2381 2844 2670 2907 distantia,
2697 2855 2814 2914 qua:
2837 2847 2884 2894 et
2906 2836 3106 2907 tropica
3126 2833 3284 2900 mela,
3308 2832 3360 2888 id
3387 2838 3475 2887 est
3494 2828 3637 2884 mela
3663 2828 3836 2895 tropis

2240 2949 2364 3012 apta
2389 2954 2459 2993 xv
2480 2938 2761 2998 dicuntur;
2784 2931 2905 2987 alia:
2925 2926 3272 2995 comiologica
3292 2964 3308 2992 ,
3340 2923 3399 2979 id.
3419 2930 3525 2988 est,
3548 2920 3840 3012 commdiis

2241 3009 2615 3087 convenientia
2634 3041 2649 3078 :
2674 3023 2814 3079 sicut
2826 3018 3090 3076 comoedia
3105 3015 3279 3071 media
3295 3023 3377 3069 est
3398 3012 3542 3068 inter
3564 3009 3841 3079 tragicum

2241 3117 2608 3190 etsatyricum
2637 3127 2881 3176 carmen,
2899 3111 2975 3165 ita
2998 3105 3347 3178 comiologica
3377 3101 3610 3158 melodia
3634 3099 3838 3190 dicitur

2167 3191 2212 3253 C
2245 3187 2437 3266 mediis
2466 3205 2812 3266 conveniens,
2840 3209 2897 3256 et
2919 3197 3246 3268 homologica
3279 3204 3328 3260 ο,
3348 3193 3413 3248 id
3441 3199 3564 3256 est,
3600 3187 3840 3244 similem

2246 3301 2512 3356 rationem
2558 3292 2813 3351 habentia
2845 3289 3141 3348 secundum
3186 3283 3330 3357 quod
3375 3297 3484 3338 res.
3542 3279 3679 3351 (Sed
3727 3280 3840 3329 Iure.

2245 3374 2441 3463 aptius)
2465 3404 2556 3459 pro
2583 3387 2754 3451 rebus,
2780 3383 2832 3438 id
2862 3389 2945 3438 est
2980 3378 3278 3436 secundum
3305 3389 3393 3430 res
3431 3370 3842 3463 ipsas,gsubro-

2245 3461 2462 3551 gantur,
2493 3477 2547 3531 id
2592 3483 2696 3539 est,
2746 3477 3142 3544 permutantur,
3193 3482 3284 3522 nec
3313 3480 3437 3521 suas
3484 3461 3666 3551 magis
3697 3469 3842 3551 pote-

2248 3550 2388 3635 runt,
2413 3568 2624 3626 scilicet
2643 3566 2774 3636 ipsa
2806 3562 3042 3623 chordae,
3079 3558 3355 3613 divisiones
3395 3553 3610 3623 afferre,
3655 3550 3709 3603 id
3733 3557 3842 3612 est,

2251 3664 2644 3723 demonstrare,
2667 3656 2874 3712 scilicet
2900 3655 3042 3708 sicut
3061 3651 3220 3706 fuerit
3245 3646 3520 3704 materies.
3541 3641 3641 3697 Ha?
3663 3652 3842 3696 autem

2249 3737 2467 3822 species,
2502 3749 2711 3805 scilicet
2749 3746 3003 3815 superius
3031 3743 3210 3807 dictae,
3241 3739 3399 3794 etiam
3441 3736 3598 3804 tropi,
3643 3734 3697 3787 id
3736 3739 3844 3794 est,

2252 3841 2540 3898 divisiones
2567 3853 2758 3894 vocum
2786 3835 3053 3888 dicuntur.
3075 3829 3396 3884 Dissentiunt
3421 3835 3619 3885 autem,
3645 3823 3700 3876 id
3735 3831 3846 3883 est,

2253 3931 2566 3988 discordant
2601 3924 2926 3998 (melopwiw)
2963 3923 3089 3993 ipsa:
3120 3920 3286 3975 modis
3317 3915 3555 3988 pluribus
3582 3914 3723 3966 inter
3747 3928 3845 3974 se;

2253 4035 2301 4080 et
2337 4038 2518 4095 genere
2561 4020 2638 4090 (ut
2678 4018 2785 4073 alia
2834 4017 2900 4070 sit
2947 4012 3299 4076 enarmonios,
3349 4007 3457 4062 alia
3499 4005 3850 4066 chromati“.

2255 4115 2362 4171 alia
2391 4110 2675 4180 diatonos),
2723 4122 2894 4180 genus
2923 4114 3007 4161 est
3053 4105 3105 4159 in
3159 4102 3353 4164 tribus,
3383 4099 3438 4153 in
3468 4095 3848 4156 enarmouico,

2257 4214 2312 4260 et
2352 4201 2687 4260 chromatico
2718 4207 2879 4267 atque
2922 4192 3216 4255 diatonico,
3246 4187 3388 4260 quod
3431 4186 3485 4240 in
3534 4183 3623 4238 his
3656 4196 3853 4236 omnes

2258 4293 2374 4351 soni
2412 4291 2775 4362 reperiuntur,
2806 4285 3014 4358 species
3055 4297 3183 4338 vero
3219 4281 3274 4335 in
3317 4276 3541 4347 singulis
3581 4273 3758 4336 sonis,
3793 4272 3854 4326 id

2259 4393 2342 4440 est
2372 4383 2424 4437 in
2450 4380 2702 4436 omnibus
2729 4377 2975 4442 chordis;
3024 4373 3194 4444 specie
3233 4384 3460 4442 quoque,
3491 4366 3704 4421 scilicet
3729 4364 3849 4417 dis-

2265 4472 2506 4528 sentiunt
2551 4470 2693 4524 inter
2719 4482 2800 4531 se,
2846 4463 2985 4536 quod
3033 4462 3140 4516 alia
3187 4471 3261 4516 est
3297 4456 3624 4528 Irypatoides,
3679 4454 3729 4507 id
3765 4461 3876 4521 est:

576 4537 838 4627 turicum
865 4569 1047 4639 tonum
1081 4574 1182 4630 pro
1229 4565 1384 4627 tropo
1427 4559 1699 4627 ponimus,
1731 4558 1874 4628 quod
1926 4557 2064 4626 tropi
2093 4571 2159 4611 ex
2193 4537 2241 4596 D
2268 4563 2469 4634 gravis,
2501 4541 2611 4620 alia
2645 4557 2918 4620 mesoides,
2947 4555 2999 4611 id
3026 4561 3111 4608 est
3149 4552 3346 4614 media,
3373 4548 3480 4603 alia
3508 4547 3770 4639 netoides,
3796 4544 3848 4596 id

578 4651 729 4706 sonis
778 4660 1073 4710 constant:
1114 4652 1190 4707 vel
1241 4669 1331 4721 per
1378 4651 1806 4715 modulationem,
1856 4641 2062 4705 scilicet
2101 4648 2162 4704 lit

583 4744 861 4808 transitus,
888 4760 1006 4798 cum
1030 4759 1094 4818 ea:
1119 4744 1225 4798 alia
1247 4745 1411 4814 specie
1437 4741 1768 4805 modulandi,
1790 4741 1939 4797 verbi
1964 4741 2161 4811 gratia,

580 4825 648 4887 de
684 4833 833 4904 gravi
877 4832 930 4887 in
962 4841 1154 4896 acuto,
1202 4835 1255 4886 in
1290 4832 1451 4887 aliam
1495 4830 1852 4896 transilimus,
1884 4831 2165 4886 descendi-

577 4917 732 4990 mus;
779 4922 857 4980 vel
903 4940 1021 4978 cum
1061 4941 1095 4978 a
1139 4923 1277 4978 virili
1308 4922 1590 4987 cantilena,
1624 4921 1678 4976 id
1707 4929 1790 4976 est
1833 4919 2049 4976 robusta
2081 4919 2164 4976 vel

583 5012 782 5080 tubali,
831 5013 1084 5069 transitus
1123 5011 1176 5067 in
1225 5013 1495 5082 femineos,
1532 5011 1582 5066 id
1637 5019 1724 5065 est
1776 5009 2009 5082 graciles
2059 5025 2169 5064 mo-

583 5107 678 5166 do:
703 5107 785 5176 ﬁt.

576 5264 586 5271 ,
655 5199 736 5256 De
763 5217 949 5273 genere
983 5198 1293 5256 modulandi
1329 5205 1698 5266 consequenter
1725 5192 1944 5265 exponi,
1979 5193 2034 5249 id
2063 5199 2168 5261 est,

577 5356 587 5362 ”
661 5371 687 5398 n
727 5355 1168 5429 Meibqelfeclw-
1193 5423 1204 5429 _
1401 5419 1449 5429 _.
1488 5418 1519 5429 ..
1635 5417 1646 5429 .

579 5447 590 5453 ⁴
659 5429 690 5469 ι»
731 5418 1057 5480 Βὶόειιιεῖιε
1086 5423 1367 5478 lectionem
1401 5418 1741 5480 Meibomins,
1769 5425 1822 5471 et
1849 5426 2017 5482 recte,
2044 5430 2170 5471 cum

594 5516 689 5560 sua
713 5514 789 5553 sc.
821 5493 1296 5565 dithyrambicaex
1323 5488 1559 5565 Aristide
1583 5487 1847 5565 lirmetur.

668 5582 689 5608 τ
721 5555 980 5622 Αεεεηιὶὶί
1009 5565 1093 5619 hic
1123 5561 1408 5618 Meihomio
1438 5559 1742 5628 nequimus,
1776 5559 1867 5628 qui
1911 5555 2038 5628 legit
2079 5557 2172 5609 ho-

580 5639 868 5707 mologica,
909 5651 1028 5707 seu?
1054 5633 1278 5707 similem
1312 5630 1552 5707 [tacentia
1591 5627 1841 5707 rationem
1886 5627 2174 5707 secundum

597 5695 956 5781 quodvestres
1007 5705 1270 5781 A_ristides_
1313 5702 1458 5781 enim
1509 5707 1700 5781 aperte
1730 5698 1893 5777 etiam
1935 5695 2171 5781 Comicus

600 5765 784 5836 eum
808 5774 1100 5848 melopoeix
1129 5772 1444 5835 nominavit,
1461 5765 1555 5842 qui
1577 5769 1642 5824 ad
1665 5767 1875 5839 priores
1896 5765 2181 5836 generales

2267 4633 2347 4707 εει
2377 4646 2531 4704 acuta
2564 4664 2579 4702 :
2613 4648 2796 4718 tropis,
2824 4645 3032 4701 scilicet
3069 4640 3412 4704 dissentiunt,
3444 4647 3498 4690 ut
3533 4636 3716 4698 Dorio,
3741 4633 3850 4702 L9-

2268 4742 2356 4794 dio
2387 4737 2462 4792 vel
2488 4737 2713 4801 cwteris,
2736 4735 2941 4790 scilicet
2961 4731 3200 4802 quinque
3221 4728 3412 4782 modis.
3441 4724 3628 4780 Omnis
3653 4734 3854 4784 tamen,

2268 4824 2478 4884 scilicet
2523 4834 2712 4880 cautor
2758 4823 2842 4880 vel
2887 4823 3068 4886 homo,
3115 4817 3205 4889 qui
3253 4814 3414 4870 melos
3456 4814 3690 4876 inchoat,
3742 4825 3854 4877 pne

2270 4916 2492 4982 cunctis,
2526 4915 2578 4970 id
2609 4922 2693 4969 est
2737 4921 2860 4967 ante
2889 4911 3090 4977 omnia,
3119 4917 3347 4977 systema
3388 4902 3534 4957 debet
3564 4901 3854 4960 advertere,

2276 5007 2328 5062 id
2356 5014 2456 5071 est,
2492 5004 2697 5075 majora
2735 5003 2907 5072 spatia
2938 5013 3152 5064 vocum,
3193 5010 3315 5067 quae
3344 4999 3471 5048 sunt
3491 4991 3854 5048 diatessaron,

2275 5098 2524 5166 diapente
2561 5104 2615 5148 et
2643 5094 2940 5163 diapason:
2982 5089 3166 5143 dehinc
3202 5099 3360 5140 sonos
3405 5083 3644 5145 miscere,
3691 5079 3746 5132 id
3777 5087 3859 5132 est

2270 5191 2518 5262 iungere,
2547 5199 2701 5260 atque
2721 5201 3044 5256 componere.

2270 5344 2450 5400 reduci
2487 5343 2722 5413 possint;
2765 5349 2816 5394 et
2853 5341 2968 5414 ipsa
3013 5337 3126 5391 lucc
3173 5331 3402 5414 Remigii
3447 5328 3857 5414 expositio__no:

2273 5426 2441 5470 stram
2468 5400 2750 5469 lectionem
2777 5400 2970 5480 probat
2996 5427 3008 5458 :
3047 5405 3294 5480 quamvis
3317 5400 3505 5480 revera
3539 5400 3664 5451 huic
3691 5400 3858 5480 etiam

2273 5466 2451 5555 glossa
2478 5466 2577 5536 ista
2619 5483 2690 5536 sit
2715 5466 2948 5542 inserta;
2992 5466 3134 5555 unde
3163 5473 3320 5553 facile
3367 5469 3522 5555 nobis
3562 5466 3858 5555 persuade-

2275 5537 2411 5617 inns,
2442 5555 2669 5608 duorum
2691 5537 2970 5604 auctorum
3011 5546 3224 5618 glossas
3254 5539 3416 5618 simul
3451 5537 3619 5618 fuisse
3646 5537 3858 5618 apposi:

2276 5635 2379 5690 tas,
2402 5613 2498 5679 seu
2540 5621 2717 5692 potius
2748 5613 3035 5692 confusas;
3057 5626 3164 5671 tam
3214 5613 3300 5668 hic
3330 5624 3492 5683 quam
3543 5613 3596 5660 in
3647 5613 3864 5660 caeteris

2277 5689 2434 5764 hujus
2469 5689 2752 5764 scriptoris
2791 5689 2941 5744 locis.
