3920 5468
126 407 235 465 919

1524 417 1609 473 DE
1659 413 1931 475 MUSICA.

3252 433 3359 487 950

199 527 321 584 "ire
349 526 413 581 de
445 532 635 597 septem
671 529 930 598 partibus,
976 530 1180 586 scilicet
1215 532 1462 602 superius
1507 533 1684 597 dictis,
1722 539 1762 593 Α
1792 547 1947 587 nem:
1977 543 2129 605 atque
2157 536 2211 589 in
2234 536 2407 603 verba,
2461 554 2595 608 gnte,
2639 537 2845 595 scilicet
2871 540 3057 607 verba,
3080 551 3200 611 apta
3224 545 3357 597 ratio

121 621 257 673 ariis
301 631 492 674 nostra!
540 623 735 677 dixisse
778 624 1015 693 stttﬁciat.
1060 622 1215 679 Nunc
1254 625 1515 695 rhythmos
1542 666 1557 690 ,
1599 625 1694 679 hoc

121 716 222 774 est,
253 724 489 763 numeros
516 714 946 781 perstringamus,
970 714 1020 766 id
1048 722 1152 779 est,
1171 715 1408 769 breviter
1430 715 1692 778 dicamus,

122 796 390 865 (quoniam
420 801 589 870 ipsam
621 804 843 873 quoque)
894 806 1204 873 portionem,
1248 815 1476 875 partem,
1520 806 1569 859 id
1614 816 1696 860 est

120 885 452 955 rhythmum,
496 891 661 943 nostri
702 908 810 946 esse
844 910 947 948 non
996 894 1214 949 dubium
1261 904 1357 950 est.
1409 895 1694 965 Rhythmus

118 972 286 1041 igitur
313 986 387 1028 est
433 980 735 1046 compositio
776 982 1017 1049 qutrdam
1070 1000 1135 1037 ea:
1180 984 1536 1049 sensibilibus;
1572 995 1698 1041 sunt

121 1064 269 1117 enim
296 1068 504 1120 numeri
538 1069 898 1141 intelligibiles
916 1082 972 1128 et
995 1073 1377 1144 ineorporales,
1402 1091 1522 1132 cum
1553 1076 1696 1130 nullo

122 1166 285 1205 sensu
314 1168 574 1224 corporeo
603 1157 1018 1226 discernuntur;
1063 1172 1189 1217 sunt
1230 1164 1533 1230 sensibiles,
1571 1181 1695 1220 cum

124 1241 193 1292 ad
235 1241 400 1296 visum
432 1254 490 1300 et
538 1248 777 1304 auditum
823 1261 877 1307 et
918 1261 1119 1308 tactum
1159 1255 1448 1324 pertinent,
1504 1256 1696 1311 collata

123 1333 457 1399 temporibus,
489 1335 540 1389 id
568 1347 651 1392 est
690 1344 1038 1407 conveniens,
1068 1354 1249 1414 aptata
1288 1346 1373 1401 vel
1412 1346 1695 1415 conjuncta

124 1421 197 1473 ad
227 1422 445 1492 aliquem
498 1427 731 1483 habitum
786 1433 1140 1504 ordinemque,
1190 1436 1395 1492 scilicet
1439 1440 1697 1507 temporis

122 1514 404 1577 prmsentis
418 1517 673 1582 praeteriti
697 1528 751 1572 et
767 1519 948 1583 futuri,
968 1539 1221 1589 connexa,
1238 1523 1543 1591 conjuncta.
1561 1526 1695 1581 Cum

123 1600 300 1657 omnis
328 1604 531 1660 musica
560 1621 786 1663 numero
828 1620 1062 1679 constat,
1112 1614 1223 1669 sola
1257 1622 1434 1670 tamen
1465 1616 1696 1671 humana

122 1703 253 1755 vox,
301 1702 524 1763 propter
564 1695 881 1767 dignitatem
914 1701 1369 1770 rationabilitatis,
1412 1705 1698 1776 rhythmos

124 1790 374 1850 vocatur,
405 1786 547 1843 unde
576 1788 875 1857 Virgilius:

399 1917 673 1972 ..Numeros
695 1926 911 1987 memini,
931 1928 969 1977 sl
991 1930 1136 1980 verba
1158 1936 1402 1985 tenorem.

198 2036 429 2096 Rursum
455 2043 531 2098 sic
568 2045 836 2115 deﬁnitur,
867 2051 1069 2107 scilicet
1098 2054 1342 2127 rbytrnus
1378 2076 1392 2112 :
1427 2059 1694 2129 (numerus

120 2137 202 2181 est
242 2130 582 2205 diversorum)
630 2138 924 2203 modorum,
973 2151 1240 2210 tonorum,
1289 2154 1607 2217 temporum,
1644 2160 1700 2205 et

124 2220 319 2312 pedum
355 2221 644 2298 (ordinata)
683 2233 956 2298 connexio,
978 2232 1232 2300 iunctura
1280 2238 1564 2310 (tempori),
1604 2259 1700 2312 pro

124 2309 347 2376 ratione,
361 2315 654 2370 secundum
670 2319 931 2376 rationem
951 2321 1369 2395 (modulationis)
1398 2309 1700 2396 inserviens,

121 2396 402 2469 obediens,
433 2403 545 2473 (per
562 2405 639 2472 id,
667 2409 807 2479 quod
826 2414 940 2481 aut)
977 2414 1259 2483 efferenda,
1291 2417 1617 2475 sublevanda
1648 2421 1702 2475 in

122 2500 496 2561 acumen,jro:c
531 2494 730 2570 (fuerit)
755 2511 844 2555 aut
880 2507 1179 2571 premenda,
1208 2507 1415 2564 scilicet
1437 2513 1493 2566 in
1523 2514 1703 2582 gravi-

125 2587 312 2647 tatem,
340 2593 390 2637 et
416 2587 527 2654 qui,
548 2588 755 2646 scilicet
775 2606 1049 2657 numerus,
1090 2611 1183 2651 nos
1218 2602 1538 2669 constringat
1569 2619 1600 2656 a
1634 2602 1704 2656 li-

122 2671 318 2739 centia,
367 2674 576 2732 scilicet
612 2678 839 2750 vulgari,
878 2682 1273 2753 modulationis,
1327 2687 1380 2742 id
1427 2697 1513 2744 est
1556 2691 1706 2747 inor-

123 2761 334 2827 dinata,
362 2780 484 2835 quin
504 2776 588 2824 est
613 2769 730 2827 sine
757 2773 959 2843 regula,
988 2776 1058 2828 ad
1081 2786 1266 2845 artem,
1290 2779 1342 2834 id
1364 2789 1467 2847 est,
1497 2782 1565 2837 ad
1594 2798 1711 2840 cer-

124 2858 243 2905 tum
269 2854 492 2923 aliquid,
517 2857 969 2932 disciplinamque,
1002 2865 1213 2921 scilicet
1249 2882 1317 2924 ne
1348 2871 1488 2925 forte
1514 2887 1710 2943 evage-

125 2947 222 2993 tur
250 2956 375 3007 vox,
400 2953 456 2998 et
482 2944 652 3003 libere
677 2947 876 3006 ellluat.
912 2951 1134 3009 Interest
1159 2965 1336 3011 tamen
1360 2958 1498 3013 inter
1525 2961 1709 3032 rhyth-

120 3047 277 3086 mum
327 3042 379 3088 et
424 3035 938 3109 rhythmizomenon;
972 3045 1160 3114 quippe
1205 3047 1708 3117 rhythmizomenon.

118 3123 524 3180 numerandum
546 3126 1009 3198 velnumerabile,
1037 3135 1181 3204 quod
1225 3135 1280 3190 in
1324 3152 1610 3194 numerum
1654 3149 1711 3195 et

1795 622 1981 687 modis,
2010 624 2063 679 id
2097 632 2177 679 est
2206 626 2663 684 modulationibus
2704 620 2983 698 colligarit,
3014 646 3130 698 qua!
3148 643 3356 698 cuncta,

1794 712 1848 767 id
1885 724 1968 768 est
1998 716 2111 770 hinc
2142 717 2242 771 tria
2286 720 2448 783 socia,
2478 735 2576 788 pro
2607 721 2832 785 sociata,
2856 722 3136 791 perfectam
3158 725 3361 792 faciunt

1795 805 2125 860 cantilenam.
2178 807 2440 863 Dividitur
2467 827 2592 864 sane
2628 828 2872 866 numerus
2911 810 2964 866 in
2992 815 3224 867 oratione
3251 814 3364 884 (per

1794 893 2066 965 syllabas),
2103 896 2155 950 id
2186 899 2420 967 pertinet
2457 900 2521 953 ad
2560 902 2755 967 verba;
2802 901 2854 955 in
2890 902 3245 956 modulatione
3272 920 3364 972 per

1795 984 1939 1039 arsin
1964 1001 2025 1039 ac
2046 987 2236 1052 thesin,
2274 988 2377 1044 hoc
2424 982 2660 1059 pertinet
2694 991 2761 1046 ad
2792 1006 3002 1055 sonum,
3038 1006 3158 1047 cum
3187 991 3364 1046 eleva~

1798 1082 1886 1129 tur
1912 1084 2005 1130 aut
2035 1077 2317 1147 deponitur
2340 1095 2470 1145 vox;
2515 1080 2568 1134 in
2599 1091 2765 1152 gestu,
2808 1082 3012 1152 ﬁguris,
3045 1081 3364 1137 ﬂexionibus

1799 1166 2161 1221 membrorum
2191 1167 2569 1236 determinatis,
2600 1171 2756 1226 idest
2782 1172 3106 1235 distributis,
3132 1173 3363 1225 schema-

1798 1257 1963 1327 tisque
2009 1258 2312 1329 completur,
2339 1275 2438 1330 pro
2469 1264 2847 1330 schematibus,
2895 1263 3082 1334 ﬁguris
3117 1272 3173 1318 et
3202 1262 3364 1317 selte-

1798 1347 2031 1403 matibus
2055 1348 2195 1404 idem
2224 1358 2325 1405 est.

1876 1434 2067 1491 Verum
2116 1442 2317 1493 numeri
2368 1456 2553 1509 genera
2604 1453 2720 1495 sunt
2770 1453 3010 1511 septem:
3038 1445 3263 1512 primum
3304 1445 3368 1495 de

1801 1530 2135 1597 temporibus,
2161 1531 2365 1586 scilicet
2394 1532 2566 1603 longis
2588 1542 2640 1587 et
2667 1535 2940 1587 brevibus.
2971 1533 3270 1589 Secundum
3304 1536 3369 1586 de

1798 1622 2186 1675 enumeratione
2240 1622 2532 1689 verborum,
2593 1638 2712 1678 cum
2763 1625 3194 1688 consideramus,
3251 1638 3369 1692 qua:

1799 1718 1970 1764 metra
1998 1711 2083 1765 vel
2113 1711 2348 1782 rhythmi
2386 1723 2617 1784 quatuor
2652 1724 2836 1785 partes
2861 1716 3142 1785 recipiant,
3175 1730 3289 1786 qua:
3315 1716 3369 1767 in

1802 1814 2075 1853 numerum
2107 1801 2293 1855 cadere
2339 1819 2443 1857 non
2488 1814 2727 1874 possunt,
2784 1805 2993 1859 scilicet
3031 1805 3173 1873 quod
3208 1818 3370 1859 exce-

1727 1901 1772 1958 B
1801 1886 1934 1941 dunt
1954 1887 2219 1957 legitimos
2245 1891 2429 1960 pedes,
2456 1892 2546 1961 qui
2583 1901 2706 1946 sunt
2732 1893 2783 1946 in
2807 1892 3153 1961 quaternario
3181 1890 3374 1945 nume-

1798 1992 1889 2042 ro;
1931 1994 2067 2047 quia,
2115 1978 2321 2033 scilicet
2362 1981 2546 2047 verba,
2584 1983 2960 2052 rhythmoides,
2990 1982 3045 2035 id
3075 1990 3145 2035 est
3175 1980 3371 2035 similia

1801 2070 2030 2123 numeris
2059 2069 2390 2140 judicantur,
2424 2071 2476 2125 id
2508 2080 2589 2127 est
2617 2072 2695 2127 sic
2722 2073 3073 2137 scanduntur,
3101 2073 3224 2141 quia
3269 2071 3369 2126 sibi

1801 2157 2120 2212 terminatur
2144 2173 2290 2229 pars,
2320 2160 2411 2213 ubi
2455 2161 2640 2214 linitur
2681 2174 2774 2231 pes
2810 2178 2823 2215 :
2864 2160 3273 2232 Rbytbmoides,
3319 2162 3371 2213 id

1799 2260 1883 2307 est
1918 2253 2126 2308 numeri
2182 2252 2354 2307 forma
2380 2252 2463 2307 vel
2493 2254 2700 2323 species
2756 2270 2994 2325 qua’que,
3025 2253 3229 2308 scilicet
3251 2269 3373 2307 ver-

1800 2342 1891 2407 ba,
1925 2341 2089 2397 tribus
2120 2342 2379 2397 vocabulis
2428 2342 2818 2409 discernuntur,
2867 2344 2963 2396 hoc
3009 2354 3100 2405 est,
3129 2343 3375 2411 enrhyth-

1801 2447 1945 2498 mon,
1974 2433 2301 2503 arhythmon,
2338 2433 2686 2502 rhythmoides
2717 2449 2735 2486 :
2775 2432 3134 2504 enrltythmon
3188 2446 3375 2485 nume-

1805 2523 1996 2589 rabile,
2026 2533 2079 2578 et
2112 2524 2254 2591 quod
2284 2523 2530 2577 formam
2580 2523 2792 2577 numeri
2826 2522 3017 2586 habet;
3051 2522 3373 2592 arhytbmon

1807 2609 2220 2675 innumerabile,
2271 2624 2497 2665 numero
2527 2626 2738 2672 carens,
2771 2611 2912 2678 quod
2941 2610 2995 2663 in
3022 2609 3223 2663 nullum
3254 2624 3376 2663 cer-

1808 2710 1919 2754 tum
1964 2700 2109 2754 cadit
2161 2714 2478 2764 numerum;
2535 2698 2927 2769 rhythmoides,
2970 2698 3377 2752 similitudinem

1809 2789 2014 2844 habens
2038 2789 2269 2851 numeri,
2294 2803 2412 2857 quae
2440 2789 2638 2859 partim
2670 2803 2925 2843 numeros
2948 2787 3229 2852 assimilat,
3254 2801 3380 2856 par-

1814 2882 1909 2935 tim
1951 2898 1979 2935 a
2007 2881 2248 2936 numeris
2272 2880 2541 2934 dissentit.
2572 2878 2827 2943 Tertium,
2864 2878 3070 2934 scilicet
3099 2893 3287 2949 genus,
3314 2877 3379 2931 de

1805 2972 2041 3043 pedibus.
2077 2970 2333 3037 Quartum
2360 2970 2424 3025 de
2445 2987 2645 3035 eorum,
2696 2970 2901 3025 scilicet
2928 2969 3144 3039 pedum,
3172 2984 3375 3039 genere.

1810 3059 2064 3127 Quintum
2094 3072 2192 3127 est,
2220 3062 2358 3133 quod
2388 3077 2584 3132 agogen
2608 3061 2973 3131 rhythmicam,
3006 3061 3057 3115 id
3086 3070 3167 3115 est
3192 3074 3379 3114 ascen-

1809 3149 2024 3204 dentem
2068 3148 2153 3203 vel
2189 3151 2404 3203 ductam
2448 3150 2898 3215 numerationem,
2942 3149 3295 3212 nominamus,
3323 3147 3377 3201 id

117 3222 303 3310 artem
330 3216 740 3310 redigipotest,
781 3224 1000 3278 materia
1046 3234 1121 3280 est
1163 3242 1518 3295 numerorum,
1546 3232 1710 3298 pedes
1737 3243 1778 3307 ο
1809 3248 1885 3293 est
1933 3255 2034 3309 quo
2068 3255 2268 3310 genere,
2311 3239 2519 3295 scilicet
2565 3240 2744 3303 metri,
2776 3248 2957 3294 utrum
3001 3240 3264 3310 dactylico
3292 3238 3379 3292 vel

116 3304 406 3371 videlicet,
438 3306 529 3377 qui
576 3317 837 3379 praestant
860 3312 1098 3367 numeris
1126 3315 1427 3379 materiam,
1458 3332 1581 3371 nam
1610 3334 1707 3388 per

114 3393 293 3463 pedes
327 3396 577 3451 scansio:
611 3414 859 3455 numerus
884 3411 1060 3456 autem
1094 3403 1251 3476 (velut
1273 3406 1488 3475 quidam
1516 3410 1708 3478 artifex

115 3494 223 3538 aut
258 3487 453 3555 species
481 3488 882 3561 modulationis)
910 3491 964 3545 id
1004 3502 1089 3549 est
1119 3493 1236 3563 ipsa
1271 3498 1527 3552 materies
1548 3514 1708 3568 appo-

116 3576 297 3641 nitur,
315 3575 366 3630 id
387 3585 471 3632 est
495 3576 711 3633 additur
736 3589 955 3651 propter
980 3584 1260 3638 materiam
1284 3585 1450 3652 ipsius
1474 3588 1704 3641 numeri.

120 3665 321 3719 Omnis
354 3666 516 3735 igitur
552 3684 797 3724 numerus
825 3670 1017 3741 triplici
1060 3674 1279 3737 ratione,
1312 3674 1362 3729 id
1404 3683 1489 3731 est
1539 3675 1708 3731 tribus

116 3760 310 3815 modis
333 3762 663 3828 discernitur,
688 3765 823 3831 visu,
846 3765 1133 3835 audituque
1151 3776 1197 3821 et
1216 3776 1359 3822 tactu
1381 3780 1399 3820 :
1423 3769 1557 3835 visu,
1574 3770 1706 3824 sicut

113 3861 254 3902 sunt
278 3866 340 3904 ea
374 3866 492 3921 qua:
515 3863 657 3907 motu
684 3855 917 3924 corporis
959 3853 1299 3925 colliguntur,
1324 3857 1377 3912 id
1403 3867 1487 3914 est
1526 3867 1708 3929 gestus

111 3940 376 4007 corporis
403 3948 458 3995 et
483 3941 794 3999 saltationes
831 3961 844 3997 :
874 3944 1096 4010 Audita,
1123 3961 1242 4001 cum
1278 3946 1347 4001 ad
1376 3948 1643 4017 judicium
1678 3961 1705 3992 ει

109 4030 507 4084 modulationis
549 4033 888 4101 intendimus,
935 4033 1142 4091 scilicet
1182 4035 1239 4090 in
1268 4037 1541 4107 organicis
1595 4039 1709 4094 sive

111 4121 390 4175 humanis
419 4123 639 4178 vocibus
671 4137 686 4176 :
727 4124 1053 4195 tactu,_haac
1088 4125 1296 4195 species
1346 4127 1413 4182 ad
1470 4129 1708 4185 medicos

103 4211 388 4299 f-‘crtj‘net,
428 4219 485 4264 ut
528 4227 592 4266 ea:
635 4213 812 4282 digitis
854 4191 1185 4284 etcploramus
1218 4232 1464 4270 venarum
1489 4218 1706 4283 indicia,

102 4305 341 4360 Scilicet
391 4302 447 4359 in
494 4303 815 4376 cauponibus
871 4304 1169 4371 hominum,
1207 4305 1393 4375 pulsus
1440 4308 1708 4375 videlicet,

103 4414 254 4453 nam
283 4407 340 4450 et
361 4397 461 4466 ipsi
483 4398 772 4452 secundum
796 4393 1244 4470 ipsosrbythmos
1268 4394 1425 4461 ﬁunt,
1450 4405 1505 4452 et
1526 4399 1709 4468 explo-

102 4496 327 4542 rantur
372 4488 566 4542 indicia
614 4490 767 4557 signa
815 4491 1019 4560 pulsus.
1068 4491 1264 4547 Verum
1301 4489 1471 4553 nobis,
1503 4491 1557 4545 id
1602 4500 1704 4557 est,

1810 3331 2066 3396 iambico,
2103 3347 2349 3385 numerus
2400 3330 2662 3400 modique,
2716 3330 2925 3385 scilicet
2973 3328 3376 3391 modulationis,

1807 3419 2086 3472 ducantur.
2115 3417 2330 3473 Sextum
2355 3417 2419 3472 de
2444 3418 2886 3485 conversionibus,
2918 3419 2969 3473 id
2992 3427 3074 3473 est
3110 3419 3381 3487 quomodo

1808 3512 2154 3561 Convertatur
2183 3522 2347 3561 unum
2377 3494 2545 3576 genus
2594 3508 2750 3562 metri
2799 3507 2852 3561 in
2898 3507 3063 3562 aliud.
3097 3505 3372 3570 Ultimum,

1808 3597 1861 3651 id
1897 3607 1980 3651 est
2028 3597 2338 3666 septimum,
2388 3596 2783 3668 Rhythmopwia
2822 3606 2929 3663 est,
2960 3598 3011 3652 id
3040 3606 3123 3653 est
3157 3598 3368 3651 numeri

1808 3687 2036 3753 factura,
2057 3689 2111 3743 id
2136 3700 2209 3743 est
2236 3690 2673 3760 quemadmodum
2710 3692 2999 3761 procreatio
3034 3691 3236 3746 numeri
3260 3706 3379 3761 pos-

1806 3779 1873 3832 sit
1896 3779 2061 3849 efﬁngi
2093 3780 2144 3833 in
2178 3789 2349 3835 metro
2376 3780 2460 3835 vel
2491 3796 2667 3836 versu.

1883 3868 2116 3921 Primum
2144 3870 2322 3940 igitur,
2369 3869 2576 3924 scilicet
2598 3884 2787 3941 genus,
2825 3879 3024 3939 tempus
3046 3873 3144 3935 est,
3172 3866 3381 3923 scilicet

1805 3974 2065 4028 praesens,
2098 3959 2313 4028 quando
2358 3959 2643 4015 inchoatur
2683 3960 2974 4027 cantilena,
3006 3962 3146 4031 quod
3181 3962 3234 4014 in
3262 3976 3380 4013 mo-

1807 4066 1915 4103 rem
1945 4051 2123 4113 atomi,
2152 4050 2203 4105 id
2227 4059 2312 4105 est
2334 4050 2668 4116 insecabilis,
2701 4067 2793 4105 nec
2812 4060 2984 4120 partes
3006 4067 3098 4105 nec
3120 4061 3382 4105 momenta

1809 4139 2095 4206 recisionis,
2138 4140 2188 4195 id
2218 4149 2301 4195 est
2326 4139 2627 4206 divisionis,
2656 4140 2906 4205 admittit,
2949 4139 3177 4209 recipit;
3221 4148 3275 4191 ut
3306 4147 3381 4191 est

1806 4231 1862 4285 in
1893 4229 2225 4288 Geometricis
2263 4242 2532 4304 punctum,
2567 4233 2621 4288 in
2672 4233 3026 4286 Arithmeticis
3064 4246 3277 4292 monas;
3324 4230 3379 4282 id

1808 4332 1881 4375 est
1909 4322 2195 4391 singularis
2238 4324 2479 4393 qutedam
2527 4333 2718 4376 natura
2743 4340 2805 4376 ac
2830 4324 2999 4391 seipsa
3039 4329 3302 4383 contenta,
3327 4320 3380 4373 id

1808 4419 1890 4466 est
1912 4409 2199 4467 sulliciens.
2227 4411 2333 4465 Sed
2379 4427 2624 4465 numerus
2654 4413 2710 4464 in
2731 4411 2914 4475 verbis,
2940 4410 3146 4465 scilicet
3176 4410 3383 4464 inveni-

1811 4507 1918 4567 tur,
1949 4501 2061 4571 (per
2085 4500 2374 4570 syllabam;
2395 4502 2449 4554 in
2472 4500 2846 4571 modulatione)
2867 4517 2959 4570 per
2983 4516 3188 4564 sonum,
3223 4499 3382 4553 idest

99 4575 357 4631 musicis
392 4577 694 4631 attribuitur
727 4582 954 4636 maxime
997 4583 1053 4635 in
1088 4584 1275 4637 auditu
1312 4591 1543 4656 visuque.
1604 4582 1711 4637 Sed
1741 4584 1789 4643 D
1816 4600 1998 4645 tonum
2035 4591 2231 4661 ipsum,
2260 4601 2351 4645 aut
2372 4607 2462 4661 per
2486 4591 2733 4661 spatium,
2759 4590 2811 4646 id
2837 4598 2922 4645 est
2950 4590 3269 4645 divisionem
3304 4599 3383 4643 to—

96 4668 384 4736 rhytmice
407 4677 481 4721 est
511 4685 623 4735 ars,
652 4670 704 4725 id
732 4680 815 4726 est
845 4672 1136 4729 numeralis
1173 4674 1389 4744 positio,
1435 4676 1604 4729 omnis
1653 4690 1707 4733 tn

94 4759 387 4824 seuuteris,
414 4775 532 4827 qute
562 4777 804 4816 numeros
828 4762 1083 4831 quosdam
1110 4766 1334 4835 propriae
1359 4767 1708 4821 conversionis

1813 4681 1892 4749 ni,
1916 4681 2053 4755 quod
2076 4680 2231 4745 fuerit
2254 4681 2539 4751 singulare,
2562 4680 2765 4735 scilicet
2790 4681 3077 4743 invenitur,
3110 4680 3163 4733 id
3188 4687 3270 4732 est
3303 4680 3383 4732 in-

1814 4772 2082 4829 divisibile
2105 4781 2158 4826 et
2184 4783 2351 4827 unum
2382 4787 2394 4823 :
2422 4767 2595 4836 majus
2622 4770 2855 4838 spatium
2878 4776 3103 4825 vocatur
3124 4775 3383 4835 systema,

90 4849 375 4918 accipiat,
418 4849 471 4903 id
506 4860 611 4917 est,
651 4853 857 4907 reditus
877 4855 1142 4923 proprios,
1171 4863 1228 4909 ut
1256 4858 1398 4911 unde
1424 4858 1624 4921 veniat,
1654 4868 1710 4913 et

88 4958 174 4995 ca
204 4941 406 4996 redeat
426 4943 538 5012 ipsa
564 4958 691 5006 vos,
718 4945 1004 5014 ﬂexusque,
1028 4946 1080 5000 id
1117 4956 1216 5009 est,
1247 4947 1450 5002 reditus
1489 4946 1569 5001 vel
1595 4947 1703 5001 cir-

87 5031 315 5086 cuitus
336 5030 623 5100 legitimos,
650 5033 703 5085 id
730 5042 812 5087 est
843 5035 1189 5091 rationabiles
1212 5037 1482 5091 sortiatur.

181 5118 327 5191 (Est
353 5139 556 5193 quoque
594 5124 845 5179 distantia
896 5128 1030 5179 inter
1056 5128 1346 5197 rhythmum
1387 5139 1706 5198 metrumque

86 5222 229 5265 nan
259 5225 448 5278 parva,
484 5212 617 5265 sicut
645 5213 900 5281 posterius
933 5216 1249 5270 memorabo.
1290 5216 1394 5271 Sed
1424 5220 1547 5290 quia
1568 5219 1706 5271 visus

89 5300 451 5345 auditu-mw.
471 5302 710 5346 urimur!“
742 5303 925 5348 dict-uc
962 5306 1169 5348 ςρίιίρρι
1199 5315 1275 5348 net
1312 5324 1339 5348 ιι
1370 5323 1456 5350 mp
1478 5307 1706 5349 (ηι-ρὶιιι-

1815 4865 1993 4919 minus
2014 4862 2296 4918 diastema.
2326 4858 2393 4918 In
2420 4872 2587 4935 gestu,
2618 4858 2826 4915 scilicet
2847 4860 2907 4914 lit
2931 4868 3159 4928 tempus,
3189 4873 3280 4924 per
3307 4859 3389 4911 in-

1810 4952 2078 5022 cipientem
2105 4953 2339 5021 corporis
2366 4963 2581 5015 motum,
2628 4949 2767 5021 quod
2809 4950 3012 5002 schema
3042 4945 3301 5009 diximus,
3339 4943 3395 4997 id

1810 5050 1894 5095 est
1925 5042 2169 5111 ligurram,
2198 5049 2257 5096 ut
2285 5042 2339 5098 in
2366 5042 2634 5115 optatione
2658 5042 3041 5097 membr-osum.
3101 5037 3266 5101 Atque
3297 5036 3403 5099 hoc

1810 5135 1906 5185 erit
1936 5136 2290 5189 brevissimum
2339 5149 2562 5205 tempus,
2600 5134 2652 5187 id
2679 5141 2759 5188 est
2784 5147 3036 5202 praesens,
3064 5122 3201 5197 quod
3248 5122 3412 5181 inse-

1813 5223 1979 5279 cabile
2002 5223 2302 5278 memoravi.
2342 5223 2695 5293 compositum
2740 5238 2879 5288 vero,
2920 5220 3121 5275 scilicet
3158 5222 3425 5287 tempus.

1813 5308 1863 5348 :.|
1888 5322 1966 5350 ορ.
1997 5310 2275 5350 qpliﬂninln
2365 5313 2503 5362 ,,..,..t
2538 5320 2696 5342 ..ηιοοο
2726 5310 2888 5344 aram:
2953 5306 3153 5344 οηὶιςηοθ
3183 5302 3235 5336 in
3274 5319 3429 5348 cna-
