4038 6420
503 385 608 440 οει

1073 375 1334 433 REMICII
1363 369 2022 432 ANTISSIODORENSIS
2057 366 2208 429 OPP.
2248 368 2428 430 PARS
2486 370 2550 430 ll.
2589 404 2661 417 -—
2696 372 3188 441 MlSCELLANU.

3649 377 3765 440 952

503 513 602 552 nus
645 495 808 559 enim,
848 493 900 548 id
935 502 1019 548 est
1051 492 1328 562 hucusque
1370 489 1453 544 vel
1485 490 1554 543 ad
1577 484 1937 558 quadrttplum
1971 497 2074 540 nu-
2101 490 2150 545 Α
2179 495 2332 556 atque
2353 487 2480 541 ordo
2510 486 2768 558 legitimus
2791 495 2983 562 expetit
3015 532 3034 558 ,
3064 493 3116 548 id
3145 501 3264 558 est,
3293 492 3539 562 requirit,
3567 499 3766 562 pra-ci.-

501 602 711 642 merum
769 584 1130 657 legitimorum
1175 581 1371 651 pedum
1420 581 1643 651 (tempus
1683 592 1832 631 omne
1874 573 2078 630 numeri

501 674 812 748 profertur),
860 689 959 743 pro
996 686 1243 736 munero,
1298 681 1538 741 tempore
1590 670 1694 739 (sc.
1727 665 1958 738 tempus)
1988 679 2081 734 po-

502 767 628 822 suir.
675 762 924 836 Legitimi
977 772 1155 816 autem
1211 760 1374 830 pedes
1428 766 1522 812 aut
1577 757 1725 827 dupli
1753 765 1901 822 sunt,
1930 755 1985 809 id
2009 769 2078 810 ex

503 855 713 907 duabus
751 852 990 924 syllabis,
1018 858 1113 903 aut
1163 849 1305 918 tripli
1343 863 1412 903 ex
1445 843 1638 912 tribus,
1671 855 1765 901 aut
1795 843 2105 920 quadrupli,

503 957 571 998 ex
596 951 848 1012 quatuor.
879 940 1063 994 Potest
1092 948 1148 993 et
1202 938 1306 992 alia
1339 937 1547 992 ratione
1596 935 1842 1005 intelligi,
1883 942 1943 988 ut
1975 933 2080 987 duo

502 1044 747 1103 tempora
779 1032 940 1086 unius
965 1031 1140 1102 longae
1180 1030 1404 1100 syllabae
1461 1043 1561 1098 pro
1583 1043 1691 1082 uno
1724 1035 1963 1096 tempore
1989 1040 2081 1079 ac-

501 1126 695 1196 cipias,
737 1139 800 1179 ac
841 1124 920 1178 sic
942 1139 1050 1198 non
1091 1122 1264 1177 solum
1317 1134 1575 1176 numerus
1607 1118 1956 1189 syllabarum,
1991 1129 2080 1170 ve-

502 1229 621 1269 rum
652 1215 816 1268 etiam
839 1223 1138 1282 temporum
1166 1209 1575 1280 quaternarium
1600 1221 1707 1260 non
1747 1201 2078 1274 transgredi-

501 1313 592 1360 tur
621 1319 927 1369 numerum,
958 1313 1112 1373 atque
1133 1301 1203 1368 ei,
1235 1300 1447 1356 scilicet
1473 1312 1724 1359 numero,
1753 1296 1805 1351 id
1831 1302 1915 1349 est
1943 1306 2079 1363 qua-

501 1395 743 1453 ternario
786 1395 908 1463 finis
937 1405 1044 1460 est;
1083 1394 1226 1448 sicut
1270 1392 1324 1446 in
1350 1390 1618 1446 creaturis
1650 1389 1764 1458 ipse
1790 1395 2082 1455 quaterna-

503 1485 617 1540 rius
663 1485 928 1538 terminus
971 1492 1076 1546 est,
1122 1484 1268 1552 quod
1311 1480 1377 1536 ad
1428 1478 1704 1550 exemplar
1751 1476 1870 1544 ejus
1903 1472 2082 1531 omnis

503 1582 752 1628 creatura
781 1572 1009 1626 formata
1030 1579 1136 1634 est,
1159 1571 1247 1640 qui
1269 1569 1437 1640 plena:
1458 1569 1681 1622 rationis
1708 1575 1781 1632 est
1806 1555 2079 1628 terminus,
2099 1630 2102 1637 ι

505 1665 712 1718 scilicet
741 1663 798 1717 in
826 1661 1116 1727 creaturis,
1142 1660 1286 1730 quod
1323 1659 1466 1713 sicut
1515 1656 1786 1712 lernarius
1823 1668 2082 1710 numerus

503 1767 851 1808 numerorum
879 1752 1121 1807 omnium
1150 1750 1358 1819 primus
1385 1755 1490 1812 est,
1523 1747 1595 1801 ita
1618 1754 1672 1801 et
1699 1743 2082 1814 quaternarius

503 1844 744 1910 ornnium
772 1855 1120 1898 numerorum
1153 1840 1375 1894 ultimus
1403 1838 1682 1909 plenaeque
1709 1835 1940 1891 rationis
1975 1843 2082 1888 ter-
2111 1826 2158 1886 Β

505 1937 706 1999 minus,
734 1936 848 2004 ipsa
898 1943 1079 1989 autem
1111 1933 1353 1997 ratione;
1385 1946 1510 1986 nam
1560 1946 1626 1984 ex
1659 1927 2009 2000 quaternario
2034 1935 2088 1981 et

506 2025 764 2084 membris
810 2025 923 2079 suis
978 2023 1236 2077 denarius
1289 2019 1578 2075 conficitur
1617 2031 1897 2080 numerus,
1922 2029 2085 2070 unum

510 2118 707 2188 quippe
729 2125 782 2172 et
809 2099 914 2171 duo
943 2123 996 2169 et
1023 2114 1124 2168 tria
1162 2121 1219 2167 et
1264 2121 1496 2181 quatuor
1528 2109 1714 2164 decem
1750 2107 1903 2170 ﬁunt,
1927 2106 1978 2159 id
2005 2113 2090 2158 est

505 2225 718 2274 manas,
745 2211 898 2278 dvas,
924 2207 1078 2270 trias,
1108 2215 1292 2260 tetras.
1318 2203 1484 2272 Atque
1505 2203 1560 2255 in
1582 2201 1700 2263 hoc,
1729 2199 1780 2254 id
1802 2206 1884 2252 est
1908 2197 1960 2250 in
1985 2195 2100 2268 hac

508 2299 741 2362 ratione,
767 2297 997 2351 numeris
1019 2294 1127 2348 toni
1147 2291 1332 2348 similis
1371 2290 1652 2354 invenitur,
1675 2287 1774 2342 sub
1795 2300 1902 2355 quo
1929 2293 2089 2338 tonus

507 2393 565 2448 in
595 2400 827 2461 quatuor
856 2389 1033 2444 dicses
1061 2385 1356 2449 dividitur;
1404 2383 1541 2437 sicut
1588 2381 1724 2434 enim
1765 2377 1875 2442 ille,
1925 2376 1975 2431 id
2005 2382 2090 2430 est

508 2485 693 2548 tonus,
739 2499 832 2553 per
865 2491 1098 2552 quatuor
1137 2477 1352 2548 species,
1383 2474 1435 2529 id
1479 2482 1565 2528 est
1588 2471 1783 2536 dicscs,
1811 2467 2085 2531 dividitur,

507 2577 649 2631 deest
679 2574 772 2638 ita,
813 2574 918 2637 hic,
962 2570 1172 2627 scilicet
1203 2583 1319 2638 pes,
1371 2565 1533 2620 etiam
1575 2560 1914 2634 quaternaria
1959 2568 2088 2615 tem-

507 2682 695 2736 porum
724 2662 1084 2718 modulatione
1123 2655 1477 2722 concluditur,
1508 2652 1563 2708 id
1592 2660 1676 2708 est
1720 2648 1903 2720 dupla,
1929 2645 2087 2717 tripla

509 2764 564 2812 et
595 2752 916 2824 quadrupla.

580 2847 689 2903 Sed
715 2861 896 2900 eorum
917 2852 1228 2912 temporum,
1249 2853 1368 2910 qua:
1389 2838 1459 2890 ad
1483 2848 1726 2890 numeros
1753 2828 2083 2912 copulantur,

509 2937 619 2994 alia
647 2945 787 3001 sunt,
821 2950 938 3001 qua:
967 2909 1300 3002 enrhythma,
1351 2927 1405 2983 id
1447 2933 1533 2982 est
1562 2919 1937 2985 numerabilia,
1958 2909 2088 2972 tem;

509 3049 639 3103 pora
662 3033 998 3086 nominantur
1019 3044 1031 3056 ’
1054 3025 1171 3080 alia-
1187 3041 1304 3095 quae
1328 3020 1626 3092 arltythma,
1669 3017 1721 3072 id
1748 3021 1830 3070 est
1851 3013 1967 3068 sine
1989 3025 2089 3065 nu-

511 3098 664 3178 mero
699 3131 754 3176 et
782 3115 1241 3174 innumerabilia:
1282 3111 1391 3166 alia
1430 3125 1547 3181 quw
1588 3102 1996 3174 arhythmoides,
2034 3098 2089 3152 id

515 3224 601 3272 est
629 3213 826 3270 similia
858 3208 1124 3273 numeris,
1156 3169 1512 3277 perhibentur.
1544 3195 1612 3251 Et
1644 3195 1951 3265 en'rltytltma
1973 3189 2090 3261 qui-
2116 3169 2160 3229 (δ

514 3309 632 3362 dem
659 3315 802 3369 sunt,
833 3317 951 3374 qua:
981 3300 1185 3354 ratione
1232 3304 1375 3350 certa
1411 3291 1648 3347 ordinem
1692 3294 1922 3350 servant,
1959 3281 2091 3336 utin

512 3395 710 3467 duplici
730 3391 808 3448 rel
839 3388 1083 3453 hemiolo,
1116 3388 1169 3443 id
1196 3393 1281 3441 est
1325 3379 1570 3460 sescuplo
1601 3378 1686 3433 vel
1712 3373 2090 3467 sesquialtero,

513 3462 665 3543 relin
691 3485 833 3549 aliis,
860 3483 912 3538 id
943 3491 1026 3537 est
1064 3481 1119 3534 in
1151 3476 1404 3546 epitritis,
1444 3489 1562 3545 quin
1601 3469 1709 3525 alia
1734 3469 1954 3530 ratione,
1983 3462 2092 3517 sci-

516 3579 643 3633 licet
675 3574 818 3644 tripli
843 3583 898 3628 et
925 3567 1235 3640 quadrupli,
1269 3565 1587 3636 junguntur.
1632 3557 1920 3628 Arhytltma
1947 3560 2092 3617 sunt,

513 3685 636 3740 qute
665 3667 762 3722 sibi
786 3665 930 3720 nulla
958 3662 1168 3717 omnino
1215 3659 1326 3729 lege
1355 3653 1708 3716 consentiunt,
1739 3665 1800 3704 ac
1819 3648 1931 3703 sine
1952 3653 2093 3699 certa

515 3735 719 3814 ratione
778 3762 1091 3824 congregata
1127 3761 1284 3814 sunt;
1338 3746 1555 3817 quidam
1613 3741 1761 3800 enim
1804 3737 1971 3809 pedes
2017 3735 2092 3824 ita

516 3858 663 3913 sunt,
701 3855 759 3902 ut
783 3823 926 3900 nulla
955 3841 1165 3897 ratione
1198 3837 1302 3894 sibi
1327 3833 1670 3895 conveniant,
1712 3829 1853 3885 sicut
1882 3823 2093 3894 amphi-

515 3939 774 4008 brachys,
826 3949 986 4005 quem
1034 3928 1245 3986 metrici
1297 3927 1579 3982 informem
1616 3930 1672 3977 et
1707 3913 2035 3990 incognitum
2066 3926 2094 3956 ι

511 4005 780 4099 iudicant.
806 4020 1197 4093 Rhythmoides,
1229 4016 1285 4072 id
1313 4023 1399 4071 est
1430 4012 1640 4068 numeri
1665 4008 1946 4099 lorma,_in
1973 4005 2095 4060 aliis

519 4097 796 4174 numerum
841 4125 1068 4173 seruant,
1115 4109 1172 4162 in
1225 4105 1445 4175 aliisque
1496 4101 1806 4172 despiciunt.
1858 4097 2095 4162 Quorum

519 4221 808 4280 temporum
834 4202 940 4257 alia
965 4196 1255 4269 strongyla,
1283 4195 1407 4250 'tboc
1435 4200 1536 4258 est,
1581 4189 1806 4244 rotunda
1831 4183 2098 4256 perhiben-

519 4275 640 4362 tur;
690 4293 1000 4364 strongylus
1048 4286 1360 4364 στρογγύλος
1394 4296 1584 4337 versus
1618 4278 1841 4342 dicitur,
1892 4275 1947 4329 in
1989 4287 2096 4342 quo

517 4390 664 4446 nulla
711 4401 841 4459 pars
881 4380 1145 4440 orationis
1183 4377 1393 4448 integra
1443 4373 1620 4430 locum
1661 4367 1814 4439 pedis
1851 4364 2094 4426 obtinet,

521 4490 622 4537 ut:

703 4585 983 4638 lmmortale
1007 4582 1124 4634 nihil
1141 4579 1304 4630 mudi
1325 4587 1558 4638 compage
1581 4575 1815 4630 tenetur;
1854 4577 1859 4583 '

518 4694 573 4750 in
597 4692 700 4745 hoc
731 4689 874 4743 enim
927 4699 1082 4738 versu
1122 4680 1299 4735 nullus
1335 4691 1430 4746 pes
1454 4671 1712 4728 terminat
1734 4673 1944 4738 partem
1973 4677 2098 4719 ora-

517 4780 701 4837 tionis.
732 4777 852 4831 Alia
881 4771 1164 4846 periplesb,
1199 4770 1252 4822 id
1275 4775 1358 4822 est
1380 4755 1893 4833 superabundantia.
1921 4752 1986 4806 Et
2013 4769 2100 4846 ro-

518 4871 684 4927 tunda
721 4871 840 4923 s‘unt
863 4838 1020 4934 ,qude
1049 4859 1312 4931 proclinus
1339 4895 1354 4921 ,
1415 4854 1467 4908 id
1509 4859 1593 4906 est
1640 4845 1877 4902 velocius
1899 4883 1914 4908 ,
1941 4851 1989 4896 et
2023 4838 2097 4907 fa-

516 4965 693 5026 cilius,
724 4974 882 5032 quam
906 4932 1099 5027 qradus
1124 4951 1339 5021 quidam
1367 4988 1380 5010 ,
1413 4943 1618 5000 scilicet
1647 4941 1790 4996 sicut
1823 4937 1881 4990 lit
1911 4935 1964 4990 in
1992 4932 2097 4988 illis

517 5054 765 5111 versibus
791 5092 806 5118 ,
835 5049 926 5121 qui
953 5061 1020 5102 ex
1043 5043 1314 5098 vocalibus
1337 5037 1680 5097 colliduntur,
1716 5040 1819 5085 ut':

615 5169 778 5229 Atque
800 5179 861 5216 ea
878 5163 1077 5214 diversa
1099 5161 1294 5220 penitus
1323 5154 1438 5203 dum
1467 5155 1600 5214 parte
1621 5151 1887 5210 geruntur.

520 5269 648 5329 Sive
673 5270 776 5325 hoc
795 5268 872 5333 lit,
892 5265 1108 5338 quando
1131 5264 1184 5318 in
1206 5259 1459 5317 omnibus
1491 5253 1715 5325 pedibus
1745 5249 1928 5304 linitur
1949 5257 2094 5315 pars,

517 5372 579 5418 ut
615 5373 696 5419 est
721 5380 734 5416 :

581 5474 794 5537 Resides
815 5484 915 5531 me,
934 5469 1102 5530 Pater,
1128 5472 1178 5516 ut
1200 5465 1323 5515 bona
1341 5471 1452 5523 quae
1470 5464 1588 5520 peto
1610 5465 1703 5502 nec
1727 5450 1842 5501 mihi
1866 5453 2098 5510 praestes;

592 5670 617 5697 ι
643 5656 803 5711 Forte
823 5654 1014 5709 melius
1038 5648 1380 5705 inconditum.

594 5728 622 5766 δ
645 5708 1016 5781 νέέλξὶὲῐὶόθ
1055 5730 1138 5778 est
1180 5716 1435 5791 περίπλεω
1461 5753 1474 5776 ,
1505 5708 1619 5791 sive
1674 5709 1916 5791 περίπλεοι
1945 5745 1958 5773 ,
1998 5709 2088 5761 τιυὶ

524 5780 692 5853 etiam
719 5793 1012 5870 aspiciens,
1041 5805 1160 5863 quze
1187 5780 1406 5845 in'idem
1441 5780 1705 5842 recidunt.

2119 649 2124 654 ἱ
2177 575 2435 646 pitantur,
2482 578 2532 632 id
2561 588 2677 644 est,
2717 581 2974 638 velociter
3001 591 3291 638 cantantur
3317 591 3372 638 et
3399 583 3764 638 scanduntur.

2182 666 2415 737 Periples
2437 686 2577 737 vero,
2607 688 2725 741 qua:
2752 673 2996 744 amplius,
3024 692 3180 745 quam
3207 676 3384 740 docet,
3413 692 3584 729 moras
3609 693 3764 729 (ωηο
3789 725 3794 730 .

2177 758 2360 827 posin
2385 760 2759 816 modulationis
2783 763 3067 828 innectunt,
3093 765 3144 818 id
3171 774 3254 819 est
3273 773 3618 833 praestruunt,
3648 765 3766 818 sci-

2179 846 2305 902 licet
2329 849 2469 904 sicut
2494 861 2620 905 sunt
2646 852 2720 906 illi
2748 861 2968 921 versus,
3001 855 3092 910 ubi
3121 856 3410 912 multitudo
3446 871 3728 912 consona!)

2183 937 2314 992 tium
2338 938 2603 1003 incurrit,
2628 949 2684 994 ut

2520 1050 2683 1100 l’mita
2707 1063 2795 1112 spe
2819 1053 2914 1104 sibi
2938 1053 3149 1116 quisque

2180 1167 2333 1220 seque
2357 1151 2470 1221 ipsa
2492 1153 2722 1207 tardiore
2743 1157 3168 1223 pronuntiatione
3194 1156 3548 1227 suspendunt,
3580 1168 3774 1210 remo-

2183 1249 2392 1304 rantur,
2421 1250 2641 1311 propter
2673 1244 2895 1299 crebras
2919 1253 3298 1309 consonantes,
3321 1261 3459 1316 quas
3497 1246 3728 1300 habent.

2254 1331 2402 1401 (Sed
2457 1341 2747 1400 temporum
2792 1333 2901 1388 alia
2941 1335 3198 1404 simplicia
3227 1347 3370 1399 sunt,
3415 1351 3530 1404 qna,-
3571 1335 3778 1403 pudiea

2182 1423 2340 1476 etiam
2379 1423 2787 1493 perhibentur),
2819 1424 3011 1494 pudica
3057 1423 3274 1488 ποδικά,
3340 1425 3394 1478 id
3439 1433 3519 1478 est
3552 1424 3773 1493 pedalia

2182 1513 2265 1569 vel
2287 1514 2510 1583 pedibus
2532 1523 2679 1584 apta,
2702 1529 2797 1584 pos
2815 1521 2944 1575 ποῦς
2961 1529 3193 1584 namque
3207 1513 3400 1569 Grzece
3421 1531 3511 1583 pes
3538 1513 3772 1568 dicitur.

2185 1601 2286 1658 Pes
2324 1620 2444 1658 vero
2473 1613 2548 1658 est
2574 1605 2795 1669 numeri,
2829 1604 2880 1658 id
2907 1612 2991 1659 est
3017 1604 3370 1674 rhythmiczc;
3411 1602 3641 1657 formam
3677 1618 3777 1656 su-

2182 1693 2370 1763 perius
2401 1693 2512 1748 dixi
2530 1731 2545 1755 ,
2576 1693 2746 1762 prima
2765 1695 3059 1764 progressio
3082 1735 3097 1760 ,
3121 1692 3509 1763 dispositio-vel
3526 1693 3780 1746 elemen-

2187 1792 2297 1836 tum
2325 1781 2532 1835 muneri
2559 1821 2572 1845 ,
2606 1799 2698 1850 per
2725 1781 3000 1852 legitimos,
3036 1784 3193 1838 idest
3219 1777 3680 1853 proportionales,
3725 1790 3780 1836 et

2189 1874 2504 1929 necessarios
2558 1890 2713 1928 sonos
2757 1874 3058 1944 conjuncta.
3099 1874 3175 1928 llli
3205 1876 3388 1944 pedes,
3412 1874 3503 1942 qui
3533 1889 3774 1943 propor-

2190 1963 2460 2018 tionaliter
2494 1972 2788 2034 ponuntur,
2817 1963 3041 2035 legitimi
3090 1965 3343 2018 dicuntur
3369 1978 3386 2018 :
3417 1965 3595 2032 cujus,
3625 1963 3780 2017 scili-

2187 2060 2273 2108 cet
2298 2053 2476 2121 pedis,
2503 2061 2676 2122 partes
2705 2053 2825 2106 dua:
2868 2063 3024 2118 sunt,
3056 2054 3192 2108 orsis
3231 2053 3283 2107 id
3317 2061 3400 2108 est
3423 2052 3697 2114 elevatio.
3729 2063 3781 2106 et

2187 2143 2345 2196 thesis
2361 2182 2375 2207 ,
2399 2142 2452 2196 id
2477 2149 2562 2197 est
2585 2141 2851 2212 depositio
2879 2156 2943 2197 ac
2973 2142 3222 2197 remissio
3247 2141 3397 2198 vocis
3419 2143 3439 2201 (
3445 2141 3554 2196 Sed
3581 2142 3781 2212 pedum

2186 2233 2498 2302 differentiae
2537 2241 2660 2285 sunt
2683 2231 2912 2302 septem)
2942 2245 2962 2282 :
2996 2247 3088 2301 per
3115 2230 3526 2301 magnitudinem
3555 2270 3572 2293 ,
3604 2229 3659 2283 id
3695 2238 3784 2284 est

2186 2321 2542 2392 quantitatem
2591 2321 2612 2392 (
2632 2337 2750 2374 cum
2789 2321 2923 2374 alios
2968 2320 3226 2391 simplices
3249 2360 3264 2384 ,
3293 2318 3424 2373 alios
3459 2318 3784 2387 multiplices

2185 2411 2340 2481 pedes
2374 2410 2660 2481 ponimus)
2708 2425 2838 2466 cum.
2863 2424 3006 2465 unus
3051 2423 3145 2479 pes
3174 2407 3346 2478 major
3373 2414 3458 2463 est
3487 2409 3618 2462 alio.
3655 2408 3678 2478 (
3711 2406 3783 2462 Et

2185 2500 2444 2571 simplices
2463 2500 2696 2569 quidem,
2728 2509 2787 2554 ut
2807 2509 2882 2555 est
2912 2498 3258 2570 Pyrrhiehius
3273 2515 3301 2563 ;
3319 2498 3602 2567 compositi
3627 2514 3778 2559 vero,

2187 2599 2242 2644 ut
2269 2600 2391 2644 sunt
2419 2587 2662 2655 Paeones,
2693 2588 2772 2644 vel
2803 2605 2983 2644 eorum
3009 2603 3191 2660 pares,
3217 2588 3270 2642 id
3306 2598 3390 2642 est
3414 2587 3646 2656 epitriti.
3709 2583 3780 2638 Et

2187 2677 2449 2749 simplices
2470 2675 2680 2750 quidem
2715 2679 2990 2744 dicuntur,
3015 2679 3107 2749 qui
3130 2717 3147 2744 ,
3173 2677 3378 2733 scilicet
3407 2685 3618 2731 tantum
3649 2685 3783 2729 sem-

2185 2771 2397 2840 poribus
2440 2771 2768 2836 dividuntur,
2815 2771 2867 2826 id
2899 2777 3020 2837 est,
3056 2783 3154 2839 per
3184 2778 3422 2838 tempora
3452 2776 3668 2821 tantum
3702 2766 3782 2820 di-

2190 2863 2448 2916 viduntur
2477 2880 2490 2915 :
2535 2862 2806 2932 compositi
2837 2872 3034 2926 autem,
3056 2861 3268 2916 scilicet
3291 2861 3567 2923 dicuntur,
3607 2860 3704 2928 qui
3725 2860 3782 2912 in

2188 2953 2348 3022 pedes
2371 2953 2530 3007 etiam
2555 2953 2902 3017 resolvuntur,
2926 2953 2978 3007 id
2999 2961 3204 3007 estnon
3236 2951 3408 3007 solum
3436 2951 3489 3005 in
3506 2960 3780 3020 tempora,

2190 3045 2282 3100 sed
2312 3045 2474 3098 etiam
2503 3044 2554 3098 in
2585 3043 2718 3099 alios
2743 3044 2926 3114 pedes.
2956 3043 3101 3098 Alios
3139 3058 3257 3097 vero
3283 3082 3298 3108 ,
3326 3041 3535 3097 scilicet
3573 3042 3780 3110 pedes,

2191 3134 2390 3204 alogos,
2432 3135 2489 3188 id
2513 3143 2608 3200 est,
2649 3134 3033 3188 irrationabiles
3060 3133 3387 3188 nominamus
3409 3172 3424 3197 ,
3448 3147 3787 3201 quorumque

2195 3222 2326 3276 ratio
2364 3221 2512 3276 nulla
2538 3233 2843 3293 prcestatur,
2872 3223 3167 3287 invenitur,
3192 3221 3244 3275 id
3274 3229 3359 3277 est
3381 3261 3396 3286 ,
3445 3219 3597 3275 nulla
3639 3221 3786 3274 ratio

2193 3309 2474 3368 divisionis
2504 3326 2690 3367 eorum
2712 3312 2992 3378 redditur;
3024 3312 3116 3366 sed
3139 3311 3436 3374 incondita,
3467 3309 3522 3364 id
3543 3319 3628 3365 est
3655 3349 3674 3375 ,
3701 3309 3786 3364 in-

2196 3401 2521 3472 composita,
2553 3402 2672 3458 sine
2699 3402 2860 3458 ullius
2879 3401 3160 3458 divisionis
3188 3400 3600 3472 compositione,
3631 3414 3786 3469 quc-

2193 3495 2317 3548 dam
2351 3493 2655 3562 compositio
2692 3492 2976 3562 profertur.
3004 3491 3125 3545 Alia
3143 3491 3330 3546 deinde
3351 3489 3657 3559 differentia
3677 3496 3782 3552 est,

2195 3587 2248 3641 id
2293 3594 2378 3641 est
2424 3591 2618 3654 quarta
2653 3583 2847 3639 divisio
2869 3598 3031 3659 ,quae
3053 3597 3146 3652 per
3177 3580 3478 3635 diuisionem
3521 3578 3788 3649 quaeritur

2195 3673 2414 3746 (qualis
2443 3672 2676 3744 existit),
2725 3671 2827 3728 ista
2854 3672 3048 3727 divisio
3089 3672 3142 3726 iu
3177 3668 3512 3740 simplicibus
3552 3681 3788 3738 propor-

2195 3763 2431 3818 tionibus
2458 3762 2724 3832 quaaritur
2762 3766 2957 3831 pedum
2987 3800 3002 3825 ,
3031 3759 3128 3813 hoc
3149 3769 3223 3813 est
3244 3758 3366 3828 poia
3393 3762 3524 3812 ποῖα
3545 3795 3561 3820 ,
3590 3755 3647 3809 id
3673 3763 3784 3819 est,

2195 3849 2374 3920 qualis
2399 3849 2672 3920 legitimos
2693 3848 2858 3918 pedes
2882 3847 3047 3912 dicit,
3080 3844 3134 3900 id
3159 3853 3243 3899 est
3265 3884 3280 3910 ,
3317 3844 3370 3897 in
3405 3841 3604 3910 quibus
3633 3855 3785 3909 quze-

2198 3940 2355 4005 ritur,
2382 3939 2558 4010 qualis
2594 3938 2731 3992 ratio
2757 3939 2828 3993 sit
2851 3953 2866 4002 ;
2896 3953 3015 3991 cum
3036 3935 3178 3989 varie
3207 3943 3258 3988 et
3300 3931 3662 4001 multipliciter
3684 3946 3746 3984 ea
3764 3969 3784 3992 ,

2195 4046 2312 4101 qua:
2331 4045 2565 4085 connexa
2587 4028 2781 4098 fuerint
2811 4066 2826 4092 ,
2853 4027 3180 4088 dividuntur,
3207 4022 3415 4078 scilicet
3433 4035 3533 4090 per
3551 4017 3703 4074 arSin
3727 4026 3787 4074 et

2198 4117 2406 4182 thesin,
2435 4115 2520 4170 vel
2542 4129 2664 4169 cum
2696 4115 2748 4168 in
2777 4129 2988 4183 aequam
3015 4121 3068 4168 et
3093 4111 3314 4181 duplam
3346 4108 3430 4163 vel
3471 4106 3782 4176 sextuplam

2198 4204 2516 4261 divisionem
2539 4201 3039 4272 dividuntur(atque
3076 4199 3192 4265 illa,
3215 4215 3320 4267 qua
3342 4195 3605 4265 simplices
3624 4195 3784 4265 pedes

2197 4312 2307 4351 esse
2331 4292 2688 4365 multiplices)
2715 4303 2762 4346 ο.
2793 4293 2961 4362 Atque
2995 4289 3352 4356 alia,scilicet
3381 4287 3574 4342 divisio
3604 4295 3708 4351 est,
3725 4286 3786 4339 id

2197 4394 2286 4442 est
2329 4385 2514 4454 quinta
2539 4423 2553 4448 ,
2594 4383 2647 4437 id
2680 4390 2762 4437 est
2789 4423 2804 4447 ,
2833 4391 2996 4451 atque
3031 4380 3137 4435 alia
3165 4388 3249 4435 est
3274 4376 3578 4434 diﬂ‘erentia
3603 4417 3622 4442 ,
3670 4393 3784 4430 esse

2122 4507 2174 4568 Ι)
2197 4475 2351 4568 pedes
2371 4472 2683 4543 multiplices
2713 4471 2818 4525 illis
2841 4511 2856 4536 ,
2885 4471 2976 4541 qui
3004 4469 3296 4540 simplices;
3319 4475 3443 4523 sunt
3471 4467 3618 4552 enim
3649 4467 3785 4520 sim-

2198 4563 2365 4635 plices
2411 4563 2576 4633 pedes
2623 4561 2984 4630 m'ultiplices,
3036 4560 3347 4614 dividuntur
3373 4557 3516 4613 enim
3550 4547 3606 4611 in
3643 4557 3786 4611 duos

2200 4656 2391 4725 pedes,
2439 4669 2544 4724 qua
2584 4653 2843 4722 simplices
2890 4652 3045 4722 pedes
3069 4665 3218 4714 esse,
3267 4648 3475 4705 scilicet
3507 4656 3780 4719 possunt:

2198 4745 2521 4814 multiplices
2567 4743 2848 4807 videlicet,
2897 4736 3188 4812 quandoid
3233 4739 3488 4810 synzygis
3543 4737 3783 4792 redinte-

2197 4842 2441 4906 grantur.
2477 4833 2628 4895 Alia,
2663 4833 2870 4888 scilicet
2911 4831 3125 4895 divisio,
3158 4831 3211 4884 id
3241 4838 3325 4885 est
3351 4837 3526 4890 sexta,
3551 4843 3672 4898 quc
3687 4842 3787 4895 per

2198 4929 2501 4984 diuisionem
2531 4927 2648 4997 ﬁeri
2685 4925 2948 4980 consuevit
2970 4966 2985 4989 ,
3007 4925 3214 4980 scilicet
3237 4921 3381 4991 quod
3433 4921 3487 4975 in
3521 4919 3786 4989 syuzygis

2197 5018 2435 5074 maxime
2450 5018 2653 5080 evenit,
2681 5031 2804 5071 cum
2823 5015 3072 5071 videlicet
3093 5028 3190 5084 pes
3211 5011 3541 5082 compositus
3568 5011 3624 5063 in
3645 5010 3786 5062 duos

2197 5109 2506 5166 resolvitur.
2584 5108 2820 5179 Septima
2845 5149 2860 5173 ,
2915 5107 3126 5162 scilicet
3158 5104 3353 5159 divisio
3394 5110 3499 5167 est,
3526 5116 3647 5171 qua:
3691 5116 3788 5168 per

2199 5201 2571 5272 appositionem
2611 5200 2704 5268 ﬁt,
2735 5198 2788 5252 id
2823 5206 2907 5254 est
2933 5212 3030 5268 per
3047 5195 3509 5265 comparationem
3541 5193 3686 5245 inter
3726 5203 3788 5243 se

2203 5294 2429 5348 duorum
2455 5290 2648 5360 pedum
2672 5330 2694 5354 ,.
2712 5289 2766 5343 id
2787 5297 2893 5355 est,
2924 5303 3042 5342 eum
3067 5286 3270 5340 duobus
3293 5283 3510 5354 pedibus
3535 5279 3784 5348 acceptis.

2206 5380 2533 5449 comparatis
2557 5387 2612 5433 et
2642 5377 3019 5442 consideratis,
3046 5391 3205 5440 unus,
3229 5373 3434 5429 scilicet
3463 5385 3560 5440 pes
3583 5411 3598 5432 ,
3631 5369 3786 5421 habet

2205 5471 2462 5541 prolixius
2486 5481 2704 5540 tempus,
2733 5469 2871 5540 quod
2895 5467 3138 5539 praecedit
3164 5483 3229 5520 ea;
3249 5465 3459 5528 ordine,
3491 5462 3704 5518 scilicet
3729 5467 3789 5515 ut

2267 5635 2290 5664 ε
2333 5623 2458 5705 llaec
2488 5622 2757 5705 Meibomii
2789 5621 2982 5677 melius
3012 5620 3279 5676 habentur
3307 5617 3359 5672 in
3403 5612 3657 5687 Remigio
3684 5627 3785 5669 no-

2194 5704 2325 5762 stro,
2352 5704 2409 5749 ut
2433 5711 2492 5750 ea
2516 5704 2888 5764 exprimimus.
