4038 6462
220 394 333 462 953

1639 402 1726 459 DE
1776 398 2049 462 MUSICA.

3379 412 3483 471 934

221 531 323 576 ιιιυε
346 523 511 585 luteus,
537 518 712 589 inquo
731 518 903 589 prima
933 519 1137 590 syllaba
1161 519 1375 592 longum
1395 518 1797 590 tempushabet,
1831 524 1875 581 Α
1906 521 2119 590 gemini,
2150 521 2203 575 id
2230 530 2314 577 est
2356 521 2469 576 bini
2502 531 2559 576 ut
2588 521 2639 577 in
2671 522 2851 578 iambo
2882 521 2981 591 (vel
3007 521 3259 594 quidquid
3287 525 3356 579 ad
3385 526 3486 578 du-

219 614 409 666 ullima
443 613 641 665 breve:
694 609 828 663 illud
857 622 1029 665 autem
1054 622 1287 681 tempus,
1317 612 1457 683 quod
1490 613 1801 682 insequitur,

217 703 495 771 angustius
519 743 532 765 ,
562 701 767 755 scilicet
795 710 878 755 est
902 717 916 766 ;
953 701 1028 755 vel
1053 718 1168 754 cum
1195 718 1287 771 per
1320 702 1637 757 contrarium
1662 700 1821 753 ordi-.

217 786 348 845 nem'
368 790 621 859 prtrdicta
653 798 884 858 tempora
934 799 1222 853 vertuntur,
1248 790 1385 845 sicut
1416 791 1468 843 in
1503 789 1682 844 iambo
1706 830 1721 853 ,
1745 798 1806 842 ut

214 879 397 948 primo
422 878 493 932 sit
512 879 676 932 breve
696 886 926 946 tempus,
950 878 1145 934 deinde
1169 878 1410 950 longum,
1441 878 1585 948 quod
1613 879 1667 933 in
1697 887 1806 932 tro-

216 966 370 1019 ειιιιιιι
399 981 466 1020 ex
502 966 777 1020 contrario
801 966 1001 1020 evenit.

293 1054 609 1124 thytltmica
653 1069 769 1108 vero
789 1094 805 1120 ,
836 1055 887 1109 id
916 1063 1000 1110 est
1049 1070 1398 1112 numerorum
1429 1057 1583 1121 ordo,
1616 1071 1804 1126 genera

216 1155 341 1199 sunt
376 1146 505 1210 tria,
530 1160 646 1214 qua:
665 1144 823 1209 alias,
860 1145 913 1200 id
933 1154 1016 1200 est
1041 1146 1353 1216 aliquando,
1382 1147 1661 1219 dactylico,
1690 1149 1803 1218 ipsa

216 1246 304 1293 est
334 1252 489 1307 aequa
519 1237 714 1292 divisio
739 1253 754 1303 ;
789 1237 1017 1291 iambico
1041 1279 1057 1305 ,
1088 1239 1247 1309 dupla
1283 1240 1510 1305 divisio;
1543 1242 1803 1310 pwonica,

218 1329 465 1399 sescupla
517 1329 711 1384 divisio
734 1369 750 1394 ,
787 1344 907 1398 qua:
963 1338 1048 1384 est
1096 1330 1347 1387 hemiolia
1368 1340 1425 1385 et
1450 1331 1805 1400 sesquialtera

217 1422 236 1489 (
259 1418 626 1489 nominantur)
648 1434 662 1483 ;
693 1418 829 1472 alias
855 1419 1106 1488 tt’qualia,
1140 1419 1191 1474 id
1216 1429 1300 1474 est
1326 1420 1587 1491 dactylico
1615 1460 1630 1486 ,
1667 1420 1803 1474 alias

216 1506 468 1561 hemiolia
493 1546 509 1573 ,
554 1506 605 1560 id
632 1514 717 1561 est
743 1507 1019 1576 paeonica;
1053 1508 1285 1578 duplicia
1306 1549 1321 1575 ,
1352 1510 1404 1564 id
1430 1518 1511 1565 est
1549 1510 1800 1566 iambica.

214 1597 453 1667 Denique
492 1598 650 1651 etiam
696 1596 953 1667 Epitritus
979 1600 1228 1663 sociatur,
1256 1600 1458 1655 scilicet
1500 1601 1553 1655 in
1579 1606 1833 1671 propor-'

216 1688 362 1742 tione
392 1687 757 1756 sesquitertia.
788 1684 996 1741 Etenim
1018 1704 1183 1753 unus,
1222 1690 1429 1746 scilicet
1464 1705 1579 1762 pes,
1606 1708 1805 1761 semper

216 1798 333 1836 cum
380 1783 480 1837 sibi
527 1782 684 1852 fuerit
720 1791 947 1852 aptatus,
1000 1783 1205 1839 scilicet
1253 1792 1313 1839 ut
1358 1794 1508 1855 puta,
1536 1794 1596 1840 ut
1645 1785 1800 1854 quasi

1903 611 2047 680 plum
2084 612 2289 683 currit).
2341 611 2661 666 Ilemiolium
2687 652 2701 677 ,
2748 612 3132 677 semitonium,
3176 612 3228 667 id
3271 622 3350 667 est
3395 628 3483 667 sc-

1907 699 2280 769 squialterum,
2309 717 2436 756 sane
2460 701 2598 771 quod
2621 703 2912 770 pwonicum
2942 712 3282 755 memoratum
3301 741 3315 767 ,
3341 702 3486 756 scili-

1906 798 1994 845 cet
2022 800 2125 854 est,
2156 801 2279 845 tunc
2320 802 2419 855 est,
2468 791 2675 847 scilicet
2732 791 2821 846 illa
2864 791 3085 856 divisio,
3133 807 3249 845 cum
3296 792 3485 860 pedum

1905 880 2054 950 signa
2082 920 2098 946 ,
2145 881 2198 935 id
2249 889 2331 935 est
2380 880 2484 935 illm
2527 881 2748 949 virgula:
2773 920 2790 946 ,
2836 882 3068 935 hemiolii
3100 882 3357 934 rationem
3400 898 3486 935 us-

1905 986 2005 1036 que
2031 980 2317 1035 sectantur,
2360 980 2413 1024 ut
2466 971 2536 1024 ad
2567 972 2673 1025 duo
2713 980 2816 1025 tres
2851 970 3031 1041 (sunt.
3077 971 3279 1024 Accidit
3311 981 3486 1025 autem

1905 1062 2064 1115 etiam
2113 1062 2168 1115 in
2217 1062 2413 1131 epitriti
2460 1063 2664 1117 ratione
2710 1064 2885 1135 stepe)
2944 1076 3189 1123 numerus
3217 1102 3231 1127 ,
3279 1063 3489 1117 scilicet

1908 1150 2175 1206 hemiolia:
2220 1151 2501 1208 divisionis
2527 1190 2543 1218 ,
2595 1152 2757 1225 (cum
2794 1151 2923 1221 pes)
2970 1153 3025 1205 in
3063 1165 3123 1205 eo
3150 1190 3167 1215 ,
3210 1151 3262 1206 id
3301 1159 3384 1206 est
3430 1152 3485 1206 in

1908 1242 1998 1296 tali
2020 1240 2144 1310 jure
2174 1242 2496 1313 (accipitur),
2545 1243 2683 1313 qui,
2723 1242 2931 1297 scilicet
2977 1255 3104 1309 pes,
3150 1241 3222 1296 sit
3257 1240 3325 1294 ad
3374 1250 3488 1302 tres

1904 1342 2159 1401 quatuor.
2191 1332 2337 1387 lstud
2366 1331 2663 1389 Martianus
2696 1340 3112 1403 superquartam
3168 1339 3343 1386 vocat.
3378 1331 3487 1387 Sed

1897 1422 2012 1493 jam
2034 1423 2101 1476 ad
2126 1423 2371 1477 ordinem
2396 1424 2697 1478 redeamus.

1974 1512 2207 1583 Equale
2231 1524 2302 1568 est
2328 1515 2491 1584 igitur
2515 1514 2717 1567 numeri
2749 1530 2933 1583 genus,
2982 1513 3034 1570 id
3061 1522 3164 1577 εει,
3205 1528 3373 1583 aequae
3407 1511 3485 1565 di-

1903 1602 2149 1665 visionis,
2181 1603 2321 1672 quod
2350 1620 2382 1656 a
2419 1604 2641 1667 disemo,
2674 1603 2725 1656 id
2756 1611 2839 1657 est
2869 1617 2898 1657 a
2929 1602 3065 1671 pede
3090 1603 3318 1656 duorum
3351 1610 3486 1653 tem-

1901 1707 2091 1762 porum
2115 1692 2380 1757 brevium,
2402 1692 2541 1746 sicut
2566 1700 2649 1746 est
2669 1692 3039 1764 Pyrrliicbius,
3065 1706 3225 1760 usque
3254 1689 3321 1742 ad
3342 1688 3509 1741 sede-.

1900 1785 2001 1837 cim
2029 1783 2183 1853 pedes
2208 1783 2465 1849 procedit,
2494 1780 2722 1845 seilicet,
2759 1782 2851 1851 qui
2894 1781 3085 1849 aequali
3140 1778 3489 1850 proportione

212 1872 434 1942 a’qttalis
474 1872 730 1937 convenit,
777 1873 1298 1943 sicutpyrrliichius,
1328 1876 1419 1944 qui
1446 1876 1639 1945 aequali
1670 1890 1796 1945 pro-
1828 1861 1875 1920 Β
1902 1874 2156 1945 gaudent.
2190 1872 2427 1927 Disemus
2450 1882 2626 1927 autem
2647 1872 2944 1942 appellatur
2966 1887 3075 1942 pes,
3106 1870 3194 1940 qui
3221 1885 3313 1938 per
3339 1868 3487 1921 arsin

216 1961 470 2032 portione
500 1961 756 2031 partitur.
834 1960 960 2015 Tria
1008 1978 1126 2017 vero
1162 1962 1232 2015 ad
1276 1964 1382 2018 duo
1412 1980 1659 2019 numerus
1686 1980 1800 2020 ses-

214 2050 470 2120 quialter,
492 2050 793 2119 sescuplus,
814 2050 1089 2106 hemiolius
1108 2063 1203 2117 est,
1223 2052 1432 2109 scilicet
1450 2062 1509 2108 ut
1529 2056 1581 2108 in
1608 2071 1793 2125 prone.

209 2140 423 2210 Duplex
448 2156 567 2194 vero
590 2180 605 2207 ,
632 2139 839 2195 scilicet
862 2142 1139 2210 proportio
1168 2142 1249 2196 vel
1279 2158 1367 2198 res
1386 2184 1400 2209 ,
1429 2145 1520 2214 qui
1544 2145 1703 2214 fuerit
1730 2148 1799 2200 ad

143 2260 153 2266 -
209 2232 554 2301 singularem,
589 2233 641 2287 id
662 2240 766 2299 est,
794 2234 861 2288 ad
884 2250 1070 2300 unam,
1100 2236 1384 2305 geminum,
1410 2237 1461 2292 id
1483 2236 1797 2307 estduplam

210 2322 469 2376 rationem
534 2332 643 2376 tam
707 2322 1029 2393 syllabarum
1073 2341 1231 2395 quam
1277 2335 1568 2397 temporum
1607 2336 1797 2381 servat.

209 2412 430 2468 Iambus
460 2421 516 2468 et
546 2416 815 2470 trochmus
838 2414 890 2468 in
921 2417 1254 2485 temporibus
1278 2418 1542 2487 duplicem
1572 2432 1800 2489 propor-

211 2502 416 2557 tionem
467 2503 691 2569 habent,
744 2518 849 2558 non
881 2510 1061 2559 autem
1111 2504 1164 2559 in
1195 2506 1435 2577 syllabis.
1467 2506 1798 2578 Tribrachys

210 2607 344 2648 vero
372 2601 427 2647 et
453 2595 721 2649 molossus
753 2610 857 2650 non
886 2595 1060 2651 solum
1086 2597 1138 2651 in
1170 2600 1505 2667 temporibus
1530 2638 1547 2664 ,
1608 2613 1797 2655 verum

210 2684 380 2737 etiam
438 2683 493 2737 in
545 2684 766 2753 syllabis
808 2684 1022 2755 duplam
1064 2686 1337 2756 possident
1370 2689 1796 2757 proportionem.

214 2771 458 2837 Quatuor
486 2790 603 2829 vero
631 2774 702 2828 ad
744 2776 849 2829 tria
872 2776 1099 2843 epitriti;
1152 2776 1207 2832 id
1232 2785 1337 2841 est,
1385 2777 1797 2847 sesquialterum

210 2865 447 2928 modum,
472 2864 524 2918 id
572 2872 655 2920 est
698 2879 1007 2920 mensuram
1036 2867 1262 2935 faciunt.
1291 2865 1398 2922 Sed
1428 2881 1547 2936 quas
1568 2866 1797 2937 aequalia

212 2953 473 3018 diximus,
530 2952 719 3009 eadem
770 2953 1035 3024 dactylica
1089 2969 1209 3010 esse
1258 2956 1531 3020 dicemus,
1568 2957 1796 3026 quodin

212 3043 429 3115 dactylo
450 3046 677 3099 sortitur
705 3045 805 3100 ista
827 3045 1039 3102 divisio.
1114 3046 1317 3103 Deinde
1343 3049 1397 3102 in
1424 3048 1680 3119 dactylico
1706 3066 1797 3120 ge-

216 3152 341 3190 nere
362 3137 508 3207 signa
531 3176 545 3201 ,
579 3137 787 3192 scilicet
813 3146 1136 3208 temporum,
1167 3138 1220 3193 id
1241 3148 1325 3195 est
1359 3140 1580 3211 virgula:
1600 3140 1795 3210 quibus

1899 1974 1951 2017 et
1973 1964 2141 2017 thesin
2169 1963 2368 2033 primus
2393 1972 2633 2019 constare
2672 1962 2888 2027 dicitur,
2935 1961 3145 2017 scilicet
3186 1968 3239 2012 ut
3268 1967 3341 2012 est
3383 1957 3483 2010 leo.

1900 2051 2133 2122 Duplum
2161 2068 2300 2118 vero,
2328 2051 2381 2106 id
2408 2060 2494 2107 est
2523 2050 2682 2122 dupla
2711 2051 2927 2117 divisio,
2954 2050 3133 2118 incipit
3171 2065 3203 2101 a
3250 2047 3485 2107 trisemo,

1901 2143 1955 2198 id
1977 2150 2064 2198 est
2088 2157 2118 2196 a
2165 2143 2302 2211 pede
2331 2143 2496 2198 trium
2537 2142 2786 2197 brevium
2817 2150 3144 2210 temporum,
3184 2148 3246 2193 ut
3276 2147 3360 2191 est
3390 2136 3490 2190 tri-

1899 2233 2168 2299 brachus;
2210 2249 2342 2289 xvut
2372 2244 2542 2287 autem
2573 2233 2824 2304 syllabas,
2854 2233 2907 2287 id
2932 2240 3013 2287 est
3042 2231 3224 2301 pedes,
3252 2228 3486 2301 syllabas

1900 2339 1999 2397 pro
2034 2326 2258 2396 pedibus
2279 2324 2479 2396 posuit,
2503 2326 2556 2379 in
2581 2325 2737 2394 ﬁnem
2762 2341 2923 2395 usque
2950 2323 3165 2378 deducet
3194 2335 3485 2376 numerum

1900 2417 2250 2488 syllabarum,
2283 2417 2455 2473 donec
2484 2418 2669 2473 decem
2698 2425 2754 2472 et
2779 2423 2903 2471 octo
2934 2414 3098 2484 pedes
3123 2411 3389 2482 perficiat,
3416 2425 3487 2463 ex

1899 2509 2096 2579 quibus
2131 2509 2182 2562 in
2208 2508 2543 2579 simplicibus
2575 2509 2922 2565 inveniuntur
2948 2521 3026 2572 v1,
3065 2506 3333 2562 adduntur
3358 2517 3489 2557 vero

1900 2615 1931 2653 a
1953 2600 2207 2669 synzygis
2234 2615 2329 2653 xu.
2363 2599 2682 2654 Ilemiolium
2707 2617 2861 2665 sane,
2888 2599 2940 2653 id
2975 2607 3059 2654 est
3096 2596 3417 2666 sescuplum,
3452 2611 3489 2650 ιι

1900 2697 2219 2757 pentasemo,
2255 2686 2308 2740 id
2351 2697 2432 2741 est
2461 2702 2491 2742 a
2533 2689 2669 2758 pede
2694 2688 2934 2757 quinque
2980 2695 3306 2756 temporum,
3344 2685 3487 2738 ducit

1899 2777 2207 2842 exordium;
2236 2778 2480 2845 impletur
2524 2787 2697 2832 autem
2727 2779 2781 2832 in
2823 2792 2894 2832 xv
2923 2793 3138 2830 numero
3160 2816 3176 2840 ,
3210 2776 3261 2829 id
3309 2782 3391 2829 est
3429 2773 3485 2828 in

1900 2881 2127 2921 numero
2162 2882 2231 2920 xv
2280 2868 2524 2937 pedum,
2550 2883 2618 2923 ex
2648 2868 2844 2938 quibus
2884 2882 2960 2921 vn
3007 2865 3275 2935 simplices
3321 2872 3482 2929 sunt,

1901 2958 2324 3029 ampltimacrus,
2359 2958 2634 3025 bacchius,
2667 2957 3063 3022 antibacchius,
3094 2969 3306 3026 paeones
3344 2970 3481 3025 qua-

1888 3058 2043 3115 tuor,
2072 3049 2344 3104 adduutur
2380 3058 2557 3106 autem
2589 3067 2619 3105 a
2658 3051 2907 3123 synzygis
2944 3058 3088 3106 octo.
3135 3049 3391 3119 Epitritus
3416 3046 3483 3101 ab

1898 3141 2216 3211 heptasemo,
2249 3140 2299 3196 id
2337 3149 2421 3196 est
2459 3157 2489 3195 a
2528 3142 2663 3211 pede
2706 3157 2780 3197 vu
2823 3152 3124 3211 temporum
3170 3137 3483 3208 principium

212 3233 464 3280 constant
491 3226 676 3281 brevia
706 3236 762 3280 et
815 3226 973 3296 longa
1000 3237 1277 3282 nectuntur
1303 3230 1404 3283 sibi
1431 3208 1632 3300 teqttali
1648 3231 1794 3301 jure,
1822 3208 1868 3271 (ἶ
1899 3208 2046 3303 facit,
2076 3232 2471 3301 quatuordecim
2495 3208 2753 3288 similibus
2778 3208 2951 3297 idem,
2971 3230 3023 3285 id
3051 3240 3135 3285 est
3166 3242 3317 3285 suam
3353 3242 3482 3297 pro-

211 3315 421 3372 scilicet
463 3324 734 3371 notarum.
780 3315 931 3371 Sicut
982 3333 1147 3372 unum
1184 3319 1250 3373 ad
1296 3319 1524 3375 alterum
1550 3362 1566 3387 ,
1608 3322 1661 3376 id
1715 3332 1799 3378 est

212 3410 358 3466 sicut
383 3426 546 3466 unum
575 3413 641 3465 ad
679 3428 869 3477 unum,
900 3416 1041 3468 sicut
1065 3414 1118 3468 in
1144 3413 1467 3485 Pyrrhicbio
1490 3418 1556 3472 de
1585 3417 1797 3474 binario

214 3503 432 3570 dicitur,
456 3504 546 3574 qui
577 3506 871 3560 secundum
897 3504 1142 3561 Boetium
1166 3506 1573 3564 alternumerus
1599 3510 1796 3565 dicitur

209 3594 329 3649 sive
373 3594 639 3664 geminus,
673 3595 744 3648 ibi
776 3596 921 3649 enim
949 3610 1100 3665 :eqna
1128 3582 1406 3667 proportio
1431 3608 1512 3654 est
1555 3600 1622 3654 ad
1661 3600 1797 3655 alte-

212 3704 333 3744 rum
362 3706 377 3754 ;
409 3688 509 3743 hoc
544 3688 695 3753 dicit,
722 3689 865 3759 quod
892 3704 1079 3745 omnes
1104 3691 1287 3760 pedes,
1321 3692 1411 3761 qui
1442 3692 1634 3762 aequali
1665 3679 1791 3763 pro-

209 3778 458 3847 portione
476 3777 809 3846 dividuntur,
824 3779 1088 3849 dactylico
1104 3795 1299 3850 genere
1321 3782 1791 3852 comprehendun-

212 3873 319 3928 tur,
345 3881 505 3935 quam
550 3866 617 3920 ad
665 3867 875 3937 dactylo
907 3867 1143 3935 regulam
1171 3869 1447 3924 divisionis
1491 3871 1784 3941 accipiunt.

207 3957 347 4012 Dum
365 3972 493 4027 ergo
507 3958 684 4027 regula
701 3958 941 4028 procedit
957 3958 1008 4012 in
1024 3958 1253 4029 dactylo,
1271 3961 1449 4015 cteteri
1465 3962 1530 4015 ad
1544 3964 1791 4017 eumdem

204 4047 451 4118 regulam
480 4048 907 4103 considerantur.
985 4047 1122 4104 Ecce
1151 4051 1291 4119 quod
1328 4050 1526 4105 dicitur
1560 4051 1788 4122 (Verum

204 4139 279 4193 ad
306 4138 528 4192 alterum
555 4179 569 4203 ,
620 4138 698 4193 vel
723 4139 791 4191 ad
855 4154 1128 4194 numerum
1176 4141 1435 4210 geminum
1460 4144 1565 4197 duo
1586 4184 1601 4209 ,
1655 4143 1791 4198 velut

208 4234 352 4304 forte
379 4234 654 4305 inqualitas
696 4250 972 4288 numerosa
1006 4234 1280 4306 decurret)
1312 4252 1487 4290 verum
1520 4235 1789 4301 decurret,

204 4332 334 4396 post
356 4324 679 4395 dactylicum
707 4324 979 4388 videlicet,
1012 4324 1286 4395 trqualitas
1314 4343 1589 4380 numerosa
1619 4341 1791 4396 usque

206 4412 277 4468 ad
309 4414 541 4468 sedecim
573 4414 736 4483 pedes
763 4454 777 4479 ,
809 4415 901 4468 sed
930 4414 1016 4467 illa
1037 4414 1317 4483 aequalitas
1339 4416 1407 4469 ad
1422 4415 1660 4476 alterum,
1686 4416 1791 4469 hoc

204 4513 293 4558 est
320 4518 483 4557 unum
517 4503 584 4558 ad
607 4519 793 4569 unum,
823 4510 883 4558 ut
915 4503 968 4557 in
1014 4501 1350 4573 Pyrrhiebio,
1376 4502 1456 4556 vel
1475 4504 1580 4556 duo
1606 4504 1676 4556 ad
1698 4520 1790 4556 nu-
1814 4544 1865 4606 Β

210 4611 419 4649 merum
442 4596 725 4665 geminum,
751 4594 803 4650 id
827 4602 913 4649 est
938 4592 1044 4648 duo
1065 4594 1129 4647 ad
1156 4594 1284 4658 duo,
1316 4602 1375 4647 ut
1402 4595 1453 4648 in
1483 4594 1789 4664 proceleus-

210 4683 412 4738 matico
432 4692 534 4748 est,
557 4684 601 4739 si
630 4682 744 4738 sola
772 4694 1012 4752 tempora
1045 4682 1493 4746 consideraveris,
1524 4682 1577 4737 in
1604 4683 1789 4754 dacty-

207 4774 279 4829 lis
326 4782 382 4829 et
435 4782 706 4843 anapaesto
749 4774 1063 4842 exterisque
1101 4770 1387 4827 similibus.
1426 4769 1582 4826 Forte
1608 4780 1787 4827 autem

208 4865 377 4931 dixit,
445 4879 509 4919 ac
575 4864 619 4917 si
680 4863 903 4918 dixisset
954 4880 966 4916 :
1015 4862 1058 4918 si
1106 4861 1378 4932 acceperis
1453 4877 1482 4915 a
1540 4862 1790 4932 synzygis

207 4956 377 5026 pedes
398 4953 637 5023 ejusdem
674 4952 879 5015 formae,
909 4950 1075 5020 major
1099 4952 1202 5006 erit
1232 4952 1593 5005 numerositas
1619 4967 1634 5015 ;
1662 4966 1788 5005 nam

205 5044 312 5100 sub
341 5045 443 5099 hac
474 5042 656 5113 regula
695 5043 1019 5111 mqualitatis
1051 5042 1260 5097 nonnisi
1284 5043 1469 5097 decem
1495 5040 1786 5111 simplices,

206 5135 481 5188 adduntur
524 5142 703 5186 autem
748 5145 814 5185 ex
858 5132 1108 5202 synzygis
1145 5146 1269 5191 sex,
1314 5131 1390 5185 vel
1420 5131 1489 5184 ad
1516 5147 1788 5185 numerum

207 5224 640 5297 geminumsicut
670 5231 795 5277 sunt
826 5222 932 5277 duo
960 5222 1025 5275 ad
1062 5221 1166 5275 duo
1188 5260 1202 5287 ,
1233 5220 1375 5275 sicut
1421 5220 1474 5274 in
1515 5220 1789 5290 proceleu-

208 5295 439 5370 smatico
460 5295 493 5376 ,⁸
519 5314 623 5365 duo
655 5312 862 5367 scilicet
910 5319 1180 5379 tempora,
1212 5308 1347 5363 velut
1374 5349 1389 5374 ,
1426 5310 1631 5365 scilicet
1665 5319 1790 5365 sunt

207 5420 499 5460 numerosa
528 5403 764 5473 copiosa.
797 5402 1070 5474 (Sequitur
1108 5400 1397 5454 lambicum
1430 5419 1592 5472 genus
1625 5405 1786 5476 quod)

208 5495 497 5564 diplasion,
544 5494 595 5548 id
621 5503 702 5549 est
732 5492 950 5562 duplum
988 5490 1246 5559 (superius
1279 5494 1527 5559 expressi,
1571 5493 1625 5545 in
1663 5493 1787 5565 quo)

207 5587 401 5657 pedum
424 5588 597 5656 signa,
629 5586 680 5639 id
711 5593 795 5639 est
822 5580 1045 5653 virgulae
1088 5578 1338 5633 similiter
1366 5590 1424 5634 ut
1462 5595 1643 5649 supra,
1689 5584 1788 5636 dn-

208 5676 397 5748 plicem
427 5678 681 5731 rationem
712 5675 803 5735 (ad
849 5673 1063 5726 invicem
1092 5668 1319 5740 servant)
1358 5670 1499 5725 sicut
1526 5687 1688 5725 unum
1718 5674 1785 5728 ad

212 5768 337 5832 duo,
362 5768 467 5824 sive
495 5784 631 5823 unus
656 5767 722 5821 ad
749 5766 872 5832 duo,
898 5771 957 5819 ut
987 5761 1043 5818 in
1074 5759 1253 5818 iambo
1288 5758 1412 5835 (sire
1441 5766 1510 5821 ad
1537 5768 1781 5840 quatuor)

1898 3323 2226 3392 portionem,
2265 3339 2480 3393 ponens.
2514 3323 2727 3394 Epitriti
2762 3330 2887 3377 sunt
2914 3328 3148 3393 quatuor
3180 3320 3235 3375 in
3275 3315 3481 3386 simpli-

1895 3415 2074 3480 cibus,
2103 3422 2159 3470 et
2185 3415 2457 3470 adduntur
2479 3432 2514 3470 ι
2542 3416 2595 3470 in
2627 3415 2897 3488 synzygis.
2930 3414 3236 3472 Notandum
3276 3421 3479 3472 autem,

1897 3507 2039 3577 quod
2066 3521 2171 3561 non
2198 3514 2418 3577 propter
2444 3502 2689 3578 legitima
2725 3515 2919 3572 metra,
2967 3506 3062 3562 sed
3106 3514 3327 3576 prepter
3348 3505 3481 3574 rhy-

1896 3597 2075 3654 thmos
2097 3599 2295 3667 pedum
2324 3596 2578 3653 similium
2606 3598 3012 3668 proportionum
3056 3595 3386 3666 simplicibus
3412 3609 3481 3648 ex

1896 3689 2146 3760 synzygis
2175 3689 2478 3755 adduntur;
2506 3690 2660 3759 cujus
2702 3688 2909 3744 scilicet
2945 3688 3147 3757 epitriti
3175 3728 3190 3752 ,
3218 3687 3478 3756 difﬁcilis,

1896 3778 1949 3833 id
1981 3786 2082 3843 est,
2126 3792 2284 3833 rarus
2313 3787 2389 3833 est
2420 3794 2570 3844 usus,
2599 3779 2743 3849 quod
2771 3792 2896 3833 raro
2923 3792 2989 3833 eo
3018 3785 3262 3832 utuntur.
3290 3777 3481 3847 (Atque

1896 3868 1990 3921 Iros
2021 3868 2231 3938 quidem
2262 3885 2439 3923 omnes
2462 3884 2801 3923 numerorum
2840 3869 3049 3923 ordines
3075 3868 3190 3922 ideo
3220 3884 3480 3923 memora-

1895 3958 2085 4024 vimus,
2116 3958 2195 4030 ut)
2223 3957 2572 4026 singulorum,
2612 3958 2818 4013 scilicet
2851 3957 3045 4027 pedum
3084 3973 3176 4026 per
3216 3958 3479 4024 universa,

1894 4045 1948 4101 id
1977 4055 2079 4111 est,
2109 4062 2205 4117 per
2236 4046 2518 4102 universas
2540 4045 2832 4101 divisiones
2856 4056 3144 4101 serventur.

1964 4134 2069 4190 Sed
2098 4152 2456 4201 numerorum,
2485 4135 2538 4190 id
2568 4143 2673 4201 est,
2713 4149 2779 4191 ex
2826 4135 2911 4190 bis
2951 4136 3189 4191 numeris
3236 4135 3329 4190 alii
3358 4142 3478 4189 sunt

1893 4228 2185 4295 compositi,
2214 4226 2307 4280 alii
2330 4227 2677 4297 incompositi,
2709 4226 2804 4280 alii
2828 4226 3088 4295 permixti.
3114 4226 3182 4279 Et
3210 4224 3479 4294 compositi

1890 4334 1920 4373 e
1956 4318 2158 4371 duobus
2204 4317 2504 4387 generibus,
2541 4317 2593 4369 id
2617 4324 2715 4371 est
2739 4355 2753 4380 ,
2783 4330 2848 4370 ex
2899 4315 3113 4386 dactylo
3139 4355 3154 4379 ,
3187 4324 3239 4369 ει
3274 4313 3477 4379 iambo,

1890 4408 1971 4463 vel
1990 4408 2227 4478 pluribus
2254 4447 2268 4470 ,
2297 4421 2365 4459 ex
2396 4406 2612 4476 dactylo
2639 4444 2655 4469 ,
2688 4406 2867 4461 iambo
2889 4444 2905 4471 ,
2936 4419 3108 4474 prone
3131 4413 3188 4459 et
3214 4404 3433 4475 epitrito
3458 4443 3476 4470 ,

1892 4498 2237 4561 cohwserunt,
2267 4495 2474 4550 scilicet
2498 4494 2600 4549 sibi
2632 4494 3017 4564 zineompositi,
3038 4484 3135 4564 qui
3162 4510 3265 4547 uno
3286 4493 3475 4562 pedum

1891 4603 2075 4658 genere
2125 4586 2448 4651 consistunt,
2495 4591 2556 4638 ut
2607 4584 2852 4654 dactylus
2900 4593 2956 4637 ut
3005 4592 3125 4637 sunt
3176 4584 3474 4648 tetrasemi,

1890 4678 2100 4734 scilicet
2128 4677 2270 4731 sicut
2301 4675 2549 4746 dactylus
2586 4674 2778 4744 suique
2807 4672 3031 4739 similes,
3059 4673 3151 4743 qui
3193 4680 3319 4728 sunt
3347 4687 3476 4741 qna-

1892 4776 2014 4823 tuor
2045 4778 2369 4837 temporum.
2400 4765 2545 4819 Misti
2580 4780 2696 4819 vero
2715 4804 2731 4830 ,
2779 4764 2867 4835 qui
2906 4763 3189 4833 aliquando
3218 4764 3271 4817 in
3297 4764 3474 4833 pedes,

1892 4860 2100 4914 scilicet
2129 4859 2391 4923 diversos,
2424 4865 2485 4910 ut
2518 4856 2729 4910 iambus
2758 4855 2812 4909 in
2845 4856 2977 4909 duos
3004 4853 3209 4909 iambos
3234 4894 3248 4919 ,
3275 4854 3474 4908 distro-

1893 4952 2075 5007 chmus
2101 4951 2153 5005 in
2183 4951 2317 5005 duos
2342 4950 2628 5013 trochaeos,
2660 4947 2943 5018 aliquando
2972 4947 3025 4998 in
3070 4961 3332 5007 numeros,
3363 4944 3473 4998 sci-

1891 5038 2020 5093 licet
2043 5038 2247 5092 similes
2284 5037 2646 5103 resolvuntur,
2670 5044 2730 5091 ut
2755 5035 3000 5107 dactylus
3029 5035 3082 5088 in
3119 5043 3357 5102 tempora
3390 5030 3474 5086 bis

1890 5129 2049 5195 bina;
2083 5138 2140 5183 ut
2166 5130 2220 5182 in
2266 5126 2543 5182 hexasemo
2575 5143 2790 5182 numero
2837 5126 3068 5195 accipere
3109 5124 3383 5186 debemus,
3419 5122 3473 5177 id

1888 5228 1971 5276 est
2000 5221 2052 5274 in
2081 5219 2244 5289 pedes
2268 5229 2658 5288 extemporum,
2689 5226 2749 5272 ut
2792 5219 3055 5284 molossus
3082 5216 3134 5270 in
3160 5217 3467 5278 hexasemo,

1889 5313 1980 5368 ubi
2011 5313 2062 5367 in
2108 5312 2211 5366 duo
2238 5310 2398 5366 ambo
2434 5320 2488 5367 et
2533 5312 2588 5367 in
2635 5319 3258 5378 numerosuemporum,
3310 5307 3472 5362 habet

1896 5405 2041 5460 enim
2084 5404 2169 5460 bis
2217 5412 2409 5469 terna,
2473 5412 2530 5459 et
2588 5404 2641 5458 in
2699 5404 2909 5473 pedes,
2962 5401 3128 5455 habet
3177 5400 3323 5455 enim
3385 5400 3469 5455 bis

1895 5494 2132 5550 iambum
2162 5534 2177 5561 ,
2232 5494 2552 5560 resolvitur;
2609 5492 2876 5549 molossus
2930 5505 3058 5545 vero
3113 5489 3167 5544 in
3212 5502 3470 5544 numeros

1896 5595 2195 5658 temporum
2223 5627 2238 5653 ,
2271 5584 2565 5641 secundum
2602 5598 2762 5647 vero;
2806 5582 2911 5638 nisi
2954 5581 3094 5640 forte
3137 5579 3260 5649 quis
3300 5578 3467 5642 dicat,

1890 5677 2040 5733 illum
2082 5690 2237 5747 posse
2270 5674 2403 5729 solvi
2437 5674 2489 5728 in
2536 5668 2877 5743 spondacum,
2925 5680 2979 5727 et
3025 5671 3076 5727 in
3108 5686 3268 5728 unam
3308 5669 3470 5741 sylla-

1888 5768 2012 5824 bam
2062 5767 2274 5839 longam
2302 5806 2316 5833 ,
2363 5779 2481 5835 quae
2532 5779 2629 5837 pro
2662 5763 2982 5836 Pyrrhichio
3030 5761 3309 5844 accipitur.
3359 5758 3463 5830 (At
