4038 6424
570 381 676 443 955

1146 385 1403 442 REMlGll
1441 380 2098 442 ANTISSIODORENSIS
2133 378 2282 436 OPP.
2324 379 2522 437 PARS.
2563 381 2625 438 Il.
2665 413 2736 424 —
2773 381 3273 443 MISCELLANEAJ

569 515 683 553 vero
729 512 928 559 eorum,
969 511 1059 565 qui
1107 499 1379 567 compositi
1426 513 1536 551 esse
1596 494 1860 564 dicuntur)
1909 493 2002 546 alii
2056 507 2147 560 per
2174 501 2220 556 Α
2249 491 2402 555 duas,
2435 492 2644 548 scilicet
2674 494 2909 565 syllabas
2932 497 3194 562 diversas,
3235 498 3484 563 extendit,
3521 500 3663 567 quod
3704 517 3837 553 om-

567 591 806 658 capulas,
854 589 903 642 id
937 599 1018 642 est
1053 591 1244 656 pedum
1285 590 1586 658 juncturas,
1633 586 1684 640 id
1729 595 1811 641 est
1841 585 2142 657 synzygias,

569 679 732 732 veluti
781 695 902 732 cum
955 679 1182 732 dicimus
1237 679 1681 746 compositionem
1753 683 1808 730 et
1853 675 2146 745 appositio-

571 783 726 830 ucm;
771 767 862 821 alii
891 782 1021 822 vero
1063 782 1159 836 per
1206 767 1484 836 periodum
1535 767 1894 836 colligantur,
1942 766 1994 820 id
2024 773 2144 830 est,

566 856 966 925 conjuuguntur
992 856 1134 910 inter
1165 871 1242 911 se.
1270 856 1416 911 lnter
1446 857 1758 927 synzygiam
1787 863 1842 910 et
1868 855 2145 925 periodum

571 945 691 999 talis
718 945 1016 999 differentia
1057 953 1142 1000 est
1166 986 1180 1010 ,
1212 945 1355 1014 quod
1385 947 1641 1020 syuzygia
1681 944 1912 1000 duorum
1947 946 2149 1002 solum-

571 1035 728 1088 modo
775 1035 968 1104 pedum
1009 1046 1056 1087 ι.
1103 1034 1354 1105 (Etenim
1400 1037 1646 1106 syzygia,
1687 1035 1742 1089 id
1795 1045 1869 1090 est
1927 1037 2144 1105 copula,

567 1123 791 1177 duorum
821 1123 1010 1192 pedum
1033 1125 1088 1177 in
1113 1115 1273 1178 unum
1311 1134 1386 1179 est
1423 1125 1649 1195 ascripta
1683 1128 1954 1190 connexio,
1984 1126 2072 1196 qui
2094 1128 2151 1180 in

567 1215 846 1269 dissimiles
873 1216 972 1269 sibi
1001 1217 1156 1285 positi
1199 1234 1309 1271 esse
1337 1218 1598 1284 videntur.
1631 1216 1891 1272 Periodos
1919 1232 2044 1272 sane
2068 1228 2152 1271 est

563 1305 752 1371 pedum
806 1306 1106 1372 compositio
1153 1305 1498 1376 plurimorum
1525 1347 1540 1373 ,
1585 1307 1840 1377 quique,)
1898 1307 2152 1376 periodus

566 1408 696 1448 vero
746 1409 776 1449 e
817 1395 1111 1449 multorum
1149 1397 1341 1466 copula
1389 1398 1448 1451 tit
1501 1397 1555 1451 in
1607 1397 1923 1460 dissimiles,
1970 1397 2022 1450 id
2069 1405 2153 1452 est

569 1485 722 1540 valde
764 1486 1054 1542 dissimiles
1081 1528 1096 1551 ,
1145 1497 1203 1542 ut
1233 1489 1558 1559 dispondwi,
1605 1488 1883 1543 dissimiles
1923 1489 2023 1542 sibi
2069 1502 2153 1543 se-

568 1577 803 1628 cundum
836 1591 1022 1646 genus,
1061 1577 1160 1630 sibi
1204 1578 1446 1647 impares,
1493 1578 1699 1632 scilicet
1734 1578 2028 1633 secundum
2057 1577 2151 1631 ali-

566 1683 728 1733 quam
783 1667 1045 1721 rationem
1097 1668 1385 1722 sociantur.
1436 1669 1971 1739 (Dissimilitudinum
2026 1683 2154 1722 sane

570 1756 882 1824 differentia
909 1766 1012 1810 tres
1058 1767 1230 1822 erunt,
1256 1775 1350 1828 per
1378 1759 1812 1829 magnitudinem,
1841 1775 1934 1829 per
1966 1774 2150 1828 genus,

2250 597 2347 638 nes
2373 583 2561 639 breves
2589 593 2735 650 sunt,
2761 585 2998 656 (ideoque
3038 587 3122 659 eo)
3161 603 3282 642 raro
3305 590 3380 642 uti
3407 589 3572 652 decet,
3613 591 3839 645 scilicet

2248 674 2302 728 in
2329 683 2523 739 metro,
2551 675 2638 746 (ne
2658 676 2941 730 assiduitas
2971 678 3134 732 brevis
3156 677 3371 748 syllaba:
3391 695 3601 733 carmen
3627 682 3834 748 ipsum,

2245 768 2384 837 quod
2420 784 2538 821 cum
2583 767 2835 838 dignitate
2879 767 3056 838 aliqua
3084 770 3307 840 proferri
3351 771 3572 840 oportet)
3601 771 3832 834 incidat,

2247 858 2478 923 minuat,
2521 867 2784 914 conterat.
2812 857 2900 913 (In
2940 862 3283 927 permixtione
3307 876 3427 914 vero
3455 861 3679 915 aliorum
3733 877 3836 930 ρο-

2247 949 2393 1012 dum,
2475 951 2564 1020 qui
2615 948 2872 1020 longiores
2931 950 3243 1021 ponuntur,)
3300 950 3540 1006 decenter
3589 961 3832 1021 aptatus,

2247 1037 2456 1093 scilicet
2479 1039 2594 1108 ipse
2617 1039 2930 1110 Pyrrichius
2956 1039 3150 1110 major,
3177 1040 3232 1094 id
3268 1049 3352 1095 est
3383 1041 3834 1110 proceleumati-

2248 1142 2367 1191 cus,
2417 1136 2474 1180 ut
2504 1126 2736 1192 illorum,
2763 1126 2967 1182 scilicet
3009 1127 3206 1197 pedum
3244 1128 3430 1198 quies
3470 1127 3640 1200 longis
3684 1143 3832 1184 coo-

2248 1222 2414 1278 stant,
2455 1215 2715 1283 prolixam
2759 1230 2962 1268 morans
3002 1215 3371 1269 interveniente
3414 1232 3512 1268 sua
3562 1215 3836 1270 celeritate

2250 1316 2562 1374 compenset,
2591 1307 2644 1361 id
2672 1314 2755 1362 est
2791 1314 3181 1376 contemperet.
3215 1304 3415 1376 (Quare
3444 1307 3836 1376 proceleuma-

2250 1399 2406 1464 ticus,
2429 1399 2539 1469 qui)
2567 1399 2635 1452 ad
2659 1413 2920 1462 numeros,
2948 1397 3000 1452 id
3029 1404 3113 1453 est
3144 1397 3210 1452 ad
3254 1397 3538 1466 rhythmos
3568 1413 3832 1452 numero-

2251 1503 2369 1543 rum
2397 1487 2653 1559 (aptatur)
2683 1505 2715 1542 a
2755 1489 3107 1560 quadrisemo,
3136 1488 3190 1542 id
3231 1496 3335 1550 est,
3372 1501 3403 1541 a
3441 1487 3576 1556 pede
3599 1474 3836 1556 quatuor

2225 1577 2556 1649 ’temporum
2599 1580 2865 1644 brevium,
2903 1579 3175 1634 exordium
3211 1578 3358 1632 debet
3389 1579 3641 1646 accipere.
3664 1579 3838 1649 (Ans-

2250 1678 2468 1739 ptestus,
2503 1669 2594 1738 qui
2621 1677 2836 1722 vocatur
2879 1668 3071 1732 minor,
3111 1665 3330 1735 accipiet
3381 1665 3657 1719 elationem
3687 1666 3837 1733 pedis

2251 1759 2408 1812 unius
2455 1757 2721 1827 temporis,
2758 1757 3075 1826 positionem
3111 1771 3228 1810 vero
3267 1755 3493 1808 duorum
3537 1765 3837 1823 temporum

563 1859 657 1911 per
683 1845 1053 1911 oppositionem
1078 1858 1096 1896 :
1125 1861 1217 1913 per
1246 1847 1679 1916 magnitudinem)
1719 1863 1838 1900 cum
1869 1863 1896 1900 e
1925 1847 2144 1908 disemo,
2180 1839 2221 1898 Β
2251 1847 2450 1919 faciet).
2479 1846 2742 1902 Minorem
2772 1856 3103 1916 anapaestum
3144 1855 3303 1900 vocat
3345 1844 3586 1899 iambum
3612 1853 3839 1913 propter

566 1943 626 1984 ut
650 1932 974 2002 pyrrichius,
1003 1933 1083 1986 vel
1111 1945 1408 2000 tetrasemo,
1440 1935 1580 1990 sicut
1609 1935 2143 2006 proceleusmaticus,

564 2023 894 2093 componitur
933 2041 1202 2078 numerus.
1237 2024 1368 2096 (Per
1406 2043 1603 2097 genus,
1668 2028 1807 2093 cum)
1850 2027 2145 2098 diplasion,

566 2113 782 2181 duplam
822 2113 1162 2181 divisionem,
1207 2127 1297 2170 aut
1357 2117 1698 2185 hemiolium,
1747 2119 1801 2173 id
1851 2128 1936 2174 est
1964 2129 2147 2174 sescu-

566 2201 710 2270 plam
763 2203 1080 2258 divisionem
1131 2205 1332 2277 (simul
1376 2207 1692 2277 jungimus,
1751 2207 1828 2262 vel
1873 2208 2034 2278 quod)
2081 2223 2147 2262 ex

567 2290 806 2359 pluribus
867 2292 1223 2348 divisionibus
1284 2295 1599 2366 wqualiter,
1657 2297 1712 2350 id
1769 2305 1898 2362 est,
1953 2297 2146 2366 aequali

562 2387 908 2455 proportione
964 2386 1280 2455 copulatur,
1339 2389 1392 2444 id
1446 2399 1530 2444 est
1593 2391 1646 2444 in
1695 2389 1955 2462 syzygia,
2006 2390 2146 2462 (per

563 2474 942 2544 cppositionem
974 2515 988 2540 ,
1042 2476 1096 2530 id
1146 2476 1244 2548 est)
1299 2494 1392 2548 per
1437 2479 1722 2534 antithesin
1751 2517 1768 2543 ,
1818 2478 1871 2534 id
1918 2487 2003 2535 est
2048 2493 2147 2548 per

563 2563 891 2617 contrariam
933 2563 1254 2633 positionem
1283 2605 1298 2629 ,
1340 2565 1480 2636 (cum
1539 2575 1635 2620 aut
1677 2567 1874 2637 primos
1923 2567 2147 2622 disemos

564 2653 826 2731 ponimus,
853 2653 1238 2723 insequenibus
1265 2655 1437 2728 longe)
1465 2657 1789 2728 potioribus,
1813 2657 2145 2726 melioribus,

565 2751 676 2803 aut,
703 2741 911 2797 scilicet
938 2752 1126 2818 contra
1158 2759 1279 2799 cum
1303 2755 1628 2812 tctrasemos,
1659 2747 1865 2804 scilicet
1891 2749 2145 2819 primum,

562 2831 777 2886 disemis
806 2834 1136 2904 sequentibus
1183 2835 1528 2906 applicamus.
1586 2835 1775 2892 Verum
1823 2850 2002 2894 notum
2040 2855 2150 2895 esse

562 2923 850 2988 conveniet,
875 2939 1034 2978 unum
1078 2924 1237 2978 etiam
1278 2927 1458 2997 pedem
1497 2943 1647 2997 posse
1687 2928 1966 2998 sufﬁcere,
2004 2928 2149 3000 quod

562 3017 790 3063 vocatur
833 3011 1174 3079 monocolou,
1203 3012 1257 3067 id
1299 3023 1386 3068 est
1411 3015 1572 3070 unius
1603 3016 1864 3083 membri,
1897 3017 1966 3070 ad
2001 3033 2148 3072 com-

560 3099 803 3168 plendum
832 3103 1107 3172 periodon,
1136 3104 1182 3158 si
1225 3102 1392 3170 solus,
1442 3105 1653 3161 scilicet
1683 3121 1810 3178 pes,
1842 3109 2063 3174 ca'teris,
2095 3107 2147 3164 id

2248 1937 2654 1993 similitudinem
2682 1936 3030 2007 syllabarum,
3058 1935 3210 2004 quod
3233 1933 3321 1989 ille
3361 1947 3428 1988 ex
3455 1933 3672 1988 duabus
3707 1934 3834 1987 bre-

2247 2030 2404 2086 vibus
2437 2038 2495 2084 et
2528 2029 2706 2100 longa,
2749 2028 2960 2084 iambus
3005 2041 3073 2084 ex
3120 2026 3270 2082 brevi
3315 2034 3370 2080 et
3417 2024 3601 2094 longa.
3641 2022 3834 2078 Hono-

2247 2119 2479 2173 cltronon
2512 2119 2697 2190 quippe
2722 2117 2919 2172 dicitur
2947 2126 3171 2186 tempus,
3193 2115 3400 2171 scilicet
3422 2113 3479 2170 in
3524 2124 3838 2184 anapesti),

2247 2210 2302 2267 id
2327 2219 2410 2266 est
2432 2211 2486 2266 in
2517 2210 2714 2272 iambo.
2749 2211 2906 2266 etiam
2929 2225 3048 2265 cum
3087 2208 3244 2281 longa
3269 2210 3500 2280 ponitur,
3523 2224 3651 2278 qute
3681 2207 3844 2276 longa

2247 2300 2352 2356 duo
2373 2310 2604 2371 tempora
2630 2301 2858 2371 recipere
2896 2300 3159 2356 consuevit
3189 2315 3207 2354 :
3231 2309 3280 2354 et
3309 2315 3428 2353 cum
3455 2299 3564 2351 tria
3595 2307 3839 2366 tempore

2247 2389 2407 2444 simul
2431 2389 2607 2444 brevia
2631 2388 2976 2453 collocantur,
3001 2386 3208 2443 scilicet
3235 2386 3487 2442 similiter
3505 2385 3840 2439 monocbro»

2249 2492 2358 2534 non
2397 2477 2716 2548 appellatur,
2745 2485 2806 2533 ut
2847 2476 2902 2532 in
2932 2477 3112 2532 iambo
3135 2486 3191 2530 et
3236 2474 3494 2537 trocbteo,
3538 2475 3597 2528 in
3641 2472 3842 2542 quibus

2251 2570 2354 2625 tria
2400 2579 2638 2637 tempora
2687 2575 3068 2637 computantur
3106 2564 3226 2620 :vel
3267 2581 3384 2620 cum
3435 2573 3560 2618 sunt
3608 2574 3843 2634 quatuor

2251 2676 2488 2726 numero,
2531 2659 2738 2715 scilicet
2777 2659 2918 2714 sicut
2946 2658 3000 2713 in
3047 2656 3315 2726 spondteo,
3361 2656 3418 2709 in
3449 2669 3561 2724 quo
3599 2662 3840 2725 quatuor

2248 2749 2457 2815 brevia,
2498 2756 2554 2804 et
2586 2749 2693 2803 duo
2737 2746 2894 2817 longa
2946 2751 3438 2808 conuumerantur;
3468 2758 3593 2812 qua
3632 2744 3836 2803 omnis,

2249 2838 2458 2894 scilicet
2501 2837 2719 2903 brevia,
2773 2837 2844 2890 ad
2892 2834 3331 2906 comparationem
3391 2831 3565 2902 longe
3619 2831 3839 2901 syllaba

2250 2936 2638 2998 computantur.

2321 3017 2496 3088 Igitur
2540 3016 2713 3086 major
2772 3023 3111 3085 anapxstus;
3173 3010 3346 3081 major
3377 3021 3565 3067 autem
3627 3010 3834 3066 dicitur

2251 3117 2556 3177 anapestus
2582 3105 2667 3162 vel
2707 3105 2824 3176 ipse
2849 3111 3154 3173 suapzestus
3182 3101 3268 3157 vel
3299 3100 3568 3171 dactylus,
3611 3101 3711 3170 qui
3756 3108 3838 3153 est

562 3198 682 3255 est,
719 3191 764 3246 si
800 3207 869 3246 ex
900 3192 1010 3250 alio
1036 3208 1232 3265 genere
1276 3193 1480 3264 fuerit,
1521 3175 1832 3268 intequalis,
1875 3197 2151 3255 dissimilis
2177 3175 2221 3239 ο
2255 3175 2474 3254 totidem
2513 3175 2815 3265 temporum
2839 3211 2853 3248 :
2877 3195 2992 3251 sive
3035 3193 3292 3264 majorem
3325 3191 3454 3248 dicit
3495 3198 3837 3260 anaptestum

563 3280 691 3347 illis,
719 3283 986 3339 inseritur.

637 3370 745 3428 Sed
778 3388 978 3439 eorum,
1011 3373 1064 3429 ia
1089 3383 1193 3441 est,
1237 3390 1424 3432 earum
1454 3378 1800 3444 divisionum,
1827 3393 1944 3449 qua
1986 3380 2039 3432 in
2063 3395 2151 3449 pe-

565 3461 681 3515 dem
708 3464 962 3529 recidunt,
987 3465 1038 3519 id
1059 3475 1161 3530 est,
1193 3467 1292 3522 sub
1319 3466 1520 3538 regulis
1540 3468 1736 3536 pedum
1762 3469 1980 3536 cadunt,
2011 3468 2151 3524 sicut

566 3562 692 3606 sant
724 3553 998 3624 simplices
1029 3565 1084 3611 et
1118 3557 1374 3626 reliqum,
1401 3558 1718 3629 dactylicum
1745 3575 1938 3629 genus,
1969 3560 2022 3615 id
2067 3568 2151 3616 est

565 3643 865 3711 aequalitas,
895 3646 1122 3713 primum
1147 3657 1248 3712 est,
1295 3648 1346 3702 id
1391 3658 1475 3703 est
1501 3649 1798 3719 principale
1825 3649 1901 3720 (in
1936 3665 2039 3720 quo
2063 3666 2150 3719 ge-

563 3747 684 3786 nere
712 3733 886 3802 pedes)
924 3735 1254 3804 incampositi
1286 3736 1388 3791 sibi
1425 3737 1628 3792 similes
1661 3737 2024 3808 (vocabuntur,
2060 3738 2151 3808 qui

564 3838 780 3875 numero
809 3832 929 3876 sunt
958 3825 1070 3895 sex)
1093 3825 1146 3878 id
1173 3836 1268 3889 est,
1296 3825 1804 3897 proceleusmaticus,
1827 3838 2148 3896 anaptestus,

565 3912 869 3978 (spondwtts
899 3914 1139 3984 simplex)
1185 3925 1234 3968 et
1280 3923 1558 3986 spondwus
1601 3917 1776 3986 major
1818 3925 1935 3982 cst,
1970 3916 2022 3971 id
2067 3926 2152 3972 est

564 4002 924 4069 dispondsetts.
971 4006 1044 4056 Ac
1086 4006 1599 4074 proceleusmaticus,
1645 4008 1762 4076 ipse
1809 4016 1893 4062 est
1931 4007 2151 4079 Pyrrhi-

567 4091 744 4151 citius,
770 4091 980 4160 quidem
1009 4094 1104 4160 est)
1141 4096 1229 4163 qui
1257 4105 1306 4148 et
1331 4097 1640 4164 positionem
1671 4096 1918 4168 (brevem)
1950 4098 2147 4162 thesin,

560 4192 607 4234 et
638 4180 913 4236 elationem
941 4181 1186 4254 (brevem)
1217 4184 1387 4254 (arsin
1417 4185 1618 4239 retinet.
1651 4184 1835 4240 Utetur
1869 4198 2042 4240 autem
2065 4187 2150 4242 hic

564 4272 746 4342 idem)
789 4271 842 4326 id
886 4281 970 4326 est
1015 4272 1531 4344 proccleusmaticus
1580 4283 1898 4340 tetrasemo,
1947 4275 2152 4331 scilicet

567 4363 702 4431 pede
741 4371 972 4432 quatuor
997 4373 1298 4434 temporum
1333 4365 1677 4435 frequentius,
1717 4365 1770 4420 id
1819 4373 1904 4421 est
1935 4367 2148 4437 smpius.

569 4451 811 4522 Namque
841 4462 891 4507 et
916 4453 1147 4507 disemus
1189 4454 1372 4523 hujus,
1405 4454 1610 4509 scilicet
1635 4454 1914 4510 divisionis
1952 4469 2068 4524 pes,
2098 4454 2149 4509 id

565 4555 650 4599 est
692 4545 1040 4603 Pvrrlticbius
1069 4547 1386 4618 efﬁngitur,
1428 4548 1481 4603 id
1530 4559 1614 4604 est
1653 4547 1887 4604 eﬂicitur
1922 4549 1998 4620 (id
2048 4559 2145 4614 est,

2246 3288 2319 3343 ad
2369 3286 2831 3357 comparationem
2865 3283 3050 3347 iambi,
3103 3283 3195 3352 qui
3239 3280 3414 3351 major
3444 3280 3571 3352 (leg.
3622 3280 3829 3345 minor)

2250 3386 2556 3446 anapaestus
2579 3375 2798 3438 dicitur,
2827 3372 3104 3428 elationem
3124 3370 3332 3441 quidem
3355 3368 3628 3439 suscipiet,
3660 3367 3716 3423 id
3748 3375 3836 3422 est

2247 3465 2601 3522 elevationem
2633 3461 2872 3534 syllabas,
2903 3461 3051 3517 arsin
3074 3459 3340 3524 videlicet,
3371 3474 3488 3530 qua:
3515 3460 3837 3512 monachro-

2249 3570 2343 3609 nos
2379 3569 2487 3608 csse
2507 3553 2735 3615 dicatur,
2760 3551 3086 3622 positionem,
3121 3548 3175 3603 id
3201 3556 3284 3603 est
3313 3546 3508 3610 thesin,
3538 3545 3836 3597 dichronon

2249 3641 2436 3697 habere
2467 3649 2810 3694 monstratur.
2849 3637 3048 3710 (Quare
3072 3637 3340 3706 utriusque
3379 3633 3654 3703 temporis,
3692 3633 3834 3701 quod

2248 3735 2304 3789 in
2345 3734 2598 3803 positione
2635 3732 2814 3802 fuerit)
2865 3729 3056 3800 a’quali
3097 3729 3195 3783 sibi
3240 3728 3448 3799 posito,
3493 3725 3548 3780 id
3595 3733 3684 3780 est
3730 3726 3835 3779 sub

2249 3824 2440 3894 aequali
2479 3823 2765 3892 positione,
2799 3829 2995 3890 oportet
3037 3819 3281 3874 elationis
3308 3817 3568 3887 geminum
3602 3823 3833 3882 tempus,

2250 3912 2304 3967 id
2340 3921 2424 3967 est
2459 3912 2514 3966 in
2556 3927 2659 3965 una
2689 3909 2920 3980 syllaba,
2970 3909 3222 3976 accipere,
3265 3905 3317 3960 id
3351 3912 3454 3969 est,
3497 3912 3739 3974 Oportet,
3773 3911 3834 3955 ut

2253 4013 2333 4059 tot
2374 4013 2614 4073 tempora
2663 4003 2773 4057 sint
2818 4003 2870 4056 in
2921 3999 3176 4064 elatione,
3201 4006 3332 4067 quot
3373 3996 3428 4051 in
3469 3994 3832 4066 depositione.

2251 4094 2362 4166 (Ita
2400 4103 2596 4158 tamen,
2642 4102 2697 4146 ut
2741 4089 2980 4161 utroque)
3029 4089 3084 4142 in
3136 4088 3368 4159 sequenti
3419 4096 3672 4154 tempore,
3724 4098 3834 4136 una

2253 4199 2380 4254 pars
2421 4192 2508 4238 est
2555 4183 2844 4250 insequens
2881 4190 3090 4249 tempus
3135 4194 3234 4250 per
3263 4177 3407 4247 quod
3453 4177 3833 4244 subsequitur,

2250 4291 2349 4346 par
2373 4273 2558 4344 priori,
2583 4272 2635 4326 id
2673 4279 2774 4335 est,
2817 4270 3057 4334 elationi,
3089 4286 3197 4323 esse
3234 4267 3491 4331 rideatur,
3539 4265 3592 4320 id
3628 4273 3710 4320 est
3744 4280 3832 4325 ea.

2252 4379 2372 4434 qua:
2401 4372 2527 4419 sunt
2553 4363 2604 4416 in
2632 4361 2899 4432 positione
2917 4359 3162 4429 aequalia,
3203 4359 3312 4412 sint
3341 4365 3394 4412 et
3415 4355 3594 4410 omnia
3626 4355 3678 4407 in
3714 4354 3829 4405 cla-

2255 4459 2420 4512 tione.
2452 4455 2648 4522 Quare,
2679 4455 2732 4508 id
2775 4463 2879 4518 est,
2920 4453 3022 4508 bac
3047 4453 3255 4505 ratione
3289 4458 3585 4518 anaptrsttts
3629 4446 3833 4514 apomi—

2179 4525 2228 4584 ί)
2253 4562 2432 4610 sonos,
2463 4545 2515 4599 id
2557 4553 2659 4609 est,
2706 4557 2920 4598 sursum
2957 4541 3211 4601 sociatus,
3259 4537 3547 4606 dactylicus
3603 4552 3634 4586 a
3680 4534 3832 4585 nobis

567 4636 659 4704 qui
707 4636 911 4691 duobus
965 4638 1280 4707 temporibus
1326 4637 1608 4708 impletur,
1658 4638 2148 4709 procelcusmaticus
2251 4653 2362 4690 esse
2397 4634 2610 4697 dicitur,
2651 4632 2856 4689 scilicet
2875 4631 3017 4700 quod
3063 4628 3470 4684 similitudinem
3499 4623 3692 4695 dactyli
3735 4624 3835 4676 lia-

567 4721 776 4792 quidem
806 4763 823 4788 ,
865 4725 956 4779 sed
1001 4726 1201 4780 brevior
1247 4728 1550 4783 nominatur
1587 4739 1606 4780 :
1657 4727 1748 4783 ille
1803 4745 1920 4784 vero
1975 4729 2150 4798 major
2252 4726 2362 4786 bet,
2397 4726 2471 4797 (at
2496 4723 2634 4793 vero)
2663 4731 2979 4792 anaptestus,
3019 4720 3107 4790 qui
3139 4718 3469 4789 apelassonos
3501 4716 3829 4775 nominatur,

566 4825 680 4878 est,
729 4817 820 4886 qui
879 4832 945 4870 ex
993 4829 1220 4887 quatuor
1276 4819 1509 4875 brevibus
1566 4819 1815 4889 efﬁcitur.
1865 4821 1932 4874 At
1985 4820 2146 4891 vero)
2253 4817 2306 4872 id
2352 4825 2437 4871 est
2483 4817 2661 4871 minus
2689 4829 2910 4878 sonans,
2948 4814 3032 4884 (ex
3072 4811 3274 4865 duabus
3319 4808 3574 4886 brevibus,
3622 4822 3744 4875 quit
3777 4807 3831 4856 in

566 4907 768 4962 brevior
805 4908 897 4979 (id
946 4908 1059 4980 est')
1108 4909 1336 4964 disemus
1385 4910 1633 4981 syneches
1679 4923 1912 4978 vocatur,
1963 4911 2014 4966 id
2065 4921 2151 4967 est
2251 4907 2474 4962 elatione
2496 4906 2624 4970 sint,
2653 4914 2701 4959 et
2728 4920 2792 4958 ex
2817 4920 2939 4964 una,
2965 4918 3081 4972 qua:
3112 4902 3164 4953 in
3206 4899 3457 4970 positione
3486 4897 3574 4957 sit,
3611 4895 3834 4962 copula-

568 4999 859 5053 contiuuus
912 4999 998 5053 vel
1045 4999 1391 5054 continuatus
1417 5039 1432 5064 ,
1485 5001 1612 5055 hinc
1671 5000 1905 5072 syneclta
1968 4999 2148 5069 passio
2251 5006 2359 5051 tur.
2392 4995 2623 5064 Simplex
2648 5011 2765 5049 vero
2795 4991 3071 5062 spondwus
3100 4991 3222 5050 erit,
3243 4989 3329 5057 qui
3349 4985 3686 5054 exprodacta
3719 4993 3828 5034 tam

565 5097 809 5152 vocatur,
842 5087 1021 5155 idest,
1052 5088 1307 5143 continua
1333 5086 1520 5153 febris,
1544 5088 1690 5159 (quia
1717 5089 1830 5158 ipsa
1863 5087 2147 5142 assiduitas
2249 5089 2358 5142 arsi
2386 5103 2543 5157 quant
2582 5085 2712 5139 thesi
2736 5083 3002 5154 jungitur)
3045 5080 3214 5148 major
3252 5092 3380 5131 vero
3411 5073 3724 5144 spondtcus,
3777 5072 3831 5125 id

563 5186 611 5228 et
635 5175 926 5246 frequentia
949 5175 1428 5247 comprehendentis
1455 5193 1511 5231 se
1532 5177 1746 5231 invicem
1767 5175 2028 5246 syllable),
2056 5192 2148 5231 nec
2248 5187 2333 5234 est
2373 5177 2715 5248 dispondtcus
2763 5177 2872 5244 (qui
2900 5169 3313 5241 quaternariam)
3351 5184 3452 5220 non
3497 5164 3667 5218 solum
3715 5161 3826 5216 ela-

567 5268 999 5337 magnitudinem,
1034 5268 1087 5324 id
1115 5275 1199 5324 est
1231 5267 1616 5338 prolixitatem,
1640 5267 1874 5338 aliquam
1907 5284 1997 5320 nec
2029 5283 2144 5320 mo-

567 5361 694 5414 dum
741 5361 922 5415 divisa:
953 5363 1243 5431 potestatis,
1295 5359 1438 5416 illius
1486 5359 1753 5426 videlicet,
1803 5374 1923 5428 qua:
1967 5369 2050 5415 est
2091 5360 2142 5412 in

637 5600 662 5626 ιι
705 5587 1067 5657 Sequentibus
1126 5601 1340 5642 sensum
1392 5586 1522 5640 dare
1573 5586 1770 5640 nullum
1827 5577 2138 5657 potuimus,

567 5657 701 5710 adeo
734 5655 912 5711 omnia
950 5658 1398 5726 sunttlcpravata
1430 5659 1482 5711 iu
1516 5658 1842 5726 apograplto.
1876 5655 2142 5726 Aristides

566 5727 756 5797 paucis
784 5742 897 5780 rem
925 5725 1300 5797 complectitur
1331 5744 1344 5780 :
1387 5746 1405 5779 (
1436 5732 1654 5800 συζυγία
1685 5725 1871 5796 cepula
1902 5735 1982 5779 est
2007 5725 2139 5777 duo-

2246 5269 2459 5332 tionem,
2497 5265 2586 5320 sed
2616 5266 2771 5317 etiam
2807 5263 3133 5332 positionem,
3165 5259 3214 5312 id
3253 5266 3354 5319 cst,
3389 5264 3513 5308 octo
3556 5261 3825 5320 tempora,

2250 5359 2455 5414 videtur
2475 5355 2769 5410 admittere.
2811 5351 2912 5406 Per
2938 5350 3177 5406 cooalam
3204 5364 3341 5414 vero,
3369 5349 3419 5401 id
3459 5355 3564 5410 est,
3611 5360 3711 5415 per
3733 5356 3824 5412 ge-

2251 5595 2368 5636 rum
2399 5579 2594 5649 pedum
2639 5573 2958 5649 simplicium
2989 5581 3044 5624 ct
3081 5568 3414 5626 dissimilium
3463 5565 3822 5636 compositio;

2225 5645 2499 5720 periodus
2532 5663 2656 5701 vero
2685 5645 2935 5714 plurium.
2973 5662 2992 5694 ι
