4038 6414
257 392 324 445 37
1637 378 1722 433 os
1743 378 2024 435 'MUSttZA.

3393 387 3503 442 058

222 498 578 554 minutionem
623 495 851 549 duorum
892 493 1108 562 polum,
1151 491 1384 559 duplices
1428 492 1682 545 accedunt
1713 508 1811 543 nu-
1840 497 1882 552 Λ
1916 492 2093 558 thius,
2136 494 2573 564 propinquitatem
2618 494 2867 566 (aliquam
2902 512 3016 550 cum
3067 497 3288 553 iambico
3334 501 3496 567 pede,

222 592 379 655 meri,
408 591 460 643 id
488 598 593 651 est,
616 587 817 642 diversi
846 586 1011 657 pedes
1041 604 1053 638 :
1082 586 1350 656 (quoniam
1379 586 1512 639 alter
1530 600 1593 639 ex
1615 584 1814 653 majore

221 680 321 733 erit
346 680 539 742 ionico,
588 677 722 731 alter
750 692 814 731 ea:
848 678 1065 730 minore.
1111 678 1275 745 Atque
1318 675 1426 740 ille,
1467 675 1557 745 qui
1594 690 1658 727 ex
1705 689 1814 727 ma-

214 754 339 837 jore
382 769 639 839 procedit,
671 765 947 835 constabit)
980 782 1043 820 ea:
1086 766 1332 835 spondam
1374 765 1632 836 simplici;
1664 764 1810 819 scili-

222 867 311 912 cel
340 859 481 927 quod
530 859 580 912 in
623 856 886 928 principio
921 858 1052 910 duas
1080 856 1242 911 habet
1278 850 1490 925 longas,
1517 855 1614 926 (vel
1640 871 1812 925 proce-

219 945 553 1013 leusmatico,
586 950 757 1017 quem)
788 950 1064 1013 disemum,
1098 947 1149 1003 id
1180 959 1263 1003 est
1288 948 1665 1019 Pyrrhichium
1686 948 1812 1002 duo-

220 1049 347 1088 rum
384 1036 625 1091 brevium
648 1046 959 1108 temporqu
998 1038 1131 1109 (esse
1167 1055 1268 1092 non
1314 1039 1528 1091 dubium
1554 1037 1673 1106 est).
1706 1035 1809 1101 Qui

220 1140 343 1178 vero
371 1143 435 1179 ex
483 1128 683 1181 minore
729 1137 824 1192 est,
860 1127 912 1181 id
962 1137 1043 1182 est
1083 1129 1290 1184 iouicus
1331 1128 1524 1192 minor,
1551 1127 1640 1197 qui
1679 1141 1809 1180 eon-

219 1226 333 1271 stat
384 1233 447 1272 ex
497 1219 813 1289 pyrrhichio
859 1228 914 1275 et
960 1220 1234 1287 spondteo,
1290 1220 1609 1273 contrarium
1657 1217 1805 1286 facit,

218 1308 477 1376 quodque
528 1307 613 1361 ille
654 1306 823 1361 habet
873 1309 1133 1377 primum,
1183 1308 1285 1363 iste
1330 1309 1491 1363 habet
1538 1306 1804 1361 ultimum.

220 1394 418 1465 (Atque
457 1397 763 1466 hi‘quidem)
815 1398 867 1451 in
918 1399 1178 1468 dactylico
1219 1415 1404 1470 genere
1429 1406 1713 1468 ponuntur,
1754 1396 1805 1450 id

218 1495 330 1550 est,
379 1485 432 1539 in
477 1487 669 1553 :equali
707 1487 995 1553 divisione,
1026 1489 1169 1557 quod
1207 1488 1468 1559 aequalem
1512 1486 1806 1557 proportio.

220 1589 348 1628 nem
391 1575 612 1641 habent,
646 1577 873 1646 rhythmi
918 1578 1361 1647 incontpositi,.id
1398 1587 1503 1641 est,
1553 1576 1716 1646 pedes
1739 1576 1806 1631 de

218 1664 451 1734 pedibus
472 1665 745 1731 dicuntur,
777 1668 867 1737 qui
901 1669 1197 1722 secundum
1228 1668 1489 1722 rationem
1519 1680 1803 1721 numerum

218 1756 564 1822 prrecedunt;
595 1756 935 1825 incompositi
968 1758 1177 1811 numeri
1210 1766 1356 1821 sunt,
1389 1759 1477 1827 qui
1506 1772 1572 1811 ex
1600 1742 1802 1811 eisdem

1914 594 2143 654 quatuor
2179 586 2314 639 enim
2356 586 2539 654 primis
2570 586 2883 655 temporibus
2931 586 2999 638 ad
3040 587 3267 639 iambum
3316 604 3494 640 conso-

1916 684 2023 736 nat,
2063 674 2273 741 reliquis
2306 685 2419 728 octo
2457 674 2770 739 temporibus
2816 674 3123 745 adjunctis.)
3156 672 3225 727 Ut
3261 674 3405 737 enim
3444 675 3497 728 in

1914 766 2091 821 iambo
2119 783 2281 822 unum
2305 768 2370 822 ad
2395 769 2499 824 duo
2522 768 2718 837 duplici
2747 770 3113 838 proportione,
3144 770 3214 822 ita
3246 770 3296 822 in
3319 770 3498 824 orthio

1913 873 2013 911 Im.
2067 858 2133 912 ad
2176 874 2293 912 vm.
2336 860 2388 912 in
2423 861 2612 914 eadem
2655 860 3005 929 proportione
3029 859 3349 930 junguntur.
3386 861 3494 915 De-

1911 949 2032 1001 hinc
2077 949 2295 1004 Croesus
2341 947 2585 1024 Κροῖσος,
2636 951 2727 1019 qui
2778 961 2988 1006 constat
3038 964 3106 1006 ex
3165 952 3405 1007 trochteo
3445 959 3502 1005 et

1911 1039 2232 1104 ditrochmo;
2281 1041 2501 1097 Crtesus
2548 1050 2804 1107 vocatur,
2860 1043 3002 1111 quod
3052 1042 3257 1112 placuit
3309 1041 3500 1097 Croeso

1910 1130 2025 1200 regi
2076 1129 2367 1200 Lydorum.
2426 1131 2483 1188 Si
2533 1142 2710 1188 autem
2764 1134 3033 1189 trochaeus
3089 1134 3253 1188 fuerit
3288 1133 3499 1198 dictus,

1909 1229 1979 1274 ut
2003 1221 2217 1291 plurimi
2250 1222 2464 1278 codices
2509 1223 2740 1288 habent,
2785 1232 2913 1279 tunc
2960 1238 2992 1279 a
3041 1225 3279 1279 troclueo
3320 1225 3499 1279 dictus

1908 1304 2045 1375 et’i‘t‘,
2076 1312 2168 1380 qui
2210 1314 2535 1368 semanticus
2584 1313 2814 1379 dicitur,
2853 1315 2905 1369 id
2936 1323 3019 1371 est
3067 1315 3304 1381 tardior;
3353 1316 3500 1386 quod

1908 1409 2182 1464 arctetur,
2218 1400 2517 1472 stringatur
2544 1417 2639 1472 per
2676 1404 2957 1474 cepulam,
2993 1404 3045 1459 id
3086 1414 3170 1460 est
3204 1406 3497 1476 syzygiam.

1909 1487 2241 1581 (Trocha’us,
2283 1492 2373 1560 qui
2429 1493 2743 1547 semanticus
2784 1494 3014 1559 dicitur,
3066 1495 3121 1549 id
3178 1506 3282 1559 est,
3324 1498 3415 1565 qui
3453 1503 3501 1548 et

1907 1580 2172 1633 contrario
2220 1590 2336 1633 octo
2381 1580 2565 1650 primis
2596 1582 2941 1644 positionibus
2994 1593 3189 1637 constet
3232 1597 3248 1634 :
3288 1583 3501 1654 reliquis

1907 1669 1963 1721 in
2008 1668 2285 1723 elationem
2331 1681 2563 1741 quatuor
2613 1671 2849 1726 brevibus
2909 1681 3160 1727 arctetur.
3218 1671 3502 1742 Compositi

1907 1774 2033 1812 sane
2061 1768 2211 1821 sunt,
2242 1760 2332 1829 qui
2365 1776 2455 1829 per
2490 1760 2734 1831 c0pulam
2778 1761 3112 1832 colliguntur.
3152 1760 3290 1817 Sunt
3328 1771 3503 1814 autem

218 1847 476 1914 pedibus,
527 1850 811 1918 compositi
840 1851 930 1918 qui
982 1865 1045 1904 ex
1078 1850 1306 1905 diversis
1339 1849 1675 1921 junguntur;
1719 1850 1806 1914 (ac
1841 1850 1988 1920 ulti)
2034 1850 2326 1916 Bacchius,
2383 1852 2473 1921 qui
2520 1868 2585 1906 ex
2636 1853 2864 1907 trochwo
2911 1853 3121 1907 deducit
3172 1853 3502 1922 auspicium,

218 1938 519 2009 compositi)
542 1938 631 2007 qui
653 1948 841 2007 septem
884 1955 1099 1993 numero
1127 1948 1499 2001 omnes_erunt.
1532 1936 1808 2008 (Dactylus

218 2028 385 2097 igitur
410 2040 483 2084 est
504 2031 693 2095 dictus,
723 2032 847 2100 quia
871 2033 1106 2085 ordinem
1136 2031 1457 2101 syllabarum
1488 2029 1807 2084 consimilem

218 2118 385 2188 digito
435 2120 663 2175 hominis
723 2121 1020 2191 informat).
1070 2120 1380 2191 Anaptvslus
1423 2137 1563 2183 vero,
1602 2120 1811 2175 scilicet

220 2209 399 2264 dictus
450 2220 551 2275 est,
593 2212 716 2281 quia
754 2229 847 2281 per
892 2213 1128 2266 ordinem
1183 2212 1357 2265 redeat
1396 2228 1631 2276 sursum,
1678 2224 1808 2264 ana-

221 2307 425 2367 pzestus
450 2316 480 2354 a
512 2301 677 2357 verbo
704 2304 956 2366 ἀναπάιω,
983 2303 1085 2356 hoc
1124 2310 1207 2357 est
1235 2317 1448 2357 sursum
1491 2302 1673 2366 redeo,
1711 2302 1809 2357 ἀνὰ

220 2389 367 2441 enim
415 2390 601 2445 Gnece
641 2402 856 2446 sursum
903 2393 1121 2446 dicitur.
1159 2392 1501 2463 Pyrrhichius
1547 2408 1688 2455 vero,
1732 2392 1809 2445 cel

220 2479 741 2547 proceleusmaticus,
799 2482 1007 2537 scilicet
1052 2483 1229 2537 minor
1278 2482 1479 2547 dictus,
1533 2482 1671 2553 quod
1704 2481 1810 2549 (hic

221 2568 493 2633 assiduus,
522 2570 598 2623 rel
628 2572 682 2624 in
723 2572 1032 2637 certamine,
1069 2571 1166 2641 rel)
1196 2572 1250 2625 in
1279 2570 1404 2626 ludo
1432 2572 1661 2641 quodam
1686 2586 1811 2640 pue-

224 2656 334 2716 rili,
356 2658 447 2727 qui
472 2660 709 2734 ῐιυρῤἱχη
733 2658 995 2730 Pyrrhica
1022 2668 1267 2726 vocatur,
1292 2660 1615 2729 ponebatur.
1641 2658 1811 2729 Spon-

222 2749 372 2800 (treus
423 2750 772 2816 saerilicalis,
823 2765 853 2804 a
899 2750 1064 2806 verbo
1114 2752 1321 2821 spendo
1365 2750 1589 2815 σπένδω,
1624 2750 1677 2805 id
1728 2758 1813 2805 est

224 2836 529 2905 sacriﬁcio,
577 2838 880 2911 plerumque
937 2841 1188 2905 inservit,
1237 2840 1445 2896 scilicet
1505 2840 1809 2896 sacriﬁciis.

224 2928 464 2995 Ionicus,
498 2930 779 3001 intequalis
815 2933 964 3003 (sane
992 2944 1202 3002 propter
1228 2949 1562 2988 numerorum
1585 2933 1814 3003 inaequa-

224 3018 325 3072 lem
362 3036 568 3084 sonum,
615 3023 766 3077 habet
799 3024 936 3076 enim
963 3024 1098 3077 duas
1147 3024 1354 3093 longas,
1381 3024 1615 3092 duasque
1638 3038 1812 3077 corre-

223 3120 365 3177 ptas,
386 3128 488 3181 quo
508 3116 699 3182 pedum
720 3116 975 3185 carmine)
1002 3114 1153 3169 multi
1178 3132 1315 3186 saepe
1338 3115 1631 3186 reprehensi
1665 3122 1807 3177 sunt,

224 3208 441 3257 veteres
488 3203 632 3257 enim
677 3204 730 3257 in
772 3205 1001 3261 theatris
1034 3220 1134 3275 per
1174 3207 1320 3261 hunc
1357 3206 1569 3277 pedem,
1618 3205 1670 3260 id
1707 3212 1810 3271 est,
1839 3188 1885 3251 C

225 3295 465 3351 ionicum
496 3298 948 3367 reprehensibiles
979 3299 1469 3370 reprehendebant.

302 3391 377 3442 Ac
412 3389 476 3443 de
503 3389 749 3460 dactylis,
780 3390 831 3445 id
872 3398 955 3446 est
996 3391 1063 3445 de
1098 3391 1223 3454 illis,
1256 3391 1350 3461 qui
1390 3391 1593 3467 habent
1628 3391 1812 3462 dacty-

223 3475 386 3530 licam
418 3477 760 3542 divisionem,
790 3478 939 3543 satis,
985 3478 1195 3534 scilicet
1223 3478 1425 3533 dictum
1456 3496 1470 3533 :
1502 3494 1637 3531 nunc
1678 3477 1813 3530 iam-

223 3567 416 3631 bicam,
450 3564 501 3619 id
542 3575 643 3631 est,
680 3566 895 3636 duplam
938 3584 1318 3633 memoremus;
1357 3570 1412 3623 in
1451 3583 1577 3638 quo,
1608 3566 1816 3622 scilicet

224 3654 485 3720 iambico,
516 3673 699 3726 genere
733 3659 937 3712 numeri
958 3660 1308 3728 incompositi,
1341 3659 1394 3713 id
1428 3668 1511 3714 est
1540 3657 1813 3727 simplices

223 3754 409 3799 errant
428 3758 676 3813 quatuor,
726 3746 781 3801 id
822 3755 924 3813 est,
956 3748 1288 3813 discurrunt,
1327 3748 1609 3802 variantur
1630 3755 1685 3803 et
1720 3762 1813 3801 va-

206 3849 464 3915 gantur:
497 3842 769 3910 compositi
817 3840 923 3894 duo
966 3856 1058 3910 per
1098 3841 1363 3911 copulam,
1416 3841 1469 3896 id
1526 3850 1611 3895 est
1656 3854 1813 3911 syzy-

224 3927 370 3996 giam
402 3946 416 3979 :
442 3939 500 3981 ut
540 3945 657 3982 vero
682 3946 776 4000 per
799 3930 1103 3999 periodum,
1144 3931 1194 3984 id
1226 3940 1327 3995 est,
1356 3944 1451 4000 per
1473 3930 1813 3999 conjunctio-

226 4032 353 4070 nem
395 4016 683 4070 multormn
716 4018 936 4087 pedum,
980 4027 1107 4073 sunt
1155 4018 1460 4073 duodecim.
1506 4016 1613 4083 Qui
1650 4018 1811 4087 igitur

225 4106 559 4174 incompositi
611 4118 811 4173 errant,
863 4109 915 4162 id
972 4116 1079 4173 est,
1135 4108 1469 4174 discurrunt,
1525 4109 1612 4162 isti
1663 4116 1806 4162 sunt.

228 4195 448 4250 Iambus
474 4214 538 4251 ea:
563 4199 785 4253 dimidia
816 4199 1060 4265 elatione,
1093 4199 1144 4254 id
1162 4208 1244 4255 est
1272 4216 1337 4255 ex
1371 4201 1517 4256 brevi
1546 4209 1808 4270 tempore,

227 4301 350 4354 qua:
376 4284 554 4342 brevis
578 4298 681 4353 est,
714 4299 760 4342 et
788 4291 1067 4358 positione,
1101 4291 1153 4345 id
1184 4300 1263 4346 est
1299 4293 1432 4357 arsi,
1458 4308 1575 4362 qua:
1602 4291 1809 4361 gemina

224 4386 321 4441 est.
357 4375 664 4448 (Trochrcus
708 4396 773 4434 es:
814 4380 1011 4451 duplici
1055 4381 1299 4445 elatione,
1331 4393 1377 4435 et
1409 4383 1662 4451 positione
1692 4398 1809 4452 qua:

226 4468 395 4522 brevis
419 4469 539 4540 est.)
573 4469 790 4524 Orthius
832 4488 973 4538 vero,
1002 4472 1209 4527 scilicet
1237 4486 1347 4542 pes,
1372 4474 1462 4542 qui
1498 4482 1715 4527 constat
1738 4488 1805 4527 ex

1911 1940 2159 2004 initium,
2220 1941 2324 2009 [ine
2373 1943 2572 2010 (autem
2626 1942 2837 1995 iantbici
2891 1942 3254 2012 terminatur).
3285 1980 3343 1995 ..
3404 1957 3504 2011 pro

1908 2029 2180 2099 perfecto,
2228 2032 2367 2102 apud
2410 2031 2628 2088 Grzecos
2671 2035 2819 2108 ἀρχή
2860 2040 2913 2088 et
2943 2033 3101 2097 τέλος,
3146 2034 3249 2087 hoc
3285 2040 3369 2088 est
3404 2032 3504 2086 ini-

1910 2121 2046 2175 tium
2102 2129 2157 2175 et
2205 2118 2359 2185 linis,
2411 2121 2492 2176 sic
2545 2122 2685 2192 apud
2732 2120 2953 2176 Latinos
3002 2120 3123 2176 linis
3172 2136 3277 2175 non
3328 2120 3503 2175 solum

1913 2209 2073 2264 linem
2118 2209 2415 2279 signiﬁcat,
2460 2211 2553 2265 scd
2603 2210 2767 2265 etiam
2805 2210 3040 2264 initium.
3086 2209 3277 2278 Incipit
3325 2209 3506 2276 itaque

1910 2301 2170 2357 bacchius
2207 2316 2273 2357 ex
2323 2302 2533 2357 duabus
2570 2301 2744 2373 longis
2794 2302 2967 2355 instar
3016 2299 3267 2365 trochaei,
3320 2299 3507 2351 linitur

1912 2402 2091 2449 autem
2156 2408 2263 2447 una
2308 2393 2457 2448 b’revi
2517 2394 2585 2447 ad
2630 2392 3039 2448 similitudinem
3105 2391 3260 2455 ﬁnis,
3315 2391 3366 2444 id
3424 2397 3509 2445 est

1910 2482 2160 2554 principii
2210 2483 2448 2538 iambici.
2495 2482 2600 2549 Qui
2639 2499 2760 2537 vero
2791 2481 3161 2536 Antibacchius
3195 2490 3300 2545 cst,
3340 2479 3509 2533 idest

1913 2572 2277 2642 antispastus,
2323 2570 2409 2641 (ab
2448 2571 2620 2624 iambo
2669 2571 2931 2641 principia
2972 2571 3223 2633 sortitur,
3267 2567 3442 2639 atque)
3474 2584 3507 2620 η

1912 2662 2176 2716 contrario
2232 2662 2347 2724 his,
2381 2660 2433 2714 id
2476 2668 2559 2715 est
2606 2660 2831 2715 bacchio
2879 2668 2932 2713 et
2984 2659 3192 2721 iambo,
3242 2659 3390 2728 (quos
3425 2658 3507 2711 di‘

1910 2754 2116 2817 ximus,
2152 2751 2367 2820 pedibus
2402 2751 2711 2821 optabitur).
2763 2747 2869 2803 Per
2909 2750 3181 2818 periodum
3224 2765 3340 2803 vero
3394 2758 3506 2814 est,

1911 2842 2117 2897 scilicet
2168 2840 2419 2912 syzygia,
2467 2842 2606 2912 quod
2658 2840 2793 2895 velut
2854 2856 2949 2909 per
2995 2856 3048 2893 se
3106 2849 3302 2895 certam
3362 2840 3503 2893 viam

1910 2933 2172 3003 pervenit,
2220 2932 2272 2987 id
2316 2941 2431 2995 est,
2477 2931 2753 3002 procurrit
2797 2948 2812 2984 :
2864 2931 2995 2986 ordo
3022 2940 3142 2995 est,
3193 2932 3337 3002 quod
3384 2947 3509 2999 pro-

1911 3024 2062 3079 venit
2112 3032 2319 3079 certam
2362 3024 2507 3077 viam
2565 3021 2707 3077 velut
2758 3036 2855 3092 per
2897 3036 2975 3077 se.
3028 3020 3093 3075 In
3136 3023 3233 3075 hoc
3284 3038 3504 3091 genere,

1917 3116 1971 3170 id
2015 3123 2101 3170 est
2147 3129 2244 3185 per
2287 3114 2598 3184 periodum,
2646 3128 2765 3166 cum
2805 3112 2908 3167 sint
2946 3111 3253 3175 duodecim,
3299 3110 3509 3166 scilicet

1915 3206 2079 3278 pedes
2105 3246 2121 3272 ,
2172 3221 2387 3261 numero
2415 3246 2430 3270 ,
2474 3213 2739 3273 quatuor,
2790 3201 2996 3258 scilicet
3040 3200 3241 3272 pedes,
3295 3202 3507 3269 quidem

1912 3312 2006 3363 per
2032 3296 2269 3367 singulas
2314 3294 2554 3364 periodos
2615 3293 2851 3363 accipere
2904 3291 3150 3357 docetur,
3189 3291 3398 3347 scilicet
3439 3292 3510 3345 ab

1913 3387 2030 3459 ipsa
2054 3397 2203 3451 arte,
2255 3403 2416 3441 unum
2460 3386 2691 3439 iambum
2742 3400 2804 3438 ac
2845 3392 2949 3438 tres
2976 3384 3253 3437 troclucos.
3300 3383 3397 3454 (Ac
3443 3383 3510 3436 de

1911 3479 2114 3534 hisdem
2154 3486 2384 3548 quatuor
2429 3476 2656 3544 primum
2684 3474 2922 3544 quidem,
2965 3473 3105 3544 quod
3146 3474 3377 3527 iambum
3414 3473 3511 3526 ha-

1912 3570 2029 3623 bere
2073 3565 2416 3636 monstratur)
2466 3565 2724 3619 trochaeus
2764 3562 2830 3617 ab
2883 3563 3055 3617 iambo
3104 3562 3505 3626 deuominatur,

1910 3658 1967 3714 id
2032 3666 2116 3714 est
2173 3656 2392 3713 trochaei
2461 3656 2529 3711 ab
2584 3654 2765 3710 iambo
2831 3653 3166 3707 inchoantes.
3225 3651 3325 3705 Ille
3386 3667 3509 3705 vero

1913 3748 2222 3818 rhythmus,
2279 3746 2370 3816 qui
2427 3744 2609 3813 recipit
2665 3742 2899 3796 iambum
2954 3742 3269 3803 secundum,
3320 3740 3372 3794 id
3425 3747 3510 3793 est

1912 3836 2150 3891 secundo
2197 3834 2345 3899 loco,
2395 3851 2427 3887 a
2480 3832 2693 3886 bacchio
2744 3831 3002 3885 troclta'us
3050 3830 3340 3884 vocabitur.
3402 3828 3508 3894 Qui

1912 3946 2032 3984 vero
2084 3929 2314 3982 iambum
2365 3926 2605 3991 tertium,
2647 3925 2699 3979 id
2754 3934 2839 3979 est
2879 3925 3039 3979 tertio
3092 3923 3213 3979 loco
3289 3923 3503 3985 recipit,

1914 4020 2155 4075 bacchius
2202 4036 2234 4073 a
2274 4019 2501 4073 trochaao
2547 4018 2735 4085 poterit
2785 4016 3066 4070 nominari.
3114 4014 3216 4070 Ille
3255 4032 3375 4070 vero
3418 4015 3508 4085 qui

1910 4119 2189 4182 quartum,
2230 4110 2281 4165 id
2318 4118 2434 4175 est,
2466 4110 2557 4179 qui
2589 4115 2785 4178 quarto
2820 4107 2940 4163 loco
2976 4107 3205 4161 admittit
3236 4106 3467 4160 iambum
3488 4146 3502 4168 ,

1912 4202 2207 4273 appellatur
2242 4202 2480 4272 epitritus
2513 4201 2735 4256 iambus.
2779 4200 2977 4254 Eorum
3012 4216 3159 4265 vero,
3210 4199 3415 4252 scilicet
3453 4198 3507 4250 in

1911 4294 2107 4363 quibus
2150 4292 2382 4347 volvitur
2424 4292 2693 4346 troclueus
2721 4288 2864 4344 inter
2910 4289 3147 4353 iambos,
3190 4287 3280 4355 qui
3312 4302 3375 4339 ea:
3403 4300 3509 4337 uno

1911 4386 2140 4440 trochaeo
2189 4385 2353 4453 ﬁunt,
2402 4383 2609 4452 primus
2656 4381 2866 4435 iambus
2905 4394 2938 4434 a
2984 4378 3220 4432 trochaeo
3265 4375 3505 4446 appella-

1917 4485 2022 4529 tur.
2068 4472 2365 4545 (Secundus
2410 4471 2615 4526 iambus
2649 4488 2682 4524 a
2713 4469 2926 4524 bacchio
2965 4467 3162 4521 dicitur
3176 4483 3196 4531 ;
3232 4476 3324 4520 aut
3371 4475 3510 4520 certe

229 4558 487 4626 spondam
522 4536 585 4615 et
621 4536 969 4631 dispondzcot
1019 4536 1252 4618 orlhius-
1277 4536 1441 4637 apeté;
1487 4564 1688 4619 dicitur
1727 4562 1812 4619 vel
1845 4536 1890 4597 ί)
1918 4536 2164 4619 bacchius
2195 4564 2397 4618 medius
2425 4561 2613 4632 poterit
2651 4557 2953 4630 appellari).
2990 4556 3095 4623 Qui
3128 4574 3245 4612 vero
3274 4558 3506 4622 tertium,

233 4651 391 4719 quasi
438 4662 640 4717 rectus,
669 4655 811 4722 quod
855 4651 995 4727 ὅρθον
1021 4653 1207 4710 Graece
1255 4664 1450 4707 rectum
1494 4654 1695 4708 dicitur
1728 4652 1814 4708 vel

228 4740 383 4806 quasi
423 4742 625 4796 orcitus
650 4755 676 4783 ιι
702 4744 751 4797 id
792 4754 873 4798 est
912 4745 1193 4807 honestus,
1225 4744 1395 4798 orcita
1453 4745 1597 4797 enim
1627 4743 1813 4799 Graece

229 4830 358 4881 item
414 4831 615 4885 dicitur
673 4833 949 4900 honestas,
997 4835 1086 4905 qui
1134 4850 1199 4887 ea:
1258 4833 1557 4897 tetrasemi,
1606 4807 1815 4889 scilicet

229 4921 370 4973 sicut
399 4929 481 4976 est
511 4924 819 4991 spondzeus,
845 4925 1085 4991 elatione,
1110 4926 1165 4979 id
1198 4936 1271 4980 est
1299 4927 1427 4990 arsi,
1456 4937 1502 4980 et
1542 4925 1811 4992 octasemi,

227 5011 282 5064 id
339 5021 424 5067 est
478 5024 601 5071 octo
656 5026 997 5086 temporum,
1061 5019 1203 5073 sicut
1259 5026 1344 5073 est
1411 5018 1810 5088 proceleusma-

233 5102 376 5156 tieus
440 5113 496 5159 et
549 5106 928 5175 dispondreus;
988 5111 1118 5164 ὀκτώ
1177 5119 1300 5165 octo
1352 5110 1640 5181 (positione
1680 5126 1806 5163 con-

225 5194 423 5260 stabit,
487 5197 561 5249 ita
631 5208 684 5251 ut
745 5199 1015 5251 duodecim
1082 5210 1315 5271 tempora
1371 5202 1454 5254 hic
1520 5218 1607 5272 pes
1665 5217 1807 5255 recc-

214 5282 365 5351 pisse
426 5287 722 5358 videatur).
782 5288 948 5359 Atque
998 5290 1197 5357 habet,
1271 5291 1477 5347 scilicet
1550 5292 1662 5362 ipse
1722 5305 1810 5347 or-

306 5473 329 5501 α
359 5460 509 5515 Unde
562 5462 676 5536 lucc
716 5464 1029 5536 desumpta,
1079 5464 1374 5536 incertum,
1436 5480 1608 5536 neque
1655 5464 1800 5520 enim

231 5529 421 5603 {Era-ea
450 5538 528 5585 est
572 5532 676 5603 ista
710 5549 831 5586 vox.
874 5529 1129 5603 Priorem
1158 5529 1570 5603 esplicationein
1607 5536 1800 5603 probat

233 5592 537 5678 ilerpdotus
566 5602 656 5655 lib.
684 5618 722 5664 ι,
740 5603 890 5670 juxta
915 5620 1073 5672 quem
1102 5592 1263 5678 ὅρριᾶν
1284 5621 1499 5678 carmen
1529 5592 1630 5667 est,
1658 5604 1799 5678 quod

235 5671 595 5723 sublatissima
646 5687 777 5727 voce
827 5671 1098 5728 cantatur.
1130 5671 1413 5728 "Caeterum
1461 5676 1575 5729 hmc
1620 5671 1799 5728 omnia

236 5754 304 5793 ex
339 5741 586 5796 Aristidis
611 5741 704 5795 lib.
734 5745 837 5800 ide
867 5743 1068 5799 Musica
1095 5745 1373 5815 desumpta
1403 5753 1549 5800 sunt.

1918 4655 2124 4710 scilicet
2173 4654 2498 4718 trochaeum,
2552 4651 2765 4721 recipit,
2805 4648 3048 4703 bacchius
3093 4649 3157 4703 ab
3196 4649 3367 4702 iambo
3409 4666 3506 4704 no—

1916 4744 2168 4798 minatur.
2222 4742 2327 4809 Qui
2382 4758 2503 4797 rero
2551 4748 2832 4812 quartum,
2882 4738 2935 4793 id
2983 4747 3066 4793 est
3114 4748 3311 4809 quarto
3356 4739 3505 4803 loco,

1915 4835 2095 4906 recipit
2136 4834 2452 4897 trochaeum,
2503 4831 2738 4901 epitritus
2780 4830 3038 4884 trochaeus
3078 4828 3403 4899 appellatur,
3456 4828 3506 4881 id
3592 4850 3596 4855 -

1915 4934 2035 4991 est,
2084 4932 2207 4995 post
2258 4932 2370 4978 tres
2414 4921 2622 4977 iambos
2668 4921 2951 4976 trochzeus.
3002 4918 3132 4975 Octo
3174 4935 3326 4984 uero,
3365 4918 3509 4973 scili-

1915 5025 2002 5072 cet
2030 5016 2058 5056 ι)
2090 5016 2441 5087 perdiscimus.
2489 5013 2755 5085 (Quatuor
2803 5013 2867 5067 de
2895 5012 3013 5078 his,
3054 5028 3183 5082 quos
3228 5009 3505 5063 duodecim

1915 5104 2178 5171 diximus,
2218 5120 2312 5175 per
2345 5103 2618 5173 periodum
2662 5100 2742 5156 illi
2780 5117 2890 5155 esse
2932 5100 3210 5164 dicuntur,
3237 5100 3324 5169 qui
3358 5097 3504 5151 binos

1916 5197 2168 5249 trochtcos
2205 5204 2358 5265 atque
2411 5193 2611 5247 iambos
2634 5209 2726 5264 per
2760 5190 3030 5263 periodum
3057 5197 3281 5242 servant.
3316 5185 3506 5256 Atque)

1918 5287 2039 5353 ille,
2071 5289 2161 5359 qui
2190 5288 2388 5358 primos
2422 5288 2678 5341 ινοεΙιωοε
2718 5284 2931 5353 recipit,
2961 5280 3171 5336 scilicet
3208 5288 3333 5334 ante
3368 5279 3509 5333 duos

1971 5463 2000 5502 ι)
2056 5461 2180 5517 Haec
2233 5477 2338 5515 non
2394 5460 2705 5517 cohaerent,
2746 5469 2846 5509 nec
2876 5470 2941 5509 ex
2997 5453 3284 5507 Meibomio
3328 5450 3506 5520 major

1900 5547 2071 5587 nexus
2124 5542 2216 5585 aut
2263 5531 2465 5587 clarior
2519 5542 2710 5582 sensus
2759 5526 2942 5578 haberi
3003 5531 3197 5593 potest.
3242 5523 3321 5576 Ita
3371 5536 3505 5576 vero

1900 5618 1963 5656 ev
2014 5602 2250 5657 Aristide
2299 5600 2581 5668 legendum
2626 5609 2944 5668 censemus.
2984 5592 3289 5668 (Quatuor
3333 5605 3502 5668 vero,

1900 5674 1990 5741 qui
2043 5673 2199 5726 binos
2250 5664 2453 5724 habent
2504 5665 2805 5741 traduces,
2851 5674 2904 5717 et
2953 5665 3173 5741 totidem
3221 5664 3447 5726 iambos,
3477 5679 3499 5713 ι

1901 5735 2032 5809 etc.,
2057 5744 2128 5797 ita
2166 5752 2221 5795 ut
2258 5750 2371 5793 octo
2413 5754 2526 5792 vero
2562 5737 2618 5789 in
2650 5735 2915 5788 Martiano
2961 5735 3216 5789 abundet.
