4038 6438
511 400 616 470 959

1112 406 1376 466 REMIGII
1411 402 2070 464 ANTISSIODORENSIS
2104 399 2252 460 OPP.
2295 397 2476 457 PARS
2513 400 2575 458 Il.
2605 433 2678 443 —-
2704 400 3202 461 MISCELLANEA.

3684 402 3801 462 960

511 524 719 579 iambos
745 563 758 588 ,
789 523 982 590 duplex
1019 521 1263 578 bacchius
1294 540 1325 577 a
1356 523 1584 577 trocha'o
1613 513 1723 576 esse
1748 521 1974 586 dicitur;
2008 518 2095 590 qui
2125 521 2172 579 Α
2201 515 2345 586 quod
2391 531 2496 572 non
2543 532 2608 573 ex
2640 518 2867 573 diversis
2905 518 3194 589 generibus
3235 519 3561 589 junguntur,
3599 517 3806 587 (neque

511 631 630 668 vero
677 615 932 668 secundos
979 615 1233 668 trochteos
1271 613 1509 679 habebit,
1563 612 1756 684 duplex
1793 613 2036 666 bacchius
2065 629 2098 667 α

514 700 686 755 iambo
725 701 1043 756 nominatur.
1085 701 1218 757 Cum
1269 713 1444 758 autem
1479 703 1692 758 trochtei
1735 703 1892 757 medii
1942 702 2102 757 collo-

515 801 734 857 cantur,
775 793 1030 846 trochteus
1079 793 1279 847 medius
1323 794 1447 864 jure
1492 795 1712 849 dicetur.
1763 794 1902 849 Cum
1929 804 2102 848 autent

513 883 571 936 in
599 883 770 936 medio
800 883 994 949 iambi,
1044 883 1250 938 scilicet
1296 883 1630 939 collocantur
1659 885 1802 940 inter
1831 885 1964 940 duos
1996 894 2109 940 tro-

518 973 728 1037 charos,
779 972 981 1026 medius
1036 973 1241 1026 iambus
1298 983 1534 1028 vocatur.
1601 972 1817 1046 (Omnes
1875 975 1953 1029 vel
2015 973 2104 1046 qui

517 1060 846 1130 incompositi
891 1078 982 1130 per
1019 1064 1296 1132 periodon,
1334 1064 1416 1118 vel
1453 1064 1564 1136 qui)
1622 1080 1714 1134 per
1749 1064 2022 1134 copulam,
2054 1065 2107 1120 id

519 1159 632 1215 est,
681 1152 955 1223 syzygiam
1001 1152 1368 1224 (colligantur,
1417 1154 1645 1225 rhythmi
1691 1155 1868 1208 decem
1914 1165 1961 1210 et
1995 1165 2108 1210 octo

519 1243 781 1294 numerati
811 1241 976 1312 sunt).
1018 1242 1236 1297 Iambus
1272 1244 1441 1298 dictus
1471 1254 1546 1299 est
1586 1245 1651 1298 ab
1685 1261 1778 1310 eo,
1808 1245 1947 1316 quod
1978 1246 2110 1316 iam-

524 1327 664 1383 bisin
707 1331 955 1396 ἰαμϐίζειν
1003 1330 1174 1386 (ἔπεσί
1210 1332 1500 1387 detrahere
1527 1333 1792 1388 dixerunt.
1822 1313 1896 1388 Ἐι
1925 1313 2111 1389 ind/ioc

518 1419 749 1471 carmine
783 1422 1070 1491 quibusque
1109 1430 1300 1476 veteres
1327 1421 1688 1476 detrahebant.
1725 1422 1854 1477 Item
1884 1423 1981 1477 hoc
2020 1441 2112 1478 no-

518 1523 667 1570 men,
721 1509 772 1562 id
811 1519 895 1562 est
931 1510 1097 1564 iambi
1139 1526 1368 1576 nomen,
1419 1521 1493 1565 est
1523 1511 1586 1565 ab
1624 1529 1716 1577 eo,
1749 1512 1888 1583 quod
1918 1529 2112 1568 venena

518 1598 816 1661 maledicti,
853 1599 903 1652 id
939 1608 1023 1654 est
1065 1600 1492 1668 maledictionis,
1522 1612 1614 1657 aut
1644 1603 1852 1669 livoris,
1907 1603 1960 1657 id
1995 1613 2109 1670 est,

521 1687 766 1754 invidus,
821 1689 1087 1758 infundat.
1141 1693 1283 1748 Duas
1333 1710 1463 1766 ergo
1515 1695 1870 1766 elymologias
1917 1696 2110 1760 habet,

521 1789 616 1833 aut
659 1795 690 1834 a
737 1781 907 1836 verbo
957 1784 1235 1854 ἰαμϐίζειν,
1289 1785 1341 1839 id
1397 1793 1514 1853 est,
1565 1785 1882 1851 detrahere,
1934 1796 2028 1841 aut
2080 1801 2110 1841 a

521 1871 739 1926 nomine
790 1874 900 1940 ἰός,
959 1875 1100 1943 quod
1154 1883 1239 1930 est
1288 1891 1576 1932 venenum.
1635 1876 1940 1949 (Trocharus
1993 1895 2113 1932 vero
2146 1866 2188 1924 Β

519 1961 584 2013 ab
615 1977 676 2014 eo
701 1961 901 2028 dictus,
956 1963 1098 2034 quod
1131 1964 1346 2019 celerem
1385 1967 1722 2020 reversionem
1763 1967 1922 2036 faciat
1956 1965 2113 2020 veluti

519 2052 680 2119 rota).
729 2053 932 2128 Tp6,_oc
963 2053 1151 2110 Grmce
1198 2062 1350 2122 tota,
1399 2056 1524 2112 inde
1561 2067 1818 2133 τροχαῖος
1863 2059 2111 2114 rotatilis.

525 2137 780 2207 Orthius,
833 2143 1044 2198 scilicet
1090 2159 1154 2198 ex
1211 2148 1467 2214 spondam
1512 2155 1567 2200 et
1619 2147 1929 2218 dispondtco
1989 2163 2117 2203 con-

521 2237 666 2295 stat,
713 2232 884 2286 orcita
923 2233 1112 2288 Graece
1158 2234 1414 2290 honestas
1461 2236 1690 2302 dicitur,
1744 2239 1974 2307 (propter
2020 2239 2116 2292 ho-

523 2324 773 2375 nestatem
797 2323 1070 2391 positionis
1099 2333 1174 2378 est
1212 2325 1556 2396 nominatus.)
1597 2327 1957 2395 Semanticus,
2003 2337 2118 2383 tar-

523 2412 660 2466 dans
702 2423 759 2468 et
797 2429 1105 2482 remorans;
1139 2417 1482 2473 semanticus
1531 2427 1740 2473 constat
1771 2418 1856 2475 cx
1903 2420 2120 2490 dispon-

524 2501 640 2556 timo
682 2510 740 2557 et
789 2506 1075 2574 spondeo,
1121 2507 1265 2578 (quia
1322 2525 1440 2563 cum
1481 2509 1546 2563 sit
1601 2509 1806 2563 tardior
1847 2509 2118 2581 tempore,)

525 2594 992 2664 significationem,
1049 2597 1102 2653 id
1149 2607 1230 2653 est
1281 2614 1509 2666 nomen,
1563 2599 1832 2670 producta:
1877 2603 2122 2656 cessatio-

527 2687 609 2740 nis
646 2697 694 2741 et
731 2691 1081 2755 remanentis,
1112 2690 1254 2761 quod
1309 2701 1469 2747 tanta:
1509 2692 1793 2762 proxitatis
1845 2702 1929 2749 est
1961 2693 2122 2749 elatio

527 2776 682 2845 ejus,
735 2787 794 2832 ut
837 2793 944 2832 non
992 2779 1165 2834 solum
1212 2780 1406 2847 elatio,
1454 2796 1642 2836 verum
1691 2783 1857 2837 etiam
1906 2784 2121 2854 deposi-

529 2869 643 2938 tio,
697 2854 1270 2942 bgpgeﬁfrcessatio,
1321 2864 2123 2941 existimetur.(comprehende-

529 2976 622 3025 re,
658 2961 886 3042 ideoque
927 2957 1285 3028 semauticus,
1336 2963 1617 3018 retardans
1659 2962 1742 3018 vel
1794 2978 2120 3033 remanens,

528 3039 871 3117 nominatur,
921 3051 1256 3119 cessationis,
1305 3041 1670 3119 morosiiatis,
1715 3053 1943 3124 efﬁngit,
1996 3071 2126 3111 con-

531 3153 752 3208 format.
809 3140 1049 3210 (Bacchii
1104 3156 1220 3196 vero
1272 3152 1403 3197 sunt
1459 3142 1617 3208 dicti,
1673 3145 1813 3210 quod
1868 3145 2124 3201 bacchicis

2200 625 2293 677 per
2327 607 2620 680 periodum)
2650 609 2705 663 in
2744 610 2845 663 ista
2884 625 3101 679 genere,
3145 609 3198 664 id
3245 618 3326 666 est
3355 609 3619 678 paeonico,
3669 611 3807 678 rhy-

2203 703 2375 755 thmus
2437 702 2680 769 accedet,
2737 702 2789 756 id
2834 704 2947 768 est,
2995 702 3293 772 perveniet.
3353 699 3486 755 Inde
3531 699 3806 773 ate/um.

2203 790 2432 863 Lydios,
2487 791 2643 862 quasi
2702 793 2865 864 tysios
2919 792 3126 859 λύσιος,
3186 793 3239 847 id
3298 799 3414 857 εει,
3467 791 3680 847 solutus
3751 790 3807 844 in

2205 883 2446 939 membra
2489 884 2743 955 duplicia.
2790 886 3032 956 Duplicia
3079 896 3258 941 autem
3307 885 3550 940 membra
3595 885 3808 939 dicun-

2207 982 2331 1042 tur,
2379 985 2473 1030 aut
2525 977 2668 1046 quod
2717 977 2783 1032 de
2830 969 3063 1046 quatuor
3107 977 3243 1031 liunt
3292 977 3398 1031 duo
3453 975 3652 1046 pedes,
3712 978 3812 1025 aut

2207 1067 2350 1136 quod
2398 1066 2453 1121 in
2519 1066 2649 1136 ipsis
2701 1067 2910 1122 duobus
2961 1066 3190 1137 pedibus
3236 1065 3573 1136 duplicantur
3621 1077 3812 1115 mem-

2208 1156 2335 1221 bra,
2387 1157 2439 1212 id
2485 1165 2597 1222 est,
2647 1157 2845 1228 pedes,
2898 1157 3129 1229 (quidem
3157 1157 3329 1210 dictus
3359 1165 3468 1220 est,
3497 1152 3676 1224 quasi)
3707 1151 3810 1202 du-

2208 1247 2366 1319 plicia
2391 1247 2650 1316 membra,
2706 1248 2758 1302 id
2812 1256 2929 1312 est,
2976 1247 3220 1318 geminos
3261 1245 3425 1318 pedes
3469 1239 3810 1315 (discernat).

2212 1333 2468 1405 Epibatus
2523 1346 2730 1400 autem,
2785 1337 2924 1408 quod
2963 1335 3237 1402 membris,
3291 1335 3348 1391 id
3404 1341 3518 1399 est,
3573 1333 3813 1403 pedibus

2211 1423 2370 1480 veluti
2398 1436 2546 1480 utens
2589 1434 2849 1496 quatuor,
2892 1426 3131 1490 scilicet,
3177 1425 3318 1495 quod
3363 1434 3596 1494 quatuor
3642 1422 3816 1492 sylla-

2213 1513 2310 1570 bas
2352 1515 2543 1580 habet,
2589 1513 2675 1571 vel
2727 1524 2958 1584 quatuor
3007 1514 3294 1578 membris,
3340 1523 3574 1583 quatuor
3609 1512 3816 1582 paeoni-

2212 1597 2347 1668 bus,
2381 1618 2449 1660 ex
2479 1604 2674 1672 quibus
2705 1605 2822 1658 (huc
2851 1605 3198 1660 diversitates
3238 1603 3574 1666 elﬁciuntur,
3606 1602 3662 1656 id
3695 1612 3776 1655 est
3796 1640 3813 1662 .

2212 1693 2320 1749 duo
2385 1695 2547 1764 pedes
2612 1694 2984 1764 incompositi,
3059 1705 3106 1750 et
3163 1693 3368 1748 duabus
3419 1691 3819 1747 diversitatibns

2215 1784 2522 1853 copulatur,
2560 1785 2765 1840 scilicet
2812 1786 2954 1855 quod
3001 1785 3115 1841 dua“
3159 1794 3213 1840 et
3265 1785 3372 1840 duo
3409 1783 3743 1854 junguntur.

2301 1870 2487 1928 verum
2515 1876 2627 1938 htrc
2656 1891 2844 1944 genera
2862 1915 2876 1941 ,
2907 1875 3114 1930 scilicet
3142 1875 3323 1929 omnia
3351 1874 3660 1942 superiora,
3703 1886 3821 1923 eum

2220 1963 2477 2032 permixta
2505 1963 2720 2032 fuerint,
2753 1964 2806 2018 id
2850 1974 2954 2030 est,
2985 1979 3107 2019 cum
3141 1964 3265 2019 inde
3305 1963 3460 2018 facta:
3487 1961 3702 2017 fuerint
3723 1976 3823 2030 sy-

2223 2053 2410 2122 zygiar,
2436 2053 2490 2106 in
2519 2053 2783 2123 speciebus
2820 2068 3182 2118 numerorum,
3209 2051 3413 2122 (prima:
3439 2050 3642 2121 species
3665 2057 3822 2104 erunt

2221 2142 2353 2208 isne,
2377 2159 2492 2213 quae
2518 2143 2837 2199 dochmiacte
2863 2143 2892 2184 ιι
2923 2143 3239 2209 ἀοείιηεηεε,
3271 2142 3324 2198 id
3350 2151 3452 2208 est,
3479 2141 3822 2212 approbata.

2225 2234 2562 2287 nominantur
2587 2247 2606 2286 :
2631 2235 2926 2289 docimena:
2966 2249 2994 2289 a
3016 2237 3185 2289 verbo
3226 2233 3357 2290 δοκῶ
3401 2232 3676 2303 approbo,
3702 2232 3827 2285 inde

2225 2322 2518 2378 docimena:
2549 2323 2783 2393 species,
2824 2323 2878 2380 id
2913 2331 2996 2380 est
3035 2322 3400 2394 approbativae
3438 2318 3827 2389 dicuntur.'(£

2224 2415 2412 2486 quibus
2435 2416 2581 2485 prius
2609 2415 2750 2485 quod
2777 2415 2956 2485 fuerit,
2987 2416 3086 2469 hac
3124 2415 3234 2485 lege
3267 2415 3622 2483 componitur,
3662 2421 3720 2465 ut
3762 2412 3828 2465 sit

2225 2521 2292 2561 ex-
2311 2505 2485 2561 iambo
2506 2517 2555 2561 et
2577 2523 2777 2578 pteone,
2799 2506 2888 2576 qui
2928 2505 3156 2579 διόργυιος
3191 2514 3427 2570 vocatur,
3459 2507 3603 2558 hunc
3628 2505 3828 2574 λύσωει

2225 2596 2537 2668 posteriores
2569 2595 2740 2652 Graeci
2778 2593 3262 2668 cognominarunt).
3293 2594 3544 2650 Secunda
3589 2604 3671 2649 est
3713 2610 3830 2663 sps-

2219 2687 2351 2752 ’cies,
2381 2687 2607 2757 periodi,
2637 2687 2721 2743 vel
2750 2688 3004 2759 syzygiaa,
3032 2703 3150 2759 qua:
3179 2703 3243 2741 επ
3280 2685 3454 2740 iambo
3481 2683 3758 2754 dactylico
3783 2692 3829 2736 et

2223 2794 2408 2847 ptrone
2443 2789 2682 2833 constare
2719 2787 3060 2845 monstratur,
3098 2779 3208 2848 (qui
3246 2776 3441 2848 autem)
3481 2777 3706 2831 deducti
3737 2793 3832 2829 nn-

2228 2873 2378 2938 meri,
2422 2873 2475 2927 id
2517 2880 2598 2928 est
2633 2874 2900 2943 producti,
2944 2871 3149 2928 extenti
3189 2871 3577 2942 (naminantur,
3615 2878 3832 2938 propter

2215 2962 2502 3016 assiduum
2547 2972 2594 3019 et
2642 2964 2984 3034 compositum
3028 2961 3239 3033 sonum)
3279 2959 3570 3032 appellari,
3617 2959 3830 3014 scilicet

2223 3053 2466 3120 "deducti,
2501 3054 2757 3109 videntur.
2785 3052 2949 3108 Fiunt
2986 3064 3163 3108 autem
3193 3052 3417 3116 numeri,
3445 3051 3498 3105 id
3530 3059 3618 3106 est
3645 3051 3830 3120 pedes,

2231 3145 2320 3214 qui
2345 3153 2393 3198 et
2414 3143 2710 3215 prosodiaci
2729 3143 2996 3207 vocantur,
3024 3143 3168 3213 quod
3193 3143 3292 3197 sub
3318 3156 3423 3196 uno
3448 3148 3680 3196 accentu
3709 3155 3831 3210 pro-

531 3234 760 3287 maxime
801 3233 943 3286 sonis
976 3243 1306 3303 congruunt;
1354 3234 1498 3306 isque
1551 3234 1796 3289 bacchius
1839 3234 1994 3290 ludus
2025 3248 2132 3306 est,
2163 3226 2208 3288 C
2239 3235 2584 3289 nunciantur.
2625 3233 2732 3287 Alii
2770 3247 2861 3302 per
2905 3241 3078 3288 ternos
3122 3232 3276 3301 pedes
3314 3230 3470 3301 fiunt,
3515 3230 3572 3286 id
3612 3240 3725 3296 est,
3770 3247 3835 3284 ει

529 3321 624 3394 qui
652 3321 758 3375 illis
809 3321 1129 3376 carminibus
1161 3321 1416 3394 aptatur),
1450 3322 1721 3378 bacchiCis
1744 3363 1758 3388 ,
1809 3323 1862 3377 id
1892 3331 2009 3390 est,
2043 3340 2135 3380 sa-

536 3411 850 3467 cerdotibus
902 3411 1138 3478 Bacchi,
1188 3412 1244 3467 in
1297 3413 1453 3483 cujus
1500 3413 1673 3469 sacris
1707 3413 2020 3470 sacerdotes
2055 3415 2138 3469 in-

534 3501 840 3557 saniebant.

529 3615 532 3618 ’
607 3591 674 3648 1η
709 3609 768 3648 eo
801 3610 918 3649 vero
949 3609 1163 3664 genere,
1211 3592 1265 3649 id
1313 3603 1395 3649 est
1440 3594 1492 3648 in
1539 3608 1602 3649 ea
1639 3593 1933 3661 divisione,
1970 3595 2131 3668 (quod

537 3682 842 3738 Pwonicum
881 3685 1206 3754 nominatur)
1230 3685 1572 3754 incompositi
1615 3685 1721 3739 duo
1759 3687 1991 3755 rhythmi
2029 3702 2138 3742 esse

532 3773 781 3826 dicuntur
809 3793 828 3830 .-
860 3775 925 3829 tle
968 3784 1198 3845 quatuor
1241 3775 1517 3845 paronibus
1568 3775 1702 3831 duos
1748 3777 1915 3847 pedes
1965 3775 2133 3856 facit,

532 3865 894 3934 quosetiam
971 3879 1188 3936 paeones
1249 3876 1427 3922 vocat.
1493 3867 1736 3922 Primum
1809 3867 2026 3938 quidem
2083 3875 2138 3923 et

535 3958 831 4014 seettndum
881 3962 1157 4031 pmonad
1207 3977 1373 4017 unum
1422 3953 1646 4033 pedem,
1699 3964 1920 4019 tertium
1977 3963 2132 4020 simi-

536 4048 664 4104 liter
713 4057 770 4104 et
829 4059 1079 4120 quartum
1135 4052 1188 4106 in
1243 4053 1473 4108 alterum
1527 4054 1774 4124 copulat;
1836 4055 1932 4110 sed
1987 4054 2140 4126 prior

536 4139 592 4194 in
644 4139 853 4195 ratione
892 4138 1279 4211 sesquialtera,
1331 4159 1384 4198 tv
1413 4143 1480 4198 ad
1523 4159 1602 4211 vt,
1640 4144 1776 4200 alter
1814 4159 1946 4200 vero
1977 4162 2027 4200 v1
2067 4144 2138 4200 ad

535 4245 609 4285 tv.
665 4230 940 4302 Duplicem
996 4241 1177 4287 autem
1225 4233 1550 4302 positionem
1611 4220 1831 4302 dicunt,
1886 4236 2029 4306 quod
2080 4237 2136 4292 in

535 4337 602 4380 ea
654 4322 705 4376 in
750 4338 854 4377 una
886 4322 1094 4394 syllaba
1129 4326 1476 4396 geminantur
1522 4334 1798 4397 tempora,
1841 4327 2136 4400 longiorem

531 4413 717 4468 autem
767 4414 947 4480 arsin,
1005 4430 1126 4485 qua:
1176 4416 1340 4473 habet
1377 4434 1430 4473 γι
1485 4429 1764 4488 tempora,
1816 4420 1985 4476 thesis
2035 4435 2133 4474 au-

537 4513 648 4559 tem
704 4518 782 4558 tv.
843 4503 1079 4570 Quorum
1108 4523 1266 4562 unus
1313 4525 1464 4579 paeon
1509 4510 1734 4584 ὃιάγυιος
1775 4523 1801 4552 α
1842 4510 2136 4582 appellatur

534 4586 600 4652 es:
638 4599 795 4671 longa
849 4603 1135 4670 positione,
1185 4603 1238 4658 id
1285 4612 1369 4658 εει
1420 4603 1591 4669 thesi,
1645 4603 1698 4658 id
1746 4611 1830 4658 est
1878 4618 1945 4658 ex
2001 4602 2135 4658 duo-

535 4690 638 4745 bus
687 4693 1050 4762 temporibus,
1096 4703 1144 4750 et
1191 4695 1346 4765 longa
1383 4695 1639 4760 elatione,
1674 4695 1728 4751 id
1775 4702 1861 4751 est
1897 4695 2040 4762 arsi,
2079 4696 2134 4751 id

537 4789 622 4835 est
667 4797 732 4836 ex
782 4783 992 4840 duobus
1034 4787 1388 4855 temporibus.
1444 4786 1644 4857 Lydios
1682 4802 1712 4840 a
1755 4786 1960 4857 Lydia,
1989 4785 2132 4857 quod

535 4875 590 4928 in
649 4873 815 4947 Lydio
875 4885 1028 4946 tropo
1083 4877 1322 4933 abundat
1374 4894 1528 4948 paron
1586 4893 1703 4948 pcs.
1765 4877 1915 4944 Alter
1980 4892 2131 4948 pmon

533 4967 770 5038 epibatus
815 4968 1096 5035 ἐπιϐατὸς,
1170 4971 1226 5024 id
1275 4981 1350 5026 est
1367 5013 1381 5036 ,
1434 4973 1489 5026 in
1533 4972 1696 5038 thesi,
1746 4970 2022 5042 epibatus,
2079 4971 2132 5025 id

537 5070 623 5116 est
666 5065 881 5131 gravis,
932 5062 1152 5133 (duplici
1189 5064 1441 5133 positione
1469 5065 1755 5134 producta,
1800 5073 1847 5118 et
1876 5064 1985 5117 arsi
2015 5061 2129 5116 lon-

535 5153 679 5220 giore
716 5153 982 5224 jttngttur.
1018 5152 1090 5206 Ili
1128 5153 1272 5225 sunt)
1313 5155 1534 5222 pmonici
1573 5154 1774 5226 generis
1813 5154 2045 5220 numeri,
2075 5154 2130 5209 id

537 5250 622 5297 est
677 5245 874 5312 pedes,
934 5245 1085 5315 (quos
1147 5246 1518 5314 incompositos
1574 5262 1682 5299 esse
1743 5242 2127 5315 prtrdiximus).

541 5331 724 5405 Neque
764 5350 880 5389 vero
919 5352 1010 5404 per
1053 5333 1500 5405 conjunctionem,
1547 5334 1643 5389 hoc
1681 5343 1752 5388 est
1775 5374 1790 5400 ,
1829 5332 2126 5403 syzygiam,

611 5526 636 5556 ι
695 5513 787 5569 Sic
835 5515 971 5569 bene
1024 5529 1092 5569 ex
1132 5512 1425 5586 (Aristide,
1477 5511 1564 5568 cui
1600 5509 1851 5586 disputo;
1903 5518 1987 5586 est
2043 5508 2124 5586 ινιτ

539 5585 781 5642 membris
826 5602 844 5640 :
891 5585 1258 5656 apographurn
1298 5592 1550 5656 nostrum
1599 5578 1759 5656 habet
1802 5580 2026 5651 Lydios,
2060 5578 2126 5634 ad

540 5657 685 5726 quod
727 5653 939 5726 uomcnf
968 5653 1130 5710 etiam
1169 5654 1356 5710 alludit
1388 5653 1794 5726 interpretatio;
1833 5665 1958 5706 mox
1995 5665 2127 5726 vero

543 5720 696 5798 intra
718 5728 820 5780 alia
863 5725 1118 5798 aliertur,
1167 5739 1360 5798 nempe
1419 5720 1600 5798 Maio:
1628 5739 1658 5776 a
1682 5724 1788 5778 λύω
1822 5739 1834 5774 :
1865 5720 2007 5789 quod
2059 5734 2126 5798 εξ

544 5795 809 5854 Martiano
873 5794 1013 5854 inira
1071 5791 1432 5866 posteriorum
1502 5791 1804 5851 Crtvcorum
1864 5800 1982 5859 est,
2037 5791 2130 5858 qui

2235 3326 2532 3396 pyrrhichio
2560 3324 2776 3397 (iambo)
2805 3335 2852 3379 et
2879 3325 3143 3390 trochteo;
3171 3323 3265 3378 alii
3291 3340 3406 3378 vero
3432 3333 3691 3393 quatuor,
3719 3321 3826 3377 sci-

2238 3417 2362 3472 licet
2385 3417 2731 3488 probacchio,
2756 3417 2835 3488 (ut
2857 3416 2939 3470 his
2959 3416 3124 3470 tribus
3150 3414 3365 3485 pedibus
3392 3413 3601 3466 iambus
3624 3413 3833 3484 primus

2239 3507 2484 3578 aptetur).
2525 3507 2789 3563 Bacchius
2833 3505 2975 3560 inter
3004 3504 3252 3576 syzygias
3289 3511 3655 3570 computatur,
3689 3500 3835 3569 quod

2240 3597 2294 3652 in
2330 3597 2460 3653 tluos
2488 3598 2652 3668 pedes
2677 3596 2931 3660 solvitur;
2958 3595 3132 3666 prima
3165 3593 3307 3649 enim
3339 3591 3542 3664 syllaba
3572 3591 3721 3646 illius
3758 3589 3835 3643 lo-

2239 3703 2361 3744 cum
2392 3687 2695 3759 Pyrrhicbii
2725 3687 2971 3751 ‘obtinet,
3012 3694 3265 3740 cwterum
3312 3684 3581 3738 trochaeus
3609 3690 3719 3746 est,
3748 3681 3835 3736 io-

2237 3778 2391 3833 nicus
2435 3785 2613 3833 autem
2660 3793 2691 3832 a
2743 3775 2947 3845 majore
2991 3791 3056 3830 ex
3104 3775 3356 3846 spondam
3391 3771 3834 3844 Pyrrhichioque

2237 3874 2470 3924 constat.
2499 3865 2628 3938 (Alii
2653 3882 2772 3921 vero
2799 3881 2864 3920 ex
2891 3864 3096 3920 duabus
3123 3863 3370 3933 syzygiis.
3397 3862 3453 3916 id
3488 3871 3566 3915 est
3603 3862 3832 3928 capulis,

2239 3958 2450 4012 bacchio
2495 3956 2564 4031 et)
2609 3957 2781 4011 ionico
2809 3956 3164 4026 apomizonos,
3199 3954 3251 4008 id
3294 3960 3378 4008 est
3423 3951 3653 4022 majore,
3684 3953 3834 4018 (con-

2238 4062 2380 4108 stare
2409 4051 2828 4123 consueverunt).
2861 4050 2999 4106 Sunt
3027 4065 3174 4114 sane,
3198 4046 3405 4104 scilicet
3434 4047 3620 4116 pedes,
3653 4045 3744 4112 qui
3784 4053 3832 4096 et

2236 4141 2623 4198 irrationabiles
2674 4157 2783 4196 esse
2823 4141 3092 4205 dicuntur,
3145 4153 3210 4195 ex
3255 4136 3521 4192 similibus
3586 4135 3828 4205 pedibus

2237 4232 2578 4304 copulantur,
2613 4231 2668 4287 in
2701 4231 2896 4302 quibus
2921 4228 3066 4284 nulla
3094 4226 3360 4299 profunda
3399 4225 3538 4280 ratio
3565 4223 3833 4293 quaeritur

2239 4326 2390 4398 (quos
2428 4325 2606 4396 alogos
2645 4325 2949 4388 vocitamus,
2991 4337 3118 4393 quos
3149 4321 3308 4375 etiam
3332 4317 3536 4372 chorios
3564 4315 3833 4385 appellare

2240 4415 2622 4488 consuevimus)
2645 4433 2657 4469 :
2678 4415 2897 4470 chorius
2917 4413 3115 4468 dicitur
3131 4409 3433 4466 tribrachus
3455 4416 3510 4462 et
3534 4405 3828 4461 trochaeus.

2239 4508 2378 4566 Sunt
2405 4518 2599 4573 autem,
2627 4507 2834 4563 scilicet
2857 4504 2930 4559 illi
2959 4503 3112 4570 tales,
3141 4500 3278 4572 alogi
3310 4499 3576 4564 videlicet,
3609 4512 3830 4550 numero

2237 4603 2340 4656 duo
2366 4617 2384 4656 :
2410 4590 2632 4671 quorum
2662 4598 2794 4653 alter
2816 4577 3264 4665 diambiﬁguram
3292 4590 3518 4661 respicit,
3543 4597 3592 4642 et
3623 4594 3830 4641 constat

2236 4711 2302 4750 ex
2327 4692 2550 4747 elatione
2575 4688 2714 4761 (qua:
2759 4686 2915 4758 longa
2953 4695 3049 4752 est,
3080 4694 3127 4740 et
3175 4683 3381 4737 duabus
3424 4677 3828 4748 positionibus);

2239 4787 2395 4858 prior
2420 4785 2566 4841 enim
2606 4779 2816 4838 iambus
2847 4794 2945 4851 pro
2975 4793 3079 4834 una
3115 4776 3317 4850 syllaba
3362 4774 3646 4844 accipitur,
3687 4769 3831 4824 sicut

2239 4881 2290 4936 in
2316 4880 2551 4935 trochch
2575 4877 2746 4947 prima
2775 4874 2980 4946 syllaba
3008 4871 3154 4927 arsin
3185 4878 3348 4925 tenet.
3381 4865 3668 4923 Secundus
3695 4876 3828 4916 vero

2243 4972 2458 5028 iambus
2486 4965 2742 5026 dividitur
2776 4967 2829 5021 in
2853 4979 3014 5020 unam
3045 4963 3287 5026 brevem,
3327 4966 3381 5014 et
3418 4970 3577 5010 unam
3610 4953 3828 5021 longam

2235 5063 2290 5118 in
2340 5062 2545 5117 ratione
2584 5057 2764 5128 dupla.
2805 5055 2862 5111 Si
2900 5054 3022 5124 quis
3049 5049 3244 5121 quierit
3283 5062 3378 5103 cur
3419 5045 3485 5100 de
3525 5058 3631 5119 una
3673 5037 3828 5094 brevi

2236 5161 2291 5208 et
2319 5167 2421 5205 una
2450 5151 2604 5220 longa
2633 5163 2794 5202 unam
2828 5144 3116 5199 elationem
3148 5139 3361 5210 longam
3405 5134 3552 5196 fecit,
3586 5144 3817 5198 respono

2237 5241 2468 5297 dentium
2498 5249 2600 5303 est,
2627 5235 2767 5308 quod
2799 5235 2900 5290 istc
2934 5248 3030 5302 pes
3073 5225 3458 5284 irrationabilis
3485 5231 3571 5277 est
3605 5239 3620 5274 :
3652 5229 3700 5273 et
3731 5235 3828 5271 nn-

2238 5331 2378 5386 mero
2407 5327 2636 5401 quidem,
2661 5325 2868 5382 scilicet
2894 5319 3196 5386 divisionis,
3232 5326 3307 5373 est
3341 5316 3411 5370 ad
3442 5310 3711 5382 dactylum
3751 5309 3827 5361 si-

2231 5504 2470 5576 tam
2497 5502 2681 5576 etiam-
2711 5497 2913 5576 λσσινμ,
2931 5495 2994 5566 (t-
3025 5492 3217 5576 λιξςτιοξ)
3250 5491 3518 5576 deus“
3543 5555 3582 5576 η

2307 5555 2603 5630 Ε’Ᾰὲίειίιιί
2657 5555 2994 5650 ᾃοχμιαίινάζ.
3013 5566 3134 5650 aliis
3173 5555 3512 5650 δόχμαπῖκιξνζ.

2233 5645 2284 5700 in
2325 5627 2441 5701 suo
2466 5627 2770 5715 exemplari
2794 5639 2924 5708 legit
2952 5627 3429 5712 balanatumqnod
3463 5636 3519 5683 et
3553 5627 3825 5694 interpre-

2235 5724 2400 5772 tatur.
