4038 6424
232 371 333 428 961

1668 364 1753 419 DE
1785 364 2059 422 MUSICA.

3402 367 3507 425 962

224 482 397 547 milis,
424 478 648 545 scilicet,
672 478 763 549 qui
788 478 951 533 habet
983 494 1143 533 unam
1178 478 1390 548 longam
1419 478 1472 533 in
1505 479 1612 534 arsi
1639 489 1693 533 et
1719 481 1822 534 duo
1852 489 1896 545 Α
1927 480 2010 548 pla
2042 488 2095 533 et
2124 478 2289 534 nobili
2320 479 2565 550 (quadam
2595 478 2871 552 suavitate)
2899 490 3239 549 percurreret,
3271 480 3506 538 breviter

233 574 290 627 i'n
322 570 455 625 thesi
487 577 543 623 et
585 569 640 623 in
679 569 928 639 syllabis;
964 570 1199 639 partibus
1228 586 1369 633 vero,
1395 569 1445 623 id
1469 580 1551 624 est
1578 570 1817 640 syllabis,

230 661 305 713 ad
334 674 606 713 numerum
635 658 887 722 ionicum,
913 658 979 713 de
1008 658 1189 713 Ionico
1218 660 1426 714 minore
1456 661 1673 727 dicitur,
1693 661 1822 730 jun-

231 749 395 818 gitur,
425 747 634 802 scilicet
662 747 717 801 in
746 747 983 816 duplam,
1016 757 1066 802 et
1092 748 1452 814 iambicinum,
1477 751 1527 805 id
1549 761 1653 815 est,
1685 752 1821 806 iam-

230 840 417 895 bicum
459 840 513 893 in
556 839 948 910 dupla.'(Alius
992 854 1111 892 vero
1147 850 1219 893 est
1269 857 1535 906 numerus,
1576 843 1665 911 qui
1714 852 1820 895 tro-

232 923 445 986 ch'oides
479 936 801 998 nominatur,
833 933 890 985 id
912 941 1009 997 est,
1035 935 1123 1002 qui
1152 934 1376 1003 ﬁguram
1398 935 1679 1006 quamdam
1706 953 1814 1006 spe-

230 1022 466 1097 ciemque
487 1022 702 1076 trochaei
723 1023 912 1077 habere
933 1025 1151 1089 videtur,
1167 1041 1231 1078 ea:
1245 1024 1556 1081 elationibus
1577 1030 1817 1098 geminis,

228 1122 279 1165 et
307 1114 465 1182 longa
503 1113 758 1181 positione
799 1115 1104 1185 consistens)
1139 1133 1232 1185 per
1274 1119 1599 1171 contrarium
1626 1120 1817 1188 prioris

226 1203 467 1271 ενγινε-ιω,
505 1202 554 1256 id
586 1212 690 1267 est,
724 1204 906 1273 pedis;
941 1221 1037 1274 per
1067 1208 1401 1261 contrarium
1431 1208 1648 1277 dicitur,
1676 1211 1818 1281 quod

230 1292 323 1346 ille
347 1293 401 1346 in
427 1294 605 1363 capite
632 1294 720 1349 hic
740 1294 901 1350 linem
925 1296 1107 1350 habet.

304 1382 436 1438 Sunt
462 1396 635 1439 autem
662 1386 814 1439 mixti
838 1387 1039 1455 generis
1067 1387 1314 1458 quinque,
1349 1387 1555 1446 scilicet
1581 1393 1815 1459 muneri,

226 1474 286 1526 id
312 1482 387 1527 est
416 1474 656 1543 dactylus
682 1491 775 1545 per
818 1477 1070 1544 iambum,
1100 1478 1152 1532 id
1183 1488 1285 1545 est,
1314 1495 1436 1536 cum
1469 1482 1686 1551 iambo;
1716 1485 1816 1539 da-

228 1564 398 1633 ctylus
420 1566 474 1618 in
495 1565 729 1633 bacchio,
750 1567 801 1621 id
818 1576 920 1633 est,
936 1583 1002 1622 ex
1026 1570 1250 1625 bacchio
1272 1572 1525 1639 incidens,
1542 1574 1813 1644 desinens,

224 1659 297 1722 is,
339 1656 548 1712 scilicet
589 1674 872 1725 numerus,
910 1661 1002 1731 qui
1044 1664 1216 1716 veniat
1259 1680 1324 1717 ex
1371 1666 1621 1732 troclueo,
1661 1668 1751 1737 qui
1784 1684 1815 1723 a

227 1747 386 1818 longa
434 1748 640 1817 incipit,
693 1750 795 1805 hoc
844 1760 928 1806 est
978 1754 1383 1821 antibacchius;
1434 1756 1673 1827 dactylus
1724 1776 1817 1829 per

1920 578 2233 637 exponeret,
2247 570 2337 638 (ad
2351 581 2533 624 cantus
2549 571 2938 641 carminumque
2950 570 3246 624 dulcedines
3266 570 3507 627 decenter

1919 677 2151 730 regressa
2199 662 2500 730 conticuit,)
2542 661 2829 717 continuit.
2860 661 2914 716 Si
2947 661 3142 714 lectum
3186 660 3348 715 fuerit
3380 678 3507 716 con-

1919 752 2098 817 tinuit,
2126 753 2266 807 sicut
2300 753 2390 808 hic
2421 754 2601 819 habet,
2633 754 2687 809 id
2715 762 2816 817 est,
2846 767 3197 823 perseverare
3228 754 3415 817 voluit,
3445 763 3505 808 ut

1918 842 2060 911 quod
2107 843 2293 897 docuit
2339 857 2434 914 per
2484 845 2698 915 regulas
2748 845 2902 911 artis,
2942 847 3198 914 probaret
3242 845 3507 914 exemplis

1918 934 2195 990 carminis.
2250 936 2305 990 Si
2361 951 2489 990 vero
2546 937 2793 991 con.‘icuit
2848 936 3179 1007 legerimus,
3235 936 3507 1005 signiﬁcat

1918 1028 2104 1091 tacuit,
2145 1035 2201 1081 et
2245 1028 2673 1083 subaudiendum
2702 1035 2803 1092 est,
2845 1042 2876 1081 a
2918 1027 3207 1096 perceptis.
3238 1026 3507 1095 (Tuncque

1916 1118 2046 1173 Jove
2085 1130 2419 1190 assurgente,
2450 1119 2706 1190 divisque)
2748 1118 3106 1187 prteambulis,
3138 1117 3190 1171 Id
3235 1125 3335 1180 cst,
3367 1131 3512 1185 prte-

1919 1208 2319 1264 ambulantibus
2373 1210 2521 1264 illum
2575 1208 2797 1276 Jovem,
2849 1211 3075 1280 symesin
3138 1214 3192 1273 δ,
3249 1215 3504 1261 accentus

1912 1301 2139 1355 Grazcus
2167 1307 2268 1363 εει,
2294 1300 2349 1354 id
2388 1308 2490 1365 est,
2517 1300 2756 1370 speciem
2782 1299 3061 1363 carminis,
3090 1296 3413 1366 permixtam
3444 1303 3501 1349 et

1919 1392 2147 1455 variam,
2172 1389 2464 1454 modulata,
2496 1391 2705 1445 scilicet
2732 1391 2846 1459 ipsa
2882 1389 3189 1451 harmonia,
3222 1387 3298 1458 (in
3326 1385 3504 1440 thala-

1918 1496 2058 1533 mum
2078 1496 2279 1551 quoque
2306 1481 2517 1551 virginis
2542 1498 2731 1551 magna
2753 1478 3081 1550 cunctorum)
3109 1479 3385 1545 voluptate,
3413 1478 3506 1534 de-

1918 1570 2229 1637 lectatione,
2263 1571 2470 1642 (perveu
2494 1572 2582 1643 t.).

1991 1675 2013 1703 ε
2058 1663 2232 1719 Habes
2280 1664 2494 1719 senilem
2542 1664 2808 1719 Martiane
2834 1704 2850 1732 ,
2902 1664 3110 1720 scilicet
3135 1680 3169 1719 0
3196 1664 3269 1719 lili
3296 1704 3312 1729 ,
3351 1664 3505 1734 fabu-

1917 1753 2022 1806 lam
2041 1794 2054 1815 ,
2083 1754 2288 1809 scilicet
2317 1754 2552 1820 finitam;
2584 1754 2870 1809 iambicum
2893 1754 3165 1809 senarium
3188 1754 3495 1807 trimetron.

227 1839 524 1905 bacchium,
551 1842 602 1895 id
628 1849 734 1907 est,
762 1842 1162 1899 antibacchium
1207 1846 1319 1919 (qui
1354 1863 1419 1902 ea:
1442 1849 1613 1903 iambo
1637 1867 1815 1904 mana-
1846 1868 1889 1926 Β
1920 1842 2173 1913 Epilogus
2207 1853 2291 1898 est
2320 1843 2570 1897 Martiani
2618 1844 2791 1914 patris
2844 1845 2912 1898 ad
2952 1843 3277 1898 Martianum
3328 1843 3497 1896 ﬁlium

226 1928 409 1997 verit);
434 1928 674 1998 dactylus
703 1947 797 1999 per
823 1932 1081 1999 chorium,
1113 1935 1165 1988 id
1186 1944 1289 1999 est,
1324 1950 1420 2005 per
1441 1938 1815 2008 tribrachium,

228 2018 288 2075 in
305 2020 421 2100 ’quo
447 2035 671 2075 numero
702 2023 924 2077 chorius
958 2025 1228 2093 ‘priecedit
1270 2026 1561 2097 dactylum,
1592 2029 1820 2100 ideoque

226 2110 429 2179 (qur-ted:
464 2111 621 2165 iambi
665 2112 1011 2169 similitudine
1037 2116 1334 2186 exordium)
1372 2116 1536 2172 iambi
1567 2120 1820 2176 similitu-

226 2202 409 2255 dinem
442 2211 673 2269 mutual,
705 2196 827 2259 cum
870 2208 1083 2261 iambus
1109 2214 1164 2261 et
1203 2208 1422 2263 cborius
1462 2210 1649 2266 eadem
1687 2228 1817 2283 pro-

225 2293 473 2361 portione
517 2294 848 2362 dividuntur,
896 2307 1179 2363 mutuetur,
1220 2300 1454 2371 accipiat
1494 2321 1508 2356 :
1558 2305 1818 2376 (dactylus

222 2399 319 2451 per
360 2384 638 2451 cliorium,
678 2387 769 2457 qui
811 2404 875 2442 ea:
915 2389 1258 2444 similitudine
1300 2395 1516 2447 troclttci
1560 2396 1815 2467 videatur)

236 2489 527 2541 expressus,
559 2474 840 2531 formatus.
867 2476 1120 2543 Creticus,
1148 2482 1564 2551 amphimacrus,
1589 2488 1816 2556 (quidem

224 2578 518 2617 consonans
566 2581 631 2617 ex
676 2567 912 2637 troclttei)
949 2569 1223 2637 positione,
1269 2570 1476 2626 scilicet
1506 2587 1627 2637 sua,
1656 2574 1708 2628 id
1736 2584 1819 2629 est

226 2652 638 2718 constitutione,
668 2663 716 2708 et
742 2655 958 2719 indicio,
991 2657 1043 2710 id
1069 2666 1152 2711 est
1180 2658 1334 2729 signo
1360 2658 1588 2729 (numeri
1611 2679 1818 2733 compo-

226 2742 403 2806 nendi,
427 2753 474 2795 et
501 2745 733 2798 omnium
765 2745 1079 2818 ﬁgurarum)
1123 2748 1275 2817 plena
1309 2752 1591 2820 perceptio,
1628 2754 1817 2821 plenus

225 2832 548 2887 intellectus.
594 2833 859 2889 Dividitur
889 2837 1022 2907 (Itwc
1054 2839 1108 2892 in
1145 2854 1254 2905 eas,
1291 2856 1421 2910 quas
1460 2850 1506 2893 et
1540 2840 1816 2913 Melopwia

224 2935 418 2990 partes,
462 2941 579 2994 qua:
628 2937 750 2980 sunt
789 2916 905 2981 istte
948 2941 969 2979 :
1014 2928 1196 3001 λήψις)
1249 2931 1503 3001 epilepsis
1545 2934 1814 3006 εττϋωψις,

223 3014 279 3064 id
309 3023 406 3078 est,
430 3017 721 3083 perceptio;
752 3032 849 3072 nos
879 3026 1055 3073 tamen
1087 3020 1318 3074 dicimus
1348 3021 1602 3092 epilepsis
1629 3023 1817 3079 Graece

227 3107 660 3174 suspensionem;
702 3110 1051 3180 suspenditur
1072 3111 1217 3165 enim
1257 3111 1437 3177 homo,
1468 3113 1520 3168 id
1554 3122 1657 3178 est,
1686 3114 1817 3170 alie-

1917 1949 2097 1990 suum.
2150 1934 2420 1997 Senilem,
2479 1935 2753 2003 antiquam
2780 1975 2795 2000 ,
2841 1934 3038 1990 anilem
3073 1974 3089 2001 ,
3142 1934 3501 1999 delirantem,

1919 2040 2056 2081 anus
2122 2026 2266 2081 enim
2316 2026 2499 2081 delira:
2548 2036 2676 2081 sunt
2720 2043 2829 2097 pne
2878 2034 3173 2082 senectute.
3232 2024 3498 2090 Miscillo,

1920 2118 2110 2183 vario,
2155 2109 2324 2172 mixto
2374 2118 2571 2187 famine
2598 2159 2612 2183 ,
2669 2120 2849 2181 labilis
2898 2119 3139 2174 carmine
3166 2158 3182 2182 ,
3227 2119 3450 2173 historia
3478 2156 3496 2184 ,

1920 2206 2208 2262 miscillum
2241 2206 2419 2262 tamen
2447 2248 2462 2273 ,
2515 2209 2682 2262 mixta
2712 2208 2891 2263 fabula
2928 2222 2994 2263 ex
3050 2222 3180 2263 vero
3225 2216 3279 2263 et
3326 2206 3498 2272 falso,

1918 2314 2075 2367 quam
2101 2337 2115 2362 ,
2148 2298 2353 2353 scilicet
2379 2296 2615 2352 fabulam
2643 2338 2659 2363 ,
2693 2298 2818 2352 lucit
2846 2308 3029 2368 satyra
3058 2300 3093 2363 ,‘
3129 2298 3181 2353 id
3236 2308 3321 2354 est
3348 2337 3362 2361 ,
3414 2297 3500 2351 lu-

1918 2390 2097 2444 dendo
2128 2390 2433 2459 composuit
2459 2432 2473 2454 ,
2500 2388 2729 2443 lucernis
2762 2430 2777 2453 ,
2818 2389 2902 2444 vel
2933 2406 3055 2445 cum
3076 2388 3314 2443 lucernis
3337 2398 3392 2442 ct
3431 2387 3501 2441 ad

1918 2478 2206 2541 lucernas,
2263 2479 2406 2547 quod
2465 2488 2622 2532 nocte
2676 2479 3076 2533 lucubraverat.
3119 2476 3371 2548 Pelasgos
3401 2517 3417 2543 ,
3448 2478 3503 2533 id

1915 2580 2001 2623 est
2038 2568 2259 2625 Grtccos
2290 2610 2304 2633 ,
2365 2569 2532 2639 (dum
2591 2570 2817 2640 docere)
2862 2571 3048 2623 nititur
3075 2610 3089 2633 ,
3138 2570 3348 2624 scilicet
3385 2570 3498 2638 ipsa

1917 2667 2103 2728 satyra
2129 2698 2144 2723 ,
2177 2657 2231 2711 id
2259 2668 2344 2712 est
2370 2697 2385 2718 ,
2441 2666 2670 2711 conatur
2696 2698 2711 2722 ,
2751 2669 2890 2711 artes
2914 2696 2929 2722 ,
2973 2658 3183 2713 scilicet
3202 2666 3407 2726 septem
3442 2656 3500 2711 li-

1916 2746 2127 2802 berales
2156 2787 2172 2812 ,
2220 2748 2490 2816 creagris,
2542 2747 2626 2801 vel
2678 2747 2984 2817 agrestibus
3036 2746 3120 2800 vel
3176 2746 3493 2818 ingeniosis.

1916 2837 2153 2909 Creager
2177 2837 2383 2893 duobus
2412 2838 2588 2892 modis
2623 2837 2978 2908 intelligitur;
3009 2845 3102 2891 aut
3128 2837 3275 2904 enim
3308 2836 3376 2891 ab
3408 2848 3497 2901 eo,

1920 2930 2063 2999 quod
2118 2938 2202 2984 est
2228 2944 2384 2985 creos
2415 2970 2429 2994 ,
2461 2930 2596 3005 κριὸς
2624 2970 2637 2994 ,
2663 2938 2717 2984 ει
2740 2930 2896 3005 ἀγρὸς·
2928 2969 2942 2992 ,
2977 2929 3028 2984 id
3063 2937 3148 2984 est
3176 2968 3193 2995 ,
3214 2928 3370 2983 "aries
3400 2943 3492 2981 ru-

1908 3021 2085 3076 sticus
2111 3038 2127 3086 ;
2178 3030 2270 3074 aut
2314 3023 2383 3075 ab
2437 3035 2502 3076 eo
2534 3061 2549 3087 ,
2604 3022 2747 3090 quod
2776 3029 2859 3077 est
2887 3035 3113 3090 creagra
3142 3021 3366 3099 κρὲαγρα
3397 3058 3411 3082 ,
3443 3017 3499 3075 id

1916 3119 2000 3164 est
2024 3107 2290 3165 fuscinula
2323 3108 2405 3163 vel
2438 3109 2720 3181 harpago;
2748 3112 2978 3180 creagris
3006 3110 3179 3163 atticis
3206 3150 3221 3174 ,
3254 3109 3497 3174 rusticis,

228 3207 390 3252 natur
433 3199 482 3253 vi
528 3200 819 3268 passionis,
867 3216 989 3272 qua:
1036 3203 1226 3257 cadiva
1273 3211 1521 3269 vocatur,
1566 3204 1817 3274 epilepsis
1844 3213 1887 3274 ς
1919 3209 2012 3252 aut
2058 3200 2276 3265 acutis,
2332 3209 2390 3253 ut
2432 3200 2554 3255 talis
2600 3215 2792 3256 sensus
2834 3201 2951 3256 sit:
2995 3202 3124 3255 dmn
3165 3201 3357 3256 nititur
3390 3238 3405 3265 ,
3442 3199 3499 3255 id

222 3290 425 3359 quippe
473 3298 699 3345 vocatur
752 3291 839 3346 illa
867 3293 1070 3364 passio,
1109 3292 1221 3365 (per
1256 3310 1415 3365 quam
1446 3288 1660 3361 scimus,
1689 3295 1811 3367 quo)

219 3388 501 3449 quantum,
548 3380 600 3434 id
642 3390 745 3447 est,
776 3384 1034 3452 quamdiu
1078 3384 1317 3455 (numero
1363 3386 1612 3439 utendum
1654 3388 1721 3439 sit
1769 3397 1811 3451 :l

219 3479 440 3542 Χρῆσις,
471 3471 525 3523 id
570 3480 667 3535 est,
714 3488 863 3538 usus,
898 3473 1020 3528 inde
1043 3473 1393 3539 catachresis,
1422 3475 1477 3529 id
1512 3484 1595 3530 est
1624 3477 1813 3531 abusio

222 3563 343 3632 (per
364 3578 513 3629 quem
534 3556 841 3631 positiones,
867 3574 958 3618 aut
983 3565 1232 3620 elationes
1253 3566 1490 3620 decenter
1508 3566 1769 3637 aptamus)
1793 3581 1811 3619 .'

220 3653 384 3725 μιξις,
412 3652 466 3705 id
497 3662 572 3707 est
608 3655 813 3719 mixtio,
843 3654 955 3725 (per
975 3672 1131 3726 quam
1157 3661 1295 3725 quod
1325 3664 1671 3725 opportunum
1699 3656 1813 3725 fue-

221 3743 319 3812 rit)
346 3759 411 3795 εει;
438 3755 548 3797 arte
576 3746 872 3809 miscemus,
904 3745 1111 3800 scilicet
1140 3746 1325 3816 pedes.
1367 3745 1552 3814 (Tropi
1594 3762 1732 3813 vero,
1756 3756 1812 3800 ut

222 3834 282 3885 in
313 3831 581 3901 melopa'ia
611 3844 657 3887 et
698 3835 751 3888 iu
803 3834 1195 3904 rhytlmtopteia,
1224 3845 1327 3889 tres
1364 3844 1507 3901 sunt,
1537 3836 1689 3906 quos)
1728 3853 1815 3907 sy-

222 3923 489 3985 stalticos,
519 3926 569 3979 id
604 3935 707 3990 est,
737 3934 960 3989 stantes,
995 3927 1138 3997 quod
1178 3927 1522 3982 uniformiter
1555 3943 1813 3998 unaqum-

221 4029 337 4087 que
366 4030 576 4084 semper
607 4024 712 4069 stat
742 4016 1005 4085 (dicimus,
1028 4028 1073 4071 et
1100 4016 1175 4090 in)
1203 4018 1538 4080 harmonicis,
1566 4020 1810 4085 musicis,

223 4121 338 4168 eos,
382 4104 585 4158 Scilicet
632 4113 813 4173 tropos
850 4105 1109 4175 (superius
1138 4106 1460 4175 memoravi).
1495 4105 1812 4176 Numerum,

224 4192 285 4247 id
311 4202 414 4257 est,
439 4192 767 4264 rhythmum,
788 4192 981 4264 (autem
1004 4212 1201 4250 marem
1225 4213 1353 4263 esse,
1380 4196 1542 4252 melos
1562 4197 1813 4266 feminam

233 4289 579 4360 noverimus),
621 4288 788 4343 melos
828 4288 1016 4343 Graece
1044 4290 1297 4342 cantatio.
1329 4288 1583 4360 (Etenim)
1630 4292 1811 4356 melos,

228 4378 283 4432 id
315 4388 399 4432 est
428 4395 551 4441 vox,
592 4394 687 4448 per
727 4394 785 4434 se
816 4378 1015 4432 nullam
1046 4377 1274 4432 formam
1307 4378 1485 4443 habet,
1515 4381 1686 4436 donec
1723 4396 1813 4435 ae-

225 4472 389 4525 cedat
442 4486 719 4535 numerus,
768 4469 920 4539 cujus
973 4470 1214 4539 operatio
1269 4485 1366 4539 per
1412 4471 1700 4526 elationem
1759 4482 1815 4528 et

1916 3301 2000 3345 est
2031 3332 2044 3357 ,
2071 3292 2200 3346 dum
2236 3302 2464 3347 conatur
2490 3302 2672 3365 satyra
2704 3296 2900 3349 docere
2925 3292 3149 3349 Grzecos
3170 3294 3223 3347 in
3251 3293 3489 3357 artibus,

1910 3396 2037 3450 quas
2064 3382 2153 3434 vix
2195 3396 2226 3435 a
2277 3382 2495 3437 rusticis
2535 3383 2718 3438 atticis
2754 3382 3167 3452 reciperentur;
3225 3382 3317 3461 vel
3347 3391 3499 3462 certe

1915 3486 2035 3540 qua:
2063 3472 2149 3525 vix
2199 3471 2268 3527 ab
2294 3473 2469 3527 acutis
2492 3473 2676 3527 atticis
2726 3472 3095 3542 approbantur
3121 3511 3137 3538 ,
3167 3460 3407 3534 amicas,
3442 3473 3497 3527 id

1915 3572 1998 3616 est
2040 3560 2359 3617 familiares.
2410 3561 2499 3617 Sic
2552 3563 2606 3617 in
2658 3580 2855 3618 novena
2895 3563 3159 3618 volumina
3186 3602 3203 3630 ,
3241 3564 3294 3618 id
3324 3570 3409 3617 est
3439 3563 3494 3618 in

1918 3666 2111 3705 novem
2164 3652 2331 3706 libros
2366 3691 2383 3717 ,
2440 3652 2632 3706 decidit
2665 3692 2680 3716 ,
2723 3654 2776 3708 id
2821 3664 2901 3709 est
2927 3694 2941 3718 ,
2973 3653 3123 3708 ﬁnita
3145 3663 3259 3719 est;
3289 3661 3496 3723 septem

1916 3741 2063 3796 enim
2087 3751 2214 3796 sunt
2237 3743 2304 3797 de
2334 3742 2649 3798 liberalibus
2679 3744 2980 3813 disciplinis
3005 3783 3021 3810 ,
3073 3753 3129 3799 et
3152 3744 3259 3799 duo
3299 3744 3367 3798 de
3399 3759 3498 3797 nu-

1914 3832 2041 3903 ptiis
2066 3831 2376 3903 Philologia:
2391 3844 2444 3888 et
2459 3833 2710 3889 Mercurii
2735 3834 2978 3890 fabulose
2994 3834 3199 3906 scripta
3224 3874 3239 3901 ,
3269 3835 3499 3902 ideoque

1917 3922 2197 3978 Miscillum
2246 3923 2424 3980 famen
2475 3927 2717 3989 dicitur,
2774 3927 2975 3996 partim
3018 3924 3165 4000 quod
3203 3927 3492 3982 veritatem

1916 4017 2114 4071 artium
2141 4017 2393 4087 exponit,
2419 4020 2617 4087 partim
2643 4017 2859 4073 fabulas
2884 4019 3057 4091 lingit.
3086 4017 3215 4074 Hac
3238 4018 3494 4090 (quippe),

1916 4106 2123 4162 scilicet
2147 4116 2328 4178 satyra
2362 4109 2444 4163 vel
2495 4108 2673 4164 fabula
2698 4151 2713 4173 ,
2739 4109 2935 4180 loquax
2959 4150 2975 4175 ,
3000 4110 3230 4165 verbosa
3258 4149 3273 4176 ,
3304 4110 3459 4163 docta
3480 4146 3497 4173 ,

1916 4212 2043 4252 vera
2095 4208 2321 4268 propter
2385 4207 2533 4254 artes
2566 4238 2583 4263 ,
2634 4200 2901 4263 indoctis,
2967 4197 3229 4252 fabulosis
3274 4204 3497 4267 propter

1916 4288 2165 4353 fabulas,
2212 4291 2371 4346 docta
2428 4291 2698 4356 indoctis,
2762 4303 2910 4345 artes
2954 4298 3011 4345 et
3052 4289 3306 4353 fabulas,
3368 4301 3497 4341 vera

1915 4380 2156 4435 simul‘et
2181 4380 2313 4434 falsa
2336 4420 2351 4445 ,
2385 4396 2639 4450 aggeratis
2661 4420 2675 4442 ,
2728 4379 3009 4434 cumulatis
3040 4378 3121 4433 vel
3142 4378 3455 4433 coadunans
3475 4416 3491 4439 ,

1916 4468 2131 4536 fandis,
2185 4469 2601 4538 pronuntiandis
2658 4469 2801 4524 veris
2845 4468 3054 4545 artibus
3100 4468 3261 4523 falsas
3281 4466 3494 4523 fabulas

227 4563 618 4633 depositionem
651 4572 871 4633 praestat
901 4562 973 4617 illi
1008 4562 1256 4626 formam,
1288 4571 1343 4616 et
1368 4563 1545 4618 varios
1569 4562 1810 4627 ell'ectus,
1844 4555 1891 4615 ἰ)
1921 4560 2207 4630 (tacenda)
2266 4560 2494 4628 {arcinat
2520 4600 2536 4626 ,
2591 4559 2817 4630 implet,
2880 4560 3164 4613 immiscuit
3197 4599 3212 4624 ,
3264 4560 3493 4614 mixtum

228 4655 497 4725 (materies
522 4663 618 4718 est,
649 4669 771 4722 qua:
792 4654 921 4723 sine)
954 4652 1166 4722 propria
1204 4650 1376 4721 ﬁgura
1415 4662 1673 4718 censetur,
1704 4655 1809 4709 sci-

229 4744 359 4798 licet
389 4744 507 4798 sine
537 4743 800 4814 dactylico
828 4750 882 4797 et
913 4741 1123 4797 caeteris
1151 4741 1439 4812 generibus
1477 4742 1816 4811 computabi-

234 4844 346 4888 tur.
371 4833 660 4904 Rliytlimus
684 4844 879 4899 autem,
916 4832 1118 4888 scilicet
1154 4846 1435 4886 numerum
1476 4841 1681 4887 certum
1717 4850 1814 4889 vo-

230 4912 346 4989 ca't,
374 4927 546 4996 (apere
587 4925 812 4997 quodam
861 4924 1026 4979 virilis
1071 4922 1239 4994 actus)
1268 4934 1374 4976 tant
1408 4923 1631 4993 formam
1677 4925 1813 4991 soni,

233 5019 446 5074 scilicet
473 5026 653 5073 utrum
695 5017 938 5073 elevctur
968 5024 1059 5071 aut
1085 5016 1403 5085 deponatur,
1432 5015 1607 5086 (quam
1640 5015 1813 5069 varios

229 5120 447 5181 pra’stat
479 5110 732 5179 e/fectus).

309 5199 468 5269 (Qua:
506 5217 624 5253 eum
658 5200 956 5269 harmonia)
980 5198 1188 5251 intentis
1219 5213 1245 5241 ι
1288 5196 1572 5270 diligenter
1597 5199 1816 5255 audien-

237 5291 385 5347 tibus
408 5292 623 5346 heroum
646 5289 872 5360 p0pulis,
898 5288 948 5343 id
979 5297 1061 5345 est
1087 5289 1394 5355 helnilhcis,
1424 5300 1669 5360 augusta,
1701 5305 1816 5345 am-

312 5504 343 5535 ε
380 5490 699 5546 Meibomius
720 5507 733 5543 :
757 5509 775 5540 ι
804 5488 1028 5543 intentis
1054 5495 1161 5541 tam
1186 5484 1320 5539 divis
1339 5499 1499 5552 quam
1524 5484 1769 5550 heroum,
1793 5504 1811 5538 ο

236 5573 350 5671 cui;
383 5632 525 5686 Idem
558 5630 719 5685 habet
745 5644 992 5698 cymesm,
1018 5628 1112 5681 sed
1128 5624 1424 5698 legendum
1457 5632 1609 5678 notat
1637 5639 1821 5698 ciente:-

242 5704 326 5758 sin
355 5718 446 5756 seu
473 5704 725 5769 κοίμησιν,
756 5692 909 5769 (illusi
940 5692 1344 5769 epithalamium
1377 5708 1471 5747 seu
1496 5702 1706 5769 _ca_ntus
1751 5692 1817 5769 ad

227 5763 719 5849 ’indortuieudum.‘
758 5763 1198 5852 Auctor'nostcr
1247 5768 1448 5853 obviam
1496 5763 1689 5849 legisse
1740 5765 1821 5817 vi-

1917 4650 2165 4706 enarravi
2192 4692 2208 4716 ,
2265 4652 2477 4719 (musas
2502 4690 2519 4715 ,
2571 4647 2836 4721 deosque)
2882 4647 3190 4718 disciplinas
3230 4648 3451 4719 cyclicus
3474 4688 3493 4713 ,

1919 4752 2192 4798 tortuosas
2220 4742 2304 4795 vel
2330 4740 2662 4807 circulares;
2689 4756 2812 4795 nam
2851 4740 3118 4796 circulare
3170 4756 3345 4812 neque
3396 4742 3498 4796 iui-

1919 4836 2052 4890 tium
2080 4876 2096 4900 ,
2127 4850 2300 4905 neque
2329 4834 2490 4888 linem
2522 4833 2683 4887 habet
2712 4850 2724 4886 :
2756 4832 2835 4889 sic
2879 4841 2931 4887 et
2953 4843 3100 4887 artes
3122 4841 3341 4913 propter
3363 4831 3501 4886 dilli-

1917 4926 2175 4982 cultatem
2200 4924 2416 4996 cyclicae
2453 4932 2711 4977 vocantur
2738 4963 2753 4987 ,
2776 4921 2921 4991 quod
2959 4922 3213 4992 perfeetm
3257 4930 3312 4977 et
3360 4935 3493 4977 con-

1922 5026 2202 5071 summata:
2231 5015 2320 5067 vix
2359 5028 2597 5082 unquam
2631 5012 2954 5081 capiuntur,
3009 5012 3187 5066 nullus
3229 5011 3373 5067 enim
3426 5009 3496 5063 ad

1921 5122 2106 5162 earum
2130 5104 2526 5175 perceptionem
2553 5101 2852 5172 perfectam
2890 5103 3130 5172 attingit,
3158 5115 3276 5170 qua:
3307 5098 3497 5153 Grmce

1919 5199 2216 5275 κατόρθωμα
2239 5194 2467 5258 dicitur;
2497 5193 2638 5247 unde
2665 5192 2856 5247 Cicero
2885 5194 2950 5247 de
2987 5192 3221 5262 quodam
3246 5191 3322 5243 ait
3347 5203 3361 5243 :
3393 5186 3498 5242 Per

1920 5289 2118 5344 artium
2138 5285 2476 5342 catorthoma
2529 5292 2808 5338 assecutus
2860 5283 3073 5347 fuerat,
3116 5282 3168 5336 id
3216 5289 3331 5344 est,
3373 5293 3497 5349 per-

1921 5486 2356 5625 delcl“sequentia
2381 5552 2629 5607 Martiani
2664 5548 2983 5605 Meihomins
3011 5544 3313 5668 rhythmice
3342 5543 3499 5600 exhi-

1921 5625 2006 5668 ιιρι
2030 5642 2043 5668 9
2078 5626 2217 5668 mimi
2243 5626 2329 5668 hic.
2365 5624 2434 5668 nh
2472 5622 2755 5668 adiunctas
2809 5618 3015 5668 alossas
3038 5632 3070 5668 ο
3095 5630 3330 5668 ὶδΘΙὟίὶΓθ
3355 5612 3498 5668 haud

1921 5625 2045 5690 bet;
2078 5612 2218 5695 qubd
2243 5626 2329 5695 hic
2365 5624 2434 5678 ob
2472 5622 2755 5695 adiunctas
2809 5618 3015 5687 glossas
3038 5612 3330 5695 observare
3355 5612 3498 5695 haud

1922 5682 2116 5765 licuit
2143 5694 2378 5750 maxime
2401 5682 2617 5749 cum'id
2646 5690 2700 5744 in
2734 5682 2837 5745 ms.
2870 5700 3086 5759 quoque
3110 5684 3255 5741 haud
3277 5682 3389 5739 tiat'.
