4038 6428
532 332 533 335 γ
556 354 661 424 ints

1431 364 1773 423 APPENDIX
1811 365 1903 419 ΑΙ)
1943 358 2167 419 OPERA
2215 359 2474 416 l'lEMlGll
2515 357 2894 415 ANTISSIOD.

3726 365 3850 424 εισι

560 446 779 537 lectam;
799 480 997 534 artium
1031 470 1455 550 perceptionem.
1498 471 1670 531 Aliter
1720 476 1938 548 cyclicte
1981 475 2147 530 disci-
2177 484 2219 538 Α
2249 472 2459 527 scilicet
2487 469 2782 525 cuni‘t'alce
2809 508 2824 535 ,
2858 474 2956 539 pro
2987 473 3229 539 teiupore
3257 470 3394 527 disit
3419 490 3439 539 ;
3467 476 3610 544 quod
3635 474 3850 533 Satur-

558 572 720 643 plime
771 571 1024 625 dicuntur
1055 610 1070 636 ,
1122 571 1265 640 quod
1307 571 1360 624 in
1398 569 1806 624 similitudinem
1836 568 2055 622 virtutis
2087 567 2141 621 in

560 662 880 729 semetipsos
905 661 1133 715 redeunt
1160 701 1175 724 ,
1207 660 1437 730 ideoque
1463 659 1643 714 omnis
1669 673 1758 714 ars
1777 666 1835 712 et
1861 657 2144 726 disciplina

522 732 533 745 ’
559 734 779 803 virtutis
813 749 1032 803 nomine
1057 747 1377 819 appellatur.
1417 746 1637 801 Garrire
1662 786 1677 811 ,
1708 747 1994 801 inhoneste
2017 761 2138 816 pro-

558 838 816 908 nuntiare
846 879 860 903 ,
900 838 1130 909 agresti,
1180 839 1385 893 rustico
1417 877 1431 903 ,
1487 836 1743 907 plasmate
1770 877 1785 904 ,
1844 837 2135 908 ﬁgmento,

558 926 758 998 1ﬁnxit,
818 927 1027 982 scilicet
1088 928 1202 997 ipsa
1253 938 1434 998 satyra
1470 966 1485 992 ,
1545 925 1597 982 id
1650 934 1770 991 est,
1828 926 2144 992 simulavit,

519 1014 523 1019 ’
560 1017 727 1071 cruda
750 1016 773 1084 ,'
794 1034 932 1072 nova
968 1019 1051 1072 vel
1077 1017 1288 1072 indocta
1318 1057 1332 1083 ,
1378 1018 1478 1071 hac
1505 1017 1619 1085 ipsa
1643 1057 1660 1082 ,
1685 1016 1895 1071 scilicet
1925 1026 2106 1087 satyra
2127 1056 2143 1081 ,

557 1108 733 1177 inquit
761 1147 775 1171 ,
831 1107 989 1161 nauci
1014 1148 1028 1172 ,
1082 1108 1174 1161 vili
1202 1146 1218 1173 ,
1264 1116 1419 1175 rupta
1445 1146 1461 1172 ,
1498 1106 1638 1161 irata
1669 1107 1985 1160 conscientia
2009 1123 2144 1172 sua,

552 1207 872 1266 targensque
897 1236 912 1261 ,
946 1196 1132 1251 inﬂata
1162 1238 1177 1263 ,
1211 1197 1488 1267 indignata
1514 1237 1530 1263 ,
1585 1196 1727 1251 irata
1757 1236 1772 1263 ,
1822 1196 1943 1267 felle
1973 1237 1989 1261 ,
2038 1196 2145 1252 sci-

557 1285 687 1343 licet
710 1287 1092 1341 amaritudinis
1110 1326 1125 1351 ,
1166 1287 1216 1341 id
1240 1296 1327 1341 est
1351 1326 1367 1352 ,
1414 1288 1666 1358 superbia
1692 1327 1706 1352 ,
1735 1303 1797 1341 ac
1819 1287 1919 1340 bile
1946 1327 1960 1352 ,
1986 1302 2146 1342 vene-

558 1392 663 1442 no,
693 1376 863 1430 multa
888 1376 1173 1446 chlamyde
1200 1415 1217 1442 ,
1258 1376 1467 1432 scilicet
1494 1392 1618 1432 cum
1650 1375 1751 1431 hoc
1771 1375 1907 1430 dixit
1938 1385 2144 1446 satyro,

557 1466 844 1538 chlamyde
873 1472 972 1537 pro
996 1467 1145 1521 omni
1178 1476 1502 1539 ornamento
1531 1508 1546 1533 ,
1574 1466 1786 1537 prodire
1811 1505 1827 1531 ,
1858 1468 2144 1533 accedere,

560 1557 901 1626 approbando
938 1598 952 1623 ,
1007 1558 1217 1614 scilicet
1241 1574 1369 1629 ego,
1430 1559 1481 1613 id
1505 1567 1590 1614 est
1625 1558 1898 1614 laudanda
1928 1598 1943 1626 ,
1977 1559 2145 1613 ductis

557 1646 785 1701 cultibus
815 1687 830 1713 ,
874 1648 1085 1704 artibus
1118 1667 1130 1701 :
1161 1664 1468 1719 possemque
1498 1690 1512 1713 ,
1564 1648 1775 1703 scilicet
1824 1664 1927 1718 ego
1953 1691 1968 1714 ,
1999 1648 2142 1718 quod

560 1743 718 1789 vacat
751 1774 767 1800 ,
795 1736 955 1790 comis
982 1775 998 1800 ,
1034 1746 1227 1791 ornata
1276 1737 1390 1806 ipsa
1417 1777 1433 1802 ,
1490 1746 1648 1808 atque
1669 1777 1685 1801 ,
1744 1736 1910 1791 veluti
1944 1777 1960 1803 ,
2027 1747 2145 1790 tan-

2249 577 2349 615 nus
2370 561 2562 616 falcem
2607 572 2820 631 gestat,
2837 560 2955 630 jam
3007 570 3343 629 canescente,
3399 563 3454 619 id
3501 574 3621 634 est,
3673 576 3853 625 sene-

2247 657 2431 705 scente
2458 660 2574 703 rota
2600 690 2616 714 ,
2646 648 2699 703 id
2726 657 2809 704 est
2839 657 3001 704 aetate
3027 664 3147 704 sua.
3183 651 3455 708 Saturnus
3480 655 3673 727 quippe
3700 659 3853 714 deus

2252 751 2555 813 temporum
2592 753 2759 795 senex
2788 740 3137 811 depingitur;
3170 741 3250 797 sic
3269 751 3326 798 et
3350 744 3453 800 iste
3478 761 3641 803 senex
3666 757 3805 804 erat
3831 792 3848 814 ,

2246 835 2465 906 quando
2490 835 2590 888 hos
2613 833 2834 902 scripsit
2862 832 3029 889 libros
3061 873 3076 899 ,
3116 844 3173 888 et
3199 832 3321 889 ideo
3357 835 3531 904 dicit,
3577 837 3694 908 jam
3751 855 3854 894 ca-

2248 934 2503 981 nescente
2554 934 2671 979 rota
2702 924 2879 979 aetatis
2905 939 3039 978 sum.
3068 922 3236 979 Beata
3273 925 3397 981 urbs
3427 966 3444 992 ,
3475 927 3669 991 idest,
3699 922 3847 986 Car-

2249 1016 2412 1087 lhago
2443 1056 2458 1079 ,
2493 1014 2653 1069 Eliso:
2683 1054 2698 1079 ,
2730 1013 2954 1070 Didonis
2987 1054 3002 1081 ,
3025 1032 3176 1086 quem
3202 1055 3218 1081 ,
3241 1017 3450 1072 scilicet
3475 1017 3843 1082 Martialium.

2246 1107 2370 1162 vidit
2396 1105 2690 1171 alumnum,
2712 1105 2967 1175 juvenem
3004 1114 3059 1160 et
3083 1107 3370 1170 nutritum,
3399 1107 3758 1179 [auguriorum
3790 1113 3843 1176 δ,

2253 1198 2320 1255 de
2392 1196 2622 1269 Lugaria
2678 1195 2957 1267 provincia
3024 1194 3222 1251 Africa:
3298 1197 3508 1253 scilicet
3563 1200 3843 1255 oriundus

2250 1287 2547 1342 Martianus
2571 1327 2585 1351 ,
2640 1286 2935 1340 murcidum
2959 1326 2973 1348 ,
3003 1301 3102 1356 pro
3133 1287 3428 1342 marcidam
3456 1328 3474 1353 ,
3498 1288 3552 1342 id
3571 1297 3655 1343 est
3683 1330 3701 1354 ,
3735 1290 3839 1344 an-

2253 1369 2458 1448 liquam
2514 1376 2761 1431 viciniam
2784 1416 2799 1439 ,
2832 1375 3041 1431 scilicet
3081 1376 3404 1432 incolentem
3436 1378 3694 1432 viciniam
3727 1420 3745 1444 ,
3784 1382 3840 1435 id

2244 1477 2370 1531 est,
2398 1467 2898 1537 propinquitatem,
2957 1468 3179 1537 (parvo)
3230 1466 3459 1522 obsidem
3507 1478 3558 1532 α,
3598 1485 3839 1540 μωρα-

2244 1575 2341 1617 cns
2367 1598 2386 1627 ,
2458 1559 2704 1625 divisus,
2764 1555 3022 1629 (viasque)
3091 1575 3422 1629 respersum,
3491 1560 3790 1629 patientem
3820 1604 3837 1626 ,

2243 1658 2581 1721 coopertum,
2620 1664 2951 1719 respersum,
2983 1649 3070 1702 illa
3100 1664 3179 1714 re,
3217 1650 3270 1703 id
3301 1659 3384 1705 est
3411 1651 3775 1721 pervolncro;
3804 1651 3835 1692 ⁴

2246 1743 2565 1805 nictantem,
2632 1739 2838 1796 scilicet
2902 1748 3060 1795 nocte
3093 1780 3108 1803 ,
3168 1740 3221 1793 id
3279 1750 3404 1806 est,
3480 1740 3836 1812 vigilantem,

518 1818 519 1821 “
558 1841 719 1894 quam
747 1865 762 1888 ,
817 1842 844 1880 e
886 1826 1077 1882 Martis
1126 1828 1274 1882 curia
1304 1869 1321 1893 ,
1378 1844 1444 1884 ex
1501 1830 1787 1899 Areopago
1810 1869 1825 1894 ,
1882 1829 1969 1884 ubi
2020 1839 2139 1885 erat
2173 1837 2215 1896 Β
2244 1848 2371 1884 cura
2397 1872 2412 1895 ,
2448 1820 2497 1885 id
2520 1839 2642 1895 est,
2670 1838 2889 1900 propter
2915 1843 3101 1885 curam
3138 1838 3194 1885 et
3224 1829 3459 1884 stndnnn
3483 1870 3499 1894 ,
3531 1829 3841 1884 somnolen-

556 1917 709 1971 curia
721 1914 1176 1987 Phi1050phorum
1199 1959 1214 1983 ,
1241 1920 1384 1988 quod
1414 1919 1487 1974 ibi
1514 1920 1863 1989 disputabant
1889 1935 2134 1989 semper,

558 2005 788 2078 (Felicis
812 2008 977 2078 inquit
1006 2007 1096 2063 sed
1122 2008 1384 2080 Capellae)
1434 2012 1649 2081 ﬂamine
1677 2052 1691 2077 ,
1724 2012 1919 2080 spiritu
1949 2053 1963 2078 ,
1995 2011 2141 2082 quod

555 2082 655 2168 per
683 2105 732 2150 te
760 2097 1007 2165 proferor
1036 2138 1050 2161 ,
1080 2098 1293 2154 indocta
1323 2091 1348 2167 ,i
1364 2101 1572 2155 scilicet
1601 2102 1790 2156 videor
1813 2142 1828 2162 .
1860 2101 2125 2166 rabidum,

520 2202 521 2205 ‘
556 2189 809 2248 insanum
838 2228 853 2253 ,
883 2188 971 2244 vel
998 2174 1506 2259 eloquentissimum
1544 2191 1632 2245 vel
1658 2191 1903 2246 rabulum
1934 2231 1949 2256 ,
1981 2192 2138 2261 quasi

506 2272 511 2277 θ
556 2283 704 2355 omni
735 2286 979 2353 tempore
1009 2283 1221 2342 fabulas
1244 2285 1514 2340 dicentem
1544 2325 1558 2347 ,
1595 2285 1723 2339 hinc
1757 2286 2022 2340 rabulatio
2048 2301 2142 2341 vo-

517 2378 720 2428 .‘catur
751 2412 765 2439 ,
812 2390 965 2445 quem
992 2414 1008 2439 ,
1063 2374 1274 2430 scilicet
1318 2374 1555 2430 Felicem
1608 2373 1883 2445 Capellam
1908 2415 1924 2441 ,
1972 2376 2143 2431 videre

562 2460 760 2517 stcrula
792 2501 808 2528 ,
843 2462 1051 2519 scilicet
1106 2464 1208 2519 ista
1231 2503 1248 2531 ,
1303 2464 1467 2535 lurgis
1499 2504 1516 2530 ,
1588 2463 1848 2534 improbis
1870 2503 1887 2531 ,
1941 2463 2143 2535 gulosis

524 2628 527 2630 ἓ
555 2551 879 2620 epulonibus
902 2592 918 2618 ,
978 2553 1218 2610 hiatibus
1249 2594 1265 2620 ,
1314 2554 1531 2608 caninas
1556 2593 1572 2620 ,
1628 2554 1839 2609 validos
1860 2589 1878 2619 ,
1916 2553 2145 2609 blatera-

558 2651 643 2695 tus
668 2681 682 2697 .
703 2680 717 2696 .
736 2682 750 2696 .
773 2643 828 2699 id
854 2653 939 2700 est
983 2643 1216 2700 latratus
1239 2684 1255 2711 ,
1309 2644 1533 2716 pendere
1573 2660 1673 2715 pro
1696 2644 2009 2716 impendere
2043 2685 2058 2710 ,
2086 2645 2142 2700 id

558 2738 644 2785 est
696 2732 941 2789 reddere.
982 2732 1365 2788 Proconsulari
1410 2751 1527 2789 vero
1558 2775 1574 2800 ,
1615 2750 1723 2790 una
1762 2750 1890 2805 pars
1912 2744 2000 2792 est
2031 2776 2048 2802 ,
2085 2735 2141 2791 id

553 2829 640 2873 est
671 2860 687 2884 ,
732 2820 1035 2878 honorabili
1063 2862 1079 2886 ,
1133 2823 1508 2895 proconsulari
1545 2823 1814 2892 culmini,
1868 2825 1925 2880 id
1970 2833 2055 2881 est
2086 2825 2139 2880 in

556 2910 795 2966 culmine
816 2912 1186 2980 proconsulari
1215 2929 1230 2968 :
1263 2912 1537 2983 signiﬁcat
1560 2914 1704 2970 enim
1731 2954 1747 2981 ,
1783 2924 1935 2972 tunc
1986 2916 2137 2971 illum

557 3001 935 3066 proconsulem
990 3001 1336 3073 Carthaginis
1384 3003 1589 3068 fuisse,
1639 3009 1859 3075 quando
1906 3007 2050 3062 hunc
2078 3006 2142 3063 li-

555 3089 714 3144 brum
752 3091 1014 3162 scripsit;
1043 3093 1255 3148 dantem
1281 3135 1298 3160 ,
1348 3094 1675 3150 scribentem
1719 3102 1844 3150 suas
1886 3095 2135 3164 fabulas,

2247 1932 2356 1976 tum
2385 1961 2400 1987 ,
2428 1921 2786 1977 dormientem
2822 1960 2837 1985 ,
2867 1919 3072 1974 lucibus
3102 1959 3116 1986 ,
3149 1920 3203 1974 id
3231 1927 3315 1975 est
3335 1920 3528 1975 diebus
3552 1960 3571 1984 ,
3599 1928 3719 1975 tota
3751 1921 3841 1976 die

2246 2012 2447 2067 dormit
2486 2021 2542 2067 et
2597 2022 2755 2067 nocte
2811 2010 3034 2082 vigilat;
3085 2026 3253 2080 quare
3280 2052 3295 2076 ,
3345 2012 3409 2064 ob
3429 2011 3529 2065 hoc
3556 2051 3570 2075 ,
3624 2013 3681 2065 id
3711 2020 3837 2075 at,

2244 2113 2464 2171 propter
2495 2102 2597 2156 hoc
2620 2141 2636 2166 ,
2690 2109 2749 2155 ut
2789 2101 2960 2170 possit
2992 2101 3213 2157 haurire
3233 2100 3254 2172 (
3268 2101 3534 2171 creatum)
3557 2103 3836 2172 pegasiuns

2243 2192 2498 2263 gurgitem
2528 2232 2544 2255 ,
2580 2191 2634 2246 id
2662 2200 2749 2246 est
2779 2230 2794 2256 ,
2823 2193 3021 2245 artium
3049 2190 3252 2247 fontem
3276 2232 3289 2255 ,
3322 2192 3566 2245 decente.
3585 2229 3602 2245 .
3621 2230 3636 2243 .
3662 2208 3843 2260 quan-

2243 2285 2328 2343 do,
2363 2297 2462 2352 pro
2486 2297 2628 2352 (ιιωιι
2649 2283 2810 2352 loque
2846 2280 3072 2353 (possem
3100 2282 3316 2337 haurire
3342 2281 3530 2351 poculo
3551 2290 3595 2352 ).
3626 2281 3837 2336 Testem

2242 2390 2364 2445 ergo
2393 2414 2410 2439 ,
2472 2381 2854 2428 testamentum
2896 2383 3134 2428 nostrum
3161 2414 3176 2439 ,
3213 2373 3422 2428 scilicet
3463 2372 3838 2439 llartianum,

2244 2464 2429 2533 (quem
2448 2462 2483 2532 ),
2503 2471 2766 2516 veternum
2789 2502 2803 2525 ,
2831 2462 3148 2531 antiquum,
3179 2462 3383 2518 cultum
3410 2463 3653 2533 prodidit
3682 2502 3701 2527 ,
3733 2464 3841 2519 sci-

2243 2551 2370 2607 licet
2398 2560 2580 2621 satyra
2607 2588 2623 2616 ,
2660 2550 2713 2604 id
2749 2558 2871 2615 est,
2926 2550 3350 2606 manifestatum.
3410 2549 3715 2623 ﬂuensque
3754 2552 3835 2608 lo-

2242 2650 2366 2696 cuta
2417 2648 2501 2695 est
2543 2648 2747 2711 satyro.
2802 2638 2990 2694 Secute
3042 2649 3095 2694 tu
3122 2680 3136 2704 ,
3188 2640 3242 2694 id
3271 2650 3355 2696 est
3384 2680 3402 2706 ,
3431 2642 3567 2697 dum
3600 2652 3837 2705 secutum

2242 2730 2411 2785 fueris
2436 2770 2451 2796 ,
2505 2729 2806 2785 Martianns
2834 2729 3075 2800 loquitur
3096 2730 3165 2785 ad
3207 2730 3374 2785 lilium
3395 2744 3560 2787 suum
3589 2770 3608 2797 ,
3638 2734 3796 2802 nugis
3818 2772 3833 2795 ,

2242 2821 2296 2877 id
2342 2830 2429 2877 est
2477 2820 2672 2876 ritibus
2700 2860 2717 2885 ,
2761 2820 3138 2887 carminibus,
3189 2838 3221 2877 ο
3260 2832 3380 2896 nate
3409 2861 3428 2887 ,
3475 2822 3533 2876 id
3583 2833 3677 2877 est
3718 2822 3832 2887 liii,

2240 2914 2449 2984 ignosce
2477 2951 2493 2978 ,
2546 2912 2763 2981 indulge
2790 2951 2807 2977 ,
2859 2912 3134 2979 lectitans,
3184 2928 3326 2983 saepe
3366 2913 3574 2984 legens.
3627 2913 3689 2969 ιη
3735 2914 3837 2968 hoc

2243 3004 2432 3058 ultimo
2478 3017 2638 3057 versu
2700 3003 2949 3067 videtur,
2983 3003 3126 3073 quod
3168 3018 3274 3058 non
3315 3003 3492 3059 minor
3531 2998 3838 3059 Martinus

2247 3096 2316 3152 ad
2343 3106 2548 3168 patrem
2574 3137 2590 3162 ,
2644 3106 2788 3152 .tcut
2832 3097 2885 3152 in
2915 3097 3237 3168 quibusdam
3268 3097 3518 3151 llartiani
3548 3098 3711 3153 libris
3734 3099 3831 3152 hs-

558 3181 772 3251 ipsoque
800 3221 815 3247 ,
878 3182 1089 3239 scilicet
1142 3199 1266 3239 cum
1292 3226 1308 3250 ,
1367 3184 1637 3257 (dudum)
1696 3174 2136 3254 bombinatorem,
2165 3166 2210 3228 (ἶ
2241 3166 2398 3242 betur
2427 3226 2443 3250 ,
2492 3188 2589 3242 sed
2614 3187 2799 3242 senior
2847 3166 3143 3249 Martianus
3170 3190 3237 3242 ad
3262 3189 3537 3260 juniorem
3565 3229 3582 3254 ,
3612 3189 3671 3243 id
3706 3199 3792 3244 est
3813 3230 3831 3254 ,

559 3285 819 3341 pompose
846 3272 1138 3343 loquuntur
1167 3315 1182 3341 ,
1216 3275 1417 3332 bombo
1435 3283 1522 3330 est
1543 3289 1679 3329 sono
1709 3314 1727 3341 ,
1755 3275 1881 3331 hinc
1908 3275 2137 3332 bombus
2237 3277 2306 3333 ad
2332 3278 2503 3333 lilium
2531 3319 2547 3343 ,
2570 3278 2808 3348 loquitur
2831 3319 2846 3346 ,
2877 3295 3001 3336 cum
3024 3281 3192 3337 dicit:
3221 3279 3443 3347 Secute,
3472 3281 3630 3354 nugis
3662 3323 3680 3350 ,
3712 3293 3835 3337 ut:

557 3376 722 3416 sonus
759 3363 994 3431 dicitur,
1020 3366 1262 3445 ﬂosculo
1288 3407 1304 3433 ,
1360 3366 1635 3438 superﬂuo
1674 3365 1978 3422 fabularum
2005 3408 2020 3433 ,
2054 3369 2138 3426 vel
2235 3371 2444 3441 ignosce
2478 3371 2741 3427 lcrtitans.

555 3450 1013 3519 pulchritudinem
1036 3456 1320 3514 locutionis
1343 3498 1358 3523 ,
1391 3459 1655 3512 decertum
1683 3470 1709 3499 ι
1733 3460 1752 3529 (
1773 3458 1931 3514 Meib.
1958 3459 2135 3515 decer-

555 3545 739 3615 plum)
792 3561 890 3616 pro
940 3549 1274 3605 decertatum
1306 3590 1322 3617 ,
1375 3552 1429 3607 id
1455 3559 1542 3606 est
1570 3550 1893 3608 luctatorem
1921 3593 1936 3619 ,
1966 3551 2102 3623 falce

627 3683 654 3746 ξ
689 3671 847 3746 aleib.
884 3675 1203 3746 decerptum.
1565 3706 1567 3709 ν

632 3739 662 3780 ιι
699 3741 1018 3821 Mpibontjus
1037 3739 1405 3821 'lngariorum.
1439 3745 1627 3821 Neque
1649 3754 1929 3821 .ngurlam
1957 3765 2135 3821 neque

559 3808 843 3886 gagariant
867 3812 1063 3870 Africa:
1106 3808 1441 3886 provinciam
1478 3808 1641 3873 habet
1663 3808 1747 3873 vel
1775 3820 1972 3875 Strabo
2002 3860 2018 3884 ,
2045 3808 2134 3874 'vel

560 3876 765 3935 Tal.ula
793 3876 1205 3955 Peutingeriana
1236 3927 1252 3952 ,
1288 3897 1383 3941 aut
1405 3886 1622 3943 Cellarii
1652 3889 1845 3944 notitia
1868 3876 2017 3946 orbis
2039 3906 2138 3944 an-

2617 3473 2927 3544 Explieiuut
2942 3475 3147 3534 Glossa:
3172 3477 3440 3534 Martiani.

2206 3670 2792 3755 'jttqni.’CassiodOrus
2822 3701 2947 3742 eum
2985 3688 3388 3747 Madaurensem
3424 3704 3602 3750 vocat.

2315 3763 2338 3793 ο
2384 3753 2544 3808 Meih.
2578 3754 2920 3811 obsidentem.

2313 3821 2339 3861 ά
2382 3822 2540 3879 Meib.
2580 3824 2747 3880 lucro.

572 4025 3826 4089 Μ

1027 4106 1808 4297 ‘APPENDIX
1889 4118 2076 4297 AD
2161 4187 2620 4303 OPERA
2701 4194 3302 4317 REMIGII.

715 4516 1236 4647 uisum
1313 4522 1540 4650 nua
1624 4528 1728 4654 il.
1818 4530 1952 4656 AD
2035 4533 2138 4659 ι).

2243 4535 2798 4670 EPISCOPUM
2882 4546 3637 4687 VIBDUNENSEM.

1592 4751 1769 4824 (Apud
1798 4756 2046 4822 Martem,
2078 4759 2256 4833 Ampl.
2290 4763 2544 4835 Collect.,
2575 4778 2702 4825 tom.
2737 4771 2803 4844 1.)

1959 4922 2378 4943 Μ

1044 5012 1375 5071 EPISTOLA
1414 5017 1648 5075 PRIMA.

552 5115 787 5203 incusat
814 5136 867 5203 se
891 5124 1031 5203 quod
1060 5130 1317 5203 senex‘ad
1347 5146 1463 5203 eum
1484 5132 1560 5187 ire
1583 5150 1684 5188 non
1703 5140 1887 5203 possit.
1931 5138 2132 5195 Horta-

624 5191 826 5280 _ad
850 5191 1176 5280 rpa't’ipentian‘t
1322 5199 1573 5280 qdversis.
1626 5191 1767 5280 Quid
1790 5224 1885 5280 per
1925 5191 2133 5280 cog}:

626 5258 818 5344 ngog
845 5258 901 5314 in
925 5261 1197 5344 Ezechiele
1222 5267 1613 5344 intelligendum
1629 5258 1709 5327 in
1729 5258 1952 5344 explicat
1962 5258 2132 5344 {7:01;

623 5328 872 5398 nullaque
899 5345 1109 5387 enarrat
1137 5337 1202 5390 de
1232 5328 1573 5409 Hung'rorum
1605 5328 1823 5413 origine.

627 5415 861 5504 homine
899 5420 1210 5504 beatissimo
1253 5435 1309 5481 et
1357 5443 1489 5504 _ve_re
1542 5431 1861 5504 apostolico
1888 5452 2031 5494 vera:
2079 5451 2135 5496 et

551 5495 767 5568 yet-1m;
791 5495 1096 5568 sapientiae
1128 5498 1371 5568 amatori
1415 5499 1508 5558 D...
1533 5495 1737 5557 sancta:
1772 5495 2131 5567 Virdn'ncnsis

476 5604 479 5605 ν
551 5554 809 5611 Ecclesia:
861 5554 1150 5627 ierarcbo,
1205 5554 1520 5637 dignissime
1565 5554 2130 5637 .b'ainnibiig'iiéiiéi

626 5658 1141 5754 {illiusepistolm
1174 5678 1495 5754 scriptorem
1538 5698 1607 5740 ex
1651 5688 1826 5754 prima
1873 5692 2039 5749 dunta

552 5735 788 5792 nonninis
829 5735 1007 5796 littera
1056 5741 1121 5796 lt.
1173 5735 2026 5826 designatiinmeritum-reum";

2161 5035 2215 5094 Ι)
2243 5033 2434 5119 rando.
2545 5048 2595 5102 ο,
2626 5038 2740 5107 ejus
2771 5039 2926 5119 [idcle
2953 5048 3305 5119 mancipium,
3333 5063 3388 5109 et
3414 5057 3675 5117 minimus
3705 5081 3825 5119 ser-

2242 5116 2429 5191 viiii-nni
2458 5111 2862 5191 ejusiservulus
2896 5111 3240 5191 lidelissitnas
3275 5111 3329 5176 et
3356 5111 3824 5191 devotissimas‘in

2241 5170 2466 5262 Cirristo
2483 5170 2760 5262 oratiope's
2785 5190 2843 5235 et
2866 5170 3586 5262 serv}uthﬁﬁémﬁiiéihiiii:

2268 5240 2699 5337 :nqllll‘ljlpgletlib
2717 5250 3054 5337 ileo__gratias
3085 5240 3823 5337 referoreiusqu:.clemen-

2245 5316 2380 5406 illiilli.
2392 5382 2404 5406 ζ
2420 5316 2547 5406 totis
2556 5396 2569 5406 .
2580 5316 3017 5406 praecordiorum
3027 5396 3039 5406 .
3050 5326 3253 5406 viribus
3269 5316 3476 5406 ilaiidoj,
3485 5316 3606 5406 qui

2711 5398 2917 5474 tantam
2970 5396 3395 5458 misericordiam
3440 5390 3823 5478 dtg'tiatn—s:

2241 5464 2508 5540 inspirare
2533 5494 2560 5535 ,ο
2596 5464 2654 5511 ut
2699 5474 2787 5540 me
2821 5462 3075 5532 exiguum
3100 5483 3434 5540 cognoscere
3452 5462 3528 5531 et.u
3531 5462 3715 5536 sacris
3736 5462 3823 5537 lit;

2241 5526 2776 5618 lestt'ismonini
2802 5542 3041 5618 nectare
3078 5526 3414 5618 dulcioribus
3455 5526 3819 5618 diytammitii

2236 5588 2526 5646 honorare.
2585 5596 2762 5652 Taceo
2794 5603 2941 5670 quod
2983 5588 3818 5677 multiplici

2044 5709 2135 5793 ἒξ
2232 5701 2306 5793 ad
2336 5706 2786 5793 llifilllfthl’lbliur
2812 5728 2883 5793 ex_
2892 5717 3085 5793 primo
3096 5726 3353 5793 nominis
3380 5726 3655 5788 elemento
3680 5736 3741 5790 υ.
3767 5749 3819 5793 et

2028 5782 2121 5823 ero
2186 5833 2194 5841 ι
2229 5786 2293 5827 ex
2326 5773 2590 5846 dignitate
2617 5773 2937 5856 episcopali,
2988 5773 3815 5865 seuseu"iiiiiihEiiiii'EEIt:
