  <div class='ocr_page' id='page_1' title='image "/cluster/home/n/w/nwhite01/storage/ocr_20150623/131/hvd.32044015471725/490.png"; bbox 0 0 4038 6478; ppageno 0'>
   <div class='ocr_carea' id='block_1_1' title="bbox 209 589 310 647">
    <p class='ocr_par' dir='ltr' id='par_1_1' title="bbox 209 589 310 647">
     <span class='ocr_line' id='line_1_1' title="bbox 209 589 310 647; baseline 0.01 -1"><span class='ocrx_word' id='word_1_1' title='bbox 209 589 310 647; x_wconf 76' lang='grc' dir='ltr'><strong>9ῧ9</strong></span> 
     </span>
    </p>
   </div>
   <div class='ocr_carea' id='block_1_2' title="bbox 1347 585 2292 646">
    <p class='ocr_par' dir='ltr' id='par_1_2' title="bbox 1347 585 2292 646">
     <span class='ocr_line' id='line_1_2' title="bbox 1347 585 2292 646; baseline 0.002 -1"><span class='ocrx_word' id='word_1_2' title='bbox 1347 585 1639 645; x_wconf 71' lang='lat' dir='ltr'><strong>SERGEUS</strong></span> <span class='ocrx_word' id='word_1_3' title='bbox 1677 588 1852 642; x_wconf 76' lang='lat' dir='ltr'><strong>PAPA</strong></span> <span class='ocrx_word' id='word_1_4' title='bbox 1893 588 1973 643; x_wconf 87' lang='grc' dir='ltr'>ιιι.</span> <span class='ocrx_word' id='word_1_5' title='bbox 2013 621 2078 630; x_wconf 86' lang='lat'><strong>-—</strong></span> <span class='ocrx_word' id='word_1_6' title='bbox 2119 586 2292 646; x_wconf 74' lang='lat' dir='ltr'><strong>VITA.</strong></span> 
     </span>
    </p>
   </div>
   <div class='ocr_carea' id='block_1_3' title="bbox 3359 588 3480 644">
    <p class='ocr_par' dir='ltr' id='par_1_3' title="bbox 3359 588 3480 644">
     <span class='ocr_line' id='line_1_3' title="bbox 3359 588 3480 644; baseline 0 0"><span class='ocrx_word' id='word_1_7' title='bbox 3359 588 3480 644; x_wconf 81' lang='lat'><strong>970:</strong></span> 
     </span>
    </p>
   </div>
   <div class='ocr_carea' id='block_1_4' title="bbox 213 688 3460 777">
    <p class='ocr_par' dir='ltr' id='par_1_4' title="bbox 213 688 3460 777">
     <span class='ocr_line' id='line_1_4' title="bbox 213 688 3460 777; baseline 0.001 -23"><span class='ocrx_word' id='word_1_8' title='bbox 213 699 513 777; x_wconf 83' lang='lat' dir='ltr'><strong>talitii_dies</strong></span> <span class='ocrx_word' id='word_1_9' title='bbox 539 688 874 777; x_wconf 77' lang='lat' dir='ltr'><strong>ignorantur,</strong></span> <span class='ocrx_word' id='word_1_10' title='bbox 903 715 1242 771; x_wconf 90' lang='lat' dir='ltr'><strong>quorumque</strong></span> <span class='ocrx_word' id='word_1_11' title='bbox 1269 701 1630 777; x_wconf 75' lang='lat' dir='ltr'><strong>reliquiarum</strong></span> <span class='ocrx_word' id='word_1_12' title='bbox 1645 701 1773 777; x_wconf 82' lang='lat' dir='ltr'><strong>nihil</strong></span> <span class='ocrx_word' id='word_1_13' title='bbox 1808 705 1851 765; x_wconf 83' lang='grc' dir='ltr'>Α</span> <span class='ocrx_word' id='word_1_14' title='bbox 1883 707 2136 777; x_wconf 83' lang='lat' dir='ltr'><strong>mundum</strong></span> <span class='ocrx_word' id='word_1_15' title='bbox 2184 707 2379 774; x_wconf 89' lang='lat' dir='ltr'><strong>ubique</strong></span> <span class='ocrx_word' id='word_1_16' title='bbox 2415 704 2652 777; x_wconf 84' lang='lat' dir='ltr'><strong>gentium</strong></span> <span class='ocrx_word' id='word_1_17' title='bbox 2684 711 3071 777; x_wconf 85' lang='lat' dir='ltr'><strong>construuntur</strong></span> <span class='ocrx_word' id='word_1_18' title='bbox 3117 710 3176 777; x_wconf 78' lang='lat' dir='ltr'><strong>et</strong></span> <span class='ocrx_word' id='word_1_19' title='bbox 3202 703 3460 777; x_wconf 76' lang='lat' dir='ltr'><strong>dedican-</strong></span> 
     </span>
    </p>
   </div>
   <div class='ocr_carea' id='block_1_5' title="bbox 210 771 1778 842">
    <p class='ocr_par' dir='ltr' id='par_1_5' title="bbox 210 771 1778 842">
     <span class='ocr_line' id='line_1_5' title="bbox 210 771 1778 842; baseline 0.001 -19"><span class='ocrx_word' id='word_1_20' title='bbox 210 771 496 842; x_wconf 76' lang='lat' dir='ltr'><strong>reperitur,</strong></span> <span class='ocrx_word' id='word_1_21' title='bbox 544 771 851 842; x_wconf 72' lang='lat' dir='ltr'><strong>paucissimi</strong></span> <span class='ocrx_word' id='word_1_22' title='bbox 898 788 1025 827; x_wconf 90' lang='lat' dir='ltr'><strong>vero</strong></span> <span class='ocrx_word' id='word_1_23' title='bbox 1054 787 1284 842; x_wconf 89' lang='lat' dir='ltr'><strong>quorum</strong></span> <span class='ocrx_word' id='word_1_24' title='bbox 1324 773 1438 826; x_wconf 88' lang='lat' dir='ltr'><strong>dies</strong></span> <span class='ocrx_word' id='word_1_25' title='bbox 1475 773 1663 825; x_wconf 87' lang='lat' dir='ltr'><strong>mortis</strong></span> <span class='ocrx_word' id='word_1_26' title='bbox 1693 772 1778 842; x_wconf 78' lang='lat' dir='ltr'><strong>vel</strong></span> 
     </span>
    </p>
   </div>
   <div class='ocr_carea' id='block_1_6' title="bbox 210 840 1781 903">
    <p class='ocr_par' dir='ltr' id='par_1_6' title="bbox 210 840 1781 903">
     <span class='ocr_line' id='line_1_6' title="bbox 210 840 1781 903; baseline 0.006 -17"><span class='ocrx_word' id='word_1_27' title='bbox 210 840 472 903; x_wconf 75' lang='lat' dir='ltr'><strong>passionis</strong></span> <span class='ocrx_word' id='word_1_28' title='bbox 498 841 685 903; x_wconf 87' lang='lat' dir='ltr'><strong>scitur,</strong></span> <span class='ocrx_word' id='word_1_29' title='bbox 719 841 920 896; x_wconf 87' lang='lat' dir='ltr'><strong>idcirco</strong></span> <span class='ocrx_word' id='word_1_30' title='bbox 951 840 1084 895; x_wconf 80' lang='lat' dir='ltr'><strong>nulli</strong></span> <span class='ocrx_word' id='word_1_31' title='bbox 1105 857 1292 896; x_wconf 89' lang='lat' dir='ltr'><strong>eorum</strong></span> <span class='ocrx_word' id='word_1_32' title='bbox 1322 842 1612 896; x_wconf 83' lang='lat' dir='ltr'><strong>memorias</strong></span> <span class='ocrx_word' id='word_1_33' title='bbox 1638 841 1781 896; x_wconf 88' lang='lat' dir='ltr'><strong>cele-</strong></span> 
     </span>
    </p>
   </div>
   <div class='ocr_carea' id='block_1_7' title="bbox 210 909 1782 982">
    <p class='ocr_par' dir='ltr' id='par_1_7' title="bbox 210 909 1782 982">
     <span class='ocr_line' id='line_1_7' title="bbox 210 909 1782 982; baseline 0.001 -20"><span class='ocrx_word' id='word_1_34' title='bbox 210 911 372 982; x_wconf 25' lang='lat' dir='ltr'><strong>brari‘</strong></span> <span class='ocrx_word' id='word_1_35' title='bbox 400 909 483 962; x_wconf 87' lang='lat' dir='ltr'><strong>vel</strong></span> <span class='ocrx_word' id='word_1_36' title='bbox 533 910 724 982; x_wconf 75' lang='lat' dir='ltr'><strong>templa</strong></span> <span class='ocrx_word' id='word_1_37' title='bbox 757 911 1306 982; x_wconf 82' lang='lat' dir='ltr'><strong>construicontingit,</strong></span> <span class='ocrx_word' id='word_1_38' title='bbox 1346 912 1572 966; x_wconf 86' lang='lat' dir='ltr'><strong>istorum</strong></span> <span class='ocrx_word' id='word_1_39' title='bbox 1600 911 1782 980; x_wconf 86' lang='lat' dir='ltr'><strong>pauci-</strong></span> 
     </span>
    </p>
   </div>
   <div class='ocr_carea' id='block_1_8' title="bbox 210 977 1563 1035">
    <p class='ocr_par' dir='ltr' id='par_1_8' title="bbox 210 977 1563 1035">
     <span class='ocr_line' id='line_1_8' title="bbox 210 977 1563 1035; baseline 0 -3"><span class='ocrx_word' id='word_1_40' title='bbox 210 987 319 1032; x_wconf 89' lang='lat' dir='ltr'><strong>tate</strong></span> <span class='ocrx_word' id='word_1_41' title='bbox 360 977 497 1032; x_wconf 88' lang='lat' dir='ltr'><strong>intra</strong></span> <span class='ocrx_word' id='word_1_42' title='bbox 533 977 741 1032; x_wconf 78' lang='lat' dir='ltr'><strong>illorum</strong></span> <span class='ocrx_word' id='word_1_43' title='bbox 771 980 1165 1035; x_wconf 79' lang='lat' dir='ltr'><strong>multitudinem</strong></span> <span class='ocrx_word' id='word_1_44' title='bbox 1196 977 1563 1034; x_wconf 43' lang='lat' dir='ltr'><strong>d’elitesccnte.</strong></span> 
     </span>
    </p>
   </div>
   <div class='ocr_carea' id='block_1_9' title="bbox 276 1046 1775 1106">
    <p class='ocr_par' dir='ltr' id='par_1_9' title="bbox 276 1046 1775 1106">
     <span class='ocr_line' id='line_1_9' title="bbox 276 1046 1775 1106; baseline 0.003 -6"><span class='ocrx_word' id='word_1_45' title='bbox 276 1046 422 1104; x_wconf 81' lang='lat' dir='ltr'><strong>Inter</strong></span> <span class='ocrx_word' id='word_1_46' title='bbox 452 1050 563 1101; x_wconf 72' lang='lat' dir='ltr'><strong>hzec</strong></span> <span class='ocrx_word' id='word_1_47' title='bbox 602 1048 880 1103; x_wconf 88' lang='lat' dir='ltr'><strong>sciemlum</strong></span> <span class='ocrx_word' id='word_1_48' title='bbox 927 1052 1050 1106; x_wconf 83' lang='lat' dir='ltr'><strong>auia</strong></span> <span class='ocrx_word' id='word_1_49' title='bbox 1101 1053 1153 1106; x_wconf 90' lang='lat' dir='ltr'><strong>in</strong></span> <span class='ocrx_word' id='word_1_50' title='bbox 1201 1051 1380 1104; x_wconf 80' lang='lat' dir='ltr'><strong>Veteri</strong></span> <span class='ocrx_word' id='word_1_51' title='bbox 1427 1050 1775 1104; x_wconf 84' lang='lat' dir='ltr'><strong>Testamento</strong></span> 
     </span>
    </p>
   </div>
   <div class='ocr_carea' id='block_1_10' title="bbox 207 1118 1777 1200">
    <p class='ocr_par' dir='ltr' id='par_1_10' title="bbox 207 1118 1777 1200">
     <span class='ocr_line' id='line_1_10' title="bbox 207 1118 1777 1200; baseline 0.001 -30"><span class='ocrx_word' id='word_1_52' title='bbox 207 1131 329 1200; x_wconf 70' lang='lat' dir='ltr'><strong>post</strong></span> <span class='ocrx_word' id='word_1_53' title='bbox 379 1118 1084 1200; x_wconf 35' lang='lat' dir='ltr'><strong>tabernaculumathloyse</strong></span> <span class='ocrx_word' id='word_1_54' title='bbox 1126 1121 1178 1174; x_wconf 88' lang='lat' dir='ltr'><strong>in</strong></span> <span class='ocrx_word' id='word_1_55' title='bbox 1226 1121 1448 1175; x_wconf 83' lang='lat' dir='ltr'><strong>deserto.</strong></span> <span class='ocrx_word' id='word_1_56' title='bbox 1483 1120 1777 1200; x_wconf 43' lang='lat' dir='ltr'><strong>perfecti-tm</strong></span> 
     </span>
    </p>
   </div>
   <div class='ocr_carea' id='block_1_11' title="bbox 202 1188 1780 1256">
    <p class='ocr_par' dir='ltr' id='par_1_11' title="bbox 202 1188 1780 1256">
     <span class='ocr_line' id='line_1_11' title="bbox 202 1188 1780 1256; baseline 0.003 -18"><span class='ocrx_word' id='word_1_57' title='bbox 202 1188 357 1255; x_wconf 69' lang='lat' dir='ltr'><strong>j&#39;leﬂ</strong></span> <span class='ocrx_word' id='word_1_58' title='bbox 395 1189 669 1256; x_wconf 69' lang='lat' dir='ltr'><strong>exemplar</strong></span> <span class='ocrx_word' id='word_1_59' title='bbox 710 1189 810 1242; x_wconf 84' lang='lat' dir='ltr'><strong>sibi</strong></span> <span class='ocrx_word' id='word_1_60' title='bbox 841 1188 1095 1244; x_wconf 83' lang='lat' dir='ltr'><strong>divinitus</strong></span> <span class='ocrx_word' id='word_1_61' title='bbox 1126 1201 1432 1251; x_wconf 89' lang='lat' dir='ltr'><strong>ostensmn,</strong></span> <span class='ocrx_word' id='word_1_62' title='bbox 1486 1205 1648 1242; x_wconf 91' lang='lat' dir='ltr'><strong>unum</strong></span> <span class='ocrx_word' id='word_1_63' title='bbox 1679 1188 1780 1242; x_wconf 83' lang='lat' dir='ltr'><strong>fuit</strong></span> 
     </span>
    </p>
   </div>
   <div class='ocr_carea' id='block_1_12' title="bbox 210 1256 1774 1327">
    <p class='ocr_par' dir='ltr' id='par_1_12' title="bbox 210 1256 1774 1327">
     <span class='ocr_line' id='line_1_12' title="bbox 210 1256 1774 1327; baseline 0.001 -18"><span class='ocrx_word' id='word_1_64' title='bbox 210 1258 464 1324; x_wconf 85' lang='lat' dir='ltr'><strong>templum</strong></span> <span class='ocrx_word' id='word_1_65' title='bbox 495 1272 524 1308; x_wconf 88' lang='lat' dir='ltr'><strong>a</strong></span> <span class='ocrx_word' id='word_1_66' title='bbox 555 1256 841 1312; x_wconf 60' lang='lat' dir='ltr'><strong>Salomone</strong></span> <span class='ocrx_word' id='word_1_67' title='bbox 867 1268 1255 1323; x_wconf 89' lang='lat' dir='ltr'><strong>constructum,</strong></span> <span class='ocrx_word' id='word_1_68' title='bbox 1288 1275 1387 1314; x_wconf 88' lang='lat' dir='ltr'><strong>nec</strong></span> <span class='ocrx_word' id='word_1_69' title='bbox 1415 1269 1611 1327; x_wconf 76' lang='lat' dir='ltr'><strong>pnetcr</strong></span> <span class='ocrx_word' id='word_1_70' title='bbox 1647 1257 1774 1311; x_wconf 91' lang='lat' dir='ltr'><strong>illud</strong></span> 
     </span>
    </p>
   </div>
   <div class='ocr_carea' id='block_1_13' title="bbox 207 1327 1777 1393">
    <p class='ocr_par' dir='ltr' id='par_1_13' title="bbox 207 1327 1777 1393">
     <span class='ocr_line' id='line_1_13' title="bbox 207 1327 1777 1393; baseline 0.001 -14"><span class='ocrx_word' id='word_1_71' title='bbox 207 1327 402 1380; x_wconf 85' lang='lat' dir='ltr'><strong>alicubi</strong></span> <span class='ocrx_word' id='word_1_72' title='bbox 451 1327 654 1381; x_wconf 90' lang='lat' dir='ltr'><strong>hostias</strong></span> <span class='ocrx_word' id='word_1_73' title='bbox 686 1327 948 1381; x_wconf 89' lang='lat' dir='ltr'><strong>immolari</strong></span> <span class='ocrx_word' id='word_1_74' title='bbox 996 1329 1198 1383; x_wconf 88' lang='lat' dir='ltr'><strong>licitmn</strong></span> <span class='ocrx_word' id='word_1_75' title='bbox 1245 1337 1382 1384; x_wconf 89' lang='lat' dir='ltr'><strong>erat.</strong></span> <span class='ocrx_word' id='word_1_76' title='bbox 1432 1331 1560 1393; x_wconf 70' lang='lat' dir='ltr'><strong>Quae</strong></span> <span class='ocrx_word' id='word_1_77' title='bbox 1597 1329 1777 1381; x_wconf 88' lang='lat' dir='ltr'><strong>omnia</strong></span> 
     </span>
    </p>
   </div>
   <div class='ocr_carea' id='block_1_14' title="bbox 208 1395 1780 1467">
    <p class='ocr_par' dir='ltr' id='par_1_14' title="bbox 208 1395 1780 1467">
     <span class='ocr_line' id='line_1_14' title="bbox 208 1395 1780 1467; baseline 0.001 -18"><span class='ocrx_word' id='word_1_78' title='bbox 208 1397 346 1449; x_wconf 82' lang='lat' dir='ltr'><strong>tunc</strong></span> <span class='ocrx_word' id='word_1_79' title='bbox 366 1412 417 1449; x_wconf 90' lang='grc' dir='ltr'><strong>ιιι</strong></span> <span class='ocrx_word' id='word_1_80' title='bbox 447 1395 613 1464; x_wconf 85' lang='lat' dir='ltr'><strong>ﬁgura</strong></span> <span class='ocrx_word' id='word_1_81' title='bbox 641 1407 828 1461; x_wconf 85' lang='lat' dir='ltr'><strong>erant,</strong></span> <span class='ocrx_word' id='word_1_82' title='bbox 879 1401 1266 1452; x_wconf 84' lang='lat' dir='ltr'><strong>cutnnecdutn</strong></span> <span class='ocrx_word' id='word_1_83' title='bbox 1319 1409 1527 1467; x_wconf 86' lang='lat' dir='ltr'><strong>tempus</strong></span> <span class='ocrx_word' id='word_1_84' title='bbox 1561 1406 1780 1451; x_wconf 82' lang='lat' dir='ltr'><strong>venerat</strong></span> 
     </span>
    </p>
   </div>
   <div class='ocr_carea' id='block_1_15' title="bbox 206 1467 1788 1538">
    <p class='ocr_par' dir='ltr' id='par_1_15' title="bbox 206 1467 1788 1538">
     <span class='ocr_line' id='line_1_15' title="bbox 206 1467 1788 1538; baseline 0.001 -20"><span class='ocrx_word' id='word_1_85' title='bbox 206 1467 699 1538; x_wconf 49' lang='lat' dir='ltr'><strong>exstruendaiarze,</strong></span> <span class='ocrx_word' id='word_1_86' title='bbox 732 1467 784 1519; x_wconf 94' lang='lat' dir='ltr'><strong>in</strong></span> <span class='ocrx_word' id='word_1_87' title='bbox 811 1483 916 1538; x_wconf 89' lang='lat' dir='ltr'><strong>qua</strong></span> <span class='ocrx_word' id='word_1_88' title='bbox 942 1468 1228 1538; x_wconf 77' lang='lat' dir='ltr'><strong>singularis</strong></span> <span class='ocrx_word' id='word_1_89' title='bbox 1253 1467 1436 1538; x_wconf 81' lang='lat' dir='ltr'><strong>Agnus</strong></span> <span class='ocrx_word' id='word_1_90' title='bbox 1467 1468 1788 1521; x_wconf 88' lang='lat' dir='ltr'><strong>immolatus-</strong></span> 
     </span>
    </p>
   </div>
   <div class='ocr_carea' id='block_1_16' title="bbox 209 1534 1776 1606">
    <p class='ocr_par' dir='ltr' id='par_1_16' title="bbox 209 1534 1776 1606">
     <span class='ocr_line' id='line_1_16' title="bbox 209 1534 1776 1606; baseline 0.003 -20"><span class='ocrx_word' id='word_1_91' title='bbox 209 1534 620 1606; x_wconf 63' lang='lat' dir='ltr'><strong>typicis__lto.+tiis</strong></span> <span class='ocrx_word' id='word_1_92' title='bbox 665 1534 1171 1606; x_wconf 57' lang='lat' dir='ltr'><strong>lineniimponéret,</strong></span> <span class='ocrx_word' id='word_1_93' title='bbox 1221 1534 1381 1606; x_wconf 71' lang='lat' dir='ltr'><strong>atque</strong></span> <span class='ocrx_word' id='word_1_94' title='bbox 1415 1538 1465 1591; x_wconf 91' lang='lat' dir='ltr'><strong>in</strong></span> <span class='ocrx_word' id='word_1_95' title='bbox 1495 1551 1553 1590; x_wconf 89' lang='lat' dir='ltr'><strong>se</strong></span> <span class='ocrx_word' id='word_1_96' title='bbox 1583 1545 1776 1591; x_wconf 87' lang='lat' dir='ltr'><strong>cuncta</strong></span> 
     </span>
    </p>
   </div>
   <div class='ocr_carea' id='block_1_17' title="bbox 206 1603 1776 1677">
    <p class='ocr_par' dir='ltr' id='par_1_17' title="bbox 206 1603 1776 1677">
     <span class='ocr_line' id='line_1_17' title="bbox 206 1603 1776 1677; baseline 0.003 -24"><span class='ocrx_word' id='word_1_97' title='bbox 206 1617 326 1677; x_wconf 64' lang='lat' dir='ltr'><strong>qua;</strong></span> <span class='ocrx_word' id='word_1_98' title='bbox 379 1603 467 1655; x_wconf 93' lang='lat' dir='ltr'><strong>illo</strong></span> <span class='ocrx_word' id='word_1_99' title='bbox 516 1612 754 1677; x_wconf 77' lang='lat' dir='ltr'><strong>tempore</strong></span> <span class='ocrx_word' id='word_1_100' title='bbox 796 1603 1246 1661; x_wconf 65' lang='lat' dir='ltr'><strong>inenarrabilibus</strong></span> <span class='ocrx_word' id='word_1_101' title='bbox 1288 1603 1556 1677; x_wconf 80' lang='lat' dir='ltr'><strong>mysteriis</strong></span> <span class='ocrx_word' id='word_1_102' title='bbox 1584 1607 1776 1660; x_wconf 65' lang='lat' dir='ltr'><strong>atlum-</strong></span> 
     </span>
    </p>
   </div>
   <div class='ocr_carea' id='block_1_18' title="bbox 205 1671 1778 1746">
    <p class='ocr_par' dir='ltr' id='par_1_18' title="bbox 205 1671 1778 1746">
     <span class='ocr_line' id='line_1_18' title="bbox 205 1671 1778 1746; baseline 0.001 -22"><span class='ocrx_word' id='word_1_103' title='bbox 205 1671 527 1746; x_wconf 76' lang='lat' dir='ltr'><strong>hrabantur,</strong></span> <span class='ocrx_word' id='word_1_104' title='bbox 575 1671 789 1746; x_wconf 81' lang='lat' dir='ltr'><strong>impleta</strong></span> <span class='ocrx_word' id='word_1_105' title='bbox 831 1677 1066 1729; x_wconf 82' lang='lat' dir='ltr'><strong>doceret.</strong></span> <span class='ocrx_word' id='word_1_106' title='bbox 1133 1671 1365 1731; x_wconf 81' lang='lat' dir='ltr'><strong>Abolitis</strong></span> <span class='ocrx_word' id='word_1_107' title='bbox 1409 1692 1536 1746; x_wconf 86' lang='lat' dir='ltr'><strong>ergo</strong></span> <span class='ocrx_word' id='word_1_108' title='bbox 1581 1677 1778 1746; x_wconf 86' lang='lat' dir='ltr'><strong>veteris</strong></span> 
     </span>
    </p>
   </div>
   <div class='ocr_carea' id='block_1_19' title="bbox 205 1740 1774 1814">
    <p class='ocr_par' dir='ltr' id='par_1_19' title="bbox 205 1740 1774 1814">
     <span class='ocr_line' id='line_1_19' title="bbox 205 1740 1774 1814; baseline 0.001 -19"><span class='ocrx_word' id='word_1_109' title='bbox 205 1740 341 1814; x_wconf 75' lang='lat' dir='ltr'><strong>legis</strong></span> <span class='ocrx_word' id='word_1_110' title='bbox 364 1740 736 1814; x_wconf 77' lang='lat' dir='ltr'><strong>sacramentis,</strong></span> <span class='ocrx_word' id='word_1_111' title='bbox 779 1757 1088 1800; x_wconf 87' lang='lat' dir='ltr'><strong>sanctorum</strong></span> <span class='ocrx_word' id='word_1_112' title='bbox 1139 1761 1351 1814; x_wconf 86' lang='lat' dir='ltr'><strong>quoque</strong></span> <span class='ocrx_word' id='word_1_113' title='bbox 1387 1740 1643 1800; x_wconf 73' lang='lat' dir='ltr'><strong>memoria</strong></span> <span class='ocrx_word' id='word_1_114' title='bbox 1685 1745 1774 1812; x_wconf 90' lang='lat' dir='ltr'><strong>qui</strong></span> 
     </span>
    </p>
   </div>
   <div class='ocr_carea' id='block_1_20' title="bbox 205 1810 1776 1884">
    <p class='ocr_par' dir='ltr' id='par_1_20' title="bbox 205 1810 1776 1884">
     <span class='ocr_line' id='line_1_20' title="bbox 205 1810 1776 1884; baseline 0.004 -22"><span class='ocrx_word' id='word_1_115' title='bbox 205 1810 568 1884; x_wconf 35' lang='lat' dir='ltr'><strong>illoutempore</strong></span> <span class='ocrx_word' id='word_1_116' title='bbox 597 1812 831 1884; x_wconf 82' lang='lat' dir='ltr'><strong>fuerunt,</strong></span> <span class='ocrx_word' id='word_1_117' title='bbox 862 1816 1059 1884; x_wconf 83' lang='lat' dir='ltr'><strong>quique</strong></span> <span class='ocrx_word' id='word_1_118' title='bbox 1091 1810 1202 1884; x_wconf 82' lang='lat' dir='ltr'><strong>ipsa</strong></span> <span class='ocrx_word' id='word_1_119' title='bbox 1233 1810 1340 1868; x_wconf 79' lang='lat' dir='ltr'><strong>tam</strong></span> <span class='ocrx_word' id='word_1_120' title='bbox 1371 1816 1588 1870; x_wconf 77' lang='lat' dir='ltr'><strong>vocibus</strong></span> <span class='ocrx_word' id='word_1_121' title='bbox 1614 1810 1776 1884; x_wconf 55' lang='lat' dir='ltr'><strong>quam</strong></span> 
     </span>
    </p>
   </div>
   <div class='ocr_carea' id='block_1_21' title="bbox 204 1880 1778 1954">
    <p class='ocr_par' dir='ltr' id='par_1_21' title="bbox 204 1880 1778 1954">
     <span class='ocr_line' id='line_1_21' title="bbox 204 1880 1778 1954; baseline 0.002 -23"><span class='ocrx_word' id='word_1_122' title='bbox 204 1880 421 1954; x_wconf 82' lang='lat' dir='ltr'><strong>actibus</strong></span> <span class='ocrx_word' id='word_1_123' title='bbox 448 1883 803 1954; x_wconf 70' lang='lat' dir='ltr'><strong>praztulerunt</strong></span> <span class='ocrx_word' id='word_1_124' title='bbox 826 1880 1064 1954; x_wconf 40' lang='lat' dir='ltr'><strong>sy&#39;mbola</strong></span> <span class='ocrx_word' id='word_1_125' title='bbox 1094 1880 1394 1940; x_wconf 65' lang='lat' dir='ltr'><strong>Futurorum</strong></span> <span class='ocrx_word' id='word_1_126' title='bbox 1416 1884 1538 1952; x_wconf 74' lang='lat' dir='ltr'><strong>jure</strong></span> <span class='ocrx_word' id='word_1_127' title='bbox 1585 1880 1778 1954; x_wconf 79' lang='lat' dir='ltr'><strong>(quau-</strong></span> 
     </span>
    </p>
   </div>
   <div class='ocr_carea' id='block_1_22' title="bbox 205 1950 1777 2023">
    <p class='ocr_par' dir='ltr' id='par_1_22' title="bbox 205 1950 1777 2023">
     <span class='ocr_line' id='line_1_22' title="bbox 205 1950 1777 2023; baseline 0.004 -23"><span class='ocrx_word' id='word_1_128' title='bbox 205 1958 336 2023; x_wconf 86' lang='lat' dir='ltr'><strong>_tum_</strong></span> <span class='ocrx_word' id='word_1_129' title='bbox 353 1951 417 2023; x_wconf 83' lang='lat' dir='ltr'><strong>ad</strong></span> <span class='ocrx_word' id='word_1_130' title='bbox 443 1950 644 2023; x_wconf 72' lang='lat' dir='ltr'><strong>coitum</strong></span> <span class='ocrx_word' id='word_1_131' title='bbox 673 1950 942 2008; x_wconf 73' lang='lat' dir='ltr'><strong>celebrem</strong></span> <span class='ocrx_word' id='word_1_132' title='bbox 976 1954 1240 2023; x_wconf 83' lang='lat' dir='ltr'><strong>pertinet)</strong></span> <span class='ocrx_word' id='word_1_133' title='bbox 1269 1950 1511 2023; x_wconf 81' lang='lat' dir='ltr'><strong>subsedit</strong></span> <span class='ocrx_word' id='word_1_134' title='bbox 1530 1994 1542 2014; x_wconf 90' lang='lat'><strong>,</strong></span> <span class='ocrx_word' id='word_1_135' title='bbox 1593 1950 1649 2006; x_wconf 79' lang='lat' dir='ltr'><strong>ut</strong></span> <span class='ocrx_word' id='word_1_136' title='bbox 1677 1967 1777 2006; x_wconf 86' lang='lat' dir='ltr'><strong>nec</strong></span> 
     </span>
    </p>
   </div>
   <div class='ocr_carea' id='block_1_23' title="bbox 202 2017 1771 2092">
    <p class='ocr_par' dir='ltr' id='par_1_23' title="bbox 202 2017 1771 2092">
     <span class='ocr_line' id='line_1_23' title="bbox 202 2017 1771 2092; baseline 0.003 -22"><span class='ocrx_word' id='word_1_137' title='bbox 202 2017 254 2070; x_wconf 90' lang='lat' dir='ltr'><strong>in</strong></span> <span class='ocrx_word' id='word_1_138' title='bbox 294 2018 534 2092; x_wconf 81' lang='lat' dir='ltr'><strong>Ecclesia</strong></span> <span class='ocrx_word' id='word_1_139' title='bbox 562 2022 661 2074; x_wconf 87' lang='lat' dir='ltr'><strong>sub</strong></span> <span class='ocrx_word' id='word_1_140' title='bbox 685 2039 871 2076; x_wconf 89' lang='lat' dir='ltr'><strong>eorum</strong></span> <span class='ocrx_word' id='word_1_141' title='bbox 901 2017 1204 2077; x_wconf 78' lang='lat' dir='ltr'><strong>noininilms</strong></span> <span class='ocrx_word' id='word_1_142' title='bbox 1225 2017 1425 2092; x_wconf 80' lang='lat' dir='ltr'><strong>preces</strong></span> <span class='ocrx_word' id='word_1_143' title='bbox 1459 2022 1771 2092; x_wconf 79' lang='lat' dir='ltr'><strong>fundantur,</strong></span> 
     </span>
    </p>
   </div>
   <div class='ocr_carea' id='block_1_24' title="bbox 204 2088 1775 2148">
    <p class='ocr_par' dir='ltr' id='par_1_24' title="bbox 204 2088 1775 2148">
     <span class='ocr_line' id='line_1_24' title="bbox 204 2088 1775 2148; baseline 0.003 -9"><span class='ocrx_word' id='word_1_144' title='bbox 204 2103 306 2140; x_wconf 84' lang='lat' dir='ltr'><strong>nec</strong></span> <span class='ocrx_word' id='word_1_145' title='bbox 338 2088 532 2142; x_wconf 86' lang='lat' dir='ltr'><strong>sacella</strong></span> <span class='ocrx_word' id='word_1_146' title='bbox 564 2101 966 2146; x_wconf 89' lang='lat' dir='ltr'><strong>construantur.</strong></span> <span class='ocrx_word' id='word_1_147' title='bbox 1004 2094 1156 2147; x_wconf 77' lang='lat' dir='ltr'><strong>Nunc</strong></span> <span class='ocrx_word' id='word_1_148' title='bbox 1180 2088 1357 2146; x_wconf 77' lang='lat' dir='ltr'><strong>autem</strong></span> <span class='ocrx_word' id='word_1_149' title='bbox 1391 2093 1602 2148; x_wconf 87' lang='lat' dir='ltr'><strong>sublato</strong></span> <span class='ocrx_word' id='word_1_150' title='bbox 1633 2090 1775 2145; x_wconf 88' lang='lat' dir='ltr'><strong>vela-</strong></span> 
     </span>
    </p>
   </div>
   <div class='ocr_carea' id='block_1_25' title="bbox 201 2158 1775 2233">
    <p class='ocr_par' dir='ltr' id='par_1_25' title="bbox 201 2158 1775 2233">
     <span class='ocr_line' id='line_1_25' title="bbox 201 2158 1775 2233; baseline 0.003 -23"><span class='ocrx_word' id='word_1_151' title='bbox 201 2159 350 2210; x_wconf 77' lang='lat' dir='ltr'><strong>mine</strong></span> <span class='ocrx_word' id='word_1_152' title='bbox 371 2158 685 2228; x_wconf 81' lang='lat' dir='ltr'><strong>ﬁgurarum,</strong></span> <span class='ocrx_word' id='word_1_153' title='bbox 717 2171 770 2215; x_wconf 89' lang='lat' dir='ltr'><strong>et</strong></span> <span class='ocrx_word' id='word_1_154' title='bbox 795 2162 1034 2216; x_wconf 84' lang='lat' dir='ltr'><strong>veritatis</strong></span> <span class='ocrx_word' id='word_1_155' title='bbox 1058 2163 1173 2217; x_wconf 88' lang='lat' dir='ltr'><strong>luce</strong></span> <span class='ocrx_word' id='word_1_156' title='bbox 1198 2163 1454 2227; x_wconf 86' lang='lat' dir='ltr'><strong>revelata,</strong></span> <span class='ocrx_word' id='word_1_157' title='bbox 1480 2177 1576 2233; x_wconf 89' lang='lat' dir='ltr'><strong>per</strong></span> <span class='ocrx_word' id='word_1_158' title='bbox 1607 2170 1775 2216; x_wconf 91' lang='lat' dir='ltr'><strong>totum</strong></span> 
     </span>
    </p>
   </div>
   <div class='ocr_carea' id='block_1_26' title="bbox 1885 773 3459 838">
    <p class='ocr_par' dir='ltr' id='par_1_26' title="bbox 1885 773 3459 838">
     <span class='ocr_line' id='line_1_26' title="bbox 1885 773 3459 838; baseline -0.001 -12"><span class='ocrx_word' id='word_1_159' title='bbox 1885 782 1970 826; x_wconf 92' lang='lat' dir='ltr'><strong>tur</strong></span> <span class='ocrx_word' id='word_1_160' title='bbox 1997 776 2241 830; x_wconf 66' lang='lat' dir='ltr'><strong>ecclesiae</strong></span> <span class='ocrx_word' id='word_1_161' title='bbox 2274 773 2324 829; x_wconf 84' lang='lat' dir='ltr'><strong>in</strong></span> <span class='ocrx_word' id='word_1_162' title='bbox 2357 773 2662 829; x_wconf 76' lang='lat' dir='ltr'><strong>sanctorum</strong></span> <span class='ocrx_word' id='word_1_163' title='bbox 2697 775 3036 838; x_wconf 85' lang='lat' dir='ltr'><strong>nominibus,</strong></span> <span class='ocrx_word' id='word_1_164' title='bbox 3067 773 3134 827; x_wconf 90' lang='lat' dir='ltr'><strong>ad</strong></span> <span class='ocrx_word' id='word_1_165' title='bbox 3164 773 3374 826; x_wconf 89' lang='lat' dir='ltr'><strong>laudem</strong></span> <span class='ocrx_word' id='word_1_166' title='bbox 3402 782 3459 826; x_wconf 86' lang='lat' dir='ltr'><strong>et</strong></span> 
     </span>
    </p>
   </div>
   <div class='ocr_carea' id='block_1_27' title="bbox 1882 841 3458 914">
    <p class='ocr_par' dir='ltr' id='par_1_27' title="bbox 1882 841 3458 914">
     <span class='ocr_line' id='line_1_27' title="bbox 1882 841 3458 914; baseline -0.001 -18"><span class='ocrx_word' id='word_1_167' title='bbox 1882 846 2107 912; x_wconf 84' lang='lat' dir='ltr'><strong>gloriam</strong></span> <span class='ocrx_word' id='word_1_168' title='bbox 2163 845 2396 900; x_wconf 90' lang='lat' dir='ltr'><strong>nominis</strong></span> <span class='ocrx_word' id='word_1_169' title='bbox 2433 845 2550 913; x_wconf 84' lang='lat' dir='ltr'><strong>ejus</strong></span> <span class='ocrx_word' id='word_1_170' title='bbox 2598 845 2689 914; x_wconf 92' lang='lat' dir='ltr'><strong>qui</strong></span> <span class='ocrx_word' id='word_1_171' title='bbox 2727 844 2986 899; x_wconf 87' lang='lat' dir='ltr'><strong>mirabilis</strong></span> <span class='ocrx_word' id='word_1_172' title='bbox 3032 852 3116 898; x_wconf 90' lang='lat' dir='ltr'><strong>est</strong></span> <span class='ocrx_word' id='word_1_173' title='bbox 3159 842 3224 914; x_wconf 91' lang='lat' dir='ltr'><strong>in_</strong></span> <span class='ocrx_word' id='word_1_174' title='bbox 3253 841 3458 914; x_wconf 82' lang='lat' dir='ltr'><strong>sanctis</strong></span> 
     </span>
    </p>
   </div>
   <div class='ocr_carea' id='block_1_28' title="bbox 1881 912 3460 983">
    <p class='ocr_par' dir='ltr' id='par_1_28' title="bbox 1881 912 3460 983">
     <span class='ocr_line' id='line_1_28' title="bbox 1881 912 3460 983; baseline -0.001 -16"><span class='ocrx_word' id='word_1_175' title='bbox 1881 916 2013 978; x_wconf 88' lang='lat' dir='ltr'><strong>suis,</strong></span> <span class='ocrx_word' id='word_1_176' title='bbox 2044 914 2214 969; x_wconf 88' lang='lat' dir='ltr'><strong>donec</strong></span> <span class='ocrx_word' id='word_1_177' title='bbox 2238 912 2705 983; x_wconf 55' lang='lat' dir='ltr'><strong>perveniamtts&#39;ad</strong></span> <span class='ocrx_word' id='word_1_178' title='bbox 2739 914 2866 967; x_wconf 91' lang='lat' dir='ltr'><strong>illud</strong></span> <span class='ocrx_word' id='word_1_179' title='bbox 2909 929 3074 966; x_wconf 90' lang='lat' dir='ltr'><strong>unum</strong></span> <span class='ocrx_word' id='word_1_180' title='bbox 3099 921 3154 967; x_wconf 91' lang='lat' dir='ltr'><strong>et</strong></span> <span class='ocrx_word' id='word_1_181' title='bbox 3181 912 3460 983; x_wconf 72' lang='lat' dir='ltr'><strong>singulare</strong></span> 
     </span>
    </p>
   </div>
   <div class='ocr_carea' id='block_1_29' title="bbox 1883 983 3463 1054">
    <p class='ocr_par' dir='ltr' id='par_1_29' title="bbox 1883 983 3463 1054">
     <span class='ocr_line' id='line_1_29' title="bbox 1883 983 3463 1054; baseline -0.002 -16"><span class='ocrx_word' id='word_1_182' title='bbox 1883 985 2166 1053; x_wconf 89' lang='lat' dir='ltr'><strong>templum,</strong></span> <span class='ocrx_word' id='word_1_183' title='bbox 2220 985 2369 1054; x_wconf 83' lang='lat' dir='ltr'><strong>regni</strong></span> <span class='ocrx_word' id='word_1_184' title='bbox 2423 985 2629 1039; x_wconf 85' lang='lat' dir='ltr'><strong>scilicet</strong></span> <span class='ocrx_word' id='word_1_185' title='bbox 2664 983 2902 1054; x_wconf 73' lang='lat' dir='ltr'><strong>ctelestis</strong></span> <span class='ocrx_word' id='word_1_186' title='bbox 2928 983 3288 1054; x_wconf 80' lang='lat' dir='ltr'><strong>ingressum,</strong></span> <span class='ocrx_word' id='word_1_187' title='bbox 3315 990 3463 1054; x_wconf 75' lang='lat' dir='ltr'><strong>post</strong></span> 
     </span>
    </p>
   </div>
   <div class='ocr_carea' id='block_1_30' title="bbox 1879 1051 3459 1123">
    <p class='ocr_par' dir='ltr' id='par_1_30' title="bbox 1879 1051 3459 1123">
     <span class='ocr_line' id='line_1_30' title="bbox 1879 1051 3459 1123; baseline -0.001 -17"><span class='ocrx_word' id='word_1_188' title='bbox 1879 1051 2030 1123; x_wconf 81' lang='lat' dir='ltr'><strong>quod</strong></span> <span class='ocrx_word' id='word_1_189' title='bbox 2052 1070 2155 1108; x_wconf 92' lang='lat' dir='ltr'><strong>non</strong></span> <span class='ocrx_word' id='word_1_190' title='bbox 2185 1051 2344 1108; x_wconf 80' lang='lat' dir='ltr'><strong>erunt</strong></span> <span class='ocrx_word' id='word_1_191' title='bbox 2392 1054 2556 1107; x_wconf 83' lang='lat' dir='ltr'><strong>multa</strong></span> <span class='ocrx_word' id='word_1_192' title='bbox 2585 1053 2802 1123; x_wconf 82' lang='lat' dir='ltr'><strong>templa,</strong></span> <span class='ocrx_word' id='word_1_193' title='bbox 2845 1053 2938 1123; x_wconf 78' lang='lat' dir='ltr'><strong>sed</strong></span> <span class='ocrx_word' id='word_1_194' title='bbox 2971 1051 3459 1123; x_wconf 10' lang='lat' dir='ltr'><strong>unumrtemplumr,</strong></span> 
     </span>
    </p>
   </div>
   <div class='ocr_carea' id='block_1_31' title="bbox 1859 1121 3465 1191">
    <p class='ocr_par' dir='ltr' id='par_1_31' title="bbox 1859 1121 3465 1191">
     <span class='ocr_line' id='line_1_31' title="bbox 1859 1121 3465 1191; baseline -0.001 -15"><span class='ocrx_word' id='word_1_195' title='bbox 1859 1121 1935 1176; x_wconf 82' lang='lat' dir='ltr'><strong>et</strong></span> <span class='ocrx_word' id='word_1_196' title='bbox 1961 1122 2168 1178; x_wconf 83' lang='lat' dir='ltr'><strong>dicetur</strong></span> <span class='ocrx_word' id='word_1_197' title='bbox 2194 1140 2211 1179; x_wconf 88' lang='lat'><strong>:</strong></span> <span class='ocrx_word' id='word_1_198' title='bbox 2241 1123 2306 1175; x_wconf 86' lang='lat' dir='ltr'><strong>In</strong></span> <span class='ocrx_word' id='word_1_199' title='bbox 2336 1123 2563 1177; x_wconf 73' lang='lat' dir='ltr'><strong>ec&#39;clesit&#39;s</strong></span> <span class='ocrx_word' id='word_1_200' title='bbox 2589 1121 2871 1176; x_wconf 75' lang='lat' dir='ltr'><strong>benédicite</strong></span> <span class='ocrx_word' id='word_1_201' title='bbox 2899 1121 3028 1185; x_wconf 87' lang='lat' dir='ltr'><strong>Deo,</strong></span> <span class='ocrx_word' id='word_1_202' title='bbox 3061 1122 3185 1191; x_wconf 87' lang='lat' dir='ltr'><strong>quia</strong></span> <span class='ocrx_word' id='word_1_203' title='bbox 3204 1137 3322 1191; x_wconf 82' lang='lat' dir='ltr'><strong>una</strong></span> <span class='ocrx_word' id='word_1_204' title='bbox 3358 1122 3465 1176; x_wconf 88' lang='lat' dir='ltr'><strong>erit</strong></span> 
     </span>
    </p>
   </div>
   <div class='ocr_carea' id='block_1_32' title="bbox 1880 1189 3463 1261">
    <p class='ocr_par' dir='ltr' id='par_1_32' title="bbox 1880 1189 3463 1261">
     <span class='ocr_line' id='line_1_32' title="bbox 1880 1189 3463 1261; baseline -0.002 -16"><span class='ocrx_word' id='word_1_205' title='bbox 1880 1192 2122 1248; x_wconf 84' lang='lat' dir='ltr'><strong>Ecclesia</strong></span> <span class='ocrx_word' id='word_1_206' title='bbox 2151 1209 2216 1248; x_wconf 76' lang='lat' dir='ltr'><strong>ex</strong></span> <span class='ocrx_word' id='word_1_207' title='bbox 2245 1193 2431 1248; x_wconf 82' lang='lat' dir='ltr'><strong>decem</strong></span> <span class='ocrx_word' id='word_1_208' title='bbox 2454 1194 2655 1248; x_wconf 90' lang='lat' dir='ltr'><strong>sanctis</strong></span> <span class='ocrx_word' id='word_1_209' title='bbox 2674 1192 2882 1261; x_wconf 86' lang='lat' dir='ltr'><strong>angelis</strong></span> <span class='ocrx_word' id='word_1_210' title='bbox 2921 1202 2974 1245; x_wconf 84' lang='lat' dir='ltr'><strong>et.</strong></span> <span class='ocrx_word' id='word_1_211' title='bbox 2994 1189 3302 1246; x_wconf 87' lang='lat' dir='ltr'><strong>hominibus</strong></span> <span class='ocrx_word' id='word_1_212' title='bbox 3333 1206 3463 1261; x_wconf 87' lang='lat' dir='ltr'><strong>con-</strong></span> 
     </span>
    </p>
   </div>
   <div class='ocr_carea' id='block_1_33' title="bbox 1879 1260 3465 1332">
    <p class='ocr_par' dir='ltr' id='par_1_33' title="bbox 1879 1260 3465 1332">
     <span class='ocr_line' id='line_1_33' title="bbox 1879 1260 3465 1332; baseline 0 -18"><span class='ocrx_word' id='word_1_213' title='bbox 1879 1261 2122 1332; x_wconf 78' lang='lat' dir='ltr'><strong>gregata,</strong></span> <span class='ocrx_word' id='word_1_214' title='bbox 2171 1272 2226 1317; x_wconf 89' lang='lat' dir='ltr'><strong>et</strong></span> <span class='ocrx_word' id='word_1_215' title='bbox 2251 1272 2377 1316; x_wconf 88' lang='lat' dir='ltr'><strong>tunc</strong></span> <span class='ocrx_word' id='word_1_216' title='bbox 2413 1264 2520 1316; x_wconf 88' lang='lat' dir='ltr'><strong>erit</strong></span> <span class='ocrx_word' id='word_1_217' title='bbox 2550 1263 2688 1318; x_wconf 90' lang='lat' dir='ltr'><strong>Deus</strong></span> <span class='ocrx_word' id='word_1_218' title='bbox 2722 1260 2926 1332; x_wconf 83' lang='lat' dir='ltr'><strong>omnia</strong></span> <span class='ocrx_word' id='word_1_219' title='bbox 2950 1262 3002 1314; x_wconf 90' lang='lat' dir='ltr'><strong>in</strong></span> <span class='ocrx_word' id='word_1_220' title='bbox 3030 1261 3301 1332; x_wconf 76' lang='lat' dir='ltr'><strong>omnibus.</strong></span> <span class='ocrx_word' id='word_1_221' title='bbox 3330 1260 3465 1332; x_wconf 17' lang='lat' dir='ltr'><strong>illoc</strong></span> 
     </span>
    </p>
   </div>
   <div class='ocr_carea' id='block_1_34' title="bbox 1878 1328 3459 1402">
    <p class='ocr_par' dir='ltr' id='par_1_34' title="bbox 1878 1328 3459 1402">
     <span class='ocr_line' id='line_1_34' title="bbox 1878 1328 3459 1402; baseline -0.002 -18"><span class='ocrx_word' id='word_1_222' title='bbox 1878 1328 1964 1385; x_wconf 75' lang='lat' dir='ltr'><strong>est</strong></span> <span class='ocrx_word' id='word_1_223' title='bbox 1984 1328 2122 1386; x_wconf 76' lang='lat' dir='ltr'><strong>illud</strong></span> <span class='ocrx_word' id='word_1_224' title='bbox 2154 1333 2430 1402; x_wconf 89' lang='lat' dir='ltr'><strong>templum,</strong></span> <span class='ocrx_word' id='word_1_225' title='bbox 2466 1333 2579 1386; x_wconf 65' lang='lat' dir='ltr'><strong>haec</strong></span> <span class='ocrx_word' id='word_1_226' title='bbox 2626 1331 2713 1402; x_wconf 83' lang='lat' dir='ltr'><strong>illa</strong></span> <span class='ocrx_word' id='word_1_227' title='bbox 2758 1346 2886 1402; x_wconf 83' lang='lat' dir='ltr'><strong>ara,</strong></span> <span class='ocrx_word' id='word_1_228' title='bbox 2916 1331 3164 1402; x_wconf 84' lang='lat' dir='ltr'><strong>interque</strong></span> <span class='ocrx_word' id='word_1_229' title='bbox 3187 1328 3298 1384; x_wconf 88' lang='lat' dir='ltr'><strong>duo</strong></span> <span class='ocrx_word' id='word_1_230' title='bbox 3329 1331 3459 1400; x_wconf 87' lang='lat' dir='ltr'><strong>legi-</strong></span> 
     </span>
    </p>
   </div>
   <div class='ocr_carea' id='block_1_35' title="bbox 1855 1401 3462 1468">
    <p class='ocr_par' dir='ltr' id='par_1_35' title="bbox 1855 1401 3462 1468">
     <span class='ocr_line' id='line_1_35' title="bbox 1855 1401 3462 1468; baseline -0.004 -12"><span class='ocrx_word' id='word_1_231' title='bbox 1855 1411 1968 1456; x_wconf 89' lang='lat' dir='ltr'><strong>-tur</strong></span> <span class='ocrx_word' id='word_1_232' title='bbox 1992 1401 2282 1457; x_wconf 85' lang='lat' dir='ltr'><strong>Zacharias</strong></span> <span class='ocrx_word' id='word_1_233' title='bbox 2309 1402 2627 1457; x_wconf 72' lang='lat' dir='ltr'><strong>interfectus</strong></span> <span class='ocrx_word' id='word_1_234' title='bbox 2653 1401 2836 1455; x_wconf 78' lang='lat' dir='ltr'><strong>fuisse.</strong></span> <span class='ocrx_word' id='word_1_235' title='bbox 2863 1401 2950 1452; x_wconf 86' lang='lat' dir='ltr'><strong>Ait</strong></span> <span class='ocrx_word' id='word_1_236' title='bbox 2978 1401 3121 1453; x_wconf 87' lang='lat' dir='ltr'><strong>enim</strong></span> <span class='ocrx_word' id='word_1_237' title='bbox 3149 1416 3181 1452; x_wconf 92' lang='lat' dir='ltr'><strong>a</strong></span> <span class='ocrx_word' id='word_1_238' title='bbox 3207 1403 3462 1468; x_wconf 78' lang='lat' dir='ltr'><strong>sanguine</strong></span> 
     </span>
    </p>
   </div>
   <div class='ocr_carea' id='block_1_36' title="bbox 1878 1468 3461 1540">
    <p class='ocr_par' dir='ltr' id='par_1_36' title="bbox 1878 1468 3461 1540">
     <span class='ocr_line' id='line_1_36' title="bbox 1878 1468 3461 1540; baseline -0.002 -16"><span class='ocrx_word' id='word_1_239' title='bbox 1878 1472 2005 1525; x_wconf 83' lang='lat' dir='ltr'><strong>Abel</strong></span> <span class='ocrx_word' id='word_1_240' title='bbox 2026 1473 2177 1540; x_wconf 75' lang='lat' dir='ltr'><strong>justi,</strong></span> <span class='ocrx_word' id='word_1_241' title='bbox 2208 1482 2312 1526; x_wconf 85' lang='lat' dir='ltr'><strong>etc.</strong></span> <span class='ocrx_word' id='word_1_242' title='bbox 2369 1471 2586 1540; x_wconf 81' lang='lat' dir='ltr'><strong>(Matth.</strong></span> <span class='ocrx_word' id='word_1_243' title='bbox 2615 1485 2770 1535; x_wconf 74' lang='lat' dir='ltr'><strong>nun,</strong></span> <span class='ocrx_word' id='word_1_244' title='bbox 2807 1468 3121 1540; x_wconf 10' lang='lat' dir='ltr'><strong>55.)7Abel,</strong></span> <span class='ocrx_word' id='word_1_245' title='bbox 3162 1471 3251 1536; x_wconf 91' lang='lat' dir='ltr'><strong>qui</strong></span> <span class='ocrx_word' id='word_1_246' title='bbox 3288 1469 3461 1540; x_wconf 65' lang='lat' dir='ltr'><strong>(aqua</strong></span> 
     </span>
    </p>
   </div>
   <div class='ocr_carea' id='block_1_37' title="bbox 1878 1537 3458 1610">
    <p class='ocr_par' dir='ltr' id='par_1_37' title="bbox 1878 1537 3458 1610">
     <span class='ocr_line' id='line_1_37' title="bbox 1878 1537 3458 1610; baseline -0.004 -15"><span class='ocrx_word' id='word_1_247' title='bbox 1878 1542 1961 1596; x_wconf 87' lang='lat' dir='ltr'><strong>vel</strong></span> <span class='ocrx_word' id='word_1_248' title='bbox 2009 1537 2168 1610; x_wconf 61' lang='lat' dir='ltr'><strong>caput</strong></span> <span class='ocrx_word' id='word_1_249' title='bbox 2197 1537 2604 1609; x_wconf 80' lang='lat' dir='ltr'><strong>interpretatur,</strong></span> <span class='ocrx_word' id='word_1_250' title='bbox 2653 1548 2872 1610; x_wconf 88' lang='lat' dir='ltr'><strong>sanctos</strong></span> <span class='ocrx_word' id='word_1_251' title='bbox 2903 1537 3186 1610; x_wconf 84' lang='lat' dir='ltr'><strong>designat,</strong></span> <span class='ocrx_word' id='word_1_252' title='bbox 3215 1537 3306 1606; x_wconf 86' lang='lat' dir='ltr'><strong>qui</strong></span> <span class='ocrx_word' id='word_1_253' title='bbox 3356 1538 3458 1610; x_wconf 76' lang='lat' dir='ltr'><strong>Do-</strong></span> 
     </span>
    </p>
   </div>
   <div class='ocr_carea' id='block_1_38' title="bbox 1879 1607 3456 1678">
    <p class='ocr_par' dir='ltr' id='par_1_38' title="bbox 1879 1607 3456 1678">
     <span class='ocr_line' id='line_1_38' title="bbox 1879 1607 3456 1678; baseline -0.006 -14"><span class='ocrx_word' id='word_1_254' title='bbox 1879 1611 2005 1664; x_wconf 90' lang='lat' dir='ltr'><strong>mini</strong></span> <span class='ocrx_word' id='word_1_255' title='bbox 2033 1607 2772 1678; x_wconf 42' lang='lat' dir='ltr'><strong>passionem‘pnecesserunt.</strong></span> <span class='ocrx_word' id='word_1_256' title='bbox 2806 1609 3099 1663; x_wconf 80' lang='lat' dir='ltr'><strong>Zacharias</strong></span> <span class='ocrx_word' id='word_1_257' title='bbox 3125 1623 3252 1678; x_wconf 83' lang='lat' dir='ltr'><strong>vero</strong></span> <span class='ocrx_word' id='word_1_258' title='bbox 3281 1607 3372 1676; x_wconf 88' lang='lat' dir='ltr'><strong>qui</strong></span> <span class='ocrx_word' id='word_1_259' title='bbox 3403 1610 3456 1656; x_wconf 81' lang='lat' dir='ltr'><strong>in</strong></span> 
     </span>
    </p>
   </div>
   <div class='ocr_carea' id='block_1_39' title="bbox 1878 1677 3459 1743">
    <p class='ocr_par' dir='ltr' id='par_1_39' title="bbox 1878 1677 3459 1743">
     <span class='ocr_line' id='line_1_39' title="bbox 1878 1677 3459 1743; baseline -0.003 -11"><span class='ocrx_word' id='word_1_260' title='bbox 1878 1677 2128 1734; x_wconf 83' lang='lat' dir='ltr'><strong>memoria</strong></span> <span class='ocrx_word' id='word_1_261' title='bbox 2165 1677 2396 1743; x_wconf 72' lang='lat' dir='ltr'><strong>Dommi,</strong></span> <span class='ocrx_word' id='word_1_262' title='bbox 2427 1680 2511 1733; x_wconf 87' lang='lat' dir='ltr'><strong>vel</strong></span> <span class='ocrx_word' id='word_1_263' title='bbox 2538 1695 2830 1733; x_wconf 82' lang='lat' dir='ltr'><strong>memorans</strong></span> <span class='ocrx_word' id='word_1_264' title='bbox 2864 1678 3076 1730; x_wconf 81' lang='lat' dir='ltr'><strong>Domini</strong></span> <span class='ocrx_word' id='word_1_265' title='bbox 3112 1677 3330 1739; x_wconf 87' lang='lat' dir='ltr'><strong>dicitur,</strong></span> <span class='ocrx_word' id='word_1_266' title='bbox 3364 1691 3459 1729; x_wconf 84' lang='lat' dir='ltr'><strong>eos</strong></span> 
     </span>
    </p>
   </div>
   <div class='ocr_carea' id='block_1_40' title="bbox 1879 1745 3462 1819">
    <p class='ocr_par' dir='ltr' id='par_1_40' title="bbox 1879 1745 3462 1819">
     <span class='ocr_line' id='line_1_40' title="bbox 1879 1745 3462 1819; baseline -0.006 -15"><span class='ocrx_word' id='word_1_267' title='bbox 1879 1750 2127 1819; x_wconf 81' lang='lat' dir='ltr'><strong>designat</strong></span> <span class='ocrx_word' id='word_1_268' title='bbox 2153 1750 2242 1818; x_wconf 88' lang='lat' dir='ltr'><strong>qui</strong></span> <span class='ocrx_word' id='word_1_269' title='bbox 2275 1751 2416 1818; x_wconf 87' lang='lat' dir='ltr'><strong>passi</strong></span> <span class='ocrx_word' id='word_1_270' title='bbox 2448 1761 2574 1802; x_wconf 91' lang='lat' dir='ltr'><strong>sunt</strong></span> <span class='ocrx_word' id='word_1_271' title='bbox 2602 1748 2695 1819; x_wconf 82' lang='lat' dir='ltr'><strong>vel</strong></span> <span class='ocrx_word' id='word_1_272' title='bbox 2713 1748 2983 1819; x_wconf 75' lang='lat' dir='ltr'><strong>patienter</strong></span> <span class='ocrx_word' id='word_1_273' title='bbox 3017 1764 3047 1819; x_wconf 88' lang='lat' dir='ltr'><strong>a_</strong></span> <span class='ocrx_word' id='word_1_274' title='bbox 3081 1747 3329 1814; x_wconf 83' lang='lat' dir='ltr'><strong>passione</strong></span> <span class='ocrx_word' id='word_1_275' title='bbox 3351 1745 3462 1819; x_wconf 67' lang='grc' dir='ltr'><strong>ΔΙ)‹ι‹</strong></span> 
     </span>
    </p>
   </div>
   <div class='ocr_carea' id='block_1_41' title="bbox 1877 1814 3458 1888">
    <p class='ocr_par' dir='ltr' id='par_1_41' title="bbox 1877 1814 3458 1888">
     <span class='ocr_line' id='line_1_41' title="bbox 1877 1814 3458 1888; baseline -0.004 -16"><span class='ocrx_word' id='word_1_276' title='bbox 1877 1814 2024 1872; x_wconf 78' lang='grc' dir='ltr'>ιιιἰηῖ</span> <span class='ocrx_word' id='word_1_277' title='bbox 2043 1814 2212 1888; x_wconf 80' lang='lat' dir='ltr'><strong>usque</strong></span> <span class='ocrx_word' id='word_1_278' title='bbox 2249 1814 2315 1872; x_wconf 79' lang='lat' dir='ltr'><strong>ad</strong></span> <span class='ocrx_word' id='word_1_279' title='bbox 2347 1819 2509 1873; x_wconf 82' lang='lat' dir='ltr'><strong>linem</strong></span> <span class='ocrx_word' id='word_1_280' title='bbox 2539 1814 2740 1888; x_wconf 57' lang='lat' dir='ltr'><strong>sreculi&#39;.</strong></span> <span class='ocrx_word' id='word_1_281' title='bbox 2778 1817 2840 1888; x_wconf 83' lang='lat' dir='ltr'><strong>Et</strong></span> <span class='ocrx_word' id='word_1_282' title='bbox 2865 1817 3002 1870; x_wconf 88' lang='lat' dir='ltr'><strong>bene</strong></span> <span class='ocrx_word' id='word_1_283' title='bbox 3033 1814 3458 1888; x_wconf 51' lang='lat' dir='ltr'><strong>inte-[templum</strong></span> 
     </span>
    </p>
   </div>
   <div class='ocr_carea' id='block_1_42' title="bbox 1877 1884 3462 1954">
    <p class='ocr_par' dir='ltr' id='par_1_42' title="bbox 1877 1884 3462 1954">
     <span class='ocr_line' id='line_1_42' title="bbox 1877 1884 3462 1954; baseline -0.005 -11"><span class='ocrx_word' id='word_1_284' title='bbox 1877 1897 1931 1943; x_wconf 91' lang='lat' dir='ltr'><strong>et</strong></span> <span class='ocrx_word' id='word_1_285' title='bbox 1961 1884 2141 1942; x_wconf 75' lang='lat' dir='ltr'><strong>altare</strong></span> <span class='ocrx_word' id='word_1_286' title='bbox 2157 1889 2370 1943; x_wconf 87' lang='lat' dir='ltr'><strong>occisus</strong></span> <span class='ocrx_word' id='word_1_287' title='bbox 2399 1888 2619 1950; x_wconf 89' lang='lat' dir='ltr'><strong>dicitur,</strong></span> <span class='ocrx_word' id='word_1_288' title='bbox 2655 1886 2779 1954; x_wconf 88' lang='lat' dir='ltr'><strong>quia</strong></span> <span class='ocrx_word' id='word_1_289' title='bbox 2816 1887 2955 1940; x_wconf 90' lang='lat' dir='ltr'><strong>intra</strong></span> <span class='ocrx_word' id='word_1_290' title='bbox 2989 1900 3136 1938; x_wconf 88' lang='lat' dir='ltr'><strong>aram</strong></span> <span class='ocrx_word' id='word_1_291' title='bbox 3172 1884 3462 1937; x_wconf 71' lang='lat' dir='ltr'><strong>Dominiea:</strong></span> 
     </span>
    </p>
   </div>
   <div class='ocr_carea' id='block_1_43' title="bbox 1877 1954 3456 2028">
    <p class='ocr_par' dir='ltr' id='par_1_43' title="bbox 1877 1954 3456 2028">
     <span class='ocr_line' id='line_1_43' title="bbox 1877 1954 3456 2028; baseline -0.004 -18"><span class='ocrx_word' id='word_1_292' title='bbox 1877 1959 2146 2028; x_wconf 89' lang='lat' dir='ltr'><strong>passionis</strong></span> <span class='ocrx_word' id='word_1_293' title='bbox 2171 1966 2226 2011; x_wconf 89' lang='lat' dir='ltr'><strong>et</strong></span> <span class='ocrx_word' id='word_1_294' title='bbox 2255 1959 2557 2028; x_wconf 82' lang='lat' dir='ltr'><strong>ingressum</strong></span> <span class='ocrx_word' id='word_1_295' title='bbox 2587 1956 2738 2028; x_wconf 83' lang='lat' dir='ltr'><strong>regni</strong></span> <span class='ocrx_word' id='word_1_296' title='bbox 2772 1955 3011 2028; x_wconf 67' lang='lat' dir='ltr'><strong>cmlestis</strong></span> <span class='ocrx_word' id='word_1_297' title='bbox 3031 1954 3318 2028; x_wconf 84' lang='lat' dir='ltr'><strong>multitudo</strong></span> <span class='ocrx_word' id='word_1_298' title='bbox 3344 1970 3456 2006; x_wconf 83' lang='lat' dir='ltr'><strong>om-</strong></span> 
     </span>
    </p>
   </div>
   <div class='ocr_carea' id='block_1_44' title="bbox 1804 2024 3454 2120">
    <p class='ocr_par' dir='ltr' id='par_1_44' title="bbox 1804 2024 3454 2120">
     <span class='ocr_line' id='line_1_44' title="bbox 1804 2024 3454 2120; baseline -0.005 -38"><span class='ocrx_word' id='word_1_299' title='bbox 1804 2060 1850 2120; x_wconf 77' lang='grc' dir='ltr'><strong>Β</strong></span> <span class='ocrx_word' id='word_1_300' title='bbox 1879 2024 2025 2120; x_wconf 68' lang='lat' dir='ltr'><strong>itnimn</strong></span> <span class='ocrx_word' id='word_1_301' title='bbox 2056 2024 2363 2120; x_wconf 60' lang='lat' dir='ltr'><strong>sanctorum</strong></span> <span class='ocrx_word' id='word_1_302' title='bbox 2394 2043 2492 2096; x_wconf 92' lang='lat' dir='ltr'><strong>pro</strong></span> <span class='ocrx_word' id='word_1_303' title='bbox 2512 2024 2728 2081; x_wconf 77' lang='lat' dir='ltr'><strong>Christo</strong></span> <span class='ocrx_word' id='word_1_304' title='bbox 2752 2025 3004 2096; x_wconf 87' lang='lat' dir='ltr'><strong>patietur,</strong></span> <span class='ocrx_word' id='word_1_305' title='bbox 3033 2024 3203 2078; x_wconf 87' lang='lat' dir='ltr'><strong>donec</strong></span> <span class='ocrx_word' id='word_1_306' title='bbox 3234 2039 3454 2092; x_wconf 79' lang='lat' dir='ltr'><strong>regnum</strong></span> 
     </span>
    </p>
   </div>
   <div class='ocr_carea' id='block_1_45' title="bbox 1883 2097 2400 2154">
    <p class='ocr_par' dir='ltr' id='par_1_45' title="bbox 1883 2097 2400 2154">
     <span class='ocr_line' id='line_1_45' title="bbox 1883 2097 2400 2154; baseline -0.004 -2"><span class='ocrx_word' id='word_1_307' title='bbox 1883 2097 1979 2154; x_wconf 85' lang='lat' dir='ltr'><strong>Dei</strong></span> <span class='ocrx_word' id='word_1_308' title='bbox 2009 2097 2400 2154; x_wconf 83' lang='lat' dir='ltr'><strong>ntanil‘estetur.</strong></span> 
     </span>
    </p>
   </div>
   <div class='ocr_carea' id='block_1_46' title="bbox 201 2321 3466 2394">
    <p class='ocr_par' dir='ltr' id='par_1_46' title="bbox 205 2325 3462 2390">
     <span class='ocr_line' id='line_1_46' title="bbox 245 2325 3444 2347; baseline 0.006 -25"><span class='ocrx_word' id='word_1_309' title='bbox 245 2331 889 2342; x_wconf 38' lang='grc' dir='ltr'><strong>...ὴ-.-Μ</strong></span> <span class='ocrx_word' id='word_1_310' title='bbox 2495 2332 2504 2347; x_wconf 75' lang='grc' dir='ltr'><strong>Ι</strong></span> <span class='ocrx_word' id='word_1_311' title='bbox 2535 2333 2546 2347; x_wconf 75' lang='grc' dir='ltr'><strong>Ι</strong></span> <span class='ocrx_word' id='word_1_312' title='bbox 2597 2325 3444 2347; x_wconf 56' lang='lat' dir='ltr'><strong>II-—-—._—.~——W</strong></span> 
     </span>
     <span class='ocr_line' id='line_1_47' title="bbox 205 2331 3462 2390; baseline 0 -15"><span class='ocrx_word' id='word_1_313' title='bbox 205 2331 3462 2390; x_wconf 50' lang='grc' dir='ltr'>Μ</span> 
     </span>
    </p>
   </div>
   <div class='ocr_carea' id='block_1_47' title="bbox 1460 2483 2232 2531">
    <p class='ocr_par' dir='ltr' id='par_1_47' title="bbox 1460 2483 2232 2531">
     <span class='ocr_line' id='line_1_48' title="bbox 1460 2483 2232 2531; baseline -0.003 -1"><span class='ocrx_word' id='word_1_314' title='bbox 1460 2485 1631 2530; x_wconf 72' lang='lat' dir='ltr'><strong>ANNO</strong></span> <span class='ocrx_word' id='word_1_315' title='bbox 1673 2485 1903 2531; x_wconf 74' lang='lat' dir='ltr'><strong>DOMINI</strong></span> <span class='ocrx_word' id='word_1_316' title='bbox 1945 2483 2232 2530; x_wconf 72' lang='lat' dir='ltr'><strong>DCCCCII.</strong></span> 
     </span>
    </p>
   </div>
   <div class='ocr_carea' id='block_1_48' title="bbox 704 2620 2954 2794">
    <p class='ocr_par' dir='ltr' id='par_1_48' title="bbox 704 2620 2954 2794">
     <span class='ocr_line' id='line_1_49' title="bbox 704 2620 2954 2794; baseline 0.003 -6"><span class='ocrx_word' id='word_1_317' title='bbox 704 2620 1723 2792; x_wconf 75' lang='lat' dir='ltr'><strong>SERGIUS</strong></span> <span class='ocrx_word' id='word_1_318' title='bbox 1859 2624 2485 2789; x_wconf 80' lang='lat' dir='ltr'><strong>PAPA</strong></span> <span class='ocrx_word' id='word_1_319' title='bbox 2621 2622 2954 2780; x_wconf 78' lang='lat' dir='ltr'><strong>Ill.</strong></span> 
     </span>
    </p>
   </div>
   <div class='ocr_carea' id='block_1_49' title="bbox 1119 3083 2536 3176">
    <p class='ocr_par' dir='ltr' id='par_1_49' title="bbox 1119 3083 2536 3176">
     <span class='ocr_line' id='line_1_50' title="bbox 1119 3083 2536 3176; baseline -0.001 -1"><span class='ocrx_word' id='word_1_320' title='bbox 1119 3084 1403 3176; x_wconf 83' lang='lat' dir='ltr'><strong>VITA</strong></span> <span class='ocrx_word' id='word_1_321' title='bbox 1471 3084 1864 3173; x_wconf 80' lang='lat' dir='ltr'><strong>SERGII</strong></span> <span class='ocrx_word' id='word_1_322' title='bbox 1940 3083 2272 3173; x_wconf 69' lang='lat' dir='ltr'><strong>PAPjE</strong></span> <span class='ocrx_word' id='word_1_323' title='bbox 2349 3087 2536 3174; x_wconf 88' lang='lat' dir='ltr'><strong>III.</strong></span> 
     </span>
    </p>
   </div>
   <div class='ocr_carea' id='block_1_50' title="bbox 956 3299 2688 3375">
    <p class='ocr_par' dir='ltr' id='par_1_50' title="bbox 956 3299 2688 3375">
     <span class='ocr_line' id='line_1_51' title="bbox 956 3299 2688 3375; baseline 0.002 -22"><span class='ocrx_word' id='word_1_324' title='bbox 956 3300 1132 3372; x_wconf 81' lang='lat' dir='ltr'><strong>(Apud</strong></span> <span class='ocrx_word' id='word_1_325' title='bbox 1162 3299 1351 3366; x_wconf 84' lang='lat' dir='ltr'><strong>Mansi,</strong></span> <span class='ocrx_word' id='word_1_326' title='bbox 1378 3300 1542 3356; x_wconf 84' lang='lat' dir='ltr'><strong>Cone.</strong></span> <span class='ocrx_word' id='word_1_327' title='bbox 1573 3299 1815 3369; x_wconf 89' lang='lat' dir='ltr'><strong>ampliss.</strong></span> <span class='ocrx_word' id='word_1_328' title='bbox 1848 3301 1972 3356; x_wconf 89' lang='lat' dir='ltr'><strong>coll.</strong></span> <span class='ocrx_word' id='word_1_329' title='bbox 2007 3309 2132 3357; x_wconf 89' lang='lat' dir='ltr'><strong>tom.</strong></span> <span class='ocrx_word' id='word_1_330' title='bbox 2168 3301 2350 3368; x_wconf 76' lang='lat' dir='ltr'><strong>XVIII,</strong></span> <span class='ocrx_word' id='word_1_331' title='bbox 2387 3319 2507 3374; x_wconf 85' lang='lat' dir='ltr'><strong>pag.</strong></span> <span class='ocrx_word' id='word_1_332' title='bbox 2540 3303 2688 3375; x_wconf 76' lang='lat' dir='ltr'><strong>2l9.)</strong></span> 
     </span>
    </p>
   </div>
   <div class='ocr_carea' id='block_1_51' title="bbox 1661 3483 1976 3495">
    <p class='ocr_par' dir='ltr' id='par_1_51' title="bbox 1661 3483 1976 3495">
     <span class='ocr_line' id='line_1_52' title="bbox 1661 3483 1976 3495; baseline -0.003 0"><span class='ocrx_word' id='word_1_333' title='bbox 1661 3483 1976 3495; x_wconf 64' lang='lat'><strong>-——~——.—</strong></span> 
     </span>
    </p>
   </div>
   <div class='ocr_carea' id='block_1_52' title="bbox 270 3673 1856 3748">
    <p class='ocr_par' dir='ltr' id='par_1_52' title="bbox 270 3673 1856 3748">
     <span class='ocr_line' id='line_1_53' title="bbox 270 3673 1856 3748; baseline -0.004 -13"><span class='ocrx_word' id='word_1_334' title='bbox 270 3679 497 3748; x_wconf 78' lang='lat' dir='ltr'><strong>Sergius</strong></span> <span class='ocrx_word' id='word_1_335' title='bbox 519 3676 607 3732; x_wconf 90' lang='lat' dir='ltr'><strong>ille</strong></span> <span class='ocrx_word' id='word_1_336' title='bbox 624 3675 907 3748; x_wconf 79' lang='lat' dir='ltr'><strong>nefandus,</strong></span> <span class='ocrx_word' id='word_1_337' title='bbox 931 3674 1199 3748; x_wconf 85' lang='lat' dir='ltr'><strong>Adelherti</strong></span> <span class='ocrx_word' id='word_1_338' title='bbox 1223 3674 1431 3748; x_wconf 67' lang='lat' dir='ltr'><strong>Tusciae</strong></span> <span class='ocrx_word' id='word_1_339' title='bbox 1453 3673 1784 3748; x_wconf 87' lang='lat' dir='ltr'><strong>marchionis</strong></span> <span class='ocrx_word' id='word_1_340' title='bbox 1812 3677 1856 3740; x_wconf 84' lang='lat' dir='ltr'><strong>C</strong></span> 
     </span>
    </p>
   </div>
   <div class='ocr_carea' id='block_1_53' title="bbox 196 3745 1778 3819">
    <p class='ocr_par' dir='ltr' id='par_1_53' title="bbox 196 3745 1778 3819">
     <span class='ocr_line' id='line_1_54' title="bbox 196 3745 1778 3819; baseline -0.005 -14"><span class='ocrx_word' id='word_1_341' title='bbox 196 3745 791 3819; x_wconf 52' lang='lat' dir='ltr'><strong>armis&#39;poteutissimis</strong></span> <span class='ocrx_word' id='word_1_342' title='bbox 833 3745 1022 3819; x_wconf 63' lang='lat' dir='ltr'><strong>fretus,</strong></span> <span class='ocrx_word' id='word_1_343' title='bbox 1051 3747 1212 3819; x_wconf 84' lang='lat' dir='ltr'><strong>homo</strong></span> <span class='ocrx_word' id='word_1_344' title='bbox 1241 3746 1491 3819; x_wconf 85' lang='lat' dir='ltr'><strong>vitiorum</strong></span> <span class='ocrx_word' id='word_1_345' title='bbox 1540 3745 1778 3798; x_wconf 91' lang='lat' dir='ltr'><strong>omnium</strong></span> 
     </span>
    </p>
   </div>
   <div class='ocr_carea' id='block_1_54' title="bbox 196 3815 1780 3886">
    <p class='ocr_par' dir='ltr' id='par_1_54' title="bbox 196 3815 1780 3886">
     <span class='ocr_line' id='line_1_55' title="bbox 196 3815 1780 3886; baseline -0.004 -12"><span class='ocrx_word' id='word_1_346' title='bbox 196 3815 417 3883; x_wconf 77' lang='lat' dir='ltr'><strong>servus,</strong></span> <span class='ocrx_word' id='word_1_347' title='bbox 445 3817 792 3886; x_wconf 90' lang='lat' dir='ltr'><strong>omniumque</strong></span> <span class='ocrx_word' id='word_1_348' title='bbox 829 3815 1334 3886; x_wconf 68' lang='lat' dir='ltr'><strong>lacinorosissimus,</strong></span> <span class='ocrx_word' id='word_1_349' title='bbox 1381 3815 1472 3884; x_wconf 90' lang='lat' dir='ltr'><strong>qui</strong></span> <span class='ocrx_word' id='word_1_350' title='bbox 1506 3829 1609 3868; x_wconf 88' lang='lat' dir='ltr'><strong>una</strong></span> <span class='ocrx_word' id='word_1_351' title='bbox 1657 3829 1780 3886; x_wconf 84' lang='lat' dir='ltr'><strong>cum</strong></span> 
     </span>
    </p>
   </div>
   <div class='ocr_carea' id='block_1_55' title="bbox 197 3884 1778 3958">
    <p class='ocr_par' dir='ltr' id='par_1_55' title="bbox 197 3884 1778 3958">
     <span class='ocr_line' id='line_1_56' title="bbox 197 3884 1778 3958; baseline -0.005 -13"><span class='ocrx_word' id='word_1_352' title='bbox 197 3889 480 3958; x_wconf 66' lang='lat' dir='ltr'><strong>Stephano</strong></span> <span class='ocrx_word' id='word_1_353' title='bbox 523 3897 677 3941; x_wconf 82' lang='lat' dir='ltr'><strong>sexto</strong></span> <span class='ocrx_word' id='word_1_354' title='bbox 707 3884 774 3958; x_wconf 65' lang='lat' dir='ltr'><strong>in</strong></span> <span class='ocrx_word' id='word_1_355' title='bbox 809 3885 1122 3958; x_wconf 78' lang='lat' dir='ltr'><strong>Formosum</strong></span> <span class='ocrx_word' id='word_1_356' title='bbox 1151 3900 1342 3958; x_wconf 87' lang='lat' dir='ltr'><strong>papa_m</strong></span> <span class='ocrx_word' id='word_1_357' title='bbox 1374 3899 1534 3958; x_wconf 80' lang='lat' dir='ltr'><strong>supra</strong></span> <span class='ocrx_word' id='word_1_358' title='bbox 1565 3884 1778 3937; x_wconf 89' lang='lat' dir='ltr'><strong>modum</strong></span> 
     </span>
    </p>
   </div>
   <div class='ocr_carea' id='block_1_56' title="bbox 196 3954 1781 4024">
    <p class='ocr_par' dir='ltr' id='par_1_56' title="bbox 196 3954 1781 4024">
     <span class='ocr_line' id='line_1_57' title="bbox 196 3954 1781 4024; baseline -0.006 -9"><span class='ocrx_word' id='word_1_359' title='bbox 196 3954 471 4019; x_wconf 56' lang='lat' dir='ltr'><strong>szev&#39;ierat,</strong></span> <span class='ocrx_word' id='word_1_360' title='bbox 502 3958 683 4012; x_wconf 89' lang='lat' dir='ltr'><strong>sedem</strong></span> <span class='ocrx_word' id='word_1_361' title='bbox 711 3955 1106 4024; x_wconf 84' lang='lat' dir='ltr'><strong>Christophori,</strong></span> <span class='ocrx_word' id='word_1_362' title='bbox 1139 3954 1244 4009; x_wconf 88' lang='lat' dir='ltr'><strong>non</strong></span> <span class='ocrx_word' id='word_1_363' title='bbox 1274 3954 1536 4017; x_wconf 83' lang='lat' dir='ltr'><strong>Formosi,</strong></span> <span class='ocrx_word' id='word_1_364' title='bbox 1582 3962 1641 4006; x_wconf 90' lang='lat' dir='ltr'><strong>ut</strong></span> <span class='ocrx_word' id='word_1_365' title='bbox 1670 3967 1781 4005; x_wconf 90' lang='lat' dir='ltr'><strong>me-</strong></span> 
     </span>
    </p>
   </div>
   <div class='ocr_carea' id='block_1_57' title="bbox 195 4024 1780 4096">
    <p class='ocr_par' dir='ltr' id='par_1_57' title="bbox 195 4024 1780 4096">
     <span class='ocr_line' id='line_1_58' title="bbox 195 4024 1780 4096; baseline -0.004 -12"><span class='ocrx_word' id='word_1_366' title='bbox 195 4029 376 4084; x_wconf 83' lang='lat' dir='ltr'><strong>moria</strong></span> <span class='ocrx_word' id='word_1_367' title='bbox 404 4027 587 4096; x_wconf 85' lang='lat' dir='ltr'><strong>lapsus</strong></span> <span class='ocrx_word' id='word_1_368' title='bbox 607 4027 838 4081; x_wconf 84' lang='lat' dir='ltr'><strong>asseruit</strong></span> <span class='ocrx_word' id='word_1_369' title='bbox 865 4025 1243 4096; x_wconf 83' lang='lat' dir='ltr'><strong>Luitprandus,</strong></span> <span class='ocrx_word' id='word_1_370' title='bbox 1270 4024 1502 4096; x_wconf 76' lang='lat' dir='ltr'><strong>invasit;</strong></span> <span class='ocrx_word' id='word_1_371' title='bbox 1540 4026 1780 4096; x_wconf 77' lang='lat' dir='ltr'><strong>adeoque</strong></span> 
     </span>
    </p>
   </div>
   <div class='ocr_carea' id='block_1_58' title="bbox 195 4093 1775 4166">
    <p class='ocr_par' dir='ltr' id='par_1_58' title="bbox 195 4093 1775 4166">
     <span class='ocr_line' id='line_1_59' title="bbox 195 4093 1775 4166; baseline -0.004 -13"><span class='ocrx_word' id='word_1_372' title='bbox 195 4100 271 4153; x_wconf 87' lang='lat' dir='ltr'><strong>ab</strong></span> <span class='ocrx_word' id='word_1_373' title='bbox 292 4093 544 4152; x_wconf 81' lang='lat' dir='ltr'><strong>omnibus</strong></span> <span class='ocrx_word' id='word_1_374' title='bbox 565 4112 672 4150; x_wconf 89' lang='lat' dir='ltr'><strong>non</strong></span> <span class='ocrx_word' id='word_1_375' title='bbox 706 4096 976 4166; x_wconf 75' lang='lat' dir='ltr'><strong>legitimus</strong></span> <span class='ocrx_word' id='word_1_376' title='bbox 992 4093 1256 4166; x_wconf 81' lang='lat' dir='ltr'><strong>pontifex,</strong></span> <span class='ocrx_word' id='word_1_377' title='bbox 1280 4094 1373 4149; x_wconf 88' lang='lat' dir='ltr'><strong>sed</strong></span> <span class='ocrx_word' id='word_1_378' title='bbox 1397 4094 1775 4166; x_wconf 80' lang='lat' dir='ltr'><strong>invasorsedis</strong></span> 
     </span>
    </p>
   </div>
   <div class='ocr_carea' id='block_1_59' title="bbox 195 4163 1773 4238">
    <p class='ocr_par' dir='ltr' id='par_1_59' title="bbox 195 4163 1773 4238">
     <span class='ocr_line' id='line_1_60' title="bbox 195 4163 1773 4238; baseline -0.003 -15"><span class='ocrx_word' id='word_1_379' title='bbox 195 4167 510 4238; x_wconf 62' lang='lat' dir='ltr'><strong>apostolica:</strong></span> <span class='ocrx_word' id='word_1_380' title='bbox 535 4176 617 4238; x_wconf 87' lang='lat' dir='ltr'><strong>est</strong></span> <span class='ocrx_word' id='word_1_381' title='bbox 641 4163 896 4238; x_wconf 82' lang='lat' dir='ltr'><strong>habitus._</strong></span> <span class='ocrx_word' id='word_1_382' title='bbox 915 4165 991 4238; x_wconf 86' lang='lat' dir='ltr'><strong>E_x</strong></span> <span class='ocrx_word' id='word_1_383' title='bbox 1014 4165 1345 4238; x_wconf 81' lang='lat' dir='ltr'><strong>presbytero,</strong></span> <span class='ocrx_word' id='word_1_384' title='bbox 1373 4178 1474 4238; x_wconf 85' lang='lat' dir='ltr'><strong>non</strong></span> <span class='ocrx_word' id='word_1_385' title='bbox 1497 4178 1562 4218; x_wconf 83' lang='lat' dir='ltr'><strong>ex</strong></span> <span class='ocrx_word' id='word_1_386' title='bbox 1595 4163 1773 4238; x_wconf 70' lang='lat' dir='ltr'><strong>diaco-</strong></span> 
     </span>
    </p>
   </div>
   <div class='ocr_carea' id='block_1_60' title="bbox 195 4232 1773 4306">
    <p class='ocr_par' dir='ltr' id='par_1_60' title="bbox 195 4232 1773 4306">
     <span class='ocr_line' id='line_1_61' title="bbox 195 4232 1773 4306; baseline -0.003 -15"><span class='ocrx_word' id='word_1_387' title='bbox 195 4232 293 4298; x_wconf 75' lang='lat' dir='ltr'><strong>no,</strong></span> <span class='ocrx_word' id='word_1_388' title='bbox 342 4237 428 4292; x_wconf 87' lang='lat' dir='ltr'><strong>vel</strong></span> <span class='ocrx_word' id='word_1_389' title='bbox 474 4237 744 4306; x_wconf 85' lang='lat' dir='ltr'><strong>episcopo,</strong></span> <span class='ocrx_word' id='word_1_390' title='bbox 780 4244 838 4288; x_wconf 91' lang='lat' dir='ltr'><strong>ut</strong></span> <span class='ocrx_word' id='word_1_391' title='bbox 884 4232 1082 4306; x_wconf 74' lang='lat' dir='ltr'><strong>habent</strong></span> <span class='ocrx_word' id='word_1_392' title='bbox 1133 4232 1492 4306; x_wconf 77' lang='lat' dir='ltr'><strong>Luitprandus</strong></span> <span class='ocrx_word' id='word_1_393' title='bbox 1518 4243 1572 4286; x_wconf 88' lang='lat' dir='ltr'><strong>et</strong></span> <span class='ocrx_word' id='word_1_394' title='bbox 1620 4232 1773 4302; x_wconf 84' lang='lat' dir='ltr'><strong>Sige-</strong></span> 
     </span>
    </p>
   </div>
   <div class='ocr_carea' id='block_1_61' title="bbox 193 4303 1777 4374">
    <p class='ocr_par' dir='ltr' id='par_1_61' title="bbox 193 4303 1777 4374">
     <span class='ocr_line' id='line_1_62' title="bbox 193 4303 1777 4374; baseline -0.004 -12"><span class='ocrx_word' id='word_1_395' title='bbox 193 4308 409 4370; x_wconf 84' lang='lat' dir='ltr'><strong>bertus,</strong></span> <span class='ocrx_word' id='word_1_396' title='bbox 449 4303 815 4374; x_wconf 75' lang='lat' dir='ltr'><strong>factumesse</strong></span> <span class='ocrx_word' id='word_1_397' title='bbox 838 4303 1145 4374; x_wconf 79' lang='lat' dir='ltr'><strong>pontiﬁcem</strong></span> <span class='ocrx_word' id='word_1_398' title='bbox 1192 4303 1428 4374; x_wconf 86' lang='lat' dir='ltr'><strong>indicant</strong></span> <span class='ocrx_word' id='word_1_399' title='bbox 1468 4303 1621 4374; x_wconf 77' lang='lat' dir='ltr'><strong>Acta</strong></span> <span class='ocrx_word' id='word_1_400' title='bbox 1649 4317 1777 4374; x_wconf 87' lang='lat' dir='ltr'><strong>con-</strong></span> 
     </span>
    </p>
   </div>
   <div class='ocr_carea' id='block_1_62' title="bbox 193 4372 1778 4442">
    <p class='ocr_par' dir='ltr' id='par_1_62' title="bbox 193 4372 1778 4442">
     <span class='ocr_line' id='line_1_63' title="bbox 193 4372 1778 4442; baseline -0.003 -11"><span class='ocrx_word' id='word_1_401' title='bbox 193 4378 311 4431; x_wconf 89' lang='lat' dir='ltr'><strong>cilii</strong></span> <span class='ocrx_word' id='word_1_402' title='bbox 361 4377 611 4442; x_wconf 79' lang='lat' dir='ltr'><strong>Romani,</strong></span> <span class='ocrx_word' id='word_1_403' title='bbox 659 4377 758 4430; x_wconf 89' lang='lat' dir='ltr'><strong>sub</strong></span> <span class='ocrx_word' id='word_1_404' title='bbox 790 4372 996 4428; x_wconf 83' lang='lat' dir='ltr'><strong>Joanne</strong></span> <span class='ocrx_word' id='word_1_405' title='bbox 1035 4373 1108 4428; x_wconf 77' lang='lat' dir='ltr'><strong>IX</strong></span> <span class='ocrx_word' id='word_1_406' title='bbox 1147 4372 1424 4428; x_wconf 85' lang='lat' dir='ltr'><strong>celebrati.</strong></span> <span class='ocrx_word' id='word_1_407' title='bbox 1471 4372 1778 4426; x_wconf 82' lang='lat' dir='ltr'><strong>Ambitione</strong></span> 
     </span>
    </p>
   </div>
   <div class='ocr_carea' id='block_1_63' title="bbox 197 4442 1778 4514">
    <p class='ocr_par' dir='ltr' id='par_1_63' title="bbox 197 4442 1778 4514">
     <span class='ocr_line' id='line_1_64' title="bbox 197 4442 1778 4514; baseline -0.004 -13"><span class='ocrx_word' id='word_1_408' title='bbox 197 4448 350 4501; x_wconf 83' lang='lat' dir='ltr'><strong>sedis</strong></span> <span class='ocrx_word' id='word_1_409' title='bbox 378 4445 685 4514; x_wconf 79' lang='lat' dir='ltr'><strong>apostolicae</strong></span> <span class='ocrx_word' id='word_1_410' title='bbox 731 4443 794 4497; x_wconf 89' lang='lat' dir='ltr'><strong>ad</strong></span> <span class='ocrx_word' id='word_1_411' title='bbox 842 4443 1078 4514; x_wconf 80' lang='lat' dir='ltr'><strong>Francos</strong></span> <span class='ocrx_word' id='word_1_412' title='bbox 1113 4458 1177 4514; x_wconf 90' lang='lat' dir='ltr'><strong>sc</strong></span> <span class='ocrx_word' id='word_1_413' title='bbox 1219 4442 1483 4514; x_wconf 82' lang='lat' dir='ltr'><strong>contulit,_</strong></span> <span class='ocrx_word' id='word_1_414' title='bbox 1512 4442 1588 4496; x_wconf 90' lang='lat' dir='ltr'><strong>ait</strong></span> <span class='ocrx_word' id='word_1_415' title='bbox 1623 4443 1778 4508; x_wconf 78' lang='lat' dir='ltr'><strong>Sige-</strong></span> 
     </span>
    </p>
   </div>
   <div class='ocr_carea' id='block_1_64' title="bbox 195 4511 1775 4582">
    <p class='ocr_par' dir='ltr' id='par_1_64' title="bbox 195 4511 1775 4582">
     <span class='ocr_line' id='line_1_65' title="bbox 195 4511 1775 4582; baseline -0.004 -12"><span class='ocrx_word' id='word_1_416' title='bbox 195 4511 429 4580; x_wconf 54' lang='lat' dir='ltr'><strong>bertus,</strong></span> <span class='ocrx_word' id='word_1_417' title='bbox 451 4524 504 4568; x_wconf 88' lang='lat' dir='ltr'><strong>et</strong></span> <span class='ocrx_word' id='word_1_418' title='bbox 531 4529 715 4568; x_wconf 89' lang='lat' dir='ltr'><strong>cormn</strong></span> <span class='ocrx_word' id='word_1_419' title='bbox 757 4513 957 4567; x_wconf 81' lang='lat' dir='ltr'><strong>auxilio</strong></span> <span class='ocrx_word' id='word_1_420' title='bbox 997 4512 1441 4582; x_wconf 80' lang='lat' dir='ltr'><strong>Christophorum</strong></span> <span class='ocrx_word' id='word_1_421' title='bbox 1473 4511 1775 4582; x_wconf 66' lang='lat' dir='ltr'><strong>im&#39;asorcm</strong></span> 
     </span>
    </p>
   </div>
   <div class='ocr_carea' id='block_1_65' title="bbox 195 4580 1775 4653">
    <p class='ocr_par' dir='ltr' id='par_1_65' title="bbox 195 4580 1775 4653">
     <span class='ocr_line' id='line_1_66' title="bbox 195 4580 1775 4653; baseline -0.005 -13"><span class='ocrx_word' id='word_1_422' title='bbox 195 4588 450 4653; x_wconf 86' lang='lat' dir='ltr'><strong>capiens,</strong></span> <span class='ocrx_word' id='word_1_423' title='bbox 479 4593 534 4639; x_wconf 89' lang='lat' dir='ltr'><strong>et</strong></span> <span class='ocrx_word' id='word_1_424' title='bbox 568 4585 619 4638; x_wconf 93' lang='lat' dir='ltr'><strong>in</strong></span> <span class='ocrx_word' id='word_1_425' title='bbox 664 4598 938 4638; x_wconf 86' lang='lat' dir='ltr'><strong>carcerem</strong></span> <span class='ocrx_word' id='word_1_426' title='bbox 989 4580 1228 4653; x_wconf 65' lang='lat' dir='ltr'><strong>trudens,</strong></span> <span class='ocrx_word' id='word_1_427' title='bbox 1281 4581 1508 4635; x_wconf 89' lang='lat' dir='ltr'><strong>latenter</strong></span> <span class='ocrx_word' id='word_1_428' title='bbox 1551 4580 1775 4653; x_wconf 67' lang='lat' dir='ltr'><strong>Romam</strong></span> 
     </span>
    </p>
   </div>
   <div class='ocr_carea' id='block_1_66' title="bbox 196 4650 1780 4726">
    <p class='ocr_par' dir='ltr' id='par_1_66' title="bbox 196 4650 1780 4726">
     <span class='ocr_line' id='line_1_67' title="bbox 196 4650 1780 4726; baseline -0.003 -17"><span class='ocrx_word' id='word_1_429' title='bbox 196 4650 500 4726; x_wconf 81' lang='lat' dir='ltr'><strong>ingressus,</strong></span> <span class='ocrx_word' id='word_1_430' title='bbox 548 4662 796 4726; x_wconf 78' lang='lat' dir='ltr'><strong>papatum</strong></span> <span class='ocrx_word' id='word_1_431' title='bbox 846 4652 1060 4717; x_wconf 89' lang='lat' dir='ltr'><strong>invasit,</strong></span> <span class='ocrx_word' id='word_1_432' title='bbox 1105 4659 1160 4707; x_wconf 90' lang='lat' dir='ltr'><strong>et</strong></span> <span class='ocrx_word' id='word_1_433' title='bbox 1205 4652 1474 4726; x_wconf 57' lang='lat' dir='ltr'><strong>ltomanos</strong></span> <span class='ocrx_word' id='word_1_434' title='bbox 1521 4650 1680 4726; x_wconf 72' lang='lat' dir='ltr'><strong>minis</strong></span> <span class='ocrx_word' id='word_1_435' title='bbox 1714 4665 1780 4726; x_wconf 77' lang='lat' dir='ltr'><strong>ac</strong></span> 
     </span>
    </p>
   </div>
   <div class='ocr_carea' id='block_1_67' title="bbox 199 4718 1778 4794">
    <p class='ocr_par' dir='ltr' id='par_1_67' title="bbox 199 4718 1778 4794">
     <span class='ocr_line' id='line_1_68' title="bbox 199 4718 1778 4794; baseline -0.004 -14"><span class='ocrx_word' id='word_1_436' title='bbox 199 4718 506 4781; x_wconf 66' lang='lat' dir='ltr'><strong>terroribus</strong></span> <span class='ocrx_word' id='word_1_437' title='bbox 538 4718 768 4794; x_wconf 67' lang='lat' dir='ltr'><strong>perpulit</strong></span> <span class='ocrx_word' id='word_1_438' title='bbox 803 4731 880 4794; x_wconf 91' lang='lat' dir='ltr'><strong>ut_</strong></span> <span class='ocrx_word' id='word_1_439' title='bbox 906 4733 1094 4794; x_wconf 81' lang='lat' dir='ltr'><strong>Omnes</strong></span> <span class='ocrx_word' id='word_1_440' title='bbox 1139 4720 1505 4794; x_wconf 83' lang='lat' dir='ltr'><strong>ordinationes</strong></span> <span class='ocrx_word' id='word_1_441' title='bbox 1522 4718 1778 4794; x_wconf 60' lang='lat' dir='ltr'><strong>formosi</strong></span> 
     </span>
    </p>
   </div>
   <div class='ocr_carea' id='block_1_68' title="bbox 196 4789 1778 4850">
    <p class='ocr_par' dir='ltr' id='par_1_68' title="bbox 196 4789 1778 4850">
     <span class='ocr_line' id='line_1_69' title="bbox 196 4789 1778 4850; baseline -0.004 0"><span class='ocrx_word' id='word_1_442' title='bbox 196 4795 386 4850; x_wconf 87' lang='lat' dir='ltr'><strong>irritas</strong></span> <span class='ocrx_word' id='word_1_443' title='bbox 409 4789 689 4848; x_wconf 73' lang='lat' dir='ltr'><strong>haberent.</strong></span> <span class='ocrx_word' id='word_1_444' title='bbox 713 4791 969 4846; x_wconf 88' lang='lat' dir='ltr'><strong>Eumdem</strong></span> <span class='ocrx_word' id='word_1_445' title='bbox 990 4792 1151 4846; x_wconf 89' lang='lat' dir='ltr'><strong>etiam</strong></span> <span class='ocrx_word' id='word_1_446' title='bbox 1173 4791 1447 4844; x_wconf 87' lang='lat' dir='ltr'><strong>ordinatos</strong></span> <span class='ocrx_word' id='word_1_447' title='bbox 1470 4805 1500 4844; x_wconf 87' lang='lat' dir='ltr'><strong>a</strong></span> <span class='ocrx_word' id='word_1_448' title='bbox 1522 4789 1778 4844; x_wconf 78' lang='lat' dir='ltr'><strong>Formosa</strong></span> 
     </span>
    </p>
   </div>
   <div class='ocr_carea' id='block_1_69' title="bbox 195 4860 1780 4935">
    <p class='ocr_par' dir='ltr' id='par_1_69' title="bbox 195 4860 1780 4935">
     <span class='ocr_line' id='line_1_70' title="bbox 195 4860 1780 4935; baseline -0.001 -19"><span class='ocrx_word' id='word_1_449' title='bbox 195 4881 339 4935; x_wconf 80' lang='lat' dir='ltr'><strong>papa</strong></span> <span class='ocrx_word' id='word_1_450' title='bbox 366 4865 733 4935; x_wconf 79' lang='lat' dir='ltr'><strong>exordinasse,</strong></span> <span class='ocrx_word' id='word_1_451' title='bbox 770 4877 1040 4935; x_wconf 86' lang='lat' dir='ltr'><strong>novasque</strong></span> <span class='ocrx_word' id='word_1_452' title='bbox 1071 4861 1384 4935; x_wconf 82' lang='lat' dir='ltr'><strong>eorumdem</strong></span> <span class='ocrx_word' id='word_1_453' title='bbox 1411 4860 1780 4935; x_wconf 72' lang='lat' dir='ltr'><strong>ordinationes</strong></span> 
     </span>
    </p>
   </div>
   <div class='ocr_carea' id='block_1_70' title="bbox 195 4929 1775 5003">
    <p class='ocr_par' dir='ltr' id='par_1_70' title="bbox 195 4929 1775 5003">
     <span class='ocr_line' id='line_1_71' title="bbox 195 4929 1775 5003; baseline -0.004 -14"><span class='ocrx_word' id='word_1_454' title='bbox 195 4929 666 5003; x_wconf 66' lang='lat' dir='ltr'><strong>superinduxisse,</strong></span> <span class='ocrx_word' id='word_1_455' title='bbox 706 4941 936 4988; x_wconf 88' lang='lat' dir='ltr'><strong>testatur</strong></span> <span class='ocrx_word' id='word_1_456' title='bbox 956 4929 1220 4986; x_wconf 27' lang='lat' dir='ltr'><strong>’Auxilius</strong></span> <span class='ocrx_word' id='word_1_457' title='bbox 1246 4931 1387 5001; x_wconf 87' lang='lat' dir='ltr'><strong>apud</strong></span> <span class='ocrx_word' id='word_1_458' title='bbox 1415 4929 1775 5003; x_wconf 82' lang='lat' dir='ltr'><strong>Sigebertum,</strong></span> 
     </span>
    </p>
   </div>
   <div class='ocr_carea' id='block_1_71' title="bbox 198 5000 1778 5073">
    <p class='ocr_par' dir='ltr' id='par_1_71' title="bbox 198 5000 1778 5073">
     <span class='ocr_line' id='line_1_72' title="bbox 198 5000 1778 5073; baseline -0.004 -15"><span class='ocrx_word' id='word_1_459' title='bbox 198 5000 522 5072; x_wconf 38' lang='lat' dir='ltr'><strong>iii—dialogo</strong></span> <span class='ocrx_word' id='word_1_460' title='bbox 579 5018 737 5073; x_wconf 82' lang='lat' dir='ltr'><strong>quem</strong></span> <span class='ocrx_word' id='word_1_461' title='bbox 793 5003 913 5073; x_wconf 91' lang='lat' dir='ltr'><strong>hoc_</strong></span> <span class='ocrx_word' id='word_1_462' title='bbox 941 5009 1182 5073; x_wconf 86' lang='lat' dir='ltr'><strong>tempore</strong></span> <span class='ocrx_word' id='word_1_463' title='bbox 1233 5010 1422 5073; x_wconf 82' lang='lat' dir='ltr'><strong>contra</strong></span> <span class='ocrx_word' id='word_1_464' title='bbox 1466 5000 1778 5073; x_wconf 78' lang='lat' dir='ltr'><strong>intestinam</strong></span> 
     </span>
    </p>
   </div>
   <div class='ocr_carea' id='block_1_72' title="bbox 197 5071 1778 5129">
    <p class='ocr_par' dir='ltr' id='par_1_72' title="bbox 197 5071 1778 5129">
     <span class='ocr_line' id='line_1_73' title="bbox 197 5071 1778 5129; baseline -0.004 0"><span class='ocrx_word' id='word_1_465' title='bbox 197 5071 528 5129; x_wconf 75' lang='lat' dir='ltr'><strong>discordiam</strong></span> <span class='ocrx_word' id='word_1_466' title='bbox 573 5071 831 5127; x_wconf 67' lang='lat' dir='ltr'><strong>Romana:</strong></span> <span class='ocrx_word' id='word_1_467' title='bbox 875 5071 1128 5127; x_wconf 66' lang='lat' dir='ltr'><strong>Ecclesia:</strong></span> <span class='ocrx_word' id='word_1_468' title='bbox 1170 5073 1235 5126; x_wconf 91' lang='lat' dir='ltr'><strong>de</strong></span> <span class='ocrx_word' id='word_1_469' title='bbox 1269 5071 1697 5125; x_wconf 87' lang='lat' dir='ltr'><strong>ordinationibus</strong></span> <span class='ocrx_word' id='word_1_470' title='bbox 1724 5079 1778 5123; x_wconf 90' lang='lat' dir='ltr'><strong>et</strong></span> 
     </span>
    </p>
   </div>
   <div class='ocr_carea' id='block_1_73' title="bbox 194 5141 1781 5210">
    <p class='ocr_par' dir='ltr' id='par_1_73' title="bbox 194 5141 1781 5210">
     <span class='ocr_line' id='line_1_74' title="bbox 194 5141 1781 5210; baseline -0.003 -11"><span class='ocrx_word' id='word_1_471' title='bbox 194 5144 698 5199; x_wconf 77' lang='lat' dir='ltr'><strong>exordinationibus</strong></span> <span class='ocrx_word' id='word_1_472' title='bbox 720 5144 1080 5196; x_wconf 70' lang='lat' dir='ltr'><strong>Romanorum</strong></span> <span class='ocrx_word' id='word_1_473' title='bbox 1096 5141 1426 5210; x_wconf 76' lang='lat' dir='ltr'><strong>pontiﬁcum,</strong></span> <span class='ocrx_word' id='word_1_474' title='bbox 1445 5141 1781 5208; x_wconf 87' lang='lat' dir='ltr'><strong>aliorumque</strong></span> 
     </span>
    </p>
   </div>
   <div class='ocr_carea' id='block_1_74' title="bbox 195 5211 1780 5282">
    <p class='ocr_par' dir='ltr' id='par_1_74' title="bbox 195 5211 1780 5282">
     <span class='ocr_line' id='line_1_75' title="bbox 195 5211 1780 5282; baseline -0.003 -13"><span class='ocrx_word' id='word_1_475' title='bbox 195 5217 269 5269; x_wconf 87' lang='lat' dir='ltr'><strong>ab</strong></span> <span class='ocrx_word' id='word_1_476' title='bbox 312 5215 378 5268; x_wconf 88' lang='lat' dir='ltr'><strong>iis</strong></span> <span class='ocrx_word' id='word_1_477' title='bbox 419 5213 806 5277; x_wconf 90' lang='lat' dir='ltr'><strong>ordinatorum,</strong></span> <span class='ocrx_word' id='word_1_478' title='bbox 846 5213 1079 5282; x_wconf 89' lang='lat' dir='ltr'><strong>scripsit.</strong></span> <span class='ocrx_word' id='word_1_479' title='bbox 1113 5211 1189 5265; x_wconf 81' lang='lat' dir='ltr'><strong>Ne</strong></span> <span class='ocrx_word' id='word_1_480' title='bbox 1217 5213 1338 5280; x_wconf 90' lang='lat' dir='ltr'><strong>quis</strong></span> <span class='ocrx_word' id='word_1_481' title='bbox 1391 5225 1517 5266; x_wconf 87' lang='lat' dir='ltr'><strong>vero</strong></span> <span class='ocrx_word' id='word_1_482' title='bbox 1560 5211 1780 5282; x_wconf 83' lang='lat' dir='ltr'><strong>pusilla-</strong></span> 
     </span>
    </p>
   </div>
   <div class='ocr_carea' id='block_1_75' title="bbox 199 5280 1781 5350">
    <p class='ocr_par' dir='ltr' id='par_1_75' title="bbox 199 5280 1781 5350">
     <span class='ocr_line' id='line_1_76' title="bbox 199 5280 1781 5350; baseline -0.004 -11"><span class='ocrx_word' id='word_1_483' title='bbox 199 5287 368 5340; x_wconf 85' lang='lat' dir='ltr'><strong>nimis</strong></span> <span class='ocrx_word' id='word_1_484' title='bbox 406 5298 472 5338; x_wconf 82' lang='lat' dir='ltr'><strong>ex</strong></span> <span class='ocrx_word' id='word_1_485' title='bbox 503 5285 604 5339; x_wconf 87' lang='lat' dir='ltr'><strong>hoc</strong></span> <span class='ocrx_word' id='word_1_486' title='bbox 640 5283 784 5338; x_wconf 80' lang='lat' dir='ltr'><strong>facto</strong></span> <span class='ocrx_word' id='word_1_487' title='bbox 826 5280 1137 5337; x_wconf 79' lang='lat' dir='ltr'><strong>scandalum</strong></span> <span class='ocrx_word' id='word_1_488' title='bbox 1178 5283 1427 5350; x_wconf 87' lang='lat' dir='ltr'><strong>accipiat,</strong></span> <span class='ocrx_word' id='word_1_489' title='bbox 1472 5280 1781 5336; x_wconf 88' lang='lat' dir='ltr'><strong>meminerit</strong></span> 
     </span>
    </p>
   </div>
   <div class='ocr_carea' id='block_1_76' title="bbox 196 5349 1778 5423">
    <p class='ocr_par' dir='ltr' id='par_1_76' title="bbox 196 5349 1778 5423">
     <span class='ocr_line' id='line_1_77' title="bbox 196 5349 1778 5423; baseline -0.003 -16"><span class='ocrx_word' id='word_1_490' title='bbox 196 5364 418 5423; x_wconf 87' lang='lat' dir='ltr'><strong>patrata</strong></span> <span class='ocrx_word' id='word_1_491' title='bbox 451 5367 571 5408; x_wconf 87' lang='lat' dir='ltr'><strong>esse</strong></span> <span class='ocrx_word' id='word_1_492' title='bbox 603 5354 716 5408; x_wconf 63' lang='lat' dir='ltr'><strong>haec</strong></span> <span class='ocrx_word' id='word_1_493' title='bbox 759 5354 827 5406; x_wconf 89' lang='lat' dir='ltr'><strong>ab</strong></span> <span class='ocrx_word' id='word_1_494' title='bbox 858 5353 1196 5408; x_wconf 87' lang='lat' dir='ltr'><strong>invasoribus</strong></span> <span class='ocrx_word' id='word_1_495' title='bbox 1217 5349 1558 5423; x_wconf 74' lang='lat' dir='ltr'><strong>etintrusis,</strong></span> <span class='ocrx_word' id='word_1_496' title='bbox 1604 5349 1778 5420; x_wconf 88' lang='lat' dir='ltr'><strong>ponti-</strong></span> 
     </span>
    </p>
   </div>
   <div class='ocr_carea' id='block_1_77' title="bbox 197 5421 1777 5492">
    <p class='ocr_par' dir='ltr' id='par_1_77' title="bbox 197 5421 1777 5492">
     <span class='ocr_line' id='line_1_78' title="bbox 197 5421 1777 5492; baseline -0.003 -15"><span class='ocrx_word' id='word_1_497' title='bbox 197 5421 323 5479; x_wconf 66' lang='lat' dir='ltr'><strong>ﬁcis</strong></span> <span class='ocrx_word' id='word_1_498' title='bbox 382 5439 576 5479; x_wconf 89' lang='lat' dir='ltr'><strong>nomen</strong></span> <span class='ocrx_word' id='word_1_499' title='bbox 629 5423 1030 5492; x_wconf 88' lang='lat' dir='ltr'><strong>usurpantibus,</strong></span> <span class='ocrx_word' id='word_1_500' title='bbox 1086 5433 1140 5477; x_wconf 91' lang='lat' dir='ltr'><strong>et</strong></span> <span class='ocrx_word' id='word_1_501' title='bbox 1193 5421 1467 5490; x_wconf 81' lang='lat' dir='ltr'><strong>illegitime</strong></span> <span class='ocrx_word' id='word_1_502' title='bbox 1526 5421 1777 5492; x_wconf 84' lang='lat' dir='ltr'><strong>thronum</strong></span> 
     </span>
    </p>
   </div>
   <div class='ocr_carea' id='block_1_78' title="bbox 199 5490 1781 5564">
    <p class='ocr_par' dir='ltr' id='par_1_78' title="bbox 199 5490 1781 5564">
     <span class='ocr_line' id='line_1_79' title="bbox 199 5490 1781 5564; baseline -0.003 -17"><span class='ocrx_word' id='word_1_503' title='bbox 199 5495 563 5564; x_wconf 85' lang='lat' dir='ltr'><strong>apostolicum</strong></span> <span class='ocrx_word' id='word_1_504' title='bbox 593 5490 986 5557; x_wconf 82' lang='lat' dir='ltr'><strong>invadentibus,</strong></span> <span class='ocrx_word' id='word_1_505' title='bbox 1029 5493 1228 5564; x_wconf 84' lang='lat' dir='ltr'><strong>quique</strong></span> <span class='ocrx_word' id='word_1_506' title='bbox 1266 5506 1494 5546; x_wconf 87' lang='lat' dir='ltr'><strong>censura</strong></span> <span class='ocrx_word' id='word_1_507' title='bbox 1526 5490 1781 5564; x_wconf 53' lang='lat' dir='ltr'><strong>Ecclesige</strong></span> 
     </span>
    </p>
   </div>
   <div class='ocr_carea' id='block_1_79' title="bbox 198 5560 1777 5644">
    <p class='ocr_par' dir='ltr' id='par_1_79' title="bbox 198 5560 1777 5644">
     <span class='ocr_line' id='line_1_80' title="bbox 198 5560 1777 5644; baseline -0.003 -27"><span class='ocrx_word' id='word_1_508' title='bbox 198 5560 310 5644; x_wconf 81' lang='lat' dir='ltr'><strong>non</strong></span> <span class='ocrx_word' id='word_1_509' title='bbox 340 5575 445 5619; x_wconf 89' lang='lat' dir='ltr'><strong>tam</strong></span> <span class='ocrx_word' id='word_1_510' title='bbox 468 5564 743 5644; x_wconf 79' lang='lat' dir='ltr'><strong>apostolici</strong></span> <span class='ocrx_word' id='word_1_511' title='bbox 771 5579 929 5631; x_wconf 89' lang='lat' dir='ltr'><strong>quam</strong></span> <span class='ocrx_word' id='word_1_512' title='bbox 951 5560 1408 5644; x_wconf 43' lang='lat' dir='ltr'><strong>apostatici‘erant</strong></span> <span class='ocrx_word' id='word_1_513' title='bbox 1431 5560 1777 5644; x_wconf 70' lang='lat' dir='ltr'><strong>pominandi:</strong></span> 
     </span>
    </p>
   </div>
   <div class='ocr_carea' id='block_1_80' title="bbox 199 5630 1777 5702">
    <p class='ocr_par' dir='ltr' id='par_1_80' title="bbox 199 5630 1777 5702">
     <span class='ocr_line' id='line_1_81' title="bbox 199 5630 1777 5702; baseline -0.003 -17"><span class='ocrx_word' id='word_1_514' title='bbox 199 5635 294 5702; x_wconf 91' lang='lat' dir='ltr'><strong>qui</strong></span> <span class='ocrx_word' id='word_1_515' title='bbox 341 5630 518 5688; x_wconf 82' lang='lat' dir='ltr'><strong>autem</strong></span> <span class='ocrx_word' id='word_1_516' title='bbox 551 5630 800 5702; x_wconf 85' lang='lat' dir='ltr'><strong>legitime</strong></span> <span class='ocrx_word' id='word_1_517' title='bbox 826 5630 1002 5688; x_wconf 83' lang='lat' dir='ltr'><strong>creati</strong></span> <span class='ocrx_word' id='word_1_518' title='bbox 1047 5643 1171 5687; x_wconf 90' lang='lat' dir='ltr'><strong>sunt</strong></span> <span class='ocrx_word' id='word_1_519' title='bbox 1217 5631 1442 5686; x_wconf 79' lang='lat' dir='ltr'><strong>Romani</strong></span> <span class='ocrx_word' id='word_1_520' title='bbox 1475 5630 1777 5702; x_wconf 68' lang='lat' dir='ltr'><strong>pontitices,</strong></span> 
     </span>
    </p>
   </div>
   <div class='ocr_carea' id='block_1_81' title="bbox 199 5651 1780 5767">
    <p class='ocr_par' dir='ltr' id='par_1_81' title="bbox 199 5651 1780 5767">
     <span class='ocr_line' id='line_1_82' title="bbox 199 5651 1777 5702; baseline -0.003 -17"><span class='ocrx_word' id='word_1_521' title='bbox 199 5651 294 5702; x_wconf 82' lang='lat' dir='ltr'><strong>qut</strong></span> <span class='ocrx_word' id='word_1_522' title='bbox 341 5651 518 5688; x_wconf 83' lang='lat' dir='ltr'><strong>autem</strong></span> <span class='ocrx_word' id='word_1_523' title='bbox 551 5651 597 5688; x_wconf 87' lang='lat' dir='ltr'><strong>te</strong></span> <span class='ocrx_word' id='word_1_524' title='bbox 639 5651 785 5688; x_wconf 88' lang='lat' dir='ltr'><strong>nune</strong></span> <span class='ocrx_word' id='word_1_525' title='bbox 826 5651 997 5688; x_wconf 84' lang='lat' dir='ltr'><strong>creau</strong></span> <span class='ocrx_word' id='word_1_526' title='bbox 1047 5651 1171 5687; x_wconf 83' lang='lat' dir='ltr'><strong>sunt</strong></span> <span class='ocrx_word' id='word_1_527' title='bbox 1218 5651 1442 5686; x_wconf 80' lang='lat' dir='ltr'><strong>nomam</strong></span> <span class='ocrx_word' id='word_1_528' title='bbox 1476 5651 1777 5699; x_wconf 85' lang='lat' dir='ltr'><strong>ponuuces,</strong></span> 
     </span>
     <span class='ocr_line' id='line_1_83' title="bbox 199 5651 1780 5767; baseline -0.002 -11"><span class='ocrx_word' id='word_1_529' title='bbox 199 5713 267 5756; x_wconf 88' lang='lat' dir='ltr'><strong>ut</strong></span> <span class='ocrx_word' id='word_1_530' title='bbox 290 5702 527 5757; x_wconf 77' lang='lat' dir='ltr'><strong>Joannes</strong></span> <span class='ocrx_word' id='word_1_531' title='bbox 558 5651 646 5767; x_wconf 44' lang='lat' dir='ltr'><strong>If,</strong></span> <span class='ocrx_word' id='word_1_532' title='bbox 674 5706 773 5758; x_wconf 85' lang='lat' dir='ltr'><strong>ista</strong></span> <span class='ocrx_word' id='word_1_533' title='bbox 799 5705 1144 5758; x_wconf 89' lang='lat' dir='ltr'><strong>vehementer</strong></span> <span class='ocrx_word' id='word_1_534' title='bbox 1165 5712 1290 5757; x_wconf 89' lang='lat' dir='ltr'><strong>sunt</strong></span> <span class='ocrx_word' id='word_1_535' title='bbox 1320 5699 1601 5756; x_wconf 82' lang='lat' dir='ltr'><strong>exsecrati.</strong></span> <span class='ocrx_word' id='word_1_536' title='bbox 1634 5698 1780 5754; x_wconf 84' lang='lat' dir='ltr'><strong>Unde</strong></span> 
     </span>
    </p>
   </div>
   <div class='ocr_carea' id='block_1_82' title="bbox 203 5769 1780 5843">
    <p class='ocr_par' dir='ltr' id='par_1_82' title="bbox 203 5769 1780 5843">
     <span class='ocr_line' id='line_1_84' title="bbox 203 5769 1780 5843; baseline -0.001 -19"><span class='ocrx_word' id='word_1_537' title='bbox 203 5789 314 5826; x_wconf 88' lang='lat' dir='ltr'><strong>non</strong></span> <span class='ocrx_word' id='word_1_538' title='bbox 345 5785 427 5827; x_wconf 90' lang='lat' dir='ltr'><strong>est</strong></span> <span class='ocrx_word' id='word_1_539' title='bbox 453 5774 753 5827; x_wconf 89' lang='lat' dir='ltr'><strong>mirandum</strong></span> <span class='ocrx_word' id='word_1_540' title='bbox 781 5774 920 5840; x_wconf 87' lang='lat' dir='ltr'><strong>quod</strong></span> <span class='ocrx_word' id='word_1_541' title='bbox 950 5773 1169 5843; x_wconf 89' lang='lat' dir='ltr'><strong>Sergius</strong></span> <span class='ocrx_word' id='word_1_542' title='bbox 1195 5789 1314 5827; x_wconf 92' lang='lat' dir='ltr'><strong>cum</strong></span> <span class='ocrx_word' id='word_1_543' title='bbox 1339 5771 1621 5843; x_wconf 81' lang='lat' dir='ltr'><strong>Stephano</strong></span> <span class='ocrx_word' id='word_1_544' title='bbox 1637 5769 1780 5843; x_wconf 82' lang='lat' dir='ltr'><strong>sedis</strong></span> 
     </span>
    </p>
   </div>
   <div class='ocr_carea' id='block_1_83' title="bbox 201 5839 1774 5914">
    <p class='ocr_par' dir='ltr' id='par_1_83' title="bbox 201 5839 1774 5914">
     <span class='ocr_line' id='line_1_85' title="bbox 201 5839 1774 5914; baseline -0.001 -20"><span class='ocrx_word' id='word_1_545' title='bbox 201 5844 514 5912; x_wconf 78' lang='lat' dir='ltr'><strong>apostolica:</strong></span> <span class='ocrx_word' id='word_1_546' title='bbox 545 5839 1212 5912; x_wconf 77' lang='lat' dir='ltr'><strong>invaserepotentissimo,</strong></span> <span class='ocrx_word' id='word_1_547' title='bbox 1252 5858 1316 5896; x_wconf 85' lang='lat' dir='ltr'><strong>ea</strong></span> <span class='ocrx_word' id='word_1_548' title='bbox 1340 5839 1458 5914; x_wconf 72' lang='lat' dir='ltr'><strong>quae</strong></span> <span class='ocrx_word' id='word_1_549' title='bbox 1488 5841 1656 5896; x_wconf 88' lang='lat' dir='ltr'><strong>sacris</strong></span> <span class='ocrx_word' id='word_1_550' title='bbox 1697 5839 1774 5893; x_wconf 87' lang='lat' dir='ltr'><strong>lc-</strong></span> 
     </span>
    </p>
   </div>
   <div class='ocr_carea' id='block_1_84' title="bbox 282 5963 1514 6048">
    <p class='ocr_par' dir='ltr' id='par_1_84' title="bbox 282 5963 1514 6048">
     <span class='ocr_line' id='line_1_86' title="bbox 282 5963 1514 6048; baseline -0.001 -16"><span class='ocrx_word' id='word_1_551' title='bbox 282 5989 309 6020; x_wconf 68' lang='grc' dir='ltr'><strong>ι</strong></span> <span class='ocrx_word' id='word_1_552' title='bbox 341 5977 547 6032; x_wconf 80' lang='lat' dir='ltr'><strong>Rectius</strong></span> <span class='ocrx_word' id='word_1_553' title='bbox 582 5997 667 6032; x_wconf 83' lang='lat' dir='ltr'><strong>an.</strong></span> <span class='ocrx_word' id='word_1_554' title='bbox 697 5978 816 6042; x_wconf 85' lang='lat' dir='ltr'><strong>9H,</strong></span> <span class='ocrx_word' id='word_1_555' title='bbox 851 5963 924 6032; x_wconf 88' lang='lat' dir='ltr'><strong>ait</strong></span> <span class='ocrx_word' id='word_1_556' title='bbox 952 5977 1147 6048; x_wconf 70' lang='lat' dir='ltr'><strong>Pagius</strong></span> <span class='ocrx_word' id='word_1_557' title='bbox 1173 5979 1236 6031; x_wconf 85' lang='lat' dir='ltr'><strong>ad</strong></span> <span class='ocrx_word' id='word_1_558' title='bbox 1273 5995 1356 6033; x_wconf 87' lang='lat' dir='ltr'><strong>au.</strong></span> <span class='ocrx_word' id='word_1_559' title='bbox 1394 5975 1514 6034; x_wconf 83' lang='lat' dir='ltr'><strong>9i0.</strong></span> 
     </span>
    </p>
   </div>
   <div class='ocr_carea' id='block_1_85' title="bbox 645 6075 1233 6140">
    <p class='ocr_par' dir='ltr' id='par_1_85' title="bbox 645 6075 1233 6140">
     <span class='ocr_line' id='line_1_87' title="bbox 645 6075 1233 6140; baseline -0.005 0"><span class='ocrx_word' id='word_1_560' title='bbox 645 6079 916 6140; x_wconf 75' lang='grc' dir='ltr'>Ριιτειοι..</span> <span class='ocrx_word' id='word_1_561' title='bbox 943 6075 1233 6137; x_wconf 75' lang='lat' dir='ltr'><strong>CXXXI.</strong></span> 
     </span>
    </p>
   </div>
   <div class='ocr_carea' id='block_1_86' title="bbox 1807 5003 2940 5084">
    <p class='ocr_par' dir='ltr' id='par_1_86' title="bbox 1807 5003 2940 5084">
     <span class='ocr_line' id='line_1_88' title="bbox 1807 5003 2940 5084; baseline 0 -28"><span class='ocrx_word' id='word_1_562' title='bbox 1807 5024 1854 5082; x_wconf 77' lang='grc' dir='ltr'>ο</span> <span class='ocrx_word' id='word_1_563' title='bbox 1882 5003 2048 5084; x_wconf 58' lang='lat' dir='ltr'><strong>fuisse</strong></span> <span class='ocrx_word' id='word_1_564' title='bbox 2087 5006 2275 5084; x_wconf 81' lang='lat' dir='ltr'><strong>scribit</strong></span> <span class='ocrx_word' id='word_1_565' title='bbox 2305 5005 2474 5058; x_wconf 80' lang='lat' dir='ltr'><strong>Adam</strong></span> <span class='ocrx_word' id='word_1_566' title='bbox 2503 5005 2661 5084; x_wconf 81' lang='lat' dir='ltr'><strong>lib_._t,</strong></span> <span class='ocrx_word' id='word_1_567' title='bbox 2687 5003 2940 5084; x_wconf 35' lang='grc' dir='ltr'><strong>φυλίης</strong></span> 
     </span>
    </p>
   </div>
   <div class='ocr_carea' id='block_1_87' title="bbox 1886 3675 3462 3800">
    <p class='ocr_par' dir='ltr' id='par_1_87' title="bbox 1886 3675 3462 3800">
     <span class='ocr_line' id='line_1_89' title="bbox 1886 3675 3462 3800; baseline 0.004 -71"><span class='ocrx_word' id='word_1_568' title='bbox 1886 3675 2047 3800; x_wconf 52' lang='lat' dir='ltr'><strong>gibus</strong></span> <span class='ocrx_word' id='word_1_569' title='bbox 2096 3675 2412 3732; x_wconf 87' lang='lat' dir='ltr'><strong>inconcessa</strong></span> <span class='ocrx_word' id='word_1_570' title='bbox 2476 3685 2602 3732; x_wconf 87' lang='lat' dir='ltr'><strong>sunt</strong></span> <span class='ocrx_word' id='word_1_571' title='bbox 2659 3676 2947 3732; x_wconf 85' lang='lat' dir='ltr'><strong>tentaverit</strong></span> <span class='ocrx_word' id='word_1_572' title='bbox 2997 3683 3051 3732; x_wconf 88' lang='lat' dir='ltr'><strong>et</strong></span> <span class='ocrx_word' id='word_1_573' title='bbox 3101 3679 3462 3748; x_wconf 83' lang='lat' dir='ltr'><strong>usurpaverit.</strong></span> 
     </span>
     <span class='ocr_line' id='line_1_90' title="bbox 1935 3747 3460 3800; baseline 0.001 -1"><span class='ocrx_word' id='word_1_574' title='bbox 1935 3747 2194 3800; x_wconf 89' lang='lat' dir='ltr'><strong>lienormn</strong></span> <span class='ocrx_word' id='word_1_575' title='bbox 2243 3747 2476 3800; x_wconf 89' lang='lat' dir='ltr'><strong>invasor.</strong></span> <span class='ocrx_word' id='word_1_576' title='bbox 2518 3757 2794 3800; x_wconf 69' lang='lat' dir='ltr'><strong>crassator</strong></span> <span class='ocrx_word' id='word_1_577' title='bbox 2827 3758 2948 3800; x_wconf 89' lang='lat' dir='ltr'><strong>est:</strong></span> <span class='ocrx_word' id='word_1_578' title='bbox 2995 3755 3050 3800; x_wconf 87' lang='lat' dir='ltr'><strong>at</strong></span> <span class='ocrx_word' id='word_1_579' title='bbox 3093 3750 3214 3800; x_wconf 88' lang='lat' dir='ltr'><strong>uuis</strong></span> <span class='ocrx_word' id='word_1_580' title='bbox 3259 3751 3326 3800; x_wconf 86' lang='lat' dir='ltr'><strong>ab</strong></span> <span class='ocrx_word' id='word_1_581' title='bbox 3357 3752 3460 3800; x_wconf 82' lang='lat' dir='ltr'><strong>isto</strong></span> 
     </span>
    </p>
   </div>
   <div class='ocr_carea' id='block_1_88' title="bbox 1935 3747 3460 3820">
    <p class='ocr_par' dir='ltr' id='par_1_88' title="bbox 1935 3747 3460 3820">
     <span class='ocr_line' id='line_1_91' title="bbox 1935 3747 3460 3820; baseline 0.005 -21"><span class='ocrx_word' id='word_1_582' title='bbox 1935 3747 2216 3820; x_wconf 75' lang='lat' dir='ltr'><strong>lienorum</strong></span> <span class='ocrx_word' id='word_1_583' title='bbox 2243 3747 2483 3820; x_wconf 72' lang='lat' dir='ltr'><strong>invasor,</strong></span> <span class='ocrx_word' id='word_1_584' title='bbox 2517 3757 2794 3820; x_wconf 85' lang='lat' dir='ltr'><strong>grassator</strong></span> <span class='ocrx_word' id='word_1_585' title='bbox 2816 3758 2954 3820; x_wconf 60' lang='lat' dir='ltr'><strong>est;</strong></span> <span class='ocrx_word' id='word_1_586' title='bbox 2995 3755 3050 3820; x_wconf 79' lang='lat' dir='ltr'><strong>a_t</strong></span> <span class='ocrx_word' id='word_1_587' title='bbox 3093 3750 3214 3820; x_wconf 85' lang='lat' dir='ltr'><strong>quis</strong></span> <span class='ocrx_word' id='word_1_588' title='bbox 3237 3747 3326 3806; x_wconf 12' lang='lat' dir='ltr'><strong>fab</strong></span> <span class='ocrx_word' id='word_1_589' title='bbox 3357 3752 3460 3806; x_wconf 91' lang='lat' dir='ltr'><strong>isto</strong></span> 
     </span>
    </p>
   </div>
   <div class='ocr_carea' id='block_1_89' title="bbox 1875 3815 3460 3886">
    <p class='ocr_par' dir='ltr' id='par_1_89' title="bbox 1875 3815 3460 3886">
     <span class='ocr_line' id='line_1_92' title="bbox 1875 3815 3460 3886; baseline 0.006 -20"><span class='ocrx_word' id='word_1_590' title='bbox 1875 3815 2022 3886; x_wconf 86' lang='lat' dir='ltr'><strong>justa</strong></span> <span class='ocrx_word' id='word_1_591' title='bbox 2072 3815 2416 3886; x_wconf 78' lang='lat' dir='ltr'><strong>legitimaque</strong></span> <span class='ocrx_word' id='word_1_592' title='bbox 2448 3815 2627 3870; x_wconf 81' lang='lat' dir='ltr'><strong>omnia</strong></span> <span class='ocrx_word' id='word_1_593' title='bbox 2670 3817 2959 3886; x_wconf 81' lang='lat' dir='ltr'><strong>requirat?</strong></span> <span class='ocrx_word' id='word_1_594' title='bbox 3000 3817 3064 3871; x_wconf 82' lang='lat' dir='ltr'><strong>Et</strong></span> <span class='ocrx_word' id='word_1_595' title='bbox 3112 3815 3264 3876; x_wconf 77' lang='lat' dir='ltr'><strong>licet.</strong></span> <span class='ocrx_word' id='word_1_596' title='bbox 3314 3823 3460 3886; x_wconf 85' lang='lat' dir='ltr'><strong>quod</strong></span> 
     </span>
    </p>
   </div>
   <div class='ocr_carea' id='block_1_90' title="bbox 1882 3885 3457 3958">
    <p class='ocr_par' dir='ltr' id='par_1_90' title="bbox 1882 3885 3457 3958">
     <span class='ocr_line' id='line_1_93' title="bbox 1882 3885 3457 3958; baseline 0.003 -19"><span class='ocrx_word' id='word_1_597' title='bbox 1882 3885 2183 3958; x_wconf 79' lang='lat' dir='ltr'><strong>mirandum</strong></span> <span class='ocrx_word' id='word_1_598' title='bbox 2206 3896 2309 3950; x_wconf 87' lang='lat' dir='ltr'><strong>cst,</strong></span> <span class='ocrx_word' id='word_1_599' title='bbox 2333 3885 2554 3958; x_wconf 85' lang='lat' dir='ltr'><strong>Sergius</strong></span> <span class='ocrx_word' id='word_1_600' title='bbox 2583 3887 2703 3942; x_wconf 89' lang='lat' dir='ltr'><strong>talis</strong></span> <span class='ocrx_word' id='word_1_601' title='bbox 2733 3885 2916 3958; x_wconf 70' lang='lat' dir='ltr'><strong>inerit,</strong></span> <span class='ocrx_word' id='word_1_602' title='bbox 2946 3895 2999 3941; x_wconf 91' lang='lat' dir='ltr'><strong>ct</strong></span> <span class='ocrx_word' id='word_1_603' title='bbox 3023 3889 3089 3942; x_wconf 90' lang='lat' dir='ltr'><strong>ad</strong></span> <span class='ocrx_word' id='word_1_604' title='bbox 3115 3885 3457 3958; x_wconf 81' lang='lat' dir='ltr'><strong>sacrilegium</strong></span> 
     </span>
    </p>
   </div>
   <div class='ocr_carea' id='block_1_91' title="bbox 1880 3955 3459 4026">
    <p class='ocr_par' dir='ltr' id='par_1_91' title="bbox 1880 3955 3459 4026">
     <span class='ocr_line' id='line_1_94' title="bbox 1880 3955 3459 4026; baseline 0.003 -17"><span class='ocrx_word' id='word_1_605' title='bbox 1880 3955 2169 4026; x_wconf 80' lang='lat' dir='ltr'><strong>nefandum</strong></span> <span class='ocrx_word' id='word_1_606' title='bbox 2220 3955 2586 4026; x_wconf 83' lang='lat' dir='ltr'><strong>turpissimam</strong></span> <span class='ocrx_word' id='word_1_607' title='bbox 2624 3955 3356 4026; x_wconf 74' lang='lat' dir='ltr'><strong>impudicitiamaddiderit,</strong></span> <span class='ocrx_word' id='word_1_608' title='bbox 3403 3970 3459 4014; x_wconf 89' lang='lat' dir='ltr'><strong>et</strong></span> 
     </span>
    </p>
   </div>
   <div class='ocr_carea' id='block_1_92' title="bbox 1877 4025 3458 4094">
    <p class='ocr_par' dir='ltr' id='par_1_92' title="bbox 1877 4025 3458 4094">
     <span class='ocr_line' id='line_1_95' title="bbox 1877 4025 3458 4094; baseline 0.003 -14"><span class='ocrx_word' id='word_1_609' title='bbox 1877 4041 1946 4080; x_wconf 76' lang='lat' dir='ltr'><strong>ex</strong></span> <span class='ocrx_word' id='word_1_610' title='bbox 1985 4025 2240 4090; x_wconf 86' lang='lat' dir='ltr'><strong>Marozia,</strong></span> <span class='ocrx_word' id='word_1_611' title='bbox 2277 4025 2593 4083; x_wconf 78' lang='lat' dir='ltr'><strong>nebilissimi</strong></span> <span class='ocrx_word' id='word_1_612' title='bbox 2641 4027 2784 4082; x_wconf 87' lang='lat' dir='ltr'><strong>illius</strong></span> <span class='ocrx_word' id='word_1_613' title='bbox 2829 4027 2995 4082; x_wconf 85' lang='lat' dir='ltr'><strong>scorti</strong></span> <span class='ocrx_word' id='word_1_614' title='bbox 3031 4025 3346 4094; x_wconf 68' lang='lat' dir='ltr'><strong>Theodoraa,</strong></span> <span class='ocrx_word' id='word_1_615' title='bbox 3391 4031 3458 4085; x_wconf 86' lang='lat' dir='ltr'><strong>de</strong></span> 
     </span>
    </p>
   </div>
   <div class='ocr_carea' id='block_1_93' title="bbox 1879 4095 3458 4219">
    <p class='ocr_par' dir='ltr' id='par_1_93' title="bbox 1879 4095 3458 4219">
     <span class='ocr_line' id='line_1_96' title="bbox 1879 4095 3458 4219; baseline 0.004 -73"><span class='ocrx_word' id='word_1_616' title='bbox 1879 4111 1982 4219; x_wconf 43' lang='lat' dir='ltr'><strong>(Eua</strong></span> <span class='ocrx_word' id='word_1_617' title='bbox 2013 4095 2376 4164; x_wconf 86' lang='lat' dir='ltr'><strong>Luitprandus</strong></span> <span class='ocrx_word' id='word_1_618' title='bbox 2406 4098 2544 4152; x_wconf 90' lang='lat' dir='ltr'><strong>libro</strong></span> <span class='ocrx_word' id='word_1_619' title='bbox 2575 4096 2833 4161; x_wconf 89' lang='lat' dir='ltr'><strong>secundo,</strong></span> <span class='ocrx_word' id='word_1_620' title='bbox 2863 4112 2983 4165; x_wconf 87' lang='lat' dir='ltr'><strong>cap.</strong></span> <span class='ocrx_word' id='word_1_621' title='bbox 3030 4098 3240 4154; x_wconf 81' lang='lat' dir='ltr'><strong>decimo</strong></span> <span class='ocrx_word' id='word_1_622' title='bbox 3277 4100 3458 4164; x_wconf 87' lang='lat' dir='ltr'><strong>tertio,</strong></span> 
     </span>
     <span class='ocr_line' id='line_1_97' title="bbox 1901 4165 3455 4219; baseline 0.001 -1"><span class='ocrx_word' id='word_1_623' title='bbox 1901 4166 2010 4219; x_wconf 89' lang='lat' dir='ltr'><strong>ilia.</strong></span> <span class='ocrx_word' id='word_1_624' title='bbox 2061 4165 2226 4219; x_wconf 87' lang='lat' dir='ltr'><strong>lilium</strong></span> <span class='ocrx_word' id='word_1_625' title='bbox 2257 4165 2517 4219; x_wconf 85' lang='lat' dir='ltr'><strong>Joannem</strong></span> <span class='ocrx_word' id='word_1_626' title='bbox 2563 4168 2782 4219; x_wconf 89' lang='lat' dir='ltr'><strong>nomine</strong></span> <span class='ocrx_word' id='word_1_627' title='bbox 2825 4169 3225 4219; x_wconf 87' lang='lat' dir='ltr'><strong>nrocreaverit:</strong></span> <span class='ocrx_word' id='word_1_628' title='bbox 3277 4178 3455 4219; x_wconf 84' lang='lat' dir='ltr'><strong>tamen</strong></span> 
     </span>
    </p>
   </div>
   <div class='ocr_carea' id='block_1_94' title="bbox 1901 4165 3455 4237">
    <p class='ocr_par' dir='ltr' id='par_1_94' title="bbox 1901 4165 3455 4237">
     <span class='ocr_line' id='line_1_98' title="bbox 1901 4165 3455 4237; baseline 0.005 -19"><span class='ocrx_word' id='word_1_629' title='bbox 1901 4166 2010 4237; x_wconf 85' lang='lat' dir='ltr'><strong>ilia,</strong></span> <span class='ocrx_word' id='word_1_630' title='bbox 2061 4165 2226 4237; x_wconf 85' lang='lat' dir='ltr'><strong>lilium</strong></span> <span class='ocrx_word' id='word_1_631' title='bbox 2257 4165 2517 4222; x_wconf 87' lang='lat' dir='ltr'><strong>Joannem</strong></span> <span class='ocrx_word' id='word_1_632' title='bbox 2563 4168 2782 4222; x_wconf 89' lang='lat' dir='ltr'><strong>nomine</strong></span> <span class='ocrx_word' id='word_1_633' title='bbox 2825 4169 3225 4237; x_wconf 87' lang='lat' dir='ltr'><strong>procreaverit:</strong></span> <span class='ocrx_word' id='word_1_634' title='bbox 3277 4178 3455 4225; x_wconf 87' lang='lat' dir='ltr'><strong>tamen</strong></span> 
     </span>
    </p>
   </div>
   <div class='ocr_carea' id='block_1_95' title="bbox 1880 4236 3458 4307">
    <p class='ocr_par' dir='ltr' id='par_1_95' title="bbox 1880 4236 3458 4307">
     <span class='ocr_line' id='line_1_99' title="bbox 1880 4236 3458 4307; baseline 0.001 -18"><span class='ocrx_word' id='word_1_635' title='bbox 1880 4251 1945 4307; x_wconf 85' lang='lat' dir='ltr'><strong>eo</strong></span> <span class='ocrx_word' id='word_1_636' title='bbox 1968 4236 2188 4291; x_wconf 91' lang='lat' dir='ltr'><strong>honoris</strong></span> <span class='ocrx_word' id='word_1_637' title='bbox 2233 4237 2635 4307; x_wconf 15' lang='lat' dir='ltr'><strong>etgrevercntize</strong></span> <span class='ocrx_word' id='word_1_638' title='bbox 2667 4236 2850 4292; x_wconf 81' lang='lat' dir='ltr'><strong>ﬁdeles</strong></span> <span class='ocrx_word' id='word_1_639' title='bbox 2897 4253 3106 4296; x_wconf 83' lang='lat' dir='ltr'><strong>omnes.</strong></span> <span class='ocrx_word' id='word_1_640' title='bbox 3155 4242 3458 4307; x_wconf 67' lang='lat' dir='ltr'><strong>priesertim</strong></span> 
     </span>
    </p>
   </div>
   <div class='ocr_carea' id='block_1_96' title="bbox 1881 4305 3459 4376">
    <p class='ocr_par' dir='ltr' id='par_1_96' title="bbox 1881 4305 3459 4376">
     <span class='ocr_line' id='line_1_100' title="bbox 1881 4305 3459 4376; baseline 0.001 -17"><span class='ocrx_word' id='word_1_641' title='bbox 1881 4305 2038 4374; x_wconf 80' lang='lat' dir='ltr'><strong>longe</strong></span> <span class='ocrx_word' id='word_1_642' title='bbox 2083 4306 2242 4376; x_wconf 89' lang='lat' dir='ltr'><strong>positi</strong></span> <span class='ocrx_word' id='word_1_643' title='bbox 2285 4305 2538 4362; x_wconf 89' lang='lat' dir='ltr'><strong>Boreales</strong></span> <span class='ocrx_word' id='word_1_644' title='bbox 2587 4307 2791 4376; x_wconf 87' lang='lat' dir='ltr'><strong>populi,</strong></span> <span class='ocrx_word' id='word_1_645' title='bbox 2835 4305 3302 4375; x_wconf 83' lang='lat' dir='ltr'><strong>prosequebantur</strong></span> <span class='ocrx_word' id='word_1_646' title='bbox 3350 4307 3459 4362; x_wconf 81' lang='lat' dir='ltr'><strong>Ro-</strong></span> 
     </span>
    </p>
   </div>
   <div class='ocr_carea' id='block_1_97' title="bbox 1881 4377 3458 4445">
    <p class='ocr_par' dir='ltr' id='par_1_97' title="bbox 1881 4377 3458 4445">
     <span class='ocr_line' id='line_1_101' title="bbox 1881 4377 3458 4445; baseline 0.003 -16"><span class='ocrx_word' id='word_1_647' title='bbox 1881 4390 2095 4430; x_wconf 88' lang='lat' dir='ltr'><strong>manam</strong></span> <span class='ocrx_word' id='word_1_648' title='bbox 2125 4377 2444 4440; x_wconf 87' lang='lat' dir='ltr'><strong>Ecclesiam,</strong></span> <span class='ocrx_word' id='word_1_649' title='bbox 2492 4386 2552 4430; x_wconf 90' lang='lat' dir='ltr'><strong>ut</strong></span> <span class='ocrx_word' id='word_1_650' title='bbox 2591 4390 2963 4445; x_wconf 89' lang='lat' dir='ltr'><strong>quemcunque</strong></span> <span class='ocrx_word' id='word_1_651' title='bbox 2995 4377 3046 4429; x_wconf 91' lang='lat' dir='ltr'><strong>in</strong></span> <span class='ocrx_word' id='word_1_652' title='bbox 3073 4391 3135 4430; x_wconf 88' lang='lat' dir='ltr'><strong>ea</strong></span> <span class='ocrx_word' id='word_1_653' title='bbox 3182 4377 3458 4433; x_wconf 83' lang='lat' dir='ltr'><strong>sedentem</strong></span> 
     </span>
    </p>
   </div>
   <div class='ocr_carea' id='block_1_98' title="bbox 1879 4446 3455 4515">
    <p class='ocr_par' dir='ltr' id='par_1_98' title="bbox 1879 4446 3455 4515">
     <span class='ocr_line' id='line_1_102' title="bbox 1879 4446 3455 4515; baseline 0.001 -17"><span class='ocrx_word' id='word_1_654' title='bbox 1879 4446 2129 4499; x_wconf 89' lang='lat' dir='ltr'><strong>audirent</strong></span> <span class='ocrx_word' id='word_1_655' title='bbox 2171 4447 2387 4515; x_wconf 90' lang='lat' dir='ltr'><strong>nomine</strong></span> <span class='ocrx_word' id='word_1_656' title='bbox 2417 4456 2570 4500; x_wconf 89' lang='lat' dir='ltr'><strong>tenus</strong></span> <span class='ocrx_word' id='word_1_657' title='bbox 2601 4447 2932 4515; x_wconf 80' lang='lat' dir='ltr'><strong>pontiﬁcem,</strong></span> <span class='ocrx_word' id='word_1_658' title='bbox 2967 4447 3232 4510; x_wconf 85' lang='lat' dir='ltr'><strong>eumdem,</strong></span> <span class='ocrx_word' id='word_1_659' title='bbox 3262 4447 3455 4500; x_wconf 89' lang='lat' dir='ltr'><strong>mirum</strong></span> 
     </span>
    </p>
   </div>
   <div class='ocr_carea' id='block_1_99' title="bbox 1879 4514 3460 4583">
    <p class='ocr_par' dir='ltr' id='par_1_99' title="bbox 1879 4514 3460 4583">
     <span class='ocr_line' id='line_1_103' title="bbox 1879 4514 3460 4583; baseline 0.003 -18"><span class='ocrx_word' id='word_1_660' title='bbox 1879 4515 2048 4579; x_wconf 85' lang='lat' dir='ltr'><strong>dictu,</strong></span> <span class='ocrx_word' id='word_1_661' title='bbox 2084 4514 2226 4569; x_wconf 87' lang='lat' dir='ltr'><strong>nulla</strong></span> <span class='ocrx_word' id='word_1_662' title='bbox 2273 4516 2452 4568; x_wconf 88' lang='lat' dir='ltr'><strong>habita</strong></span> <span class='ocrx_word' id='word_1_663' title='bbox 2503 4514 2836 4569; x_wconf 82' lang='lat' dir='ltr'><strong>diseassioue</strong></span> <span class='ocrx_word' id='word_1_664' title='bbox 2887 4515 3004 4582; x_wconf 88' lang='lat' dir='ltr'><strong>ejus</strong></span> <span class='ocrx_word' id='word_1_665' title='bbox 3055 4515 3351 4583; x_wconf 79' lang='lat' dir='ltr'><strong>ingressus,</strong></span> <span class='ocrx_word' id='word_1_666' title='bbox 3401 4525 3460 4570; x_wconf 90' lang='lat' dir='ltr'><strong>ut</strong></span> 
     </span>
    </p>
   </div>
   <div class='ocr_carea' id='block_1_100' title="bbox 1879 4583 3458 4652">
    <p class='ocr_par' dir='ltr' id='par_1_100' title="bbox 1879 4583 3458 4652">
     <span class='ocr_line' id='line_1_104' title="bbox 1879 4583 3458 4652; baseline 0.001 -14"><span class='ocrx_word' id='word_1_667' title='bbox 1879 4583 2096 4639; x_wconf 88' lang='lat' dir='ltr'><strong>Petrum</strong></span> <span class='ocrx_word' id='word_1_668' title='bbox 2127 4586 2384 4639; x_wconf 80' lang='lat' dir='ltr'><strong>colerent.</strong></span> <span class='ocrx_word' id='word_1_669' title='bbox 2437 4583 2568 4638; x_wconf 86' lang='lat' dir='ltr'><strong>Nam</strong></span> <span class='ocrx_word' id='word_1_670' title='bbox 2618 4585 2687 4639; x_wconf 86' lang='lat' dir='ltr'><strong>ab</strong></span> <span class='ocrx_word' id='word_1_671' title='bbox 2721 4585 2822 4639; x_wconf 91' lang='lat' dir='ltr'><strong>hoc</strong></span> <span class='ocrx_word' id='word_1_672' title='bbox 2861 4583 3058 4652; x_wconf 88' lang='lat' dir='ltr'><strong>Sergio</strong></span> <span class='ocrx_word' id='word_1_673' title='bbox 3076 4583 3458 4640; x_wconf 88' lang='lat' dir='ltr'><strong>Coloniensem</strong></span> 
     </span>
    </p>
   </div>
   <div class='ocr_carea' id='block_1_101' title="bbox 1879 4653 3459 4724">
    <p class='ocr_par' dir='ltr' id='par_1_101' title="bbox 1879 4653 3459 4724">
     <span class='ocr_line' id='line_1_105' title="bbox 1879 4653 3459 4724; baseline 0.004 -18"><span class='ocrx_word' id='word_1_674' title='bbox 1879 4663 1934 4724; x_wconf 83' lang='lat' dir='ltr'><strong>et</strong></span> <span class='ocrx_word' id='word_1_675' title='bbox 1956 4654 2412 4724; x_wconf 84' lang='lat' dir='ltr'><strong>Hamburgensem</strong></span> <span class='ocrx_word' id='word_1_676' title='bbox 2444 4654 2600 4724; x_wconf 87' lang='lat' dir='ltr'><strong>pallia</strong></span> <span class='ocrx_word' id='word_1_677' title='bbox 2623 4655 2899 4722; x_wconf 89' lang='lat' dir='ltr'><strong>accepisse</strong></span> <span class='ocrx_word' id='word_1_678' title='bbox 2921 4662 3148 4708; x_wconf 87' lang='lat' dir='ltr'><strong>testatur</strong></span> <span class='ocrx_word' id='word_1_679' title='bbox 3168 4653 3459 4713; x_wconf 85' lang='lat' dir='ltr'><strong>Crantzius</strong></span> 
     </span>
    </p>
   </div>
   <div class='ocr_carea' id='block_1_102' title="bbox 1882 4723 3459 4793">
    <p class='ocr_par' dir='ltr' id='par_1_102' title="bbox 1882 4723 3459 4793">
     <span class='ocr_line' id='line_1_106' title="bbox 1882 4723 3459 4793; baseline 0.003 -17"><span class='ocrx_word' id='word_1_680' title='bbox 1882 4723 2017 4779; x_wconf 88' lang='lat' dir='ltr'><strong>libro</strong></span> <span class='ocrx_word' id='word_1_681' title='bbox 2075 4723 2233 4778; x_wconf 83' lang='lat' dir='ltr'><strong>tertio</strong></span> <span class='ocrx_word' id='word_1_682' title='bbox 2283 4723 2529 4780; x_wconf 74' lang='lat' dir='ltr'><strong>Historia:</strong></span> <span class='ocrx_word' id='word_1_683' title='bbox 2577 4724 2999 4788; x_wconf 67' lang='lat' dir='ltr'><strong>ecclesiasticae,</strong></span> <span class='ocrx_word' id='word_1_684' title='bbox 3049 4739 3170 4793; x_wconf 88' lang='lat' dir='ltr'><strong>cap.</strong></span> <span class='ocrx_word' id='word_1_685' title='bbox 3220 4725 3270 4778; x_wconf 79' lang='lat' dir='ltr'><strong>l.</strong></span> <span class='ocrx_word' id='word_1_686' title='bbox 3324 4725 3459 4782; x_wconf 77' lang='lat' dir='ltr'><strong>Rre—</strong></span> 
     </span>
    </p>
   </div>
   <div class='ocr_carea' id='block_1_103' title="bbox 1881 4793 3460 4864">
    <p class='ocr_par' dir='ltr' id='par_1_103' title="bbox 1881 4793 3460 4864">
     <span class='ocr_line' id='line_1_107' title="bbox 1881 4793 3460 4864; baseline 0.002 -18"><span class='ocrx_word' id='word_1_687' title='bbox 1881 4808 2121 4864; x_wconf 86' lang='lat' dir='ltr'><strong>mensem</strong></span> <span class='ocrx_word' id='word_1_688' title='bbox 2155 4795 2448 4850; x_wconf 87' lang='lat' dir='ltr'><strong>Ecclesiam</strong></span> <span class='ocrx_word' id='word_1_689' title='bbox 2475 4811 2504 4848; x_wconf 90' lang='lat' dir='ltr'><strong>a</strong></span> <span class='ocrx_word' id='word_1_690' title='bbox 2531 4802 2793 4864; x_wconf 86' lang='lat' dir='ltr'><strong>potestate</strong></span> <span class='ocrx_word' id='word_1_691' title='bbox 2820 4802 2874 4847; x_wconf 93' lang='lat' dir='ltr'><strong>et</strong></span> <span class='ocrx_word' id='word_1_692' title='bbox 2895 4793 3275 4864; x_wconf 71' lang='lat' dir='ltr'><strong>jurisdictione</strong></span> <span class='ocrx_word' id='word_1_693' title='bbox 3303 4794 3460 4850; x_wconf 86' lang='lat' dir='ltr'><strong>Colo-</strong></span> 
     </span>
    </p>
   </div>
   <div class='ocr_carea' id='block_1_104' title="bbox 1879 4863 3476 4934">
    <p class='ocr_par' dir='ltr' id='par_1_104' title="bbox 1879 4863 3476 4934">
     <span class='ocr_line' id='line_1_108' title="bbox 1879 4863 3476 4934; baseline 0.001 -17"><span class='ocrx_word' id='word_1_694' title='bbox 1879 4863 2101 4934; x_wconf 86' lang='lat' dir='ltr'><strong>niensis,</strong></span> <span class='ocrx_word' id='word_1_695' title='bbox 2135 4865 2290 4919; x_wconf 77' lang='lat' dir='ltr'><strong>aiLter</strong></span> <span class='ocrx_word' id='word_1_696' title='bbox 2337 4881 2497 4934; x_wconf 89' lang='lat' dir='ltr'><strong>quam</strong></span> <span class='ocrx_word' id='word_1_697' title='bbox 2533 4863 2865 4934; x_wconf 76' lang='lat' dir='ltr'><strong>auctoritate</strong></span> <span class='ocrx_word' id='word_1_698' title='bbox 2913 4863 3157 4934; x_wconf 83' lang='lat' dir='ltr'><strong>Formosi</strong></span> <span class='ocrx_word' id='word_1_699' title='bbox 3202 4881 3350 4934; x_wconf 67' lang='lat' dir='ltr'><strong>papae</strong></span> <span class='ocrx_word' id='word_1_700' title='bbox 3403 4867 3476 4919; x_wconf 92' lang='lat' dir='ltr'><strong>in-</strong></span> 
     </span>
    </p>
   </div>
   <div class='ocr_carea' id='block_1_105' title="bbox 1879 4933 3472 5058">
    <p class='ocr_par' dir='ltr' id='par_1_105' title="bbox 1879 4933 3472 5058">
     <span class='ocr_line' id='line_1_109' title="bbox 1879 4933 3472 5058; baseline 0 -68"><span class='ocrx_word' id='word_1_701' title='bbox 1879 4933 2107 4990; x_wconf 82' lang='lat' dir='ltr'><strong>ccncilio</strong></span> <span class='ocrx_word' id='word_1_702' title='bbox 2129 4933 2461 4989; x_wconf 85' lang='lat' dir='ltr'><strong>Tribnriensi</strong></span> <span class='ocrx_word' id='word_1_703' title='bbox 2482 4943 2740 4988; x_wconf 89' lang='lat' dir='ltr'><strong>statutum</strong></span> <span class='ocrx_word' id='word_1_704' title='bbox 2766 4933 2954 4993; x_wconf 82' lang='lat' dir='ltr'><strong>fuerat.</strong></span> <span class='ocrx_word' id='word_1_705' title='bbox 2967 4933 3130 5058; x_wconf 59' lang='lat' dir='ltr'><strong>Blane</strong></span> <span class='ocrx_word' id='word_1_706' title='bbox 3151 4933 3472 5003; x_wconf 75' lang='lat' dir='ltr'><strong>exemptam.</strong></span> 
     </span>
     <span class='ocr_line' id='line_1_110' title="bbox 1882 5003 3456 5058; baseline 0.001 -2"><span class='ocrx_word' id='word_1_707' title='bbox 1882 5003 2044 5058; x_wconf 80' lang='lat' dir='ltr'><strong>fuisse</strong></span> <span class='ocrx_word' id='word_1_708' title='bbox 2087 5006 2275 5058; x_wconf 82' lang='lat' dir='ltr'><strong>scribit</strong></span> <span class='ocrx_word' id='word_1_709' title='bbox 2305 5005 2474 5058; x_wconf 79' lang='lat' dir='ltr'><strong>Adam</strong></span> <span class='ocrx_word' id='word_1_710' title='bbox 2503 5005 2590 5058; x_wconf 86' lang='lat' dir='ltr'><strong>lib.</strong></span> <span class='ocrx_word' id='word_1_711' title='bbox 2625 5019 2661 5058; x_wconf 87' lang='grc' dir='ltr'>ι.</span> <span class='ocrx_word' id='word_1_712' title='bbox 2687 5019 2806 5058; x_wconf 88' lang='lat' dir='ltr'><strong>can.</strong></span> <span class='ocrx_word' id='word_1_713' title='bbox 2848 5003 2940 5057; x_wconf 77' lang='grc'><strong>42.</strong></span> <span class='ocrx_word' id='word_1_714' title='bbox 3019 5005 3119 5058; x_wconf 88' lang='lat' dir='ltr'><strong>nde</strong></span> <span class='ocrx_word' id='word_1_715' title='bbox 3154 5019 3312 5058; x_wconf 87' lang='lat' dir='ltr'><strong>nemo</strong></span> <span class='ocrx_word' id='word_1_716' title='bbox 3349 5020 3456 5058; x_wconf 89' lang='lat' dir='ltr'><strong>non</strong></span> 
     </span>
    </p>
   </div>
   <div class='ocr_carea' id='block_1_106' title="bbox 3019 5005 3456 5058">
    <p class='ocr_par' dir='ltr' id='par_1_106' title="bbox 3019 5005 3456 5058">
     <span class='ocr_line' id='line_1_111' title="bbox 3019 5005 3456 5058; baseline 0.007 -3"><span class='ocrx_word' id='word_1_717' title='bbox 3019 5005 3119 5058; x_wconf 88' lang='lat' dir='ltr'><strong>nde</strong></span> <span class='ocrx_word' id='word_1_718' title='bbox 3154 5019 3312 5058; x_wconf 87' lang='lat' dir='ltr'><strong>nemo</strong></span> <span class='ocrx_word' id='word_1_719' title='bbox 3349 5020 3456 5058; x_wconf 89' lang='lat' dir='ltr'><strong>non</strong></span> 
     </span>
    </p>
   </div>
   <div class='ocr_carea' id='block_1_107' title="bbox 1884 5072 3454 5143">
    <p class='ocr_par' dir='ltr' id='par_1_107' title="bbox 1884 5072 3454 5143">
     <span class='ocr_line' id='line_1_112' title="bbox 1884 5072 3454 5143; baseline -0.001 -16"><span class='ocrx_word' id='word_1_720' title='bbox 1884 5073 2130 5143; x_wconf 82' lang='lat' dir='ltr'><strong>intelligit</strong></span> <span class='ocrx_word' id='word_1_721' title='bbox 2179 5085 2379 5143; x_wconf 89' lang='lat' dir='ltr'><strong>quanta</strong></span> <span class='ocrx_word' id='word_1_722' title='bbox 2432 5072 2767 5143; x_wconf 78' lang='lat' dir='ltr'><strong>providentia</strong></span> <span class='ocrx_word' id='word_1_723' title='bbox 2812 5072 3110 5128; x_wconf 82' lang='lat' dir='ltr'><strong>Ecclesiam</strong></span> <span class='ocrx_word' id='word_1_724' title='bbox 3149 5074 3454 5129; x_wconf 75' lang='lat' dir='ltr'><strong>universam</strong></span> 
     </span>
    </p>
   </div>
   <div class='ocr_carea' id='block_1_108' title="bbox 1883 5143 3477 5213">
    <p class='ocr_par' dir='ltr' id='par_1_108' title="bbox 1883 5143 3477 5213">
     <span class='ocr_line' id='line_1_113' title="bbox 1883 5143 3477 5213; baseline -0.001 -16"><span class='ocrx_word' id='word_1_725' title='bbox 1883 5143 2023 5197; x_wconf 90' lang='lat' dir='ltr'><strong>Deus</strong></span> <span class='ocrx_word' id='word_1_726' title='bbox 2038 5145 2274 5213; x_wconf 88' lang='lat' dir='ltr'><strong>optinms</strong></span> <span class='ocrx_word' id='word_1_727' title='bbox 2303 5155 2451 5212; x_wconf 86' lang='lat' dir='ltr'><strong>regat</strong></span> <span class='ocrx_word' id='word_1_728' title='bbox 2466 5156 2519 5198; x_wconf 92' lang='lat' dir='ltr'><strong>et</strong></span> <span class='ocrx_word' id='word_1_729' title='bbox 2534 5145 2815 5212; x_wconf 88' lang='lat' dir='ltr'><strong>gubernet,</strong></span> <span class='ocrx_word' id='word_1_730' title='bbox 2831 5159 2948 5211; x_wconf 68' lang='lat' dir='ltr'><strong>quae</strong></span> <span class='ocrx_word' id='word_1_731' title='bbox 2963 5159 3083 5197; x_wconf 88' lang='lat' dir='ltr'><strong>cum</strong></span> <span class='ocrx_word' id='word_1_732' title='bbox 3107 5143 3456 5197; x_wconf 87' lang='lat' dir='ltr'><strong>meretricum</strong></span> <span class='ocrx_word' id='word_1_733' title='bbox 3473 5167 3477 5172; x_wconf 65' lang='grc' dir='ltr'><strong>ι</strong></span> 
     </span>
    </p>
   </div>
   <div class='ocr_carea' id='block_1_109' title="bbox 1884 5213 3456 5276">
    <p class='ocr_par' dir='ltr' id='par_1_109' title="bbox 1884 5213 3456 5276">
     <span class='ocr_line' id='line_1_114' title="bbox 1884 5213 3456 5276; baseline -0.001 -10"><span class='ocrx_word' id='word_1_734' title='bbox 1884 5214 2108 5267; x_wconf 90' lang='lat' dir='ltr'><strong>arbitrio</strong></span> <span class='ocrx_word' id='word_1_735' title='bbox 2138 5215 2580 5276; x_wconf 83' lang='lat' dir='ltr'><strong>inllammaretur,</strong></span> <span class='ocrx_word' id='word_1_736' title='bbox 2608 5215 2789 5267; x_wconf 88' lang='lat' dir='ltr'><strong>omnia</strong></span> <span class='ocrx_word' id='word_1_737' title='bbox 2831 5213 2966 5265; x_wconf 90' lang='lat' dir='ltr'><strong>mala</strong></span> <span class='ocrx_word' id='word_1_738' title='bbox 2998 5223 3050 5266; x_wconf 89' lang='lat' dir='ltr'><strong>et</strong></span> <span class='ocrx_word' id='word_1_739' title='bbox 3089 5213 3340 5266; x_wconf 86' lang='lat' dir='ltr'><strong>scandala</strong></span> <span class='ocrx_word' id='word_1_740' title='bbox 3374 5213 3456 5265; x_wconf 88' lang='lat' dir='ltr'><strong>in-</strong></span> 
     </span>
    </p>
   </div>
   <div class='ocr_carea' id='block_1_110' title="bbox 1882 5282 3460 5354">
    <p class='ocr_par' dir='ltr' id='par_1_110' title="bbox 1882 5282 3460 5354">
     <span class='ocr_line' id='line_1_115' title="bbox 1882 5282 3460 5354; baseline 0 -17"><span class='ocrx_word' id='word_1_741' title='bbox 1882 5284 2311 5346; x_wconf 87' lang='lat' dir='ltr'><strong>crebrescerent,</strong></span> <span class='ocrx_word' id='word_1_742' title='bbox 2345 5298 2646 5354; x_wconf 86' lang='lat' dir='ltr'><strong>magnoque</strong></span> <span class='ocrx_word' id='word_1_743' title='bbox 2676 5282 3293 5354; x_wconf 72' lang='lat' dir='ltr'><strong>schismatescindenda</strong></span> <span class='ocrx_word' id='word_1_744' title='bbox 3344 5297 3460 5354; x_wconf 82' lang='lat' dir='ltr'><strong>me-</strong></span> 
     </span>
    </p>
   </div>
   <div class='ocr_carea' id='block_1_111' title="bbox 1884 5351 3476 5416">
    <p class='ocr_par' dir='ltr' id='par_1_111' title="bbox 1884 5351 3476 5416">
     <span class='ocr_line' id='line_1_116' title="bbox 1884 5351 3476 5416; baseline -0.003 -9"><span class='ocrx_word' id='word_1_745' title='bbox 1884 5363 2143 5416; x_wconf 88' lang='lat' dir='ltr'><strong>tueretur,</strong></span> <span class='ocrx_word' id='word_1_746' title='bbox 2173 5355 2415 5408; x_wconf 88' lang='lat' dir='ltr'><strong>eamdem</strong></span> <span class='ocrx_word' id='word_1_747' title='bbox 2443 5351 2514 5408; x_wconf 76' lang='lat' dir='ltr'><strong>ab</strong></span> <span class='ocrx_word' id='word_1_748' title='bbox 2544 5351 2734 5408; x_wconf 64' lang='lat' dir='ltr'><strong>haeresi</strong></span> <span class='ocrx_word' id='word_1_749' title='bbox 2783 5363 2839 5407; x_wconf 89' lang='lat' dir='ltr'><strong>et</strong></span> <span class='ocrx_word' id='word_1_750' title='bbox 2885 5351 3172 5406; x_wconf 87' lang='lat' dir='ltr'><strong>schismate</strong></span> <span class='ocrx_word' id='word_1_751' title='bbox 3211 5351 3356 5405; x_wconf 90' lang='lat' dir='ltr'><strong>omni</strong></span> <span class='ocrx_word' id='word_1_752' title='bbox 3385 5352 3476 5405; x_wconf 87' lang='lat' dir='ltr'><strong>ita.</strong></span> 
     </span>
    </p>
   </div>
   <div class='ocr_carea' id='block_1_112' title="bbox 1883 5420 3459 5492">
    <p class='ocr_par' dir='ltr' id='par_1_112' title="bbox 1883 5420 3459 5492">
     <span class='ocr_line' id='line_1_117' title="bbox 1883 5420 3459 5492; baseline -0.003 -14"><span class='ocrx_word' id='word_1_753' title='bbox 1883 5423 2201 5485; x_wconf 83' lang='lat' dir='ltr'><strong>defenderit,</strong></span> <span class='ocrx_word' id='word_1_754' title='bbox 2235 5433 2294 5477; x_wconf 91' lang='lat' dir='ltr'><strong>ut</strong></span> <span class='ocrx_word' id='word_1_755' title='bbox 2321 5424 2500 5492; x_wconf 91' lang='lat' dir='ltr'><strong>potius</strong></span> <span class='ocrx_word' id='word_1_756' title='bbox 2525 5439 2712 5478; x_wconf 90' lang='lat' dir='ltr'><strong>oumes</strong></span> <span class='ocrx_word' id='word_1_757' title='bbox 2759 5421 2956 5492; x_wconf 80' lang='lat' dir='ltr'><strong>ubique</strong></span> <span class='ocrx_word' id='word_1_758' title='bbox 2986 5420 3223 5492; x_wconf 80' lang='lat' dir='ltr'><strong>gentium</strong></span> <span class='ocrx_word' id='word_1_759' title='bbox 3273 5420 3459 5492; x_wconf 84' lang='lat' dir='ltr'><strong>lidcles</strong></span> 
     </span>
    </p>
   </div>
   <div class='ocr_carea' id='block_1_113' title="bbox 1884 5489 3457 5563">
    <p class='ocr_par' dir='ltr' id='par_1_113' title="bbox 1884 5489 3457 5563">
     <span class='ocr_line' id='line_1_118' title="bbox 1884 5489 3457 5563; baseline -0.002 -16"><span class='ocrx_word' id='word_1_760' title='bbox 1884 5493 2056 5548; x_wconf 86' lang='lat' dir='ltr'><strong>cidem</strong></span> <span class='ocrx_word' id='word_1_761' title='bbox 2085 5492 2207 5549; x_wconf 83' lang='lat' dir='ltr'><strong>ﬁdei</strong></span> <span class='ocrx_word' id='word_1_762' title='bbox 2237 5489 2450 5548; x_wconf 76' lang='lat' dir='ltr'><strong>vinculo</strong></span> <span class='ocrx_word' id='word_1_763' title='bbox 2479 5502 2534 5548; x_wconf 91' lang='lat' dir='ltr'><strong>et</strong></span> <span class='ocrx_word' id='word_1_764' title='bbox 2557 5491 2876 5563; x_wconf 74' lang='lat' dir='ltr'><strong>obedientize</strong></span> <span class='ocrx_word' id='word_1_765' title='bbox 2907 5489 3107 5563; x_wconf 68' lang='lat' dir='ltr'><strong>[uidere</strong></span> <span class='ocrx_word' id='word_1_766' title='bbox 3130 5489 3304 5563; x_wconf 79' lang='lat' dir='ltr'><strong>juncti</strong></span> <span class='ocrx_word' id='word_1_767' title='bbox 3337 5507 3457 5563; x_wconf 81' lang='lat' dir='ltr'><strong>per—</strong></span> 
     </span>
    </p>
   </div>
   <div class='ocr_carea' id='block_1_114' title="bbox 1884 5559 3459 5631">
    <p class='ocr_par' dir='ltr' id='par_1_114' title="bbox 1884 5559 3459 5631">
     <span class='ocr_line' id='line_1_119' title="bbox 1884 5559 3459 5631; baseline -0.003 -14"><span class='ocrx_word' id='word_1_768' title='bbox 1884 5563 2139 5617; x_wconf 88' lang='lat' dir='ltr'><strong>sistercnt</strong></span> <span class='ocrx_word' id='word_1_769' title='bbox 2171 5563 2502 5631; x_wconf 78' lang='lat' dir='ltr'><strong>firmiterque</strong></span> <span class='ocrx_word' id='word_1_770' title='bbox 2526 5561 2883 5631; x_wconf 64' lang='lat' dir='ltr'><strong>adhaererent.</strong></span> <span class='ocrx_word' id='word_1_771' title='bbox 2913 5559 3201 5629; x_wconf 84' lang='lat' dir='ltr'><strong>Postquam</strong></span> <span class='ocrx_word' id='word_1_772' title='bbox 3231 5559 3459 5631; x_wconf 81' lang='lat' dir='ltr'><strong>triennio</strong></span> 
     </span>
    </p>
   </div>
   <div class='ocr_carea' id='block_1_115' title="bbox 1883 5627 3454 5701">
    <p class='ocr_par' dir='ltr' id='par_1_115' title="bbox 1883 5627 3454 5701">
     <span class='ocr_line' id='line_1_120' title="bbox 1883 5627 3454 5701; baseline -0.003 -15"><span class='ocrx_word' id='word_1_773' title='bbox 1883 5634 2062 5687; x_wconf 83' lang='lat' dir='ltr'><strong>sedem</strong></span> <span class='ocrx_word' id='word_1_774' title='bbox 2097 5633 2336 5688; x_wconf 80' lang='lat' dir='ltr'><strong>invasam</strong></span> <span class='ocrx_word' id='word_1_775' title='bbox 2371 5627 2733 5701; x_wconf 42' lang='lat' dir='ltr'><strong>oécepasSet,</strong></span> <span class='ocrx_word' id='word_1_776' title='bbox 2754 5629 3041 5701; x_wconf 83' lang='lat' dir='ltr'><strong>defunctus</strong></span> <span class='ocrx_word' id='word_1_777' title='bbox 3062 5627 3162 5684; x_wconf 72' lang='lat' dir='ltr'><strong>est</strong></span> <span class='ocrx_word' id='word_1_778' title='bbox 3188 5645 3328 5683; x_wconf 88' lang='lat' dir='ltr'><strong>anno</strong></span> <span class='ocrx_word' id='word_1_779' title='bbox 3359 5630 3454 5684; x_wconf 83' lang='lat' dir='ltr'><strong>Dn-</strong></span> 
     </span>
    </p>
   </div>
   <div class='ocr_carea' id='block_1_116' title="bbox 1879 5699 3457 5827">
    <p class='ocr_par' dir='ltr' id='par_1_116' title="bbox 1879 5699 3457 5827">
     <span class='ocr_line' id='line_1_121' title="bbox 1879 5699 3457 5827; baseline 0 -72"><span class='ocrx_word' id='word_1_780' title='bbox 1879 5704 2010 5827; x_wconf 56' lang='lat' dir='ltr'><strong>}nini</strong></span> <span class='ocrx_word' id='word_1_781' title='bbox 2041 5703 2235 5827; x_wconf 58' lang='grc' dir='ltr'><strong>ψυχά,</strong></span> <span class='ocrx_word' id='word_1_782' title='bbox 2266 5712 2323 5758; x_wconf 81' lang='grc' dir='ltr'><strong>ιιι</strong></span> <span class='ocrx_word' id='word_1_783' title='bbox 2372 5699 2520 5759; x_wconf 76' lang='lat' dir='ltr'><strong>infra</strong></span> <span class='ocrx_word' id='word_1_784' title='bbox 2555 5699 2758 5772; x_wconf 86' lang='lat' dir='ltr'><strong>patebit</strong></span> <span class='ocrx_word' id='word_1_785' title='bbox 2793 5715 2859 5754; x_wconf 78' lang='lat' dir='ltr'><strong>ex</strong></span> <span class='ocrx_word' id='word_1_786' title='bbox 2907 5700 3062 5755; x_wconf 90' lang='lat' dir='ltr'><strong>initio</strong></span> <span class='ocrx_word' id='word_1_787' title='bbox 3115 5701 3457 5770; x_wconf 69' lang='lat' dir='ltr'><strong>pontiﬁcatus</strong></span> 
     </span>
     <span class='ocr_line' id='line_1_122' title="bbox 1913 5789 2197 5827; baseline -0.007 0"><span class='ocrx_word' id='word_1_788' title='bbox 1913 5789 2100 5827; x_wconf 87' lang='lat' dir='ltr'><strong>oanms</strong></span> <span class='ocrx_word' id='word_1_789' title='bbox 2184 5815 2197 5825; x_wconf 82' lang='lat'><strong>.</strong></span> 
     </span>
    </p>
   </div>
   <div class='ocr_carea' id='block_1_117' title="bbox 1913 5789 2197 5830">
    <p class='ocr_par' dir='ltr' id='par_1_117' title="bbox 1913 5789 2197 5830">
     <span class='ocr_line' id='line_1_123' title="bbox 1913 5789 2197 5830; baseline -0.014 -1"><span class='ocrx_word' id='word_1_790' title='bbox 1913 5789 2100 5830; x_wconf 85' lang='lat' dir='ltr'><strong>oanms</strong></span> <span class='ocrx_word' id='word_1_791' title='bbox 2134 5789 2197 5827; x_wconf 68' lang='grc' dir='ltr'><strong>λ.</strong></span> 
     </span>
    </p>
   </div>
   <div class='ocr_carea' id='block_1_118' title="bbox 2947 6063 3018 6125">
    <p class='ocr_par' dir='ltr' id='par_1_118' title="bbox 2947 6063 3018 6125">
     <span class='ocr_line' id='line_1_124' title="bbox 2947 6063 3018 6125; baseline 0 0"><span class='ocrx_word' id='word_1_792' title='bbox 2947 6063 3018 6125; x_wconf 79' lang='grc'><strong>31</strong></span> 
     </span>
    </p>
   </div>
  </div>
