4038 6478
577 570 672 625 371

1929 565 2157 620 ³811011
2195 565 2393 619 ΡΑΡΛ
2428 571 2494 621 ιιι

3750 582 3850 639 171

1177 686 3808 718 W

1464 827 2086 987 sanan
2160 831 2702 1001 eum
2777 840 2992 954 ιιι

1241 1039 1975 1160 EPISTOL/E
2057 1039 2165 1151 E'

2323 1039 3185 1168 PRIVILEGIA.

753 1505 918 1568 suum
949 1500 1121 1545 ssnon
1147 1501 1206 1543 tu
1237 1500 1340 1543 ano
1368 1500 1703 1543 uosssrsnro
1727 1501 1777 1542 s.
1805 1501 1980 1542 GALLI.
2078 1476 2079 1479 “

976 1616 979 1619 ·
1063 1602 1243 1672 (Anno
1267 1599 1453 1665 9M,'8
1483 1599 1666 1671 Mart.)

577 1702 754 1782 [Apud
772 1710 1054 1783 Ncugart.,
1069 1709 1246 1766 Codex
1263 1710 1646 1783 diplomaticus,
1665 1721 1792 1770 tom.
1811 1713 1854 1781 l,
1869 1729 1989 1787 pag.
2003 1715 2154 1789 535].

646 1820 879 1880 Senatus
911 1823 1215 1894 episcopus,
1242 1838 1432 1881 servus
1452 1839 1732 1882 servorum
1760 1824 1879 1893 Dei,
1906 1827 2157 1884 omnibus

572 1923 771 1970 sanctae
798 1915 892 1971 Dei
923 1915 1178 1973 Ecclesiae
1200 1916 1467 1975 ﬁdelibus.
2134 1910 2141 1913 “

602 2044 607 2049 -
640 2005 945 2076 Cognoscat
961 2007 1210 2063 amabilis
1235 2008 1577 2081 religiositas,
1601 2008 1728 2080 quia
1752 2008 1970 2080 quidam
1994 2025 2158 2066 vene-

570 2100 754 2157 rabilis
782 2102 865 2156 vir
903 2116 970 2156 ex
1000 2103 1245 2172 partibus
1288 2102 1592 2160 Germaniae
1640 2105 1859 2161 nomine
1900 2104 2154 2159 Salomon

567 2192 1002 2249 Constantiensis
1032 2194 1288 2250 Ecclesiae
1316 2195 1621 2265 episcopus,
1648 2204 1704 2250 et
1740 2194 1908 2251 abbas
1930 2210 2154 2251 venera-

566 2283 692 2339 bilis
737 2284 1053 2340 monasterii
1102 2285 1162 2341 S.
1209 2284 1347 2341 Galli
1401 2300 1564 2342 causa
1615 2285 1879 2343 orationis
1926 2286 2152 2341 Romam

567 2373 831 2442 pervenit,
863 2382 919 2429 et
947 2389 1046 2444 pro
1072 2374 1285 2431 delictis
1310 2375 1424 2431 suis
1451 2384 1760 2432 sanctorum
1789 2375 2151 2447 apostolorum

570 2463 822 2535 sull‘ragia
845 2464 1121 2521 humiliter
1145 2465 1468 2538 imploravit.
1492 2466 1739 2535 Quicum
1767 2469 1836 2523 ab
1855 2468 2150 2539 apostolica

571 2558 700 2613 sede
724 2558 954 2628 benigne
974 2566 1138 2629 atque
1158 2558 1465 2614 humaniter
1482 2559 1871 2631 susciperetur,
1891 2575 2148 2616 concessa

569 2643 786 2700 sibimet
832 2645 1165 2716 apostolatus
1210 2646 1382 2703 nostri
1437 2647 1700 2703 auctorali
1744 2646 2145 2717 familiaritate,

2187 1374 2236 1434 Α
2263 1369 2447 1427 libenti
2478 1374 2660 1431 animo
2684 1390 2964 1433 assensum
2992 1380 3297 1450 praebentes
3318 1384 3489 1441 nostri
3513 1387 3853 1458 apostolatus

2261 1464 2444 1540 vigore
2471 1468 2778 1535 sancimus,
2819 1478 2881 1524 ut
2926 1471 3043 1527 haec
3068 1474 3248 1528 omnia
3287 1489 3449 1545 supra
3476 1479 3686 1549 scripta
3724 1492 3851 1537 tem-

2255 1557 2481 1627 poribus
2507 1553 2718 1616 cunctis
2753 1560 3115 1619 inviolabilem
3158 1562 3449 1635 obtineant
3471 1570 3848 1628 stabilitatem.

2258 1648 2319 1705 Si
2348 1650 2472 1719 quis
2509 1659 2711 1719 autem,
2742 1655 2886 1723 quod
2914 1654 3032 1711 fieri
3064 1657 3335 1725 nolumus,
3379 1670 3573 1716 contra
3604 1664 3718 1719 hoc
3750 1680 3848 1719 no-

2256 1748 2387 1796 stra:
2415 1744 2756 1798 auctoritatis
2781 1745 3121 1817 privilegium
3151 1763 3312 1819 agere
3338 1755 3780 1824 praesumpserit,
3802 1764 3851 1810 et

2257 1830 2362 1921 hoc
2404 1834 2676 1889 contraire
2716 1837 3031 1902 tentavcrit,
3066 1840 3204 1895 sciat
3246 1855 3338 1907 se,
3370 1842 3475 1897 nisi
3522 1845 3848 1915 resipuerit.

2256 1923 2619 1980 anathematis
2646 1924 2877 1981 vinculis
2914 1927 3316 1996 innodandum,
3365 1941 3422 1988 et
3464 1948 3494 1987 a
3538 1950 3716 2005 regno
3759 1938 3850 1992 Dei

2263 2011 2631 2069 alienandum.
2663 2014 2766 2082 Qui
2791 2024 2973 2071 autem
3000 2033 3165 2074 verus
3201 2030 3386 2078 custos
3425 2037 3493 2078 ac
3526 2023 3852 2081 observator

2253 2104 2545 2168 exstiterit,
2576 2105 3008 2161 benedictionem
3035 2118 3089 2162 et
3117 2110 3351 2180 gratiam
3390 2127 3424 2166 a
3470 2112 3710 2171 Domino
3738 2116 3851 2170 Deo

2253 2193 2509 2261 consequi
2559 2204 2856 2250 mereatur.
2908 2195 3179 2266 Scriptum
3229 2216 3328 2269 per
3383 2216 3604 2256 manum
3654 2202 3852 2261 leonis

2252 2281 2521 2337 scriniarii
2574 2281 2632 2337 S.
2686 2283 2944 2341 Romanae
2984 2286 3239 2344 Ecclesiae
3282 2289 3337 2344 in
3384 2305 3576 2347 mense
3618 2292 3850 2362 Martio,

2252 2370 2439 2427 indict.
2473 2371 2526 2426 7.
2568 2375 2608 2442 -ι-
2634 2373 2782 2430 Bene
2808 2374 3001 2430 valete.
3024 2377 3066 2447 ει-

2320 2460 2456 2518 Data
2494 2476 2589 2519 vui
2632 2462 2752 2517 Kal.
2798 2463 3021 2521 Martias
3055 2477 3077 2506 ε
3112 2482 3207 2537 per
3249 2483 3446 2547 manus
3473 2469 3686 2527 Nicolai
3728 2476 3851 2545 epi-

2250 2552 2398 2622 scopi
2431 2552 2491 2608 S.
2531 2552 2766 2608 Sutrinae
2807 2554 3086 2621 Ecclesiae,
3116 2564 3172 2611 et
3203 2557 3598 2615 bibliothecarii
3646 2574 3851 2618 sanch

2250 2643 2395 2698 sedis
2421 2644 2750 2713 apostolicae,
2766 2645 3066 2716 imperante
3090 2648 3289 2705 domno
3308 2649 3557 2719 piissimo
3580 2662 3848 2723 perpetuo

568 2736 714 2792 inter
756 2738 861 2793 alia
906 2739 1060 2795 nobis
1098 2738 1403 2807 referebat,
1443 2739 1676 2809 qualiter
1702 2740 1846 2797 idem
1874 2750 2148 2798 monaste—
2177 2735 2225 2796 Β
2251 2742 2479 2803 θυειιειο
2504 2732 2777 2790 [ιιιάθνίοο
2802 2734 2831 2776 δ
2876 2751 2906 2789 a
2950 2734 3059 2791 Deo
3095 2748 3355 2793 coronato
3385 2754 3584 2811 magno
3613 2742 3849 2812 impen-

566 2830 709 2885 rium
737 2829 807 2884 ab
828 2830 1067 2901 antiquis
1103 2832 1438 2901 temporibus
1460 2846 1633 2902 usque
1668 2833 1720 2888 in
1744 2832 2028 2889 Arnulfum
2060 2850 2148 2891 re-

570 2934 715 2990 gem,
745 2921 835 2990 qui
868 2922 969 2976 hoc
999 2921 1073 2976 illi
1104 2922 1397 2989 concessit,
1432 2937 1463 2977 a
1494 2923 1711 2994 regibus
1738 2924 1824 2979 vel
1853 2925 2149 2995 imperato-

566 3009 717 3065 ribus
742 3019 1064 3080 patestatem
1102 3026 1165 3065 ac
1200 3011 1538 3082 privilegium
1567 3012 1810 3080 haberet,
1833 3021 1894 3068 ut
1921 3013 2020 3086 ipsi
2045 3014 2151 3069 fra-

562 3109 680 3156 tres
713 3101 857 3156 inter
886 3116 945 3157 se
975 3101 1224 3156 abbatem
1268 3100 1559 3173 eligerent,
1604 3112 1662 3158 et
1703 3103 1834 3158 nulli
1872 3105 2149 3161 hominum

565 3191 670 3247 nisi
700 3192 917 3261 regibus
945 3193 1170 3265 subjecti
1212 3207 1333 3248 esse
1364 3193 1627 3250 deberent
1658 3204 1855 3265 prater
1882 3196 1937 3251 in
1966 3211 2032 3252 eo
2057 3212 2148 3253 so-

567 3283 677 3339 lum
722 3284 978 3356 episcopo
1006 3300 1129 3351 suo,
1159 3286 1299 3356 quod
1336 3285 1405 3353 ad
1448 3286 1875 3343 ecclesiasticam
1916 3288 2153 3358 pertinet

564 3379 903 3450 disciplinam
928 3392 978 3434 ι.
1007 3379 1111 3433 Sed
1138 3394 1260 3433 cum
1296 3377 1399 3433 hoc
1427 3389 1649 3449 propter
1684 3393 1807 3449 eum
1843 3378 2035 3435 fuisset
2069 3380 2150 3434 in-

563 3479 863 3542 terruptum
901 3472 963 3536 b,
1005 3470 1326 3541 apostolatui
1371 3482 1559 3526 nostro
1590 3470 1841 3535 innotuit,
1878 3470 2151 3542 quomodo

563 3562 634 3617 ob
661 3577 903 3617 amorem
936 3562 1052 3626 Dei,
1082 3569 1138 3616 et
1177 3560 1518 3616 dilectionem
1558 3562 1790 3616 fratrum
1832 3562 2150 3619 eorumdem

563 3653 848 3709 submissis
878 3653 1130 3723 precibus
1157 3652 1297 3720 apud
1334 3650 1619 3707 Arnulfum
1645 3666 1825 3724 regem
1847 3692 1862 3718 ,
1891 3659 1947 3707 et
1975 3652 2149 3707 Ludo-

561 3744 739 3797 vicum
773 3742 938 3796 lilium
969 3741 1084 3812 ejus
1122 3754 1300 3811 regem
1344 3739 1719 3811 impetrasset,
1748 3750 2017 3810 quatenus
2045 3741 2148 3811 ipsi

561 3846 659 3900 per
692 3839 959 3900 praecepta
1006 3843 1116 3884 suae
1150 3828 1493 3887 auctoritatis
1536 3830 1875 3902 privilegium
1912 3840 1968 3888 et
1996 3839 2148 3903 pote—

564 3930 758 3973 statem
782 3919 1043 3974 fratribus
1062 3919 1192 3990 ipsis
1220 3934 1250 3974 a
1278 3920 1496 3991 regibus
1516 3921 1814 3991 antiquitus
1834 3936 2147 3979 concessam

563 4010 741 4063 denuo
781 4018 1153 4063 restaurarent
1195 4011 1740 4088 et_corroborarent,
1785 4027 1850 4068 ac
1886 4015 2142 4070 roborata

562 4101 963 4157 successoribus
994 4100 1105 4155 suis
1130 4100 1184 4154 in
1207 4115 1377 4155 aevum
1406 4102 1793 4172 relinquerent,
1823 4105 1894 4159 ita
1915 4106 2137 4174 scilicet,

563 4205 621 4250 ιιι
652 4194 852 4250 fratres
885 4193 1155 4264 praedicti,
1181 4194 1225 4249 si
1256 4192 1396 4248 idem
1424 4195 1707 4264 cpiscopus
1740 4198 1915 4252 adhuc
1944 4199 1997 4253 in
2027 4199 2138 4256 vita

562 4300 788 4341 manens
820 4284 1206 4338 monasterium
1238 4282 1366 4337 illud
1401 4283 1708 4352 relinquere
1732 4285 1927 4353 vellet,
1965 4287 2050 4343 vel
2093 4289 2139 4344 si

563 4396 692 4443 non,
724 4377 902 4431 statim
932 4384 1055 4446 poSt
1083 4375 1289 4430 obitum
1319 4371 1454 4442 ejus,
1482 4386 1643 4444 prout
1666 4378 1914 4447 superius
1934 4378 2136 4435 dictum

561 4483 666 4537 est,
704 4473 768 4526 ad
797 4469 1100 4542 eligendum
1140 4483 1205 4523 ac
1239 4467 1671 4524 constituendum
1719 4470 1935 4526 sibimet
1969 4473 2138 4528 abba-

562 4572 693 4625 tem,
721 4576 784 4616 ac
809 4561 969 4615 etiam
1014 4560 1079 4614 de
1117 4558 1280 4614 rebus
1309 4557 1563 4614 omnibus
1601 4558 1775 4615 eidem
1806 4563 2136 4619 monasterio

560 4653 807 4717 addictis,
834 4661 992 4722 prout
1021 4650 1309 4718 voluerint,
1337 4649 1618 4718 faciendis,
1648 4652 2010 4710 ﬁrmissimam
2040 4655 2135 4711 ba-

559 4738 752 4797 berent
777 4751 1120 4812 potestatem,
1149 4742 1411 4812 petiitque
1435 4735 1535 4797 nos
1555 4742 1694 4798 idem
1719 4741 2002 4814 religiosus
2023 4746 2135 4817 epi-

559 4820 788 4905 scOpus,
818 4842 877 4888 ut
902 4834 970 4887 ob
998 4833 1341 4888 clementiam
1369 4841 1606 4888 nostram
1634 4848 1731 4904 per
1770 4837 2134 4906 conscriptum

559 4925 1096 4998 nostra-apostolica:
1133 4926 1422 4996 potestatis
1446 4926 1722 4996 privilegia
1767 4935 1823 4982 et
1865 4936 2065 4982 statuta
2104 4943 2133 4983 a

558 5018 775 5089 regibus
828 5015 908 5070 vel
961 5013 1379 5085 imperatoribus
1425 5029 1567 5086 saepe
1618 5017 1761 5072 dicto
1809 5019 2136 5074 monasterio

2254 2834 2373 2882 tore
2401 2841 2545 2881 anno
2570 2825 2629 2893 4,
2655 2835 2711 2882 et
2736 2835 2854 2897 post
2882 2829 3225 2885 consulatum
3254 2846 3401 2887 anno
3423 2832 3457 2886 ι
3488 2844 3538 2901 ε,
3567 2835 3762 2890 indici.
3792 2838 3845 2889 7.

3011 2920 3078 2975 11.
3109 2929 3113 2933 ”

2301 3022 2472 3063 8811611
2497 3024 2644 3064 ΡΑΡΕ
2667 3025 2726 3064 III
2757 3024 3013 3065 EPISTOLA
3041 3027 3109 3066 AD
3138 3028 3378 3070 Αιειιιῑιι
3412 3029 3811 3071 υιειιαελπεειι.

2853 3101 3033 3173 (Anno
3074 3102 3230 3175 904.)

2248 3188 2451 3244 Amelio
2475 3190 2737 3260 signiﬁcat
2774 3188 3092 3247 Formosum
3122 3209 3313 3263 papam
3345 3210 3379 3247 α
3417 3210 3471 3248 se
3504 3195 3844 3251 damnatum.

2319 3282 2554 3340 Sanctus
2578 3283 2884 3354 episcOpus,
2915 3298 3407 3341 servusservorum
3439 3285 3563 3351 Dei,
3588 3301 3849 3343 reveren-

2248 3373 2472 3430 dissimo
2514 3384 2569 3430 et
2606 3376 2950 3433 sanctissimo
2993 3375 3203 3433 AIELIO
3252 3385 3457 3434 sanctae
3504 3378 3848 3436 Uzcticensis

2251 3463 2505 3519 Ecclesiae
2533 3465 2805 3535 episcopo.

2316 3556 2450 3609 Cum
2487 3555 2770 3610 universus
2792 3556 2939 3611 orbis
2969 3556 3282 3611 damnatum
3320 3555 3644 3614 Formosum
3673 3568 3847 3614 teste-

2248 3652 2337 3698 tur
2378 3655 2581 3700 sanctae
2610 3645 2755 3701 sedis
2782 3646 3095 3716 apostolica:
3120 3647 3425 3702 invasorem
3446 3687 3463 3709 ,
3492 3648 3751 3703 admirati
3788 3652 3843 3703 in

2250 3735 2352 3791 tuis
2378 3735 2578 3791 fuimus
2603 3737 2840 3807 scriptis,
2865 3753 2987 3808 qua:
3009 3752 3132 3793 eum
3161 3737 3302 3792 inter
3323 3738 3635 3794 sacerdotes
3662 3742 3847 3793 nomi-

2246 3826 2470 3882 nabant.
2503 3827 2672 3899 Igitur
2697 3828 2743 3884 si
2783 3837 2835 3884 te
2863 3829 3015 3896 latet,
3043 3838 3100 3884 et
3128 3830 3433 3884 nuntiatum
3462 3830 3555 3885 tibi
3586 3847 3692 3885 non
3719 3843 3837 3892 est.

2244 3916 2331 3973 bis
2359 3919 2560 3974 nostris
2599 3919 2908 3990 apostolicis
2942 3919 3185 3989 apicibus
3228 3935 3463 3991 agnosce
3496 3922 3840 3975 nominatum

2243 4005 2565 4063 Formosum
2587 4023 2708 4064 esse
2738 4009 3074 4064 damnatum.
3107 4009 3496 4065 Verumtamen
3523 4009 3590 4065 ad
3620 4025 3838 4077 sacros,

2170 4084 2217 4146 C
2248 4113 2384 4168 quos
2428 4098 2773 4154 sanctitatem
2818 4107 2961 4155 tuam
3006 4100 3280 4155 ere-imus
3322 4099 3462 4156 bene
3496 4100 3836 4172 intelligere,

2246 4207 2465 4249 recurre
2495 4207 2754 4258 canones,
2785 4200 2840 4249 et
2871 4191 3116 4246 invenies
3158 4206 3263 4246 non
3311 4190 3478 4246 licere
3516 4192 3833 4262 episcopum

2239 4284 2514 4355 propriam
2565 4283 2871 4353 relinquere
2919 4282 3104 4338 sedem
3146 4291 3204 4337 et
3246 4281 3503 4337 invadere
3545 4283 3784 4337 alienam
3815 4308 3831 4339 ;

2241 4374 2383 4446 quod
2410 4373 2585 4444 egisse
2613 4372 2932 4428 Formosum
2965 4371 3311 4426 manifestum
3333 4382 3448 4437 est;
3473 4372 3614 4427 unde
3638 4388 3835 4442 perpe-

2244 4464 2461 4520 tualitcr
2489 4471 2571 4520 est
2595 4462 2902 4517 damnatus.
2932 4461 3202 4516 Praeterea
3229 4462 3614 4516 monasterium
3645 4460 3704 4516 S.
3733 4462 3834 4516 Pe-

2246 4556 2313 4610 tri
2335 4557 2389 4611 in
2411 4553 2630 4619 Gotliia,
2659 4552 2704 4607 si
2738 4551 2831 4605 tibi
2854 4551 2923 4607 ab
2950 4551 3390 4606 antecessoribus
3419 4549 3623 4605 nostris
3649 4551 3833 4620 ponti-

2244 4647 2454 4714 ficibus,
2487 4645 2714 4710 Marino,
2747 4644 2984 4700 Adriano
3011 4652 3066 4698 ct
3106 4642 3384 4713 Stephano
3420 4644 3675 4715 largituru
3709 4657 3829 4705 eat.
3882 4648 3887 4655 ‘

2242 4738 2506 4794 debueras
2545 4752 2574 4790 a
2610 4743 2690 4790 tot
2730 4734 3058 4805 temporibus
3103 4735 3262 4790 nobis
3304 4737 3621 4806 pensionem
3660 4736 3728 4789 de
3763 4751 3830 4790 eo

2243 4829 2493 4894 mittere,
2541 4836 2601 4882 ut
2638 4826 2763 4895 jura
2794 4835 2997 4881 sancta:
3018 4826 3163 4883 sedis
3187 4824 3497 4897 apostolica:
3522 4827 3641 4897 plus
3674 4824 3825 4880 ﬁrma

2245 4929 2338 4984 tibi
2368 4935 2670 4982 manerent.
2696 4925 2754 4980 Si
2784 4941 2816 4979 a
2845 4934 2897 4979 te
2921 4924 3160 4980 oblatum
3191 4936 3294 4991 est,
3324 4925 3456 4980 nihil
3486 4925 3610 4980 inde
3630 4940 3823 4995 pecca-

2243 5018 2437 5073 vimus.
2468 5016 2633 5087 lgilur
2665 5017 2712 5070 si
2741 5016 2823 5071 vis
2852 5014 2981 5071 illud
3012 5023 3195 5070 tenere
3233 5015 3647 5079 monasterium,
3674 5014 3826 5067 mitte

556 5126 836 5177 concessa,
859 5108 1185 5166 solidissime
1209 5108 1675 5164 conﬁrmaremus.
1702 5108 1866 5182 Cujus
1884 5111 2131 5182 petitioni
2161 5130 2215 5193 ι)
2247 5111 2401 5168 nobis
2430 5111 2743 5181 pensionem
2772 5111 2838 5164 de
2866 5122 2970 5175 eo;
3007 5116 3062 5163 ct
3098 5106 3328 5178 qualiter
3358 5107 3488 5162 illud
3514 5106 3586 5162 ab
3610 5114 3823 5176 aposto-

623 5303 653 5331 δ
684 5289 855 5362 Porro
890 5287 1244 5362 Sergius_P_P.
1285 5287 1513 5362 Amulio
1557 5288 1668 5362 regi
1719 5297 1924 5362 tantum
1969 5304 2133 5347 enco-

554 5361 723 5414 mium
752 5361 962 5424 tribuit,
992 5358 1132 5429 quod
1160 5358 1404 5415 Formosi
1431 5358 1534 5416 PP.
1566 5358 1881 5429 memoriam
1907 5375 2130 5417 exesam

554 5431 795 5495 haberet,
823 5445 852 5484 a
887 5445 995 5500 quo
1012 5428 1311 5484 coronatus
1334 5439 1418 5485 est
1444 5428 1722 5500 Arnulfus.

627 5500 655 5542 δ
688 5494 1083 5569 [interveniente
1127 5500 1270 5569 enim
1317 5494 1636 5556 auctoritate
1682 5497 1829 5569 regia
1870 5497 2126 5556 Salomon

546 5567 830 5624 Bernardo
850 5568 1030 5624 abbati
1058 5568 1311 5625 sulfectus
1333 5577 1434 5624 est.

626 5650 649 5679 θ
686 5639 827 5693 Vitio
852 5638 1225 5703 amanuensis,‘
1260 5651 1318 5708 ut
1336 5642 1489 5708 puto",
1519 5654 1617 5707 pro
1647 5654 1741 5694 vm
1766 5639 1844 5708 id,
1877 5639 2124 5695 Martias.

553 5707 782 5781 ξεί-ξριτιξ
808 5709 1254 5781 βηίληιΑοιιηιλείιιι
1282 5706 1475 5766 litierte
1509 5706 1595 5764 lite
1615 5706 1905 5781 pontilitﬁae
1942 5726 2127 5767 mense

552 5775 768 5847 Iart'io,
793 5778 908 5833 dari
936 5777 1255 5847 citiiipliaiiil
1284 5788 1549 5847 poterant.
1617 5775 1635 5781 ’
1804 5812 1809 5819 -
1865 5799 1877 5811 ·
2030 5834 2035 5837 μ

623 5846 650 5884 ἀ
680 5834 987 5920 μιαιινίςιιε
1021 5834 1116 5920 111,
1167 5834 1307 5920 illius
1349 5847 1572 5905 Bosonis
1616 5851 1758 5920 regis
1794 5834 2127 5913 Arelatensis

553 5930 651 6038 seu
680 5916 1002 6040 νεηνίηεὲῗὶ
1028 5916 1237 5986 imperii
1276 5930 1472 5973 corona
1513 5916 1737 5975 ornatus
1782 5922 1865 5977 est
1910 5921 1976 5975 12
2024 5921 2127 5976 Fe-

574 6001 756 6039 iruarn
784 6002 872 6039 an.
1018 6022 1032 6037 .

552 5987 756 6039 bruarii
784 6002 872 6039 an.
909 5987 1032 6039 901.

2310 5300 2334 5329 ε
2365 5286 2554 5342 Annus
2579 5279 2892 5340 consulatus
2919 5278 3302 5350 aequalipassu
3333 5276 3663 5350 procedebat
3699 5293 3815 5350 cum

2233 5373 2377 5413 anno
2404 5355 2615 5426 imperii
2638 5371 2652 5419 ;
2674 5347 3073 5426 eratquenliaec
3110 5347 3222 5404 fere
3253 5347 3813 5426 _comumnis__forrnul.r

2234 5427 2287 5482 in
2334 5418 2496 5482 bullis
2538 5418 2867 5493 pontiﬁciis:
2909 5418 3039 5493 Post
3081 5418 3454 5493 consulatum,
3485 5418 3698 5493 scilicet
3739 5419 3819 5493 in:-

2233 5496 2483 5553 cboatum
2514 5488 2583 5548 a'h
2609 5495 2953 5561 imperatore.
2981 5489 3237 5561 Cessasse
3266 5489 3408 5561 hanc
3428 5488 3720 5543 formulam
3749 5488 3809 5541 ad

2235 5567 2395 5637 {iurem
2418 5564 2601 5620 seculi
2629 5558 2717 5637 ιιέ,
2745 5572 2913 5632 atque
2935 5561 3083 5637 adeo
3097 5560 3164 5613 de
3188 5558 3376 5637 fraude
3396 5567 3685 5637 διιεῃεειιιε

2232 5636 2407 5692 bullas
2453 5625 2837 5701 posteriores,"
2859 5645 2979 5701 quae
3014 5629 3174 5701 illam
3195 5625 3507 5701 Δι’ρςςιιιιιιζ
3541 5628 3807 5701 contendit

2234 5705 2295 5761 1).
2331 5707 2398 5761 de
2442 5695 2672 5766 Vaiucs,
2720 5695 3149 5770 congregationis
3189 5695 3247 5752 S.
3280 5695 3805 5770 Mauriumonaclws,

2231 5774 2459 5829 Diction.
2490 5775 2690 5828 raison.
2714 5772 2783 5825 de
2803 5766 3202 5840 Diplomatique,
3226 5781 3279 5837 p.
3303 5766 3428 5840 ἔξω.
3456 5767 3657 5822 Verum
3683 5769 3809 5820 hanc

2232 5846 2473 5913 regulam
2522 5845 2746 5913 praecise
2781 5837 3139 5913 adamatum
3162 5837 3344 5894 szeculi
3378 5851 3434 5891 Ix
3462 5852 3662 5892 annum
3696 5849 3807 5890 ease

2239 5908 2688 5985 restringendain,
2721 5910 2863 5967 haud
2896 5908 3149 5965 arbitror.
