  <div class='ocr_page' id='page_1' title='image "/cluster/home/n/w/nwhite01/storage/ocr_20150623/131/hvd.32044015471725/492.png"; bbox 0 0 3920 5748; ppageno 0'>
   <div class='ocr_carea' id='block_1_1' title="bbox 142 426 1724 504">
    <p class='ocr_par' dir='ltr' id='par_1_1' title="bbox 142 445 1724 504">
     <span class='ocr_line' id='line_1_1' title="bbox 142 445 1724 504; baseline -0.002 -1"><span class='ocrx_word' id='word_1_1' title='bbox 142 451 241 503; x_wconf 75' lang='lat'><strong>975</strong></span> <span class='ocrx_word' id='word_1_2' title='bbox 1296 445 1653 504; x_wconf 64' lang='lat' dir='ltr'><strong>EPISTOLA‘I</strong></span> <span class='ocrx_word' id='word_1_3' title='bbox 1694 447 1724 500; x_wconf 84' lang='grc' dir='ltr'><strong>ΙΞ</strong></span> 
     </span>
    </p>
   </div>
   <div class='ocr_carea' id='block_1_2' title="bbox 1829 426 2231 504">
    <p class='ocr_par' dir='ltr' id='par_1_2' title="bbox 1829 426 2231 502">
     <span class='ocr_line' id='line_1_2' title="bbox 1829 426 2231 502; baseline 0 -3"><span class='ocrx_word' id='word_1_4' title='bbox 1829 426 2231 502; x_wconf 61' lang='lat' dir='ltr'><strong>rnrvuscu.‘</strong></span> 
     </span>
    </p>
   </div>
   <div class='ocr_carea' id='block_1_3' title="bbox 3293 446 3402 508">
    <p class='ocr_par' dir='ltr' id='par_1_3' title="bbox 3293 446 3402 508">
     <span class='ocr_line' id='line_1_3' title="bbox 3293 446 3402 508; baseline 0 -1"><span class='ocrx_word' id='word_1_5' title='bbox 3293 446 3402 508; x_wconf 66' lang='grc' dir='ltr'><strong>υτι</strong></span> 
     </span>
    </p>
   </div>
   <div class='ocr_carea' id='block_1_4' title="bbox 146 559 3402 632">
    <p class='ocr_par' dir='ltr' id='par_1_4' title="bbox 146 559 3402 632">
     <span class='ocr_line' id='line_1_4' title="bbox 146 559 3402 632; baseline 0.001 -13"><span class='ocrx_word' id='word_1_6' title='bbox 146 568 241 619; x_wconf 79' lang='lat' dir='ltr'><strong>lica</strong></span> <span class='ocrx_word' id='word_1_7' title='bbox 268 559 517 630; x_wconf 83' lang='lat' dir='ltr'><strong>accepisti</strong></span> <span class='ocrx_word' id='word_1_8' title='bbox 562 560 709 624; x_wconf 86' lang='lat' dir='ltr'><strong>sede,</strong></span> <span class='ocrx_word' id='word_1_9' title='bbox 746 560 960 632; x_wconf 80' lang='lat' dir='ltr'><strong>scriptis</strong></span> <span class='ocrx_word' id='word_1_10' title='bbox 987 562 1248 617; x_wconf 79' lang='lat' dir='ltr'><strong>ostende:</strong></span> <span class='ocrx_word' id='word_1_11' title='bbox 1289 571 1342 618; x_wconf 85' lang='lat' dir='ltr'><strong>et</strong></span> <span class='ocrx_word' id='word_1_12' title='bbox 1381 578 1479 619; x_wconf 90' lang='lat' dir='ltr'><strong>nos</strong></span> <span class='ocrx_word' id='word_1_13' title='bbox 1514 564 1706 617; x_wconf 97' lang='lat' dir='ltr'><strong>iterum</strong></span> <span class='ocrx_word' id='word_1_14' title='bbox 1740 565 1783 621; x_wconf 72' lang='grc' dir='ltr'><strong>Λ</strong></span> <span class='ocrx_word' id='word_1_15' title='bbox 1815 566 1894 630; x_wconf 78' lang='lat' dir='ltr'><strong>re)</strong></span> <span class='ocrx_word' id='word_1_16' title='bbox 1925 560 2257 615; x_wconf 86' lang='lat' dir='ltr'><strong>deservimus</strong></span> <span class='ocrx_word' id='word_1_17' title='bbox 2278 560 2535 620; x_wconf 65' lang='lat' dir='ltr'><strong>ecclesim,</strong></span> <span class='ocrx_word' id='word_1_18' title='bbox 2569 571 2621 614; x_wconf 90' lang='lat' dir='ltr'><strong>et</strong></span> <span class='ocrx_word' id='word_1_19' title='bbox 2659 561 2800 617; x_wconf 87' lang='lat' dir='ltr'><strong>inter</strong></span> <span class='ocrx_word' id='word_1_20' title='bbox 2825 560 3006 619; x_wconf 73' lang='lat' dir='ltr'><strong>aﬂiues</strong></span> <span class='ocrx_word' id='word_1_21' title='bbox 3032 564 3099 622; x_wconf 88' lang='lat' dir='ltr'><strong>ab</strong></span> <span class='ocrx_word' id='word_1_22' title='bbox 3117 566 3402 622; x_wconf 82' lang='lat' dir='ltr'><strong>unolatere</strong></span> 
     </span>
    </p>
   </div>
   <div class='ocr_carea' id='block_1_5' title="bbox 146 650 1719 725">
    <p class='ocr_par' dir='ltr' id='par_1_5' title="bbox 146 650 1719 725">
     <span class='ocr_line' id='line_1_5' title="bbox 146 650 1719 725; baseline 0.001 -18"><span class='ocrx_word' id='word_1_23' title='bbox 146 650 579 707; x_wconf 83' lang='lat' dir='ltr'><strong>conﬁrmabimus</strong></span> <span class='ocrx_word' id='word_1_24' title='bbox 609 650 707 705; x_wconf 88' lang='lat' dir='ltr'><strong>tibi</strong></span> <span class='ocrx_word' id='word_1_25' title='bbox 745 652 810 706; x_wconf 94' lang='lat' dir='ltr'><strong>de</strong></span> <span class='ocrx_word' id='word_1_26' title='bbox 838 652 1028 706; x_wconf 89' lang='lat' dir='ltr'><strong>eodem</strong></span> <span class='ocrx_word' id='word_1_27' title='bbox 1063 654 1389 707; x_wconf 90' lang='lat' dir='ltr'><strong>monasterio</strong></span> <span class='ocrx_word' id='word_1_28' title='bbox 1438 654 1719 725; x_wconf 84' lang='lat' dir='ltr'><strong>scriptum.</strong></span> 
     </span>
    </p>
   </div>
   <div class='ocr_carea' id='block_1_6' title="bbox 149 745 1723 818">
    <p class='ocr_par' dir='ltr' id='par_1_6' title="bbox 149 745 1723 818">
     <span class='ocr_line' id='line_1_6' title="bbox 149 745 1723 818; baseline -0.001 -14"><span class='ocrx_word' id='word_1_29' title='bbox 149 748 546 809; x_wconf 67' lang='lat' dir='ltr'><strong>Verumtamen,</strong></span> <span class='ocrx_word' id='word_1_30' title='bbox 578 746 622 799; x_wconf 91' lang='lat' dir='ltr'><strong>si</strong></span> <span class='ocrx_word' id='word_1_31' title='bbox 654 746 857 817; x_wconf 81' lang='lat' dir='ltr'><strong>absque</strong></span> <span class='ocrx_word' id='word_1_32' title='bbox 886 745 1143 801; x_wconf 87' lang='lat' dir='ltr'><strong>seandalo</strong></span> <span class='ocrx_word' id='word_1_33' title='bbox 1173 747 1345 816; x_wconf 92' lang='lat' dir='ltr'><strong>ipsum</strong></span> <span class='ocrx_word' id='word_1_34' title='bbox 1389 758 1542 818; x_wconf 88' lang='lat' dir='ltr'><strong>potes</strong></span> <span class='ocrx_word' id='word_1_35' title='bbox 1586 748 1723 803; x_wconf 87' lang='lat' dir='ltr'><strong>rcci-</strong></span> 
     </span>
    </p>
   </div>
   <div class='ocr_carea' id='block_1_7' title="bbox 146 836 1725 910">
    <p class='ocr_par' dir='ltr' id='par_1_7' title="bbox 146 836 1725 910">
     <span class='ocr_line' id='line_1_7' title="bbox 146 836 1725 910; baseline 0.002 -17"><span class='ocrx_word' id='word_1_36' title='bbox 146 853 268 908; x_wconf 91' lang='lat' dir='ltr'><strong>pere</strong></span> <span class='ocrx_word' id='word_1_37' title='bbox 300 838 708 903; x_wconf 78' lang='lat' dir='ltr'><strong>monasterium,</strong></span> <span class='ocrx_word' id='word_1_38' title='bbox 741 838 889 893; x_wconf 90' lang='lat' dir='ltr'><strong>salvo</strong></span> <span class='ocrx_word' id='word_1_39' title='bbox 920 838 1216 908; x_wconf 89' lang='lat' dir='ltr'><strong>apostolico</strong></span> <span class='ocrx_word' id='word_1_40' title='bbox 1257 836 1381 907; x_wconf 88' lang='lat' dir='ltr'><strong>jure</strong></span> <span class='ocrx_word' id='word_1_41' title='bbox 1402 880 1418 905; x_wconf 95' lang='lat'><strong>,</strong></span> <span class='ocrx_word' id='word_1_42' title='bbox 1450 839 1631 910; x_wconf 91' lang='lat' dir='ltr'><strong>recipe</strong></span> <span class='ocrx_word' id='word_1_43' title='bbox 1671 848 1725 896; x_wconf 90' lang='lat' dir='ltr'><strong>et</strong></span> 
     </span>
    </p>
   </div>
   <div class='ocr_carea' id='block_1_8' title="bbox 144 928 556 1000">
    <p class='ocr_par' dir='ltr' id='par_1_8' title="bbox 144 928 556 1000">
     <span class='ocr_line' id='line_1_8' title="bbox 144 928 556 1000; baseline -0.007 -15"><span class='ocrx_word' id='word_1_44' title='bbox 144 944 233 985; x_wconf 87' lang='lat' dir='ltr'><strong>ora</strong></span> <span class='ocrx_word' id='word_1_45' title='bbox 260 945 355 1000; x_wconf 91' lang='lat' dir='ltr'><strong>pro</strong></span> <span class='ocrx_word' id='word_1_46' title='bbox 381 928 556 983; x_wconf 87' lang='lat' dir='ltr'><strong>nobis.</strong></span> 
     </span>
    </p>
   </div>
   <div class='ocr_carea' id='block_1_9' title="bbox 894 1041 979 1097">
    <p class='ocr_par' dir='ltr' id='par_1_9' title="bbox 894 1041 979 1097">
     <span class='ocr_line' id='line_1_9' title="bbox 894 1041 979 1097; baseline -0.024 -1"><span class='ocrx_word' id='word_1_47' title='bbox 894 1041 979 1097; x_wconf 85' lang='lat' dir='ltr'><strong>Ill.</strong></span> 
     </span>
    </p>
   </div>
   <div class='ocr_carea' id='block_1_10' title="bbox 221 1148 1652 1193">
    <p class='ocr_par' dir='ltr' id='par_1_10' title="bbox 221 1148 1652 1193">
     <span class='ocr_line' id='line_1_10' title="bbox 221 1148 1652 1193; baseline 0.002 -4"><span class='ocrx_word' id='word_1_48' title='bbox 221 1149 555 1189; x_wconf 65' lang='lat' dir='ltr'><strong>PRIVILEGIUI</strong></span> <span class='ocrx_word' id='word_1_49' title='bbox 588 1148 760 1189; x_wconf 75' lang='lat' dir='ltr'><strong>SEBGII</strong></span> <span class='ocrx_word' id='word_1_50' title='bbox 797 1151 941 1189; x_wconf 67' lang='lat' dir='ltr'><strong>PAPE</strong></span> <span class='ocrx_word' id='word_1_51' title='bbox 981 1152 1038 1189; x_wconf 87' lang='grc'><strong>111</strong></span> <span class='ocrx_word' id='word_1_52' title='bbox 1068 1151 1169 1190; x_wconf 74' lang='lat' dir='ltr'><strong>PRO</strong></span> <span class='ocrx_word' id='word_1_53' title='bbox 1200 1150 1447 1193; x_wconf 72' lang='grc' dir='ltr'><strong>εεαεδιλ</strong></span> <span class='ocrx_word' id='word_1_54' title='bbox 1485 1151 1652 1192; x_wconf 69' lang='grc' dir='ltr'><strong>δη.κί</strong></span> 
     </span>
    </p>
   </div>
   <div class='ocr_carea' id='block_1_11' title="bbox 797 1220 1121 1259">
    <p class='ocr_par' dir='ltr' id='par_1_11' title="bbox 797 1220 1121 1259">
     <span class='ocr_line' id='line_1_11' title="bbox 797 1220 1121 1259; baseline -0.009 -1"><span class='ocrx_word' id='word_1_55' title='bbox 797 1220 1066 1259; x_wconf 68' lang='lat' dir='ltr'><strong>mamma.</strong></span> <span class='ocrx_word' id='word_1_56' title='bbox 1116 1248 1121 1255; x_wconf 69' lang='grc'>,</span> 
     </span>
    </p>
   </div>
   <div class='ocr_carea' id='block_1_12' title="bbox 730 1296 1139 1368">
    <p class='ocr_par' dir='ltr' id='par_1_12' title="bbox 730 1296 1139 1368">
     <span class='ocr_line' id='line_1_12' title="bbox 730 1296 1139 1368; baseline 0 -17"><span class='ocrx_word' id='word_1_57' title='bbox 730 1297 750 1365; x_wconf 93' lang='grc'><strong>(</strong></span> <span class='ocrx_word' id='word_1_58' title='bbox 780 1296 935 1351; x_wconf 83' lang='lat' dir='ltr'><strong>Anno</strong></span> <span class='ocrx_word' id='word_1_59' title='bbox 960 1296 1085 1353; x_wconf 61' lang='lat'><strong>90$.</strong></span> <span class='ocrx_word' id='word_1_60' title='bbox 1120 1298 1139 1368; x_wconf 89' lang='lat'><strong>)</strong></span> 
     </span>
    </p>
   </div>
   <div class='ocr_carea' id='block_1_13' title="bbox 384 1378 1570 1465">
    <p class='ocr_par' dir='ltr' id='par_1_13' title="bbox 384 1378 1570 1465">
     <span class='ocr_line' id='line_1_13' title="bbox 384 1378 1570 1465; baseline 0.004 -23"><span class='ocrx_word' id='word_1_61' title='bbox 384 1387 406 1461; x_wconf 87' lang='lat'>[</span> <span class='ocrx_word' id='word_1_62' title='bbox 430 1389 582 1458; x_wconf 79' lang='lat' dir='ltr'><strong>Apud</strong></span> <span class='ocrx_word' id='word_1_63' title='bbox 615 1388 847 1460; x_wconf 81' lang='lat' dir='ltr'><strong>Ughelli,</strong></span> <span class='ocrx_word' id='word_1_64' title='bbox 888 1389 1050 1444; x_wconf 80' lang='lat' dir='ltr'><strong>Italia</strong></span> <span class='ocrx_word' id='word_1_65' title='bbox 1074 1378 1248 1455; x_wconf 81' lang='lat' dir='ltr'><strong>sacra,</strong></span> <span class='ocrx_word' id='word_1_66' title='bbox 1277 1390 1317 1455; x_wconf 86' lang='lat' dir='ltr'><strong>l,</strong></span> <span class='ocrx_word' id='word_1_67' title='bbox 1347 1392 1436 1447; x_wconf 87' lang='lat'><strong>9|.</strong></span> <span class='ocrx_word' id='word_1_68' title='bbox 1462 1391 1483 1465; x_wconf 66' lang='grc' dir='ltr'><strong>ἰ</strong></span> <span class='ocrx_word' id='word_1_69' title='bbox 1524 1420 1570 1439; x_wconf 71' lang='grc' dir='ltr'><strong>ιο</strong></span> 
     </span>
    </p>
   </div>
   <div class='ocr_carea' id='block_1_14' title="bbox 212 1481 1722 1553">
    <p class='ocr_par' dir='ltr' id='par_1_14' title="bbox 212 1481 1722 1553">
     <span class='ocr_line' id='line_1_14' title="bbox 212 1481 1722 1553; baseline 0.003 -17"><span class='ocrx_word' id='word_1_70' title='bbox 212 1481 443 1537; x_wconf 70' lang='lat' dir='ltr'><strong>SERGIUS</strong></span> <span class='ocrx_word' id='word_1_71' title='bbox 469 1483 771 1553; x_wconf 86' lang='lat' dir='ltr'><strong>episcopus,</strong></span> <span class='ocrx_word' id='word_1_72' title='bbox 813 1497 1001 1537; x_wconf 89' lang='lat' dir='ltr'><strong>servus</strong></span> <span class='ocrx_word' id='word_1_73' title='bbox 1022 1497 1305 1539; x_wconf 87' lang='lat' dir='ltr'><strong>servorum</strong></span> <span class='ocrx_word' id='word_1_74' title='bbox 1340 1486 1457 1549; x_wconf 88' lang='lat' dir='ltr'><strong>Dei,</strong></span> <span class='ocrx_word' id='word_1_75' title='bbox 1482 1484 1722 1541; x_wconf 88' lang='lat' dir='ltr'><strong>dilectis-</strong></span> 
     </span>
    </p>
   </div>
   <div class='ocr_carea' id='block_1_15' title="bbox 147 1566 1722 1647">
    <p class='ocr_par' dir='ltr' id='par_1_15' title="bbox 147 1566 1722 1647">
     <span class='ocr_line' id='line_1_15' title="bbox 147 1566 1722 1647; baseline 0.001 -19"><span class='ocrx_word' id='word_1_76' title='bbox 147 1566 278 1628; x_wconf 82' lang='lat' dir='ltr'><strong>simo</strong></span> <span class='ocrx_word' id='word_1_77' title='bbox 301 1588 368 1626; x_wconf 89' lang='lat' dir='ltr'><strong>ac</strong></span> <span class='ocrx_word' id='word_1_78' title='bbox 415 1573 763 1628; x_wconf 84' lang='lat' dir='ltr'><strong>sanctissimo</strong></span> <span class='ocrx_word' id='word_1_79' title='bbox 810 1573 1213 1639; x_wconf 75' lang='lat' dir='ltr'><strong>&quot;ILDEBBANDO,</strong></span> <span class='ocrx_word' id='word_1_80' title='bbox 1247 1574 1401 1630; x_wconf 79' lang='lat' dir='ltr'><strong>fratri</strong></span> <span class='ocrx_word' id='word_1_81' title='bbox 1429 1586 1482 1631; x_wconf 92' lang='lat' dir='ltr'><strong>et</strong></span> <span class='ocrx_word' id='word_1_82' title='bbox 1539 1577 1722 1647; x_wconf 86' lang='lat' dir='ltr'><strong>coepi-</strong></span> 
     </span>
    </p>
   </div>
   <div class='ocr_carea' id='block_1_16' title="bbox 148 1663 1722 1735">
    <p class='ocr_par' dir='ltr' id='par_1_16' title="bbox 148 1663 1722 1735">
     <span class='ocr_line' id='line_1_16' title="bbox 148 1663 1722 1735; baseline 0.003 -18"><span class='ocrx_word' id='word_1_83' title='bbox 148 1677 303 1731; x_wconf 81' lang='lat' dir='ltr'><strong>scopo</strong></span> <span class='ocrx_word' id='word_1_84' title='bbox 328 1672 516 1716; x_wconf 88' lang='lat' dir='ltr'><strong>nostro</strong></span> <span class='ocrx_word' id='word_1_85' title='bbox 549 1671 753 1717; x_wconf 68' lang='lat' dir='ltr'><strong>sancta:</strong></span> <span class='ocrx_word' id='word_1_86' title='bbox 777 1663 935 1717; x_wconf 72' lang='lat' dir='ltr'><strong>Silva:</strong></span> <span class='ocrx_word' id='word_1_87' title='bbox 963 1666 1237 1725; x_wconf 72' lang='lat' dir='ltr'><strong>Candidm,</strong></span> <span class='ocrx_word' id='word_1_88' title='bbox 1271 1675 1326 1719; x_wconf 87' lang='lat' dir='ltr'><strong>et</strong></span> <span class='ocrx_word' id='word_1_89' title='bbox 1350 1681 1447 1735; x_wconf 93' lang='lat' dir='ltr'><strong>per</strong></span> <span class='ocrx_word' id='word_1_90' title='bbox 1469 1676 1522 1721; x_wconf 91' lang='lat' dir='ltr'><strong>te</strong></span> <span class='ocrx_word' id='word_1_91' title='bbox 1548 1667 1599 1721; x_wconf 92' lang='lat' dir='ltr'><strong>in</strong></span> <span class='ocrx_word' id='word_1_92' title='bbox 1632 1681 1722 1721; x_wconf 87' lang='lat' dir='ltr'><strong>eo-</strong></span> 
     </span>
    </p>
   </div>
   <div class='ocr_carea' id='block_1_17' title="bbox 149 1752 1722 1826">
    <p class='ocr_par' dir='ltr' id='par_1_17' title="bbox 149 1752 1722 1826">
     <span class='ocr_line' id='line_1_17' title="bbox 149 1752 1722 1826; baseline 0.006 -24"><span class='ocrx_word' id='word_1_93' title='bbox 149 1754 261 1807; x_wconf 83' lang='lat' dir='ltr'><strong>dem</strong></span> <span class='ocrx_word' id='word_1_94' title='bbox 292 1752 585 1808; x_wconf 89' lang='lat' dir='ltr'><strong>venerabili</strong></span> <span class='ocrx_word' id='word_1_95' title='bbox 634 1754 908 1823; x_wconf 85' lang='lat' dir='ltr'><strong>cpiscopio</strong></span> <span class='ocrx_word' id='word_1_96' title='bbox 958 1754 1171 1826; x_wconf 90' lang='lat' dir='ltr'><strong>tuisque</strong></span> <span class='ocrx_word' id='word_1_97' title='bbox 1225 1756 1635 1811; x_wconf 87' lang='lat' dir='ltr'><strong>successoribus</strong></span> <span class='ocrx_word' id='word_1_98' title='bbox 1668 1758 1722 1812; x_wconf 87' lang='lat' dir='ltr'><strong>in</strong></span> 
     </span>
    </p>
   </div>
   <div class='ocr_carea' id='block_1_18' title="bbox 149 1854 477 1914">
    <p class='ocr_par' dir='ltr' id='par_1_18' title="bbox 149 1854 477 1914">
     <span class='ocr_line' id='line_1_18' title="bbox 149 1854 477 1914; baseline 0.006 -17"><span class='ocrx_word' id='word_1_99' title='bbox 149 1854 477 1914; x_wconf 83' lang='lat' dir='ltr'><strong>perpetuum.</strong></span> 
     </span>
    </p>
   </div>
   <div class='ocr_carea' id='block_1_19' title="bbox 1826 649 3402 725">
    <p class='ocr_par' dir='ltr' id='par_1_19' title="bbox 1826 649 3402 725">
     <span class='ocr_line' id='line_1_19' title="bbox 1826 649 3402 725; baseline 0.004 -19"><span class='ocrx_word' id='word_1_100' title='bbox 1826 662 1969 706; x_wconf 90' lang='lat' dir='ltr'><strong>terra</strong></span> <span class='ocrx_word' id='word_1_101' title='bbox 2010 651 2399 706; x_wconf 83' lang='lat' dir='ltr'><strong>monasterium</strong></span> <span class='ocrx_word' id='word_1_102' title='bbox 2453 649 2512 707; x_wconf 89' lang='lat' dir='ltr'><strong>S.</strong></span> <span class='ocrx_word' id='word_1_103' title='bbox 2547 652 2807 723; x_wconf 78' lang='lat' dir='ltr'><strong>Stephani</strong></span> <span class='ocrx_word' id='word_1_104' title='bbox 2843 655 2986 725; x_wconf 90' lang='lat' dir='ltr'><strong>quod</strong></span> <span class='ocrx_word' id='word_1_105' title='bbox 3028 668 3255 713; x_wconf 88' lang='lat' dir='ltr'><strong>vocatur</strong></span> <span class='ocrx_word' id='word_1_106' title='bbox 3298 658 3402 713; x_wconf 81' lang='lat' dir='ltr'><strong>Ma-</strong></span> 
     </span>
    </p>
   </div>
   <div class='ocr_carea' id='block_1_20' title="bbox 1820 741 3404 810">
    <p class='ocr_par' dir='ltr' id='par_1_20' title="bbox 1820 741 3404 810">
     <span class='ocr_line' id='line_1_20' title="bbox 1820 741 3404 810; baseline 0.004 -13"><span class='ocrx_word' id='word_1_107' title='bbox 1820 741 1906 810; x_wconf 83' lang='lat' dir='ltr'><strong>jor</strong></span> <span class='ocrx_word' id='word_1_108' title='bbox 1932 759 1960 797; x_wconf 89' lang='lat' dir='ltr'><strong>a</strong></span> <span class='ocrx_word' id='word_1_109' title='bbox 2000 741 2057 797; x_wconf 89' lang='lat' dir='ltr'><strong>S.</strong></span> <span class='ocrx_word' id='word_1_110' title='bbox 2083 742 2262 807; x_wconf 86' lang='lat' dir='ltr'><strong>Petro,</strong></span> <span class='ocrx_word' id='word_1_111' title='bbox 2292 752 2348 797; x_wconf 90' lang='lat' dir='ltr'><strong>et</strong></span> <span class='ocrx_word' id='word_1_112' title='bbox 2375 758 2404 797; x_wconf 93' lang='lat' dir='ltr'><strong>a</strong></span> <span class='ocrx_word' id='word_1_113' title='bbox 2430 744 2668 798; x_wconf 85' lang='lat' dir='ltr'><strong>secundo</strong></span> <span class='ocrx_word' id='word_1_114' title='bbox 2694 744 2863 800; x_wconf 87' lang='lat' dir='ltr'><strong>latere</strong></span> <span class='ocrx_word' id='word_1_115' title='bbox 2898 745 3051 809; x_wconf 83' lang='lat' dir='ltr'><strong>silva,</strong></span> <span class='ocrx_word' id='word_1_116' title='bbox 3081 756 3136 801; x_wconf 91' lang='lat' dir='ltr'><strong>et</strong></span> <span class='ocrx_word' id='word_1_117' title='bbox 3164 755 3305 803; x_wconf 89' lang='lat' dir='ltr'><strong>terra</strong></span> <span class='ocrx_word' id='word_1_118' title='bbox 3338 751 3404 804; x_wconf 84' lang='lat' dir='ltr'><strong>de</strong></span> 
     </span>
    </p>
   </div>
   <div class='ocr_carea' id='block_1_21' title="bbox 1820 830 3401 907">
    <p class='ocr_par' dir='ltr' id='par_1_21' title="bbox 1820 830 3401 907">
     <span class='ocr_line' id='line_1_21' title="bbox 1820 830 3401 907; baseline 0.003 -20"><span class='ocrx_word' id='word_1_119' title='bbox 1820 830 2030 887; x_wconf 80' lang='lat' dir='ltr'><strong>Joanne</strong></span> <span class='ocrx_word' id='word_1_120' title='bbox 2055 832 2445 897; x_wconf 86' lang='lat' dir='ltr'><strong>Grammatico,</strong></span> <span class='ocrx_word' id='word_1_121' title='bbox 2473 842 2529 888; x_wconf 91' lang='lat' dir='ltr'><strong>et</strong></span> <span class='ocrx_word' id='word_1_122' title='bbox 2567 848 2597 887; x_wconf 86' lang='lat' dir='ltr'><strong>a</strong></span> <span class='ocrx_word' id='word_1_123' title='bbox 2633 835 2793 889; x_wconf 90' lang='lat' dir='ltr'><strong>tertio</strong></span> <span class='ocrx_word' id='word_1_124' title='bbox 2839 834 3006 889; x_wconf 90' lang='lat' dir='ltr'><strong>latere</strong></span> <span class='ocrx_word' id='word_1_125' title='bbox 3031 852 3157 907; x_wconf 88' lang='lat' dir='ltr'><strong>pars</strong></span> <span class='ocrx_word' id='word_1_126' title='bbox 3181 838 3401 894; x_wconf 80' lang='lat' dir='ltr'><strong>torricia</strong></span> 
     </span>
    </p>
   </div>
   <div class='ocr_carea' id='block_1_22' title="bbox 1826 925 3403 1002">
    <p class='ocr_par' dir='ltr' id='par_1_22' title="bbox 1826 925 3403 1002">
     <span class='ocr_line' id='line_1_22' title="bbox 1826 925 3403 1002; baseline 0.005 -23"><span class='ocrx_word' id='word_1_127' title='bbox 1826 925 2047 989; x_wconf 83' lang='lat' dir='ltr'><strong>Donica,</strong></span> <span class='ocrx_word' id='word_1_128' title='bbox 2076 934 2131 980; x_wconf 88' lang='lat' dir='ltr'><strong>et</strong></span> <span class='ocrx_word' id='word_1_129' title='bbox 2158 940 2188 979; x_wconf 89' lang='lat' dir='ltr'><strong>a</strong></span> <span class='ocrx_word' id='word_1_130' title='bbox 2229 935 2423 995; x_wconf 89' lang='lat' dir='ltr'><strong>quarto</strong></span> <span class='ocrx_word' id='word_1_131' title='bbox 2452 928 2621 981; x_wconf 84' lang='lat' dir='ltr'><strong>latere</strong></span> <span class='ocrx_word' id='word_1_132' title='bbox 2658 943 2837 982; x_wconf 84' lang='lat' dir='ltr'><strong>massa</strong></span> <span class='ocrx_word' id='word_1_133' title='bbox 2887 928 3169 997; x_wconf 83' lang='lat' dir='ltr'><strong>Elodiana,</strong></span> <span class='ocrx_word' id='word_1_134' title='bbox 3200 947 3228 985; x_wconf 91' lang='lat' dir='ltr'><strong>a</strong></span> <span class='ocrx_word' id='word_1_135' title='bbox 3260 947 3403 1002; x_wconf 79' lang='lat' dir='ltr'><strong>prze-</strong></span> 
     </span>
    </p>
   </div>
   <div class='ocr_carea' id='block_1_23' title="bbox 1824 1014 3402 1087">
    <p class='ocr_par' dir='ltr' id='par_1_23' title="bbox 1824 1014 3402 1087">
     <span class='ocr_line' id='line_1_23' title="bbox 1824 1014 3402 1087; baseline 0.003 -17"><span class='ocrx_word' id='word_1_136' title='bbox 1824 1016 1967 1070; x_wconf 83' lang='lat' dir='ltr'><strong>senti</strong></span> <span class='ocrx_word' id='word_1_137' title='bbox 1997 1024 2185 1070; x_wconf 88' lang='lat' dir='ltr'><strong>octava</strong></span> <span class='ocrx_word' id='word_1_138' title='bbox 2216 1014 2511 1070; x_wconf 84' lang='lat' dir='ltr'><strong>indictione</strong></span> <span class='ocrx_word' id='word_1_139' title='bbox 2541 1016 2635 1071; x_wconf 85' lang='lat' dir='ltr'><strong>tibi</strong></span> <span class='ocrx_word' id='word_1_140' title='bbox 2671 1016 2883 1087; x_wconf 79' lang='lat' dir='ltr'><strong>tuisque</strong></span> <span class='ocrx_word' id='word_1_141' title='bbox 2911 1020 3319 1075; x_wconf 89' lang='lat' dir='ltr'><strong>successoribus</strong></span> <span class='ocrx_word' id='word_1_142' title='bbox 3350 1020 3402 1075; x_wconf 89' lang='lat' dir='ltr'><strong>in</strong></span> 
     </span>
    </p>
   </div>
   <div class='ocr_carea' id='block_1_24' title="bbox 1823 1107 3406 1183">
    <p class='ocr_par' dir='ltr' id='par_1_24' title="bbox 1823 1107 3406 1183">
     <span class='ocr_line' id='line_1_24' title="bbox 1823 1107 3406 1183; baseline 0.004 -21"><span class='ocrx_word' id='word_1_143' title='bbox 1823 1107 2015 1162; x_wconf 83' lang='lat' dir='ltr'><strong>eodem</strong></span> <span class='ocrx_word' id='word_1_144' title='bbox 2039 1108 2332 1163; x_wconf 89' lang='lat' dir='ltr'><strong>venerabili</strong></span> <span class='ocrx_word' id='word_1_145' title='bbox 2356 1110 2631 1179; x_wconf 88' lang='lat' dir='ltr'><strong>episcopio</strong></span> <span class='ocrx_word' id='word_1_146' title='bbox 2660 1111 2942 1177; x_wconf 81' lang='lat' dir='ltr'><strong>donamus,</strong></span> <span class='ocrx_word' id='word_1_147' title='bbox 2962 1111 3241 1183; x_wconf 85' lang='lat' dir='ltr'><strong>largimur,</strong></span> <span class='ocrx_word' id='word_1_148' title='bbox 3275 1130 3406 1168; x_wconf 87' lang='lat' dir='ltr'><strong>con-</strong></span> 
     </span>
    </p>
   </div>
   <div class='ocr_carea' id='block_1_25' title="bbox 1824 1198 3408 1270">
    <p class='ocr_par' dir='ltr' id='par_1_25' title="bbox 1824 1198 3408 1270">
     <span class='ocr_line' id='line_1_25' title="bbox 1824 1198 3408 1270; baseline 0.006 -18"><span class='ocrx_word' id='word_1_149' title='bbox 1824 1198 2070 1252; x_wconf 85' lang='lat' dir='ltr'><strong>cedimus</strong></span> <span class='ocrx_word' id='word_1_150' title='bbox 2110 1206 2166 1252; x_wconf 86' lang='lat' dir='ltr'><strong>et</strong></span> <span class='ocrx_word' id='word_1_151' title='bbox 2201 1199 2506 1254; x_wconf 85' lang='lat' dir='ltr'><strong>stabilimus</strong></span> <span class='ocrx_word' id='word_1_152' title='bbox 2531 1202 2843 1270; x_wconf 85' lang='lat' dir='ltr'><strong>perenniter</strong></span> <span class='ocrx_word' id='word_1_153' title='bbox 2872 1202 2925 1258; x_wconf 90' lang='lat' dir='ltr'><strong>in</strong></span> <span class='ocrx_word' id='word_1_154' title='bbox 2963 1220 3060 1260; x_wconf 91' lang='lat' dir='ltr'><strong>usu</strong></span> <span class='ocrx_word' id='word_1_155' title='bbox 3086 1215 3142 1261; x_wconf 88' lang='lat' dir='ltr'><strong>et</strong></span> <span class='ocrx_word' id='word_1_156' title='bbox 3171 1204 3408 1262; x_wconf 79' lang='lat' dir='ltr'><strong>utilitate</strong></span> 
     </span>
    </p>
   </div>
   <div class='ocr_carea' id='block_1_26' title="bbox 1826 1289 3408 1369">
    <p class='ocr_par' dir='ltr' id='par_1_26' title="bbox 1826 1289 3408 1369">
     <span class='ocr_line' id='line_1_26' title="bbox 1826 1289 3408 1369; baseline 0.005 -26"><span class='ocrx_word' id='word_1_157' title='bbox 1826 1289 1995 1359; x_wconf 88' lang='lat' dir='ltr'><strong>ipsius</strong></span> <span class='ocrx_word' id='word_1_158' title='bbox 2018 1290 2315 1346; x_wconf 89' lang='lat' dir='ltr'><strong>venerabili</strong></span> <span class='ocrx_word' id='word_1_159' title='bbox 2349 1291 2606 1361; x_wconf 90' lang='lat' dir='ltr'><strong>episcopii</strong></span> <span class='ocrx_word' id='word_1_160' title='bbox 2660 1303 2714 1349; x_wconf 90' lang='lat' dir='ltr'><strong>et</strong></span> <span class='ocrx_word' id='word_1_161' title='bbox 2757 1295 3134 1365; x_wconf 87' lang='lat' dir='ltr'><strong>episcoporum</strong></span> <span class='ocrx_word' id='word_1_162' title='bbox 3175 1299 3265 1368; x_wconf 91' lang='lat' dir='ltr'><strong>qui</strong></span> <span class='ocrx_word' id='word_1_163' title='bbox 3305 1311 3408 1369; x_wconf 72' lang='lat' dir='ltr'><strong>pro</strong></span> 
     </span>
    </p>
   </div>
   <div class='ocr_carea' id='block_1_27' title="bbox 1827 1378 3409 1454">
    <p class='ocr_par' dir='ltr' id='par_1_27' title="bbox 1827 1378 3409 1454">
     <span class='ocr_line' id='line_1_27' title="bbox 1827 1378 3409 1454; baseline 0.005 -19"><span class='ocrx_word' id='word_1_164' title='bbox 1827 1389 2071 1449; x_wconf 88' lang='lat' dir='ltr'><strong>tempore</strong></span> <span class='ocrx_word' id='word_1_165' title='bbox 2099 1378 2320 1444; x_wconf 80' lang='lat' dir='ltr'><strong>fuerint,</strong></span> <span class='ocrx_word' id='word_1_166' title='bbox 2349 1380 2422 1435; x_wconf 90' lang='lat' dir='ltr'><strong>ita</strong></span> <span class='ocrx_word' id='word_1_167' title='bbox 2451 1388 2626 1435; x_wconf 88' lang='lat' dir='ltr'><strong>tamen</strong></span> <span class='ocrx_word' id='word_1_168' title='bbox 2658 1392 2718 1437; x_wconf 84' lang='lat' dir='ltr'><strong>ut</strong></span> <span class='ocrx_word' id='word_1_169' title='bbox 2750 1385 3081 1454; x_wconf 88' lang='lat' dir='ltr'><strong>quotidianis</strong></span> <span class='ocrx_word' id='word_1_170' title='bbox 3108 1387 3297 1443; x_wconf 86' lang='lat' dir='ltr'><strong>diebus</strong></span> <span class='ocrx_word' id='word_1_171' title='bbox 3319 1404 3409 1443; x_wconf 82' lang='lat' dir='ltr'><strong>sa-</strong></span> 
     </span>
    </p>
   </div>
   <div class='ocr_carea' id='block_1_28' title="bbox 1822 1470 3407 1546">
    <p class='ocr_par' dir='ltr' id='par_1_28' title="bbox 1822 1470 3407 1546">
     <span class='ocr_line' id='line_1_28' title="bbox 1822 1470 3407 1546; baseline 0.006 -21"><span class='ocrx_word' id='word_1_172' title='bbox 1822 1472 2092 1534; x_wconf 80' lang='lat' dir='ltr'><strong>cerdotes,</strong></span> <span class='ocrx_word' id='word_1_173' title='bbox 2124 1479 2178 1526; x_wconf 91' lang='lat' dir='ltr'><strong>et</strong></span> <span class='ocrx_word' id='word_1_174' title='bbox 2203 1470 2387 1527; x_wconf 85' lang='lat' dir='ltr'><strong>clerici</strong></span> <span class='ocrx_word' id='word_1_175' title='bbox 2431 1471 2600 1543; x_wconf 92' lang='lat' dir='ltr'><strong>ipsius</strong></span> <span class='ocrx_word' id='word_1_176' title='bbox 2623 1474 2866 1531; x_wconf 70' lang='lat' dir='ltr'><strong>ecclesiae</strong></span> <span class='ocrx_word' id='word_1_177' title='bbox 2890 1493 2989 1546; x_wconf 91' lang='lat' dir='ltr'><strong>pro</strong></span> <span class='ocrx_word' id='word_1_178' title='bbox 3024 1480 3266 1534; x_wconf 87' lang='lat' dir='ltr'><strong>remedio</strong></span> <span class='ocrx_word' id='word_1_179' title='bbox 3292 1481 3407 1536; x_wconf 84' lang='lat' dir='ltr'><strong>ani-</strong></span> 
     </span>
    </p>
   </div>
   <div class='ocr_carea' id='block_1_29' title="bbox 1826 1562 3405 1641">
    <p class='ocr_par' dir='ltr' id='par_1_29' title="bbox 1826 1562 3405 1641">
     <span class='ocr_line' id='line_1_29' title="bbox 1826 1562 3405 1641; baseline 0.006 -26"><span class='ocrx_word' id='word_1_180' title='bbox 1826 1579 1927 1616; x_wconf 81' lang='lat' dir='ltr'><strong>mae</strong></span> <span class='ocrx_word' id='word_1_181' title='bbox 1949 1569 2147 1617; x_wconf 65' lang='lat' dir='ltr'><strong>nostra:</strong></span> <span class='ocrx_word' id='word_1_182' title='bbox 2190 1562 2429 1619; x_wconf 87' lang='lat' dir='ltr'><strong>clament</strong></span> <span class='ocrx_word' id='word_1_183' title='bbox 2466 1564 2520 1619; x_wconf 93' lang='lat' dir='ltr'><strong>in</strong></span> <span class='ocrx_word' id='word_1_184' title='bbox 2548 1565 2737 1621; x_wconf 90' lang='lat' dir='ltr'><strong>eadem</strong></span> <span class='ocrx_word' id='word_1_185' title='bbox 2774 1566 3001 1623; x_wconf 89' lang='lat' dir='ltr'><strong>ecclesia</strong></span> <span class='ocrx_word' id='word_1_186' title='bbox 3043 1579 3259 1624; x_wconf 90' lang='lat' dir='ltr'><strong>centum</strong></span> <span class='ocrx_word' id='word_1_187' title='bbox 3290 1570 3405 1641; x_wconf 70' lang='lat' dir='ltr'><strong>Xy-</strong></span> 
     </span>
    </p>
   </div>
   <div class='ocr_carea' id='block_1_30' title="bbox 1825 1652 3408 1723">
    <p class='ocr_par' dir='ltr' id='par_1_30' title="bbox 1825 1652 3408 1723">
     <span class='ocr_line' id='line_1_30' title="bbox 1825 1652 3408 1723; baseline 0.006 -17"><span class='ocrx_word' id='word_1_188' title='bbox 1825 1653 1900 1707; x_wconf 78' lang='lat' dir='ltr'><strong>rie</strong></span> <span class='ocrx_word' id='word_1_189' title='bbox 1918 1652 2135 1717; x_wconf 70' lang='lat' dir='ltr'><strong>eleison,</strong></span> <span class='ocrx_word' id='word_1_190' title='bbox 2180 1661 2235 1708; x_wconf 89' lang='lat' dir='ltr'><strong>et</strong></span> <span class='ocrx_word' id='word_1_191' title='bbox 2260 1663 2478 1709; x_wconf 90' lang='lat' dir='ltr'><strong>centum</strong></span> <span class='ocrx_word' id='word_1_192' title='bbox 2506 1652 2714 1710; x_wconf 75' lang='lat' dir='ltr'><strong>Christe</strong></span> <span class='ocrx_word' id='word_1_193' title='bbox 2758 1656 2975 1723; x_wconf 76' lang='lat' dir='ltr'><strong>eleison,</strong></span> <span class='ocrx_word' id='word_1_194' title='bbox 3001 1669 3054 1714; x_wconf 82' lang='lat' dir='ltr'><strong>et</strong></span> <span class='ocrx_word' id='word_1_195' title='bbox 3095 1661 3408 1717; x_wconf 87' lang='lat' dir='ltr'><strong>sacerdotes</strong></span> 
     </span>
    </p>
   </div>
   <div class='ocr_carea' id='block_1_31' title="bbox 1824 1743 3407 1807">
    <p class='ocr_par' dir='ltr' id='par_1_31' title="bbox 1824 1743 3407 1807">
     <span class='ocr_line' id='line_1_31' title="bbox 1824 1743 3407 1807; baseline 0.004 -9"><span class='ocrx_word' id='word_1_196' title='bbox 1824 1758 2011 1798; x_wconf 86' lang='lat' dir='ltr'><strong>sacras</strong></span> <span class='ocrx_word' id='word_1_197' title='bbox 2028 1743 2333 1799; x_wconf 88' lang='lat' dir='ltr'><strong>oblationes</strong></span> <span class='ocrx_word' id='word_1_198' title='bbox 2359 1744 2413 1799; x_wconf 93' lang='lat' dir='ltr'><strong>in</strong></span> <span class='ocrx_word' id='word_1_199' title='bbox 2444 1746 2735 1801; x_wconf 90' lang='lat' dir='ltr'><strong>missarum</strong></span> <span class='ocrx_word' id='word_1_200' title='bbox 2764 1748 3043 1804; x_wconf 88' lang='lat' dir='ltr'><strong>solemniis</strong></span> <span class='ocrx_word' id='word_1_201' title='bbox 3071 1752 3241 1807; x_wconf 86' lang='lat' dir='ltr'><strong>tribus</strong></span> <span class='ocrx_word' id='word_1_202' title='bbox 3272 1752 3407 1807; x_wconf 86' lang='lat' dir='ltr'><strong>vici-</strong></span> 
     </span>
    </p>
   </div>
   <div class='ocr_carea' id='block_1_32' title="bbox 1826 1833 3409 1911">
    <p class='ocr_par' dir='ltr' id='par_1_32' title="bbox 1826 1833 3409 1911">
     <span class='ocr_line' id='line_1_32' title="bbox 1826 1833 3409 1911; baseline 0.004 -20"><span class='ocrx_word' id='word_1_203' title='bbox 1826 1833 1925 1891; x_wconf 88' lang='lat' dir='ltr'><strong>bus</strong></span> <span class='ocrx_word' id='word_1_204' title='bbox 1952 1851 2049 1906; x_wconf 90' lang='lat' dir='ltr'><strong>per</strong></span> <span class='ocrx_word' id='word_1_205' title='bbox 2074 1836 2692 1907; x_wconf 83' lang='lat' dir='ltr'><strong>singulashebdomadas</strong></span> <span class='ocrx_word' id='word_1_206' title='bbox 2718 1856 2818 1911; x_wconf 87' lang='lat' dir='ltr'><strong>pro</strong></span> <span class='ocrx_word' id='word_1_207' title='bbox 2845 1842 3183 1898; x_wconf 82' lang='lat' dir='ltr'><strong>absolutione</strong></span> <span class='ocrx_word' id='word_1_208' title='bbox 3213 1852 3409 1899; x_wconf 72' lang='lat' dir='ltr'><strong>nostrae</strong></span> 
     </span>
    </p>
   </div>
   <div class='ocr_carea' id='block_1_33' title="bbox 213 1913 3406 2014">
    <p class='ocr_par' dir='ltr' id='par_1_33' title="bbox 213 1913 3406 2014">
     <span class='ocr_line' id='line_1_33' title="bbox 213 1913 3406 2014; baseline 0.008 -46"><span class='ocrx_word' id='word_1_209' title='bbox 213 1913 474 1992; x_wconf 54' lang='grc' dir='ltr'><strong>(ίοηνεηη</strong></span> <span class='ocrx_word' id='word_1_210' title='bbox 496 1938 791 2007; x_wconf 52' lang='lat' dir='ltr'><strong>apostolico</strong></span> <span class='ocrx_word' id='word_1_211' title='bbox 819 1938 1170 1995; x_wconf 63' lang='lat' dir='ltr'><strong>moderamini</strong></span> <span class='ocrx_word' id='word_1_212' title='bbox 1198 1943 1287 2011; x_wconf 64' lang='lat' dir='ltr'><strong>pia</strong></span> <span class='ocrx_word' id='word_1_213' title='bbox 1326 1941 1584 2014; x_wconf 59' lang='lat' dir='ltr'><strong>religione</strong></span> <span class='ocrx_word' id='word_1_214' title='bbox 1608 1942 1721 2013; x_wconf 58' lang='grc' dir='ltr'><strong>μοι,</strong></span> <span class='ocrx_word' id='word_1_215' title='bbox 1754 1913 1798 1975; x_wconf 85' lang='grc' dir='ltr'><strong>Β</strong></span> <span class='ocrx_word' id='word_1_216' title='bbox 1826 1926 2022 1981; x_wconf 71' lang='lat' dir='ltr'><strong>animm</strong></span> <span class='ocrx_word' id='word_1_217' title='bbox 2048 1936 2466 1999; x_wconf 87' lang='lat' dir='ltr'><strong>nostrorumque</strong></span> <span class='ocrx_word' id='word_1_218' title='bbox 2524 1946 2896 1988; x_wconf 84' lang='lat' dir='ltr'><strong>successorum</strong></span> <span class='ocrx_word' id='word_1_219' title='bbox 2940 1937 3257 2005; x_wconf 90' lang='lat' dir='ltr'><strong>pontiﬁcum</strong></span> <span class='ocrx_word' id='word_1_220' title='bbox 3286 1954 3406 1992; x_wconf 83' lang='lat' dir='ltr'><strong>om-</strong></span> 
     </span>
    </p>
   </div>
   <div class='ocr_carea' id='block_1_34' title="bbox 150 2027 1721 2103">
    <p class='ocr_par' dir='ltr' id='par_1_34' title="bbox 150 2027 1721 2103">
     <span class='ocr_line' id='line_1_34' title="bbox 150 2027 1721 2103; baseline 0.006 -24"><span class='ocrx_word' id='word_1_221' title='bbox 150 2027 371 2085; x_wconf 88' lang='lat' dir='ltr'><strong>Icntibus</strong></span> <span class='ocrx_word' id='word_1_222' title='bbox 415 2029 676 2085; x_wconf 73' lang='lat' dir='ltr'><strong>benevola</strong></span> <span class='ocrx_word' id='word_1_223' title='bbox 725 2032 1102 2100; x_wconf 83' lang='lat' dir='ltr'><strong>compassione</strong></span> <span class='ocrx_word' id='word_1_224' title='bbox 1148 2047 1488 2094; x_wconf 85' lang='lat' dir='ltr'><strong>succurrere,</strong></span> <span class='ocrx_word' id='word_1_225' title='bbox 1518 2042 1572 2087; x_wconf 89' lang='lat' dir='ltr'><strong>et</strong></span> <span class='ocrx_word' id='word_1_226' title='bbox 1625 2049 1721 2103; x_wconf 92' lang='lat' dir='ltr'><strong>po-</strong></span> 
     </span>
    </p>
   </div>
   <div class='ocr_carea' id='block_1_35' title="bbox 147 2120 1721 2192">
    <p class='ocr_par' dir='ltr' id='par_1_35' title="bbox 147 2120 1721 2192">
     <span class='ocr_line' id='line_1_35' title="bbox 147 2120 1721 2192; baseline 0.002 -18"><span class='ocrx_word' id='word_1_227' title='bbox 147 2120 402 2174; x_wconf 87' lang='lat' dir='ltr'><strong>scentium</strong></span> <span class='ocrx_word' id='word_1_228' title='bbox 440 2120 636 2175; x_wconf 83' lang='lat' dir='ltr'><strong>animis</strong></span> <span class='ocrx_word' id='word_1_229' title='bbox 674 2121 839 2177; x_wconf 89' lang='lat' dir='ltr'><strong>alacri</strong></span> <span class='ocrx_word' id='word_1_230' title='bbox 889 2122 1175 2177; x_wconf 84' lang='lat' dir='ltr'><strong>devotione</strong></span> <span class='ocrx_word' id='word_1_231' title='bbox 1221 2122 1487 2192; x_wconf 84' lang='lat' dir='ltr'><strong>impertiri</strong></span> <span class='ocrx_word' id='word_1_232' title='bbox 1533 2138 1721 2179; x_wconf 91' lang='lat' dir='ltr'><strong>assen-</strong></span> 
     </span>
    </p>
   </div>
   <div class='ocr_carea' id='block_1_36' title="bbox 149 2209 1722 2283">
    <p class='ocr_par' dir='ltr' id='par_1_36' title="bbox 149 2209 1722 2283">
     <span class='ocr_line' id='line_1_36' title="bbox 149 2209 1722 2283; baseline 0.003 -19"><span class='ocrx_word' id='word_1_233' title='bbox 149 2226 279 2264; x_wconf 86' lang='lat' dir='ltr'><strong>sum.</strong></span> <span class='ocrx_word' id='word_1_234' title='bbox 308 2210 381 2264; x_wconf 80' lang='lat' dir='ltr'><strong>Ex</strong></span> <span class='ocrx_word' id='word_1_235' title='bbox 413 2209 524 2265; x_wconf 80' lang='lat' dir='ltr'><strong>hoc</strong></span> <span class='ocrx_word' id='word_1_236' title='bbox 544 2211 691 2267; x_wconf 88' lang='lat' dir='ltr'><strong>enim</strong></span> <span class='ocrx_word' id='word_1_237' title='bbox 730 2210 863 2266; x_wconf 89' lang='lat' dir='ltr'><strong>lucri</strong></span> <span class='ocrx_word' id='word_1_238' title='bbox 891 2212 1233 2282; x_wconf 82' lang='lat' dir='ltr'><strong>potissimum</strong></span> <span class='ocrx_word' id='word_1_239' title='bbox 1271 2213 1550 2283; x_wconf 71' lang='lat' dir='ltr'><strong>praemium</strong></span> <span class='ocrx_word' id='word_1_240' title='bbox 1579 2214 1722 2281; x_wconf 87' lang='lat' dir='ltr'><strong>apud</strong></span> 
     </span>
    </p>
   </div>
   <div class='ocr_carea' id='block_1_37' title="bbox 147 2301 1723 2373">
    <p class='ocr_par' dir='ltr' id='par_1_37' title="bbox 147 2301 1723 2373">
     <span class='ocr_line' id='line_1_37' title="bbox 147 2301 1723 2373; baseline 0.003 -20"><span class='ocrx_word' id='word_1_241' title='bbox 147 2301 474 2356; x_wconf 87' lang='lat' dir='ltr'><strong>conditorem</strong></span> <span class='ocrx_word' id='word_1_242' title='bbox 518 2302 761 2357; x_wconf 88' lang='lat' dir='ltr'><strong>omnium</strong></span> <span class='ocrx_word' id='word_1_243' title='bbox 793 2302 959 2357; x_wconf 84' lang='lat' dir='ltr'><strong>Deum</strong></span> <span class='ocrx_word' id='word_1_244' title='bbox 993 2303 1294 2372; x_wconf 86' lang='lat' dir='ltr'><strong>reponitur,</strong></span> <span class='ocrx_word' id='word_1_245' title='bbox 1318 2304 1535 2373; x_wconf 88' lang='lat' dir='ltr'><strong>quando</strong></span> <span class='ocrx_word' id='word_1_246' title='bbox 1563 2317 1723 2358; x_wconf 86' lang='lat' dir='ltr'><strong>vene-</strong></span> 
     </span>
    </p>
   </div>
   <div class='ocr_carea' id='block_1_38' title="bbox 151 2391 1725 2462">
    <p class='ocr_par' dir='ltr' id='par_1_38' title="bbox 151 2391 1725 2462">
     <span class='ocr_line' id='line_1_38' title="bbox 151 2391 1725 2462; baseline 0.003 -18"><span class='ocrx_word' id='word_1_247' title='bbox 151 2392 325 2447; x_wconf 85' lang='lat' dir='ltr'><strong>rabilia</strong></span> <span class='ocrx_word' id='word_1_248' title='bbox 356 2391 473 2447; x_wconf 91' lang='lat' dir='ltr'><strong>loca</strong></span> <span class='ocrx_word' id='word_1_249' title='bbox 504 2404 809 2462; x_wconf 81' lang='lat' dir='ltr'><strong>opportune</strong></span> <span class='ocrx_word' id='word_1_250' title='bbox 836 2393 1088 2449; x_wconf 85' lang='lat' dir='ltr'><strong>ordinata</strong></span> <span class='ocrx_word' id='word_1_251' title='bbox 1112 2394 1179 2448; x_wconf 92' lang='lat' dir='ltr'><strong>ad</strong></span> <span class='ocrx_word' id='word_1_252' title='bbox 1214 2392 1493 2450; x_wconf 83' lang='lat' dir='ltr'><strong>meliorem</strong></span> <span class='ocrx_word' id='word_1_253' title='bbox 1521 2392 1725 2449; x_wconf 75' lang='lat' dir='ltr'><strong>fuerint</strong></span> 
     </span>
    </p>
   </div>
   <div class='ocr_carea' id='block_1_39' title="bbox 149 2480 1723 2553">
    <p class='ocr_par' dir='ltr' id='par_1_39' title="bbox 149 2480 1723 2553">
     <span class='ocr_line' id='line_1_39' title="bbox 149 2480 1723 2553; baseline 0.003 -19"><span class='ocrx_word' id='word_1_254' title='bbox 149 2480 258 2535; x_wconf 81' lang='lat' dir='ltr'><strong>sine</strong></span> <span class='ocrx_word' id='word_1_255' title='bbox 303 2482 467 2537; x_wconf 91' lang='lat' dir='ltr'><strong>dubio</strong></span> <span class='ocrx_word' id='word_1_256' title='bbox 518 2491 718 2536; x_wconf 79' lang='lat' dir='ltr'><strong>statuat</strong></span> <span class='ocrx_word' id='word_1_257' title='bbox 768 2483 1048 2553; x_wconf 80' lang='lat' dir='ltr'><strong>perducta,</strong></span> <span class='ocrx_word' id='word_1_258' title='bbox 1074 2495 1131 2539; x_wconf 90' lang='lat' dir='ltr'><strong>et.</strong></span> <span class='ocrx_word' id='word_1_259' title='bbox 1157 2483 1279 2539; x_wconf 87' lang='lat' dir='ltr'><strong>ideo</strong></span> <span class='ocrx_word' id='word_1_260' title='bbox 1307 2484 1723 2539; x_wconf 82' lang='lat' dir='ltr'><strong>considerantes</strong></span> 
     </span>
    </p>
   </div>
   <div class='ocr_carea' id='block_1_40' title="bbox 150 2570 1724 2641">
    <p class='ocr_par' dir='ltr' id='par_1_40' title="bbox 150 2570 1724 2641">
     <span class='ocr_line' id='line_1_40' title="bbox 150 2570 1724 2641; baseline 0.002 -17"><span class='ocrx_word' id='word_1_261' title='bbox 150 2570 527 2627; x_wconf 80' lang='lat' dir='ltr'><strong>desolationem</strong></span> <span class='ocrx_word' id='word_1_262' title='bbox 547 2571 797 2627; x_wconf 71' lang='lat' dir='ltr'><strong>ecclesia:</strong></span> <span class='ocrx_word' id='word_1_263' title='bbox 826 2570 925 2626; x_wconf 90' lang='lat' dir='ltr'><strong>SS.</strong></span> <span class='ocrx_word' id='word_1_264' title='bbox 958 2572 1171 2627; x_wconf 77' lang='lat' dir='ltr'><strong>Ruﬁna:</strong></span> <span class='ocrx_word' id='word_1_265' title='bbox 1196 2580 1251 2627; x_wconf 88' lang='lat' dir='ltr'><strong>et</strong></span> <span class='ocrx_word' id='word_1_266' title='bbox 1282 2570 1568 2635; x_wconf 67' lang='lat' dir='ltr'><strong>Secundae,</strong></span> <span class='ocrx_word' id='word_1_267' title='bbox 1604 2588 1724 2641; x_wconf 81' lang='lat' dir='ltr'><strong>qua:</strong></span> 
     </span>
    </p>
   </div>
   <div class='ocr_carea' id='block_1_41' title="bbox 152 2659 1726 2734">
    <p class='ocr_par' dir='ltr' id='par_1_41' title="bbox 152 2659 1726 2734">
     <span class='ocr_line' id='line_1_41' title="bbox 152 2659 1726 2734; baseline 0.004 -22"><span class='ocrx_word' id='word_1_268' title='bbox 152 2660 443 2730; x_wconf 90' lang='lat' dir='ltr'><strong>appellatur</strong></span> <span class='ocrx_word' id='word_1_269' title='bbox 480 2661 629 2716; x_wconf 81' lang='lat' dir='ltr'><strong>Silva</strong></span> <span class='ocrx_word' id='word_1_270' title='bbox 670 2659 915 2730; x_wconf 83' lang='lat' dir='ltr'><strong>Candida</strong></span> <span class='ocrx_word' id='word_1_271' title='bbox 937 2699 951 2727; x_wconf 91' lang='lat'><strong>,</strong></span> <span class='ocrx_word' id='word_1_272' title='bbox 990 2677 1153 2732; x_wconf 91' lang='lat' dir='ltr'><strong>quam</strong></span> <span class='ocrx_word' id='word_1_273' title='bbox 1178 2678 1337 2734; x_wconf 80' lang='lat' dir='ltr'><strong>passa</strong></span> <span class='ocrx_word' id='word_1_274' title='bbox 1364 2674 1443 2719; x_wconf 86' lang='lat' dir='ltr'><strong>est</strong></span> <span class='ocrx_word' id='word_1_275' title='bbox 1476 2679 1508 2717; x_wconf 88' lang='lat' dir='ltr'><strong>a</strong></span> <span class='ocrx_word' id='word_1_276' title='bbox 1537 2663 1726 2718; x_wconf 85' lang='lat' dir='ltr'><strong>nefan-</strong></span> 
     </span>
    </p>
   </div>
   <div class='ocr_carea' id='block_1_42' title="bbox 149 2754 1725 2828">
    <p class='ocr_par' dir='ltr' id='par_1_42' title="bbox 149 2754 1725 2828">
     <span class='ocr_line' id='line_1_42' title="bbox 149 2754 1725 2828; baseline 0.002 -21"><span class='ocrx_word' id='word_1_277' title='bbox 149 2754 357 2809; x_wconf 89' lang='lat' dir='ltr'><strong>dissima</strong></span> <span class='ocrx_word' id='word_1_278' title='bbox 385 2755 820 2811; x_wconf 82' lang='lat' dir='ltr'><strong>Sarracenorum</strong></span> <span class='ocrx_word' id='word_1_279' title='bbox 847 2766 1029 2828; x_wconf 85' lang='lat' dir='ltr'><strong>gente,</strong></span> <span class='ocrx_word' id='word_1_280' title='bbox 1071 2756 1213 2811; x_wconf 85' lang='lat' dir='ltr'><strong>sicut</strong></span> <span class='ocrx_word' id='word_1_281' title='bbox 1238 2756 1396 2811; x_wconf 82' lang='lat' dir='ltr'><strong>ruina</strong></span> <span class='ocrx_word' id='word_1_282' title='bbox 1421 2756 1591 2826; x_wconf 85' lang='lat' dir='ltr'><strong>ipsius</strong></span> <span class='ocrx_word' id='word_1_283' title='bbox 1621 2755 1725 2811; x_wconf 84' lang='lat' dir='ltr'><strong>loci</strong></span> 
     </span>
    </p>
   </div>
   <div class='ocr_carea' id='block_1_43' title="bbox 150 2845 1726 2916">
    <p class='ocr_par' dir='ltr' id='par_1_43' title="bbox 150 2845 1726 2916">
     <span class='ocr_line' id='line_1_43' title="bbox 150 2845 1726 2916; baseline 0.004 -21"><span class='ocrx_word' id='word_1_284' title='bbox 150 2852 384 2907; x_wconf 81' lang='lat' dir='ltr'><strong>testatur,</strong></span> <span class='ocrx_word' id='word_1_285' title='bbox 422 2855 483 2900; x_wconf 86' lang='lat' dir='ltr'><strong>et</strong></span> <span class='ocrx_word' id='word_1_286' title='bbox 511 2846 684 2915; x_wconf 87' lang='lat' dir='ltr'><strong>plebs,</strong></span> <span class='ocrx_word' id='word_1_287' title='bbox 736 2853 900 2915; x_wconf 86' lang='lat' dir='ltr'><strong>atque</strong></span> <span class='ocrx_word' id='word_1_288' title='bbox 929 2845 1132 2900; x_wconf 88' lang='lat' dir='ltr'><strong>casalia</strong></span> <span class='ocrx_word' id='word_1_289' title='bbox 1173 2860 1294 2914; x_wconf 75' lang='lat' dir='ltr'><strong>qua:</strong></span> <span class='ocrx_word' id='word_1_290' title='bbox 1353 2859 1492 2916; x_wconf 89' lang='lat' dir='ltr'><strong>pene</strong></span> <span class='ocrx_word' id='word_1_291' title='bbox 1520 2846 1726 2914; x_wconf 82' lang='lat' dir='ltr'><strong>absque</strong></span> 
     </span>
    </p>
   </div>
   <div class='ocr_carea' id='block_1_44' title="bbox 150 2937 1727 3005">
    <p class='ocr_par' dir='ltr' id='par_1_44' title="bbox 150 2937 1727 3005">
     <span class='ocr_line' id='line_1_44' title="bbox 150 2937 1727 3005; baseline 0.004 -18"><span class='ocrx_word' id='word_1_292' title='bbox 150 2937 388 3005; x_wconf 76' lang='lat' dir='ltr'><strong>agricolis</strong></span> <span class='ocrx_word' id='word_1_293' title='bbox 415 2947 477 2993; x_wconf 85' lang='lat' dir='ltr'><strong>et</strong></span> <span class='ocrx_word' id='word_1_294' title='bbox 506 2937 905 2993; x_wconf 87' lang='lat' dir='ltr'><strong>habitatoribus</strong></span> <span class='ocrx_word' id='word_1_295' title='bbox 932 2952 1055 2992; x_wconf 87' lang='lat' dir='ltr'><strong>esse</strong></span> <span class='ocrx_word' id='word_1_296' title='bbox 1102 2946 1425 3003; x_wconf 84' lang='lat' dir='ltr'><strong>noscuntur,</strong></span> <span class='ocrx_word' id='word_1_297' title='bbox 1453 2938 1526 2993; x_wconf 88' lang='lat' dir='ltr'><strong>ob</strong></span> <span class='ocrx_word' id='word_1_298' title='bbox 1566 2937 1727 2993; x_wconf 86' lang='lat' dir='ltr'><strong>resti-</strong></span> 
     </span>
    </p>
   </div>
   <div class='ocr_carea' id='block_1_45' title="bbox 151 3026 1725 3098">
    <p class='ocr_par' dir='ltr' id='par_1_45' title="bbox 151 3026 1725 3098">
     <span class='ocr_line' id='line_1_45' title="bbox 151 3026 1725 3098; baseline 0.003 -20"><span class='ocrx_word' id='word_1_299' title='bbox 151 3028 399 3084; x_wconf 87' lang='lat' dir='ltr'><strong>tutionem</strong></span> <span class='ocrx_word' id='word_1_300' title='bbox 428 3037 490 3083; x_wconf 86' lang='lat' dir='ltr'><strong>et</strong></span> <span class='ocrx_word' id='word_1_301' title='bbox 513 3028 907 3098; x_wconf 78' lang='lat' dir='ltr'><strong>reparationem</strong></span> <span class='ocrx_word' id='word_1_302' title='bbox 934 3028 1077 3082; x_wconf 85' lang='lat' dir='ltr'><strong>sacri</strong></span> <span class='ocrx_word' id='word_1_303' title='bbox 1112 3026 1215 3083; x_wconf 92' lang='lat' dir='ltr'><strong>loci</strong></span> <span class='ocrx_word' id='word_1_304' title='bbox 1240 3027 1430 3097; x_wconf 84' lang='lat' dir='ltr'><strong>ipsius,</strong></span> <span class='ocrx_word' id='word_1_305' title='bbox 1466 3036 1524 3084; x_wconf 90' lang='lat' dir='ltr'><strong>et</strong></span> <span class='ocrx_word' id='word_1_306' title='bbox 1553 3042 1725 3084; x_wconf 52' lang='lat' dir='ltr'><strong>reme.</strong></span> 
     </span>
    </p>
   </div>
   <div class='ocr_carea' id='block_1_46' title="bbox 149 3117 1726 3190">
    <p class='ocr_par' dir='ltr' id='par_1_46' title="bbox 149 3117 1726 3190">
     <span class='ocr_line' id='line_1_46' title="bbox 149 3117 1726 3190; baseline 0.004 -22"><span class='ocrx_word' id='word_1_307' title='bbox 149 3117 285 3172; x_wconf 91' lang='lat' dir='ltr'><strong>dium</strong></span> <span class='ocrx_word' id='word_1_308' title='bbox 304 3119 505 3175; x_wconf 74' lang='lat' dir='ltr'><strong>anima:</strong></span> <span class='ocrx_word' id='word_1_309' title='bbox 537 3128 736 3175; x_wconf 79' lang='lat' dir='ltr'><strong>nostrae</strong></span> <span class='ocrx_word' id='word_1_310' title='bbox 758 3119 1124 3184; x_wconf 63' lang='lat' dir='ltr'><strong>«incedimus,</strong></span> <span class='ocrx_word' id='word_1_311' title='bbox 1152 3119 1376 3190; x_wconf 86' lang='lat' dir='ltr'><strong>tibique,</strong></span> <span class='ocrx_word' id='word_1_312' title='bbox 1408 3118 1578 3175; x_wconf 79' lang='lat' dir='ltr'><strong>frater</strong></span> <span class='ocrx_word' id='word_1_313' title='bbox 1612 3119 1726 3174; x_wconf 66' lang='lat' dir='ltr'><strong>llilo</strong></span> 
     </span>
    </p>
   </div>
   <div class='ocr_carea' id='block_1_47' title="bbox 148 3211 1722 3283">
    <p class='ocr_par' dir='ltr' id='par_1_47' title="bbox 148 3211 1722 3283">
     <span class='ocr_line' id='line_1_47' title="bbox 148 3211 1722 3283; baseline 0 -18"><span class='ocrx_word' id='word_1_314' title='bbox 148 3211 428 3278; x_wconf 86' lang='lat' dir='ltr'><strong>debrande,</strong></span> <span class='ocrx_word' id='word_1_315' title='bbox 477 3211 774 3269; x_wconf 86' lang='lat' dir='ltr'><strong>venerabili</strong></span> <span class='ocrx_word' id='word_1_316' title='bbox 827 3212 1104 3282; x_wconf 89' lang='lat' dir='ltr'><strong>episcopo,</strong></span> <span class='ocrx_word' id='word_1_317' title='bbox 1134 3220 1190 3267; x_wconf 87' lang='lat' dir='ltr'><strong>et</strong></span> <span class='ocrx_word' id='word_1_318' title='bbox 1231 3228 1329 3283; x_wconf 87' lang='lat' dir='ltr'><strong>per</strong></span> <span class='ocrx_word' id='word_1_319' title='bbox 1366 3221 1418 3267; x_wconf 88' lang='lat' dir='ltr'><strong>te</strong></span> <span class='ocrx_word' id='word_1_320' title='bbox 1449 3212 1503 3267; x_wconf 92' lang='lat' dir='ltr'><strong>in</strong></span> <span class='ocrx_word' id='word_1_321' title='bbox 1533 3214 1722 3267; x_wconf 89' lang='lat' dir='ltr'><strong>eadem</strong></span> 
     </span>
    </p>
   </div>
   <div class='ocr_carea' id='block_1_48' title="bbox 150 3300 1730 3375">
    <p class='ocr_par' dir='ltr' id='par_1_48' title="bbox 150 3300 1730 3375">
     <span class='ocr_line' id='line_1_48' title="bbox 150 3300 1730 3375; baseline 0.001 -20"><span class='ocrx_word' id='word_1_322' title='bbox 150 3300 205 3355; x_wconf 90' lang='lat' dir='ltr'><strong>S.</strong></span> <span class='ocrx_word' id='word_1_323' title='bbox 236 3302 475 3359; x_wconf 85' lang='lat' dir='ltr'><strong>Ecclesia</strong></span> <span class='ocrx_word' id='word_1_324' title='bbox 512 3303 565 3358; x_wconf 89' lang='lat' dir='ltr'><strong>in</strong></span> <span class='ocrx_word' id='word_1_325' title='bbox 609 3312 950 3375; x_wconf 89' lang='lat' dir='ltr'><strong>perpetuum,</strong></span> <span class='ocrx_word' id='word_1_326' title='bbox 1002 3317 1236 3358; x_wconf 77' lang='lat' dir='ltr'><strong>massam</strong></span> <span class='ocrx_word' id='word_1_327' title='bbox 1275 3319 1399 3373; x_wconf 61' lang='lat' dir='ltr'><strong>qua;</strong></span> <span class='ocrx_word' id='word_1_328' title='bbox 1424 3302 1730 3373; x_wconf 84' lang='lat' dir='ltr'><strong>appellatur</strong></span> 
     </span>
    </p>
   </div>
   <div class='ocr_carea' id='block_1_49' title="bbox 150 3390 1729 3465">
    <p class='ocr_par' dir='ltr' id='par_1_49' title="bbox 150 3390 1729 3465">
     <span class='ocr_line' id='line_1_49' title="bbox 150 3390 1729 3465; baseline 0.001 -19"><span class='ocrx_word' id='word_1_329' title='bbox 150 3390 403 3460; x_wconf 66' lang='lat' dir='ltr'><strong>Ctesarea,</strong></span> <span class='ocrx_word' id='word_1_330' title='bbox 438 3394 493 3449; x_wconf 91' lang='lat' dir='ltr'><strong>in</strong></span> <span class='ocrx_word' id='word_1_331' title='bbox 539 3394 808 3465; x_wconf 86' lang='lat' dir='ltr'><strong>integrum</strong></span> <span class='ocrx_word' id='word_1_332' title='bbox 854 3409 977 3449; x_wconf 92' lang='lat' dir='ltr'><strong>cum</strong></span> <span class='ocrx_word' id='word_1_333' title='bbox 1014 3392 1217 3458; x_wconf 87' lang='lat' dir='ltr'><strong>fundis,</strong></span> <span class='ocrx_word' id='word_1_334' title='bbox 1257 3393 1465 3448; x_wconf 89' lang='lat' dir='ltr'><strong>colonis</strong></span> <span class='ocrx_word' id='word_1_335' title='bbox 1494 3394 1607 3449; x_wconf 88' lang='lat' dir='ltr'><strong>suis</strong></span> <span class='ocrx_word' id='word_1_336' title='bbox 1635 3393 1729 3464; x_wconf 87' lang='lat' dir='ltr'><strong>qui</strong></span> 
     </span>
    </p>
   </div>
   <div class='ocr_carea' id='block_1_50' title="bbox 150 3486 1725 3556">
    <p class='ocr_par' dir='ltr' id='par_1_50' title="bbox 150 3486 1725 3556">
     <span class='ocr_line' id='line_1_50' title="bbox 150 3486 1725 3556; baseline 0.002 -19"><span class='ocrx_word' id='word_1_337' title='bbox 150 3487 483 3556; x_wconf 79' lang='lat' dir='ltr'><strong>appellantur</strong></span> <span class='ocrx_word' id='word_1_338' title='bbox 529 3487 799 3551; x_wconf 61' lang='lat' dir='ltr'><strong>Furculae,</strong></span> <span class='ocrx_word' id='word_1_339' title='bbox 849 3487 1250 3551; x_wconf 77' lang='lat' dir='ltr'><strong>Tondiliannm,</strong></span> <span class='ocrx_word' id='word_1_340' title='bbox 1307 3486 1725 3551; x_wconf 71' lang='lat' dir='ltr'><strong>Martinianum;</strong></span> 
     </span>
    </p>
   </div>
   <div class='ocr_carea' id='block_1_51' title="bbox 153 3576 1724 3645">
    <p class='ocr_par' dir='ltr' id='par_1_51' title="bbox 153 3576 1724 3645">
     <span class='ocr_line' id='line_1_51' title="bbox 153 3576 1724 3645; baseline -0.001 -15"><span class='ocrx_word' id='word_1_341' title='bbox 153 3578 270 3631; x_wconf 92' lang='lat' dir='ltr'><strong>item</strong></span> <span class='ocrx_word' id='word_1_342' title='bbox 300 3578 571 3634; x_wconf 87' lang='lat' dir='ltr'><strong>coloniam</strong></span> <span class='ocrx_word' id='word_1_343' title='bbox 609 3579 675 3634; x_wconf 91' lang='lat' dir='ltr'><strong>de</strong></span> <span class='ocrx_word' id='word_1_344' title='bbox 721 3577 956 3643; x_wconf 92' lang='lat' dir='ltr'><strong>Solario,</strong></span> <span class='ocrx_word' id='word_1_345' title='bbox 1003 3586 1059 3633; x_wconf 87' lang='lat' dir='ltr'><strong>et</strong></span> <span class='ocrx_word' id='word_1_346' title='bbox 1087 3576 1355 3633; x_wconf 85' lang='lat' dir='ltr'><strong>coloniam</strong></span> <span class='ocrx_word' id='word_1_347' title='bbox 1385 3578 1450 3633; x_wconf 87' lang='lat' dir='ltr'><strong>de</strong></span> <span class='ocrx_word' id='word_1_348' title='bbox 1474 3577 1724 3645; x_wconf 85' lang='lat' dir='ltr'><strong>Cortina,</strong></span> 
     </span>
    </p>
   </div>
   <div class='ocr_carea' id='block_1_52' title="bbox 151 3670 1724 3739">
    <p class='ocr_par' dir='ltr' id='par_1_52' title="bbox 151 3670 1724 3739">
     <span class='ocr_line' id='line_1_52' title="bbox 151 3670 1724 3739; baseline 0.001 -18"><span class='ocrx_word' id='word_1_349' title='bbox 151 3678 306 3739; x_wconf 90' lang='lat' dir='ltr'><strong>atque</strong></span> <span class='ocrx_word' id='word_1_350' title='bbox 325 3671 596 3726; x_wconf 89' lang='lat' dir='ltr'><strong>coloniam</strong></span> <span class='ocrx_word' id='word_1_351' title='bbox 625 3671 692 3726; x_wconf 87' lang='lat' dir='ltr'><strong>de</strong></span> <span class='ocrx_word' id='word_1_352' title='bbox 712 3670 987 3734; x_wconf 85' lang='lat' dir='ltr'><strong>Gradoll‘o,</strong></span> <span class='ocrx_word' id='word_1_353' title='bbox 1010 3678 1066 3725; x_wconf 90' lang='lat' dir='ltr'><strong>et</strong></span> <span class='ocrx_word' id='word_1_354' title='bbox 1086 3670 1353 3725; x_wconf 87' lang='lat' dir='ltr'><strong>coloniam</strong></span> <span class='ocrx_word' id='word_1_355' title='bbox 1379 3670 1445 3724; x_wconf 84' lang='lat' dir='ltr'><strong>de</strong></span> <span class='ocrx_word' id='word_1_356' title='bbox 1467 3670 1724 3735; x_wconf 81' lang='lat' dir='ltr'><strong>Micinno,</strong></span> 
     </span>
    </p>
   </div>
   <div class='ocr_carea' id='block_1_53' title="bbox 150 3758 1726 3824">
    <p class='ocr_par' dir='ltr' id='par_1_53' title="bbox 150 3758 1726 3824">
     <span class='ocr_line' id='line_1_53' title="bbox 150 3758 1726 3824; baseline 0.001 -12"><span class='ocrx_word' id='word_1_357' title='bbox 150 3758 408 3814; x_wconf 87' lang='lat' dir='ltr'><strong>coloniam</strong></span> <span class='ocrx_word' id='word_1_358' title='bbox 439 3761 506 3816; x_wconf 92' lang='lat' dir='ltr'><strong>de</strong></span> <span class='ocrx_word' id='word_1_359' title='bbox 534 3759 702 3820; x_wconf 88' lang='lat' dir='ltr'><strong>Valle.</strong></span> <span class='ocrx_word' id='word_1_360' title='bbox 733 3776 826 3815; x_wconf 87' lang='lat' dir='ltr'><strong>seu</strong></span> <span class='ocrx_word' id='word_1_361' title='bbox 865 3759 1131 3815; x_wconf 89' lang='lat' dir='ltr'><strong>coloniam</strong></span> <span class='ocrx_word' id='word_1_362' title='bbox 1161 3760 1227 3813; x_wconf 88' lang='lat' dir='ltr'><strong>de</strong></span> <span class='ocrx_word' id='word_1_363' title='bbox 1256 3759 1527 3824; x_wconf 73' lang='lat' dir='ltr'><strong>Fontana,</strong></span> <span class='ocrx_word' id='word_1_364' title='bbox 1556 3768 1610 3815; x_wconf 91' lang='lat' dir='ltr'><strong>et</strong></span> <span class='ocrx_word' id='word_1_365' title='bbox 1630 3776 1726 3814; x_wconf 88' lang='lat' dir='ltr'><strong>co-</strong></span> 
     </span>
    </p>
   </div>
   <div class='ocr_carea' id='block_1_54' title="bbox 150 3848 1728 3917">
    <p class='ocr_par' dir='ltr' id='par_1_54' title="bbox 150 3848 1728 3917">
     <span class='ocr_line' id='line_1_54' title="bbox 150 3848 1728 3917; baseline 0.003 -15"><span class='ocrx_word' id='word_1_366' title='bbox 150 3848 340 3905; x_wconf 82' lang='lat' dir='ltr'><strong>loniam</strong></span> <span class='ocrx_word' id='word_1_367' title='bbox 373 3853 440 3907; x_wconf 90' lang='lat' dir='ltr'><strong>de</strong></span> <span class='ocrx_word' id='word_1_368' title='bbox 463 3851 688 3917; x_wconf 87' lang='lat' dir='ltr'><strong>Sancto,</strong></span> <span class='ocrx_word' id='word_1_369' title='bbox 708 3852 977 3908; x_wconf 90' lang='lat' dir='ltr'><strong>coloniam</strong></span> <span class='ocrx_word' id='word_1_370' title='bbox 1010 3853 1075 3907; x_wconf 88' lang='lat' dir='ltr'><strong>de</strong></span> <span class='ocrx_word' id='word_1_371' title='bbox 1115 3851 1407 3913; x_wconf 88' lang='lat' dir='ltr'><strong>Coriliano,</strong></span> <span class='ocrx_word' id='word_1_372' title='bbox 1442 3867 1650 3907; x_wconf 87' lang='lat' dir='ltr'><strong>necnon</strong></span> <span class='ocrx_word' id='word_1_373' title='bbox 1672 3861 1728 3907; x_wconf 90' lang='lat' dir='ltr'><strong>et</strong></span> 
     </span>
    </p>
   </div>
   <div class='ocr_carea' id='block_1_55' title="bbox 149 3940 1729 4012">
    <p class='ocr_par' dir='ltr' id='par_1_55' title="bbox 149 3940 1729 4012">
     <span class='ocr_line' id='line_1_55' title="bbox 149 3940 1729 4012; baseline 0.002 -19"><span class='ocrx_word' id='word_1_374' title='bbox 149 3940 408 3997; x_wconf 85' lang='lat' dir='ltr'><strong>coloniam</strong></span> <span class='ocrx_word' id='word_1_375' title='bbox 442 3942 510 3998; x_wconf 86' lang='lat' dir='ltr'><strong>de</strong></span> <span class='ocrx_word' id='word_1_376' title='bbox 530 3942 797 3997; x_wconf 78' lang='lat' dir='ltr'><strong>Castanea</strong></span> <span class='ocrx_word' id='word_1_377' title='bbox 825 3958 986 4012; x_wconf 90' lang='lat' dir='ltr'><strong>cupa,</strong></span> <span class='ocrx_word' id='word_1_378' title='bbox 1022 3942 1294 3997; x_wconf 83' lang='lat' dir='ltr'><strong>coloniam</strong></span> <span class='ocrx_word' id='word_1_379' title='bbox 1318 3942 1385 3996; x_wconf 88' lang='lat' dir='ltr'><strong>de</strong></span> <span class='ocrx_word' id='word_1_380' title='bbox 1402 3942 1638 3997; x_wconf 88' lang='lat' dir='ltr'><strong>Cabellis</strong></span> <span class='ocrx_word' id='word_1_381' title='bbox 1674 3951 1729 3996; x_wconf 86' lang='lat' dir='ltr'><strong>et</strong></span> 
     </span>
    </p>
   </div>
   <div class='ocr_carea' id='block_1_56' title="bbox 149 4032 1727 4103">
    <p class='ocr_par' dir='ltr' id='par_1_56' title="bbox 149 4032 1727 4103">
     <span class='ocr_line' id='line_1_56' title="bbox 149 4032 1727 4103; baseline 0.003 -18"><span class='ocrx_word' id='word_1_382' title='bbox 149 4032 211 4085; x_wconf 91' lang='lat' dir='ltr'><strong>de</strong></span> <span class='ocrx_word' id='word_1_383' title='bbox 239 4032 495 4096; x_wconf 68' lang='lat' dir='ltr'><strong>Ctesario,</strong></span> <span class='ocrx_word' id='word_1_384' title='bbox 526 4033 641 4087; x_wconf 82' lang='lat' dir='ltr'><strong>sive</strong></span> <span class='ocrx_word' id='word_1_385' title='bbox 684 4033 1099 4103; x_wconf 89' lang='lat' dir='ltr'><strong>quibuscunque</strong></span> <span class='ocrx_word' id='word_1_386' title='bbox 1128 4033 1249 4087; x_wconf 89' lang='lat' dir='ltr'><strong>aliis</strong></span> <span class='ocrx_word' id='word_1_387' title='bbox 1284 4033 1559 4088; x_wconf 83' lang='lat' dir='ltr'><strong>vocabulis</strong></span> <span class='ocrx_word' id='word_1_388' title='bbox 1587 4050 1727 4089; x_wconf 83' lang='lat' dir='ltr'><strong>nun-</strong></span> 
     </span>
    </p>
   </div>
   <div class='ocr_carea' id='block_1_57' title="bbox 147 4124 1725 4194">
    <p class='ocr_par' dir='ltr' id='par_1_57' title="bbox 147 4124 1725 4194">
     <span class='ocr_line' id='line_1_57' title="bbox 147 4124 1725 4194; baseline 0.003 -19"><span class='ocrx_word' id='word_1_389' title='bbox 147 4132 428 4191; x_wconf 89' lang='lat' dir='ltr'><strong>cupentur,</strong></span> <span class='ocrx_word' id='word_1_390' title='bbox 464 4140 587 4178; x_wconf 87' lang='lat' dir='ltr'><strong>cum</strong></span> <span class='ocrx_word' id='word_1_391' title='bbox 614 4124 781 4187; x_wconf 89' lang='lat' dir='ltr'><strong>casis,</strong></span> <span class='ocrx_word' id='word_1_392' title='bbox 810 4124 1004 4189; x_wconf 87' lang='lat' dir='ltr'><strong>vincis,</strong></span> <span class='ocrx_word' id='word_1_393' title='bbox 1050 4124 1346 4186; x_wconf 89' lang='lat' dir='ltr'><strong>casalibns,</strong></span> <span class='ocrx_word' id='word_1_394' title='bbox 1378 4138 1472 4179; x_wconf 90' lang='lat' dir='ltr'><strong>seu</strong></span> <span class='ocrx_word' id='word_1_395' title='bbox 1519 4139 1725 4194; x_wconf 81' lang='lat' dir='ltr'><strong>appen-</strong></span> 
     </span>
    </p>
   </div>
   <div class='ocr_carea' id='block_1_58' title="bbox 148 4212 1728 4279">
    <p class='ocr_par' dir='ltr' id='par_1_58' title="bbox 148 4212 1728 4279">
     <span class='ocr_line' id='line_1_58' title="bbox 148 4212 1728 4279; baseline 0.003 -13"><span class='ocrx_word' id='word_1_396' title='bbox 148 4212 317 4277; x_wconf 86' lang='lat' dir='ltr'><strong>diciis,</strong></span> <span class='ocrx_word' id='word_1_397' title='bbox 346 4229 413 4268; x_wconf 81' lang='lat' dir='ltr'><strong>ac</strong></span> <span class='ocrx_word' id='word_1_398' title='bbox 440 4230 562 4267; x_wconf 88' lang='lat' dir='ltr'><strong>eum</strong></span> <span class='ocrx_word' id='word_1_399' title='bbox 596 4214 849 4270; x_wconf 89' lang='lat' dir='ltr'><strong>omnibus</strong></span> <span class='ocrx_word' id='word_1_400' title='bbox 898 4213 1119 4279; x_wconf 89' lang='lat' dir='ltr'><strong>ﬁnibus,</strong></span> <span class='ocrx_word' id='word_1_401' title='bbox 1151 4216 1397 4270; x_wconf 91' lang='lat' dir='ltr'><strong>terminis</strong></span> <span class='ocrx_word' id='word_1_402' title='bbox 1438 4217 1728 4271; x_wconf 88' lang='lat' dir='ltr'><strong>limitibus-</strong></span> 
     </span>
    </p>
   </div>
   <div class='ocr_carea' id='block_1_59' title="bbox 150 4305 1728 4375">
    <p class='ocr_par' dir='ltr' id='par_1_59' title="bbox 150 4305 1728 4375">
     <span class='ocr_line' id='line_1_59' title="bbox 150 4305 1728 4375; baseline 0.004 -22"><span class='ocrx_word' id='word_1_403' title='bbox 150 4315 247 4369; x_wconf 89' lang='lat' dir='ltr'><strong>qne</strong></span> <span class='ocrx_word' id='word_1_404' title='bbox 272 4307 404 4369; x_wconf 66' lang='lat' dir='ltr'><strong>suis,</strong></span> <span class='ocrx_word' id='word_1_405' title='bbox 440 4305 621 4367; x_wconf 88' lang='lat' dir='ltr'><strong>terris,</strong></span> <span class='ocrx_word' id='word_1_406' title='bbox 653 4305 879 4374; x_wconf 84' lang='lat' dir='ltr'><strong>campis,</strong></span> <span class='ocrx_word' id='word_1_407' title='bbox 918 4306 1112 4375; x_wconf 89' lang='lat' dir='ltr'><strong>pratis,</strong></span> <span class='ocrx_word' id='word_1_408' title='bbox 1161 4306 1397 4374; x_wconf 84' lang='lat' dir='ltr'><strong>pascuis,</strong></span> <span class='ocrx_word' id='word_1_409' title='bbox 1428 4306 1598 4369; x_wconf 88' lang='lat' dir='ltr'><strong>silvis,</strong></span> <span class='ocrx_word' id='word_1_410' title='bbox 1636 4322 1728 4361; x_wconf 83' lang='lat' dir='ltr'><strong>sa-</strong></span> 
     </span>
    </p>
   </div>
   <div class='ocr_carea' id='block_1_60' title="bbox 148 4390 1729 4465">
    <p class='ocr_par' dir='ltr' id='par_1_60' title="bbox 148 4390 1729 4465">
     <span class='ocr_line' id='line_1_60' title="bbox 148 4390 1729 4465; baseline 0.004 -21"><span class='ocrx_word' id='word_1_411' title='bbox 148 4390 303 4458; x_wconf 89' lang='lat' dir='ltr'><strong>lictis,</strong></span> <span class='ocrx_word' id='word_1_412' title='bbox 337 4396 625 4450; x_wconf 86' lang='lat' dir='ltr'><strong>arboribus</strong></span> <span class='ocrx_word' id='word_1_413' title='bbox 674 4395 973 4465; x_wconf 78' lang='lat' dir='ltr'><strong>pomiferis,</strong></span> <span class='ocrx_word' id='word_1_414' title='bbox 1027 4395 1324 4449; x_wconf 85' lang='lat' dir='ltr'><strong>fructiferis</strong></span> <span class='ocrx_word' id='word_1_415' title='bbox 1350 4396 1433 4450; x_wconf 88' lang='lat' dir='ltr'><strong>vel</strong></span> <span class='ocrx_word' id='word_1_416' title='bbox 1481 4396 1729 4451; x_wconf 84' lang='lat' dir='ltr'><strong>infructi-</strong></span> 
     </span>
    </p>
   </div>
   <div class='ocr_carea' id='block_1_61' title="bbox 149 4482 1728 4558">
    <p class='ocr_par' dir='ltr' id='par_1_61' title="bbox 149 4482 1728 4558">
     <span class='ocr_line' id='line_1_61' title="bbox 149 4482 1728 4558; baseline 0.004 -20"><span class='ocrx_word' id='word_1_417' title='bbox 149 4482 273 4540; x_wconf 88' lang='lat' dir='ltr'><strong>feris</strong></span> <span class='ocrx_word' id='word_1_418' title='bbox 302 4485 505 4540; x_wconf 86' lang='lat' dir='ltr'><strong>diversi</strong></span> <span class='ocrx_word' id='word_1_419' title='bbox 561 4487 798 4556; x_wconf 82' lang='lat' dir='ltr'><strong>generis,</strong></span> <span class='ocrx_word' id='word_1_420' title='bbox 830 4487 1028 4556; x_wconf 87' lang='lat' dir='ltr'><strong>puteis,</strong></span> <span class='ocrx_word' id='word_1_421' title='bbox 1081 4485 1340 4551; x_wconf 88' lang='lat' dir='ltr'><strong>fontibus,</strong></span> <span class='ocrx_word' id='word_1_422' title='bbox 1380 4489 1527 4551; x_wconf 88' lang='lat' dir='ltr'><strong>rivis,</strong></span> <span class='ocrx_word' id='word_1_423' title='bbox 1572 4491 1728 4558; x_wconf 86' lang='lat' dir='ltr'><strong>aquis</strong></span> 
     </span>
    </p>
   </div>
   <div class='ocr_carea' id='block_1_62' title="bbox 147 4576 1806 4667">
    <p class='ocr_par' dir='ltr' id='par_1_62' title="bbox 147 4576 1806 4667">
     <span class='ocr_line' id='line_1_62' title="bbox 147 4576 1806 4667; baseline 0.001 -36"><span class='ocrx_word' id='word_1_424' title='bbox 147 4577 492 4644; x_wconf 85' lang='lat' dir='ltr'><strong>perennibus,</strong></span> <span class='ocrx_word' id='word_1_425' title='bbox 516 4576 780 4643; x_wconf 58' lang='lat' dir='ltr'><strong>aediliciis,</strong></span> <span class='ocrx_word' id='word_1_426' title='bbox 810 4577 1117 4647; x_wconf 86' lang='lat' dir='ltr'><strong>parietinis,</strong></span> <span class='ocrx_word' id='word_1_427' title='bbox 1142 4579 1407 4635; x_wconf 80' lang='lat' dir='ltr'><strong>arenariis</strong></span> <span class='ocrx_word' id='word_1_428' title='bbox 1436 4578 1724 4647; x_wconf 74' lang='lat' dir='ltr'><strong>adiunctis,</strong></span> <span class='ocrx_word' id='word_1_429' title='bbox 1759 4609 1806 4667; x_wconf 70' lang='grc' dir='ltr'>ο</span> 
     </span>
    </p>
   </div>
   <div class='ocr_carea' id='block_1_63' title="bbox 146 4664 1726 4738">
    <p class='ocr_par' dir='ltr' id='par_1_63' title="bbox 146 4664 1726 4738">
     <span class='ocr_line' id='line_1_63' title="bbox 146 4664 1726 4738; baseline 0.003 -18"><span class='ocrx_word' id='word_1_430' title='bbox 146 4664 625 4737; x_wconf 82' lang='lat' dir='ltr'><strong>adjacentibusque</strong></span> <span class='ocrx_word' id='word_1_431' title='bbox 685 4668 819 4728; x_wconf 76' lang='lat' dir='ltr'><strong>suis,</strong></span> <span class='ocrx_word' id='word_1_432' title='bbox 877 4682 1000 4721; x_wconf 89' lang='lat' dir='ltr'><strong>cum</strong></span> <span class='ocrx_word' id='word_1_433' title='bbox 1043 4665 1275 4721; x_wconf 90' lang='lat' dir='ltr'><strong>ecclesia</strong></span> <span class='ocrx_word' id='word_1_434' title='bbox 1324 4684 1444 4738; x_wconf 77' lang='lat' dir='ltr'><strong>qua:</strong></span> <span class='ocrx_word' id='word_1_435' title='bbox 1500 4679 1726 4725; x_wconf 87' lang='lat' dir='ltr'><strong>vocatur</strong></span> 
     </span>
    </p>
   </div>
   <div class='ocr_carea' id='block_1_64' title="bbox 150 4752 1743 4825">
    <p class='ocr_par' dir='ltr' id='par_1_64' title="bbox 150 4752 1743 4825">
     <span class='ocr_line' id='line_1_64' title="bbox 150 4752 1743 4825; baseline 0.003 -18"><span class='ocrx_word' id='word_1_436' title='bbox 150 4752 204 4807; x_wconf 89' lang='lat' dir='ltr'><strong>S.</strong></span> <span class='ocrx_word' id='word_1_437' title='bbox 235 4753 463 4808; x_wconf 77' lang='lat' dir='ltr'><strong>Andreae</strong></span> <span class='ocrx_word' id='word_1_438' title='bbox 493 4754 720 4824; x_wconf 88' lang='lat' dir='ltr'><strong>apostoli</strong></span> <span class='ocrx_word' id='word_1_439' title='bbox 769 4754 907 4810; x_wconf 80' lang='lat' dir='ltr'><strong>infra</strong></span> <span class='ocrx_word' id='word_1_440' title='bbox 936 4756 1106 4825; x_wconf 86' lang='lat' dir='ltr'><strong>ipsam</strong></span> <span class='ocrx_word' id='word_1_441' title='bbox 1146 4755 1417 4812; x_wconf 83' lang='lat' dir='ltr'><strong>aediﬁcata</strong></span> <span class='ocrx_word' id='word_1_442' title='bbox 1462 4774 1743 4824; x_wconf 88' lang='lat' dir='ltr'><strong>massam,</strong></span> 
     </span>
    </p>
   </div>
   <div class='ocr_carea' id='block_1_65' title="bbox 149 4847 1727 4919">
    <p class='ocr_par' dir='ltr' id='par_1_65' title="bbox 149 4847 1727 4919">
     <span class='ocr_line' id='line_1_65' title="bbox 149 4847 1727 4919; baseline 0.004 -21"><span class='ocrx_word' id='word_1_443' title='bbox 149 4863 250 4901; x_wconf 89' lang='lat' dir='ltr'><strong>una</strong></span> <span class='ocrx_word' id='word_1_444' title='bbox 280 4863 402 4901; x_wconf 91' lang='lat' dir='ltr'><strong>cum</strong></span> <span class='ocrx_word' id='word_1_445' title='bbox 425 4847 634 4902; x_wconf 86' lang='lat' dir='ltr'><strong>colonis</strong></span> <span class='ocrx_word' id='word_1_446' title='bbox 663 4857 825 4917; x_wconf 88' lang='lat' dir='ltr'><strong>atque</strong></span> <span class='ocrx_word' id='word_1_447' title='bbox 865 4847 1211 4913; x_wconf 85' lang='lat' dir='ltr'><strong>massaritiis,</strong></span> <span class='ocrx_word' id='word_1_448' title='bbox 1236 4849 1537 4905; x_wconf 88' lang='lat' dir='ltr'><strong>tributariis</strong></span> <span class='ocrx_word' id='word_1_449' title='bbox 1565 4860 1727 4919; x_wconf 90' lang='lat' dir='ltr'><strong>atque</strong></span> 
     </span>
    </p>
   </div>
   <div class='ocr_carea' id='block_1_66' title="bbox 148 4940 1723 5010">
    <p class='ocr_par' dir='ltr' id='par_1_66' title="bbox 148 4940 1723 5010">
     <span class='ocr_line' id='line_1_66' title="bbox 148 4940 1723 5010; baseline 0.004 -19"><span class='ocrx_word' id='word_1_450' title='bbox 148 4940 532 5010; x_wconf 82' lang='lat' dir='ltr'><strong>angarialibus,</strong></span> <span class='ocrx_word' id='word_1_451' title='bbox 562 4941 816 4995; x_wconf 80' lang='lat' dir='ltr'><strong>masculis</strong></span> <span class='ocrx_word' id='word_1_452' title='bbox 864 4949 920 4995; x_wconf 91' lang='lat' dir='ltr'><strong>et</strong></span> <span class='ocrx_word' id='word_1_453' title='bbox 956 4940 1195 5006; x_wconf 82' lang='lat' dir='ltr'><strong>feminis,</strong></span> <span class='ocrx_word' id='word_1_454' title='bbox 1251 4942 1377 5000; x_wconf 82' lang='lat' dir='ltr'><strong>[iliis</strong></span> <span class='ocrx_word' id='word_1_455' title='bbox 1403 4950 1457 4999; x_wconf 90' lang='lat' dir='ltr'><strong>et</strong></span> <span class='ocrx_word' id='word_1_456' title='bbox 1487 4941 1723 5007; x_wconf 86' lang='lat' dir='ltr'><strong>filiabus,</strong></span> 
     </span>
    </p>
   </div>
   <div class='ocr_carea' id='block_1_67' title="bbox 150 5031 1726 5100">
    <p class='ocr_par' dir='ltr' id='par_1_67' title="bbox 150 5031 1726 5100">
     <span class='ocr_line' id='line_1_67' title="bbox 150 5031 1726 5100; baseline 0.005 -18"><span class='ocrx_word' id='word_1_457' title='bbox 150 5044 212 5083; x_wconf 85' lang='lat' dir='ltr'><strong>ac</strong></span> <span class='ocrx_word' id='word_1_458' title='bbox 242 5031 530 5100; x_wconf 82' lang='lat' dir='ltr'><strong>nepotibus</strong></span> <span class='ocrx_word' id='word_1_459' title='bbox 553 5046 741 5086; x_wconf 87' lang='lat' dir='ltr'><strong>eorum</strong></span> <span class='ocrx_word' id='word_1_460' title='bbox 792 5031 987 5088; x_wconf 86' lang='lat' dir='ltr'><strong>ibidem</strong></span> <span class='ocrx_word' id='word_1_461' title='bbox 1021 5032 1384 5091; x_wconf 86' lang='lat' dir='ltr'><strong>residentibus</strong></span> <span class='ocrx_word' id='word_1_462' title='bbox 1416 5042 1507 5090; x_wconf 87' lang='lat' dir='ltr'><strong>aut</strong></span> <span class='ocrx_word' id='word_1_463' title='bbox 1530 5034 1726 5090; x_wconf 78' lang='lat' dir='ltr'><strong>exinde</strong></span> 
     </span>
    </p>
   </div>
   <div class='ocr_carea' id='block_1_68' title="bbox 151 5119 1720 5190">
    <p class='ocr_par' dir='ltr' id='par_1_68' title="bbox 151 5119 1720 5190">
     <span class='ocr_line' id='line_1_68' title="bbox 151 5119 1720 5190; baseline 0.004 -19"><span class='ocrx_word' id='word_1_464' title='bbox 151 5119 565 5185; x_wconf 76' lang='lat' dir='ltr'><strong>pertinentibus,</strong></span> <span class='ocrx_word' id='word_1_465' title='bbox 595 5120 901 5190; x_wconf 89' lang='lat' dir='ltr'><strong>ubicunque</strong></span> <span class='ocrx_word' id='word_1_466' title='bbox 923 5122 1138 5177; x_wconf 89' lang='lat' dir='ltr'><strong>inventa</strong></span> <span class='ocrx_word' id='word_1_467' title='bbox 1166 5120 1390 5190; x_wconf 81' lang='lat' dir='ltr'><strong>fuerint,</strong></span> <span class='ocrx_word' id='word_1_468' title='bbox 1428 5140 1551 5179; x_wconf 84' lang='lat' dir='ltr'><strong>cum</strong></span> <span class='ocrx_word' id='word_1_469' title='bbox 1574 5124 1720 5179; x_wconf 86' lang='lat' dir='ltr'><strong>omni</strong></span> 
     </span>
    </p>
   </div>
   <div class='ocr_carea' id='block_1_69' title="bbox 150 5209 1723 5282">
    <p class='ocr_par' dir='ltr' id='par_1_69' title="bbox 150 5209 1723 5282">
     <span class='ocr_line' id='line_1_69' title="bbox 150 5209 1723 5282; baseline 0.003 -21"><span class='ocrx_word' id='word_1_470' title='bbox 150 5224 329 5274; x_wconf 88' lang='lat' dir='ltr'><strong>censu,</strong></span> <span class='ocrx_word' id='word_1_471' title='bbox 360 5219 525 5277; x_wconf 88' lang='lat' dir='ltr'><strong>atque</strong></span> <span class='ocrx_word' id='word_1_472' title='bbox 554 5209 880 5276; x_wconf 89' lang='lat' dir='ltr'><strong>dationibus,</strong></span> <span class='ocrx_word' id='word_1_473' title='bbox 905 5220 960 5267; x_wconf 88' lang='lat' dir='ltr'><strong>et</strong></span> <span class='ocrx_word' id='word_1_474' title='bbox 983 5210 1372 5282; x_wconf 67' lang='lat' dir='ltr'><strong>inunctionibus,</strong></span> <span class='ocrx_word' id='word_1_475' title='bbox 1392 5230 1597 5271; x_wconf 84' lang='lat' dir='ltr'><strong>necnon</strong></span> <span class='ocrx_word' id='word_1_476' title='bbox 1626 5230 1723 5267; x_wconf 86' lang='lat' dir='ltr'><strong>an-</strong></span> 
     </span>
    </p>
   </div>
   <div class='ocr_carea' id='block_1_70' title="bbox 152 5298 1724 5376">
    <p class='ocr_par' dir='ltr' id='par_1_70' title="bbox 152 5298 1724 5376">
     <span class='ocr_line' id='line_1_70' title="bbox 152 5298 1724 5376; baseline 0.004 -26"><span class='ocrx_word' id='word_1_477' title='bbox 152 5298 330 5367; x_wconf 82' lang='lat' dir='ltr'><strong>gariis,</strong></span> <span class='ocrx_word' id='word_1_478' title='bbox 372 5299 453 5352; x_wconf 88' lang='lat' dir='ltr'><strong>vel</strong></span> <span class='ocrx_word' id='word_1_479' title='bbox 483 5298 742 5368; x_wconf 84' lang='lat' dir='ltr'><strong>quidquid</strong></span> <span class='ocrx_word' id='word_1_480' title='bbox 790 5300 857 5355; x_wconf 91' lang='lat' dir='ltr'><strong>de</strong></span> <span class='ocrx_word' id='word_1_481' title='bbox 895 5303 1085 5356; x_wconf 86' lang='lat' dir='ltr'><strong>eadem</strong></span> <span class='ocrx_word' id='word_1_482' title='bbox 1134 5318 1312 5361; x_wconf 89' lang='lat' dir='ltr'><strong>massa</strong></span> <span class='ocrx_word' id='word_1_483' title='bbox 1351 5320 1469 5376; x_wconf 73' lang='lat' dir='ltr'><strong>qua:</strong></span> <span class='ocrx_word' id='word_1_484' title='bbox 1497 5312 1724 5360; x_wconf 86' lang='lat' dir='ltr'><strong>vocatur</strong></span> 
     </span>
    </p>
   </div>
   <div class='ocr_carea' id='block_1_71' title="bbox 150 5386 1719 5458">
    <p class='ocr_par' dir='ltr' id='par_1_71' title="bbox 150 5386 1719 5458">
     <span class='ocr_line' id='line_1_71' title="bbox 150 5386 1719 5458; baseline 0.005 -18"><span class='ocrx_word' id='word_1_485' title='bbox 150 5386 409 5451; x_wconf 65' lang='lat' dir='ltr'><strong>(kesarea,</strong></span> <span class='ocrx_word' id='word_1_486' title='bbox 434 5388 489 5442; x_wconf 93' lang='lat' dir='ltr'><strong>in</strong></span> <span class='ocrx_word' id='word_1_487' title='bbox 520 5389 786 5458; x_wconf 85' lang='lat' dir='ltr'><strong>integrum</strong></span> <span class='ocrx_word' id='word_1_488' title='bbox 812 5391 864 5445; x_wconf 92' lang='lat' dir='ltr'><strong>in</strong></span> <span class='ocrx_word' id='word_1_489' title='bbox 893 5399 1076 5445; x_wconf 87' lang='lat' dir='ltr'><strong>nostra</strong></span> <span class='ocrx_word' id='word_1_490' title='bbox 1106 5390 1161 5445; x_wconf 83' lang='lat' dir='ltr'><strong>S.</strong></span> <span class='ocrx_word' id='word_1_491' title='bbox 1192 5392 1261 5447; x_wconf 68' lang='grc' dir='ltr'><strong>Β.</strong></span> <span class='ocrx_word' id='word_1_492' title='bbox 1291 5394 1528 5452; x_wconf 81' lang='lat' dir='ltr'><strong>Ecclesia</strong></span> <span class='ocrx_word' id='word_1_493' title='bbox 1560 5393 1719 5450; x_wconf 84' lang='lat' dir='ltr'><strong>solita</strong></span> 
     </span>
    </p>
   </div>
   <div class='ocr_carea' id='block_1_72' title="bbox 149 5478 1719 5547">
    <p class='ocr_par' dir='ltr' id='par_1_72' title="bbox 149 5478 1719 5547">
     <span class='ocr_line' id='line_1_72' title="bbox 149 5478 1719 5547; baseline 0.004 -16"><span class='ocrx_word' id='word_1_494' title='bbox 149 5478 533 5532; x_wconf 82' lang='lat' dir='ltr'><strong>consuetudine</strong></span> <span class='ocrx_word' id='word_1_495' title='bbox 569 5479 798 5547; x_wconf 83' lang='lat' dir='ltr'><strong>persolvi</strong></span> <span class='ocrx_word' id='word_1_496' title='bbox 828 5481 1006 5545; x_wconf 89' lang='lat' dir='ltr'><strong>debet,</strong></span> <span class='ocrx_word' id='word_1_497' title='bbox 1037 5489 1243 5540; x_wconf 91' lang='lat' dir='ltr'><strong>etcum</strong></span> <span class='ocrx_word' id='word_1_498' title='bbox 1265 5486 1517 5543; x_wconf 87' lang='lat' dir='ltr'><strong>omnibus</strong></span> <span class='ocrx_word' id='word_1_499' title='bbox 1541 5487 1607 5541; x_wconf 90' lang='lat' dir='ltr'><strong>ad</strong></span> <span class='ocrx_word' id='word_1_500' title='bbox 1638 5484 1719 5539; x_wconf 88' lang='lat' dir='ltr'><strong>di-</strong></span> 
     </span>
    </p>
   </div>
   <div class='ocr_carea' id='block_1_73' title="bbox 149 5569 1719 5650">
    <p class='ocr_par' dir='ltr' id='par_1_73' title="bbox 149 5569 1719 5650">
     <span class='ocr_line' id='line_1_73' title="bbox 149 5569 1719 5650; baseline 0.008 -32"><span class='ocrx_word' id='word_1_501' title='bbox 149 5573 285 5619; x_wconf 86' lang='lat' dir='ltr'><strong>ctam</strong></span> <span class='ocrx_word' id='word_1_502' title='bbox 314 5582 567 5627; x_wconf 89' lang='lat' dir='ltr'><strong>massam,</strong></span> <span class='ocrx_word' id='word_1_503' title='bbox 599 5583 720 5637; x_wconf 58' lang='lat' dir='ltr'><strong>qua:</strong></span> <span class='ocrx_word' id='word_1_504' title='bbox 746 5579 968 5627; x_wconf 88' lang='lat' dir='ltr'><strong>vocatur</strong></span> <span class='ocrx_word' id='word_1_505' title='bbox 988 5569 1255 5639; x_wconf 70' lang='lat' dir='ltr'><strong>Cmsarea,</strong></span> <span class='ocrx_word' id='word_1_506' title='bbox 1288 5572 1615 5650; x_wconf 90' lang='lat' dir='ltr'><strong>generaliter</strong></span> <span class='ocrx_word' id='word_1_507' title='bbox 1661 5585 1719 5630; x_wconf 89' lang='lat' dir='ltr'><strong>et</strong></span> 
     </span>
    </p>
   </div>
   <div class='ocr_carea' id='block_1_74' title="bbox 149 5653 1720 5730">
    <p class='ocr_par' dir='ltr' id='par_1_74' title="bbox 149 5653 1720 5730">
     <span class='ocr_line' id='line_1_74' title="bbox 149 5653 1720 5730; baseline 0.008 -25"><span class='ocrx_word' id='word_1_508' title='bbox 149 5653 200 5707; x_wconf 90' lang='lat' dir='ltr'><strong>in</strong></span> <span class='ocrx_word' id='word_1_509' title='bbox 230 5656 493 5726; x_wconf 86' lang='lat' dir='ltr'><strong>integrum</strong></span> <span class='ocrx_word' id='word_1_510' title='bbox 541 5658 953 5727; x_wconf 86' lang='lat' dir='ltr'><strong>pertinentibus,</strong></span> <span class='ocrx_word' id='word_1_511' title='bbox 1000 5663 1187 5730; x_wconf 86' lang='lat' dir='ltr'><strong>positis</strong></span> <span class='ocrx_word' id='word_1_512' title='bbox 1227 5666 1281 5723; x_wconf 91' lang='lat' dir='ltr'><strong>in</strong></span> <span class='ocrx_word' id='word_1_513' title='bbox 1311 5668 1585 5727; x_wconf 82' lang='lat' dir='ltr'><strong>territorio</strong></span> <span class='ocrx_word' id='word_1_514' title='bbox 1615 5665 1720 5719; x_wconf 67' lang='lat' dir='ltr'><strong>Ne-</strong></span> 
     </span>
    </p>
   </div>
   <div class='ocr_carea' id='block_1_75' title="bbox 1755 3260 1802 3325">
    <p class='ocr_par' dir='ltr' id='par_1_75' title="bbox 1755 3260 1802 3325">
     <span class='ocr_line' id='line_1_75' title="bbox 1755 3260 1802 3325; baseline 0 0"><span class='ocrx_word' id='word_1_515' title='bbox 1755 3260 1802 3325; x_wconf 89' lang='lat' dir='ltr'><strong><em>C</em></strong></span> 
     </span>
    </p>
   </div>
   <div class='ocr_carea' id='block_1_76' title="bbox 1824 2017 3410 2095">
    <p class='ocr_par' dir='ltr' id='par_1_76' title="bbox 1824 2017 3410 2095">
     <span class='ocr_line' id='line_1_76' title="bbox 1824 2017 3410 2095; baseline 0.008 -25"><span class='ocrx_word' id='word_1_516' title='bbox 1824 2017 2095 2087; x_wconf 87' lang='lat' dir='ltr'><strong>nipotcnti</strong></span> <span class='ocrx_word' id='word_1_517' title='bbox 2136 2018 2247 2073; x_wconf 88' lang='lat' dir='ltr'><strong>Deo</strong></span> <span class='ocrx_word' id='word_1_518' title='bbox 2270 2019 2524 2085; x_wconf 81' lang='lat' dir='ltr'><strong>oﬂ‘erant,</strong></span> <span class='ocrx_word' id='word_1_519' title='bbox 2562 2031 2865 2079; x_wconf 90' lang='lat' dir='ltr'><strong>statuentes</strong></span> <span class='ocrx_word' id='word_1_520' title='bbox 2890 2026 3189 2095; x_wconf 86' lang='lat' dir='ltr'><strong>apostolica</strong></span> <span class='ocrx_word' id='word_1_521' title='bbox 3214 2045 3410 2083; x_wconf 85' lang='lat' dir='ltr'><strong>censu-</strong></span> 
     </span>
    </p>
   </div>
   <div class='ocr_carea' id='block_1_77' title="bbox 1823 2107 3497 2176">
    <p class='ocr_par' dir='ltr' id='par_1_77' title="bbox 1823 2107 3497 2176">
     <span class='ocr_line' id='line_1_77' title="bbox 1823 2107 3497 2176; baseline 0.008 -15"><span class='ocrx_word' id='word_1_522' title='bbox 1823 2122 1904 2171; x_wconf 87' lang='lat' dir='ltr'><strong>ra,</strong></span> <span class='ocrx_word' id='word_1_523' title='bbox 1956 2107 2057 2161; x_wconf 89' lang='lat' dir='ltr'><strong>sub</strong></span> <span class='ocrx_word' id='word_1_524' title='bbox 2091 2107 2257 2162; x_wconf 91' lang='lat' dir='ltr'><strong>divini</strong></span> <span class='ocrx_word' id='word_1_525' title='bbox 2298 2107 2488 2176; x_wconf 80' lang='lat' dir='ltr'><strong>jntlicii</strong></span> <span class='ocrx_word' id='word_1_526' title='bbox 2542 2114 2891 2169; x_wconf 87' lang='lat' dir='ltr'><strong>attestatione</strong></span> <span class='ocrx_word' id='word_1_527' title='bbox 2939 2124 2995 2169; x_wconf 89' lang='lat' dir='ltr'><strong>et</strong></span> <span class='ocrx_word' id='word_1_528' title='bbox 3046 2118 3407 2173; x_wconf 86' lang='lat' dir='ltr'><strong>anathematis</strong></span> <span class='ocrx_word' id='word_1_529' title='bbox 3490 2138 3497 2143; x_wconf 68' lang='grc'><em>’</em></span> 
     </span>
    </p>
   </div>
   <div class='ocr_carea' id='block_1_78' title="bbox 1825 2196 3405 2270">
    <p class='ocr_par' dir='ltr' id='par_1_78' title="bbox 1825 2196 3405 2270">
     <span class='ocr_line' id='line_1_78' title="bbox 1825 2196 3405 2270; baseline 0.008 -19"><span class='ocrx_word' id='word_1_530' title='bbox 1825 2196 2135 2262; x_wconf 89' lang='lat' dir='ltr'><strong>interdicto,</strong></span> <span class='ocrx_word' id='word_1_531' title='bbox 2168 2208 2225 2251; x_wconf 91' lang='lat' dir='ltr'><strong>ut</strong></span> <span class='ocrx_word' id='word_1_532' title='bbox 2253 2198 2383 2252; x_wconf 89' lang='lat' dir='ltr'><strong>nulli</strong></span> <span class='ocrx_word' id='word_1_533' title='bbox 2415 2215 2650 2270; x_wconf 86' lang='lat' dir='ltr'><strong>unquam</strong></span> <span class='ocrx_word' id='word_1_534' title='bbox 2687 2218 3060 2260; x_wconf 87' lang='lat' dir='ltr'><strong>successorum</strong></span> <span class='ocrx_word' id='word_1_535' title='bbox 3092 2216 3405 2263; x_wconf 83' lang='lat' dir='ltr'><strong>nostrorum</strong></span> 
     </span>
    </p>
   </div>
   <div class='ocr_carea' id='block_1_79' title="bbox 1824 2286 3405 2364">
    <p class='ocr_par' dir='ltr' id='par_1_79' title="bbox 1824 2286 3405 2364">
     <span class='ocr_line' id='line_1_79' title="bbox 1824 2286 3405 2364; baseline 0.009 -25"><span class='ocrx_word' id='word_1_536' title='bbox 1824 2286 2159 2357; x_wconf 86' lang='lat' dir='ltr'><strong>pontiﬁcum,</strong></span> <span class='ocrx_word' id='word_1_537' title='bbox 2200 2288 2287 2341; x_wconf 86' lang='lat' dir='ltr'><strong>vel</strong></span> <span class='ocrx_word' id='word_1_538' title='bbox 2336 2289 2427 2359; x_wconf 92' lang='lat' dir='ltr'><strong>qui</strong></span> <span class='ocrx_word' id='word_1_539' title='bbox 2465 2291 2709 2361; x_wconf 85' lang='lat' dir='ltr'><strong>publicas</strong></span> <span class='ocrx_word' id='word_1_540' title='bbox 2757 2296 3024 2364; x_wconf 72' lang='lat' dir='ltr'><strong>perfuncti</strong></span> <span class='ocrx_word' id='word_1_541' title='bbox 3080 2297 3281 2352; x_wconf 86' lang='lat' dir='ltr'><strong>fuerint</strong></span> <span class='ocrx_word' id='word_1_542' title='bbox 3311 2314 3405 2353; x_wconf 86' lang='lat' dir='ltr'><strong>ac-</strong></span> 
     </span>
    </p>
   </div>
   <div class='ocr_carea' id='block_1_80' title="bbox 1826 2379 3414 2460">
    <p class='ocr_par' dir='ltr' id='par_1_80' title="bbox 1826 2379 3414 2460">
     <span class='ocr_line' id='line_1_80' title="bbox 1826 2379 3414 2460; baseline 0.008 -28"><span class='ocrx_word' id='word_1_543' title='bbox 1826 2379 2023 2443; x_wconf 89' lang='lat' dir='ltr'><strong>tiones,</strong></span> <span class='ocrx_word' id='word_1_544' title='bbox 2057 2379 2138 2434; x_wconf 90' lang='lat' dir='ltr'><strong>vel</strong></span> <span class='ocrx_word' id='word_1_545' title='bbox 2169 2396 2386 2451; x_wconf 80' lang='lat' dir='ltr'><strong>magna,</strong></span> <span class='ocrx_word' id='word_1_546' title='bbox 2411 2382 2495 2437; x_wconf 84' lang='lat' dir='ltr'><strong>vel</strong></span> <span class='ocrx_word' id='word_1_547' title='bbox 2534 2398 2813 2455; x_wconf 87' lang='lat' dir='ltr'><strong>parvaque</strong></span> <span class='ocrx_word' id='word_1_548' title='bbox 2840 2401 3093 2459; x_wconf 85' lang='lat' dir='ltr'><strong>persona,</strong></span> <span class='ocrx_word' id='word_1_549' title='bbox 3124 2389 3190 2442; x_wconf 88' lang='lat' dir='ltr'><strong>de</strong></span> <span class='ocrx_word' id='word_1_550' title='bbox 3221 2405 3414 2460; x_wconf 87' lang='lat' dir='ltr'><strong>supra-</strong></span> 
     </span>
    </p>
   </div>
   <div class='ocr_carea' id='block_1_81' title="bbox 1826 2470 3413 2546">
    <p class='ocr_par' dir='ltr' id='par_1_81' title="bbox 1826 2470 3413 2546">
     <span class='ocr_line' id='line_1_81' title="bbox 1826 2470 3413 2546; baseline 0.008 -22"><span class='ocrx_word' id='word_1_551' title='bbox 1826 2470 1985 2524; x_wconf 89' lang='lat' dir='ltr'><strong>dictis</strong></span> <span class='ocrx_word' id='word_1_552' title='bbox 2037 2472 2252 2536; x_wconf 88' lang='lat' dir='ltr'><strong>massis,</strong></span> <span class='ocrx_word' id='word_1_553' title='bbox 2295 2487 2417 2527; x_wconf 88' lang='lat' dir='ltr'><strong>cnm</strong></span> <span class='ocrx_word' id='word_1_554' title='bbox 2446 2476 2699 2530; x_wconf 90' lang='lat' dir='ltr'><strong>omnibus</strong></span> <span class='ocrx_word' id='word_1_555' title='bbox 2750 2476 2904 2543; x_wconf 88' lang='lat' dir='ltr'><strong>locis,</strong></span> <span class='ocrx_word' id='word_1_556' title='bbox 2939 2494 3031 2533; x_wconf 91' lang='lat' dir='ltr'><strong>seu</strong></span> <span class='ocrx_word' id='word_1_557' title='bbox 3071 2480 3314 2546; x_wconf 83' lang='lat' dir='ltr'><strong>familiis,</strong></span> <span class='ocrx_word' id='word_1_558' title='bbox 3347 2498 3413 2538; x_wconf 93' lang='lat' dir='ltr'><strong>ac</strong></span> 
     </span>
    </p>
   </div>
   <div class='ocr_carea' id='block_1_82' title="bbox 1825 2558 3412 2633">
    <p class='ocr_par' dir='ltr' id='par_1_82' title="bbox 1825 2558 3412 2633">
     <span class='ocr_line' id='line_1_82' title="bbox 1825 2558 3412 2633; baseline 0.009 -20"><span class='ocrx_word' id='word_1_559' title='bbox 1825 2558 2055 2622; x_wconf 86' lang='lat' dir='ltr'><strong>colonis,</strong></span> <span class='ocrx_word' id='word_1_560' title='bbox 2090 2562 2439 2626; x_wconf 88' lang='lat' dir='ltr'><strong>massaritiis,</strong></span> <span class='ocrx_word' id='word_1_561' title='bbox 2493 2573 2657 2633; x_wconf 91' lang='lat' dir='ltr'><strong>atque</strong></span> <span class='ocrx_word' id='word_1_562' title='bbox 2697 2567 3018 2633; x_wconf 82' lang='lat' dir='ltr'><strong>tributariis,</strong></span> <span class='ocrx_word' id='word_1_563' title='bbox 3059 2586 3184 2625; x_wconf 89' lang='lat' dir='ltr'><strong>cum</strong></span> <span class='ocrx_word' id='word_1_564' title='bbox 3230 2573 3412 2627; x_wconf 81' lang='lat' dir='ltr'><strong>omni—</strong></span> 
     </span>
    </p>
   </div>
   <div class='ocr_carea' id='block_1_83' title="bbox 1826 2649 3413 2731">
    <p class='ocr_par' dir='ltr' id='par_1_83' title="bbox 1826 2649 3413 2731">
     <span class='ocr_line' id='line_1_83' title="bbox 1826 2649 3413 2731; baseline 0.01 -27"><span class='ocrx_word' id='word_1_565' title='bbox 1826 2649 2090 2706; x_wconf 81' lang='lat' dir='ltr'><strong>buiS&#39;suis</strong></span> <span class='ocrx_word' id='word_1_566' title='bbox 2126 2654 2494 2723; x_wconf 86' lang='lat' dir='ltr'><strong>pertinentiis,</strong></span> <span class='ocrx_word' id='word_1_567' title='bbox 2532 2655 2615 2710; x_wconf 90' lang='lat' dir='ltr'><strong>vel</strong></span> <span class='ocrx_word' id='word_1_568' title='bbox 2657 2656 3000 2726; x_wconf 83' lang='lat' dir='ltr'><strong>adjacentiis,</strong></span> <span class='ocrx_word' id='word_1_569' title='bbox 3054 2671 3114 2715; x_wconf 90' lang='lat' dir='ltr'><strong>ut</strong></span> <span class='ocrx_word' id='word_1_570' title='bbox 3162 2665 3413 2731; x_wconf 81' lang='lat' dir='ltr'><strong>superius</strong></span> 
     </span>
    </p>
   </div>
   <div class='ocr_carea' id='block_1_84' title="bbox 1827 2740 3412 2826">
    <p class='ocr_par' dir='ltr' id='par_1_84' title="bbox 1827 2740 3412 2826">
     <span class='ocr_line' id='line_1_84' title="bbox 1827 2740 3412 2826; baseline 0.009 -30"><span class='ocrx_word' id='word_1_571' title='bbox 1827 2740 2043 2814; x_wconf 79' lang='lat' dir='ltr'><strong>legitur,</strong></span> <span class='ocrx_word' id='word_1_572' title='bbox 2074 2753 2265 2798; x_wconf 89' lang='lat' dir='ltr'><strong>contra</strong></span> <span class='ocrx_word' id='word_1_573' title='bbox 2294 2740 2395 2801; x_wconf 84' lang='lat' dir='ltr'><strong>hoc</strong></span> <span class='ocrx_word' id='word_1_574' title='bbox 2442 2756 2690 2801; x_wconf 90' lang='lat' dir='ltr'><strong>nostrum</strong></span> <span class='ocrx_word' id='word_1_575' title='bbox 2728 2751 3041 2818; x_wconf 87' lang='lat' dir='ltr'><strong>pontiﬁcale</strong></span> <span class='ocrx_word' id='word_1_576' title='bbox 3067 2752 3412 2826; x_wconf 80' lang='lat' dir='ltr'><strong>privilegium</strong></span> 
     </span>
    </p>
   </div>
   <div class='ocr_carea' id='block_1_85' title="bbox 1826 2832 3413 2915">
    <p class='ocr_par' dir='ltr' id='par_1_85' title="bbox 1826 2832 3413 2915">
     <span class='ocr_line' id='line_1_85' title="bbox 1826 2832 3413 2915; baseline 0.011 -31"><span class='ocrx_word' id='word_1_577' title='bbox 1826 2845 2010 2903; x_wconf 84' lang='lat' dir='ltr'><strong>agere,</strong></span> <span class='ocrx_word' id='word_1_578' title='bbox 2061 2833 2146 2889; x_wconf 91' lang='lat' dir='ltr'><strong>vel</strong></span> <span class='ocrx_word' id='word_1_579' title='bbox 2170 2832 2434 2900; x_wconf 87' lang='lat' dir='ltr'><strong>alienare,</strong></span> <span class='ocrx_word' id='word_1_580' title='bbox 2475 2845 2569 2890; x_wconf 87' lang='lat' dir='ltr'><strong>aut</strong></span> <span class='ocrx_word' id='word_1_581' title='bbox 2602 2835 2819 2893; x_wconf 89' lang='lat' dir='ltr'><strong>auferre</strong></span> <span class='ocrx_word' id='word_1_582' title='bbox 2858 2851 3170 2910; x_wconf 73' lang='lat' dir='ltr'><strong>prmsumat,</strong></span> <span class='ocrx_word' id='word_1_583' title='bbox 3197 2845 3291 2899; x_wconf 90' lang='lat' dir='ltr'><strong>sed</strong></span> <span class='ocrx_word' id='word_1_584' title='bbox 3318 2861 3413 2915; x_wconf 76' lang='lat' dir='ltr'><strong>po-</strong></span> 
     </span>
    </p>
   </div>
   <div class='ocr_carea' id='block_1_86' title="bbox 1828 2920 3414 3003">
    <p class='ocr_par' dir='ltr' id='par_1_86' title="bbox 1828 2920 3414 3003">
     <span class='ocr_line' id='line_1_86' title="bbox 1828 2920 3414 3003; baseline 0.012 -30"><span class='ocrx_word' id='word_1_585' title='bbox 1828 2921 1939 2975; x_wconf 87' lang='lat' dir='ltr'><strong>tius</strong></span> <span class='ocrx_word' id='word_1_586' title='bbox 1967 2920 2145 2987; x_wconf 88' lang='lat' dir='ltr'><strong>ﬁrma,</strong></span> <span class='ocrx_word' id='word_1_587' title='bbox 2169 2930 2333 2993; x_wconf 89' lang='lat' dir='ltr'><strong>atque</strong></span> <span class='ocrx_word' id='word_1_588' title='bbox 2363 2924 2591 2992; x_wconf 86' lang='lat' dir='ltr'><strong>stabilis,</strong></span> <span class='ocrx_word' id='word_1_589' title='bbox 2630 2929 2904 2996; x_wconf 88' lang='lat' dir='ltr'><strong>perennis,</strong></span> <span class='ocrx_word' id='word_1_590' title='bbox 2930 2939 3092 3000; x_wconf 88' lang='lat' dir='ltr'><strong>atque</strong></span> <span class='ocrx_word' id='word_1_591' title='bbox 3132 2936 3414 3003; x_wconf 77' lang='lat' dir='ltr'><strong>perpetuis</strong></span> 
     </span>
    </p>
   </div>
   <div class='ocr_carea' id='block_1_87' title="bbox 1830 3014 3412 3084">
    <p class='ocr_par' dir='ltr' id='par_1_87' title="bbox 1830 3014 3412 3084">
     <span class='ocr_line' id='line_1_87' title="bbox 1830 3014 3412 3084; baseline 0.009 -17"><span class='ocrx_word' id='word_1_592' title='bbox 1830 3014 2186 3084; x_wconf 85' lang='lat' dir='ltr'><strong>temporibus,</strong></span> <span class='ocrx_word' id='word_1_593' title='bbox 2236 3015 2309 3070; x_wconf 88' lang='lat' dir='ltr'><strong>ita</strong></span> <span class='ocrx_word' id='word_1_594' title='bbox 2337 3026 2397 3070; x_wconf 90' lang='lat' dir='ltr'><strong>ut</strong></span> <span class='ocrx_word' id='word_1_595' title='bbox 2425 3032 2455 3069; x_wconf 90' lang='lat' dir='ltr'><strong>a</strong></span> <span class='ocrx_word' id='word_1_596' title='bbox 2481 3018 2636 3073; x_wconf 91' lang='lat' dir='ltr'><strong>nobis</strong></span> <span class='ocrx_word' id='word_1_597' title='bbox 2664 3028 2867 3076; x_wconf 87' lang='lat' dir='ltr'><strong>statuta</strong></span> <span class='ocrx_word' id='word_1_598' title='bbox 2896 3034 3025 3078; x_wconf 88' lang='lat' dir='ltr'><strong>sunt</strong></span> <span class='ocrx_word' id='word_1_599' title='bbox 3069 3025 3412 3084; x_wconf 85' lang='lat' dir='ltr'><strong>decernimus</strong></span> 
     </span>
    </p>
   </div>
   <div class='ocr_carea' id='block_1_88' title="bbox 1829 3104 3409 3186">
    <p class='ocr_par' dir='ltr' id='par_1_88' title="bbox 1829 3104 3409 3186">
     <span class='ocr_line' id='line_1_88' title="bbox 1829 3104 3409 3186; baseline 0.01 -29"><span class='ocrx_word' id='word_1_600' title='bbox 1829 3104 2219 3173; x_wconf 89' lang='lat' dir='ltr'><strong>permanenda.</strong></span> <span class='ocrx_word' id='word_1_601' title='bbox 2275 3106 2333 3160; x_wconf 90' lang='lat' dir='ltr'><strong>Si</strong></span> <span class='ocrx_word' id='word_1_602' title='bbox 2364 3107 2488 3176; x_wconf 91' lang='lat' dir='ltr'><strong>quis</strong></span> <span class='ocrx_word' id='word_1_603' title='bbox 2534 3117 2739 3175; x_wconf 90' lang='lat' dir='ltr'><strong>autem,</strong></span> <span class='ocrx_word' id='word_1_604' title='bbox 2784 3115 2931 3182; x_wconf 87' lang='lat' dir='ltr'><strong>quod</strong></span> <span class='ocrx_word' id='word_1_605' title='bbox 2983 3131 3088 3169; x_wconf 89' lang='lat' dir='ltr'><strong>non</strong></span> <span class='ocrx_word' id='word_1_606' title='bbox 3134 3126 3409 3186; x_wconf 84' lang='lat' dir='ltr'><strong>optamus,</strong></span> 
     </span>
    </p>
   </div>
   <div class='ocr_carea' id='block_1_89' title="bbox 1830 3197 3415 3276">
    <p class='ocr_par' dir='ltr' id='par_1_89' title="bbox 1830 3197 3415 3276">
     <span class='ocr_line' id='line_1_89' title="bbox 1830 3197 3415 3276; baseline 0.008 -28"><span class='ocrx_word' id='word_1_607' title='bbox 1830 3202 2170 3263; x_wconf 90' lang='lat' dir='ltr'><strong>contemptor</strong></span> <span class='ocrx_word' id='word_1_608' title='bbox 2196 3197 2470 3252; x_wconf 78' lang='lat' dir='ltr'><strong>exstiterit</strong></span> <span class='ocrx_word' id='word_1_609' title='bbox 2497 3208 2689 3254; x_wconf 89' lang='lat' dir='ltr'><strong>contra</strong></span> <span class='ocrx_word' id='word_1_610' title='bbox 2724 3202 2825 3256; x_wconf 91' lang='lat' dir='ltr'><strong>hoc</strong></span> <span class='ocrx_word' id='word_1_611' title='bbox 2872 3212 3123 3259; x_wconf 83' lang='lat' dir='ltr'><strong>nostrum</strong></span> <span class='ocrx_word' id='word_1_612' title='bbox 3153 3207 3415 3276; x_wconf 75' lang='lat' dir='ltr'><strong>apostoli-</strong></span> 
     </span>
    </p>
   </div>
   <div class='ocr_carea' id='block_1_90' title="bbox 1829 3288 3415 3370">
    <p class='ocr_par' dir='ltr' id='par_1_90' title="bbox 1829 3288 3415 3370">
     <span class='ocr_line' id='line_1_90' title="bbox 1829 3288 3415 3370; baseline 0.009 -29"><span class='ocrx_word' id='word_1_613' title='bbox 1829 3301 1955 3342; x_wconf 90' lang='lat' dir='ltr'><strong>cum</strong></span> <span class='ocrx_word' id='word_1_614' title='bbox 2005 3288 2371 3359; x_wconf 82' lang='lat' dir='ltr'><strong>privilegium,</strong></span> <span class='ocrx_word' id='word_1_615' title='bbox 2418 3298 2476 3346; x_wconf 90' lang='lat' dir='ltr'><strong>et</strong></span> <span class='ocrx_word' id='word_1_616' title='bbox 2523 3290 2579 3345; x_wconf 91' lang='lat' dir='ltr'><strong>in</strong></span> <span class='ocrx_word' id='word_1_617' title='bbox 2607 3307 2880 3363; x_wconf 88' lang='lat' dir='ltr'><strong>quoquam</strong></span> <span class='ocrx_word' id='word_1_618' title='bbox 2931 3296 3012 3351; x_wconf 85' lang='lat' dir='ltr'><strong>ire</strong></span> <span class='ocrx_word' id='word_1_619' title='bbox 3046 3306 3415 3370; x_wconf 83' lang='lat' dir='ltr'><strong>transgressor</strong></span> 
     </span>
    </p>
   </div>
   <div class='ocr_carea' id='block_1_91' title="bbox 1829 3372 3413 3457">
    <p class='ocr_par' dir='ltr' id='par_1_91' title="bbox 1829 3372 3413 3457">
     <span class='ocr_line' id='line_1_91' title="bbox 1829 3372 3413 3457; baseline 0.009 -25"><span class='ocrx_word' id='word_1_620' title='bbox 1829 3372 1952 3433; x_wconf 80' lang='lat' dir='ltr'><strong>esse</strong></span> <span class='ocrx_word' id='word_1_621' title='bbox 2008 3378 2281 3442; x_wconf 91' lang='lat' dir='ltr'><strong>maluerit,</strong></span> <span class='ocrx_word' id='word_1_622' title='bbox 2329 3380 2410 3433; x_wconf 87' lang='lat' dir='ltr'><strong>vel</strong></span> <span class='ocrx_word' id='word_1_623' title='bbox 2458 3379 2707 3454; x_wconf 88' lang='lat' dir='ltr'><strong>frangere</strong></span> <span class='ocrx_word' id='word_1_624' title='bbox 2761 3388 3189 3457; x_wconf 75' lang='lat' dir='ltr'><strong>przcsumpscrit,</strong></span> <span class='ocrx_word' id='word_1_625' title='bbox 3243 3405 3309 3443; x_wconf 93' lang='lat' dir='ltr'><strong>ac</strong></span> <span class='ocrx_word' id='word_1_626' title='bbox 3357 3390 3413 3447; x_wconf 77' lang='lat' dir='ltr'><strong>in</strong></span> 
     </span>
    </p>
   </div>
   <div class='ocr_carea' id='block_1_92' title="bbox 1827 3467 3414 3542">
    <p class='ocr_par' dir='ltr' id='par_1_92' title="bbox 1827 3467 3414 3542">
     <span class='ocr_line' id='line_1_92' title="bbox 1827 3467 3414 3542; baseline 0.008 -20"><span class='ocrx_word' id='word_1_627' title='bbox 1827 3467 2080 3522; x_wconf 91' lang='lat' dir='ltr'><strong>omnibus</strong></span> <span class='ocrx_word' id='word_1_628' title='bbox 2114 3468 2374 3525; x_wconf 89' lang='lat' dir='ltr'><strong>obediens</strong></span> <span class='ocrx_word' id='word_1_629' title='bbox 2394 3480 2450 3526; x_wconf 90' lang='lat' dir='ltr'><strong>et</strong></span> <span class='ocrx_word' id='word_1_630' title='bbox 2474 3473 2794 3529; x_wconf 89' lang='lat' dir='ltr'><strong>observator</strong></span> <span class='ocrx_word' id='word_1_631' title='bbox 2818 3491 2943 3531; x_wconf 83' lang='lat' dir='ltr'><strong>esse</strong></span> <span class='ocrx_word' id='word_1_632' title='bbox 2988 3477 3243 3542; x_wconf 88' lang='lat' dir='ltr'><strong>noluerit,</strong></span> <span class='ocrx_word' id='word_1_633' title='bbox 3274 3480 3414 3536; x_wconf 80' lang='lat' dir='ltr'><strong>sciat</strong></span> 
     </span>
    </p>
   </div>
   <div class='ocr_carea' id='block_1_93' title="bbox 1828 3559 3413 3635">
    <p class='ocr_par' dir='ltr' id='par_1_93' title="bbox 1828 3559 3413 3635">
     <span class='ocr_line' id='line_1_93' title="bbox 1828 3559 3413 3635; baseline 0.01 -24"><span class='ocrx_word' id='word_1_634' title='bbox 1828 3571 1887 3611; x_wconf 90' lang='lat' dir='ltr'><strong>se</strong></span> <span class='ocrx_word' id='word_1_635' title='bbox 1914 3559 2237 3615; x_wconf 76' lang='lat' dir='ltr'><strong>auctoritate</strong></span> <span class='ocrx_word' id='word_1_636' title='bbox 2277 3561 2371 3617; x_wconf 86' lang='lat' dir='ltr'><strong>Dei</strong></span> <span class='ocrx_word' id='word_1_637' title='bbox 2417 3566 2823 3635; x_wconf 84' lang='lat' dir='ltr'><strong>omnipotentis,</strong></span> <span class='ocrx_word' id='word_1_638' title='bbox 2867 3577 2924 3621; x_wconf 92' lang='lat' dir='ltr'><strong>et</strong></span> <span class='ocrx_word' id='word_1_639' title='bbox 2979 3568 3191 3624; x_wconf 86' lang='lat' dir='ltr'><strong>Domini</strong></span> <span class='ocrx_word' id='word_1_640' title='bbox 3240 3573 3413 3628; x_wconf 82' lang='lat' dir='ltr'><strong>nostri</strong></span> 
     </span>
    </p>
   </div>
   <div class='ocr_carea' id='block_1_94' title="bbox 1828 3641 3411 3729">
    <p class='ocr_par' dir='ltr' id='par_1_94' title="bbox 1828 3641 3411 3729">
     <span class='ocr_line' id='line_1_94' title="bbox 1828 3641 3411 3729; baseline 0.009 -27"><span class='ocrx_word' id='word_1_641' title='bbox 1828 3651 2195 3719; x_wconf 86' lang='lat' dir='ltr'><strong>apostolorum</strong></span> <span class='ocrx_word' id='word_1_642' title='bbox 2226 3654 2485 3725; x_wconf 88' lang='lat' dir='ltr'><strong>principis</strong></span> <span class='ocrx_word' id='word_1_643' title='bbox 2531 3641 2697 3723; x_wconf 85' lang='lat' dir='ltr'><strong>Petri,</strong></span> <span class='ocrx_word' id='word_1_644' title='bbox 2725 3657 2903 3727; x_wconf 88' lang='lat' dir='ltr'><strong>cujus,</strong></span> <span class='ocrx_word' id='word_1_645' title='bbox 2942 3660 3072 3715; x_wconf 89' lang='lat' dir='ltr'><strong>licet</strong></span> <span class='ocrx_word' id='word_1_646' title='bbox 3112 3662 3411 3729; x_wconf 83' lang='lat' dir='ltr'><strong>immerito,</strong></span> 
     </span>
    </p>
   </div>
   <div class='ocr_carea' id='block_1_95' title="bbox 1830 3740 3413 3814">
    <p class='ocr_par' dir='ltr' id='par_1_95' title="bbox 1830 3740 3413 3814">
     <span class='ocr_line' id='line_1_95' title="bbox 1830 3740 3413 3814; baseline 0.01 -21"><span class='ocrx_word' id='word_1_647' title='bbox 1830 3740 1922 3794; x_wconf 90' lang='lat' dir='ltr'><strong>Dei</strong></span> <span class='ocrx_word' id='word_1_648' title='bbox 1948 3740 2301 3811; x_wconf 90' lang='lat' dir='ltr'><strong>dispositione</strong></span> <span class='ocrx_word' id='word_1_649' title='bbox 2341 3746 2581 3814; x_wconf 84' lang='lat' dir='ltr'><strong>gerimus</strong></span> <span class='ocrx_word' id='word_1_650' title='bbox 2603 3748 2769 3814; x_wconf 86' lang='lat' dir='ltr'><strong>vices,</strong></span> <span class='ocrx_word' id='word_1_651' title='bbox 2807 3753 3170 3807; x_wconf 88' lang='lat' dir='ltr'><strong>anathematis</strong></span> <span class='ocrx_word' id='word_1_652' title='bbox 3194 3755 3413 3811; x_wconf 82' lang='lat' dir='ltr'><strong>vinculo</strong></span> 
     </span>
    </p>
   </div>
   <div class='ocr_carea' id='block_1_96' title="bbox 1829 3831 3407 3917">
    <p class='ocr_par' dir='ltr' id='par_1_96' title="bbox 1829 3831 3407 3917">
     <span class='ocr_line' id='line_1_96' title="bbox 1829 3831 3407 3917; baseline 0.012 -33"><span class='ocrx_word' id='word_1_653' title='bbox 1829 3831 2141 3888; x_wconf 88' lang='lat' dir='ltr'><strong>innodatum</strong></span> <span class='ocrx_word' id='word_1_654' title='bbox 2178 3844 2235 3890; x_wconf 90' lang='lat' dir='ltr'><strong>et</strong></span> <span class='ocrx_word' id='word_1_655' title='bbox 2279 3850 2308 3889; x_wconf 90' lang='lat' dir='ltr'><strong>a</strong></span> <span class='ocrx_word' id='word_1_656' title='bbox 2354 3852 2520 3908; x_wconf 79' lang='lat' dir='ltr'><strong>regno</strong></span> <span class='ocrx_word' id='word_1_657' title='bbox 2562 3839 2655 3894; x_wconf 88' lang='lat' dir='ltr'><strong>Dei</strong></span> <span class='ocrx_word' id='word_1_658' title='bbox 2707 3840 2960 3897; x_wconf 89' lang='lat' dir='ltr'><strong>alienum.</strong></span> <span class='ocrx_word' id='word_1_659' title='bbox 2991 3842 3093 3912; x_wconf 86' lang='lat' dir='ltr'><strong>Qui</strong></span> <span class='ocrx_word' id='word_1_660' title='bbox 3143 3860 3273 3900; x_wconf 84' lang='lat' dir='ltr'><strong>vero</strong></span> <span class='ocrx_word' id='word_1_661' title='bbox 3315 3849 3407 3917; x_wconf 93' lang='lat' dir='ltr'><strong>pio</strong></span> 
     </span>
    </p>
   </div>
   <div class='ocr_carea' id='block_1_97' title="bbox 1829 3921 3415 4008">
    <p class='ocr_par' dir='ltr' id='par_1_97' title="bbox 1829 3921 3415 4008">
     <span class='ocr_line' id='line_1_97' title="bbox 1829 3921 3415 4008; baseline 0.011 -32"><span class='ocrx_word' id='word_1_662' title='bbox 1829 3921 2023 3977; x_wconf 89' lang='lat' dir='ltr'><strong>intuitu</strong></span> <span class='ocrx_word' id='word_1_663' title='bbox 2052 3939 2214 3980; x_wconf 89' lang='lat' dir='ltr'><strong>verus</strong></span> <span class='ocrx_word' id='word_1_664' title='bbox 2250 3937 2432 3982; x_wconf 89' lang='lat' dir='ltr'><strong>custos</strong></span> <span class='ocrx_word' id='word_1_665' title='bbox 2476 3938 2529 3982; x_wconf 89' lang='lat' dir='ltr'><strong>et</strong></span> <span class='ocrx_word' id='word_1_666' title='bbox 2560 3929 2880 3986; x_wconf 85' lang='lat' dir='ltr'><strong>observator</strong></span> <span class='ocrx_word' id='word_1_667' title='bbox 2932 3935 3206 3990; x_wconf 83' lang='lat' dir='ltr'><strong>exstiterit</strong></span> <span class='ocrx_word' id='word_1_668' title='bbox 3251 3936 3415 4008; x_wconf 77' lang='lat' dir='ltr'><strong>hujus</strong></span> 
     </span>
    </p>
   </div>
   <div class='ocr_carea' id='block_1_98' title="bbox 1831 4015 3415 4098">
    <p class='ocr_par' dir='ltr' id='par_1_98' title="bbox 1831 4015 3415 4098">
     <span class='ocr_line' id='line_1_98' title="bbox 1831 4015 3415 4098; baseline 0.011 -31"><span class='ocrx_word' id='word_1_669' title='bbox 1831 4015 2001 4068; x_wconf 91' lang='lat' dir='ltr'><strong>nostri</strong></span> <span class='ocrx_word' id='word_1_670' title='bbox 2050 4018 2330 4087; x_wconf 89' lang='lat' dir='ltr'><strong>apostolici</strong></span> <span class='ocrx_word' id='word_1_671' title='bbox 2365 4020 2656 4092; x_wconf 89' lang='lat' dir='ltr'><strong>privilegii,</strong></span> <span class='ocrx_word' id='word_1_672' title='bbox 2706 4023 2916 4079; x_wconf 90' lang='lat' dir='ltr'><strong>meritis</strong></span> <span class='ocrx_word' id='word_1_673' title='bbox 2959 4036 3123 4096; x_wconf 85' lang='lat' dir='ltr'><strong>atque</strong></span> <span class='ocrx_word' id='word_1_674' title='bbox 3162 4030 3415 4098; x_wconf 82' lang='lat' dir='ltr'><strong>precibus</strong></span> 
     </span>
    </p>
   </div>
   <div class='ocr_carea' id='block_1_99' title="bbox 1830 4102 3412 4182">
    <p class='ocr_par' dir='ltr' id='par_1_99' title="bbox 1830 4102 3412 4182">
     <span class='ocr_line' id='line_1_99' title="bbox 1830 4102 3412 4182; baseline 0.009 -24"><span class='ocrx_word' id='word_1_675' title='bbox 1830 4102 1888 4158; x_wconf 90' lang='lat' dir='ltr'><strong>S.</strong></span> <span class='ocrx_word' id='word_1_676' title='bbox 1919 4104 2064 4161; x_wconf 85' lang='lat' dir='ltr'><strong>Petri</strong></span> <span class='ocrx_word' id='word_1_677' title='bbox 2095 4107 2457 4177; x_wconf 86' lang='lat' dir='ltr'><strong>apostolorum</strong></span> <span class='ocrx_word' id='word_1_678' title='bbox 2504 4112 2784 4182; x_wconf 89' lang='lat' dir='ltr'><strong>principis,</strong></span> <span class='ocrx_word' id='word_1_679' title='bbox 2829 4122 2884 4168; x_wconf 84' lang='lat' dir='ltr'><strong>et</strong></span> <span class='ocrx_word' id='word_1_680' title='bbox 2915 4114 3014 4169; x_wconf 90' lang='lat' dir='ltr'><strong>SS.</strong></span> <span class='ocrx_word' id='word_1_681' title='bbox 3050 4126 3209 4170; x_wconf 81' lang='lat' dir='ltr'><strong>mart.</strong></span> <span class='ocrx_word' id='word_1_682' title='bbox 3257 4112 3412 4172; x_wconf 73' lang='lat' dir='ltr'><strong>Ruﬁ-</strong></span> 
     </span>
    </p>
   </div>
   <div class='ocr_carea' id='block_1_100' title="bbox 1831 4196 3408 4274">
    <p class='ocr_par' dir='ltr' id='par_1_100' title="bbox 1831 4196 3408 4274">
     <span class='ocr_line' id='line_1_100' title="bbox 1831 4196 3408 4274; baseline 0.008 -25"><span class='ocrx_word' id='word_1_683' title='bbox 1831 4210 1915 4250; x_wconf 61' lang='grc' dir='ltr'><strong>πω</strong></span> <span class='ocrx_word' id='word_1_684' title='bbox 1944 4202 1999 4251; x_wconf 87' lang='lat' dir='ltr'><strong>et</strong></span> <span class='ocrx_word' id='word_1_685' title='bbox 2038 4196 2300 4251; x_wconf 61' lang='lat' dir='ltr'><strong>Secundae</strong></span> <span class='ocrx_word' id='word_1_686' title='bbox 2328 4199 2382 4251; x_wconf 87' lang='lat' dir='ltr'><strong>in</strong></span> <span class='ocrx_word' id='word_1_687' title='bbox 2404 4200 2660 4254; x_wconf 75' lang='lat' dir='ltr'><strong>:ethereis</strong></span> <span class='ocrx_word' id='word_1_688' title='bbox 2702 4202 2921 4259; x_wconf 82' lang='lat' dir='ltr'><strong>arcibus</strong></span> <span class='ocrx_word' id='word_1_689' title='bbox 2954 4205 3197 4274; x_wconf 77' lang='lat' dir='ltr'><strong>przemia,</strong></span> <span class='ocrx_word' id='word_1_690' title='bbox 3228 4214 3283 4260; x_wconf 91' lang='lat' dir='ltr'><strong>et</strong></span> <span class='ocrx_word' id='word_1_691' title='bbox 3313 4207 3408 4262; x_wconf 62' lang='lat' dir='ltr'><strong>bes</strong></span> 
     </span>
    </p>
   </div>
   <div class='ocr_carea' id='block_1_101' title="bbox 1825 4285 3415 4368">
    <p class='ocr_par' dir='ltr' id='par_1_101' title="bbox 1825 4285 3415 4368">
     <span class='ocr_line' id='line_1_101' title="bbox 1825 4285 3415 4368; baseline 0.008 -26"><span class='ocrx_word' id='word_1_692' title='bbox 1825 4285 2154 4344; x_wconf 8' lang='lat' dir='ltr'><strong>incdi&#39;ctionis</strong></span> <span class='ocrx_word' id='word_1_693' title='bbox 2198 4292 2427 4360; x_wconf 83' lang='lat' dir='ltr'><strong>gratiam</strong></span> <span class='ocrx_word' id='word_1_694' title='bbox 2457 4300 2617 4362; x_wconf 83' lang='lat' dir='ltr'><strong>atque</strong></span> <span class='ocrx_word' id='word_1_695' title='bbox 2647 4294 3071 4350; x_wconf 86' lang='lat' dir='ltr'><strong>misericordiam</strong></span> <span class='ocrx_word' id='word_1_696' title='bbox 3098 4312 3132 4350; x_wconf 64' lang='grc' dir='ltr'><strong>τι</strong></span> <span class='ocrx_word' id='word_1_697' title='bbox 3156 4298 3304 4368; x_wconf 86' lang='lat' dir='ltr'><strong>justo</strong></span> <span class='ocrx_word' id='word_1_698' title='bbox 3324 4297 3415 4368; x_wconf 81' lang='lat' dir='ltr'><strong>ju-</strong></span> 
     </span>
    </p>
   </div>
   <div class='ocr_carea' id='block_1_102' title="bbox 1833 4381 3407 4462">
    <p class='ocr_par' dir='ltr' id='par_1_102' title="bbox 1833 4381 3407 4462">
     <span class='ocr_line' id='line_1_102' title="bbox 1833 4381 3407 4462; baseline 0.007 -27"><span class='ocrx_word' id='word_1_699' title='bbox 1833 4381 1952 4436; x_wconf 89' lang='lat' dir='ltr'><strong>dice</strong></span> <span class='ocrx_word' id='word_1_700' title='bbox 2006 4382 2232 4435; x_wconf 91' lang='lat' dir='ltr'><strong>Domino</strong></span> <span class='ocrx_word' id='word_1_701' title='bbox 2284 4392 2472 4437; x_wconf 87' lang='lat' dir='ltr'><strong>nostro</strong></span> <span class='ocrx_word' id='word_1_702' title='bbox 2524 4385 2798 4456; x_wconf 83' lang='lat' dir='ltr'><strong>vitamque</strong></span> <span class='ocrx_word' id='word_1_703' title='bbox 2831 4399 3088 4442; x_wconf 71' lang='lat' dir='ltr'><strong>mtcrnatn</strong></span> <span class='ocrx_word' id='word_1_704' title='bbox 3142 4394 3407 4462; x_wconf 83' lang='lat' dir='ltr'><strong>Consequi</strong></span> 
     </span>
    </p>
   </div>
   <div class='ocr_carea' id='block_1_103' title="bbox 1832 4481 2128 4525">
    <p class='ocr_par' dir='ltr' id='par_1_103' title="bbox 1832 4481 2128 4525">
     <span class='ocr_line' id='line_1_103' title="bbox 1832 4481 2128 4525; baseline 0 0"><span class='ocrx_word' id='word_1_705' title='bbox 1832 4481 2128 4525; x_wconf 83' lang='lat' dir='ltr'><strong>merentur.</strong></span> 
     </span>
    </p>
   </div>
   <div class='ocr_carea' id='block_1_104' title="bbox 1904 4563 3412 4643">
    <p class='ocr_par' dir='ltr' id='par_1_104' title="bbox 1904 4563 3412 4643">
     <span class='ocr_line' id='line_1_104' title="bbox 1904 4563 3412 4643; baseline 0.008 -25"><span class='ocrx_word' id='word_1_706' title='bbox 1904 4563 2179 4635; x_wconf 90' lang='lat' dir='ltr'><strong>Scriptum</strong></span> <span class='ocrx_word' id='word_1_707' title='bbox 2218 4580 2316 4634; x_wconf 85' lang='lat' dir='ltr'><strong>per</strong></span> <span class='ocrx_word' id='word_1_708' title='bbox 2344 4583 2536 4622; x_wconf 85' lang='lat' dir='ltr'><strong>manus</strong></span> <span class='ocrx_word' id='word_1_709' title='bbox 2591 4564 3004 4634; x_wconf 79' lang='lat' dir='ltr'><strong>Melchisedech,</strong></span> <span class='ocrx_word' id='word_1_710' title='bbox 3051 4576 3412 4643; x_wconf 73' lang='lat' dir='ltr'><strong>promnotaril</strong></span> 
     </span>
    </p>
   </div>
   <div class='ocr_carea' id='block_1_105' title="bbox 1836 4653 3416 4733">
    <p class='ocr_par' dir='ltr' id='par_1_105' title="bbox 1836 4653 3416 4733">
     <span class='ocr_line' id='line_1_105' title="bbox 1836 4653 3416 4733; baseline 0.008 -26"><span class='ocrx_word' id='word_1_711' title='bbox 1836 4653 1895 4707; x_wconf 90' lang='lat' dir='ltr'><strong>S.</strong></span> <span class='ocrx_word' id='word_1_712' title='bbox 1926 4654 2069 4707; x_wconf 88' lang='lat' dir='ltr'><strong>sedis</strong></span> <span class='ocrx_word' id='word_1_713' title='bbox 2127 4655 2458 4723; x_wconf 61' lang='lat' dir='ltr'><strong>apostoliclc,</strong></span> <span class='ocrx_word' id='word_1_714' title='bbox 2505 4655 2556 4709; x_wconf 94' lang='lat' dir='ltr'><strong>in</strong></span> <span class='ocrx_word' id='word_1_715' title='bbox 2608 4671 2792 4711; x_wconf 86' lang='lat' dir='ltr'><strong>mense</strong></span> <span class='ocrx_word' id='word_1_716' title='bbox 2839 4658 3002 4724; x_wconf 78' lang='lat' dir='ltr'><strong>Maio,</strong></span> <span class='ocrx_word' id='word_1_717' title='bbox 3061 4661 3171 4715; x_wconf 89' lang='lat' dir='ltr'><strong>ind.</strong></span> <span class='ocrx_word' id='word_1_718' title='bbox 3223 4680 3416 4733; x_wconf 80' lang='lat' dir='ltr'><strong>supra-</strong></span> 
     </span>
    </p>
   </div>
   <div class='ocr_carea' id='block_1_106' title="bbox 1836 4743 3416 4826">
    <p class='ocr_par' dir='ltr' id='par_1_106' title="bbox 1836 4743 3416 4826">
     <span class='ocr_line' id='line_1_106' title="bbox 1836 4743 3416 4826; baseline 0.009 -29"><span class='ocrx_word' id='word_1_719' title='bbox 1836 4744 2033 4826; x_wconf 83' lang='lat' dir='ltr'><strong>scripta</strong></span> <span class='ocrx_word' id='word_1_720' title='bbox 2076 4744 2131 4806; x_wconf 93' lang='lat'><strong>8,</strong></span> <span class='ocrx_word' id='word_1_721' title='bbox 2191 4745 2301 4799; x_wconf 84' lang='lat' dir='ltr'><strong>dat.</strong></span> <span class='ocrx_word' id='word_1_722' title='bbox 2345 4743 2465 4798; x_wconf 87' lang='lat' dir='ltr'><strong>Kal.</strong></span> <span class='ocrx_word' id='word_1_723' title='bbox 2508 4743 2678 4812; x_wconf 75' lang='lat' dir='ltr'><strong>Junii,</strong></span> <span class='ocrx_word' id='word_1_724' title='bbox 2710 4762 2808 4817; x_wconf 85' lang='lat' dir='ltr'><strong>per</strong></span> <span class='ocrx_word' id='word_1_725' title='bbox 2852 4767 3044 4805; x_wconf 90' lang='lat' dir='ltr'><strong>manus</strong></span> <span class='ocrx_word' id='word_1_726' title='bbox 3071 4750 3416 4826; x_wconf 85' lang='lat' dir='ltr'><strong>Thcopbilati</strong></span> 
     </span>
    </p>
   </div>
   <div class='ocr_carea' id='block_1_107' title="bbox 1831 4819 3417 4916">
    <p class='ocr_par' dir='ltr' id='par_1_107' title="bbox 1831 4819 3417 4916">
     <span class='ocr_line' id='line_1_107' title="bbox 1831 4819 3417 4916; baseline 0.006 -24"><span class='ocrx_word' id='word_1_727' title='bbox 1831 4819 2145 4892; x_wconf 74' lang='lat' dir='ltr'><strong>cancellarii</strong></span> <span class='ocrx_word' id='word_1_728' title='bbox 2176 4833 2235 4889; x_wconf 91' lang='lat' dir='ltr'><strong>S.</strong></span> <span class='ocrx_word' id='word_1_729' title='bbox 2267 4836 2409 4891; x_wconf 90' lang='lat' dir='ltr'><strong>sedis</strong></span> <span class='ocrx_word' id='word_1_730' title='bbox 2434 4838 2764 4905; x_wconf 67' lang='lat' dir='ltr'><strong>apostolica).</strong></span> <span class='ocrx_word' id='word_1_731' title='bbox 2796 4842 2973 4905; x_wconf 85' lang='lat' dir='ltr'><strong>Anno,</strong></span> <span class='ocrx_word' id='word_1_732' title='bbox 3010 4843 3118 4896; x_wconf 86' lang='lat' dir='ltr'><strong>Deo</strong></span> <span class='ocrx_word' id='word_1_733' title='bbox 3159 4840 3417 4916; x_wconf 72' lang='lat' dir='ltr'><strong>propitio,</strong></span> 
     </span>
    </p>
   </div>
   <div class='ocr_carea' id='block_1_108' title="bbox 1836 4925 3423 5002">
    <p class='ocr_par' dir='ltr' id='par_1_108' title="bbox 1836 4925 3423 5002">
     <span class='ocr_line' id='line_1_108' title="bbox 1836 4925 3423 5002; baseline 0.006 -24"><span class='ocrx_word' id='word_1_734' title='bbox 1836 4925 2183 5001; x_wconf 85' lang='lat' dir='ltr'><strong>pontiﬁcatus</strong></span> <span class='ocrx_word' id='word_1_735' title='bbox 2213 4925 2417 4980; x_wconf 86' lang='lat' dir='ltr'><strong>domini</strong></span> <span class='ocrx_word' id='word_1_736' title='bbox 2455 4925 2626 4999; x_wconf 85' lang='lat' dir='ltr'><strong>Sergii</strong></span> <span class='ocrx_word' id='word_1_737' title='bbox 2660 4933 2853 4986; x_wconf 88' lang='lat' dir='ltr'><strong>summi</strong></span> <span class='ocrx_word' id='word_1_738' title='bbox 2884 4931 3176 5002; x_wconf 87' lang='lat' dir='ltr'><strong>pontiﬁcis,</strong></span> <span class='ocrx_word' id='word_1_739' title='bbox 3204 4945 3262 4992; x_wconf 82' lang='lat' dir='ltr'><strong>et.</strong></span> <span class='ocrx_word' id='word_1_740' title='bbox 3305 4939 3423 4988; x_wconf 88' lang='lat' dir='ltr'><strong>uni-</strong></span> 
     </span>
    </p>
   </div>
   <div class='ocr_carea' id='block_1_109' title="bbox 1839 5013 3432 5087">
    <p class='ocr_par' dir='ltr' id='par_1_109' title="bbox 1839 5013 3432 5087">
     <span class='ocr_line' id='line_1_109' title="bbox 1839 5013 3432 5087; baseline 0.002 -15"><span class='ocrx_word' id='word_1_741' title='bbox 1839 5015 2064 5072; x_wconf 82' lang='lat' dir='ltr'><strong>versalis</strong></span> <span class='ocrx_word' id='word_1_742' title='bbox 2126 5013 2189 5068; x_wconf 93' lang='grc'><strong>111</strong></span> <span class='ocrx_word' id='word_1_743' title='bbox 2250 5031 2422 5087; x_wconf 62' lang='lat' dir='ltr'><strong>papa},</strong></span> <span class='ocrx_word' id='word_1_744' title='bbox 2466 5016 2517 5070; x_wconf 87' lang='lat' dir='ltr'><strong>in</strong></span> <span class='ocrx_word' id='word_1_745' title='bbox 2572 5023 2942 5077; x_wconf 81' lang='lat' dir='ltr'><strong>sacratissima</strong></span> <span class='ocrx_word' id='word_1_746' title='bbox 2982 5020 3109 5072; x_wconf 88' lang='lat' dir='ltr'><strong>sede</strong></span> <span class='ocrx_word' id='word_1_747' title='bbox 3163 5021 3237 5079; x_wconf 81' lang='grc' dir='ltr'><strong>Β.</strong></span> <span class='ocrx_word' id='word_1_748' title='bbox 3280 5022 3432 5076; x_wconf 77' lang='lat' dir='ltr'><strong>Petri</strong></span> 
     </span>
    </p>
   </div>
   <div class='ocr_carea' id='block_1_110' title="bbox 1836 5093 3331 5181">
    <p class='ocr_par' dir='ltr' id='par_1_110' title="bbox 1836 5093 3331 5181">
     <span class='ocr_line' id='line_1_110' title="bbox 1836 5093 3331 5181; baseline 0.001 -18"><span class='ocrx_word' id='word_1_749' title='bbox 1836 5093 2064 5181; x_wconf 79' lang='lat' dir='ltr'><strong>apostoli</strong></span> <span class='ocrx_word' id='word_1_750' title='bbox 2088 5103 2274 5162; x_wconf 76' lang='lat' dir='ltr'><strong>Tertio</strong></span> <span class='ocrx_word' id='word_1_751' title='bbox 2295 5108 2349 5161; x_wconf 86' lang='lat' dir='ltr'><strong>in</strong></span> <span class='ocrx_word' id='word_1_752' title='bbox 2372 5120 2579 5174; x_wconf 84' lang='lat' dir='ltr'><strong>mense,</strong></span> <span class='ocrx_word' id='word_1_753' title='bbox 2610 5115 2882 5169; x_wconf 81' lang='lat' dir='ltr'><strong>etindict.</strong></span> <span class='ocrx_word' id='word_1_754' title='bbox 2913 5109 3248 5178; x_wconf 64' lang='lat' dir='ltr'><strong>supradicta</strong></span> <span class='ocrx_word' id='word_1_755' title='bbox 3277 5114 3331 5168; x_wconf 83' lang='lat'><strong>8.</strong></span> 
     </span>
    </p>
   </div>
   <div class='ocr_carea' id='block_1_111' title="bbox 2586 5218 2680 5275">
    <p class='ocr_par' dir='ltr' id='par_1_111' title="bbox 2586 5218 2680 5275">
     <span class='ocr_line' id='line_1_111' title="bbox 2586 5218 2680 5275; baseline 0.043 -3"><span class='ocrx_word' id='word_1_756' title='bbox 2586 5218 2680 5275; x_wconf 74' lang='grc' dir='ltr'><strong>Ν.</strong></span> 
     </span>
    </p>
   </div>
   <div class='ocr_carea' id='block_1_112' title="bbox 1835 5342 3452 5395">
    <p class='ocr_par' dir='ltr' id='par_1_112' title="bbox 1835 5342 3452 5395">
     <span class='ocr_line' id='line_1_112' title="bbox 1835 5342 3452 5395; baseline 0 0"><span class='ocrx_word' id='word_1_757' title='bbox 1835 5348 2092 5395; x_wconf 64' lang='grc' dir='ltr'><strong>Βριετοιλ</strong></span> <span class='ocrx_word' id='word_1_758' title='bbox 2141 5347 2309 5391; x_wconf 62' lang='grc'><strong>8811811</strong></span> <span class='ocrx_word' id='word_1_759' title='bbox 2358 5348 2419 5388; x_wconf 79' lang='lat' dir='ltr'><strong>Ill</strong></span> <span class='ocrx_word' id='word_1_760' title='bbox 2462 5348 2530 5386; x_wconf 76' lang='grc' dir='ltr'><strong>ιω</strong></span> <span class='ocrx_word' id='word_1_761' title='bbox 2577 5349 2924 5393; x_wconf 68' lang='grc' dir='ltr'><strong>Αωιδηιωι</strong></span> <span class='ocrx_word' id='word_1_762' title='bbox 2976 5342 3452 5395; x_wconf 63' lang='grc' dir='ltr'><strong>ιιιιιιυιιςεκεωιι</strong></span> 
     </span>
    </p>
   </div>
   <div class='ocr_carea' id='block_1_113' title="bbox 2467 5441 2827 5517">
    <p class='ocr_par' dir='ltr' id='par_1_113' title="bbox 2467 5441 2827 5517">
     <span class='ocr_line' id='line_1_113' title="bbox 2467 5441 2827 5517; baseline 0.022 -23"><span class='ocrx_word' id='word_1_763' title='bbox 2467 5441 2648 5511; x_wconf 83' lang='grc' dir='ltr'><strong>(Αηιιο</strong></span> <span class='ocrx_word' id='word_1_764' title='bbox 2676 5448 2827 5517; x_wconf 71' lang='lat' dir='ltr'><strong>eos.)</strong></span> 
     </span>
    </p>
   </div>
   <div class='ocr_carea' id='block_1_114' title="bbox 2122 5540 3141 5619">
    <p class='ocr_par' dir='ltr' id='par_1_114' title="bbox 2122 5540 3141 5619">
     <span class='ocr_line' id='line_1_114' title="bbox 2122 5540 3141 5619; baseline -0.007 -20"><span class='ocrx_word' id='word_1_765' title='bbox 2122 5541 2414 5599; x_wconf 78' lang='lat' dir='ltr'><strong>Bremensis</strong></span> <span class='ocrx_word' id='word_1_766' title='bbox 2454 5540 2710 5600; x_wconf 69' lang='lat' dir='ltr'><strong>Ecclesia:</strong></span> <span class='ocrx_word' id='word_1_767' title='bbox 2732 5548 2860 5619; x_wconf 84' lang='lat' dir='ltr'><strong>jura</strong></span> <span class='ocrx_word' id='word_1_768' title='bbox 2891 5540 3141 5600; x_wconf 75' lang='lat' dir='ltr'><strong>vindicat.</strong></span> 
     </span>
    </p>
   </div>
   <div class='ocr_carea' id='block_1_115' title="bbox 2058 5637 3221 5727">
    <p class='ocr_par' dir='ltr' id='par_1_115' title="bbox 2058 5637 3221 5727">
     <span class='ocr_line' id='line_1_115' title="bbox 2058 5637 3221 5727; baseline -0.002 -21"><span class='ocrx_word' id='word_1_769' title='bbox 2058 5655 2235 5727; x_wconf 71' lang='lat' dir='ltr'><strong>[Apud</strong></span> <span class='ocrx_word' id='word_1_770' title='bbox 2270 5637 2453 5708; x_wconf 43' lang='grc' dir='ltr'><strong>’Μωιεὶ</strong></span> <span class='ocrx_word' id='word_1_771' title='bbox 2517 5658 2653 5706; x_wconf 90' lang='lat' dir='ltr'><strong>tom.</strong></span> <span class='ocrx_word' id='word_1_772' title='bbox 2720 5656 2905 5719; x_wconf 80' lang='lat' dir='ltr'><strong>XVIII,</strong></span> <span class='ocrx_word' id='word_1_773' title='bbox 2957 5666 3011 5720; x_wconf 92' lang='lat' dir='ltr'><strong>p.</strong></span> <span class='ocrx_word' id='word_1_774' title='bbox 3052 5649 3221 5725; x_wconf 73' lang='lat'><strong>251].</strong></span> 
     </span>
    </p>
   </div>
  </div>
