4038 6420
483 446 586 500 ωδ

1811 440 2038 500 SERGll
2084 442 2286 502 ΡΑΡΔΕ
2323 439 2388 500 lli

3646 455 3749 514 976

481 555 734 612 Ecclesim
772 538 1411 626 episcopo'apostolicam
1442 548 1876 610 benedictionem
1899 563 1951 612 et
1975 570 2066 626 pa—
2092 562 2140 620 Α
2168 558 2427 614 Ecclesiae
2463 567 2586 625 tute,
2615 566 2670 615 et
2699 559 2794 617 tibi
2837 561 3150 632 apostolicae
3189 565 3333 622 sedis
3364 567 3669 640 privilegia,
3695 576 3747 626 et

478 655 687 702 ternam
725 643 1170 700 consolationem.

549 758 833 828 Susceptis
871 768 976 814 tuae
999 755 1360 816 fraternitatis
1401 755 1620 828 litteris,
1648 762 1860 832 cognita
1891 762 1945 818 in
1983 761 2064 819 eis

479 852 679 923 injuria
711 851 967 906 Ecclesire
993 859 1098 906 tuae
1125 858 1179 906 et
1211 853 1304 907 tibi
1335 852 1508 919 illata,
1540 869 1646 910 non
1685 855 1859 911 solum
1887 856 1954 912 de
1974 870 2062 923 ea,

472 944 570 999 sed
611 952 666 997 et
701 943 767 996 de
798 941 983 1012 iniquo
1022 941 1277 997 Formosi
1317 958 1471 1013 papa:
1508 960 1800 1011 consensu,
1841 955 1898 1001 et
1925 946 2062 1002 Her-

391 1063 396 1065 -
478 1033 662 1088 manni
719 1031 1081 1098 Coloniensis,
1112 1040 1168 1088 et
1217 1033 1516 1104 Moguntini
1567 1036 1964 1108 archiepiscopi
2010 1046 2067 1094 et

477 1123 708 1176 aliorum
761 1121 1144 1192 episcoporum
1192 1123 1377 1194 iniqua
1427 1125 1889 1183 circumventione
1916 1136 2062 1183 et....

477 1210 786 1281 contristati
833 1226 1040 1268 smnus.
1085 1208 1223 1278 Quid
1273 1227 1508 1283 namque
1553 1213 1867 1283 iniuriosius
1901 1232 2062 1286 quam

475 1299 680 1369 privari
715 1298 988 1354 Ecelesias
1011 1299 1160 1370 juste
1190 1299 1291 1356 sibi
1319 1301 1532 1358 traditis
1569 1302 1900 1360 honoribus?
1925 1305 2065 1373 Quid

475 1389 640 1445 etiam
687 1388 926 1458 iniquius
961 1404 1124 1458 quam
1154 1387 1355 1444 violare
1387 1397 1444 1444 et
1470 1389 1764 1462 infringere
1804 1393 2042 1463 impera-

479 1490 656 1536 torum
685 1488 739 1533 et
763 1494 946 1550 regum
983 1478 1188 1534 chartis
1219 1478 1416 1534 tradita
1447 1479 1674 1550 plurima
1698 1481 2064 1551 apostolorum

477 1568 808 1640 privilegia?
853 1568 929 1623 nil
967 1567 1203 1638 amplius
1249 1584 1279 1622 a
1319 1570 1495 1634 nobis,
1531 1568 1615 1625 vel
1659 1571 2066 1630 successoribus

477 1661 683 1716 nostris
718 1669 893 1714 ratum
922 1658 1137 1714 ﬁrmum
1166 1669 1258 1714 aut
1290 1660 1483 1716 stabile
1509 1669 1778 1717 statuetur
1801 1662 1855 1717 in
1883 1662 2067 1718 Eccle-

478 1751 583 1807 sia.
613 1749 720 1806 Sed
771 1765 896 1806 cum
939 1749 1096 1819 juxta
1145 1749 1265 1805 lucc
1305 1751 1468 1805 verba
1518 1750 1836 1807 Dominica:
1895 1750 1974 1805 Tu
2011 1768 2066 1807 es

479 1844 671 1900 Petrus
717 1854 765 1898 et
817 1860 972 1914 super
1017 1845 1152 1898 hanc
1198 1852 1398 1913 petram
1451 1844 1726 1914 mdiﬁcabo
1770 1843 2066 1898 Ecclesium
2141 1880 2149 1890 .

478 1952 646 1991 meam
669 1953 690 2002 ;
717 1943 772 1988 et
791 1935 946 2006 juxta
968 1935 1082 1989 haec
1104 1934 1267 1988 verba
1289 1933 1531 2005 Apostoli
1560 1953 1572 1988 :
1610 1934 1752 1988 Estis
1780 1933 2066 2004 supertedi-
2097 1929 2142 1989 Β

484 2027 623 2080 ticali
650 2041 806 2096 super
829 2023 1226 2093 fundamentum
1249 2022 1604 2092 apostolorum
1627 2033 1674 2077 et
1699 2022 2068 2094 proli/letarum

479 2117 535 2170 in
561 2117 673 2187 ipso
698 2114 946 2185 angulari
981 2113 1154 2183 lapide
1183 2112 1392 2168 Christo
1410 2110 1563 2180 Iesu,
1593 2121 1805 2168 constat
1825 2119 2069 2168 sanctam

481 2207 929 2268 etuniversalem
974 2203 1268 2259 Ecclesiam
1318 2202 1598 2260 fundatam
1627 2217 1750 2258 esse
1775 2217 1936 2273 supra
1976 2216 2071 2272 pe-

478 2307 642 2362 tram,
664 2305 719 2350 et
742 2309 904 2365 super
924 2292 1330 2348 fundamentum
1361 2291 1751 2361 prophetarum
1774 2299 1831 2344 et
1857 2297 2072 2359 aposto-

475 2389 682 2452 lorum,
711 2393 767 2441 et
793 2393 1131 2455 compactam
1161 2382 1214 2437 in
1245 2383 1361 2452 ipso
1395 2381 1639 2452 angulari
1669 2389 1725 2436 et
1758 2379 2072 2434 firmissimo

470 2477 659 2547 lapide
697 2476 913 2531 Christo
950 2473 1097 2538 .lesu,
1149 2487 1372 2548 necesse
1423 2481 1596 2528 estut
1633 2472 1712 2528 sic
1739 2473 1856 2543 ipsa
1886 2479 2071 2542 petrea

478 2578 546 2622 et
589 2566 883 2638 apostolica
926 2564 1194 2629 fundatio,
1225 2573 1280 2618 et
1310 2572 1496 2620 sancta
1544 2563 1820 2634 angularis
1849 2576 2069 2633 compa-

471 2661 661 2714 ctione
695 2657 876 2724 Iirma,
906 2664 1107 2711 aaterna
1151 2663 1206 2710 et
1244 2652 1554 2720 immobilis,
1589 2653 1664 2708 ita
1689 2653 1864 2708 omnis
1899 2652 2071 2708 eccle-

477 2749 706 2805 siastiea
754 2743 1216 2818 superaedilicatio‘
1243 2743 1315 2799 sit
1350 2753 1463 2799 mla
1507 2751 1563 2799 et
1612 2742 1849 2807 stabilis,
1895 2750 1953 2798 et
2000 2743 2070 2799 ab

485 2838 633 2893 omni
668 2838 900 2892 humana
945 2833 1366 2905 praesumptione
1412 2832 1757 2888 inviolabilis.
1797 2831 1907 2888 Nos
1941 2847 2072 2902 ergo

476 2932 640 3001 juxta
686 2943 875 3000 vocem
921 2925 1261 2981 Dominicam
1310 2932 1366 2978 et
1415 2921 1792 2994 apostolicam,
1822 2931 1877 2976 et
1917 2922 2070 2992 juxta

475 3025 632 3077 -hanc
657 3019 797 3075 beati
830 3017 1080 3088 Gregorii
1111 3014 1435 3071 sententiam
1465 3031 1480 3069 ;
1527 3027 1864 3084 quaecunque
1886 3012 2074 3067 Eccle-

471 3115 578 3168 Asite
605 3110 882 3183 privilegia
928 3107 1094 3164 semel
1143 3105 1346 3162 indulta
1373 3105 1575 3160 fuerint
1607 3114 1724 3160 rata
1755 3104 1986 3175 amplius
2018 3113 2074 3159 et

476 3202 703 3259 stabilia
734 3215 1052 3272 permanere
1103 3200 1320 3254 debent.
1369 3196 1639 3267 Quidquid
1686 3195 1848 3267 igitur
1888 3196 2072 3266 iniquo

473 3309 751 3352 consensu
779 3293 1019 3350 Formosi
1048 3308 1199 3364 papa:
1220 3301 1275 3348 et
1300 3292 1559 3363 Arnolphi
1594 3292 1758 3363 regis,
1786 3299 1841 3346 ct
1863 3291 2070 3346 machi-

479 3387 711 3458 natione
741 3384 1036 3440 Hermanni
1079 3382 1473 3454 archiepiscopi
1513 3383 1568 3438 in
1600 3389 1652 3437 te
1677 3391 1732 3436 et
1773 3381 2070 3438 Ecclesiam

487 3481 953 3552 llmnburgensem
989 3488 1194 3534 temere
1225 3482 1595 3547 perpetratum
1618 3482 1723 3538 est,
1749 3472 2072 3528 auctoritate

488 3589 705 3646 quoque
749 3580 959 3636 nostra,
1007 3577 1062 3625 et
1097 3567 1303 3638 judicio
1331 3565 1687 3637 plurimorum
1737 3560 2072 3618 confratrmn

481 3675 842 3729 nostrorum,
892 3673 949 3717 et
996 3663 1096 3717 sub
1151 3659 1496 3714 anathemate
1549 3654 1972 3713 contradicimus
2018 3661 2076 3708 et

488 3743 712 3814 munino
739 3755 1092 3811 destruimus.
1128 3749 1398 3820 Quidquid
1430 3757 1612 3805 autem
1637 3763 1666 3802 a
1695 3745 1915 3803 Nicolao
1935 3759 2075 3816 papa

491 3858 546 3903 et
591 3846 804 3904 czeteris
847 3841 1342 3914 praedecessoribus
1385 3837 1780 3910 Hamburgensi
1820 3835 2076 3892 Ecclesiae

492 3949 811 3992 conoessum
866 3941 986 3997 est,
1045 3930 1255 3986 scilicet
1306 3928 1510 3983 habere
1560 3923 2076 3996 archiepiscopalem

492 4034 815 4100 potestatem
879 4023 932 4076 in
989 4035 1214 4092 regnum
1271 4019 1544 4074 Danorum
1573 4057 1589 4083 ,
1657 4015 2029 4072 Norvenorum
2057 4056 2075 4084 ,

495 4120 820 4180 Suet-orum,
869 4111 1197 4168 etomnium
1238 4107 1740 4180 septentrionalium
1772 4105 2076 4168 nationum,

492 4217 550 4263 et
605 4202 949 4261 Bremensem
999 4199 1319 4264 Ecclesiam,
1376 4207 1433 4254 et
1482 4198 1652 4269 ipsam
1709 4194 2082 4264 Hamburgen-

495 4313 612 4371 sem
664 4294 959 4351 Ecclesiam
1016 4306 1122 4347 non
1174 4290 1332 4356 duas,
1384 4289 1479 4344 sed
1531 4303 1694 4342 unam
1743 4301 1864 4342 esse
1903 4286 2084 4342 Eccle-

501 4391 643 4445 siam
680 4395 754 4443 .et
798 4383 1113 4456 parochiam
1175 4379 1519 4445 decernimus
1569 4386 1625 4432 et
1673 4375 2104 4432 confirmamus.-

499 4478 839 4534 Auctoritate
863 4489 1011 4546 ergo
1052 4470 1347 4543 apostolica
1387 4478 1443 4524 et
1476 4481 1730 4532 censura,
1771 4465 1873 4520 sub
1911 4463 2078 4519 divini

496 4566 686 4638 jndicii
716 4564 1079 4620 obtestatione
1116 4571 1170 4616 et
1216 4557 1582 4615 anathematis
1629 4554 1917 4610 interdictu
1962 4562 2078 4608 sta-

2163 651 2520 722 gloriosorum
2543 653 2932 724 imperatorum
2954 655 3230 713 annullata
3257 669 3385 714 sunt
3405 669 3747 718 testamenta.

2164 740 2273 797 Nos
2300 757 2536 813 quoque,
2563 745 3019 814 quemadmodum
3053 756 3306 818 precatus
3334 765 3416 814 es,
3446 753 3752 808 monuimus

2163 833 2474 903 apostolicis
2513 835 2709 892 litteris
2742 835 3057 908 Vigbertum
3089 849 3145 894 et
3188 839 3465 907 Bisonem,
3501 860 3754 901 reveren-

2165 923 2420 980 dissimos
2463 933 2518 980 et
2561 934 2684 982 tuos
2722 927 3039 985 convicinos
3082 931 3368 1010 episcopos
3393 944 3666 1004 quatenus
3705 949 3758 996 te

2164 1015 2441 1086 adjuvant,
2469 1023 2523 1072 et
2561 1018 2627 1072 ad
2659 1026 2712 1074 te
2754 1022 3143 1078 convenientes
3184 1025 3444 1082 ordinare
3471 1030 3756 1101 episcopos

2166 1103 2220 1158 in
2261 1105 2457 1161 auibus
2504 1107 2766 1163 canonice
2811 1109 3088 1167 inveneris
3135 1111 3292 1180 locis,
3339 1125 3395 1170 et
3441 1131 3760 1188 competens

2168 1195 2535 1266 designaverit
2584 1197 2746 1254 ratio.
2794 1198 2908 1254 Tua
2960 1214 3114 1272 ergo,
3166 1205 3511 1260 sanctissime
3560 1207 3756 1272 frater,

2165 1290 2522 1345 sanctimonia
2549 1299 2669 1346 oret
2702 1306 2801 1361 pro
2832 1292 2990 1348 nobis
3020 1302 3074 1348 et
3103 1309 3200 1364 pro
3226 1296 3518 1352 universali
3567 1311 3758 1354 sancta

2168 1381 2412 1436 Romana
2440 1382 2707 1450 Ecclesia,
2738 1391 2795 1440 et
2821 1385 2980 1442 nobis
3006 1386 3264 1443 remanda
3305 1389 3541 1460 qualiter
3578 1401 3637 1447 et
3669 1393 3759 1448 ubi

2166 1473 2450 1546 episcopos
2475 1477 2834 1533 ordinaveris.

2241 1562 2389 1620 Data:
2414 1580 2508 1636 per
2535 1581 2752 1621 manum
2771 1566 2917 1623 Petri
2940 1569 3251 1626 cancellarii
3273 1580 3476 1629 sanctae
3496 1571 3762 1630 Romanae

2169 1658 2444 1725 Ecclesim,
2478 1676 2508 1714 v
2539 1660 2719 1718 Nonas
2747 1662 3049 1731 Februarii,
3085 1667 3376 1726 indicrione
3395 1671 3452 1726 3.

2930 1778 2995 1835 ν.

2287 1877 2461 1920 εεκῦιι
2496 1880 2555 1920 Ill
2592 1881 2936 1925 Ριιινιιεςιωί
2972 1888 3073 1928 PRO
3102 1889 3365 1933 CAPITULO
3394 1892 3641 1937 Δεῖ-εκεῖ.

2781 1959 2958 2029 (Anno
2987 1962 3136 2035 907.)

2171 2061 2406 2118 Caeituli
2416 2065 2650 2122 Astensis
2661 2070 3028 2208 possessiozes,
3045 2083 3259 2143 rogante
3270 2073 3483 2130 Audace
3496 2077 3763 2147 episcopo,

2822 2155 2917 2193 con
2961 2151 3117 2195 rmat.

2822 2151 3117 2195 conﬁrmat.

2386 2226 2564 2300 [Apud
2594 2227 2824 2299 Ugbelli,
2856 2229 3019 2285 Italia
3047 2249 3222 2300 sacra,
3260 2241 3390 2290 tom.
3422 2235 3511 2292 IV.

2243 2339 2494 2405 Seuerus,
2524 2343 2853 2399 venerabilis
2879 2359 3035 2415 papa,
3078 2359 3269 2402 servus
3315 2363 3598 2404 servorum
3641 2350 3762 2416 Dei,

2170 2435 2424 2489 omnibus
2469 2435 2842 2491 sacerdotibus
2878 2445 2935 2491 et
2967 2436 3143 2494 levitis
3185 2453 3281 2494 seu
3329 2439 3563 2506 clericis,
3595 2452 3766 2512 atque

2171 2524 2451 2580 canonicis
2495 2525 2884 2593 servientibus,
2926 2530 3222 2585 secundum
3257 2540 3520 2586 statutum
3567 2549 3766 2590 nume-

2171 2629 2316 2681 rum,
2343 2630 2373 2669 a
2402 2630 2514 2670 rev.
2537 2625 2594 2671 et
2617 2618 2870 2674 sanctiss.
2898 2620 3115 2676 Audace
3141 2619 3199 2676 S.
3231 2623 3476 2679 Astensis
3502 2625 3768 2682 Ecclesia:

2171 2705 2424 2775 episcopo
2464 2705 2519 2760 in
2567 2708 2826 2763 canonica
2863 2710 3120 2781 episcopii
3167 2712 3236 2768 ab
3272 2715 3460 2769 eodem
3501 2719 3766 2771 venerah.

2170 2793 2390 2849 Andace
2419 2795 2585 2865 episc.
2618 2810 2716 2865 pro
2744 2799 2984 2854 remedio
3005 2800 3200 2878 animm
3226 2817 3358 2869 suae,
3390 2819 3488 2874 pro
3512 2805 3771 2862 laudibus

2171 2893 2229 2940 et
2257 2885 2669 2941 honoriﬁcentia
2692 2888 3080 2958 omnipotentis
3104 2889 3201 2946 Dei
3227 2902 3562 2958 constructa,
3601 2895 3770 2965 ipsis-

2174 2989 2280 3045 que
2309 2990 2374 3030 ac
2402 2977 2808 3033 successoribus
2834 2994 3018 3034 eorum
3046 2980 3098 3035 in
3129 2990 3468 3052 perpetuum.

2243 3064 2376 3121 Cum
2404 3066 2583 3121 divina
2615 3067 2787 3124 simus
2820 3067 3161 3126 institutione
3207 3071 3262 3126 in
3305 3073 3479 3142 capite
3515 3075 3769 3131 omnium

2175 3154 2269 3212 Dei
2310 3156 2672 3214 Ecclesiarum
2714 3159 3018 3227 constituti,
3055 3160 3315 3218 debemus
3345 3164 3620 3219 humiliter
3659 3182 3765 3236 pe-

2097 3276 2142 3338 c
2176 3247 2413 3338 tentibus
2443 3247 2656 3338 animos
2694 3249 2977 3317 inclinare,
3009 3260 3063 3307 et
3090 3267 3199 3308 non
3232 3253 3405 3308 solum
3435 3254 3501 3310 de
3525 3259 3772 3326 pr0priis

2176 3337 2444 3408 impartiri
2489 3337 2768 3411 suffragia,
2808 3355 2996 3396 verum
3028 3343 3190 3397 etiam
3219 3343 3287 3398 ad
3322 3346 3773 3403 contirmationes

2173 3443 2384 3495 eorum,
2412 3438 2473 3484 ut
2495 3441 2751 3501 perpetua
2781 3448 2845 3487 ea
2873 3447 2994 3502 quae
3024 3433 3125 3488 sibi
3154 3435 3425 3491 aedificant
3453 3451 3673 3493 manere
3706 3441 3769 3494 in

2173 3520 2379 3576 sanctis
2418 3536 2482 3577 ac
2518 3521 2922 3578 inviolabilibus
2966 3525 3174 3594 possint
3219 3527 3459 3592 statutis,
3500 3529 3590 3598 qui
3628 3543 3773 3597 apo-

2173 3611 2422 3668 stolicum
2464 3622 2695 3683 poscunt
2724 3611 2979 3682 juvamen
3011 3616 3132 3671 sine
3179 3632 3287 3687 quo
3329 3617 3463 3672 nihil
3503 3619 3553 3672 in
3582 3619 3772 3675 eccle-

2173 3701 2416 3757 siasticis
2450 3701 2752 3772 perfectum
2787 3703 2999 3758 videtur
3036 3706 3284 3776 negotiis,
3317 3705 3593 3762 brachium
3623 3724 3768 3778 apo—

2175 3790 2366 3846 stolica
2405 3792 2820 3849 mansuetudine
2857 3795 3167 3861 extendere,
3198 3805 3254 3851 et
3284 3812 3474 3867 magna
3509 3799 3771 3854 nimieta-

2177 3882 2248 3937 tis
2278 3882 2476 3938 virtute
2524 3883 2818 3938 secundum
2870 3899 3187 3940 concessam
3234 3887 3392 3943 nobis
3430 3903 3460 3942 a
3504 3888 3561 3942 Β.
3596 3888 3772 3944 Petro

2178 3974 2544 4043 apostolorum
2582 3976 2824 4056 principe
2856 3984 3179 4046 potestatem
3219 3981 3497 4036 roborare.
3529 3981 3769 4051 Ideoque

2180 4067 2484 4138 postulante
2531 4067 2749 4124 Audaee
2791 4071 3088 4125 venerabili
3137 4081 3339 4128 sanctae
3379 4074 3623 4129 Astensis
3657 4076 3772 4131 Ec-

2181 4155 2358 4211 clesia:
2385 4157 2640 4228 episcopo
2665 4167 2930 4228 quatenus
2961 4161 3238 4216 firmemus
3264 4163 3542 4236 privilegio
3577 4169 3767 4222 omni-

2181 4245 2283 4302 bus
2322 4248 2715 4314 sacerdotibus,
2744 4261 2803 4305 et
2839 4250 3036 4317 levitis,
3071 4267 3163 4308 seu
3201 4253 3434 4321 clericis,
3469 4267 3632 4326 atque
3669 4274 3770 4314 ca-

2183 4338 2393 4394 nonicis
2437 4339 2800 4395 servientibus
2831 4343 3128 4397 secundum
3171 4352 3430 4399 statutum
3476 4361 3768 4402 numerum

2180 4427 2250 4483 ab
2294 4429 2484 4485 eodem
2529 4431 2584 4484 in
2630 4432 2915 4497 canonica,
2950 4448 3075 4487 cum
3120 4432 3354 4489 claustra
3389 4452 3486 4490 sua
3527 4451 3649 4506 quae
3679 4447 3771 4492 est

2181 4534 2494 4580 constructa
2542 4523 2698 4595 juxta
2753 4525 3030 4582 basilicam
3082 4538 3286 4584 sancta:
3334 4530 3427 4584 Dei
3482 4531 3770 4600 genitricis

508 4659 711 4714 luimus
740 4665 800 4710 ut
845 4654 991 4710 nulla
1023 4667 1270 4724 persona
1318 4649 1690 4719 cujuscunque
1734 4645 1943 4701 ordinis
1987 4652 2076 4700 aut

2181 4631 2500 4688 semperque
2553 4619 2689 4688 Virg.
2752 4617 2934 4675 Mariae
2993 4619 3226 4675 domina:
3287 4631 3486 4677 nostra:
3546 4623 3603 4678 in
3666 4639 3771 4680 suo

501 4744 782 4820 dignitatis
810 4744 904 4808 sit,
950 4758 1014 4798 ea
1057 4755 1178 4812 quae
1204 4739 1289 4796 vel
1335 4739 1386 4793 in
1427 4733 1875 4806 archiepiscopali
1907 4732 2078 4803 digni.

502 4846 632 4902 tate,
663 4834 746 4890 vel
775 4848 896 4904 quae
946 4833 998 4886 in
1027 4829 1404 4899 conjunctione
1452 4825 1760 4881 Bremensis
1807 4831 1864 4878 et
1920 4820 2082 4875 Ham-

500 4925 785 4996 burgensis
810 4920 1069 4978 Ecclesiae
1103 4934 1134 4973 a
1155 4917 1643 4990 praedecessoribus
1661 4914 1872 4970 nostris
1901 4910 2082 4967 Eccle-

501 5021 597 5077 siae
625 5027 731 5074 tum
771 5025 826 5072 et
864 5014 961 5070 tibi
997 5026 1258 5069 concessa
1290 5017 1416 5065 sunt
1441 5016 1495 5064 et
1525 5021 1558 5061 a
1597 5006 1755 5061 nobis
1787 5002 2077 5059 reformata

507 5118 656 5175 sunt,
683 5107 992 5178 quicunque
1018 5109 1200 5157 autem
1230 5098 1522 5154 mutaverit
1557 5094 1640 5151 vel
1673 5095 1726 5148 in
1753 5091 1936 5162 aliquo
1961 5091 2078 5144 vio-

503 5201 619 5255 lare
645 5192 1066 5269 przesumpserit,
1115 5188 1440 5244 auctoritate
1470 5185 1564 5240 Dei
1591 5193 1646 5240 et
1676 5182 1737 5236 Β.
1767 5181 1922 5237 Petri
1947 5194 2081 5250 apo-

505 5290 653 5354 stoli,
678 5297 734 5343 et
762 5294 946 5342 nostra
970 5282 1062 5353 qui
1104 5279 1221 5349 ejus
1242 5277 1527 5348 fungimur
1563 5273 1934 5336 vicariatione,
1963 5286 2086 5341 per-

506 5381 653 5455 petui
679 5374 1042 5434 anathematis
1061 5369 1276 5427 vinculo
1297 5368 1369 5424 sit
1388 5366 1693 5422 innodatus.
1717 5361 2084 5455 Hermannum

507 5452 688 5530 autem
732 5468 1110 5527 Coloniensem
1151 5460 1639 5529 archiepiscopum,
1676 5463 1731 5510 et
1765 5452 2084 5508 Haddanum

507 5561 843 5640 [Hattonem]
874 5557 1244 5630 Moguntinum
1271 5549 1714 5622 archiprtesulem
1745 5559 1843 5616 pro
1873 5541 2086 5640 satisfa-

509 5635 689 5712 ctione
747 5635 1079 5726 pmnitentia:
1123 5660 1297 5716 usque
1345 5645 1410 5698 ad
1463 5641 1790 5712 praefinitum
1846 5653 1876 5704 a
1927 5635 2084 5691 nobis

510 5756 721 5818 tempus
761 5759 794 5799 a
819 5742 1001 5798 divino
1030 5737 1407 5809 suspendimus
1439 5731 1634 5799 ollicio,
1661 5730 1914 5801 quoniam
1944 5727 2085 5797 apud

505 5837 816 5894 ’l‘ri-buriam
865 5849 960 5903 per
1013 5846 1104 5886 eos
1154 5829 1336 5898 inique
1393 5833 1601 5882 cassata
1649 5833 1773 5877 sunt
1825 5833 2082 5876 concessa

2182 4708 2398 4764 Astensi
2427 4709 2698 4779 episcopio
2726 4709 2793 4765 de
2817 4710 3068 4766 omnibus
3112 4711 3271 4766 rebus
3317 4720 3373 4766 et
3402 4714 3768 4782 possessioni-

2184 4800 2314 4865 bus,
2361 4815 2495 4871 quas
2532 4801 2721 4856 iisdem
2767 4802 3250 4859 reverendissimus
3291 4812 3346 4859 et
3387 4806 3796 4862 sanctissimus

2183 4891 2374 4946 Audax
2426 4891 2480 4946 in
2531 4891 2778 4946 eamdem
2815 4894 3170 4959 canonicam,
3212 4909 3309 4964 pro
3353 4895 3597 4951 remedio
3651 4899 3771 4951 ani-

2186 5001 2286 5041 ιιτω
2314 5001 2425 5042 sua:
2455 4983 2652 5042 ibidem
2686 4977 3041 5043 militantibus
3083 4987 3331 5043 conferre
3375 4990 3526 5045 visus
3565 5000 3674 5054 est,
3717 4991 3767 5045 id

2183 5086 2268 5133 est
2297 5085 2506 5132 certem
2549 5091 2712 5130 unam
2740 5091 2861 5146 qua:
2899 5077 3098 5131 dicitur
3121 5076 3406 5144 Quartum,
3434 5085 3491 5132 et
3535 5079 3767 5132 alteram

2185 5166 2522 5222 curticellam
2563 5181 2684 5236 qua:
2717 5167 2913 5222 dicitur
2937 5166 3157 5232 Azanis,
3186 5167 3345 5222 sitam
3376 5167 3514 5222 ultra
3543 5166 3766 5222 ﬂuvium

2187 5258 2462 5314 Tanarum
2504 5273 2666 5328 quam
2711 5267 3022 5313 antecessor
3055 5257 3172 5326 ejus
3202 5256 3468 5313 Ehilulfus
3513 5259 3768 5314 Ecclesia:

2189 5351 2245 5406 S.
2288 5350 2472 5406 Maria:
2492 5349 2814 5415 contulerat,
2836 5363 2964 5403 cum
2993 5349 3244 5405 omnibus
3271 5349 3434 5404 rebus
3459 5360 3514 5405 et
3547 5350 3767 5405 familiis

2187 5442 2253 5495 ad
2293 5440 2580 5511 praedictas
2622 5439 2802 5494 certes
2845 5439 3275 5508 pertinentibus;
3328 5438 3600 5509 simulque
3644 5456 3765 5495 cum

2187 5532 2438 5587 omnibus
2485 5531 2708 5586 decimis
2756 5530 2823 5584 de
2867 5528 3073 5584 eisdem
3119 5528 3411 5593 solvendis,
3438 5537 3496 5582 ut
3539 5544 3636 5585 eas
3669 5529 3768 5584 sub

2187 5623 2334 5678 Omni
2381 5621 2690 5691 integritate
2729 5619 2974 5674 canonici
3022 5620 3086 5674 de
3128 5618 3353 5688 praefata
3399 5619 3683 5681 canonica,
3714 5630 3770 5674 et

2191 5715 2422 5771 ministri
2451 5727 2635 5768 eorum
2665 5712 2756 5780 qui
2795 5710 2994 5766 ibidem
3045 5726 3141 5780 pro
3181 5720 3424 5781 tempore
3457 5711 3768 5774 servierint,

2191 5808 2502 5878 possideant
2530 5804 2924 5873 disponantquc
2967 5801 3033 5855 ad
3073 5803 3319 5872 proprios
3357 5810 3412 5858 et
3457 5817 3769 5857 communes
