3920 5430
140 392 223 454 'lTl

137 521 256 564 usus
304 521 317 556 ε

140 598 292 651 dictat
333 592 538 661 regula,
584 592 786 661 absque
823 592 931 645 ulla
978 602 1159 646 nostra
1198 591 1280 646 vel
1322 607 1691 647 successorum

142 693 429 739 nostrorum
484 682 923 737 contradictione.
982 682 1112 737 Item
1166 683 1374 752 plebem
1425 698 1587 738 unam
1640 682 1695 736 in

142 775 385 829 honorem
412 770 468 826 S.
502 771 596 825 Dei
637 772 913 841 genitricis
954 772 1133 827 Marize
1162 772 1417 839 dicatam,
1447 773 1606 828 sitam
1640 771 1696 825 in

140 861 255 915 villa
293 876 411 930 qua:
445 860 643 915 dicitur
664 860 989 926 Pisentiaua,
1026 879 1143 917 cum
1171 863 1338 917 titulis
1367 872 1421 917 et
1444 863 1697 917 omnibus

142 949 357 1003 decimis
400 964 611 1027 eorum,
652 950 919 1019 simulque
964 968 1086 1007 cum
1132 954 1381 1008 omnibus
1432 954 1592 1008 rebus
1644 960 1699 1008 et

142 1038 349 1091 familiis
377 1039 441 1091 ad
472 1039 713 1093 eamdem
758 1040 966 1110 plebem
1011 1042 1424 1111 pertinentibus,
1459 1051 1513 1098 et
1556 1043 1701 1097 deci-

144 1142 251 1181 mas
300 1143 409 1183 sua:
456 1128 701 1184 Asteusis
750 1131 1003 1196 civitatis,
1036 1141 1089 1187 et
1140 1132 1388 1187 villarum
1444 1133 1699 1199 decimas,

140 1233 254 1287 qua:
300 1219 366 1271 ad
419 1233 575 1273 suam
631 1220 916 1276 ecclesiam
966 1238 1063 1292 pro
1117 1232 1355 1294 tempore
1402 1223 1701 1290 solvuntur,

140 1312 402 1380 simulque
445 1321 500 1366 et
551 1312 784 1376 vineam,
816 1329 935 1383 quae
981 1314 1226 1381 conjacet
1272 1330 1439 1385 prope
1490 1330 1704 1369 murum

142 1401 195 1452 S.
226 1400 427 1465 Mariae,
452 1417 556 1455 una
598 1417 721 1458 cum
761 1403 997 1459 claustro
1051 1413 1105 1459 et
1147 1405 1291 1459 omni
1332 1405 1446 1474 ejus
1488 1404 1707 1472 integri-

142 1499 263 1542 tate.
317 1488 443 1544 llmc
490 1498 669 1545 autem
724 1494 1109 1561 pnenomiuata
1157 1493 1271 1549 loca
1338 1494 1518 1548 omnia
1582 1508 1706 1548 cum

138 1580 473 1647 pertinentiis
513 1582 625 1636 suis
658 1590 713 1637 et
758 1583 997 1648 decimis,
1030 1583 1480 1654 quemadmodum
1514 1584 1581 1638 ab
1612 1597 1706 1639 eo-

137 1671 252 1723 dem
288 1672 634 1727 sanctissimo
673 1674 891 1730 Audace
932 1675 1183 1747 episcopo
1210 1677 1261 1732 in
1298 1678 1519 1747 prml'ata
1545 1694 1709 1733 cano-

137 1761 277 1824 nica,
305 1769 362 1815 ut
394 1761 592 1816 ibidem
623 1763 977 1821 militantibus
998 1782 1256 1823 concessa
1286 1779 1433 1835 sunt,
1460 1771 1711 1827 similiter

1274 385 1623 445 EPISTOLJE
1667 383 1751 441 ET
1790 384 2187 441 PRlVlLEGlA.

358 501 652 559 secundum
700 501 840 570 quod
891 498 1251 555 coclesiastica
1315 510 1369 555 et
1427 497 2015 566 canonicaAaﬁieitur
2073 499 2394 571 indigentiis.
2436 498 2714 570 Siquidem
2773 500 3126 558 barbarorum
3185 502 3381 573 gladiae

3265 386 3362 444 978

1795 598 2061 644 vastatum
2115 599 2372 662 tuumque
2430 590 2812 647 monasterium
2861 591 2929 648 ab
2981 593 3183 655 eisdem
3241 593 3373 663 igne

1796 690 2114 747 crematum,
2140 681 2400 737 malorum
2428 682 2705 738 hominum
2736 680 3078 738 infestatione
3108 691 3159 739 te
3191 683 3365 754 ipsum

1796 787 1918 828 cum
1954 772 2059 827 tuis
2090 772 2361 827 turbatum
2393 773 2661 839 audimus.
2697 775 2792 830 sed
2828 773 3214 830 misericordia:
3246 789 3365 827 om-

1797 864 2089 935 nipotentis
2116 864 2209 919 Dei
2239 873 2356 920 esto
2386 865 2513 919 ﬁsus
2533 907 2545 927 ,
2587 863 2977 935 beatorumque
3004 863 3367 935 apostolorum

1799 953 2066 1025 suﬂ'ragiis
2097 952 2341 1023 adjutus,
2382 954 2521 1022 quod
2560 954 2625 1009 ad
2671 955 2772 1009 hoc
2807 953 3132 1025 prasvaluisti
3163 962 3222 1007 ut
3251 960 3373 1022 post

1801 1051 1879 1099 tot
1922 1043 2125 1115 ﬂagella
2172 1045 2246 1099 tui
2292 1043 2493 1098 laboris
2536 1044 2831 1101 certamine
2873 1042 3157 1099 ecclesiam
3205 1042 3375 1111 ipsius

1802 1136 1880 1189 tui
1911 1135 2220 1190 monasterii
2260 1150 2430 1204 usque
2465 1134 2530 1189 ad
2566 1134 2775 1189 culmen
2805 1133 3032 1199 levares,
3060 1148 3220 1203 quam
3252 1148 3381 1187 cum

1805 1234 1917 1283 toto
1957 1235 2047 1279 tuo
2086 1225 2415 1280 monasterio
2454 1225 2553 1279 sub
2591 1224 2880 1294 apostolica
2913 1232 3096 1278 nostra
3128 1222 3383 1286 tuitione,

1804 1315 2251 1385 quemadmodum
2299 1314 2398 1369 sub
2446 1323 2851 1367 antecessorum
2894 1320 3203 1367 nostrorum
3246 1320 3380 1365 tem-

1804 1424 1934 1481 pore
1966 1408 2085 1473 l'uit,
2121 1424 2220 1478 pro
2254 1422 2436 1463 amore
2466 1407 2524 1460 Β.
2558 1406 2801 1462 Silvestri
2826 1405 3096 1476 pontiﬁcis
3121 1405 3381 1460 Romanae

1807 1500 1949 1556 sedis
1978 1500 2062 1555 cui
2093 1501 2200 1554 Deo
2225 1506 2443 1554 auctore
2473 1498 2821 1563 deservimns,
2857 1496 3195 1551 decernimus
3237 1510 3382 1559 esse,

1808 1600 1863 1647 et
1911 1599 1964 1646 te
2008 1591 2315 1659 ubicunque
2360 1586 2615 1656 adjuvare
2662 1596 2714 1641 ct
2757 1596 3039 1657 protegere
3092 1585 3382 1649 debemus,

1807 1679 2066 1753 pontiﬁcii
2108 1678 2277 1733 nostri
2311 1678 2584 1733 dexteram
2622 1677 2851 1731 libenter
2890 1675 3258 1745 porrigemus,
3295 1673 3385 1726 ﬁro

1809 1780 2019 1826 mantcs
2048 1783 2379 1838 qutecunque
2405 1768 2471 1821 ab
2496 1782 2610 1822 :evo
2646 1765 2916 1837 religioso,
2946 1774 2996 1821 et
3040 1773 3225 1819 sancta
3256 1778 3385 1817 con-

136 1860 318 1906 nostra
356 1854 656 1922 apostolica
687 1858 1006 1913 auctoritate
1045 1860 1378 1916 stabilientes
1408 1862 1706 1927 ﬁrmamus,
1739 1846 1782 1905 Β
1811 1875 1960 1914 cessa
1990 1857 2269 1928 privilegia
2310 1865 2401 1912 tuo
2442 1854 2592 1911 luere
2634 1855 2963 1909 monasterio
2990 1852 3383 1907 Nonantulano.

134 1953 187 1996 et
222 1944 273 1997 iu
318 1953 639 2014 perpetuum
670 1948 854 2018 quieto
906 1958 960 2003 et
1002 1949 1228 2019 paeitico
1258 1952 1446 2005 ordine
1486 1967 1577 2006 eos
1618 1952 1711 2007 de-

118 2034 404 2089 cernimus
437 2036 537 2092 sub
576 2040 721 2093 omni
760 2040 1070 2111 integritate
1102 2042 1399 2111 possidere.
1430 2043 1713 2098 Contradi-

136 2130 305 2183 cimus
334 2139 518 2184 autem
561 2132 853 2201 apostolica
886 2134 1164 2189 sanctione
1206 2142 1265 2188 ut
1305 2133 1500 2189 nullius
1530 2134 1709 2201 oﬁicii,

134 2217 214 2271 vel
262 2218 550 2285 dignitatis
600 2236 827 2291 persona
875 2223 1093 2278 eosdem
1134 2223 1445 2288 canonicos,
1482 2224 1571 2293 qui
1617 2238 1715 2293 per

132 2317 377 2377 tempora
431 2311 485 2365 in
519 2309 631 2379 jam
683 2312 824 2367 dicta
867 2313 1128 2367 canonica
1170 2310 1369 2367 fuerint
1412 2313 1712 2379 constituti,

130 2401 439 2469 inquietare
486 2403 551 2458 de
595 2402 681 2458 his
715 2418 837 2472 quae
873 2404 1119 2473 superius
1154 2405 1354 2474 scripta
1393 2413 1536 2469 sunt,
1570 2414 1623 2459 et
1661 2405 1714 2459 in

125 2495 313 2549 cadent
341 2494 606 2549 canonica
632 2510 889 2552 concessa
910 2504 1056 2560 sunt,
1082 2496 1287 2565 absque
1310 2495 1468 2567 longe
1498 2496 1712 2551 audeat.

130 2588 233 2642 Sed
264 2588 446 2659 magis
482 2588 758 2659 tnagisque
784 2603 1063 2644 monemus
1091 2598 1379 2659 quatenus,
1411 2588 1719 2659 quicunque

126 2680 449 2747 prmvaleut,
484 2680 829 2752 praefatorum
871 2680 1234 2751 apostolorum
1279 2696 1463 2736 amore
1499 2682 1719 2736 canoni—

129 2772 205 2827 cis
232 2772 349 2841 jam
397 2773 561 2827 dictze
608 2772 881 2827 canonicze
922 2770 1245 2839 adjutorium
1292 2770 1597 2842 praebeant.
1639 2770 1719 2826 uti

126 2864 493 2933 omnipotenti
554 2863 782 2917 Domino
846 2854 1253 2918 omni-remota
1312 2862 1720 2932 perturbatione

128 2965 327 3011 cuncto
352 2954 568 3010 servire
599 2954 813 3008 valeant
844 2962 1101 3022 tempore.
1133 2951 1476 3022 Privilegium
1508 2966 1721 3021 quoque

122 3045 266 3113 quod
326 3044 396 3099 de
452 3043 730 3114 prmdictis
783 3043 975 3108 rebus,
1020 3049 1074 3096 et
1120 3041 1571 3112 possessionibus,
1625 3055 1719 3095 seu

123 3134 385 3197 decimis,
444 3148 513 3187 ae
546 3133 827 3203 plebibus,
875 3130 958 3186 vel
1007 3133 1249 3186 curtibus
1298 3147 1420 3186 ctuu
1470 3131 1720 3186 omnibus

120 3240 311 3278 eorum
349 3223 703 3293 pertinentiis
746 3222 892 3287 fecit,
933 3222 1357 3290 prrenominatus
1387 3221 1595 3287 Audax,
1628 3236 1716 3276 ve-

120 3314 386 3370 uerabilis
422 3313 717 3384 episcopus
746 3313 798 3366 in
830 3312 1083 3383 prtedicta
1109 3312 1371 3366 canonica
1411 3320 1466 3366 et
1495 3311 1719 3366 canoni-

118 3406 199 3460 cis
226 3404 351 3475 ejus
382 3405 441 3459 in
474 3413 791 3475 perpetuum
819 3402 1099 3467 stabilivit,
1122 3402 1284 3458 etiam
1317 3403 1715 3467 inconcussum,

118 3512 216 3565 per
266 3499 420 3552 hanc
475 3506 717 3550 nostram
770 3495 1119 3566 apostolicam
1168 3496 1571 3561 auctoritatem,
1606 3494 1719 3551 fore

115 3588 443 3642 statuimus.
480 3585 539 3641 Si
568 3586 687 3655 quis
733 3593 913 3641 autem
951 3594 1143 3640 contra
1182 3592 1421 3640 nostram
1460 3584 1718 3653 apostoli-

113 3694 237 3732 cam
292 3693 598 3735 censuram
650 3678 730 3732 ire
776 3677 1208 3748 praesumpserit,
1262 3684 1316 3730 et
1360 3676 1603 3731 minuere
1655 3676 1720 3730 de

116 3772 281 3827 rebus
320 3759 607 3841 p°razdictze
636 3770 910 3825 canonicze
944 3777 1169 3825 conatus
1211 3768 1392 3832 fuerit,
1426 3776 1519 3823 aut
1558 3756 1747 3838 priri?

112 3862 321 3933 legium
355 3863 430 3916 dc
469 3861 557 3916 bis
598 3862 864 3915 ﬁrmatum
897 3859 1141 3930 frangere
1169 3874 1386 3927 quoquo
1418 3858 1574 3913 modo
1605 3868 1723 3912 ten-

109 3955 338 4019 taverit,
375 3953 451 4009 sit
486 3969 516 4006 a
541 3952 813 4007 liminibus
842 3960 1044 4007 sancta:
1077 3951 1167 4006 Dei
1200 3951 1454 4006 Ecclesize
1475 3960 1717 4015 exteros,

107 4048 291 4102 donec
337 4046 659 4117 resipiscat,
698 4053 754 4102 et
795 4045 859 4099 ad
904 4045 1121 4116 plenam
1165 4044 1343 4098 veniat
1384 4044 1720 4098 sacerdotum

106 4140 590 4195 satisfactionem.
625 4137 896 4207 Scriptum
923 4152 1017 4205 per
1055 4152 1273 4191 manum
1307 4133 1719 4199 Melchisedech,

104 4227 553 4299 protoscrinarii
602 4227 746 4283 sedis
799 4236 1025 4293 nostrai,
1067 4226 1121 4280 in
1179 4239 1363 4280 mense
1417 4224 1584 4289 Maio,
1639 4222 1723 4277 in-

105 4323 360 4378 dictione
402 4319 504 4375 10.

401 4412 448 4480 τ
495 4408 636 4464 Bene
678 4407 872 4463 valete.
912 4409 952 4479 ιι-

1811 1953 1886 2007 De
1913 1961 2108 2005 cretero
2137 1950 2182 2004 si
2217 1949 2282 2003 ad
2309 1947 2728 2003 consecrandam
2763 1948 2835 2001 tui
2867 1946 3177 2002 monasterii
3213 1944 3387 2000 eccle-

1808 2043 1945 2098 siam
1967 2041 2273 2111 episcopum
2302 2038 2635 2108 quaaris,hoc
2660 2047 2900 2107 tempore
2931 2037 3178 2091 uolumus
3206 2045 3264 2091 ut
3293 2036 3389 2090 ali-

1809 2147 1967 2201 quem
2000 2131 2067 2185 ad
2098 2129 2523 2186 consecrandam
2564 2127 2734 2198 ipsam
2764 2127 3045 2183 ecclesiam
3087 2142 3241 2197 roges
3283 2126 3388 2181 nisi

1810 2222 2071 2278 Joannem
2098 2220 2353 2275 venerab.
2381 2218 2719 2273 Ticinensent
2748 2218 3074 2288 episcopum,
3107 2227 3201 2273 aut
3230 2218 3370 2273 Vido

1813 2331 1936 2371 nem
1967 2314 2360 2378 Placentinum,
2395 2312 2477 2367 vel
2504 2312 2801 2382 Elbungum
2838 2311 3206 2377 Parmensem,
3237 2326 3374 2364 reve

1814 2406 2171 2462 reudissimos
2202 2405 2506 2476 episcopos,
2536 2403 2603 2460 de
2641 2403 2726 2458 his
2766 2403 2933 2458 tribus
2972 2402 3184 2472 qualem
3211 2401 3393 2458 volue-

1814 2499 1891 2554 ris
1918 2498 2076 2553 induc
2101 2498 2167 2553 ad
2193 2496 2613 2552 consecrandum
2647 2504 2793 2551 tuam
2820 2495 3130 2552 ecclesiam.

2556 2607 2662 2663 Vll.

1898 2715 2065 2758 SERGII
2108 2716 2168 2756 Ill
2208 2714 2548 2756 PRIVILEGIUM
2588 2714 2688 2753 [δΒο
2725 2715 2977 2755 ECCLESIA
3010 2716 3309 2757 VIENNENSK.

2428 2789 2607 2861 (Anno
2640 2789 2790 2860 908.)

1823 2881 2069 2937 Ecclesia
2103 2879 2408 2936 Viennensis
2429 2876 2709 2949 privilegia,
2747 2888 2795 2932 et
2832 2878 3179 2949 possessiones
3204 2882 3396 2947 confir-

1890 2964 1997 3006 mat
2025 2952 2170 3022 eique
2200 2946 2503 3022 nominatim
2531 2946 3016 3003 lllaurianeuscmet
3045 2946 3393 3019 Segusianam

1891 3020 2153 3077 Ecclesia:
2181 3020 2388 3075 asserit.

1896 3130 2108 3203 [Bosco,
2133 3127 2450 3183 Bibliotheca
2474 3126 2853 3195 Floriacensis,
2883 3128 3003 3184 hev.
3041 3138 3183 3201 xyst.
3212 3128 3336 3203 57.}

1894 3221 2125 3276 SERGIUS
2156 3219 2468 3289 episcopus,
2520 3231 2709 3273 servus
2759 3233 3039 3273 servorum
3092 3218 3214 3280 Dei,
3248 3212 3409 3274 rere;

1821 3313 2140 3369 rendissimo
2174 3319 2229 3367 et
2263 3309 2607 3365 sanctissimo
2635 3308 2893 3364 confratri
2920 3318 3105 3364 nostro
3141 3308 3396 3364 ALEXAN-

1821 3418 1951 3470 eao,
2002 3409 2205 3457 sanctae
2256 3399 2575 3455 Viennensis
2649 3399 2902 3454 Ecclesiae
2956 3398 3409 3471 archiepiscopo,

1820 3502 1872 3548 et
1902 3507 1999 3562 per
2022 3498 2075 3546 te
2101 3487 2353 3544 Ecclesia:
2383 3495 2486 3541 tua:
2539 3487 2589 3540 in
2642 3495 2980 3557 perpetuum.

1891 3582 2025 3638 Cum
2075 3594 2269 3651 magna
2315 3579 2469 3633 nobis
2507 3578 2867 3633 sollicitudine
2899 3578 3099 3633 insistit
3139 3592 3267 3634 cura
3298 3594 3411 3650 pro:

1820 3671 2087 3729 universis
2111 3670 2203 3725 Dei
2234 3668 2484 3724 Ecclesiis
2510 3682 2574 3722 ac
2618 3668 2722 3737 piis
2770 3666 2901 3722 locis
2928 3667 3180 3739 vigilare,
3208 3684 3275 3723 ne
3296 3670 3398 3723 ali«

1821 3778 1981 3836 quam
2012 3760 2351 3817 necessitatis
2396 3759 2664 3829 jacturam
2721 3759 3058 3825 sustineant,
3092 3760 3185 3815 sed
3226 3761 3407 3831 magis

1822 3854 2053 3927 propriae
2078 3851 2323 3906 utilitatis
2348 3850 2611 3919 stipendia
2642 3858 3046 3919 consequantur
3075 3868 3087 3903 :
3114 3851 3233 3906 ideo
3261 3867 3401 3906 con-

1822 3948 1968 4003 venit
1991 3960 2086 4001 nos
2105 3942 2363 4015 pastorali
2394 3950 2501 3996 tota
2525 3940 2725 3997 mentis
2747 3940 3053 4012 integritate
3083 3944 3405 3998 eorutndem

1823 4035 2206 4094 venerabilium
2248 4033 2485 4088 locorum
2515 4032 2746 4086 maxime
2774 4031 3081 4087 stabilitatis
3112 4033 3392 4101 integrita-

1825 4139 1932 4185 tem
1958 4141 2271 4198 proeurare,
2298 4132 2354 4178 et
2378 4122 2564 4179 sedqu
2586 4137 2772 4178 eorum
2795 4121 3120 4178 utilitatibus
3147 4123 3392 4178 subsidia

1824 4217 2088 4281 conferre,
2116 4224 2175 4271 ut
2203 4215 2427 4270 Domino
2463 4221 2518 4269 et
2561 4212 2672 4267 Deo
2696 4221 2881 4267 nostro
2931 4213 3319 4281 omnipotenti,
3345 4212 3403 4265 id

1823 4307 1966 4379 quod
1995 4320 2093 4375 pro
2113 4302 2227 4373 ejus
2256 4302 2435 4358 sancti.
2459 4300 2691 4356 neminis
2714 4300 2933 4363 honore,
2962 4301 3124 4354 etiam
3157 4308 3211 4354 et
3240 4301 3417 4357 laude

1827 4406 1989 4467 atque
2015 4394 2181 4466 gloria
2207 4391 2399 4448 divina:
2427 4389 2741 4459 majestatis,
2773 4388 3169 4443 venerabilibus
3184 4399 3413 4444 certum!

174 4501 377 4557 Nonas
403 4497 605 4561 Maias,
633 4513 729 4566 per
758 4512 975 4551 manum
1002 4493 1268 4550 Theodori
1300 4489 1718 4548 archicancella-
1747 4494 1797 4553 D
1824 4500 1905 4546 est
1933 4504 2031 4544 nos
2051 4486 2345 4544 contulisse
2375 4484 2530 4548 locis,
2577 4484 2648 4537 sit
2687 4482 3030 4553 acceptabil'e,
3070 4492 3124 4537 et
3146 4484 3302 4539 nobis
3329 4486 3397 4538 ab

103 4594 167 4647 rii
200 4593 358 4648 sedis
391 4588 740 4660 apostolicae,
770 4603 934 4652 anno,
957 4587 1067 4641 Deo
1093 4585 1344 4656 prOpitio,
1378 4583 1722 4654 pontiﬁcatus

101 4686 164 4738 Ι).
195 4683 393 4753 Sergii
428 4680 635 4735 summi
676 4688 824 4749 pont.
855 4688 910 4733 et
946 4677 1262 4732 universalis
1296 4677 1443 4733 orbis
1473 4689 1642 4747 papte,
1668 4672 1722 4727 in

100 4780 487 4832 sacrosancta
528 4771 582 4824 Β.
612 4771 754 4825 Petri
787 4770 1037 4841 apostoli,
1069 4769 1255 4824 indict.
1281 4769 1366 4824 ll.

907 4880 990 4936 γι.

133 4995 416 5033 Εριδτοω
465 4988 646 5029 senon
695 4990 753 5027 ιιι
801 4990 868 5027 AD
919 4987 1231 5028 Leomanuu
1276 4979 1707 5033 NONAM‘ULASL'I

807 5058 1070 5097 ADBATEM.

755 5134 774 5205 (
788 5136 941 5188 Anno
978 5134 1123 5203 907.)

445 5226 767 5281 Monasterii
812 5225 1074 5295 privilegia
1114 5223 1410 5302 conﬁrmat.

498 5314 680 5387 [Apud
706 5313 926 5381 Ughelli,
949 5312 1093 5379 ibid.,
1121 5318 1235 5364 tom.
1260 5316 1370 5408 1L]

1825 4582 1943 4651 ejus
1969 4576 2386 4646 locupletissima
2423 4574 2791 4629 misericordia
2823 4574 3059 4643 dignum,
3091 4573 3417 4643 hujusmodi‘

1827 4671 1900 4741 pii
1926 4668 2107 4739 operis
2132 4667 2185 4721 in
2216 4665 2442 4721 sidereis
2466 4663 2775 4719 conferatur
2819 4664 3055 4728 arcibus,
3090 4662 3421 4718 remunera-'

1830 4759 1974 4814 tione
2021 4764 2297 4826 perpetua.
2347 4754 2515 4823 Igitur
2567 4753 2692 4822 quia
2720 4753 2853 4823 petit
2891 4754 3151 4808 sanctitas
3180 4762 3312 4817 tua,
3345 4761 3409 4805 ut

1833 4858 2031 4905 sancta:
2060 4846 2347 4903 Viennensi
2383 4842 2658 4907 Ecclesite,
2691 4845 2799 4909 cui,
2838 4845 2948 4899 Deo
2996 4852 3236 4908 auctore,
3259 4857 3403 4912 pree-

1833 4955 1957 4997 esse
1982 4936 2201 5000 videris,
2230 4933 2565 5005 privilegium
2608 4932 2969 4998 ﬁrmaremus,
3012 4932 3255 4986 inclinati
3286 4944 3409 5001 pre-

1827 5032 1993 5093 cibus
2027 5028 2155 5095 tuis,
2181 5042 2277 5096 per
2305 5025 2463 5095 hujus
2491 5023 2667 5077 neStri
2700 5025 2961 5095 privilegii
3007 5021 3289 5090 paginam,
3316 5018 3417 5072 tibi
3432 5030 3441 5047 -·

1830 5128 2053 5191 tumque
2074 5117 2181 5188 jam
2203 5116 2357 5171 dictas
2379 5113 2671 5169 Viennensi
2694 5113 2947 5169 Ecclesia:
2968 5109 3322 5173 roboramus,
3349 5110 3433 5191 at:

1828 5186 2253 5286 quc—perpetua
2300 5202 2594 5260 stabilitate
2647 5202 2941 5264 ﬁrmamus,
2988 5208 3348 5267 quicumque
3375 5186 3451 5242 αεὶ

1829 5306 2045 5346 νηί..-
