4038 6438
455 331 627 417 ,ω

513 537 767 593 onmibus
794 537 974 608 itaque
1024 553 1143 608 qnze
1179 554 1208 594 a
1247 541 1734 610 prmlccessoribus
1763 544 1962 602 nostris
1995 545 2101 601 tuis

516 629 709 683 collata
763 638 889 686 sunt
933 629 1442 700 praidccessoribus,
1484 632 1623 686 idem
1649 634 1988 706 privilegium
2013 637 2098 691 in-

513 734 836 774 concussum
864 729 1024 789 atque
1040 719 1368 786 inviolabile,
1392 732 1495 776 tua:
1515 723 1758 778 ecclesiae
1781 739 2102 796 permanere

514 812 568 867 in
594 822 912 882 perpetuum
941 827 1242 867 censemus.
1277 813 1706 871 Consuetudines
1726 825 1819 871 aut
1856 834 1974 887 qua:
1999 835 2098 873 an-

513 903 747 959 nualiter
782 903 1010 974 persolvi
1059 913 1160 958 tute
1194 905 1391 961 debent
1421 907 1682 975 ecclesiae,
1714 917 1822 964 tam
1855 927 1886 966 a
1909 911 2100 977 suifra-

509 995 718 1065 gaueis,
746 1010 908 1066 quam
949 996 1014 1049 de
1063 997 1320 1051 omnibus
1349 999 1595 1055 ccclesiis
1632 1001 1772 1055 infra
1820 989 2097 1060 dioecesim

515 1101 660 1145 tuam
709 1091 1036 1156 constitutis,
1082 1091 1370 1161 jubemus,
1423 1102 1478 1148 et
1527 1094 1818 1164 apostolica
1867 1111 2096 1152 censura

511 1182 884 1252 pnecipimus,
931 1185 1137 1254 absque
1174 1201 1323 1240 mora
1364 1195 1419 1242 et
1471 1188 1823 1244 excusatione
1870 1189 2095 1260 expleri.

512 1272 622 1328 llcs
646 1289 996 1345 quascunque
1023 1276 1226 1332 habere
1266 1286 1356 1332 aut
1395 1277 1650 1334 habuisse
1673 1280 1993 1336 Viennensis
2021 1267 2100 1346 vié

511 1366 675 1421 detur
714 1367 978 1432 Ecclesia,
1001 1385 1096 1424 seu
1146 1369 1380 1426 familias
1407 1370 1561 1442 (servi
1612 1371 1865 1444 eccleaiw)
1896 1381 1952 1428 et
1985 1388 2099 1429 ser-

511 1473 607 1512 vos
634 1458 915 1529 utriusque
946 1475 1127 1527 sexus,
1181 1461 1234 1515 in
1287 1462 1698 1533 quibuscunquc
1728 1464 2016 1520 territoriis
2044 1473 2102 1520 et

510 1549 663 1614 locis,
713 1549 828 1604 sive
871 1551 979 1604 sint
1007 1568 1036 1605 a
1067 1552 1307 1622 regibus,
1339 1553 1452 1608 sive
1474 1569 1503 1606 a
1536 1555 1639 1624 piis
1682 1555 1990 1610 hominibus
2023 1553 2096 1609 illi

510 1643 1065 1705 concesseaeteruali
1109 1644 1234 1713 jure
1281 1644 1578 1715 possidere,
1612 1662 1706 1702 eas
1743 1648 1836 1703 tibi
1883 1648 2099 1717 tuisque

509 1737 916 1791 successoribus
941 1737 1349 1794 confirmamus.
1381 1739 1449 1794 Et
1497 1755 1619 1810 qua:
1639 1741 2094 1796 admotlum.......

1859 337 2084 395 SERGII
2120 339 2322 398 ΡΑΡΒ
2359 339 2424 395 ω

517 441 617 514 res,
651 461 812 519 super
836 455 1043 521 septem
1065 447 1371 518 provincias
1393 456 1495 504 tutu
1521 448 1587 505 fet
1607 450 1649 506 it
1677 427 2094 510 licel:si:e.Cum
2124 461 2176 520 Α

2887 492 2891 496 ι
2930 461 3054 517 Vill.

2235 561 2260 590 ⁸
2301 565 2553 607 εριετοω
2592 569 2763 610 ιειιαιι
2804 572 2862 612 Ill
2910 573 2978 614 AD
3028 573 3283 613 BOGEBUI
3323 573 3751 613 ιιιηιςιιεειιδει

2834 664 3152 704 εριδοοιιυιι.

2820 731 3001 802 (Anno
3025 733 3175 800 9H.)

2653 819 2862 891 "egero
2887 824 3121 894 ,pullium
3152 827 3331 879 mittit.

2237 903 2411 978 [Apud
2440 907 2809 982 Lappenberg,
2838 911 3032 967 Humb.
3073 912 3201 976 Urit,
3237 924 3367 969 tom.
3401 913 3452 976 l,
3478 929 3600 984 pag.
3635 911 3751 982 37.}

2271 998 2522 1066 SEBGIUS,
2545 1001 2832 1072 episcopus
2853 1013 2908 1057 et
2941 1018 3131 1059 servus
3159 1019 3440 1058 servomm
3471 1003 3569 1057 Dei
3594 1041 3610 1067 ,
3637 1017 3783 1055 reve-

2203 1092 2526 1147 rendissimo
2563 1103 2618 1150 et
2654 1096 3001 1151 sanctissimo
3066 1097 3312 1162 llocnno,
3371 1105 3578 1152 sanctae
3626 1095 3787 1149 llam-

2198 1181 2480 1254 burgensis
2521 1185 2764 1242 ecclesiae
2813 1187 3088 1257 episcopo,
3130 1187 3483 1258 apostolicam
3533 1188 3786 1242 benedic-

2201 1273 2401 1330 tionem
2444 1286 2498 1331 et
2538 1292 2636 1348 per
2662 1278 2894 1350 gratiam
2925 1278 3018 1334 Dei
3043 1289 3263 1334 internae
3316 1280 3440 1334 vita:
3487 1279 3786 1348 promereri

2190 1368 2463 1437 requiem.

2271 1459 2327 1514 Si
2367 1470 2612 1529 pastores
2647 1464 2828 1519 ovium
2883 1463 3050 1519 solem
3097 1464 3327 1534 geluque
3361 1478 3464 1532 pro
3491 1463 3676 1532 gregis
3704 1463 3788 1516 sui

2199 1550 2444 1604 custodia
2474 1551 2561 1607 die
2615 1568 2679 1608 ac
2717 1561 2876 1608 nocte
2920 1553 3071 1608 ferre
3100 1554 3338 1608 contenti
3371 1561 3522 1615 sunt.
3545 1563 3604 1607 et
3634 1563 3694 1606 ut
3722 1570 3789 1605 ne

2197 1656 2581 1714 qua...........,
2632 1643 2962 1714 judicamur.
3000 1644 3224 1698 Pallium
3278 1653 3460 1698 autem
3509 1643 3790 1698 sanctitati

2201 1740 2304 1785 tua:
2323 1733 2458 1787 ad...
2482 1732 2686 1801 Mariae,
2713 1735 2981 1805 simulque
2997 1736 3048 1789 in
3072 1736 3353 1791 dominica:
3376 1735 3590 1789 Domini
3617 1735 3790 1788 nostri

508 1827 880 1884 Guntramnus
913 1845 1004 1884 rex
1033 1831 1320 1887 ecclesiam
1349 1831 1816 1889 Mauriannensem
1849 1849 1946 1904 per
1967 1850 2093 1890 con-

2203 1821 2328 1877 .lcsu
2362 1824 2566 1879 Christi
2598 1827 2898 1882 nativitatis
2941 1827 3048 1892 die,
3080 1829 3393 1897 pariterque
3438 1827 3493 1881 in
3531 1826 3790 1881 solemni-

511 1938 730 1990 sensum
802 1924 1112 1993 apostolicae
1183 1925 1348 1992 sedis,
1411 1941 1536 1980 cum
1619 1927 1873 1982 omnibus
1942 1929 2096 1998 pagis

508 2011 621 2064 suis
647 2011 942 2082 subjectum
969 2011 1092 2082 jure
1121 2015 1345 2085 perenni
1377 2025 1581 2072 sanetae
1617 2016 1911 2072 Viennensi
1968 2019 2098 2073 fecit

510 2105 776 2171 ecclesia},
804 2106 874 2160 ita
900 2124 1004 2160 una
1042 2123 1162 2162 eum
1193 2108 1423 2164 ecclesia
1448 2109 1746 2179 Segusiana
1768 2121 1822 2165 et
1852 2111 2099 2166 ecclesiis

507 2194 574 2254 de
600 2195 786 2250 eadem
810 2196 946 2252 valle
972 2198 1038 2251 ad
1067 2214 1188 2253 eam
1215 2200 1635 2268 pertinentibus,
1667 2210 1722 2256 et
1766 2219 1890 2256 cum
1917 2203 2096 2256 omni-

505 2290 608 2344 lms
637 2290 804 2360 pagis,
835 2291 1105 2361 integrum
1131 2307 1252 2346 eam
1292 2291 1367 2347 illi
1396 2293 1699 2361 subjectum
1739 2310 1863 2350 esse
1914 2296 2096 2349 firma-

506 2395 646 2451 mus.
677 2379 1093 2446 lntcrdiecntes,
1127 2391 1190 2436 ιιι
1216 2383 1396 2439 nullus
1424 2400 1686 2455 unquam,
1717 2384 2087 2456 cujuscunque

506 2473 577 2532 sit
607 2471 908 2542 dignitatis,
937 2474 1021 2530 vel
1052 2475 1260 2530 ordinis
1299 2478 1486 2542 homo,
1531 2486 1583 2533 te
1615 2479 1698 2534 vel
1751 2495 2096 2536 successores

507 2574 648 2627 suos,
679 2572 770 2617 aut
819 2574 963 2620 tuam
1009 2566 1324 2632 Ecclesiam,
1367 2585 1462 2624 sua
1517 2570 1780 2641 dignitate
1829 2572 1882 2626 in
1915 2573 2096 2644 aliquo

506 2654 749 2708 minuere
773 2665 1090 2724 primumut;
1135 2658 1228 2714 sed
1260 2657 1331 2712 ita
1368 2673 1560 2715 outnes
1589 2659 1774 2716 ﬁdeles
1817 2661 1957 2717 hanc
1993 2678 2094 2722 no-

505 2753 676 2799 stram
699 2745 1049 2814 apostolicam
1085 2747 1508 2803 admonitionem
1539 2749 1833 2806 observare
1851 2751 2096 2822 prmcipi-

504 2849 648 2899 mus,
697 2841 754 2888 ut
788 2844 1007 2892 servata
1038 2835 1340 2893 reverentia
1385 2839 1627 2905 honoris,
1659 2839 2093 2898 benedictionem

506 2922 740 2982 habeant
782 2933 1093 2982 nostrorum
1120 2928 1487 2998 apostolorum
1528 2941 1586 2986 et
1624 2940 1869 2986 nostram
1899 2947 1915 2986 :
1947 2942 2001 2989 et
2025 2950 2092 2989 ex

512 3005 640 3068 hinc
666 3026 977 3070 sanctorum
1005 3033 1274 3074 canonum
1315 3020 1399 3074 vel
1436 3035 1559 3076 cum
1609 3021 1857 3077 instituta
1884 3023 2090 3079 illiinta

505 3103 880 3174 permaneant,
938 3107 1093 3162 nobis
1147 3107 1283 3163 lucri
1344 3109 1684 3178 potissimum
1737 3113 2018 3180 praemium
2059 3133 2087 3167 a

505 3198 786 3253 coit-litore
829 3199 1070 3253 omnium
1115 3200 1225 3256 Deo
1256 3201 1589 3261 conferatur.
1646 3202 1706 3258 Si
1737 3205 1860 3273 quis
1906 3213 2086 3260 autem

505 3289 646 3360 quo!
673 3307 778 3344 non
803 3299 1069 3360 optamus,
1105 3291 1312 3347 nefario
1353 3309 1488 3349 ausu
1535 3296 1956 3366 praisumpserit,
2009 3297 2094 3352 his

505 3398 625 3450 qua:
673 3397 702 3435 a
733 3382 886 3437 nobis
919 3383 985 3437 ad
1013 3382 1221 3438 laudem
1263 3385 1355 3439 Dei
1406 3402 1505 3456 pro
1547 3386 1720 3442 salute
1757 3396 1860 3442 tute
1892 3397 2094 3444 saneta:

509 3459 765 3527 Ecclesia:
816 3482 1016 3528 statuta
1067 3485 1215 3540 sunt,
1267 3475 1529 3548 refragari
1579 3487 1671 3532 aut
1717 3479 1771 3534 in
1819 3496 2090 3550 quoquam

505 3563 830 3640 transgredi,
869 3564 1006 3621 sciat
1026 3581 1084 3620 se
1105 3566 1468 3622 anathematis
1496 3567 1716 3623 vinculo
1748 3569 2090 3634 iunodatum,

505 3661 560 3708 et
587 3670 710 3707 cum
734 3653 953 3709 diabolo
1000 3664 1056 3709 et
1099 3655 1218 3725 cjus
1261 3657 1621 3714 atrocissimis
1661 3659 1896 3729 pompis,
1929 3670 2093 3731 atque

503 3746 640 3802 Juda
669 3748 930 3802 traditore
985 3749 1196 3804 Domini
1242 3751 1412 3806 nostri
1454 3749 1580 3806 Jesu
1627 3750 1858 3817 Christi,
1903 3754 2092 3808 mterui

506 3836 742 3892 incendii
764 3839 1026 3908 supplicio
1040 3842 1500 3898 concremandum
1520 3843 1854 3914 deputatum.
1871 3846 1943 3902 At
1964 3860 2094 3901 vero

506 3929 595 3998 qui
630 3930 719 3999 pio
767 3931 962 3989 intuitu
991 3932 1337 3998 observator,
1368 3945 1424 3988 et
1452 3936 1505 3989 in
1540 3936 1790 3994 omnibus
1825 3939 2093 3993 exstiterit

507 4022 820 4076 custodiens
842 4023 1004 4092 hujus
1031 4023 1202 4079 nostri
1234 4026 1514 4094 apostolici
1551 4028 1858 4093 constituti,
1889 4031 1955 4083 ad
1979 4030 2091 4084 cul.

507 4120 619 4164 tum
645 4110 740 4165 Dei
767 4111 1085 4180 respiciens,
1114 4113 1506 4170 benedictionis
1556 4118 1785 4186 gratiam
1821 4133 1850 4170 a
1883 4119 2090 4174 miscri-

504 4204 826 4260 oordissimo
853 4203 1081 4258 Domino
1113 4205 1222 4260 Deo
1257 4214 1464 4270 nostro,
1503 4207 1875 4277 multipliciter
1899 4223 2090 4264 conse-

504 4306 711 4367 quatur
761 4305 816 4356 et
882 4297 1008 4356 vitre
1075 4309 1294 4354 aeterm:
1356 4299 1627 4371 parti-.eps
1682 4300 1825 4358 efﬁci
1883 4315 2089 4357 merea-

505 4400 611 4448 tur.

575 4478 850 4549 Scriptum
879 4495 978 4549 per
1006 4497 1228 4537 manum
1255 4479 1430 4552 Sergii
1466 4482 1715 4537 seriuarii
1742 4492 1940 4539 sanctas
1974 4484 2085 4539 Ro-

503 4585 676 4623 manae
703 4569 986 4638 Ecclesiae,
1029 4572 1083 4628 in
1136 4589 1322 4629 mense
1373 4573 1532 4640 Maio,
1585 4574 1776 4629 indict.
1817 4577 1905 4630 ll.
1943 4575 2088 4633 Bene

501 4658 695 4714 valete.

576 4749 708 4804 Data
743 4766 831 4805 xtv
885 4750 1107 4808 Kalend.
1130 4753 1284 4819 Julii,
1306 4771 1402 4825 per
1435 4772 1653 4811 manum
1681 4757 1943 4827 Stephani
1973 4757 2085 4828 pri-

499 4842 708 4897 micerii
742 4843 1087 4898 defensorum
1118 4857 1322 4901 sanctae
1362 4849 1505 4902 sedis
1551 4848 1878 4918 apostolicae.
1905 4847 2084 4913 Anno,

501 4933 614 4987 Deo
637 4935 890 5004 propitio,
922 4937 1268 5005 ponLil‘tcatus
1296 4938 1497 4993 domini
1529 4939 1700 5009 Sergii
1739 4938 1827 5004 ΠΙ,
1869 4939 2081 5010 ροηιίῐὶο

499 5021 656 5076 eiset
685 5022 1010 5079 universalis
1059 5041 1234 5096 papte,
1274 5028 1326 5082 in
1359 5029 1728 5087 sacratissima
1770 5029 1898 5088 sede
1941 5030 2085 5105 διεξιιί

500 5111 652 5174 l‘ctri
674 5116 922 5190 apostoli,
951 5117 1171 5193 quinto,

570 5351 596 5380 ι
635 5339 692 5395 ln
723 5341 826 5418 hac
848 5343 988 5398 bulla
1018 5343 1666 5418 adulterandafalsarius
1712 5344 2080 5418 llamburgeu—

498 5411 647 5484 sitim,
670 5412 974 5484 tabularum
1029 5415 1494 5484 iuexplirabilihus
1541 5416 1652 5469 fere
1713 5411 2082 5483 posteritatem

501 5481 733 5555 irrctivit
753 5484 1090 5555 ambagibus.
1131 5481 1264 5539 Dum
1291 5486 1434 5538 enim
1470 5501 1592 5555 quze
1625 5481 1858 5555 speciem
1891 5488 2080 5542 arche-

497 5554 606 5624 typi
637 5552 877 5624 _pr;ebct,
911 5555 996 5608 his
1017 5555 1196 5609 verbis
1227 5556 1408 5624 linitur
1433 5573 1444 5606 :
1477 5552 1738 5624 Scriptum
1760 5570 1853 5624 per
1873 5573 2086 5612 manum

498 5620 766 5693 Stephani
800 5625 1044 5678 scrinarii
1070 5624 1128 5685 ,8.
1160 5624 1222 5679 Il.
1257 5623 1320 5678 E.
1350 5627 1402 5678 in
1428 5620 1602 5679 "tense
1626 5620 1771 5680 Maio
1801 5637 1848 5680 et
1875 5627 1985 5680 ind.
2017 5630 2082 5693 ll;

496 5690 552 5766 in
581 5691 856 5766 veteribus
884 5695 1209 5766 apographis
1256 5711 1358 5750 non
1390 5695 1559 5749 solum
1609 5697 1800 5750 melius
1845 5697 2039 5766 legitur
2070 5690 2080 5752 ἐ

496 5759 610 5818 ind.
654 5761 746 5828 ll,
768 5765 862 5820 sed
885 5759 1048 5820 etiam
1082 5759 1261 5821 addita
1301 5767 1412 5821 hinc
1441 5777 1562 5820 sunt
1591 5784 1600 5819 :
1636 5766 1770 5822 Data
1803 5767 1854 5820 in
1890 5759 2084 5822 Kalen-

2200 1916 2328 1969 tatis
2369 1916 2614 1972 ecclesiae
2642 1927 2744 1972 tuie
2771 1919 2860 1973 die
2880 1929 2932 1974 et
2956 1920 3007 1974 in
3052 1919 3283 1974 namlitii
3320 1919 3395 1974 tui
3432 1920 3541 1982 die,
3567 1920 3779 1973 sicut...

2199 2007 2508 2074 arripiatur.
2543 2007 2710 2076 Cujus
2741 2010 2996 2079 quoniam
3038 2010 3409 2066 indumenti...
3435 2010 3595 2064 favor
3615 2012 3792 2064 indis-

2201 2106 2383 2153 etvetus
2414 2099 2713 2164 inveniant,
2767 2101 3062 2172 benignum
3112 2111 3164 2156 te
3207 2101 3332 2156 boni
3378 2101 3638 2161 sentiant,
3684 2101 3790 2152 dis-

2201 2187 2421 2243 trictum
2467 2190 2593 2243 mali
2651 2201 3005 2260 cognoscant,
3050 2192 3316 2246 insontem
3368 2206 3522 2246 reum
3563 2192 3709 2260 apud
3741 2200 3791 2244 te

2199 2283 2472 2354 suggestio
2503 2285 2639 2338 mala
2672 2301 2776 2340 non
2809 2285 3040 2340 faciat...
3078 2286 3302 2340 recedit.
3342 2284 3499 2346 Ecce,
3539 2297 3790 2338 reveren—

2200 2373 2270 2427 tia
2307 2383 2418 2439 tua,
2440 2373 2786 2439 charissime,
2815 2374 2955 2429 inter
2987 2373 3154 2428 tnulta
3181 2374 3287 2428 alia
3317 2375 3418 2428 ista
3453 2381 3582 2430 sunt
3608 2387 3791 2426 sacer-

2199 2462 2354 2528 dotii,
2383 2463 2483 2518 ista
2533 2474 2661 2519 sunt
2701 2464 2882 2534 pallii,
2923 2480 3044 2534 qua:
3101 2465 3147 2520 si
3191 2465 3437 2520 studiose
3459 2461 3787 2526 servaveris,

2197 2556 2340 2624 quod
2375 2555 2509 2612 foris
2527 2557 2808 2627 accepisse
2831 2555 3154 2622 ostenderis,
3180 2559 3327 2613 intus
3341 2557 3588 2613 habebis.
3620 2555 3789 2611 Sanc—

2199 2657 2250 2700 ta
2299 2646 2542 2704 Trinitas
2590 2649 2936 2705 sanctitatem
2963 2649 3158 2720 (tuam)
3180 2649 3371 2720 gratim
3423 2663 3538 2706 suae
3568 2656 3789 2718 protec-

2199 2737 2348 2794 tione
2379 2737 2675 2794 circumdet
2700 2748 2865 2808 atque
2901 2739 2954 2794 in
2983 2739 3200 2795 timoris
3245 2739 3330 2794 sui
3360 2739 3451 2794 via
3502 2754 3604 2795 nos
3657 2738 3789 2792 diri-

2195 2837 2307 2900 gat,
2349 2837 2404 2884 et
2448 2838 2572 2899 post
2599 2831 2723 2885 vitae
2765 2828 2930 2898 hujus
2955 2830 3372 2899 amaritudines,
3401 2829 3472 2886 ad
3524 2839 3789 2886 atternam

2194 2923 2356 2977 simul
2382 2923 2666 2994 pervenire
2687 2922 3025 2978 dulcedinem
3061 2937 3372 2978 mereamur

2265 3012 2536 3083 Scriptum
2580 3028 2676 3083 per
2723 3028 2945 3069 manum
2983 3013 3264 3083 Stephani.
3299 3012 3552 3075 scrinarii
3578 3020 3788 3067 sancta

2197 3103 2454 3160 Romana:
2473 3104 2750 3171 Ecclesia,
2783 3104 2835 3160 in
2872 3119 3058 3166 mense
3089 3105 3228 3160 Maio
3261 3114 3318 3160 et
3347 3104 3646 3160 indictione
3685 3107 3743 3159 6.

2681 3301 2852 3343 εειςιι
2900 3301 3045 3341 ΡᾹΡΒ
3086 3302 3145 3341 ill
3187 3301 3288 3340 uno
3337 3300 3681 3340 “OSASTEEIO

2665 3395 2712 3435 ὃ.
2756 3391 2977 3433 ιιΑιιτικι
3019 3393 3335 3435 τυηοδεθίδι.
3391 3401 3396 3404 '

2742 3471 2930 3540 (Anno
2967 3469 3071 3526 aut
3108 3471 3235 3539 ll.)

2196 3565 2321 3619 Post
2361 3564 2563 3620 illatam
2616 3563 2910 3618 Turonibur
2947 3582 2979 3618 a
3029 3564 3356 3619 Normatmis
3384 3564 3582 3618 cladem
3629 3565 3794 3634 pririo

2607 3653 2741 3725 Iegia
2771 3657 3072 3710 monasterii
3096 3650 3394 3725 conﬁrmat.

2388 3743 2559 3816 [Opp.
2597 3745 2849 3809 Lanuuii,
2881 3755 3011 3800 tom.
3041 3745 3128 3810 Ill,
3175 3763 3227 3815 p.
3276 3762 3336 3811 ll,
3374 3761 3431 3816 p.
3473 3745 3562 3800 36.

2267 3836 2500 3892 Senatus
2543 3837 2849 3908 cpiscopus,
2893 3852 3084 3892 servus
3136 3851 3420 3892 servorum
3461 3835 3578 3900 Dei,
3608 3835 3791 3888 omni-

2195 3929 2294 3983 bus
2344 3927 2734 3993 sacerdotibus,
2765 3928 3045 3983 canonicis
3083 3939 3244 3998 atque
3282 3926 3515 3990 clericis,
3556 3940 3793 3994 prasen-

2197 4019 2338 4072 tibns
2407 4027 2462 4072 ct
2518 4017 2737 4084 futuris,
2793 4027 2851 4074 et
2910 4019 3270 4076 servientibus
3334 4019 3388 4072 in
3453 4017 3793 4072 monasterio

2196 4110 2492 4165 beatissimi
2527 4110 2730 4167 Christi
2761 4112 3091 4168 confessoris
3119 4111 3361 4176 Martini,
3385 4111 3527 4181 quod
3561 4119 3791 4164 vocatur

2195 4201 2534 4268 'l‘uroncuse,
2564 4211 2619 4256 et
2656 4202 2894 4258 basilicae
2926 4201 3168 4273 ejusdem
3195 4202 3371 4258 sancti
3413 4199 3658 4265 Martini,
3689 4217 3786 4255 sa-

2194 4293 2382 4348 lutent.
3604 4346 3606 4348 ,

2263 4384 2540 4440 Arcanum
2558 4386 2754 4442 divinae
2774 4386 3193 4458 dispensationis
3228 4384 3550 4457 mysterium
3580 4384 3786 4439 sollici-

2196 4476 2369 4530 tudini
2424 4476 2734 4546 pontificum
2787 4476 3027 4544 ejusdem
3072 4477 3288 4547 pietatis
3330 4476 3510 4546 gratia
3569 4476 3790 4528 miseri-

2191 4566 2430 4621 corditer
2484 4568 2836 4638 satagendum
2900 4568 3152 4638 providit,
3211 4568 3339 4622 dum
3403 4582 3591 4622 curam
3649 4567 3788 4621 lide-

2191 4658 2318 4712 lium
2356 4657 2674 4729 populorum
2708 4659 2848 4715 idem
2878 4670 3065 4731 pastor
3103 4669 3384 4730 pastorum
3416 4660 3731 4730 pastoribus
3755 4675 3788 4712 a

2191 4766 2249 4805 se
2272 4751 2560 4806 destinatis
2583 4753 2924 4808 connuittere
2946 4753 3211 4822 disposuit
3235 4752 3398 4808 Petro
3413 4753 3787 4823 apostolorum

2188 4845 2416 4915 principi
2445 4859 2458 4898 :
2485 4845 2544 4900 Si
2584 4844 2760 4915 diligis
2804 4863 2903 4911 me,
2932 4863 3086 4915 pasce
3123 4863 3238 4900 om
3281 4862 3442 4899 meas.
3494 4844 3785 4912 Idemque:

2192 4920 2351 5000 Ecce,
2395 4936 2586 5005 inquit,
2612 4936 2843 4993 Satanas
2870 4938 3112 5006 expetivit
3139 4955 3248 5003 ros,
3277 4948 3333 4992 ut
3363 4938 3618 4991 cribraret
3649 4937 3784 4989 sicut

2188 5027 2451 5095 tritirum;
2504 5045 2598 5099 ego
2635 5039 2804 5083 autem
2861 5031 3039 5100 rogavi
3082 5047 3176 5101 pro
3199 5041 3268 5096 te,
3313 5039 3372 5107 ut
3418 5047 3524 5083 non
3572 5031 3784 5098 deﬁciat

2193 5119 2323 5194 ﬁdes
2352 5129 2478 5174 tua:
2508 5129 2556 5176 et
2581 5130 2637 5174 tu
2671 5119 2960 5192 aliquando
2989 5138 3266 5180 conuersus
3303 5121 3560 5191 conﬁrma
3592 5121 3787 5190 fratres

2290 3301 2631 3344 PRIVILEGIUI

2189 5348 2270 5420 (fis
2287 5347 2473 5420 guinis
2522 5347 2630 5416 (ιιι)
2670 5365 2764 5418 per
2806 5365 3020 5420 "ianum
3066 5347 3457 5420 Tliwpltglncti.
3502 5345 3785 5420 sacellum"

2192 5418 2249 5473 S.
2275 5415 2398 5490 Sed:
2432 5415 2680 5490 apotstol.,
2717 5436 2880 5482 anno,
2915 5419 3024 5473 Deo
3049 5415 3301 5490 propiiio;
3325 5419 3664 5487 pontiﬁcatus
3693 5423 3785 5473 dir

2192 5489 2320 5542 mini
2353 5486 2519 5559 Sergii
2547 5491 2736 5559 autumi
2762 5500 2971 5559 pom.et
3002 5486 3227 5544 nuit-era.
3264 5486 3414 5558 pupae
3443 5490 3498 5540 in
3527 5492 3786 5543 sacraria-

2194 5561 2327 5612 sima
2352 5558 2472 5612 sede
2485 5558 2551 5630 Β.
2575 5558 2723 5613 Petri
2749 5559 2972 5630 apostoli
3009 5559 3170 5621 VIII,
3203 5560 3312 5613 ind.
3341 5561 3427 5612 ll.
3459 5559 3592 5626 Quae
3618 5561 3779 5612 verba

2197 5645 2317 5682 cum
2345 5629 2650 5698 nequierint
2692 5631 2793 5684 nisi
2847 5646 2912 5686 ex
2953 5647 3078 5685 vera
3127 5630 3305 5684 tabula
3338 5631 3605 5699 depromi.
3638 5631 3782 5684 unde

2197 5699 2394 5752 laetum
2423 5708 2527 5762 est,
2551 5699 2681 5754 utin
2709 5701 2817 5769 ipsa
2855 5700 3116 5765 clausula,
3157 5717 3261 5770 qua
3310 5699 3443 5753 lides
3473 5700 3780 5770 mbulat-um

2193 5771 2529 5844 potissimum
2561 5766 2899 5846 intelligitur,
2925 5773 2990 5825 ab
3040 5788 3106 5828 ca
3147 5766 3509 5827 réccderetur.
3537 5766 3702 5826 Μαι.
