4038 6452
289 263 382 317 981

1444 258 1799 316 ΕΙΊδΤΟῐ-.Ε
1840 256 1924 312 ΕΤ
1968 257 2365 315 l’lilVlLEClA.

3430 264 3541 319 98!.

287 393 422 434 tuos.
485 378 653 441 Unde,
714 386 769 431 ut
827 376 1097 441 convenit,
1156 391 1328 445 neque
1375 390 1504 447 grex
1557 374 1799 428 Domiuzc
1822 388 1862 424 is
1893 375 1939 431 Α
1970 386 2286 444 procurator
2315 376 2367 430 in
2397 390 2583 433 eorum
2611 378 2877 444 ccclesiis,
2910 378 3069 445 villis,
3095 380 3465 434 mansionibus
3489 391 3546 433 et

288 470 597 523 saevissimis
642 467 886 537 luporum
933 467 1220 521 dilanictur
1253 480 1398 520 mors
1419 465 1540 527 bus,
1587 478 1720 517 neve
1768 460 1866 515 ﬂu-

286 572 476 615 ctuoso
506 560 777 629 impavide
822 558 1170 629 naufragetur
1214 557 1574 627 procellarum
1628 554 1862 616 turbine,

288 650 541 720 pastorali
572 658 784 704 tueatm-
819 665 1095 715 mucrone,
1128 654 1464 703 sustentetur
1491 645 1683 701 baculo
1699 642 1872 699 suble-

287 752 551 811 veturque
592 740 891 810 juvamine.
950 742 1181 796 Proinde
1229 739 1483 795 Ecclesiae
1531 745 1731 793 sanctae
1760 738 1869 790 fra-

288 832 564 886 ternitatis
622 831 845 900 provide
925 830 1211 885 consulens
1278 829 1601 883 utilitatibus
1679 836 1869 887 sancta

287 922 537 977 Romana
572 922 812 977 Ecclesia
845 936 941 990 per
972 920 1220 991 Sergium
1269 921 1510 990 ejusdem
1564 918 1870 988 apostolica:

287 1012 436 1065 sedis
485 1012 792 1081 pontiﬁcem
840 1010 907 1065 ad
948 1010 1237 1065 multorum
1290 1009 1523 1065 ﬁdelimn
1579 1010 1872 1080 perducere

286 1102 481 1155 statuit
528 1102 913 1171 cognitionem,
976 1102 1209 1171 qualiter
1253 1116 1353 1171 per
1401 1102 1595 1156 missos
1642 1100 1869 1154 Erberni

288 1201 492 1246 sancta:
544 1190 860 1260 metropolis
891 1190 1174 1245 Turonica:
1215 1191 1632 1260 archiepisc0pi,
1684 1199 1740 1245 et
1777 1206 1872 1259 per

290 1281 513 1335 Roberti
542 1283 773 1343 abbatis,
812 1282 1186 1351 Rainaldique,
1234 1290 1397 1352 atque
1432 1282 1726 1349 Tetolonis,
1754 1300 1869 1339 mo-

286 1372 585 1427 nasterium
612 1372 909 1427 beatissimi
934 1372 1258 1428 confessoris
1284 1373 1495 1429 Martini
1526 1374 1763 1445 lugubrze
1780 1377 1877 1430 de-

286 1467 567 1520 solationis
611 1466 875 1535 comperit
906 1466 1309 1520 detrimentum.
1339 1464 1560 1521 Scilicet
1604 1466 1872 1535 quomodo

288 1556 580 1625 prmdictus
628 1556 776 1610 locus
802 1555 1185 1610 destructionis
1236 1556 1390 1609 triste
1432 1556 1630 1610 malum
1662 1571 1692 1610 a
1736 1555 1870 1611 Nor-

289 1662 610 1702 marinorum
642 1645 842 1717 perﬁda
874 1654 1031 1714 gente
1057 1644 1362 1715 pertulerit,
1394 1654 1447 1700 et
1471 1646 1703 1715 qualiter
1726 1644 1871 1713 ejus—

287 1740 411 1793 dem
460 1738 651 1793 classis
712 1738 984 1793 exercitus
1013 1738 1288 1792 discursus
1325 1739 1542 1808 pessimi
1575 1738 1875 1809 periculosa

286 1831 482 1883 damna
508 1842 793 1897 perpessus
819 1827 909 1882 sit.
937 1826 1043 1881 Sed
1068 1828 1136 1882 ob
1162 1828 1614 1905 restaurationem
1638 1829 1875 1899 ejusdem

285 1921 423 1986 loci,
472 1921 711 1990 clerique
756 1920 951 1975 ibidem
996 1921 1347 1978 consistentis
1410 1923 1683 1987 subsidia,
1743 1939 1873 1978 con-

286 2014 428 2069 sultu
455 2014 685 2069 ﬁdelium
709 2030 949 2079 suorum,
972 2013 1188 2084 pietatis
1219 2030 1327 2070 sua:
1354 2030 1601 2082 tnuuere,
1629 2016 1877 2086 princeps

284 2106 529 2175 ejusdem
564 2106 714 2175 regni
755 2106 983 2161 Carolus
1013 2107 1356 2162 auctoritatis
1386 2123 1497 2162 suae
1526 2118 1872 2177 przeceptum,

282 2212 356 2250 ex
388 2196 547 2250 rebus
572 2196 670 2265 ipsi
690 2195 807 2249 loco
845 2211 909 2250 ac
938 2195 1199 2251 fratribus
1218 2198 1459 2267 ejusdem
1494 2199 1878 2269 congregatio-

283 2291 373 2343 nis
414 2289 723 2359 specialiter
775 2289 1193 2359 pertinentibus,
1240 2299 1293 2344 et
1326 2290 1376 2344 in
1408 2289 1707 2360 privilegiis
1748 2306 1879 2361 pra:-

278 2382 633 2436 decessorum
686 2391 997 2436 nostrorum
1025 2382 1472 2451 apostolicorum,
1504 2397 1570 2435 ac
1596 2383 1880 2453 praeceptis

282 2473 715 2528 orthodoxorum
745 2488 931 2543 regum
979 2474 1286 2528 nominibus
1312 2474 1548 2544 propriis
1586 2475 1879 2546 assignatis

288 2580 553 2620 renovare
586 2581 648 2620 ac
678 2563 858 2619 facere
895 2566 1134 2620 studuit:
1164 2573 1223 2619 ut
1254 2567 1444 2620 remoti
1477 2582 1505 2619 a
1529 2566 1879 2621 smcularibus

289 2660 441 2714 curis
481 2667 535 2714 et
588 2659 914 2727 sequestrati
975 2657 1334 2712 mundialibus
1392 2657 1618 2726 laqueis,
1672 2658 1876 2713 caelesti

290 2750 485 2805 intenti
517 2749 720 2803 militia:
739 2791 752 2813 ,
778 2750 986 2803 diurnae
1011 2749 1441 2804 servitutilibero
1470 2750 1633 2804 corde
1659 2759 1879 2820 possent

292 2843 514 2898 vacare.
558 2842 820 2897 Pastorali
856 2842 1020 2914 igitur
1049 2852 1296 2912 respectu
1329 2842 1670 2913 pracsulantc,
1702 2843 1877 2897 dictus

291 2955 417 2992 cum
458 2938 682 3008 collegio
713 2939 1056 2993 sacerdotum
1098 2936 1443 3006 ﬁdeliumque
1492 2937 1870 3005 plurimorum,

291 3032 637 3101 paternitatis
664 3040 863 3084 nostra:
890 3029 1287 3083 mansuetudini
1319 3030 1702 3098 przesignatum
1743 3027 1874 3083 diri—

294 3138 428 3190 gens
466 3130 810 3191 praeceptum,
840 3118 997 3187 hujus
1042 3129 1244 3173 sancta:
1292 3119 1437 3174 sedis
1473 3118 1746 3181 Romanae,
1791 3120 1874 3173 cui
1908 3100 1948 3156 (ἶ

299 3214 524 3268 Domino
551 3224 772 3267 auctore
812 3213 1165 3277 deservimus,
1209 3212 1673 3266 corroborationis
1710 3210 1877 3279 privi-

296 3307 493 3375 legium
528 3324 624 3376 pro
654 3306 843 3375 majori
878 3316 931 3359 et
981 3304 1214 3358 uberiori
1254 3304 1527 3357 ﬁrmitatis
1558 3312 1745 3357 tenore
1778 3302 1880 3355 hu-

300 3400 411 3454 mili
444 3399 835 3468 supplicatione
874 3396 1064 3451 statuit
1108 3396 1496 3466 spectandum:
1526 3405 1583 3447 ut
1616 3392 1883 3449 sacerdoti

300 3480 501 3560 pariter
528 3480 581 3544 et
623 3491 771 3561 regio
822 3490 1127 3543 commissa:
1163 3488 1263 3543 sibi
1316 3503 1445 3542 oves
1473 3487 1692 3540 munita:
1746 3495 1885 3539 tuta-

298 3585 465 3649 mine,
488 3582 751 3638 inoffenso
770 3584 903 3651 pede
928 3583 1126 3637 divinis
1155 3580 1424 3635 mandatis
1454 3588 1674 3650 possent
1705 3579 1883 3633 inten-

297 3676 447 3741 dere,
473 3685 526 3730 et
544 3675 594 3728 in
619 3676 703 3729 his
724 3674 1083 3743 exsequendis
1110 3672 1487 3728 muniﬁcentiae
1504 3672 1681 3727 edicto
1706 3670 1888 3727 simul-

299 3781 403 3835 que
423 3766 561 3819 votis
574 3766 982 3835 etprecibustot
1007 3763 1241 3818 ﬁdelium
1268 3762 1552 3817 annuendo
1575 3762 1884 3827 statuimus,

297 3867 354 3911 et
381 3857 540 3925 hujus
564 3866 768 3911 sancta:
796 3855 1105 3925 apostolica:
1135 3856 1279 3909 sedis
1304 3855 1524 3909 decreto
1556 3852 1836 3907 ﬁrmamus
1868 3869 1882 3906 :

298 3958 358 4002 ut
395 3950 534 4004 sicut
559 3949 797 4017 ejusdem
830 3949 1082 4019 praecepti
1112 3948 1281 4003 series
1322 3948 1580 4009 continet,
1617 3945 1887 3999 instituto-

299 4055 407 4109 que
438 4049 748 4094 sanctorum
793 4039 1253 4108 praedecessorum
1296 4047 1603 4093 nostrorum
1636 4034 1888 4104 apostoli-

298 4147 510 4195 eorum,
543 4129 793 4184 videlicet
815 4128 1081 4199 Gregorii,
1107 4127 1320 4193 Leonis,
1344 4126 1632 4191 Adeodati,
1661 4124 1886 4179 Adriani

298 4231 465 4289 atque
517 4218 742 4284 Nicolai,
787 4227 1160 4288 praeceptoque
1211 4217 1431 4286 insuper
1496 4216 1884 4285 imperatorum

297 4324 353 4369 et
385 4329 591 4385 regum,
629 4312 803 4368 Caroli
844 4309 1333 4380 videlicetAugusti
1360 4318 1415 4363 et
1449 4306 1706 4363 Ludovici
1736 4306 1884 4376 ejus-

299 4407 423 4461 dem
464 4395 690 4475 Augusti
734 4414 896 4473 atque
942 4401 1166 4456 alterius
1216 4398 1395 4454 Caroli
1425 4397 1713 4454 clarissimi
1760 4397 1873 4450 Au-

297 4496 467 4568 gusti,
488 4496 764 4550 evidenter
788 4491 1108 4548 ostendant:
1133 4504 1254 4558 qua:
1282 4489 1431 4544 clero
1459 4487 1630 4542 sancti
1666 4486 1879 4540 Martini

299 4589 729 4644 Nurmannorum
757 4586 1003 4642 incendia
1033 4582 1287 4655 specialia
1316 4594 1646 4646 remansere,
1672 4580 1879 4635 scilicet

300 4690 357 4734 ut
390 4679 567 4735 nullus
592 4678 892 4751 superioris
920 4684 1014 4732 aut
1034 4672 1308 4731 inferioris
1341 4669 1549 4728 ordinis
1573 4668 1880 4740 reipublicae.

1970 467 2279 531 territoriis,
2314 466 2367 523 in
2416 470 2828 540 quibuscunque
2889 471 3186 526 habeantur
3230 472 3557 541 provinciis,

1970 555 2083 610 sive
2112 558 2276 628 pagis,
2306 558 2509 629 ingredi
2554 561 2618 613 ad
2659 576 2851 615 causas
2882 562 3195 625 audiendas,
3237 577 3335 617 nec
3369 562 3545 616 homi-

1972 660 2066 700 nes
2126 648 2338 705 illorum
2376 651 2636 721 ingenuos
2692 653 2774 707 vel
2836 634 3025 713 servos
3073 636 3398 724 distringere
3453 665 3548 709 aut

1971 735 2312 804 ﬁdejnssores
2363 739 2551 796 tollere
2607 753 2936 811 praesumat;
2994 758 3095 798 nec
3139 744 3405 798 teloneum
3455 754 3549 798 aut

1972 829 2249 887 nauticam
2286 832 2487 901 exigat,
2528 840 2582 887 et
2612 842 2671 887 ut
2700 833 2921 887 decimae
2965 841 3020 888 et
3069 848 3224 889 nonae
3262 848 3331 887 ex
3360 848 3551 887 eorum

1972 921 2221 1002 omnibus
2252 923 2411 979 rebus
2436 924 2637 995 absque
2674 926 2850 995 aliqua
2886 926 3173 996 prmsulum
3216 926 3547 995 principum-

1973 1013 2558 1081 que‘contradictioue
2608 1017 2859 1085 hospitali
2922 1033 3109 1073 eorum
3176 1017 3549 1086 nobiliumque

1972 1118 2265 1179 ρωιρθωηι
2297 1105 2640 1177 integerrime
2673 1108 2955 1175 reddatur;
2979 1109 3309 1179 quiquidqne
3338 1109 3559 1177 insuper

1975 1194 2225 1249 utilitatis
2271 1194 2508 1263 illorum,
2558 1198 2659 1253 alia
2713 1200 2989 1271 privilegia
3045 1198 3463 1268 apostolicorum
3502 1207 3562 1251 et

1975 1287 2266 1357 prmsulum
2321 1299 2700 1361 praeceptaque
2766 1293 2999 1347 retinent
3065 1292 3450 1360 imperatorum
3502 1298 3560 1342 et

1978 1395 2188 1450 regum,
2215 1390 2269 1434 et
2296 1368 2609 1450 przcbeudas
2650 1383 2912 1449 permissu
2939 1397 3003 1436 ac
3030 1381 3303 1435 voluntate
3344 1378 3556 1451 praefati

1979 1470 2179 1525 domini
2235 1470 2455 1525 lloberti
2484 1472 2687 1541 proprii
2730 1472 2942 1526 abbatis
2983 1488 3011 1525 a
3038 1470 3229 1526 Carolo
3256 1488 3400 1525 nunc
3435 1485 3560 1541 rege

1979 1576 2076 1630 per
2101 1570 2424 1631 praeceptum
2447 1578 2754 1628 concessas,
2783 1573 2837 1615 et
2878 1564 2929 1616 in
2962 1563 3226 1631 reliquum
3258 1564 3560 1617 conceden-

1979 1653 2095 1717 das,
2128 1668 2251 1709 cum
2276 1654 2627 1708 universitate
2654 1670 2873 1708 suorum
2897 1653 3270 1723 appendiciuin
3302 1662 3561 1722 perpetuo

1982 1744 2288 1813 possideant
2342 1743 2710 1821 integerrime,
2769 1746 2843 1802 ita
2883 1754 2941 1800 ut
2982 1760 3167 1815 supra.
3209 1745 3559 1817 signaviinus,

1984 1836 2179 1890 nullius
2220 1837 2503 1906 potestatis
2532 1837 2616 1890 vir
2647 1837 2935 1905 quisquam
2978 1836 3045 1889 de.
3087 1851 3276 1889 eorum
3328 1835 3565 1890 dominio

1980 1925 2061 1978 vel
2094 1925 2431 1994 possessione
2462 1936 2752 1995 praesumat
2782 1924 3015 1979 auferre.
3046 1925 3101 1980 In
3129 1940 3234 1992 quo
3256 1925 3564 1978 misericor-

1983 2014 2192 2069 diarnm
2229 2030 2446 2081 suarum
2484 2029 2668 2085 regum
2718 2015 2950 2083 dignitas
2998 2013 3256 2068 beneﬁcia
3311 2012 3568 2066 fratribus

1984 2106 2036 2160 in
2062 2107 2249 2179 eodem
2279 2106 2527 2161 coenobio
2569 2106 2711 2161 beati
2744 2104 2957 2158 Martini
3005 2104 3342 2158 morantibus
3384 2103 3565 2174 largiri

1983 2198 2266 2266 disposuit.
2301 2197 2401 2264 Qui
2425 2208 2604 2252 autem
2655 2195 2812 2265 hujus
2837 2195 3238 2251 constitutionis
3264 2195 3567 2249 institutum

1984 2289 2307 2358 irrumpere,
2340 2286 2690 2357 autqualibet
2716 2285 3139 2356 pmsumptione
3166 2282 3248 2337 vel
3280 2283 3573 2337 occasione

1984 2382 2277 2437 tentaverit
2318 2389 2584 2447 evertere,
2623 2379 2707 2433 vel
2729 2380 2794 2451 de
2835 2377 3060 2433 decimis
3091 2391 3279 2431 eorum
3312 2375 3566 2446 potestati

1983 2486 2081 2543 per
2108 2472 2376 2543 legitimos
2403 2471 2653 2536 subditis,
2671 2478 2943 2540 perpetua:
2990 2466 3352 2523 damnationis
3378 2481 3570 2521 cumu-

1983 2565 2093 2619 lum
2128 2581 2251 2620 cum
2299 2574 2500 2619 Stlan
2539 2563 2673 2634 legis
2713 2559 3222 2631 przcvarieatoribus
3263 2575 3323 2613 se
3356 2559 3570 2613 noverit

1981 2656 2244 2729 perferre,
2291 2655 2393 2709 nisi
2442 2654 2599 2725 digna
2648 2651 3017 2707 satisfactione
3066 2649 3387 2715 correxerit,
3428 2646 3570 2719 quoii

1985 2748 2273 2805 temeraria
2300 2746 2593 2814 cupiditate
2625 2745 2931 2799 tentaverit.

2054 2840 2325 2895 Potestate
2356 2839 2521 2910 igitur
2546 2838 2597 2892 in
2634 2837 2793 2891 beato
2828 2834 2989 2889 Petro
3017 2832 3387 2901 apostolorum
3412 2830 3564 2900 prin-

1982 2935 2099 3004 cipe
2121 2934 2275 2989 nobis
2298 2947 2555 2986 concessa
2580 2948 2607 2984 ει
2640 2929 2869 2984 Domino
2899 2927 3096 2997 ligandi
3126 2934 3175 2979 et
3204 2923 3469 2987 solvendi,
3499 2923 3571 2974 ita

1982 3042 2046 3081 eo
2072 3026 2283 3081 dicente
2308 3044 2321 3079 :
2350 3024 2685 3091 ancunque
2725 3020 2966 3090 ligaveris
2990 3033 3146 3087 super
3165 3026 3383 3079 terram,
3414 3022 3573 3067 erunt

1982 3118 2145 3188 ligata
2211 3128 2260 3172 et
2317 3118 2372 3171 in
2427 3114 2602 3180 caelis;
2649 3123 2695 3167 et
2742 3126 3064 3184 quaecunque
3139 3106 3354 3162 solveris
3417 3122 3572 3175 super

1983 3222 2177 3264 terram
2208 3217 2360 3262 erunt
2384 3206 2558 3261 soluta
2588 3215 2632 3258 et
2663 3205 2716 3258 iu
2743 3202 2915 3257 caelis:
2951 3200 3164 3254 virtutis
3210 3196 3369 3265 hujus
3398 3195 3569 3251 conﬁ-

1984 3300 2163 3354 dentia
2210 3299 2462 3363 nitentes,
2500 3297 2623 3352 εωιί
2650 3296 2855 3350 aditum
2882 3291 3194 3363 cupiditatis
3221 3305 3332 3343 suae
3363 3288 3569 3342 malitia

1985 3392 2139 3449 obice
2184 3390 2488 3447 claudimus
2516 3389 2616 3445 sub
2645 3386 3006 3442 anatbeinatis
3030 3381 3265 3447 vinculo,
3306 3378 3407 3449 'qni
3448 3379 3573 3437 huic

1986 3483 2393 3555 pernecessario
2424 3480 2687 3536 beneﬁcio
2717 3480 2770 3533 in
2826 3476 3200 3533 subtractioue
3248 3471 3570 3527 collataruni

1987 3590 2166 3633 rerum
2201 3583 2254 3629 et
2305 3575 2567 3628 honorum
2616 3569 2965 3626 consentiens
3006 3575 3099 3621 aut
3133 3573 3451 3636 cooperator
3492 3561 3573 3621 af-

1985 3666 2169 3733 fuerit,
2234 3665 2357 3729 nisi,
2392 3673 2449 3719 ut
2501 3662 2885 3733 praemisimus,
2936 3658 3118 3713 divino
3170 3655 3338 3709 fretus
3372 3652 3572 3708 auxilio

1986 3757 2343 3813 correctionis
2388 3770 2610 3810 munere
2652 3751 2965 3823 resipuerit,
3014 3749 3203 3803 invasa
3250 3745 3569 3806 restituerit,

1988 3865 2051 3906 ac
2079 3851 2319 3921 neglecta
2359 3846 2702 3904 satisfecerit.
2739 3843 2909 3913 Hujus
2946 3850 3127 3895 autem
3154 3837 3482 3895 deﬁnitionis
3518 3846 3574 3891 et

1989 3942 2295 4016 apostolica:
2320 3937 2787 3995 determinationis
2835 3933 3161 3990 sententiam
3193 3929 3578 3985 inviolabiliter

1988 4038 2197 4095 cunctis
2230 4035 2474 4091 ﬁdelibus
2520 4046 2828 4104 quaesumus
2871 4026 3289 4085 observandam.
3332 4024 3481 4091 Quae,
3516 4034 3576 4077 ut

1989 4128 2192 4184 certius
2240 4125 2495 4188 credatur
2521 4134 2575 4178 et
2604 4119 3051 4191 irrefragabiliter
3079 4116 3419 4178 observetur,
3456 4130 3573 4169 ma-

1988 4238 2092 4276 nus
2153 4218 2384 4291 propria:
2454 4214 2848 4285 subscriptione
2907 4212 3167 4265 adnotare
3244 4206 3572 4270 curavimus,

1987 4315 2361 4386 perpetimque
2382 4310 2705 4365 manendum
2732 4306 3042 4361 statuimus.
3506 4314 3509 4315 '

2064 4407 2336 4474 Scriptum
2366 4418 2462 4472 per
2493 4415 2713 4455 inanum
2748 4396 2945 4453 Leonis
2992 4390 3397 4448 archiscriuarii
3442 4405 3570 4453 san—

1995 4507 2094 4554 cta:
2123 4496 2381 4551 Romana:
2432 4491 2688 4548 Ecclesiae
2739 4491 2792 4544 in
2837 4500 3022 4542 mense
3067 4483 3226 4549 Maio,
3285 4480 3576 4537 indictione

1992 4590 2077 4643 ll.
2111 4587 2254 4642 Bene
2278 4582 2471 4639 valete.
