4038 6446
249 323 356 385 985

921 317 996 385 BI
1024 319 1325 389 NUTKElll
1366 330 1658 389 BALBULI
1697 333 1755 388 S.
1797 332 2000 390 GALLI
2039 334 2346 394 MONACHI
2385 339 2587 398 ELOG.
2626 341 2800 401 HIST.

3395 349 3499 408 986

243 461 351 528 qua
373 445 494 528 idiu
527 444 859 528 sicculariter
899 449 1077 528 vixit,_
1105 449 1351 528 hilariter
1399 448 1578 528 facere
1623 448 1817 528 suevit.
1849 452 1897 512 Α
1926 459 2062 528 stro,
2085 460 2290 528 prmter
2310 455 2552 528 verbera,
2578 460 2722 513 omni
2746 460 3030 516 charitatis
3054 461 3164 528 egit
3188 478 3433 519 censura.
3473 486 3491 518 ι

243 515 959 590 Solebant_idipsum‘ante
990 515 1168 590 etiam
1218 521 1435 590 quidam
1482 519 1570 573 alii
1614 521 1821 590 fratres

240 586 917 659 tonsoriptiunostratibus
956 586 1251 645 charitatis'
1279 591 1490 659 signum
1538 589 1818 644 exhibere.

238 655 360 728 [Irae
419 655 670 728 omnibus
730 659 947 726 quidem
999 659 1226 715 Carolus
1277 655 1410 721 re'x,
1459 669 1820 728 cognomento

239 725 488 797 Crassus,
515 727 650 796 ipse,
681 725 770 796 qui
813 728 984 783 sancti
1023 730 1264 784 Othmari
1311 725 1663 791 hebtlom'ada,
1705 729 1820 797 ipse

235 796 547 866 propositor
576 805 629 851 et
647 798 901 866 pincerna
929 813 1024 866 per
1051 799 1288 854 triduum
1314 801 1380 853 de
1395 799 1515 854 vico
1537 796 1817 853 Stainhem

233 867 462 937 servivit
483 866 825 937 volatiliaqnc
855 883 951 922 nos
977 869 1136 924 edere
1168 870 1310 924 fecit.
1338 869 1442 924 Sed
1471 879 1524 924 et
1550 869 1817 924 Adelbero

233 935 598 1008 Augustensis
628 935 795 1008 multo
837 949 1077 1008 tempore
1120 941 1367 1001 antistes,
1408 940 1498 1008 qui
1546 954 1729 1008 supra,
1761 947 1817 993 et

237 1007 468 1078 virtutes
498 1009 668 1078 sancti
701 1007 838 1062 Galli
887 1025 915 1062 a
949 1007 1209 1078 pluribus
1258 1007 1501 1073 audiens,
1536 1007 1711 1078 locum
1760 1009 1814 1062 in

232 1075 326 1132 die
347 1079 517 1132 sancti
542 1077 687 1149 Galli
704 1078 898 1149 orandi
921 1075 1091 1147 gratia
1133 1081 1289 1146 adiit,
1320 1090 1374 1134 et
1398 1093 1633 1149 praesens
1661 1077 1816 1148 plura

231 1149 620 1215 conspiciens:
671 1146 841 1217 Major
878 1146 980 1210 est,
1016 1149 1212 1220 inquit,
1265 1146 1438 1220 gratia
1485 1149 1586 1220 loci
1619 1146 1814 1220 hujus,

231 1231 398 1284 quam
451 1233 638 1271 rmnor
687 1233 849 1286 quem
903 1217 1108 1272 audivi.
1154 1217 1423 1274 Reversus
1481 1218 1589 1273 illic
1646 1217 1815 1273 altera

229 1288 356 1342 vice
382 1304 396 1342 :
427 1287 563 1354 Quid
590 1288 794 1351 caeteri,
821 1287 1014 1358 inquit,
1043 1290 1297 1351 sentiant,
1318 1286 1660 1358 nescio,quid
1684 1287 1814 1342 mihi

231 1359 417 1429 animo
442 1368 524 1412 est
554 1359 860 1429 pronuntio.
879 1357 1053 1413 Unum
1070 1370 1281 1429 egomet
1303 1368 1490 1414 sanctu
1516 1357 1569 1419 n,
1593 1367 1647 1412 et
1674 1358 1816 1414 hunc

230 1427 568 1490 defunctum,
597 1428 841 1496 quesivi,
885 1429 1034 1482 vivos
1083 1427 1262 1483 autem
1313 1429 1703 1492 sanctissimos,
1758 1437 1816 1483 ut

230 1511 364 1550 vere
389 1496 580 1561 fatear,
618 1500 814 1552 fratres
838 1497 1038 1552 inveni.
1062 1498 1369 1552 Doctrinam
1398 1508 1577 1553 autem
1602 1497 1814 1552 illorum

232 1576 290 1620 et
321 1567 658 1636 disciplinam
711 1569 762 1621 in
811 1569 1066 1622 virtutum
1113 1585 1299 1623 eorum
1339 1570 1594 1637 operibus
1635 1569 1816 1622 videre

232 1638 573 1709 estarQuid
607 1647 780 1709 tamen
813 1647 996 1709 postea
1042 1638 1108 1691 ad
1149 1639 1532 1709 explorandam
1563 1637 1680 1709 ejus
1709 1638 1812 1692 luci

233 1706 573 1776 disciplinam
600 1709 668 1764 ab
688 1706 902 1764 Othone
928 1706 1254 1780 imperatore
1278 1708 1477 1763 factum
1502 1709 1572 1762 sit
1590 1708 1813 1762 inferius

232 1791 584 1846 exponemus.
1709 1811 1714 1814 -

304 1846 378 1919 4._
402 1846 583 1903 Redeo
612 1847 679 1919 ad
710 1846 1022 1912 Notkerum,
1063 1849 1153 1919 qui
1184 1850 1254 1903 ita
1296 1864 1420 1904 cum
1467 1849 1728 1918 Ratperto
1761 1859 1816 1904 et

234 1915 488 1972 Tutilone
517 1917 833 1987 conjunctus
860 1928 996 1983 erat,
1025 1915 1125 1972 nt'c
1150 1935 1244 1974 cor
1265 1915 1688 1973 unumetaiﬁma
1708 1935 1812 1973 una

233 1997 440 2051 essent,
464 2008 481 2038 ι
511 1986 648 2041 sicut
673 1986 1022 2043 Ekkeliar.:us
1041 1987 1247 2055 Junior,
1291 2005 1411 2058 cap.
1449 1991 1506 2054 ὅ,
1541 1989 1810 2058 loquitur:

239 2077 258 2106 ι
297 2067 459 2126 atque
480 2058 617 2112 votis
643 2059 945 2112 unicordes.
964 2058 1226 2113 Notkerus
1241 2073 1488 2128 corpore,
1505 2077 1610 2113 non
1635 2061 1815 2114 animo

234 2130 477 2197 gracilis,
514 2143 642 2183 voce
672 2145 777 2182 non
821 2129 1013 2198 spiritu
1064 2129 1330 2190 balbnlus,
1380 2129 1432 2181 in
1466 2131 1661 2184 divinis
1689 2145 1811 2184 ere-

234 2209 376 2261 ctus,
409 2200 460 2252 in
489 2201 731 2254 adversis
755 2201 983 2267 patiens,
1016 2199 1081 2252 ad
1110 2200 1291 2254 omnia
1323 2198 1492 2264 mitis,
1521 2200 1572 2252 in
1605 2209 1814 2254 nostra-

237 2267 370 2338 tium
397 2285 524 2323 acer
549 2277 665 2322 erat
689 2279 912 2324 exactor
939 2269 1256 2338 disciplinis,
1279 2269 1344 2322 ad
1374 2271 1646 2338 repentina
1673 2270 1816 2324 timi-

232 2337 391 2410 dnlus
415 2347 470 2394 et
507 2340 783 2408 inOpinata
811 2351 1007 2410 prarter
1035 2337 1303 2394 daeumnes
1329 2337 1645 2394 infeStantes
1671 2349 1811 2404 erat,

232 2409 432 2477 quibus
475 2410 693 2531 quidem
742 2409 1110 2464 se’auzlenter
1152 2424 1423 2479 opponere
1481 2410 1705 2464 solebat.
1757 2410 1813 2464 lu

232 2481 462 2531 orando.
505 2480 730 2531 eeendo.
755 2479 1008 2531 dictando
1035 2480 1420 2531 creberrimus.
1442 2489 1515 2531 et.
1542 2488 1601 2531 ut
1627 2495 1813 2531 clunes

230 2481 462 2544 orando,
489 2479 730 2548 legendo,
755 2479 1008 2533 dictando
1035 2480 1420 2542 creberrinms,
1442 2489 1515 2543 et,
1542 2488 1601 2534 ut
1627 2495 1815 2537 clunes

185 2573 188 2575 ·
231 2550 536 2603 sanctitatis
571 2548 686 2617 ejus
725 2551 778 2604 in
832 2550 978 2604 brevi
1035 2549 1364 2619 complectar
1407 2551 1578 2613 dotes,
1637 2551 1813 2605 Sancti

233 2618 471 2688 Spiritus
496 2629 608 2672 erat
638 2619 910 2676 vasculum
935 2634 1039 2688 quo
1063 2618 1168 2673 suo
1185 2629 1427 2688 tempore
1457 2620 1816 2675 abundantius

233 2691 460 2744 tmllnm.
492 2689 670 2744 Tutilo
701 2693 871 2744 bonus
910 2698 1026 2744 erat
1054 2699 1106 2743 et
1133 2690 1279 2742 utilis
1325 2690 1504 2752 homo,
1552 2692 1812 2757 tuusieus,

230 2762 376 2832 serio
403 2770 456 2814 et
488 2761 610 2832 joco
649 2761 890 2815 festivus.
936 2759 1559 2832 Ralpertnsscholarum
1589 2761 1656 2814 ab
1682 2764 1812 2813 ado-

231 2829 500 2884 lesecntia
521 2832 794 2899 magister,
844 2829 1154 2893 benevolus,
1203 2830 1499 2898 disciplinis
1549 2833 1810 2899 asperior,

235 2916 360 2953 raro
391 2910 586 2969 prmter
613 2899 809 2955 fratres
838 2902 1028 2970 pedem
1070 2900 1308 2954 claustro
1349 2915 1688 2970 promovens,
1720 2917 1815 2955 ex-

232 2986 427 3025 cursus
453 2980 678 3026 mortem
712 2973 1016 3033 nominans,
1053 2983 1193 3037 saepe
1242 2971 1546 3024 'l‘utilonem
1594 2971 1813 3024 itinera-

233 3041 375 3094 rium
409 3051 468 3094 ut
491 3056 550 3096 se
579 3051 794 3096 caveret
818 3055 1064 3094 monens.
1104 3039 1304 3093 Lahem
1341 3041 1628 3094 maximam
1665 3043 1813 3094 clau-

232 3111 331 3164 slri
362 3111 732 3179 impunitatem
765 3110 1095 3165 nominabat.
1127 3110 1284 3165 Tales
1327 3127 1449 3165 cum
1491 3120 1674 3179 essent
1704 3120 1812 3166 tres

233 3180 322 3234 isti
351 3177 548 3235 nosth
574 3181 875 3252 reipublic'e
903 3190 1207 3245 senatores,
1234 3181 1375 3252 quod
1402 3177 1811 3252 semperdOcto-

233 3266 354 3304 rum
386 3260 542 3305 estet
565 3251 796 3312 utilium,
829 3251 895 3303 ah
918 3253 1031 3304 otio
1073 3251 1384 3305 vacantibus
1410 3261 1465 3304 et
1503 3251 1551 3305 in
1596 3251 1813 3307 levizate

232 3320 657 3386 ambulantibus,
700 3319 1063 3376 detractiones
1113 3331 1166 3375 et
1220 3319 1546 3390 dorsiloquia
1601 3321 1813 3390 patiun-

235 3402 325 3444 tur
377 3392 626 3455 assidua;
690 3391 782 3445 sed
830 3391 1104 3454 maxime,
1160 3391 1286 3460 quia
1341 3393 1519 3444 minus
1565 3391 1811 3447 refellere

233 3460 443 3515 solebat
472 3469 694 3531 sanctus
743 3459 844 3531 (ut
890 3476 1015 3531 vere
1061 3459 1331 3530 asseram)
1385 3461 1634 3531 dominus
1685 3461 1812 3515 Not-

231 3531 416 3586 kerns.
455 3549 472 3584 ι
516 3529 708 3585 Suhdit
755 3529 1105 3600 Ekkedardus
1149 3529 1347 3600 factum
1385 3530 1658 3600 (atjusdam
1692 3548 1811 3586 mo-

229 3602 426 3668 nachi,
473 3600 692 3655 nomine
749 3599 1002 3666 Sindolfi,
1060 3602 1150 3670 qui
1198 3599 1457 3654 Netkero'
1489 3601 1732 3655 infestior
1779 3618 1810 3658 a

230 3670 524 3725 Salomone
575 3670 975 3740 Constantieusi
1026 3674 1276 3740 episcopo
1331 3679 1388 3722 et
1439 3670 1634 3726 abbate
1684 3687 1811 3740 cpe-

227 3741 398 3795 rariis
457 3739 740 3810 pra-lectus
799 3749 899 3794 est.
963 3759 980 3791 ‹
1034 3739 1164 3794 Erat
1213 3741 1385 3811 tribus
1414 3741 1545 3811 illis
1598 3739 1809 3811 insepa-

230 3809 494 3864 rabilibu’s
548 3813 916 3874 consuetudo,
978 3811 1241 3880 permisso
1301 3809 1513 3881 quidem
1568 3809 1805 3881 prioris,

228 3881 284 3934 iu
316 3881 603 3935 intervallo
650 3881 888 3934 Landum
936 3889 1198 3934 nocturno
1238 3880 1528 3934 convenire
1570 3880 1626 3934 in
1675 3884 1810 3934 scri-

226 3953 432 4020 ptorio,
457 3951 882 4019 eollationesque
912 3949 1002 4020 tali
1049 3951 1196 4004 hara:
1226 3951 1531 4020 aptissimus
1565 3951 1632 4005 de
1664 3951 1809 4005 Scri-

227 4019 406 4089 pturis
446 4022 641 4076 facere.
681 4022 751 4074 At
802 4019 1075 4074 Sindulfus
1111 4019 1288 4075 sciens
1320 4020 1507 4074 horam
1547 4030 1602 4075 et
1639 4021 1805 4076 collo-

227 4090 400 4160 quia,
447 4091 680 4160 quadam
731 4098 888 4144 nocte
939 4089 1188 4144 fenestrae
1239 4091 1442 4154 vitrete,
1499 4091 1585 4145 cui
1631 4090 1806 4146 Tutilo

228 4161 532 4230 assederat,
585 4161 950 4215 clandestinus
1003 4160 1134 4215 foris
1178 4161 1517 4230 appropriat,
1570 4176 1807 4230 aurcque

225 4229 374 4301 vitro
395 4229 574 4296 allisa,
606 4233 649 4285 si
681 4233 806 4298 quid
840 4246 1027 4300 rapere
1059 4229 1404 4301 posset’quud
1454 4229 1802 4299 depravatum

228 4299 484 4370 episcopo
515 4303 753 4356 traderet
802 4299 1157 4354 ausCultabat.
1205 4300 1383 4370 Sensit
1435 4301 1581 4354 llllllll
1628 4301 1806 4356 Tutilo

227 4371 398 4424 hoino
421 4369 700 4439 pervicax,
759 4371 1080 4440 lacertisque
1119 4369 1375 4440 confisus,
1426 4371 1802 4440 latialitcrquc,

228 4456 342 4510 quo
383 4438 529 4494 illum
579 4442 668 4510 qui
715 4441 846 4510 nihil
898 4438 1216 4510 intelligeret
1260 4438 1472 4510 lateret,
1525 4438 1803 4509 compares

230 4507 542 4580 alloquitur.
579 4507 608 4562 ι’
631 4510 764 4564 Tum
790 4507 1229 4580 iNotkeroﬁJquia
1263 4509 1536 4580 timidulus
1565 4507 1702 4572 erat,
1749 4511 1801 4564 in

229 4579 517 4636 ecclesiam
555 4598 617 4636 ce
654 4598 745 4635 ere
779 4579 950 4650 jusso,
993 4579 1084 4650 alii
1132 4580 1238 4632 duo
1278 4579 1549 4650 hominem
1586 4582 1807 4650 egregie

228 4651 527 4720 excipiunt,
563 4659 711 4721 rapto
743 4649 953 4721 ﬂagello
999 4648 1245 4721 fratrum,
1276 4649 1416 4721 quod
1449 4648 1806 4721 Apettdellut'in

227 4717 425 4792 pyrrili.
470 4717 758 4791 Ratpértus
802 4717 855 4775 id
885 4718 1214 4787 exsequitur,
1266 4718 1352 4770 vir
1391 4717 1458 4770 ad
1503 4719 1806 4788 disciplinas

229 4793 589 4846 inutilissimus.

304 4862 357 4915 5.
407 4879 424 4911 ι
467 4861 632 4915 Erant
659 4860 752 4914 illo
791 4860 844 4914 in
875 4870 1131 4930 tempore,
1176 4877 1207 4930 ε
1233 4858 1310 4913 sic
1340 4857 1689 4930 Ekkehardus
1713 4857 1805 4913 Ju-

230 4933 356 4987 nior
379 4932 791 5001 persequiturin
814 4928 1001 4984 eodem
1023 4945 1140 4999 cap.
1177 4928 1230 4991 ’5,
1267 4949 1284 4979 ι
1339 4941 1524 5001 saneto
1559 4929 1714 5001 Gallo
1748 4937 1803 4982 et

230 5003 322 5056 alii
354 4997 635 5057 (,ieliobi'tte
663 4999 878 5070 quidem
902 4997 1101 5062 sancti,
1125 5014 1352 5067 quorum
1395 4997 1619 5070 justitize
1661 5001 1801 5068 apud

234 5073 404 5126 Deum
427 5088 530 5125 non
555 5069 692 5124 sunt
711 5071 762 5123 in
794 5071 1059 5123 oblivione
1092 5088 1103 5122 :
1144 5085 1371 5137 quorum
1398 5069 1486 5138 qui
1514 5085 1611 5121 em
1638 5085 1798 5138 Opera

231 5142 399 5194 multa
427 5143 730 5195 audivimus
757 5141 1034 5209 przeelara,
1060 5141 1198 5192 inter
1240 5155 1373 5207 quos
1419 5139 1800 5204 llartmaunus,

231 5225 287 5264 et
316 5213 429 5278 ipse
452 5213 794 5265 doctissimus
815 5211 980 5263 abbas
1003 5209 1234 5263 cuanobii
1274 5217 1393 5276 post
1423 5209 1798 5273 Salmnuuem;

233 5281 606 5335 Waltramnus
649 5296 798 5342 vero,
831 5279 982 5348 cujus
1011 5280 1170 5331 etiam
1213 5279 1456 5332 melodiae
1493 5281 1612 5348 quis
1643 5280 1804 5333 fuerit

232 5367 342 5405 non
374 5351 545 5405 celant
575 5368 588 5415 ;
624 5351 952 5420 Rueggerus,
977 5349 1310 5420 cnjusjsupra
1345 5351 1706 5420 meminimus,
1749 5359 1805 5404 et

233 5421 325 5475 alii
354 5422 569 5488 quidem
603 5418 925 5483 "uilli—[cum
972 5418 1172 5473 sanctis
1202 5419 1393 5480 sancti,
1445 5435 1569 5472 cum
1619 5420 1804 5475 electis

230 5493 388 5546 electi
419 5510 431 5544 :
461 5493 526 5545 de
555 5491 770 5559 quibus,
795 5491 916 5558 quia
941 5491 1152 5557 longmn
1177 5497 1258 5541 est
1293 5490 1441 5556 operi
1473 5491 1652 5543 audita
1680 5506 1804 5557 pro-

231 5563 406 5629 sequi,
458 5571 566 5616 tres
615 5562 756 5616 solos
802 5576 936 5630 quos
963 5559 1350 5630 assmnpsimus
1403 5559 1455 5612 in
1503 5561 1805 5630 exemplum

230 5633 466 5701 posteris
492 5633 737 5686 sullicere
759 5634 1059 5685 credamus.

301 5704 355 5756 li.
404 5721 420 5752 ε
455 5701 718 5757 Nolkerus
743 5717 869 5755 vero
897 5701 1011 5754 dies
1039 5709 1328 5770 noctesque
1352 5715 1564 5768 semper
1594 5699 1730 5770 idem
1755 5708 1808 5753 et

232 5788 429 5840 novus,
457 5774 597 5843 quod
629 5772 914 5844 llatpertus
943 5771 995 5827 in
1027 5769 1249 5840 scholis,
1282 5774 1381 5828 hoc
1426 5772 1537 5842 ipse
1577 5771 1631 5827 in
1659 5769 1804 5827 clau-

1927 520 2060 592 Hinc
2084 521 2376 578 Notlternm
2403 525 2779 582 claustralibus
2805 545 2898 585 seu
2923 520 3272 589 interioribus
3297 536 3499 592 scholis

1923 591 2236 674 praefectum
2286 593 2464 674 fuisse_
2499 597 2866 674 intelligimus.
2907 619 2925 674 ς
2959 601 3164 657 Prioris
3207 591 3496 674 permisso,

1923 666 2095 732 magis
2140 671 2320 738 autem
2351 675 2405 719 et
2449 666 2695 738 hortatu,
2737 669 3048 738 iuveniores
3095 666 3268 728 adhuc
3319 666 3498 729 idonei

1922 744 2119 814 noctes
2156 733 2400 814 diesque,
2436 737 2653 805 quando
2669 733 2753 814 _a_l5
2776 741 3109 814 orationibus
3133 743 3499 814 quiescerent,

1922 802 2068 882 velut
2087 803 2157 882 ⁸ἰιι
2189 803 2398 882 insidiis
2417 802 2590 870 erant,
2617 827 2640 882 ρ
2669 808 2851 882 idest,
2883 802 3173 882 observati',
3203 822 3256 868 et
3279 802 3496 882 quidem

1919 885 1948 924 a
1985 871 2240 950 Notitcro.
2274 892 2292 924 ι
2334 874 2521 950 Neque
2542 878 2685 950 enim
2723 871 2853 950 hora
2887 871 3256 950 incompetens
3285 871 3501 938 diceba-

1919 951 2008 994 tur
2036 943 2136 1020 (sic
2161 953 2381 1020 sanctus
2393 943 2715 1020 Benedictus
2736 943 3313 1020 horasinconipetentes
3340 960 3500 1007 vocat

1919 1027 2038 1082 cap.
2052 1012 2170 1094 ΑΒ(
2183 1014 2391 1094 quibus
2416 1015 2648 1094 colloqui
2675 1027 2726 1072 et
2751 1019 2910 1094 simul
2931 1012 3220 1094 convenire
3237 1022 3498 1094 fratribus

1917 1081 2224 1159 notrlicetj,
2253 1085 2297 1138 si
2337 1085 2522 1159 codice
2557 1081 2610 1159 in
2645 1089 2892 1145 manibus
2939 1091 3059 1159 quis
3107 1107 3231 1145 cum
3280 1092 3500 1146 domino

1918 1149 2157 1234 l‘lotkero
2187 1152 2523 1234 loquebatur:
2557 1156 2678 1234 Ipse
2695 1168 2874 1212 autem
2899 1149 3270 1234 eu'm‘propter
3297 1163 3498 1234 regula:

1920 1229 2158 1299 tenorem
2183 1224 2354 1299 sibilis
2381 1239 2473 1299 eos
2505 1224 2849 1299 interdumet
2877 1224 3104 1299 strepitu
3130 1224 3498 1296 a'bsturbaret,

1918 1291 1991 1368 ab
2046 1291 2332 1348 abbatibus
2386 1294 2433 1368 ei
2485 1310 2582 1364 per
2631 1291 3007 1352 obedientiam'
3040 1301 3181 1368 quod
3234 1291 3500 1357 refutaret

1921 1361 2217 1440 injunctum
2249 1372 2352 1418 est.
2387 1361 2558 1431 Quam
2602 1375 2797 1440 autem
2818 1361 3101 1440 mellillutis
3145 1370 3196 1423 in
3225 1372 3498 1440 responsis

1919 1430 2098 1556 {uc-rit,
2149 1430 2622 1506 lacrymze'eorum
2661 1436 2752 1505 qui
2785 1437 3056 1493 hominem
3101 1430 3346 1495 viderunt
3389 1451 3497 1497 tes-

1941 1517 2008 1555 an
2037 1517 2118 1556 ur.
2459 1535 2461 1538 ι

1941 1517 2118 1556 antur.
2459 1535 2461 1538 ί

1989 1571 2043 1625 7.
2082 1572 2428 1645 {Enimvero
2457 1574 2617 1645 etiam
2650 1575 2701 1629 in
2752 1576 2945 1645 spiritu
2990 1577 3107 1641 Dei,
3147 1579 3314 1634 multa
3341 1581 3498 1637 bonis

1917 1648 1969 1696 et
2001 1641 2157 1714 malis
2185 1652 2282 1696 aut
2316 1643 2552 1714 fortunia
2586 1641 2833 1712 praedixit
2864 1655 2956 1701 aut
2986 1648 3303 1714 infortunia,
3335 1650 3495 1713 sicut,

1918 1712 2088 1786 gratia
2118 1712 2372 1786 exempli,
2399 1715 2708 1786 __superiura
2763 1726 3000 1786 repetam
3055 1712 3498 1776 cuidam-Caroli

1848 1787 1893 1850 Β
1918 1780 2043 1836 elati
2067 1783 2231 1836 animi
2262 1780 2556 1851 capellan'o.
2589 1784 2720 1837 Nam
2745 1780 2836 1840 rei
2861 1787 3001 1841 idem
3025 1804 3144 1842 cum
3167 1791 3236 1842 ob
3262 1791 3499 1844 Charita-

1839 3148 1881 3208 C

1837 4485 1881 4541 Ι)

1919 1861 2000 1905 tes
2044 1854 2281 1922 agendas
2311 1854 2590 1917 fratribus,
2632 1864 2690 1908 ut
2737 1857 2960 1921 solebat,
3006 1859 3256 1913 coenobio
3291 1859 3502 1914 veniret

1918 1929 2198 1993 totumque
2226 1923 2457 1977 triduum
2503 1925 2673 1993 gratia
2718 1928 3032 1981 reverentiae
3059 1929 3497 1983 conversantium

1915 1989 2468 2066 ibidem’moraretnr,
2501 1989 2810 2066 sanctisque
2856 1997 3071 2059 nostris,
3107 2006 3242 2053 utet
3269 1998 3498 2066 Ratper-

1917 2068 2004 2115 tus
2032 2062 2243 2136 scribit,
2289 2062 2573 2136 munificus
2619 2062 2816 2136 abbate
2843 2066 2956 2136 jam
2987 2076 3197 2121 musato
3225 2062 3496 2136 abire—pa-

1917 2141 2117 2204 rasset,
2150 2131 2240 2186 ille
2265 2133 2479 2204 quidem
2506 2133 2632 2187 elati
2675 2131 3178 2204 animi'capellanus
3203 2138 3377 2190 virum
3403 2131 3497 2191 Dei

1913 2201 2190 2270 psalterio,
2243 2213 2301 2274 ut
2351 2202 2578 2265 solebat,
2631 2201 2957 2259 assidentem
3001 2208 3314 2274 praeteriens
3373 2221 3498 2260 con-

1913 2274 2112 2346 Spesit,
2142 2273 2430 2346 agnitoque
2452 2274 2594 2346 quod
2615 2274 2662 2328 is
2679 2284 2822 2346 esset
2847 2277 2936 2344 qui
2958 2273 3150 2330 Garolo
3167 2277 3333 2331 multa
3349 2292 3495 2346 qua:-

1914 2342 2054 2395 renti
2104 2343 2276 2412 pridie
2317 2344 2542 2412 qnzesita
2587 2342 2901 2405 resolveret,
2957 2342 3496 2400 contitantihusait:

1920 2429 1954 2484 ε
1973 2412 2359 2484 Ecec,inquit,
2385 2413 2483 2466 iste
2511 2421 2614 2484 est,
2638 2430 2745 2484 quo
2775 2415 3041 2469 neminem
3062 2415 3214 2484 aiunt
3245 2418 3298 2471 in
3333 2429 3499 2484 regno

1914 2479 2090 2556 Garuli
2116 2479 2438 2556 doctiorem,
2470 2483 2564 2537 sed
2598 2479 2716 2556 ego,
2752 2485 2795 2556 si
2830 2485 3014 2549 vultis,
3044 2481 3195 2541 illum
3221 2495 3327 2540 tam
3360 2479 3496 2556 pra:-

1914 2551 2298 2606 cellentissime
2311 2553 2526 2606 doctum
2554 2554 2620 2608 ad
2650 2555 2950 2608 irrisionem
2977 2557 3126 2610 vobis
3157 2551 3398 2618 tentabo,
3420 2563 3495 2609 'et

1912 2622 2055 2695 quod
2087 2631 2247 2675 tantae
2275 2621 2430 2695 fama:
2459 2623 2544 2695 vir
2571 2625 2809 2695 omnino,
2831 2625 3036 2679 nesciat
3066 2625 3428 2695 interrogabo.
3474 2643 3494 2676 ι

1913 2690 2022 2765 illis
2046 2700 2266 2765 vero_ut
2313 2692 2434 2765 hoc_
2461 2690 2669 2746 faceret
2697 2694 2911 2765 curiose
2961 2690 3299 2765 rogantibus,
3342 2710 3496 2749 acce-

1913 2763 2046 2816 dunt
2085 2762 2309 2831 pariter,
2358 2760 2594 2832 salutant
2619 2778 2763 2816 eum.
2807 2760 3049 2817 Htttnilis'
3081 2765 3169 2818 ille
3207 2779 3496 2832 assurgens

1913 2832 2038 2902 quid
2081 2841 2268 2902 petant
2307 2831 2518 2900 quaerit.
2572 2833 2643 2885 At
2689 2833 2777 2886 ille
2825 2833 3009 2887 infelix
3041 2849 3200 2902 quem
3229 2831 3492 2888 diximus:

1920 2920 1939 2953 ι
1983 2902 2198 2958 Scimus
2240 2903 2432 2968 inquit,
2463 2902 2625 2956 homo
2652 2903 2981 2963 doctissime,
3015 2905 3196 2957 omnia
3230 2913 3282 2957 te
3311 2920 3490 2957 nosse.

1912 2973 2052 3039 Quid
2085 2982 2264 3027 autem
2304 2973 2443 3026 Deus
2474 2973 2526 3026 in
2555 2972 2694 3026 cmlo
2717 2988 2860 3026 nunc
2883 2973 3043 3027 faciat
3071 2990 3100 3028 a
3145 2983 3195 3028 te
3226 2976 3490 3042 cupimus,

1913 3044 1958 3114 si
1997 3043 2399 3114 nusti,audire.
2443 3042 2588 3103 Scio,
2634 3043 2809 3112 inquit
2856 3043 2962 3114 ille,
3011 3052 3067 3099 et
3111 3045 3315 3114 Optime
3359 3045 3492 3097 scio.

1917 3111 2069 3184 Nunc
2097 3113 2242 3167 enim
2268 3113 2412 3184 facit
2451 3114 2591 3181 quod
2622 3111 2836 3184 semper
2867 3112 3029 3177 fecit,
3075 3111 3266 3168 et’tihi
3289 3115 3494 3184 utique

1915 3183 2222 3256 quodumox
2260 3181 2500 3256 facturus
2543 3183 2908 3256 est._‘Exaltat
2933 3181 3418 3256 enimuhumiles,‘
3439 3192 3496 3237 et

1915 3253 2160 3307 humiliat
2191 3254 2470 3322 superbos.
2510 3272 2528 3304 ι
2563 3253 2758 3322 Ahihat
2799 3261 3035 3307 tentatur
3071 3253 3176 3316 ille,
3217 3262 3270 3306 et
3308 3253 3497 3306 irrisor

1914 3339 1943 3377 a
1996 3323 2110 3378 suis
2172 3323 2397 3383 irrisus,
2451 3321 2845 3392 parvipendens
2901 3324 3027 3392 quid
3093 3325 3193 3376 sibi
3252 3323 3495 3375 futurum

1912 3393 2432 3448 dixisuat..Souatur
2455 3393 2709 3446 continuo
2747 3395 2812 3445 ad
2865 3406 3186 3446 concursum
3217 3400 3271 3446 et
3308 3392 3495 3446 laudes

1910 3462 2141 3518 Caesaris
2166 3462 2387 3517 abituri.
2417 3463 2621 3529 Arripit
2653 3461 2740 3516 ille
2779 3461 2961 3516 infelix
2993 3463 3204 3517 futurus
3244 3463 3487 3516 labarum

1909 3547 1976 3587 eo
2011 3534 2096 3587 die
2138 3532 2358 3588 Ordinis
2387 3532 2469 3586 sui
2500 3532 2775 3586 dominum
2823 3533 3199 3597 antecedendi,
3249 3541 3304 3586 et
3352 3546 3494 3600 equo

1911 3604 2176 3673 superbus
2207 3603 2452 3656 invectus
2482 3610 2625 3673 fante
2658 3610 2886 3673 portam
2935 3603 3172 3656 civitatis
3212 3602 3494 3673 olleudeus

1910 3670 2107 3727 cecidit
2144 3683 2199 3727 et
2239 3673 2436 3725 misere
2481 3672 2532 3724 in
2567 3670 2704 3725 facie
2750 3672 2970 3727 collisus
3019 3687 3148 3726 crus
3199 3671 3489 3727 confregit.

1909 3742 2281 3796 Committitur
2318 3742 2496 3794 abbati
2527 3757 2686 3805 novo,
2733 3741 3056 3796 llartmuoto
3101 3742 3344 3805 suffecto,
3394 3741 3495 3794 Be-

1910 3813 2168 3867 rinhardo
2193 3811 2565 3882 procurandus
2597 3829 2610 3882 ;
2648 3813 2732 3865 cui
2771 3812 2884 3880 ipse
2915 3813 3128 3866 tandem
3169 3811 3487 3881 prmsagium

1899 3882 2132 3936 Notkeri
2162 3880 2490 3948 o'nmeruqne
2520 3880 2821 3947 lmjusmodi
2857 3897 2966 3935 rem
2999 3898 3120 3935 cmn
3167 3880 3490 3951 aperuisset,

1909 3952 2252 4006 desiderabat
2284 3951 2384 4003 viri
2418 3951 2530 4013 Dei,
2560 3952 2686 4004 sise
2718 3952 2950 4006 invisere
2978 3953 3248 4021 dignetur,
3275 3951 3493 4006 aliisolu-

1907 4022 2108 4076 tionem
2136 4030 2190 4075 et
2219 4021 2502 4090 prreseutis
2530 4021 2979 4075 benedictionem.
3021 4023 3171 4088 Quod
3218 4036 3339 4076 eum
3375 4021 3490 4089 ipse

1908 4092 2217 4162 deSpective
2262 4093 2332 4145 de
2369 4090 2607 4145 Notkero
2648 4092 2875 4146 audiens
2904 4093 3038 4146 nihil
3079 4093 3196 4146 sibi-
3223 4092 3346 4162 mali
3373 4093 3489 4161 ejus

1907 4161 2166 4232 vaticinia
2219 4169 2494 4232 assereret
2546 4162 2859 4232 contigisse,
2919 4163 3195 4232 coagulari
3249 4161 3489 4215 fractura

1907 4231 2019 4296 illa,
2049 4231 2210 4288 nullis
2233 4231 2511 4296 fomentis,
2541 4231 2950 4297 Imllisadunari
2975 4231 3141 4285 valuit
3162 4232 3484 4301 ligamentis.

1908 4301 2251 4372 Supplicatur
2273 4303 2490 4356 tandem
2521 4303 2694 4372 media
2720 4303 2952 4371 quadam
2985 4312 3144 4355 nocte
3169 4297 3488 4372 amiserant;

1909 4370 2054 4426 tibus
2081 4372 2348 4426 clamores
2391 4373 2509 4441 ejus
2559 4370 2840 4441 Nutkero:
2879 4372 2967 4441 qui
3017 4370 3489 4441 dmuadveuiens

1907 4456 2034 4496 crus
2059 4438 2474 4504 contrectasset,
2501 4439 2787 4495 confestim
2816 4439 3132 4496 combnllire
3163 4439 3290 4494 illud
3319 4438 3489 4492 sensit

1909 4510 2240 4573 confractus,
2271 4509 2569 4576 didicitque
2595 4525 2781 4564 severe
2808 4512 2874 4565 de
2897 4518 3094 4563 caetero
3123 4509 3341 4562 lmmilia
3366 4515 3488 4562 seu-‘

1911 4580 2031 4635 tire.
2058 4599 2076 4632 ι
2100 4580 2376 4635 Hactenus
2403 4579 2751 4633 Ekkehardns
2775 4579 2967 4634 Junior
2989 4579 3040 4649 in
3063 4580 3237 4649 capite
3258 4579 3310 4649 5.
3347 4578 3490 4632 Prte—

1911 4658 2059 4704 tereo
2085 4665 2204 4719 qua:
2238 4650 2381 4707 idem
2423 4667 2542 4704 mox
2578 4650 2759 4704 subdit
2784 4653 2849 4705 de
2897 4648 3051 4704 malis
3090 4647 3145 4704 iii
3190 4647 3485 4702 Nolkerum

1909 4728 1965 4773 et
1984 4718 2300 4788 Ratpertum
2331 4721 2542 4775 artibus
2573 4718 2712 4773 illius
2737 4720 3024 4783 illitterati,
3052 4722 3118 4774 de
3154 4735 3262 4789 quo
3301 4735 3484 4789 supra,

1910 4789 2159 4843 monachi
2204 4788 2296 4858 qui
2341 4789 2622 4844 Sindolfus
2650 4791 2961 4845 vocabatur.
2994 4789 3138 4845 ldem
3175 4788 3488 4844 auctorem-

1912 4867 2024 4913 tera
2055 4859 2132 4914 sic
2162 4860 2525 4928 persequitur.

1980 4929 2033 5000 8.
2080 4945 2098 4979 ‹
2145 4925 2636 5000 Νοιιίθιῖυεηειιιιρηι
2685 4931 3071 5000 spiritualiter,
3125 4939 3186 4983 ut
3231 4929 3484 4990 diximus,

1911 4997 2085 5061 fortis,
2116 5008 2376 5068 quantum
2409 4998 2588 5052 Tutiln
2617 5003 2668 5055 in
2717 4997 2986 5065 homines,
3019 5011 3222 5056 tantum
3255 5002 3366 5069 ipse
3398 5015 3488 5050 va-

1909 5069 2406 5142 luit-intlwmoncs.
2436 5069 2650 5142 Accidit
2678 5081 2855 5126 autem
2887 5082 2943 5125 ut
2974 5072 3204 5142 quadam
3245 5069 3486 5142 noctein

1909 5139 2137 5194 ecclesia
2177 5139 2513 5206 praeveniens
2561 5141 2613 5194 in
2659 5139 3000 5200 maturitate,
3023 5140 3324 5206 altariaque
3373 5139 3483 5191 cir-

1908 5209 2114 5272 cnicns,
2149 5208 2462 5281 utsolehat,
2495 5211 2773 5265 clamaret.
2827 5211 2880 5264 ln
2926 5220 3179 5281 cryptam
3223 5224 3352 5281 vero
3394 5223 3483 5281 ve-

1909 5281 2064 5335 niens
2086 5279 2368 5334 duodecim
2397 5280 2778 5348 Apostolorum
2824 5278 3106 5349 sanctique
3143 5278 3484 5340 Columbaui,

1894 5351 2148 5411 acriores
2197 5350 2386 5419 depost
2428 5365 2581 5405 aram
2629 5351 2767 5406 oculi
2819 5351 2935 5418 ejus
2982 5365 3104 5404 cum
3157 5349 3488 5403 deducerent

1912 5419 2183 5488 lacrvmas
2210 5459 2225 5484 ,
2270 5421 2422 5488 quasi
2476 5435 2666 5477 canem
2713 5421 2958 5474 audierat
3021 5419 3414 5473 mussitantcm.
3459 5435 3481 5470 ι

1915 5490 2166 5561 Daemon
2196 5500 2352 5561 erat,
2395 5504 2563 5561 quem
2620 5490 3136 5561 appropinquantem
3180 5489 3298 5542 loco
3343 5496 3487 5561 stare

1905 5559 2060 5629 jubet
2123 5557 2423 5618 Notkerus.’
2469 5578 2487 5610 ‹
2547 5557 2822 5615 Festinato
2873 5568 3051 5614 autem
3109 5573 3259 5613 aram
3307 5557 3484 5629 sancti

1911 5625 2046 5684 Calli
2103 5631 2326 5692 adiens,
2379 5630 2683 5683 camhotam
2746 5643 2899 5682 suam
2970 5639 3026 5684 et
3076 5628 3316 5698 magistri
3371 5625 3488 5694 ejus

1913 5700 2268 5770 (Columbuni)
2321 5699 2610 5752 multarum
2651 5701 2911 5753 virtutum
2941 5701 3321 5770 operatricem,
3364 5713 3487 5770 cum

1913 5768 2121 5843 διήκει-ιι
2163 5771 2248 5830 illa
2298 5780 2494 5826 sanctae
2541 5772 2720 5827 crucis
2768 5768 3051 5831 notissima
3099 5770 3295 5840 rapuit,
3324 5775 3401 5833 et,
3433 5768 3487 5821 in
