4038 6420
585 438 690 502 993

1489 437 1548 492 Β.
1593 433 1894 493 ΝΟΪΚΕΜ
1939 433 2230 491 BALBULI
2268 436 2324 490 5.
2367 435 2573 490 GALLI
2615 431 2919 492 HONACHI

3765 437 3859 490 996

588 577 742 625 nem;
773 559 816 614 si
847 571 975 613 vero
1001 555 1362 612 moralitatem
1393 554 1648 623 requiris,
1676 550 1897 621 Origeni
1923 552 2169 618 intende;
2202 557 2247 614 Α
2278 552 2638 606 maximarum
2666 565 2806 622 quas
2830 549 2973 604 Beda
3017 555 3203 604 noster
3231 548 3530 606 demessuit
3552 559 3607 606 et
3626 549 3857 622 collegit.

587 655 631 708 si
683 650 1103 721 disputationem
1151 647 1435 719 Augustini
1483 645 1767 700 duodecim
1811 643 1976 698 libros
2020 659 2176 713 pera-

587 759 745 812 grare
781 759 888 797 non
926 740 1180 804 lasseris;
1208 739 1252 794 si
1287 737 1654 793 defensionem
1688 735 1966 789 Creatoris
1999 744 2054 788 et
2084 750 2178 788 au-

589 837 860 904 tiquorum
887 834 1102 888 Patrum
1124 840 1312 886 contra
1331 830 1694 898 blasphemias
1707 828 2174 894 calumniatorum,

590 927 708 997 lege
754 925 991 993 ejusdem
1021 921 1308 993 Augustini
1360 920 1528 975 libros
1555 920 1690 973 duos
1718 919 1979 974 adversus
2009 918 2178 972 Mani-

588 1021 787 1080 ehzeos,
814 1025 869 1070 et
895 1016 1028 1069 alios
1052 1016 1184 1069 duos
1209 1022 1398 1070 contra
1427 1012 1706 1076 Faustum,
1731 1020 1786 1066 ct
1807 1012 2175 1076 undecimum,

587 1106 985 1169 diiedecimum,
1031 1105 1300 1158 decimum
1337 1103 1579 1168 tertium,
1609 1102 1876 1156 decimum
1924 1110 2176 1172 quartum

589 1197 755 1267 ipsius
793 1196 858 1250 de
903 1194 1134 1249 Civitate
1182 1193 1298 1258 Dei,
1334 1194 1654 1264 prophetico
1693 1191 1897 1261 Spiritu
1938 1193 2180 1247 conscri-

588 1296 738 1354 ptos;
769 1285 813 1340 si
847 1295 1222 1340 creaturarum
1265 1281 1667 1354 pulchritudine
1697 1282 2000 1347 delectaris,
2039 1283 2179 1336 Exa-

589 1392 777 1430 meron
815 1376 1108 1441 Ambrosii,
1140 1386 1195 1429 ut
1225 1375 1486 1446 jocularis
1532 1388 1613 1439 es,
1647 1390 1744 1444 pro
1789 1375 1912 1430 ludo
1941 1375 2180 1446 relegere

590 1482 945 1531 consuescas;
1005 1467 1049 1521 si
1103 1465 1335 1520 medulla
1389 1463 1628 1532 ejusdem
1689 1463 1814 1518 libri
1867 1463 2178 1519 dulcissima

592 1557 740 1625 pasci
778 1555 1033 1619 volueris,
1061 1563 1118 1609 et
1164 1555 1333 1624 ipsius
1370 1553 1580 1609 ratione
1607 1552 1852 1607 veritatis
1890 1551 2176 1620 jocundari

589 1647 846 1715 cupieris,
888 1646 1086 1700 Bedam
1113 1645 1458 1700 tenacissima
1484 1643 1745 1699 memoria
1777 1643 2009 1698 retinere
2033 1643 2180 1698 labo-

589 1751 670 1789 ra.
699 1735 851 1802 Quod
891 1736 934 1789 si
965 1743 1279 1804 excerptum
1317 1734 1542 1798 Paterii,
1575 1733 1717 1802 quod
1750 1734 1816 1787 de
1851 1733 2006 1788 libris
2036 1734 2176 1787 beati

589 1824 833 1895 Gregorii
883 1839 980 1893 per
1025 1824 1272 1880 ordinem
1319 1821 1647 1893 singulorum
1704 1820 1965 1876 librorum
2016 1823 2179 1876 deflo-

2278 640 2512 712 Scripsit
2579 642 2722 697 idem
2778 641 3143 712 Hieronymus
3198 641 3252 696 in
3304 641 3678 698 Ecclesiasten
3715 641 3859 710 juxta

2279 734 2624 789 traditionem
2684 732 3039 804 Septuaginta
3098 731 3510 800 Translatorum
3539 773 3558 798 ,
3606 733 3716 788 hoc
3757 744 3863 797 est,

2279 826 2565 896 Vulgatam
2619 825 3151 895 luterprelationem.
3215 825 3427 882 llebrmi
3477 825 3628 882 enim
3686 826 3866 880 dicunt

2278 932 2371 972 eos
2408 934 2512 973 non
2547 917 2777 987 amplius
2828 917 3212 986 interpretatos
3268 918 3439 974 fuisse
3485 935 3657 990 quam
3704 917 3866 988 Moysi

2278 1009 2514 1078 quinque
2571 1009 2756 1064 libros.
2811 1008 2950 1065 Huic
3004 1025 3134 1081 ergo
3181 1011 3504 1081 expositioni
3554 1011 3866 1068 acutissime

2278 1101 2440 1154 debes
2487 1099 2765 1155 intendere
2798 1139 2815 1166 ,
2869 1110 2928 1154 ut
2973 1115 3092 1155 eam
3120 1102 3188 1156 ad
3227 1102 3564 1156 intellectum
3592 1101 3864 1155 modern:

2278 1192 2528 1248 lectionis
2550 1192 2728 1261 possis
2755 1191 3008 1249 derivare
3034 1194 3159 1264 quia
3193 1193 3331 1248 nihil
3363 1193 3509 1248 aliud
3545 1193 3694 1263 apud
3731 1191 3867 1245 Lati-

2279 1297 2471 1336 norum
2521 1282 2758 1352 aliquem
2817 1297 2982 1352 super
3031 1281 3280 1337 eumdem
3333 1283 3532 1339 librum
3587 1283 3864 1350 reperies,

2279 1372 2382 1426 nisi
2417 1381 2621 1426 tantum
2645 1387 2814 1442 pauca
2851 1373 3158 1428 testimonia
3185 1374 3238 1428 in
3263 1374 3418 1430 libris
3443 1374 3591 1431 beati
3617 1373 3862 1444 Gregorii

2279 1480 2402 1521 cum
2467 1466 3065 1536 expositione.pnsita.
3126 1466 3183 1520 In
3239 1466 3461 1522 Cantica
3530 1466 3865 1521 canticorum

2280 1555 2677 1625 interpretatur
2725 1566 2947 1613 sanctus
3003 1559 3368 1630 Hieronymus
3425 1560 3564 1613 duas
3620 1558 3866 1613 homilias

2278 1647 2586 1704 Adamantii
2613 1687 2628 1712 ,
2683 1648 2735 1703 iu
2783 1665 3013 1718 quarum
3054 1649 3372 1722 praefatione
3413 1650 3518 1705 hoc
3554 1651 3862 1719 praemisit:

2282 1737 2531 1809 Origenes
2558 1779 2572 1802 ,
2599 1756 2717 1793 cum
2747 1741 2799 1794 in
2822 1747 3021 1794 cwteris
3081 1741 3217 1796 alio:
3257 1741 3431 1796 vicerit
3456 1781 3470 1802 ,
3523 1741 3579 1794 in
3640 1739 3867 1794 Canticis

2280 1830 2605 1884 canticorum
2647 1831 2875 1901 seipsum
2911 1832 3048 1886 vicit.
3092 1831 3263 1898 Quam
3319 1832 3822 1901 inzerpretationem
3847 1871 3861 1894 ,

591 1917 762 1970 rando
787 1915 1050 1979 confecit,
1084 1931 1322 1984 unquam
1357 1914 1594 1984 reperire
1617 1915 1878 1984 potueris,
1912 1914 2041 1968 illud
2081 1915 2175 1969 tibi
2213 1925 2252 1983 Β
2283 1920 2407 1990 quia
2465 1919 2580 1989 ipse
2625 1930 2799 1976 morte
2836 1932 3144 1991 praeventus
3167 1961 3182 1986 ,
3235 1921 3390 1977 nobis
3436 1919 3745 1976 transferre
3765 1935 3864 1974 non

590 2006 656 2059 ad
685 2004 1053 2059 omnimodam
1101 2004 1328 2059 sufﬁciet
1374 2005 1718 2074 sapientiam.
1748 2003 1802 2056 In
1846 2003 2088 2058 Exodum
2127 2012 2182 2058 et

499 2113 502 2116 ’
593 2096 645 2149 in
672 2094 978 2162 Leviticum,
1001 2095 1251 2150 homilias
1273 2095 1527 2166 Origenis
1553 2096 1689 2150 mire
1710 2095 2011 2165 disputatas
2040 2096 2183 2150 edis-

591 2201 718 2240 cere
769 2186 986 2251 labora;
1023 2187 1075 2240 in
1108 2195 1280 2241 totum
1312 2187 1615 2256 Eptaticum
1647 2193 1853 2256 septem
1881 2185 2050 2241 libros
2075 2180 2184 2239 Au-

592 2276 790 2348 gustini
822 2276 1214 2343 Quaestionum,
1247 2285 1300 2330 et
1339 2277 1475 2330 alios
1495 2291 1592 2331 sex
1629 2275 1985 2331 Locutionum
2017 2277 2084 2331 de
2105 2277 2183 2330 di-

595 2369 854 2423 versitate
899 2369 1277 2436 interpretum.
1328 2368 1395 2422 Et
1440 2368 1583 2437 quod
1629 2383 1739 2436 pra:
1775 2368 2029 2423 omnibus
2055 2368 2185 2423 utile

594 2458 689 2512 tibi
748 2467 879 2527 puto
935 2457 1241 2527 acquirere,
1288 2458 1634 2530 Eugippinm,
1681 2459 1773 2529 qui
1821 2474 1888 2514 ex
1934 2460 2184 2522 omnibus

595 2547 753 2602 libris
779 2547 1185 2618 profundissimi
1214 2557 1270 2604 et
1293 2549 1766 2618 penetrabilissiiui
1795 2549 2036 2618 ejusdem
2075 2551 2186 2606 Au-

595 2638 794 2708 gustini
813 2639 866 2693 in
893 2652 1108 2694 omnem
1132 2639 1508 2694 auctoritatem
1529 2640 1824 2710 Scriptura:
1844 2640 2186 2696 utilissimum

595 2726 650 2785 et
685 2729 839 2786 valde
872 2731 1238 2786 necessarium
1263 2730 1510 2786 volumen
1535 2731 1771 2801 collegit,
1803 2733 1856 2786 in
1880 2747 1988 2803 quo
2017 2732 2186 2788 multa

596 2821 848 2891 mysteria
879 2823 948 2876 de
977 2821 1193 2886 Genesi,
1226 2822 1294 2876 de
1336 2823 1540 2889 Exodo,
1568 2823 1637 2878 de
1668 2823 1934 2888 Levitieo,
1967 2824 2034 2879 de
2071 2821 2187 2878 Nu-

595 2927 766 2975 mero,
808 2912 876 2967 de
922 2912 1366 2977 Deuteronomio,
1413 2913 1598 2980 Josue,
1647 2923 1703 2970 et
1740 2913 2038 2976 Iudicibus,
2088 2915 2187 2970 Sa-

597 3003 776 3058 muele
800 3012 858 3059 et
882 3003 1194 3069 Malachim,
1229 3013 1284 3060 et
1325 3006 1602 3076 prophetis
1631 3014 1868 3061 reserata
1895 3007 2136 3077 reperies
2170 3025 2184 3062 :

595 3093 746 3148 Licet
795 3094 850 3148 in
891 3109 1082 3150 omnes
1110 3096 1405 3166 prophetas
1449 3095 1918 3152 laborantissimus
1946 3105 2003 3151 et
2029 3096 2188 3152 desu-

595 3184 947 3240 dantissimus
994 3185 1236 3241 studioso
1279 3184 1470 3240 lectori
1518 3184 1751 3240 sufﬁciat
1797 3184 2184 3258 Hieronymus,

2283 2012 2495 2081 potuit;
2539 2012 2678 2067 hanc
2727 2012 2823 2067 tibi
2874 2011 3306 2068 vicissitudinem
3358 2012 3531 2067 nostri
3575 2010 3786 2066 laboris
3817 2019 3866 2064 et

2282 2100 2614 2157 multimoda:
2643 2102 2922 2158 servitutis
2945 2103 3163 2173 impono
3192 2110 3251 2157 ut
3272 2094 3335 2158 _si
3358 2103 3663 2173 aliquando
3691 2115 3865 2172 sump-

2282 2191 2426 2247 tibus
2473 2191 2838 2248 abundaveris
2895 2199 2950 2246 et
2996 2192 3225 2262 alicujus
3272 2193 3512 2248 hominis
3571 2192 3772 2248 Latina
3815 2202 3866 2246 et

2283 2284 2472 2341 Graeca
2499 2285 2681 2356 lingua
2707 2285 2905 2340 eruditi
2952 2287 3191 2342 amicitia
3241 2302 3375 2342 usus
3425 2285 3639 2352 fueris,
3690 2287 3762 2340 ab
3805 2299 3866 2340 eo

2283 2385 2610 2446 extorqueas
2665 2386 2726 2433 ut
2777 2378 3187 2448 explanationes
3234 2379 3418 2434 latinis
3449 2421 3465 2444 ,
3515 2390 3571 2435 et
3628 2379 3866 2434 barbaris

2283 2485 2385 2541 pro
2416 2470 2656 2526 maximo
2685 2486 2910 2528 munere
2951 2471 3036 2526 vel
3063 2471 3243 2543 przeda
3275 2471 3645 2527 famosissima
3695 2481 3865 2526 trans.

2285 2559 2429 2617 ferre
2471 2579 2576 2616 non
2632 2572 2912 2632 gravetur.
2965 2563 3190 2618 Interim
3243 2562 3360 2633 lege
3414 2562 3686 2618 Libellum
3733 2561 3862 2617 Iusti

2286 2649 2664 2724 Lugdunensis
2718 2653 2956 2724 episcopi
3018 2653 3072 2706 in
3125 2652 3536 2723 epithalamium
3566 2692 3585 2718 ,
3654 2654 3863 2708 brevem

2287 2744 2510 2815 quidem
2543 2745 2723 2800 verbis
2755 2785 2770 2810 ,
2809 2744 2908 2800 sed
2936 2744 3308 2815 spiritualibus
3328 2743 3547 2814 plenum
3567 2743 3864 2798 sententiis.

2287 2835 2442 2903 Quod
2492 2836 2540 2892 si
2588 2836 2832 2892 Romana
2891 2834 3536 2891 facundiabarharorum
3593 2834 3863 2890 hominum

2288 2928 2494 2997 scripta
2556 2928 2983 2998 contempserit,
3056 2926 3215 2981 nobis
3280 2924 3534 2980 barbaris
3610 2923 3868 2993 expositio

2289 3019 2450 3074 Bedae‘
2490 3018 2544 3072 in
2587 3019 2838 3073 eumdem
2887 3017 3086 3072 librum
3130 3015 3387 3071 sufficere
3427 3014 3674 3070 debebit.
3704 3013 3867 3081 Quem

2291 3115 2610 3164 naturarum
2657 3107 2957 3178 dispositor
2997 3105 3143 3162 Deus
3168 3145 3184 3170 ,
3239 3105 3334 3174 qui
3385 3111 3584 3174 quarta
3607 3104 3697 3160 die
3723 3119 3868 3158 mun-

2291 3198 2447 3254 danae
2469 3197 2762 3254 creationis
2783 3197 2956 3253 solem
2983 3196 3053 3252 ab
3079 3197 3291 3252 oriente
3311 3194 3570 3267 produxit
3593 3235 3611 3260 ,
3644 3195 3700 3250 in
3723 3204 3867 3249 sexta

595 3272 751 3342 cujus
775 3273 820 3328 si
851 3273 1085 3330 volueris
1111 3289 1234 3331 esse
1261 3275 1582 3347 discipulus,
1609 3276 1888 3333 fastidium
1918 3279 2062 3348 quod
2087 3278 2180 3333 tibi
2209 3287 2255 3350 ρ
2286 3296 2446 3344 ante
2483 3288 2677 3345 saeculi
2721 3303 2924 3344 novum
2963 3287 3153 3344 solem
3184 3285 3254 3342 ab
3275 3286 3562 3342 occidente
3588 3285 3661 3340 ad
3679 3283 3883 3340 illumiv

595 3364 662 3420 de
706 3365 966 3421 librorum
1008 3363 1167 3422 taedio'
1191 3367 1412 3435 coaluit,
1447 3370 1676 3425 reticere
1705 3369 1944 3433 debebis,
1989 3377 2050 3425 ut
2070 3370 2180 3424 fer-

598 3457 911 3512 ventissima
944 3457 1104 3513 lectio
1127 3458 1358 3515 ferventi
1381 3469 1641 3532 congruat
1667 3461 1947 3531 discipulo.
1975 3460 2100 3516 llaec
2119 3463 2184 3516 de

599 3549 715 3619 lege
737 3558 789 3604 et
820 3550 1117 3620 prophetis.
1835 3547 1842 3557 '

599 3662 729 3716 Car.
758 3661 838 3735 ll.
869 3693 938 3703 —
978 3663 1053 3717 De
1096 3664 1176 3735 Itis
1201 3665 1292 3735 qui
1323 3664 1636 3721 Psalterium
1662 3707 1677 3731 ,
1708 3666 1996 3723 Proverbia
2019 3709 2034 3732 ,
2073 3669 2176 3723 Ec-

719 3733 989 3787 clesiasten
1015 3745 1060 3787 et
1091 3733 1310 3788 Cantica
1335 3739 1659 3791 canticorum
1689 3750 2059 3808 exposuerunt.

682 3823 758 3876 De
785 3823 1163 3895 hagiographis
1190 3840 1320 3880 vero
1346 3827 1396 3880 in
1422 3828 1668 3898 sequenti
1695 3829 1974 3884 docebcris
2008 3849 2020 3882 :
2054 3845 2184 3898 quo-

606 3929 724 3966 rum
756 3913 988 3981 primum
1017 3924 1099 3969 est
1119 3914 1442 3971 Psalterium
1484 3919 1637 3988 juxta
1689 3919 2179 3974 circumcisionem.

601 4005 756 4074 Apud
810 4020 908 4058 nos
957 4021 1087 4060 vero
1150 4018 1372 4076 propter
1425 4010 1696 4064 Christum
1746 4026 1813 4065 ex
1857 4027 1922 4066 co
1953 4023 2137 4066 natum
2167 4053 2180 4075 ,

598 4098 771 4152 David
817 4108 900 4152 est
947 4108 1106 4169 caput
1155 4103 1396 4155 omnium
1451 4103 1853 4172 prophetarum.
1920 4101 1992 4157 lu’
2031 4104 2218 4172 cujus'

603 4193 798 4248 librum
848 4191 1078 4262 plurima
1107 4192 1262 4246 multi
1311 4202 1617 4248 senserunt.
1660 4196 1734 4249 De
1758 4197 1954 4265 quibus
1976 4197 2186 4266 primus

601 4295 656 4338 et
682 4283 985 4353 praecipuus
1012 4289 1096 4338 est
1120 4281 1380 4352 Origenes
1403 4286 1543 4354 apud
1567 4284 1788 4342 Graecos
1810 4327 1825 4353 ,
1851 4288 2184 4358 Augustinus

601 4374 741 4444 apud
769 4389 866 4428 uos
895 4414 910 4438 ,
944 4388 1010 4428 ex
1041 4373 1196 4444 cujus
1231 4374 1384 4430 libris
1420 4373 1653 4446 Prosper
1681 4415 1697 4442 ,
1757 4386 1816 4431 ut
1837 4379 2143 4448 accepimus
2165 4421 2180 4443 ,

602 4465 908 4535 Aquitanus
936 4463 1244 4534 episcopus,
1271 4464 1618 4520 utilissimum
1648 4466 1897 4522 volumen
1929 4469 2185 4525 studiosis

603 4559 908 4629 excerpsit,
931 4559 1020 4614 cui
1044 4559 1212 4614 multa
1247 4557 1316 4613 de
1341 4559 1569 4614 aliorum
1593 4561 1866 4630 opusculis
1920 4561 2178 4622 intexuit,

2286 3380 2562 3435 nationem
2593 3379 2762 3436 totius
2792 3379 2944 3435 orbis
2997 3377 3221 3434 direxit.
3248 3376 3308 3433 Si
3338 3391 3472 3432 vero
3499 3376 3869 3433 Romanarum

2284 3473 2448 3530 etiam
2482 3471 2800 3528 deliciarum
2829 3471 3040 3543 opipari
3071 3470 3323 3527 convivio
3347 3469 3645 3526 delectaris
3668 3510 3686 3536 ,
3716 3469 3870 3539 quid-

2283 3549 2426 3632 quid.
2461 3561 2756 3634 Gregorius
2805 3578 2943 3634 papa
2997 3562 3155 3618 dulce
3197 3577 3360 3632 super
3401 3562 3508 3617 hoc
3560 3575 3869 3632 respersum

2284 3653 2548 3709 latissime
2599 3654 2842 3724 reliquit,
2881 3654 3023 3710 idem
3063 3654 3206 3710 Beda
3237 3654 3292 3709 in
3320 3653 3651 3710 brevissimo
3676 3653 3873 3709 ferculo

2283 3743 2458 3799 avidis
2496 3743 2838 3815 glutiendum
2867 3743 3195 3814 composuit.

2284 3855 2542 3938 (Ἁλεῖς-1111..
2578 3885 2659 3938 —-‘
2681 3854 2763 3938 De.
2792 3853 3321 3938 interpretibus‘fiftri
3369 3851 3662 3938 Sapientia:
3679 3894 3719 3938 ἔ,
3753 3853 3871 3938 ,ζέει

2355 3927 2452 3994 ﬁlii
2483 3926 2670 3980 Sirach
2689 3965 2703 3988 ,
2729 3925 2828 3978 Job
2856 3966 2870 3986 ,
2897 3923 3072 3978 Tobia:
3091 3964 3108 3982 .
3139 3923 3326 3978 Eutra-
3351 3964 3368 3988 ,
3406 3924 3599 3979 Judi.‘h
3621 3964 3637 3989 ,
3668 3923 3872 3989 Esther,

2358 3993 2438 4050 Pa
2447 3995 2804 4064 ratipomenon
2841 4005 2889 4048 et
2916 3994 3366 4050 Machabworum.

2357 4112 2434 4166 De
2462 4109 2635 4175 libro,
2689 4109 2779 4179 qui
2825 4108 3105 4179 Sapientia
3156 4108 3464 4165 Solomonis
3508 4109 3867 4172 inscribitur,

2287 4203 2490 4258 nullius
2526 4203 2766 4258 auctoris
2794 4203 3188 4272 expositionem
3213 4241 3228 4268 ,
3277 4201 3384 4258 nisi
3409 4211 3626 4257 tantum
3655 4218 3757 4273 per
3785 4219 3871 4258 oc-

2287 4296 2560 4352 casionem
2587 4295 2814 4349 aliorum
2841 4294 3106 4348 librorum
3130 4309 3302 4364 pauca
3339 4294 3657 4349 testimonia
3688 4295 3874 4364 expla-

2287 4396 2412 4442 nata
2439 4386 2698 4457 cognovi;
2728 4385 2926 4454 quippe
2947 4384 3038 4452 qui
3063 4384 3130 4437 ab
3159 4382 3400 4438 Hebraeis
3423 4384 3646 4452 penitus
3668 4385 3873 4454 respui-

2289 4489 2378 4535 tur
2403 4489 2458 4533 et
2482 4477 2624 4547 apud
2657 4487 2873 4532 nostros
2904 4475 3060 4544 quasi
3100 4475 3340 4530 incertus
3386 4473 3649 4541 habetur,
3675 4484 3870 4536 tamen,

2287 4570 2413 4640 quia
2442 4570 2654 4640 priores
2685 4567 2858 4623 nostri
2887 4582 3010 4622 eum
3041 4573 3264 4636 pr0pter
3291 4565 3586 4621 utilitatem
3617 4568 3874 4621 doctrina:

604 4660 664 4705 ut
683 4651 866 4706 statim
893 4651 945 4704 in
973 4651 1241 4720 principio
1266 4651 1636 4719 prtefationem
1663 4652 1729 4706 de
1757 4653 1980 4708 homilia
2009 4654 2181 4708 sancti
2215 4646 2261 4702 D
2288 4663 2465 4734 legere
2495 4668 2926 4724 consueverunt,
2956 4667 3009 4712 et
3035 4656 3207 4714 Judmi
3233 4658 3486 4713 eumdem
3509 4673 3622 4713 non
3654 4659 3870 4717 habent,

604 4741 786 4795 Basilii
833 4741 1095 4810 posuerit.
1148 4739 1210 4793 ln
1259 4741 1510 4794 eumdem
1556 4740 1748 4795 librum
1803 4749 1859 4796 et
1910 4741 2184 4796 Arnobius

606 4833 790 4886 rhetor
834 4831 916 4884 sui
969 4829 1126 4883 nobis
1178 4828 1379 4899 ingenii
1420 4839 1828 4884 monumentum
1857 4831 2094 4902 reliquit.
2127 4831 2182 4886 In

605 4922 778 4991 ipsum
824 4928 878 4973 et
917 4918 1152 4974 Hilarius
1208 4918 1562 4975 Pictaviensis
1616 4920 1900 4990 episcopus
1944 4922 2180 4992 scripsit.

605 5013 662 5066 lu
691 5011 845 5082 cujus
869 5009 1304 5080 explanationem
1359 5011 1716 5066 Cassiodorus
1745 5019 1964 5066 senator
1993 5052 2005 5075 ,
2061 5029 2182 5066 cum

605 5102 776 5158 multa
830 5101 1198 5168 disseruerit,
1254 5101 1306 5154 in
1360 5100 1463 5156 hoc
1526 5110 1732 5154 tantum
1784 5102 1997 5156 videtur
2032 5103 2185 5156 nobis

607 5195 754 5249 utilis
782 5234 798 5259 ,
827 5193 969 5263 quod
991 5207 1214 5258 omnem,
1241 5192 1558 5249 szecularem
1588 5193 1909 5262 sapientiam
1940 5236 1954 5258 ,
1988 5194 2038 5248 id
2061 5203 2145 5249 est
2171 5235 2183 5260 ,

606 5287 944 5340 schematum
973 5291 1028 5339 et
1067 5293 1345 5355 troporum
1385 5282 1754 5339 dulcissimam
1788 5285 2102 5340 varietatem
2133 5287 2185 5341 in

605 5395 671 5434 eo
691 5379 861 5434 latere
881 5377 1212 5432 manifestat.
1234 5376 1409 5448 Super
1425 5377 1606 5432 omnia
1630 5393 1758 5432 vero
1775 5378 1841 5432 ad
1856 5381 2186 5436 intellectum

608 5471 768 5543 iiujus
819 5469 1118 5541 prophetiae
1169 5467 1363 5538 juvat,
1415 5469 1461 5524 si
1501 5469 1624 5539 quis
1672 5467 1994 5526 Psalterium
2042 5473 2186 5542 quod

608 5564 800 5617 beatus
843 5559 1204 5631 Hieronymus
1248 5559 1314 5614 de
1358 5557 1625 5616 Hebraico
1663 5560 1716 5614 in
1743 5559 1995 5616 Latinum
2025 5563 2189 5617 vertit

611 5649 886 5707 memorize
911 5648 1295 5704 commendare
1327 5647 1576 5703 voluerit.
1611 5648 1667 5703 ln
1699 5647 1989 5704 Proverbia
2028 5649 2184 5704 Salo-

609 5743 786 5804 mouis
844 5739 1204 5813 Hieronymus
1259 5739 1450 5796 breves
1505 5740 1803 5796 sententias
1856 5740 2183 5810 dereliquit,

612 5855 731 5910 quae
760 5837 912 5907 quasi
942 5837 1266 5908 paucissima
1311 5851 1483 5906 grana
1527 5851 1692 5891 causa
1741 5845 1984 5902 segetum
2032 5833 2185 5891 fuere

2286 4753 2702 4809 Ecclesiasticus
2751 4753 2914 4807 etiam
2964 4750 3106 4822 apud
3143 4765 3242 4805 uos
3267 4750 3598 4821 appellatur.
3633 4750 3791 4818 Quod
3815 4752 3872 4803 de

2287 4847 2392 4902 hoc
2417 4885 2434 4910 ,
2464 4845 2517 4899 id
2539 4846 2702 4899 etiam
2729 4845 2798 4899 de
2824 4843 2962 4898 libro
2990 4842 3119 4898 Jesu
3147 4842 3237 4896 filii
3261 4841 3454 4896 Sirach
3479 4843 3694 4897 sentias
3719 4857 3876 4910 opor-

2287 4947 2364 4993 tet
2395 4971 2412 5001 ,η
2447 4938 2547 4992 uisi
2574 4936 2716 5007 quo]
2749 4936 2794 4990 is
2820 4936 2888 4989 ab
2920 4933 3160 4990 Hebraeis
3197 4943 3252 4988 et
3278 4932 3508 4988 habetur
3550 4943 3610 4988 et
3657 4933 3871 5004 legitur.

2287 5027 2668 5083 Difficillimum
2721 5026 2914 5080 librum
2967 5025 3106 5079 beati
3138 5024 3240 5079 Joh
3267 5025 3547 5094 propheta:
3593 5025 3664 5079 ab
3700 5023 3870 5078 omni-

2289 5121 2389 5174 bus
2460 5118 2732 5188 magistris
2791 5115 3154 5170 anterioribus
3215 5115 3479 5169 intactum
3544 5114 3871 5185 apostolicus

2292 5217 2481 5262 uoster
2505 5206 2801 5277 Gregorius
2827 5206 2897 5258 ita
2924 5205 3194 5274 exposuit,
3218 5212 3277 5257 ut
3295 5218 3462 5273 super
3486 5203 3730 5258 historice
3749 5202 3863 5257 fun-

2294 5299 2602 5354 damentum
2664 5297 2990 5351 moralitatis
3046 5303 3380 5350 construeret
3427 5293 3763 5360 aedificium,
3815 5302 3865 5346 et

2295 5385 2912 5459 anagogesimposuerit
2959 5385 3172 5441 culmen
3205 5384 3735 5455 praestantissimum.
3772 5381 3860 5438 Cui

2293 5477 2432 5532 libro
2482 5487 2591 5532 tam
2641 5477 2809 5532 multa
2859 5475 2928 5532 de
2983 5476 3237 5530 omnibus
3285 5474 3485 5529 divinae
3527 5471 3860 5530 auctoritath

2293 5568 2512 5638 scriptis
2543 5568 2851 5623 testimonia
2906 5566 3136 5622 intexuit
3169 5573 3227 5620 et
3266 5565 3471 5620 intexta
3499 5564 3768 5627 dissolvit,
3806 5569 3856 5615 at

2295 5655 2454 5726 hujus
2511 5657 2796 5713 occasione
2833 5657 2999 5711 Vetus
3018 5665 3072 5712 et
3099 5655 3308 5711 Novum
3353 5653 3761 5710 Testamentum
3787 5650 3858 5702 vis

2293 5747 2485 5804 deatur
2538 5746 2872 5817 exposuisse.
2902 5745 3056 5813 Quod
3089 5745 3134 5800 si
3161 5754 3382 5816 propter
3413 5745 3654 5816 inopiam
3685 5741 3758 5797 rei
3783 5738 3856 5793 fa.

2293 5838 2518 5894 miliaris
2540 5877 2556 5904 ,
2613 5837 2697 5894 vel
2726 5836 3063 5894 saecularium
3097 5851 3280 5894 rerum
3308 5836 3718 5904 occupationem
3743 5872 3756 5897 ,
3784 5829 3855 5883 vel
