4038 6414
244 479 341 537 997

1383 457 1916 526 animantium.
1959 462 2092 519 Div.
2134 462 2397 519 sempr.

3405 459 3508 516 998

241 581 446 645 etiam"
460 584 644 658 palatii
699 585 1069 641 assiduitatem
1123 593 1178 640 et
1209 583 1417 640 militia:
1456 581 1696 637 laborem
1728 580 1825 636 tibi
1858 577 2365 641 Aobscurissimae-
2399 576 2628 633 visionis
2698 575 2879 646 potius
2941 588 3104 647 quam
3163 574 3513 631 revelationis

244 681 488 749 aspirare
539 692 644 731 non
677 676 913 745 suppetit
961 684 1055 729 aut
1076 689 1272 729 vacare
1304 715 1320 739 ,
1350 680 1664 747 excerptum
1689 670 1826 725 Lad-

245 770 370 824 keni
416 767 790 822 Hiberniensis
846 766 1059 834 inquire
1091 804 1106 828 ,
1159 774 1215 816 et
1236 771 1357 831 post
1384 760 1825 830 explanationem

246 861 683 915 testimoniorum
739 857 793 911 in
849 842 1110 910 medium.
1141 855 1497 909 adductorum
1548 850 1679 906 nihil
1732 849 1827 903 tibi

245 953 491 1007 invenies
539 951 605 1003 ad
636 950 855 1019 plenum
908 947 1238 1001 intellectum
1270 946 1477 1000 deesse.
1508 944 1564 998 ln
1602 941 1829 997 diversis

245 1044 408 1096 etiam
442 1041 573 1094 locis
603 1040 817 1093 diversa
869 1047 979 1091 tum
1012 1037 1239 1092 collecta
1270 1076 1286 1102 ,
1333 1045 1443 1090 tum
1477 1041 1731 1103 excerpta
1764 1034 1831 1087 de

246 1134 350 1187 hoc
377 1141 431 1185 et
456 1131 574 1185 aliis
600 1130 851 1198 scriptis,
879 1129 923 1183 si
965 1127 1282 1197 requisieris
1306 1165 1322 1186 .
1356 1126 1601 1179 invenire
1630 1123 1832 1192 poteris

243 1223 314 1278 de
372 1223 570 1291 quibus
629 1231 817 1292 postea
876 1220 1108 1274 dicetur.
1173 1219 1231 1273 1n
1287 1219 1483 1272 librum
1547 1217 1730 1271 Tobim
1779 1224 1834 1267 et

244 1314 432 1368 Esdrae
456 1313 596 1368 Beda
628 1313 914 1382 presbyter
935 1311 1113 1379 aliqua
1138 1310 1359 1377 scripsit
1398 1308 1568 1378 magis
1589 1306 1830 1373 jucunda

247 1419 410 1472 quam
453 1402 756 1457 necessaria
788 1441 803 1466 ,
848 1401 1050 1471 quippe
1079 1400 1171 1469 qui
1195 1399 1495 1469 simplicem
1543 1398 1830 1452 historiam

248 1504 460 1548 vertere
490 1504 717 1549 conatus
750 1500 833 1547 est
884 1492 939 1546 in
969 1490 1303 1562 allegoriam.
1335 1488 1411 1545 De
1440 1490 1578 1545 libro
1608 1488 1793 1544 Judith
1814 1529 1829 1553 ,

245 1595 303 1641 et
350 1586 547 1640 Esther
590 1594 647 1639 et
683 1584 1134 1653 Paralipomenon
1166 1583 1295 1652 quid
1322 1583 1497 1637 dicam
1529 1622 1544 1645 ,
1577 1596 1607 1635 a
1633 1582 1830 1650 quibus

250 1674 334 1728 vel
390 1674 623 1744 qualiter
670 1682 1049 1743 exponuntur,
1100 1688 1224 1727 cum
1277 1672 1441 1727 etiam
1494 1672 1608 1741 ipsa
1650 1671 1702 1725 in
1752 1672 1834 1725 eis

248 1764 435 1833 littera
476 1778 579 1817 non
603 1778 702 1832 pro
734 1762 1059 1816 auctoritate
1088 1800 1105 1827 ,
1136 1762 1232 1815 sed
1262 1770 1473 1815 tantum
1506 1774 1604 1828 pro
1630 1773 1835 1814 memo-

244 1856 329 1910 ria
353 1865 408 1910 et
433 1855 793 1908 admiratione
816 1855 1082 1909 habeatur
1106 1854 1130 1906 ‘l
1197 1854 1341 1909 Idem
1370 1853 1437 1908 de
1494 1852 1674 1908 Libris
1727 1850 1836 1905 Ma-

248 1946 595 1999 chabazorum
615 1944 877 2013 suspicari
903 1945 1126 2013 poteris.

250 2055 381 2112 CAP.
422 2055 511 2111 1V.
550 2086 623 2097 --
656 2055 884 2127 Quinam
927 2056 1064 2111 Novi
1100 2055 1416 2112 Testamenti
1440 2056 1597 2112 libros
1623 2073 1687 2111 ea:
1716 2073 1839 2127 pro-

712 2126 849 2195 fesso
884 2129 1213 2197 interpretati
1246 2128 1369 2182 sint.

323 2217 401 2271 De
431 2216 581 2271 Novo
610 2226 792 2271 autem
824 2217 1176 2273 Testamento
1228 2219 1370 2273 scire
1411 2218 1634 2273 debebis
1659 2258 1674 2282 ,
1712 2217 1839 2286 quia

254 2308 382 2363 licet
407 2308 631 2363 remotis
657 2307 853 2362 litterae
869 2309 1161 2379 grossioris
1192 2308 1575 2379 integumentis
1603 2307 1839 2362 lucidum

250 2400 467 2455 cunctis
510 2400 578 2453 ad
609 2399 1015 2469 intelligendum
1060 2399 1332 2463 videatur,
1366 2413 1633 2468 nusquam
1660 2406 1839 2452 tamen

226 2487 613 2559 periculosius
639 2496 856 2541 erratur
875 2512 905 2552 ,ι
931 2486 1035 2541 nisi
1068 2487 1508 2541 reverentissima
1535 2487 1840 2541 humilitate

254 2576 519 2631 discatur.
563 2576 705 2646 Ergo
735 2577 789 2630 in
829 2576 1145 2630 Matthazum
1186 2576 1545 2647 Hieronymus
1572 2576 1665 2631 tibi
1690 2575 1841 2630 sufli-

253 2668 402 2731 eiat;
435 2667 488 2721 in
537 2666 779 2721 Marcum
830 2666 1215 2736 pedissequum
1246 2664 1483 2718 Matthaei
1509 2704 1523 2728 ,
1577 2664 1718 2720 Beda
1744 2680 1838 2734 pe-

256 2756 543 2825 dissequus
565 2754 922 2825 Hieronymi;
976 2755 1031 2808 in
1064 2753 1266 2808 Lucam
1314 2752 1645 2825 soligradum
1694 2753 1836 2808 Beda

256 2846 585 2917 latigradus,
617 2846 753 2900 adeo
776 2854 839 2899 ut
857 2859 1019 2899 omne
1045 2846 1188 2914 quod
1217 2845 1393 2914 ipsum
1422 2844 1624 2914 reperit
1656 2844 1837 2899 Evan-

257 2938 474 3009 gelium,
526 2936 775 2993 volumen
818 2936 1193 3007 compingeret
1243 2936 1297 2990 in
1347 2950 1536 2989 unum.
1577 2933 1840 2990 Joannem

258 3028 565 3098 Czelipetam
610 3026 901 3083 nubivolus
935 3026 1266 3097 Augustinus
1292 3026 1513 3095 paribus
1548 3025 1649 3079 alis
1701 3024 1843 3079 inse-

258 3130 418 3175 cutus
430 3129 532 3174 est.
550 3118 756 3174 Przeter
780 3119 896 3174 haec
911 3129 996 3174 est
1023 3119 1161 3175 liber
1182 3120 1467 3189 Augustini
1491 3118 1558 3174 de
1580 3117 1844 3174 Sermone

261 3209 470 3264 Domini
496 3208 549 3263 in
578 3208 759 3264 Monte
792 3210 1088 3264 secundum
1129 3207 1465 3262 Matthzeum.
1498 3208 1655 3263 Alius
1685 3207 1846 3275 Quaa-

1932 667 2074 721 beati
2117 666 2379 732 Joannis;
2438 667 2595 738 cujus
2654 674 2835 721 tamen
2880 664 3235 734 expositionis
3259 665 3516 735 Augusti-

1930 773 2061 812 num
2091 797 2106 822 ,
2155 756 2543 826 Hieronymum
2593 765 2648 812 et
2700 756 3022 827 Gregorium
3069 756 3361 810 seminaria
3394 769 3515 808 esse

1931 848 2187 911 noveris;
2232 846 2357 901 licet
2379 848 2521 901 idem
2549 847 2691 902 Beda
2718 848 3015 917 sepissime
3047 846 3308 916 Tychonii
3333 846 3513 899 Dona-

1932 938 2072 993 tistze
2096 953 2155 992 se
2176 938 2771 1007 dicatexplanationem
2793 952 2892 991 suo
2919 937 3177 991 volumini
3198 937 3512 999 inseruisse,

1932 1029 1988 1084 in
2032 1046 2139 1100 quo
2178 1030 2344 1084 multa
2376 1044 2596 1100 quoque
2646 1030 2897 1083 Primasii
2929 1028 3174 1097 discipuli
3207 1027 3379 1082 sancti
3407 1027 3521 1079 Au-

1932 1118 2133 1188 gustini
2166 1119 2327 1173 edicta
2385 1119 2610 1186 posuit,
2665 1127 2726 1172 ut
2781 1117 2940 1172 facile
2967 1116 3207 1187 potuerit
3234 1116 3521 1168 advertere

1932 1208 2025 1278 qui
2055 1208 2272 1262 eosdem
2309 1216 2635 1262 tractatores
2682 1208 2957 1264 curaverit
2992 1207 3249 1261 recitare.
3283 1204 3341 1259 Si
3374 1205 3521 1275 glos-

1933 1299 2082 1352 sulas
2102 1296 2338 1351 volueris
2365 1297 2418 1350 in
2451 1305 2620 1351 totam
2649 1296 2985 1365 Scripturam
3016 1294 3254 1349 divinam
3275 1333 3290 1360 ,
3318 1294 3523 1349 suflicit

1934 1387 2192 1443 Rabanus
2222 1386 2676 1457 Mogunliacensis
2701 1386 3165 1455 archiepiscopus.

1933 1500 2064 1558 Car.
2108 1501 2174 1556 V.
2213 1531 2285 1541 ——
2332 1502 2406 1556 De
2444 1502 2509 1556 iis
2563 1502 2653 1574 qui
2700 1518 2764 1556 ex
2799 1501 3095 1574 occasione
3146 1498 3521 1574 disputationis

2005 1575 2231 1642 propria:
2278 1574 2537 1639 quasdam
2575 1570 2870 1626 sententias
2925 1571 3119 1624 divina:
3192 1570 3524 1622 auctoritatis

2004 1642 2433 1711 explanatwunt.

2010 1749 2285 1805 Hactenus
2310 1752 2379 1805 de
2408 1751 2492 1804 his
2526 1749 2887 1819 scriptoribus
2920 1747 3129 1802 dixisse
3154 1745 3395 1803 sufficiat
3425 1747 3519 1816 qui

1939 1855 2008 1896 ex
2055 1841 2357 1896 intentione
2410 1855 2596 1896 sacras
2646 1839 2961 1909 Scripturas
3011 1837 3286 1892 elucidare
3341 1836 3525 1892 conati

1869 1934 1915 1993 B
1943 1940 2088 1988 sunt.
2124 1933 2274 1987 Nunc
2302 1942 2484 1987 autem
2512 1932 2580 1987 de
2606 1932 2691 1986 his
2716 1931 3002 1986 doceberis
3028 1930 3119 2000 qui
3141 1945 3206 1984 ex
3236 1929 3527 1985 occasione

1939 2025 2321 2090 disputationis
2374 2024 2609 2095 propria:
2663 2024 2929 2093 quasdam
2988 2022 3287 2078 sententias
3330 2021 3527 2077 divina:

1939 2116 2282 2169 auctoritatis
2310 2115 2761 2183 explauaverunt.
2802 2114 3142 2186 Augustinus
3169 2112 3400 2169 inlibris
3441 2114 3526 2168 in-

1940 2208 2181 2261 numeris
2194 2222 2331 2275 quos
2350 2206 2670 2276 conscripsit
2688 2246 2703 2271 ,
2732 2216 2893 2277 prout
2915 2221 2974 2261 se
2997 2205 3240 2260 locorum
3262 2214 3320 2261 et
3339 2220 3522 2260 rerum

1940 2298 2135 2353 obtulit
2163 2298 2382 2353 occasio
2413 2338 2428 2362 ,
2480 2314 2696 2353 onmem
2724 2311 2861 2367 pene
2883 2337 2898 2362 ,
2948 2298 3058 2352 imo
3085 2312 3210 2352 vere
3239 2337 3253 2362 ,
3280 2306 3527 2352 sanctam

1942 2386 2281 2457 Scripturam
2343 2388 2619 2457 exposuit.
2661 2387 2827 2453 Cujus
2875 2386 2951 2441 rei
3003 2387 3355 2457 probamenta
3405 2396 3533 2441 sunt

1942 2478 2068 2533 libri
2113 2478 2524 2533 Confessionnm
2577 2476 2731 2547 ejus,
2779 2492 3009 2531 numero
3056 2476 3341 2532 tredecim.
3369 2476 3533 2532 Liber

1942 2570 2181 2638 optimus
2236 2571 2302 2625 de
2361 2570 2509 2624 Bono
2566 2579 2795 2623 natura).
2854 2569 2929 2623 De
2978 2567 3224 2624 Utilitate
3249 2569 3527 2624 credendi.

1942 2660 2280 2726 Quaestiones
2343 2661 2411 2715 de
2468 2660 2777 2713 Proverbiis
2843 2658 3151 2712 Salomonis
3206 2667 3261 2713 et
3318 2658 3531 2711 caeteris

1937 2751 2263 2820 ‘Scripturis.
2310 2750 2440 2805 Item
2473 2751 2539 2805 de
2588 2751 2773 2806 Gratia
2802 2791 2816 2813 ,
2854 2753 2920 2806 de
2941 2751 3137 2806 Libero
3159 2750 3405 2805 Arbitrio
3430 2789 3445 2813 .
3478 2759 3533 2804 et

1947 2842 2297 2896 Euchiridion
2327 2882 2341 2905 ,
2399 2842 2503 2897 hoc
2555 2850 2640 2898 est
2666 2882 2682 2905 ,
2736 2843 2800 2896 de
2829 2842 2931 2895 fide
2965 2882 2979 2907 ,
3015 2856 3110 2911 spe
3140 2849 3195 2896 et
3222 2841 3491 2897 charitate
3514 2880 3530 2906 ,

1947 2933 1999 2986 in
2028 2932 2225 3000 quibus
2254 2931 2336 2985 vel
2357 2932 2590 2986 maxime
2639 2931 2941 2986 intellectus
2982 2930 3387 3001 Seripturarum
3420 2930 3533 2985 elu-

1944 3030 2031 3077 cet
2085 3030 2141 3076 et
2200 3022 2254 3076 in
2298 3021 2418 3077 aliis
2464 3021 2609 3075 mille
2659 3020 2811 3077 libris
2843 3021 3011 3092 ipsius
3046 3060 3059 3085 ,
3093 3020 3236 3075 sicut
3275 3028 3401 3073 ante
3430 3033 3532 3073 nos

1947 3111 2149 3167 dictum
2184 3123 2267 3166 est
2303 3129 2316 3165 :
2357 3111 2418 3167 Si
2461 3112 2785 3181 Augustinus
2820 3111 2988 3176 adest,
3049 3110 3247 3179 sufﬁcit
3281 3110 3388 3179 ipse
3417 3108 3531 3162 tibi.

1949 3202 2236 3275 Speculum
2260 3203 2377 3272 ejus
2404 3205 2636 3274 require.
2672 3202 2811 3270 Quid
2843 3203 3019 3257 dicam
3044 3203 3111 3257 de
3135 3203 3402 3257 Cassiano
3423 3202 3448 3254 Τ
3474 3200 3532 3257 Si

259 3301 499 3355 stionum
547 3302 601 3355 in
658 3307 831 3355 totum
882 3300 1255 3369 Evangelium.
1286 3299 1510 3370 Insuper
1544 3307 1600 3353 et
1620 3299 1845 3370 Eugippi
1875 3279 1919 3341 (ἶ
1953 3306 2131 3351 tamen
2180 3295 2478 3367 aliquando
2526 3296 2823 3350 monachos
2854 3295 3101 3350 faStidire
3138 3293 3364 3350 desieris
3395 3334 3410 3359 ,
3443 3295 3537 3364 qui

261 3389 666 3445 Collectarium.
690 3390 959 3445 Przeterea
993 3391 1240 3445 Homilize
1266 3390 1492 3446 Joannis
1518 3392 1844 3461 Chrysosto—

263 3481 370 3546 mi,
446 3481 749 3553 Origenis,
819 3483 1154 3553 Augustini,
1224 3483 1518 3553 Gregorii,
1582 3483 1843 3549 Maximi,

262 3571 465 3628 Leonis
498 3614 512 3637 ,
562 3572 720 3628 Beda:
764 3582 820 3628 et
863 3574 1247 3643 responsiones
1294 3573 1607 3645 Hieronymi
1650 3576 1721 3630 ad
1763 3575 1848 3629 in-

265 3662 657 3731 terrogationes
689 3661 923 3733 Algasia:
948 3671 1002 3717 et
1053 3662 1310 3718 Denobia:
1359 3681 1371 3717 :
1411 3663 1458 3717 si
1500 3674 1684 3719 tamen
1717 3678 1843 3717 mox

263 3754 522 3807 sacerdos
569 3752 821 3819 futurus,
878 3752 1119 3823 dignaris
1170 3753 1350 3824 legere
1376 3754 1544 3809 libros
1568 3754 1634 3809 ad
1662 3753 1847 3809 erudi-

266 3843 469 3896 tionem
502 3842 826 3898 feminarum
850 3843 1107 3898 directos.
1134 3843 1240 3899 Sed
1270 3854 1349 3910 tu,
1368 3844 1710 3915 juvenculus,
1741 3858 1847 3899 non

265 3934 576 4004 dedigneris
606 3934 785 4005 legere
811 3936 954 4005 quod
1009 3936 1371 4007 Hieronymus
1407 3950 1573 3990 senex
1604 3936 1850 4005 dignatus

264 4035 350 4079 est
395 4024 656 4079 scribere.
698 4025 757 4079 lu
810 4025 1107 4095 Epistolam
1154 4026 1222 4079 ad
1266 4025 1540 4080 Ronranos
1586 4025 1749 4078 tnulta
1796 4033 1851 4078 et

265 4118 406 4173 inira
451 4117 670 4188 scripsit
696 4116 994 4188 Origenes,
1052 4118 1248 4188 quibus
1278 4117 1572 4171 adversarii
1608 4116 1848 4186 ejusdem

266 4224 435 4279 prava
462 4210 706 4278 quaedam
745 4210 1092 4263 inseruerunt
1122 4249 1136 4273 ,
1177 4224 1406 4278 quorum
1455 4224 1619 4262 unum
1645 4247 1659 4271 ,
1711 4208 1852 4262 sicut

267 4316 441 4371 nuper
469 4302 563 4356 tibi
598 4301 650 4356 in
672 4316 857 4356 aurem
882 4299 1067 4355 dilfudi
1093 4341 1107 4363 ,
1142 4301 1255 4369 ipse
1282 4300 1335 4353 in
1364 4300 1553 4354 eodem
1575 4300 1850 4354 volumine

269 4395 539 4449 acerrime
620 4396 970 4450 condemnat.
1046 4394 1369 4447 Ambrosius
1437 4392 1851 4447 Mediolanensis

268 4486 555 4554 episcopus
606 4485 662 4539 in
716 4484 1066 4553 Evangelium
1113 4483 1408 4537 secundum
1442 4482 1643 4537 Lucam
1664 4520 1680 4547 ,
1714 4490 1769 4536 et
1799 4483 1849 4535 in

268 4591 459 4631 ornues
510 4576 777 4644 Epistolas
836 4575 990 4630 Pauli
1040 4574 1233 4629 breves
1281 4574 1705 4629 commentarios
1730 4573 1851 4627 reli-

270 4669 394 4738 quit
420 4685 436 4734 ;
469 4670 561 4725 sed
600 4670 1038 4740 explanationem
1068 4670 1134 4723 ad
1166 4669 1423 4724 Hebraeos
1452 4669 1704 4739 Epistolas
1735 4670 1853 4737 ejus

271 4760 530 4815 volumini
578 4762 839 4815 insertam
883 4776 987 4815 non
1032 4775 1155 4814 eum
1187 4760 1475 4829 scripsisse
1514 4758 1669 4813 multi
1718 4776 1848 4815 con-

274 4851 504 4906 tendunt
529 4891 544 4917 ,
586 4853 726 4922 quod
757 4862 812 4907 et
841 4853 1040 4907 veritas
1067 4852 1407 4919 comprobat.
1446 4851 1578 4904 Item
1604 4849 1852 4922 Pelagius

274 4942 468 4998 breves
524 4944 872 4999 sententiolas
925 4945 977 4998 in
1036 4944 1254 4999 easdem
1305 4943 1524 5013 scripsit
1572 4944 1846 5013 epistolas.

276 5036 638 5107 Hieronymus
693 5036 981 5090 latissimos
1043 5044 1307 5091 tractatus
1353 5036 1421 5088 ad
1464 5035 1687 5089 Galatas
1717 5076 1733 5101 ,
1785 5036 1852 5091 ad

277 5126 459 5178 Titum
490 5166 505 5190 ,
539 5127 605 5180 ad
632 5127 1003 5181 Philemonem
1036 5126 1342 5195 dereliquit.
1382 5126 1637 5197 Idemque
1667 5125 1855 5182 Hiero-

278 5228 570 5287 nymus.et
607 5218 937 5289 Augustinus
990 5220 1276 5289 episcopus
1304 5259 1318 5283 ,
1351 5228 1511 5289 prout
1540 5219 1854 5289 interrogati

278 5308 542 5374 fuerant,
603 5310 670 5365 de
722 5310 953 5362 diversis
1004 5309 1056 5362 in
1106 5309 1418 5377 Apostolum
1467 5310 1856 5379 quzestionibus

278 5401 435 5455 valde
502 5401 772 5470 prolicuas
839 5403 1278 5470 conscripserunt
1347 5402 1622 5470 epistolas.
1682 5402 1856 5472 Super

276 5493 446 5545 Actus
490 5492 855 5562 apostolorum
907 5491 1021 5561 lege
1073 5491 1271 5545 Bedam
1335 5493 1745 5563 presbyterum;
1799 5492 1855 5547 ln

278 5583 581 5651 Epistulam
621 5581 847 5636 Joannis
870 5622 885 5645 ,
931 5581 1292 5652 Augustinum
1320 5622 1335 5647 ,
1371 5582 1422 5635 in
1460 5598 1563 5652 qua
1600 5582 1859 5651 explana-

280 5673 427 5727 tione
476 5674 570 5742 qui
619 5674 691 5728 sit
725 5673 1069 5728 Christianus
1099 5688 1379 5743 agnosces.
1421 5674 1477 5727 In
1509 5682 1714 5743 septem
1740 5675 1856 5743 epi-

280 5766 450 5818 stolas
506 5765 660 5837 (quze
697 5766 952 5821 dicuntur
1005 5763 1311 5833 canonicar)
1356 5764 1858 5834 interpretationem

282 5859 442 5915 Beda:
464 5859 769 5928 presbyteri
794 5859 1010 5926 require
1035 5902 1049 5923 ν
1080 5867 1133 5914 ct
1155 5856 1395 5922 ejusdem
1424 5856 1859 5914 dilucidationem

1948 3387 2001 3442 in
2041 3387 2231 3458 viginti
2281 3396 2517 3457 quatuor
2547 3386 2701 3441 libris
2741 3384 3101 3440 Collationum
3135 3399 3272 3454 quos
3315 3384 3536 3439 totidem

1948 3480 2255 3535 senioribus
2304 3479 2701 3550 Apocalypseos
2743 3477 2970 3533 Joannis
3011 3485 3337 3546 comparat,
3373 3476 3447 3531 ita
3481 3488 3537 3532 et

1947 3579 2173 3643 propter
2215 3581 2338 3625 octo
2376 3570 2758 3641 principalium
2796 3570 3052 3624 vitiorum
3098 3568 3439 3623 occasionem
3472 3566 3539 3623 de

1948 3662 2064 3733 lege
2092 3669 2147 3716 et
2185 3661 2464 3730 prophetis
2493 3660 2733 3729 disputat
2758 3700 2775 3726 ,
2811 3669 2871 3714 ut
2896 3675 3017 3715 eum
3041 3659 3221 3713 omnia
3251 3661 3535 3714 tractanda

1949 3756 2252 3825 suscepisse
2269 3771 2371 3809 non
2391 3754 2517 3808 duhi
2526 3763 2624 3809 tes.
2644 3754 2888 3820 Qualiter
2899 3768 3027 3807 vero
3043 3751 3333 3822 Evangelia
3348 3760 3400 3806 et
3413 3767 3540 3822 apo-

1949 3848 2209 3903 stolorum
2237 3847 2437 3914 scripta
2468 3846 2787 3900 disseruerit
2828 3844 3007 3899 nullus
3048 3843 3271 3898 credere
3318 3842 3539 3912 poterit,

1951 3939 2051 3992 nisi
2104 3938 2194 4007 qui
2250 3936 2466 3991 lectioni
2522 3936 2834 3990 earumdem
2877 3935 3227 3989 Collationum
3266 3934 3538 3989 studiosus

1952 4028 2223 4082 institerit.
2259 4028 2429 4093 Quam
2474 4035 2650 4080 tamen
2680 4025 2987 4079 doctrinam
3030 4023 3384 4094 professionis
3426 4040 3537 4079 suze

1952 4135 2178 4185 memor,
2219 4120 2436 4173 Patrum
2478 4118 2781 4182 sanctitati,
2833 4132 2937 4172 non
2997 4131 3109 4171 sua:
3158 4117 3347 4172 scribit
3389 4117 3540 4170 indu-

1952 4218 2116 4270 striae.
2144 4215 2291 4269 Libri
2331 4215 2522 4270 lsidori
2552 4215 2924 4283 Hispaniensis
2952 4214 3212 4283 episcopi,
3263 4212 3542 4282 Etymolo-

1953 4312 2162 4379 giarum
2221 4310 2437 4363 nomine
2496 4310 2733 4372 titulati,
2786 4308 3095 4362 omuimoda
3149 4317 3201 4361 te
3255 4308 3545 4376 perficiunt

1954 4398 2199 4452 scicntia.
2246 4398 2376 4451 ltcm
2429 4395 2833 4451 Sententiarum
2875 4396 2995 4465 ejus
3046 4394 3367 4449 utilissimus
3409 4395 3545 4450 liber

1953 4488 2212 4543 occurrit.
2245 4486 2376 4541 ltem
2424 4488 2563 4541 alius
2615 4488 2679 4541 de
2726 4487 2979 4541 Patribus
3034 4485 3247 4542 Veteris
3299 4496 3353 4541 et
3408 4487 3543 4543 Novi

1958 4581 2310 4635 Testamenli.
2342 4581 2473 4634 item
2515 4581 2654 4635 alius
2682 4581 2747 4635 de
2777 4579 2979 4636 Olliciis
3028 4587 3083 4633 et
3126 4579 3408 4636 ordinibus
3459 4598 3548 4638 ec-

1958 4674 2298 4737 clesiasticis,
2326 4674 2416 4743 qui
2450 4673 2543 4727 tibi
2576 4689 2699 4727 mox
2743 4673 2832 4726 Dei
2865 4673 3038 4743 gratia
3066 4672 3249 4727 futuro
3276 4675 3546 4732 sacerdoti

1958 4767 2193 4820 maxime
2220 4776 2346 4821 sunt
2383 4768 2698 4831 necessarii,
2729 4766 2780 4820 in
2810 4767 3005 4836 quibus
3033 4782 3249 4821 omnem
3281 4769 3547 4823 rationem

1956 4867 2012 4913 et
2058 4860 2277 4913 nomina
2327 4859 2659 4929 singularum
2714 4858 3067 4914 festivitatum
3117 4870 3171 4915 et
3217 4858 3546 4929 jejuniorum

1956 4948 2216 5016 reperies,
2250 4955 2309 5001 ut
2338 4964 2518 5018 praeco
2542 4949 2632 5003 Dei
2664 4948 2873 5020 populis
2896 4949 3106 5005 futuras
3134 4951 3393 5006 stationes
3418 4967 3551 5020 prae-

1957 5039 2209 5093 nuntiare
2240 5040 2415 5109 pOSsis
2447 5040 2498 5094 in
2528 5038 2711 5093 Keriki
2740 5043 2866 5109 quia
2909 5042 2951 5093 si
2985 5057 3089 5094 non
3139 5041 3550 5096 annuntiaveris

1959 5129 2176 5198 populo,
2211 5130 2299 5199 qui
2326 5130 2681 5199 speculatoris
2721 5129 2956 5185 ollicium
3005 5129 3284 5185 desideras
3325 5131 3553 5185 venerit-

1958 5234 2064 5289 que
2093 5219 2304 5291 gladius
2331 5230 2384 5274 et
2429 5220 2613 5275 tulerit
2639 5237 2784 5285 eum,
2836 5221 2952 5290 ipse
3011 5220 3063 5273 in
3122 5219 3406 5290 iniquitate
3452 5236 3546 5275 sua

1959 5311 2243 5374 morietur,
2278 5312 2501 5381 sanguis
2526 5320 2707 5366 autem
2736 5310 2853 5379 ejus
2881 5311 2948 5364 de
2985 5324 3145 5364 manu
3180 5319 3269 5364 tua
3302 5310 3549 5380 require-

1959 5408 2045 5453 tur
2069 5398 2285 5471 (Ezeclt.
2324 5402 2535 5474 χχχιιι).

1961 5510 2088 5565 Car.
2116 5508 2204 5564 Vl.
2236 5542 2306 5551 —
2335 5510 2412 5565 De
2441 5512 2587 5564 libris
2613 5511 2851 5565 ornando
2877 5510 3170 5565 sacerdotio
3207 5512 3515 5565 necessariis
3534 5550 3550 5576 ,

2458 5581 2887 5651 epistologruphis
2910 5623 2924 5647 ,
2946 5590 3052 5637 elc.

2034 5672 2174 5741 Ergo
2218 5671 2340 5740 quia
2380 5686 2500 5725 sese
2541 5670 2736 5724 obtulit
2774 5673 2988 5727 occasio
3029 5682 3087 5726 ut
3126 5672 3178 5726 in
3210 5672 3314 5744 lipc
3345 5670 3464 5725 loco
3488 5672 3553 5726 de

1968 5766 2290 5831 ministerio,
2320 5767 2461 5835 quod
2486 5764 2761 5821 subiturus
2784 5781 2903 5821 esse
2933 5776 2983 5821 te
3005 5766 3262 5821 attentius
3287 5764 3555 5820 instruere

1968 5858 2228 5925 debeam,
2258 5867 2309 5914 et
2343 5874 2427 5913 me
2458 5858 2715 5925 imparem
2747 5868 2906 5914 tanta:
2950 5860 3023 5914 rei
3059 5873 3295 5927 agnosco
3316 5897 3330 5925 ,
3361 5857 3557 5927 quippe
