4038 6492
474 501 588 560 999

1366 500 1425 555 Β.
1463 497 1760 558 NOTKERI
1803 457 2087 554 carnem
2130 497 2188 554 s.
2229 494 2431 552 GALLI
2474 492 2776 552 MONACHI
2846 465 2860 479 ’

3615 489 3754 554 ιῡοθ

486 617 579 686 qui
607 629 706 671 nec
729 614 892 670 vitam
921 611 1194 684 propriam
1215 612 1489 668 custodire
1505 653 1520 676 ,
1549 627 1649 667 nec
1674 626 1794 680 qua:
1816 610 2062 680 aliquan-
2090 611 2140 671 Α
2167 606 2300 662 liter
2327 621 2449 660 eum
2471 605 2727 660 instruxit
2747 604 2928 658 vivere
2955 603 3200 669 studeas,
3222 611 3400 660 etnon
3423 615 3542 676 post
3563 609 3759 664 matris

488 715 599 760 tum
631 704 804 758 sentio
828 703 1017 758 idonee
1039 703 1191 756 valeo
1217 701 1483 772 proferre,
1514 701 1670 754 mitto
1693 710 1744 755 te
1769 701 1837 754 ad
1867 699 2063 754 librum

473 794 632 848 beati
675 791 920 864 Gregorii
950 806 1128 861 papae,
1163 791 1253 860 qui
1298 789 1598 859 appellatur
1643 788 1844 859 Regula
1887 797 2067 857 pasto-

489 885 641 950 ralis,
676 885 768 938 sed
803 898 952 949 meo,
986 885 1092 938 imo
1125 892 1185 936 ut
1220 883 1410 942 credo,
1455 880 1572 949 ejus
1603 889 1656 936 et
1694 880 1934 936 omnium
1974 895 2066 934 sa-

488 973 748 1040 pientium
759 969 965 1038 judicio
988 969 1176 1024 melius
1197 978 1251 1024 et
1270 970 1451 1025 verius
1469 968 1747 1038 Speculum
1769 967 2066 1037 tmncupari

489 1063 771 1132 potuisset,
805 1061 856 1114 in
884 1075 991 1129 quo
1012 1060 1189 1114 omnis
1207 1061 1377 1122 homo
1401 1060 1635 1129 seipsum
1659 1058 1894 1113 inveniet
1914 1057 2070 1127 quasi

489 1151 782 1219 depictum,
824 1158 881 1204 et
907 1149 1172 1218 prmcipue
1199 1149 1432 1218 episcopi
1467 1157 1519 1202 et
1552 1147 1872 1218 presbyteri,
1916 1148 1985 1202 ita
2013 1153 2073 1201 ut

490 1241 667 1295 omnis
691 1240 855 1302 homo
895 1255 1000 1293 non
1039 1238 1211 1292 solum
1247 1253 1528 1294 sermones
1564 1247 1620 1292 et
1653 1252 1847 1306 opera,
1884 1239 1980 1292 sed
2016 1243 2072 1291 et

489 1328 846 1398 cogitationes
871 1336 928 1382 et
952 1327 1195 1396 affectus,
1225 1342 1362 1398 quos
1393 1326 1620 1396 quisque
1641 1326 1724 1381 vel
1759 1334 1916 1381 antea
1935 1366 1952 1391 ,
1988 1326 2073 1381 vel

492 1418 546 1472 in
601 1420 718 1489 ipso
750 1417 1054 1474 sacerdotio
1095 1417 1446 1484 conceperit,
1487 1417 1640 1485 quasi
1690 1416 1932 1471 viventes
1989 1417 2074 1470 vel

491 1507 828 1563 ambulantes
870 1495 1186 1561 ostenderit.
1225 1506 1284 1560 lu
1321 1521 1429 1582 quo
1468 1506 1604 1560 libro
1645 1515 1751 1560 tam
1797 1507 1965 1582 multa
2006 1505 2073 1560 de
2106 1499 2123 1508 ’

495 1597 646 1653 Novo
671 1607 728 1652 et
752 1597 934 1652 Veteri
959 1587 1302 1658 Testamento
1341 1580 1520 1665 posuit
1549 1605 1603 1651 et
1627 1580 1910 1666 exposuit;
1940 1605 1999 1650 ut
2028 1596 2072 1651 si

491 1703 615 1742 eum
662 1687 934 1742 memoriae
980 1689 1474 1753 commendaveris,
1523 1688 1763 1742 omnium
1813 1687 2072 1742 librorum

494 1780 723 1835 scientia
754 1779 985 1848 refertus
1009 1794 1128 1834 esse
1146 1779 1402 1834 videaris.
1431 1780 1509 1834 Ex
1536 1781 1637 1835 hoc
1664 1795 1793 1850 ergo
1823 1780 2074 1834 trutinari

493 1871 658 1926 debes
687 1878 742 1924 et
765 1869 1063 1923 examinari
1101 1877 1279 1923 utrum
1302 1909 1316 1935 ,
1347 1871 1416 1923 ob
1453 1871 1648 1926 animae
1686 1878 1789 1924 line
1812 1870 2037 1925 salutem
2057 1909 2073 1936 ,

2167 705 2272 750 tua:
2315 694 2703 750 consobrinum
2754 692 3010 747 anhelare
3062 693 3128 746 ad
3177 693 3550 763 episcOpatum
3584 733 3600 757 ,
3660 695 3758 748 sed

2169 789 2442 859 timeregct
2475 800 2782 856 praeparare
2812 794 2865 840 te
2891 793 3108 855 satagas
3141 785 3209 839 ad
3243 795 3596 854 conspectum
3631 787 3752 846 Dei,

2166 875 2290 944 quia
2316 915 2332 942 ,
2378 874 2520 929 sicut
2558 873 2845 941 omnibus,
2890 873 3096 929 incerta
3139 882 3224 929 est
3262 873 3360 928 tiii
3403 872 3540 929 hora
3579 874 3760 928 exitus

2170 966 2268 1020 tui.

2203 1075 2332 1132 CAP.
2361 1076 2471 1132 VII.
2489 1105 2555 1117 —
2578 1075 2658 1131 De
2701 1084 2983 1130 metrorum
3002 1115 3017 1139 ,
3063 1075 3376 1144 hymnorum
3397 1114 3412 1142 ,
3442 1077 3717 1144 epigram-

2606 1157 2906 1215 matumque
2929 1145 3306 1198 conditoribus.

2241 1237 2298 1291 Si
2345 1250 2476 1290 vero
2519 1235 2681 1290 etiam
2731 1244 2904 1290 metra
2958 1235 3310 1305 requisieris,
3341 1249 3447 1288 non
3493 1242 3627 1288 sunt
3668 1234 3763 1288 tibi

2173 1328 2498 1384 necessaria:
2526 1326 2806 1396 gentilium
2838 1324 3050 1391 fabulae,
3075 1324 3167 1379 sed
3202 1326 3368 1380 habes
3407 1325 3462 1378 in
3488 1323 3762 1379 Christia-

2174 1417 2343 1471 nitate
2362 1413 2843 1484 prudentissimum
2858 1410 3210 1467 Prudentium
3231 1413 3296 1467 de
3311 1412 3498 1466 mundi
3514 1413 3764 1478 exordio,

2174 1507 2240 1561 de
2267 1504 2617 1575 martyribus,
2649 1504 2715 1558 de
2745 1503 2991 1558 laudibus
3020 1502 3136 1568 Dei,
3165 1504 3232 1558 de
3260 1502 3514 1558 Patribns
3535 1502 3676 1557 Novi
3702 1513 3762 1558 et

2177 1595 2385 1650 Veteris
2406 1593 2738 1649 Testamenti
2759 1593 3064 1648 dulcissime
3086 1591 3472 1656 modulantem,
3495 1592 3767 1646 virtutum

2179 1694 2232 1740 et
2257 1685 2512 1761 vitiorum
2541 1685 2684 1738 inter
2717 1697 2776 1736 se
2811 1681 3092 1737 conﬂictus
3119 1681 3444 1752 tropologica
3473 1682 3770 1736 dulcedine

2177 1777 2498 1833 suavissime
2547 1774 2911 1846 proferentem
2931 1815 2945 1840 ,
2973 1782 3160 1828 contra
3192 1774 3478 1828 haereticos
3506 1781 3558 1826 et
3597 1789 3766 1844 paga-

2179 1882 2279 1928 nos
2309 1867 2576 1926 acerrime
2623 1872 2951 1935 pugnantem
2984 1882 2997 1916 :
3030 1863 3302 1918 Alewinus
3340 1878 3494 1926 vero,
3543 1865 3772 1918 nomine

491 1959 854 2014 sacerdotium
896 1959 1167 2015 declinare
1191 2001 1206 2025 ,
1248 1970 1304 2016 et
1347 1976 1535 2016 eorum
1590 1961 1887 2031 periculum
1934 1976 2070 2031 quos
2101 1952 2144 2012 Β
2172 1957 2362 2013 Avitus
2391 1956 2484 2029 [ita
2519 1956 2674 2022 Cod.,
2701 1955 2835 2010 alias
2856 1953 3152 2026 Alcimus],
3186 1955 3312 2010 licet
3331 1955 3616 2011 historiam
3649 1956 3770 2012 Ge-

492 2049 764 2120 corrigere
777 2049 1086 2118 nequiveris
1103 2049 1306 2121 fugere,
1325 2051 1404 2104 vel
1427 2059 1644 2120 pr0pter
1663 2051 1735 2105 tui
1751 2050 2072 2114 custodiam,

494 2139 621 2208 quia
653 2139 1011 2194 ministerium
1056 2140 1230 2210 ipsum
1262 2141 1406 2195 vitiis
1441 2149 1490 2196 te
1515 2140 1795 2210 subjacere
1824 2140 2078 2209 prohibet

494 2238 550 2284 et
593 2243 955 2298 eorumquos
1017 2231 1584 2301 convertere'poteris
1636 2229 1844 2285 lucrum
1897 2230 2078 2285 subire

496 2318 725 2380 debeas,
755 2318 840 2372 vel
882 2319 1109 2384 ambire,
1139 2319 1265 2374 licet
1300 2319 1402 2373 hoc
1431 2319 1653 2374 verbum
1685 2316 2079 2389 periculosissi-

499 2425 646 2464 mum
675 2410 746 2464 sit
781 2420 830 2464 et
875 2408 1268 2474 foedissimum,
1319 2410 1513 2466 nedum
1553 2411 1716 2465 etiam
1749 2411 1803 2466 in
1830 2411 2076 2467 efﬁcien-

499 2500 631 2553 tiam
666 2501 806 2569 apud
831 2497 1171 2555 Christianos
1201 2501 1382 2556 veniat
1411 2510 1466 2556 et
1491 2502 1726 2558 maxime
1747 2503 2076 2559 sacerdotes.

501 2588 680 2643 llabcs
710 2588 1064 2655 Eucherium,
1092 2590 1305 2654 nescio,
1337 2600 1516 2646 utrum
1545 2591 1718 2661 ipsum
1749 2608 1910 2663 quem
1948 2593 2079 2648 bea-

501 2680 742 2734 tissimus
777 2680 1108 2750 Augustinus
1135 2683 1506 2752 presbyterum
1537 2697 1604 2737 ex
1637 2681 1888 2752 Hispania
1913 2683 2081 2739 veteri

499 2769 690 2824 morbo
721 2768 911 2824 calculi
943 2768 1276 2846 laborantem
1308 2786 1405 2841 per
1427 2773 1826 2827 sanctissimum
1855 2773 2086 2844 Stepha-

505 2875 632 2913 num
657 2860 709 2914 in
735 2859 873 2915 libro
896 2860 1158 2932 vigesimo
1178 2862 1415 2917 secundo
1437 2863 1502 2918 de
1517 2861 1750 2918 Civitate
1779 2862 1873 2917 Dei
1898 2870 2082 2918 narrat

503 2960 784 3016 curatum,
824 2965 893 3005 an
941 2950 1105 3006 alium
1145 2952 1457 3022 episcopum
1507 2951 1590 3007 vel
1633 2952 1908 3007 doctorem
1933 2992 1949 3017 ,
1990 2951 2082 3021 qui

504 3037 702 3093 multas
728 3048 782 3093 et
818 3038 1135 3094 utilissimas
1161 3040 1656 3112 interpretationes,
1685 3026 2009 3109 tropologias
2030 3048 2086 3094 et

506 3141 775 3197 anagoges
820 3116 1096 3183 sacrarum
1142 3129 1543 3198 Scripturarum
1586 3129 1869 3199 proposuit
1890 3138 1944 3184 et
1972 3129 2082 3194 dis-

504 3218 684 3272 solvit.
723 3217 861 3284 inid
887 3218 1062 3272 dicam
1090 3219 1156 3273 de
1179 3218 1397 3284 Albino,
1426 3219 1684 3289 magistro
1709 3218 1887 3275 Caroli
1912 3219 2083 3289 impe-

2176 2061 2368 2102 neseos
2396 2046 2549 2116 quasi
2577 2046 2746 2100 solam
2770 2044 3139 2115 assumpserit,
3167 2054 3344 2100 tamen
3367 2046 3547 2101 omnia
3573 2056 3769 2100 nostra

2180 2141 2496 2196 duleissimo
2522 2139 2763 2194 carmine
2791 2140 3099 2194 decantavit
3119 2180 3134 2206 ,
3158 2149 3212 2194 et
3238 2139 3664 2209 pulcherrimum
3696 2142 3768 2194 li-

2177 2229 2334 2284 brum
2369 2229 2434 2284 de
2464 2228 2782 2299 Virginitate
2819 2217 2886 2281 ad
2917 2242 3160 2283 sororem
3185 2243 3336 2282 suam
3367 2228 3677 2298 descripsit,
3709 2239 3773 2285 et

2180 2318 2343 2374 alium
2371 2319 2439 2374 de
2469 2318 2811 2374 Institutione
2851 2318 3182 2382 mortalium,
3217 2332 3316 2387 pro
3346 2334 3454 2388 quo
3490 2327 3547 2374 tu
3586 2320 3774 2390 legisti

2181 2408 2565 2474 Catonianum;
2609 2409 2702 2462 sed
2738 2408 3059 2478 quantocius
3096 2406 3258 2462 facito
3298 2417 3446 2462 tuum
3487 2423 3624 2464 esse.
3670 2406 3778 2464 Ju-

2179 2513 2408 2554 vencum
2437 2509 2492 2552 et
2523 2497 2779 2552 Sedulum
2809 2505 3080 2552 oratorem
3105 2523 3120 2561 ι
3166 2497 3505 2567 hymnosque
3530 2499 3776 2553 Ambro-

2181 2590 2365 2645 sianos
2389 2591 2504 2644 scio
2540 2589 2668 2659 quia
2710 2587 2824 2657 jam
2863 2589 3136 2644 memoriae
3162 2589 3574 2644 commendasti.
3608 2590 3777 2655 Quod

2181 2680 2228 2736 si
2250 2680 2542 2750 scriptores
2589 2677 2988 2734 ecclesiasticos
3047 2693 3207 2734 nosse
3253 2679 3566 2744 desideras,
3615 2681 3774 2733 inani

2187 2771 2374 2828 labore
2403 2770 2636 2827 tabescis
2661 2809 2677 2835 ,
2721 2784 2846 2825 cum
2891 2769 3154 2838 hodieque
3199 2777 3255 2824 ct
3294 2783 3467 2838 usque
3507 2769 3559 2824 in
3605 2769 3776 2823 linem

2185 2860 2365 2916 saeculi
2397 2875 2503 2915 non
2529 2859 2708 2916 desint
2728 2859 2820 2928 qui
2852 2844 3002 2913 utilia
3032 2859 3272 2914 scribere
3320 2859 3548 2930 possint.
3587 2857 3642 2914 Si
3679 2868 3774 2912 ta-

2185 2968 2308 3008 men
2355 2952 2605 3022 antiquos
2647 2961 2898 3008 auctores
2937 2965 3096 3007 nosse
3138 2951 3395 3019 volueris,
3421 2952 3538 3023 lege
3565 2952 3774 3006 librum

2185 3045 2329 3100 beati
2357 3044 2672 3115 Hieronymi
2697 3045 2763 3099 de
2784 3044 3088 3100 lllustribus
3121 3043 3260 3100 Viris
3301 3061 3331 3098 a
3378 3042 3579 3100 sancto
3605 3044 3782 3099 Petro

2191 3148 2363 3203 usque
2384 3135 2450 3189 ad
2479 3134 2734 3205 seipsum,
2786 3142 2842 3189 et
2870 3133 3132 3190 Ge'nnadii
3162 3133 3405 3189 Toletani
3436 3135 3672 3204 episcopi
3705 3135 3778 3189 ab

2187 3224 2474 3294 Ambrosio
2496 3238 2667 3293 usque
2725 3223 2792 3278 ad
2837 3222 3088 3278 eamdem
3125 3221 3484 3278 Genuadium.
3523 3222 3675 3286 Vale,
3719 3233 3779 3278 et

507 3307 748 3362 ratoris?
774 3308 896 3378 qui,
929 3317 986 3362 ut
1022 3317 1076 3363 tu
1114 3308 1230 3379 ipse
1281 3308 1439 3364 fateri
1479 3309 1671 3365 solitus
1711 3324 1771 3364 es
1793 3350 1808 3374 ,
1841 3309 1970 3364 nulli
2003 3325 2082 3382 se-
2117 3313 2163 3376 Ο
2193 3314 2486 3385 aliquando
2525 3315 2622 3388 tibi
2659 3313 2794 3371 satis
2838 3314 2910 3369 sit
2945 3312 3212 3368 exhausti.
3246 3312 3352 3368 Sed
3384 3313 3511 3383 quid
3535 3313 3628 3368 tibi
3655 3315 3782 3368 avi~

508 3397 716 3452 cundus
739 3413 858 3453 esse
886 3399 1070 3465 voluit,
1094 3401 1187 3454 sed
1218 3400 1271 3455 in
1306 3400 1594 3471 gentilibus
1619 3409 1676 3456 et
1695 3400 1867 3457 sacris
1892 3400 2089 3456 litteris

507 3501 697 3540 omnes
726 3502 983 3556 superare
1009 3489 1306 3544 contendit.
1353 3489 1446 3544 llle
1488 3489 1649 3544 talem
1681 3489 2088 3559 grammaticam

509 3579 770 3644 condidit,
812 3589 871 3634 ut
906 3579 1178 3648 Donatus,
1221 3581 1614 3648 Nicomachus,
1647 3581 2010 3636 Domisitheus
2037 3588 2092 3634 et

509 3681 695 3726 noster
728 3669 1038 3728 Priscianus
1085 3673 1136 3727 in
1183 3674 1298 3744 ejus
1347 3673 1749 3744 comparatione
1792 3670 1924 3727 nihil
1968 3685 2092 3726 esse

509 3765 810 3819 videantur.
847 3764 952 3820 Sed
981 3765 1076 3820 tibi
1109 3749 1272 3820 Stulto
1297 3767 1436 3820 idem
1464 3766 1530 3821 de
1557 3765 1860 3831 dialectica,
1888 3764 2012 3830 (ide,
2038 3772 2094 3818 et

517 3870 612 3925 spe
641 3864 696 3909 et
738 3856 1003 3910 cbaritate
1029 3857 1194 3910 multa
1225 3856 1552 3926 disputavit,
1591 3855 1728 3911 adeo
1757 3864 1814 3910 ut
1843 3856 2004 3910 etiam
2038 3855 2090 3908 in

512 3945 861 4016 Evangelium
914 3945 1135 4002 Joannis
1185 3962 1402 4001 manum
1449 3945 1665 4000 mittere
1717 3952 2089 4015 praesumeret.

513 4033 742 4102 Scripsit
762 4035 902 4087 enim
931 4038 996 4087 ad
1023 4036 1226 4089 amicos
1247 4035 1497 4104 plurima,
1530 4035 1798 4104 przecipue
1826 4034 1891 4088 ad
1921 4032 2092 4086 Wito-

513 4139 658 4178 nem.
679 4124 945 4193 Epistolas
966 4140 1094 4178 vero
1116 4125 1232 4195 ejus
1253 4125 1344 4179 tibi
1367 4125 1745 4179 commendare
1768 4140 1870 4179 non
1896 4125 2088 4188 audeo,

514 4216 640 4285 quia
687 4215 780 4271 tibi
821 4215 1044 4286 puerulo
1080 4232 1200 4271 cum
1240 4215 1526 4293 supercilio
1569 4215 1784 4284 scripta:
1823 4215 2089 4268 videntur.

515 4306 620 4363 Sed
649 4324 747 4380 ego
781 4310 852 4363 ita
879 4325 982 4363 non
1014 4308 1190 4362 sentio
1215 4349 1228 4374 ,
1263 4309 1387 4378 quia
1419 4307 1506 4362 ille
1531 4304 1685 4376 juxta
1716 4307 2091 4362 auctoritatem

512 4413 664 4453 suam
707 4414 812 4468 qua
834 4413 1024 4454 omnes
1046 4407 1166 4469 post
1197 4396 1382 4470 regum
1414 4397 1844 4468 potentissimum
1870 4397 2092 4467 praecel-

517 4489 683 4554 lebat,
709 4498 762 4545 et
791 4489 1004 4545 locutus
1032 4499 1138 4556 est,
1181 4499 1235 4547 et
1263 4489 1396 4544 vixit
1422 4498 1477 4544 et
1501 4490 1734 4560 scripsit.
1759 4488 2091 4544 Commendo

518 4581 776 4652 epistolas
804 4582 1117 4654 Hieronymi
1149 4597 1252 4637 non
1281 4582 1424 4637 illius
1451 4580 1624 4637 ϐιττεεί
1654 4580 1849 4651 pagani
1873 4579 2093 4636 idolola—

2191 3403 2412 3459 ditatem
2455 3412 2599 3458 tuam
2657 3403 2864 3472 imputo
2902 3406 3029 3457 cum‘
3075 3416 3254 3457 meam
3307 3399 3614 3457 socordiam
3653 3402 3781 3474 ipse

2191 3495 2526 3565 reprehendo
2552 3495 2575 3548 ?
2602 3494 2757 3550 Modo
2791 3493 2932 3558 Deus
2953 3533 2970 3560 ,
3009 3493 3100 3564 qui
3129 3493 3309 3549 omnia
3337 3493 3432 3548 tibi
3463 3505 3777 3565 prosimrat,

2189 3586 2515 3657 Prosperum
2546 3586 2678 3642 mihi
2710 3586 2963 3656 perduxit
2984 3585 3051 3640 ad
3079 3586 3396 3640 memoriam
3422 3627 3434 3649 ,
3479 3586 3633 3656 cujus
3662 3588 3784 3658 epi-

2191 3690 2492 3749 grammata
2516 3719 2532 3745 ,
2582 3679 2710 3735 licet
2751 3679 2954 3734 invitus
2971 3719 2985 3744 ,
3009 3679 3177 3734 habes
3203 3679 3257 3733 in
3286 3680 3451 3735 corde
3477 3680 3777 3750 descripta.

2191 3768 2387 3824 Libros
2414 3778 2595 3824 autem
2638 3767 2755 3838 ejus
2805 3770 2872 3824 de
2900 3764 3024 3824 Vita
3063 3769 3239 3824 activa
3265 3778 3320 3822 et
3351 3768 3777 3838 contemplativa

2191 3861 2368 3916 nescis
2407 3861 2604 3926 adhuc,
2634 3875 2772 3930 quos
2817 3859 2862 3914 si
2905 3858 3161 3915 didiceris
3201 3868 3256 3914 et
3290 3857 3677 3914 observaveris
3699 3859 3783 3928 (ut

2193 3951 2409 4006 tandem
2457 3950 2746 4020 aliquando
2791 3950 3030 4021 aperiam
3073 3949 3201 4020 quid
3246 3947 3452 4020 jugiter
3486 3948 3784 4004 sacerdotii

2194 4044 2411 4097 nouiine
2477 4043 2798 4114 signiﬁcem)
2853 4042 3165 4111 episcopatu
3219 4040 3573 4109 dignissimus
3645 4039 3780 4094 eris.

2193 4132 2339 4187 Eheu
2368 4134 2380 4185 !
2414 4133 2508 4187 sed
2537 4132 2665 4186 mihi
2695 4142 2806 4187 tum
2838 4147 3002 4200 quam
3029 4130 3264 4185 molliter
3289 4143 3412 4184 ossa
3442 4129 3734 4199 quiescent
3761 4129 3777 4183 !

2194 4221 2388 4277 lterum
2414 4224 2718 4294 iterumque
2744 4223 2941 4279 valeto.
3492 4207 3497 4212 ’

2193 4336 2323 4392 CAP.
2354 4333 2487 4390 Vlll.
2517 4365 2588 4376 —
2635 4333 2710 4388 De
2758 4333 2890 4388 libro
2953 4333 3247 4388 Consentius
3307 4331 3784 4401 evangelistarum,

2441 4416 2489 4460 et
2517 4407 2582 4460 de
2612 4403 2750 4459 Fide
2778 4405 2846 4459 ad
2883 4403 3101 4458 Petrum
3133 4404 3193 4458 S.
3219 4404 3522 4473 Augustini.

2265 4501 2502 4558 Lernaea:
2523 4499 2728 4570 paludi,
2760 4498 2993 4569 bydrino
3021 4498 3208 4567 capiti,
3237 4513 3332 4552 seu
3365 4496 3665 4567 certe'rogo
3693 4497 3788 4551 ﬂa-

2195 4600 2384 4663 grante
2408 4599 2460 4645 te
2475 4589 2929 4658 comparaverim,
2953 4603 3182 4658 quorum
3209 4587 3444 4658 singula,
3475 4578 3651 4652 aliu'd,
3681 4603 3788 4658 quo

513 4683 634 4738 tr:r,
664 4673 759 4728 sed
797 4675 972 4729 nostri
1011 4673 1367 4729 ecclesiastici
1415 4672 1638 4729 cultoris
1691 4671 1805 4726 veri
1850 4671 1986 4737 Dei;
2038 4671 2090 4726 in
2123 4662 2170 4720 υ
2197 4662 2442 4737 crebrius
2489 4682 2776 4737 obturatur
2822 4679 3020 4749 saepius
3047 4679 3313 4749 erumpit;
3344 4679 3488 4732 aliud
3515 4718 3532 4742 ,
3569 4681 3788 4734 succiso

515 4765 710 4834 quibus
745 4779 959 4818 omnem
1018 4765 1327 4819 serietatem
1356 4804 1371 4830 ,
1421 4763 1616 4818 miram
1668 4761 2094 4832 joculationem,

516 4853 918 4922 Scripturarum
954 4845 1230 4907 sacrarum
1267 4852 1731 4922 explanationem,
1774 4851 2098 4922 virginitatis

513 4949 569 4997 et
589 4941 864 4997 viduitatis
883 4941 1331 5009 exhortationem,
1355 4941 1626 5013 lapsorum
1649 4941 2093 5007 sublevationem,

519 5032 840 5088 clericorum
861 5040 916 5088 et
950 5035 1335 5089 monachorum
1369 5049 1432 5089 ac
1451 5033 1741 5106 virginum,
1773 5033 1880 5088 imo
1910 5043 1965 5089 et
1990 5032 2100 5087 for-

515 5124 846 5180 nicariarum
891 5123 1273 5180 modernarum
1321 5125 1731 5180 insectationem
1781 5134 1890 5179 tam
1937 5124 2101 5178 vehe-

519 5224 754 5271 mentem
786 5216 1053 5287 reperies,
1084 5226 1175 5284 ut,
1206 5218 1250 5274 si
1283 5227 1337 5273 te
1359 5219 1532 5288 ipsum
1561 5217 1817 5272 clericum
1841 5231 1960 5272 esse
1989 5229 2099 5270 me-

517 5308 763 5373 mineris,
795 5325 898 5363 non
929 5309 1000 5364 sit
1033 5295 1174 5379 quad
1207 5310 1485 5366 monachis
1513 5318 1566 5364 et
1594 5307 2097 5364 sanctimonialibus

516 5400 750 5467 objicere
787 5399 979 5471 possis.
1029 5401 1134 5456 Sed
1178 5416 1340 5455 unam
1377 5399 1520 5454 illam
1561 5399 1706 5453 mtati
1733 5439 1746 5462 ,
1791 5398 2098 5470 progenito-

519 5491 670 5545 ribus
692 5501 745 5545 et
780 5491 1061 5560 proximis,
1091 5491 1255 5546 indoli
1278 5500 1332 5546 et
1357 5491 1655 5544 ministerio
1685 5498 1774 5542 tuo
1800 5503 2098 5559 congruen-

519 5580 785 5636 tissimam
813 5580 1134 5635 commendo
1167 5579 1452 5650 epistolam
1484 5579 1551 5633 ad
1587 5577 1941 5649 Nepotianum
1969 5618 1983 5642 ,
2010 5591 2101 5630 co-

519 5681 739 5741 gnatum
770 5669 1042 5727 lleliodori
1069 5671 1327 5741 episcopi,
1356 5670 1448 5740 qui
1476 5657 1689 5724 futurus
1711 5676 1833 5737 post
1859 5681 2096 5720 avuncu-

518 5759 632 5814 lum
685 5775 840 5816 suum
890 5762 1210 5831 sperabatur
1238 5763 1550 5833 episcopus,
1606 5768 1661 5814 et
1706 5758 1882 5814 subita
1929 5765 2100 5811 morte

519 5861 816 5922 praereptus
835 5860 938 5918 est,
961 5862 1018 5908 ut
1044 5856 1335 5911 secundum
1363 5855 1521 5912 talem
1549 5853 1939 5911 institutionem
1972 5868 2100 5922 qua-

2199 4787 2307 4827 uno
2335 4771 2482 4826 mille
2503 4771 2770 4842 capitibus
2795 4769 3301 4840 pullulascit;alius,
3329 4786 3436 4838 quo
3466 4769 3622 4838 plura
3643 4771 3785 4841 tigna

2198 4864 2493 4928 voraverit,
2524 4863 2753 4932 amplius
2778 4863 3016 4916 voranda
3035 4861 3306 4916 desiderat
3333 4879 3345 4914 :
3371 4860 3447 4914 Ita
3477 4869 3532 4916 et
3554 4871 3634 4925 tu,
3665 4878 3786 4916 cum

2201 4953 2254 5007 in
2275 4969 2382 5009 uno
2399 4954 2493 5008 tibi
2509 4953 2846 5017 satisfecero,
2865 4952 2969 5006 alia
2990 4959 3046 5006 et
3065 4951 3169 5006 alia
3195 4965 3330 5006 nova
3352 4959 3407 5006 et
3433 4951 3782 5022 impossibilia

2200 5043 2544 5099 debilissimae
2581 5043 2778 5098 cervici
2810 5041 3089 5096 subeunda
3135 5056 3242 5095 non
3268 5041 3614 5096 cxhorreseis
3634 5081 3650 5103 ,
3683 5057 3784 5095 non

2203 5132 2386 5198 times,
2401 5147 2507 5186 non
2522 5131 2858 5200 expavescis,
2880 5146 2988 5184 non
3011 5130 3200 5184 saltem
3217 5129 3589 5188 misericordia
3610 5141 3784 5184 motus

2201 5223 2403 5278 desinis
2446 5224 2742 5291 imponere.
2767 5223 2905 5290 Apto
2924 5236 3054 5292 ergo
3084 5221 3330 5276 inﬁrmos
3356 5221 3614 5276 humeros
3637 5221 3784 5292 gravi

2203 5312 2430 5367 sarcina:
2456 5351 2469 5374 ,
2520 5311 2595 5381 pii
2637 5312 2932 5381 provisoris
2958 5311 3064 5366 mei
3091 5321 3177 5366 est
3199 5313 3305 5367 hac
3329 5325 3416 5366 me
3435 5313 3783 5381 quandocun-

2202 5419 2307 5475 que
2335 5403 2596 5458 relevare.
2627 5402 2780 5469 Quod
2813 5410 2991 5458 tamen
3041 5403 3115 5457 ita
3165 5403 3370 5457 dictum
3415 5402 3635 5457 noveris
3660 5412 3784 5456 ante

2205 5495 2396 5568 Deum,
2425 5504 2486 5550 ut
2507 5495 2552 5549 si
2591 5510 2711 5563 quae
2737 5494 2868 5548 mihi
2899 5493 3138 5548 fraterne
3165 5493 3444 5563 injungere
3468 5503 3523 5548 et
3545 5508 3653 5547 non
3686 5494 3782 5546 iui-

2197 5586 2466 5656 peratorie
2487 5585 2719 5641 volueris
2739 5586 3036 5655 imponere,
3067 5586 3243 5653 quoad
3272 5587 3476 5651 vivam,
3501 5584 3569 5638 ad
3599 5585 3781 5637 volun-

2203 5685 2366 5730 tatem
2397 5685 2543 5730 tuam
2591 5678 2748 5747 cupio
2790 5677 3229 5746 promptissimus
3266 5690 3405 5731 esse.
3437 5676 3783 5730 Ordinatione

2203 5765 2298 5820 Dei
2351 5764 2432 5836 (ut
2479 5765 2663 5838 credo)
2713 5781 2819 5822 non
2868 5766 3104 5820 humana
3147 5765 3418 5820 voluntate
3473 5765 3674 5818 factum
3707 5771 3783 5816 est

2203 5855 2346 5926 quod
2383 5856 2507 5912 libri
2547 5857 2721 5912 sancti
2757 5856 3043 5926 Augustini
3068 5855 3152 5913 ,dc
3193 5856 3556 5930 Symphonia,
3587 5864 3646 5913 ut
3675 5856 3781 5924 ipse
