3920 5410
162 322 293 377 1001

1276 319 1365 377 DE
1402 316 1811 374 INTERPRET.
1852 317 1982 373 DIV.
2024 318 2266 376 SCRIPT

3277 336 3415 391 Η)οὲ

159 438 269 494 illis
291 451 485 494 nomen
513 426 787 509 imposuit,
816 438 898 495 vel
931 423 1238 510 anaphonia
1265 438 1740 510 evangelistarum,
1759 431 1810 489 Α
1838 444 1968 487 vero
1993 446 2111 501 qua:
2138 443 2266 487 Sllnl
2293 434 2359 489 de
2395 434 2606 491 Andrei!
2649 446 2702 492 el
2741 439 2970 505 Joanne.
3004 446 3095 500 sed
3121 454 3174 505 et
3208 451 3416 525 passio-

158 539 221 587 ut
236 530 529 591 adversarii
547 532 812 602 garriunt,
835 532 1346 588 incenunemoratos
1377 530 1590 599 reliqui,
1612 542 1745 599 qua-

159 630 317 678 tenus
341 623 407 679 de
450 624 536 680 his
573 624 734 680 modo
778 625 939 681 latius
967 614 1169 696 aliquid
1213 626 1481 682 instruere
1502 634 1554 679 te
1584 637 1742 679 occa-

156 714 369 771 sionem
414 718 647 786 capiam.
698 718 911 775 Primus
954 714 1138 789 itaque
1174 732 1242 773 ex
1277 717 1359 774 eis
1404 717 1614 773 non'de
1660 718 1743 773 sui

158 792 410 873 materia,
455 809 551 864 sed
583 811 650 866 de
683 812 1034 883 sequentibus
1088 826 1284 867 nomen
1327 813 1574 881 accepit;
1630 809 1744 879 ipse

155 897 328 965 enim,
356 901 716 975 quodcunque
752 904 803 959 ei
838 905 1160 961 vocabulum
1194 906 1534 976 imposueris,
1558 905 1742 961 omnia

156 993 584 1063 supergreditur.
631 995 786 1063 Quod
831 997 875 1053 si
923 998 1069 1054 enim
1116 999 1326 1071 galeam
1354 998 1435 1052 vel
1465 999 1742 1054 thoracem

157 1086 374 1143 Veteris
398 1102 463 1144 ac
485 1076 621 1145 Novi
650 1091 982 1149 Testamenti
1010 1108 1323 1164 nuncupare
1345 1091 1601 1159 volueris,
1640 1091 1745 1145 hoc

154 1192 356 1233 nomen
380 1179 479 1250 ipsi
516 1181 693 1238 minus
721 1182 974 1239 idoneum
992 1185 1249 1256 reperies,
1267 1198 1532 1239 eumeum
1556 1186 1744 1237 contra

152 1268 443 1327 haereticos
480 1280 535 1326 et
558 1288 747 1330 omnes
774 1274 1108 1341 idololatras,
1141 1276 1235 1332 sed
1268 1285 1323 1332 et
1354 1276 1517 1332 falsos
1546 1275 1743 1332 fratres

149 1360 404 1433 clypeum
426 1380 629 1421 aereum
661 1366 831 1423 clavis
861 1369 1040 1424 aureis
1075 1376 1416 1439 compactum
1436 1379 1491 1425 et
1518 1372 1744 1441 argento

147 1454 447 1523 purissimo
472 1458 724 1514 vestitum
752 1475 893 1526 esse,
925 1476 1018 1516 seu
1044 1462 1266 1516 nimium
1292 1462 1519 1530 ignitum
1552 1474 1739 1517 contra

148 1546 297 1616 ligna
329 1551 503 1616 arida,
551 1550 759 1619 fenum,
789 1554 1155 1624 stipulamque
1200 1553 1253 1625 (1
1293 1553 1416 1610 Cor.
1446 1552 1569 1623 tu),
1601 1552 1738 1609 didi-

146 1638 317 1704 ceris,
349 1640 432 1695 vel
456 1646 935 1700 armamentarium
950 1646 1247 1702 omnimodi
1270 1646 1486 1718 generis
1512 1644 1740 1701 telorum

128 1732 417 1790 adversus
466 1734 717 1793 humana:
769 1738 1173 1812 spiritualisque
1233 1740 1487 1811 nequitia:
1541 1748 1737 1821 emtum

152 1827 376 1901 (Ep/tes.
410 1833 485 1902 vr)
522 1832 697 1889 oculis
726 1843 780 1889 et
799 1836 1171 1906 experimento
1198 1834 1531 1907 probaveris.
1563 1818 1636 1891 De
1655 1814 1803 1891 se-B

143 1922 442 1991 quentibus
471 1932 649 1980 autem
672 1926 803 1996 quid
835 1927 1063 1997 loquar?
1084 1928 1175 1997 qui
1205 1928 1277 1982 ita
1301 1927 1548 1984 veritatis
1572 1928 1740 1999 ipsius

143 2013 361 2069 ratione
390 2017 603 2073 subnixi
636 2028 762 2074 sunt
794 2029 855 2075 ut
883 2021 926 2075 si
950 2036 1044 2077 eos
1080 2022 1357 2077 memoriae
1396 2023 1737 2078 commenda-

143 2107 292 2163 veris
321 2110 575 2165 omnibus
622 2127 836 2183 semper
883 2124 938 2169 et
970 2117 1167 2186 ubique
1206 2114 1484 2189 Evangelii
1527 2126 1738 2173 contra-

142 2197 449 2257 dictoribus
498 2201 615 2272 ipse
659 2202 773 2273 jam
821 2203 964 2261 ﬁlius
1032 2207 1309 2280 Evangelii
1364 2208 1738 2267 contradicere

141 2293 360 2360 possis;
394 2294 448 2348 in
497 2296 693 2365 quibus
718 2306 773 2352 et
802 2298 1001 2354 multas
1032 2301 1331 2357 sententias
1363 2317 1485 2357 cum
1518 2301 1738 2359 lucidis-

140 2384 301 2440 simis
314 2387 786 2458 explanationihus
800 2391 1006 2459 positas
1024 2392 1287 2449 invenies.
1308 2393 1403 2450 Est
1419 2395 1582 2450 etiam
1600 2394 1738 2449 alius

140 2477 285 2533 liber
307 2479 549 2550 ejusdem
572 2480 859 2553 Augustini
883 2483 948 2537 de
969 2485 1099 2539 Fide
1119 2485 1185 2539 ad
1208 2485 1424 2541 Petrum
1448 2486 1736 2543 diaconum

140 2572 220 2625 ita
252 2572 548 2642 dispositus
586 2585 664 2642 ut,
712 2577 757 2631 si
790 2591 911 2632 eum
964 2577 1194 2633 ﬁrmiter
1238 2579 1732 2650 comprehenderis,

147 2664 413 2721 invictum
442 2675 494 2722 te
524 2668 782 2727 adversus
819 2686 1010 2726 omnes
1037 2673 1291 2738 haereses,
1323 2689 1443 2744 quae
1467 2674 1735 2730 hactenus

140 2766 349 2813 exorta:
374 2759 459 2813 vel
498 2771 620 2830 post
671 2762 893 2819 oritura:
922 2772 1072 2830 sunt,
1125 2764 1317 2821 reddat
1357 2764 1734 2837 victoremque

138 2854 459 2908 constituat.

322 2944 452 2999 CAP.
490 2945 673 3002 lX.—
696 2948 771 3004 De
809 2950 956 3005 libris
998 2951 1055 3008 S.
1091 2954 1337 3023 Prosperi
1372 2956 1551 3027 Aquit.

217 3033 600 3093 Pulcherrimo
623 3039 773 3109 operi
804 3039 1055 3111 Prosperi
1093 3045 1157 3099 de
1187 3043 1478 3101 Promissis
1510 3056 1563 3102 et
1596 3046 1734 3102 Prae-

138 3127 305 3183 dictis
333 3129 424 3185 Dei
452 3144 673 3199 cperam
704 3133 978 3204 impende,
1012 3138 1154 3205 quod
1194 3140 1364 3206 ipsum
1409 3140 1623 3194 noveris
1649 3154 1735 3195 re-

135 3323 355 3368 tantum
388 3314 645 3372 historice
672 3316 896 3383 factum,
928 3319 1054 3389 quid
1091 3320 1350 3395 historice
1397 3324 1615 3393 quidem
1654 3323 1731 3378 fa-

134 3415 313 3471 ctum,
360 3408 455 3463 sed
498 3412 770 3479 quomodo
810 3413 1114 3475 moraliter,
1146 3416 1229 3469 vel
1259 3412 1413 3486 juxta
1458 3433 1734 3488 anagogen

136 3498 212 3551 sit
242 3497 468 3562 factum,
496 3502 623 3569 quid
659 3504 1032 3559 tantummodo
1067 3505 1306 3560 futurum
1329 3517 1378 3562 et
1404 3509 1530 3578 quid
1556 3509 1607 3563 in
1633 3510 1735 3565 hoc

136 3599 408 3661 tempore,
444 3595 572 3662 quid
602 3596 703 3649 sub
734 3592 1074 3653 Antichristo
1115 3600 1199 3655 vel
1243 3612 1359 3672 post
1410 3603 1527 3672 ejus
1556 3601 1734 3673 perdi-

134 3681 370 3746 tionem,
419 3683 549 3752 quid
601 3686 652 3739 in
713 3686 896 3743 futuro
937 3691 1415 3761 saeculoreprohis
1460 3702 1516 3747 et
1547 3693 1737 3751 electis

130 3775 505 3831 communiter
530 3780 870 3848 praedictum,
898 3783 1025 3851 quid
1060 3785 1189 3841 solis
1211 3786 1397 3841 electis
1425 3778 1737 3857 specialiter

132 3865 211 3919 sit
242 3868 593 3934 promissum.
629 3871 688 3926 ln
738 3889 845 3943 quo
895 3875 1170 3932 volumine
1203 3879 1369 3933 multa
1409 3895 1536 3935 vera
1567 3882 1733 3936 etiam

126 3972 204 4013 ex
237 3958 389 4013 libris
439 3962 779 4019 ethnicorum
832 3967 899 4023 de
945 3972 1413 4025 consummatione
1459 3973 1641 4028 saeculi
1680 3982 1736 4029 et

130 4052 611 4108 commutabilium
644 4057 995 4114 translatione.
1017 4062 1221 4117 utiliter
1246 4064 1451 4120 inserta
1476 4064 1733 4136 reperies.

128 4138 271 4194 Item
322 4141 475 4198 libris
523 4143 764 4213 ejusdem
799 4150 865 4204 de
902 4150 1085 4206 Gratia
1136 4163 1190 4209 et
1236 4153 1432 4211 Libero
1486 4156 1728 4213 Arbitrio

128 4233 457 4289 acutissime
505 4236 745 4305 intende,
777 4256 912 4320 quos
956 4242 1047 4299 ille
1081 4261 1146 4300 ex
1202 4246 1505 4304 innumeris
1549 4252 1721 4305 sancti

127 4327 427 4397 Augustini
460 4340 515 4388 et
547 4334 776 4391 aliorum
802 4337 1022 4394 Patrum
1058 4340 1209 4397 libris
1237 4344 1389 4413 quasi
1426 4346 1478 4399 in
1509 4347 1720 4403 brevis-

128 4421 275 4476 sima
323 4422 503 4478 tabula
550 4428 866 4497 quamdam,
915 4431 998 4486 vel
1048 4433 1228 4502 potius
1279 4451 1461 4491 veram
1513 4450 1769 4495 cosmo-‘

1835 520 1993 576 nibus
2025 524 2353 594 reliquorum
2404 526 2801 597 Aposwlorum,
2855 520 3230 596 auctoritatem
3258 542 3418 597 dero-

1833 624 1924 685 gat
1953 617 2210 674 Ecclesia.
2240 620 2476 687 Quarum
2503 634 2679 680 tamen
2707 630 3016 697 passionum
3037 634 3415 696 Bartholomaei

1833 709 2304 775 vcrisimillimam,
2363 730 2456 770 seu
2514 727 2663 773 certe
2712 723 3122 783 veracissimam
3174 733 3412 788 noveris.

1835 796 2069 855 llistoria
2098 815 2228 856 vero
2256 803 2321 859 de
2342 802 2502 860 Petro
2542 816 2597 861 et
2624 808 2808 878 Paulo,
2841 820 2896 867 et
2921 829 3112 871 eorum
3141 818 3417 893 discipulis

1835 890 2098 950 l’roccsso
2128 904 2182 950 ct
2218 894 2543 955 Martiniano
2584 907 2926 973 carcerariis,
2957 907 3249 969 Nicomede
3276 890 3412 986 'pre-

1832 982 2070 1054 shytcro,
2105 985 2278 1043 Nereo
2299 1000 2353 1044 et
2384 991 2620 1053 Achileo,
2666 993 2905 1066 Marone,
2938 998 3242 1071 ViCtorino,
3268 982 3417 1062 Euti.

1833 1083 1971 1139 cete,
2013 1076 2284 1147 Marcello,
2328 1081 2653 1151 Petronella,
2684 1087 2941 1155 Felicula,
2986 1092 3279 1163 Domitilla,
3312 1097 3416 1152 Po-

1834 1166 2001 1220 tentia
2024 1179 2076 1223 et
2110 1170 2486 1246 Euphrosyna,
2513 1193 2611 1248 prc
2632 1182 2872 1238 omnium
2898 1185 3256 1243 aediﬁcatione
3285 1190 3419 1262 legi-

1832 1262 1939 1310 tur.
1998 1258 2105 1314 Sed
2153 1271 2208 1317 ct
2247 1263 2383 1321 liber
2423 1266 2654 1335 Hermae,
2707 1273 2797 1341 qui
2832 1268 3032 1330 Pastor
3079 1258 3414 1347 inscribitur,

1834 1345 1968 1402 liber
1997 1357 2175 1406 autem
2215 1355 2315 1409 sub
2358 1359 2577 1414 nomine
2617 1358 2910 1419 Clementis
2961 1369 3253 1437 respuitur.
3289 1370 3416 1426 Post

1832 1430 2103 1507 apostolos
2124 1444 2368 1514 sequitur
2392 1448 2570 1518 passio
2592 1450 2656 1504 de
2686 1463 2872 1509 sancto
2893 1430 3187 1515 Clemente.
3215 1461 3416 1518 Dehinc

1832 1528 2095 1587 mirabilis
2141 1532 2279 1591 liber
2337 1538 2403 1593 de
2460 1551 2649 1597 sancto
2699 1541 3043 1617 Alexandro,
3096 1551 3319 1609 Eventio
3363 1566 3417 1609 et

1832 1618 2129 1689 Thcodulo,
2170 1623 2443 1697 Hermete,
2478 1631 2705 1700 Quirino
2737 1646 2789 1693 et
2815 1641 3044 1696 caeteris.

1829 1713 1958 1768 CAP.
1992 1715 2077 1770 XI.
2104 1750 2167 1758 —
2204 1718 2278 1777 De
2306 1724 2711 1851 clironozlraphis
2746 1730 3109 1790 ecclesiasticis
3146 1746 3193 1791 et
3226 1738 3413 1793 biblio-

2491 1807 2510 1850 ι
2550 1815 2755 1851 ecarns.

2491 1807 2637 1853 theca
2646 1807 2755 1854 riis.

1898 1876 1996 1933 Est
2018 1889 2074 1934 et
2098 1882 2346 1950 historia,
2378 1902 2497 1956 qua:
2530 1890 2730 1947 dicitur
2760 1891 3162 1967 Ecclesrastica,
3192 1900 3415 1957 Eusebii

1829 1968 2067 2040 episcopi
2095 1971 2471 2044 Ctesariensis,
2509 1990 2565 2035 et
2600 1981 2913 2057 Hieronymi
2955 1992 3128 2045 nostri
3155 2005 3186 2045 a
3215 1993 3413 2047 nativi-

1832 2067 1941 2113 tate
1968 2061 2203 2131 Domini,
2230 2082 2337 2122 non
2363 2068 2536 2125 solum
2571 2075 2912 2134 omnimodas
2940 2095 3039 2150 per
3076 2081 3264 2138 orbem
3307 2092 3416 2139 ter-

1830 2164 2011 2206 rarum
2057 2164 2370 2213 sanctorum
2409 2164 2691 2230 passiones
2732 2170 3039 2238 continens,
3085 2173 3179 2228 sed
3218 2182 3273 2230 et
3310 2175 3416 2230 alia

1826 2253 2165 2314 quaecunque
2237 2252 2496 2307 memoria
2539 2254 2697 2326 digna
2755 2258 3077 2316 videbantur
3129 2279 3299 2334 usque
3346 2267 3416 2321 ad

1829 2335 2004 2403 ipsum
2034 2336 2445 2412 Hieronymum,
2490 2348 2606 2415 qui,
2649 2338 2790 2419 qned
2828 2352 2959 2406 mihi
3007 2354 3308 2423 injunxisti,
3347 2357 3414 2413 de

1826 2430 2016 2499 paucis
2098 2432 2213 2504 ipse
2267 2437 2484 2507 scripsit
2536 2438 2730 2494 librum
2783 2444 2849 2497 de
2903 2444 3205 2502 illustribus
3266 2446 3413 2502 Viris

1826 2523 2067 2578 omnium
2108 2541 2137 2579 a
2167 2541 2225 2581 se
2262 2527 2380 2598 ipso
2408 2546 2578 2601 usque
2622 2534 2687 2588 ad
2718 2544 2967 2591 sanctum
2999 2535 3238 2604 Petrum,
3265 2554 3414 2596 com-

1826 2626 2137 2670 memorans
2178 2618 2306 2685 quid
2347 2619 2544 2690 singuli
2590 2623 2851 2692 scriptum
2899 2626 3251 2697 reiiquerunt.
3284 2627 3417 2684 Post.

1824 2718 2006 2776 quem,
2056 2707 2369 2767 Gennadius
2413 2713 2704 2771 Toletanns
2752 2718 3037 2789 episcopus
3091 2721 3255 2777 alium
3298 2737 3407 2777 non

1825 2796 2150 2854 dissimilem
2197 2816 2367 2871 usque
2401 2804 2468 2856 ad
2498 2807 2846 2877 semetipsum
2878 2812 3203 2880 composuit.
3234 2813 3328 2870 Est
3351 2826 3408 2871 et

1825 2887 1927 2942 alia
1980 2888 2231 2957 historia,
2281 2906 2402 2963 qua:
2456 2892 2756 2966 Tripartita
2808 2910 3156 2971 nuncupatur
3197 2918 3298 2973 pro
3345 2921 3412 2959 eo

1823 2980 1966 3050 quod
2013 2980 2370 3039 Cassiodorus
2400 2972 2629 3041 senator
2659 2988 2936 3045 Rouuanus
2966 2991 3032 3046 de
3065 2972 3234 3050 tribus
3278 2996 3413 3051 scri-

1821 3072 2092 3140 ptoribus,
2148 3072 2374 3130 Socrate
2410 3077 2684 3143 videlicet,
2729 3080 3032 3138 Sozomeno
3074 3094 3131 3140 et
3159 3082 3408 3143 Theode-

1747 3167 1793 3230 ο
1825 3163 1932 3219 rito
1970 3178 2091 3235 qua:
2140 3166 2413 3235 praacipua
2464 3168 2787 3225 videbantur
2841 3170 2895 3226 in
2944 3188 3112 3229 unum
3159 3175 3410 3232 volumen

135 3221 324 3292 gulam
355 3223 594 3277 omnium
624 3224 929 3280 divinarum
960 3228 1387 3298 Scripturarum,
1413 3232 1541 3302 quid
1570 3232 1621 3288 in
1649 3232 1733 3289 his
1755 3221 1792 3230 “
1824 3270 1944 3313 com

1949 3258 2116 3330 pcgit.
2167 3258 2484 3315 Passioncm
2517 3268 2690 3317 sancti
2735 3263 3014 3322 Laurentii
3046 3267 3092 3323 si
3140 3268 3407 3340 integram

1823 3357 1879 3404 et
1906 3364 2012 3404 non
2050 3351 2417 3421 particulatim
2465 3356 2707 3425 reperire
2747 3357 3008 3430 quiveris,
3042 3370 3243 3431 quanta
3270 3362 3409 3418 bella

1822 3451 1877 3497 et
1922 3453 2054 3513 quo:
2098 3444 2360 3502 victorias
2410 3456 2707 3520 martyrum
2761 3448 3025 3507 invenies.
3066 3452 3411 3523 Palychronii

1821 3534 2075 3591 videlicet
2103 3535 2385 3609 Babylonii
2417 3540 2655 3611 episc0pi
2688 3542 2755 3597 de
2790 3540 3013 3599 Perside
3038 3558 3161 3598 cum
3189 3545 3385 3617 presby

1824 3626 1957 3680 teris
2005 3642 2059 3681 e.
2098 3626 2436 3693 diacon‘bus,
2501 3632 2808 3702 regulorum
2855 3648 3072 3704 quoque
3116 3635 3307 3691 Abdon
3357 3647 3414 3692 et

1823 3718 2065 3783 Scnucu,
2094 3722 2313 3791 quando
2338 3723 2501 3779 etiam
2537 3741 2642 3780 non
2677 3728 3074 3797 persecutione,
3122 3729 3216 3787 sed
3244 3730 3411 3787 vasti-

1823 3820 1932 3867 tate
1967 3828 2061 3883 per
2093 3813 2309 3868 Decium
2343 3815 2480 3873 facta
2513 3816 2784 3874 Cursarem
2826 3820 3025 3875 abolita
3079 3832 3164 3878 es:
3210 3822 3261 3877 in
3304 3822 3412 3879 illis

1822 3902 2065 3970 partibus
2097 3902 2285 3975 religio
2333 3903 2663 3961 Christiana.
2708 3908 2807 3975 Qui
2864 3908 3091 3967 Romam
3127 3927 3410 3983 regressus

1822 3992 1893 4047 ibi
1925 4009 2115 4051 uuincs
2142 3994 2484 4052 ChriSIienos
2507 4013 2643 4069 quios
2667 3999 2913 4057 invenire
2941 4014 3146 4074 posset,
3179 4005 3411 4063 diversi;

1821 4085 1996 4156 pmnis
2029 4086 2323 4143 interemit.
2378 4086 2508 4155 Sed,
2560 4092 2704 4159 quod
2755 4093 3101 4161 moliebatur,
3150 4095 3409 4154 Christia-

1822 4194 1948 4233 mnn
1987 4194 2183 4235 nomen
2237 4180 2453 4237 auferre
2486 4192 2632 4236 tanta
2685 4185 2830 4240 cardo
2870 4201 2975 4241 non
3028 4190 3244 4258 potuit;
3278 4188 3407 4257 quin

1817 4270 1982 4325 etia'n
2008 4271 2061 4325 in
2097 4271 2335 4337 Perside,
2370 4273 2491 4329 licet
2521 4274 2688 4329 tllttllO
2708 4285 2832 4344 κροκι
2856 4287 3118 4345 tempore.
3145 4276 3413 4333 Christia-

1821 4362 2007 4418 nitatis
2058 4363 2232 4419 cultus
2282 4379 2378 4435 per
2426 4366 2712 4436 Cyriaenm
2762 4367 3048 4423 diacomnn
3102 4368 3408 4425 Romanum

1819 4462 1903 4509 est
1936 4464 2307 4523 recuperatns,
2335 4455 2673 4525 temporibus
2708 4457 2917 4514 scilicet
2947 4458 3263 4514 Diocletiani
3290 4460 3408 4516 Ca:-

124 4515 420 4586 graphiam
450 4518 725 4589 depinxit;
778 4524 905 4593 quia
936 4525 1189 4581 videlicet
1232 4528 1392 4584 homo
1433 4547 1539 4587 non
1566 4533 1720 4604 juxta

1826 4546 1956 4601 saris
1981 4556 2037 4600 et
2078 4547 2308 4602 ﬁliorum
2361 4547 2500 4617 ejus,
2552 4548 2827 4606 Maximini
2859 4553 3069 4609 scilicet
3106 4553 3157 4608 in
3186 4553 3412 4612 Oriente

124 4607 491 4678 pbiIOSOphos
519 4612 695 4668 minor
721 4624 804 4669 est
839 4618 1090 4682 mundus,
1119 4620 1211 4673 sed
1248 4622 1437 4688 major,
1466 4638 1588 4678 cum
1616 4640 1721 4681 non

127 4702 302 4756 homo
330 4714 550 4772 propter
592 4708 871 4773 mundum,
895 4710 986 4764 sed
1020 4712 1249 4766 mundus
1296 4725 1516 4784 propter
1550 4715 1723 4771 homi-

126 4809 260 4849 nem
290 4795 365 4851 sit
390 4796 583 4853 factus.

120 4904 264 4960 CAP.
310 4904 377 4959 Χ.
418 4906 486 4947 -4
523 4908 601 4963 De
639 4912 703 4964 iis
743 4916 833 4982 qui
876 4916 1006 4969 vitas
1057 4928 1101 4969 et
1144 4919 1413 4999 passiones
1454 4920 1720 4990 apostolo—

410 4995 525 5032 rum
567 4998 630 5034 ac
668 4995 961 5053 martyrum
996 4995 1439 5057 conscripserunt.

200 5069 476 5128 Praeterea
532 5075 697 5130 debes
742 5093 942 5147 agones
1002 5091 1056 5136 et
1103 5082 1362 5142 victorias
1407 5093 1722 5144 sanctorum

122 5170 433 5233 martyrum
453 5165 871 5237 diligentissime
894 5173 1229 5242 perquirere,
1257 5185 1315 5232 ut
1333 5195 1520 5237 eorum
1542 5191 1721 5232 exem-

121 5252 219 5322 plo
250 5267 354 5307 non
387 5263 599 5311 tantum
648 5256 931 5313 illecebras
984 5263 1168 5317 mundi
1223 5281 1501 5338 respuere,
1546 5266 1718 5321 sed“

121 5344 367 5388 ιιηῖηιιιηι
413 5364 509 5386 nm
562 5346 779 5392 (Ἴδε-ἰξυῖ
818 5364 1019 5390 ιιΛηριιο
1063 5363 1113 5392 at
1147 5359 1419 5408 ηιιιιηῖιιιηα
1470 5359 1713 5398 ρΛιιηΑιιεσ

1815 4648 1868 4692 et
1910 4635 2277 4691 Maximiniani
2331 4638 2384 4693 in
2423 4637 2739 4708 Occidente,
2768 4642 2858 4712 qui
2903 4658 3068 4714 super
3089 4660 3284 4720 omnes
3315 4661 3413 4703 ac-

1816 4742 1942 4786 sme
1980 4731 2099 4786 lidei
2133 4730 2285 4786 fuere
2312 4742 2713 4803 persecutores.
2748 4736 2853 4792 Sed
2906 4738 3204 4796 Ecclesiem
3245 4753 3413 4812 super

1818 4824 2131 4880 ﬁrmitatem
2163 4824 2442 4881 fundatam
2479 4837 2672 4897 petrae,
2702 4830 2827 4886 licet
2855 4842 3175 4898 concutere,
3203 4844 3408 4900 tamen,

1815 4915 1957 4987 quod
2019 4916 2287 4987 praicipue
2338 4919 2671 4989 cupierunt,
2730 4922 2967 4993 dejicere
3023 4924 3413 4992 nequiverunt,

1819 5008 1960 5063 sicut
1984 5021 2157 5077 neque
2202 5019 2325 5077 post
2350 5026 2444 5067 eos
2473 5010 2827 5069 detestandus
2868 5022 3120 5087 aposmta
3148 5011 3417 5069 Julianus.

1820 5102 1938 5171 Quo
1986 5101 2203 5158 cmlitus
2255 5106 2603 5174 interempto,
2659 5107 2813 5177 quasi
2872 5114 2997 5183 post
3038 5102 3423 5173 rigidissimam

1820 5196 2066 5267 hyemem
2099 5197 2260 5253 verni
2299 5200 2458 5258 liores
2494 5197 2547 5251 in
2591 5203 2741 5254 terra
2777 5212 2969 5258 nostra
3027 5206 3295 5262 arparew
3319 5207 3430 5248 ραν

1823 5301 2016 5362 perunt
2040 5288 2131 5361 qui
2163 5294 2323 5360 prius
2352 5290 2507 5367 quasi
2555 5289 2606 5343 in
2664 5291 2822 5346 theca
2879 5290 2967 5348 vel
3026 5282 3233 5378 εοΐιῖθς
3267 5282 3435 5339 ειθυεί
