4046 6418
535 320 676 391 i005

1452 330 1514 388 B.
1557 331 1860 389 NOTKERI
1896 326 2189 391 BALBULI
2225 330 2285 390 S.
2324 331 2530 389 GALLI
2567 331 2879 422 MONACHI

3679 330 3815 390 1604

534 447 743 520 utique,
781 454 836 504 et
885 446 1217 521 Serapionas
1262 459 1316 504 et
1361 449 1575 521 viginti~
1605 459 1839 522 quatuor
1878 451 2122 508 seniores
2150 462 2197 520 Α
2226 469 2377 520 num,
2432 451 2701 510 viventem
2758 460 3025 520 nostrum,
3075 451 3391 510 defunctum
3442 460 3713 517 nostrum,
3747 468 3819 509 ne

536 555 660 597 cum
689 541 899 596 inﬁnita
924 540 1269 599 multitudine
1312 542 1413 599 sub
1441 558 1631 600 eorum
1658 536 1975 602 umbraculo
2002 560 2123 617 ger-

535 629 880 686 minantium.
1584 632 1589 639 ’

535 765 665 822 Cn.
700 767 812 825 Xll.
837 799 910 811 ——
934 768 1226 827 Ecclesium
1249 771 1639 829 Occidentalem
1663 783 1964 829 sanctorum
1988 772 2127 827 mul~

605 840 827 915 timdine
854 839 1112 915 Orientali
1130 858 1469 915 nequaquam
1492 844 1792 915 inferiorem
1822 860 1932 899 esse
1951 844 2121 915 docet.

605 907 946 988 Commendat
1017 907 1291 970 lectionem
1323 907 1620 984 Prisciani,
1664 913 1882 988 Iosephi
1922 923 1970 970 et
2010 913 2121 969 He—

606 981 822 1051 gesippi.

605 1087 871 1158 Occidens
924 1093 1091 1149 etiam
1141 1094 1278 1166 ipse,
1337 1095 1463 1151 licet
1509 1111 1652 1164 sero,
1687 1096 1903 1154 tandem
1940 1104 2121 1153 tamen

534 1177 820 1250 aliquando
871 1183 924 1238 in
963 1200 1187 1257 germen
1235 1187 1433 1259 erupit,
1485 1187 1777 1245 Martinam
1824 1187 2124 1245 Pannoniis

534 1277 737 1337 ortum,
792 1280 848 1327 et
891 1288 999 1331 non
1028 1273 1201 1332 solum
1256 1276 1632 1346 Germaniam,
1670 1278 1758 1334 vel
1788 1272 1997 1333 Italiam
2027 1292 2122 1333 seu

534 1357 739 1416 Gallias
758 1377 855 1419 sua
879 1366 1173 1435 praesentia
1196 1365 1613 1435 illuminantcm,
1632 1367 1726 1424 sed
1748 1367 1912 1423 etiam
1933 1381 2123 1422 omnes

536 1449 863 1522 Orientales,
920 1456 1053 1528 ipsis
1095 1444 1349 1525 testibus,
1392 1458 1643 1516 claritate
1691 1458 1912 1515 luminis
1959 1472 2123 1530 snpe-

534 1550 769 1599 rantem.
802 1543 947 1614 Quos
986 1547 1151 1603 etiam
1198 1550 1457 1622 magister
1486 1549 1602 1619 ejus
1639 1546 1875 1605 Hilarius
1926 1561 2123 1618 corpo-

538 1633 727 1690 raliter
756 1636 1106 1697 illustrandos
1152 1640 1304 1697 adiit.
1362 1641 1473 1697 Deo
1516 1642 1742 1714 gratias.
1779 1639 1956 1697 Credo
1993 1639 2123 1712 quia

541 1726 962 1797 atquiparaverit
1012 1739 1197 1787 nostra
1263 1732 1488 1788 tarditas
1544 1747 1732 1790 eorum
1783 1732 2120 1804 prioratum,

492 1812 495 1813 ⁷
536 1828 660 1871 cum
707 1817 923 1876 intueor
968 1821 1339 1890 Ambrosium,
1394 1823 1821 1896 Hieronymum,
1869 1815 2201 1895 Augusti-3

2184 608 2191 615 ο
2225 544 2427 602 sterilis
2454 543 2639 601 Africa
2670 544 2737 601 de
2783 552 2930 600 tanta
2958 543 3292 600 fecunditate
3336 556 3396 601 se
3434 544 3633 599 audeat
3657 541 3820 612 iacti-

2226 646 2378 704 tare;
2411 636 2724 705 Maximum,
2756 637 3000 704 Clarum,
3029 636 3465 709 Simplicianum,
3497 636 3815 702 Eusebium,

2220 726 2525 797 Aurelium,
2575 728 2861 795 Severum,
2913 728 3269 796 Severinum,
3312 728 3623 795 Briccium,
3670 726 3817 783 Pau-

2224 816 2394 873 linum
2424 816 2815 875 Treverensem
2846 828 2901 875 et
2947 817 3233 882 Nolanum,
3275 818 3431 889 quasi
3473 826 3620 873 astra
3651 818 3819 874 simul

2222 909 2605 979 procedentes,
2631 917 2690 964 et
2716 909 2864 965 circa
2889 908 3052 966 ﬁnem
3079 911 3254 966 noctis
3282 909 3418 966 alios
3439 908 3612 964 multo
3631 908 3819 980 plures

2224 1017 2455 1074 quorum
2484 1004 2648 1059 etiam
2674 1002 2895 1059 nomina
2929 1003 3190 1060 virtutum
3220 1010 3349 1059 sunt
3372 1016 3653 1075 praasaga;
3681 1000 3821 1057 Gou-

2223 1095 2395 1168 gellos
2423 1096 2634 1153 scilicet
2657 1096 2751 1168 qui
2774 1096 3208 1169 interpretantur
3235 1097 3423 1153 Fausti
3451 1113 3466 1162 ;
3496 1094 3818 1159 Columbas,

2223 1185 2607 1254 Golumbanos,
2656 1184 2864 1255 Gallos,
2919 1186 3246 1258 Gregorium
3291 1185 3566 1257 quintum,
3619 1197 3818 1238 nomen

2224 1277 2601 1349 Cbrysostomi
2624 1276 2828 1335 Grmcis
2855 1277 3192 1335 auferentem
3218 1295 3234 1334 :
3262 1277 3604 1339 Benedictus,
3638 1273 3822 1329 Hono-

2225 1378 2397 1437 ratos,
2422 1369 2748 1436 Libertinos,
2787 1368 3080 1427 Otltmaros
3118 1378 3370 1425 nostrum
3425 1377 3479 1424 et
3513 1365 3816 1438 Belgicam.

2223 1462 2514 1531 Caeterum,
2542 1464 2588 1520 si
2627 1473 2683 1519 et
2710 1463 2991 1537 gentilium
3022 1471 3273 1519 auctores
3301 1476 3465 1518 nosse
3500 1457 3810 1522 desideras,

2220 1556 2563 1614 Priscianum
2593 1558 2750 1630 lege;
2783 1556 3002 1628 Josephi
3050 1572 3184 1613 vero
3209 1555 3419 1612 Iudaici
3470 1550 3731 1608 historias
3753 1560 3813 1607 et

2223 1648 2513 1723 Hegesippi
2570 1651 2743 1706 nostri
2808 1650 3081 1723 legendas.
3148 1649 3217 1707 Et
3270 1649 3435 1705 ﬁnem
3490 1645 3678 1702 libello
3710 1644 3815 1701 im-

2225 1758 2387 1814 pono.
2412 1744 2607 1800 Amen.
2637 1742 2869 1815 Explicit
3804 1748 3811 1755 '

534 1992 3453 2032 Μ

1196 2204 1369 2316 Β.
1443 2201 2158 2318 ΝθΤΚΕΕ

2226 2200 2277 2316 Ι
2353 2185 3159 2325 ΒΔῙιΒΠΙιῙ

1764 2452 2014 2511 SANCTI
2051 2450 2258 2512 GALLI
2293 2450 2604 2512 MONAGHI
2626 2504 2630 2511 .

1003 2676 1588 2804 LIBER
1708 2671 3303 2882 SEQUENTIABUM.

1319 2930 1497 3004 (Apud
1522 2931 1772 3001 Pezium,
1801 2926 2117 2989 Thesaurus
2134 2930 2341 2988 Anecd.
2366 2947 2491 2989 nov.
2512 2974 2527 3000 ,
2553 2941 2685 2989 tom.
2716 2934 2768 3002 l,
2803 2943 2944 3006 part.
2976 2936 3045 3009 ι.)

1557 3298 2195 3394 PRAEFATIO
2267 3300 2811 3395 NOTKERI

1340 3534 1433 3591 AD
1470 3533 1957 3594 LIUTWABDUM
1996 3533 2553 3621 VERCELLENSEM
2591 3538 3003 3599 EPlSCOPUM.

606 3935 741 3990 Cum
772 3934 947 3990 adhuc
975 3933 1303 4003 juvenculus
1327 3946 1505 3989 essem
1551 3942 1607 3989 et
1637 3932 1885 3989 melodiae
1912 3932 2120 4004 longis-
2149 3939 2195 4002 (ι
2225 3908 2314 3987 et:
2341 3931 2537 3989 Mater.
2567 3930 2790 4003 Hocque
2823 3933 2983 3990 modo
3033 3934 3332 3993 instructus
3362 3936 3458 4010 [οι.
3504 3938 3827 4019 instructas:

538 4029 691 4083 simae
720 4025 917 4095 saepius
964 4025 1241 4080 memoriae
1284 4025 1679 4081 commendatae
1711 4024 1963 4080 instabile
2006 4040 2128 4080 cor-

539 4118 721 4175 culum
783 4116 1142 4187 aufugerent,
1195 4114 1334 4184 coepi
1389 4116 1585 4170 tacitus
1642 4129 1853 4170 mecum
1912 4114 2131 4169 volvere

540 4224 779 4282 quonam
804 4207 965 4263 modo
994 4221 1088 4262 eas
1118 4205 1391 4277 potuerim
1419 4205 1697 4277 colligare.
1734 4204 1957 4260 Interim
1997 4218 2130 4259 vero

540 4303 771 4374 contigit
815 4309 877 4357 ut
919 4300 1208 4372 presbyter
1250 4298 1471 4370 quidam
1510 4298 1576 4354 de
1600 4297 1869 4365 Gemidia,
1899 4312 2071 4368 nuper
2098 4313 2130 4354 a

540 4393 904 4451 Nordmannis
929 4401 1164 4459 vastata,
1195 4392 1406 4449 veniret
1446 4391 1512 4446 ad
1542 4394 1661 4457 nos,
1692 4392 2129 4462 antiphonarium

541 4499 701 4540 suum
730 4499 912 4540 secum
963 4484 1214 4540 deferens
1264 4485 1321 4539 in
1372 4499 1481 4553 quo
1530 4483 1695 4553 aliqui
1733 4498 1920 4540 versus
1948 4485 2015 4539 ad
2044 4499 2129 4539 se-

540 4577 795 4647 quentias
825 4564 984 4630 erant
1010 4575 1297 4642 modulati,
1338 4580 1434 4631 sed
1465 4574 1582 4645 jam
1628 4584 1756 4631 tunc
1791 4575 2019 4629 nimium
2053 4574 2134 4629 via

543 4666 685 4721 tiati.
732 4665 996 4733 Quorum,
1037 4675 1097 4722 ut
1147 4667 1266 4722 visu
1313 4666 1643 4733 delectatus,
1682 4666 1757 4722 ita
1808 4682 1925 4722 sum
1972 4673 2131 4738 gustu

542 4758 896 4815 amaricatus.
925 4757 1006 4811 Ad
1043 4757 1400 4813 imitationem
1445 4766 1627 4813 tamen
1656 4757 1969 4813 eorumdctn
1991 4756 2128 4827 coepi

542 4852 825 4909 scribere:
857 4850 1068 4905 Laudes
1114 4851 1221 4905 Deo
1268 4852 1510 4905 concinat
1555 4850 1694 4905 orbis
1725 4849 2017 4915 universus,
2042 4849 2132 4920 qui

540 4944 708 5016 gratis
730 4953 805 4998 est
829 4941 1100 4997 liberatus.
1132 4942 1200 4997 Et
1241 4940 1380 4997 infra
1407 4961 1420 4998 :
1460 4940 1687 4998 Coluber
1709 4942 1839 4995 Adae
1862 4939 2130 4995 malesua-

530 5051 650 5109 sor.
678 5034 826 5104 Quos
854 5048 981 5090 cum
1018 5034 1279 5102 magistro
1311 5048 1431 5089 meo
1468 5033 1633 5088 Ysoni
1673 5031 2012 5097 obtulissem,
2046 5030 2133 5086 ille

543 5127 728 5182 studio
763 5142 885 5183 meo
914 5125 1324 5197 congratulatus
1372 5127 1769 5196 imperiumque
1817 5116 2132 5195 compassus

545 5234 665 5291 quae
688 5219 1011 5290 placuerunt
1046 5219 1286 5274 laudavit
1312 5237 1327 5285 ;
1361 5234 1481 5288 quae
1512 5230 1694 5274 autem
1723 5220 1921 5285 minus,
1947 5233 2131 5274 emen-

2232 4025 2470 4081 secunda
2500 4039 2626 4081 mox
2653 4040 2788 4081 voce
2822 4025 3021 4084 dictavi
3056 4045 3071 4083 :
3122 4028 3328 4085 Psallat
3358 4030 3626 4100 Ecclesia,
3659 4045 3827 4091 mter

2231 4117 2470 4175 inlibata.

2303 4212 2451 4279 Quos
2475 4212 2778 4269 versiculos
2805 4227 2929 4291 cum
2954 4213 3218 4283 magistro
3246 4228 3367 4269 meo
3394 4213 3657 4272 Marcello
3683 4232 3816 4287 prae

2232 4313 2531 4369 sentarem,
2563 4304 2655 4361 ille
2684 4305 2886 4376 gaudio
2917 4320 3039 4362 meo
3086 4304 3343 4375 repletus.
3377 4307 3432 4362 in
3484 4308 3697 4364 rotulas
3733 4323 3825 4365 eos

2233 4396 2529 4466 congessit,
2558 4405 2614 4451 et
2642 4398 2828 4466 pueris
2850 4398 3152 4453 cantandos
3183 4398 3308 4455 aliis
3338 4401 3477 4456 alios
3502 4402 3820 4459 insinuavit.

2231 4487 2475 4558 Cumque
2503 4490 2633 4544 mihi
2662 4491 2891 4546 dixisset
2920 4499 2980 4544 ttt
3026 4491 3079 4545 in
3109 4491 3350 4548 libellum
3374 4507 3697 4565 compactos
3725 4497 3822 4551 ali-

2232 4581 2319 4636 cui
2367 4581 2667 4652 primorum
2720 4582 2842 4639 illos
2896 4599 2995 4654 pro
3027 4600 3254 4641 munere
3296 4585 3580 4655 oll‘errem,
3606 4605 3709 4661 ego
3730 4605 3822 4660 ρυ-

2232 4669 2365 4726 dore
2396 4681 2668 4728 retractus
2690 4689 2965 4744 nunquam
2989 4677 3057 4731 ad
3082 4677 3185 4732 hoc
3210 4678 3328 4749 cogi
3351 4687 3623 4748 poteram.
3645 4681 3823 4751 Nuper

2234 4772 2415 4817 autem
2449 4778 2478 4816 a
2512 4762 2686 4820 fratre
2732 4780 2856 4820 meo
2908 4766 3135 4822 Otltario
3177 4779 3400 4839 rogatus
3435 4778 3497 4825 ut
3533 4772 3735 4842 aliquid
3766 4772 3820 4827 in

2235 4853 2393 4909 laude
2414 4864 2591 4910 vestra
2621 4858 2967 4913 conscribere
2994 4874 3268 4925 curarem,
3301 4871 3355 4915 et
3382 4876 3489 4933 ego
3515 4878 3606 4917 me
3629 4864 3699 4918 ad
3721 4864 3820 4918 hoc

2232 4960 2367 5016 opus
2392 4946 2653 5016 imparem
2683 4963 2792 5002 non
2818 4949 3094 5005 immerito
3120 4948 3454 5019 iudicarem,
3483 4955 3577 5008 vix
3607 4955 3818 5010 tandem

2234 5036 2525 5105 aliquando
2555 5052 2806 5107 aegreque
2833 5039 2900 5092 ad
2954 5039 3057 5095 hoc
3094 5040 3370 5096 animatus
3399 5058 3543 5109 sum,
3575 5053 3636 5099 ut
3685 5045 3823 5098 hunc

2234 5128 2517 5183 minimum
2544 5129 2979 5199 vilissimumque
3013 5131 3335 5187 codicellum
3382 5143 3583 5191 vestrae
3611 5135 3823 5192 celsitu-

2234 5219 2345 5275 dini
2374 5234 2697 5276 consecrare
2723 5236 3135 5292 praesumerem.
3162 5222 3294 5290 Quae
3323 5224 3371 5278 si
3394 5224 3452 5280 in
3475 5241 3543 5281 eo
3567 5225 3821 5296 placitum

547 5313 676 5369 dare
704 5314 937 5379 curavit,
962 5315 1147 5369 dicens
1173 5331 1186 5367 :
1237 5311 1476 5383 Singulae
1503 5324 1680 5371 motus
1704 5312 1991 5368 cantilena:
2013 5313 2129 5367 sin-
2160 5305 2209 5369 D
2234 5321 2430 5369 vestrae
2469 5314 2656 5383 pietati
2707 5329 3054 5385 comperero,
3080 5324 3141 5371 ut
3172 5317 3276 5387 ipsi
3328 5316 3489 5372 fratri
3530 5333 3652 5374 meo
3687 5315 3825 5387 apud

546 5405 701 5476 gulas
726 5405 963 5477 syllabas
989 5407 1186 5461 debent
1229 5406 1449 5461 habere.
1497 5405 1648 5472 Quod
1695 5415 1874 5461 autem
1908 5407 2133 5461 audiens

548 5512 610 5551 ea
637 5492 858 5565 qnidem
880 5513 1001 5567 quae
1030 5498 1083 5552 in
1113 5498 1165 5552 ia
1198 5490 1487 5554 veniebant
1510 5498 1575 5552 ad
1599 5499 1859 5569 liquidum
1884 5501 2129 5569 correxi;

549 5603 667 5660 quae
695 5604 824 5644 vero
857 5590 908 5643 in
941 5589 1008 5656 le,
1043 5591 1127 5646 vel
1155 5590 1207 5645 lu
1238 5592 1394 5663 quasi
1441 5592 1792 5663 impossibilia
1823 5592 1909 5647 vel
1942 5601 2136 5648 attem-

549 5697 743 5752 perare
783 5685 1017 5756 neglexi,
1045 5702 1170 5741 cum
1195 5694 1251 5740 et
1277 5684 1410 5741 illud
1441 5694 1626 5755 postea
1660 5687 1779 5741 visu
1820 5685 2134 5743 facillimum

548 5774 1019 5845 deprehenderim,
1070 5786 1127 5832 ut
1173 5786 1339 5834 testes
1380 5786 1546 5833 sunt:
1584 5776 1841 5832 Dominus
1886 5777 1939 5833 in
1978 5776 2132 5845 Sina,

2241 5408 2521 5464 dominum
2574 5408 2959 5479 imperatorem
3017 5409 3137 5465 sitis
3188 5410 3542 5476 adminiculo,
3591 5420 3822 5467 metrum

2241 5501 2387 5571 quod
2421 5500 2486 5556 de
2518 5498 2641 5554 Vita
2664 5502 2840 5558 sancti
2888 5501 3027 5557 Galli
3056 5503 3341 5559 elaborare
3366 5504 3720 5574 pertinaciter
3746 5502 3826 5556 in-

2242 5590 2395 5654 sisto,
2442 5591 2691 5660 quamvis
2719 5591 2849 5647 illud
2881 5591 3036 5647 fratri
3071 5593 3537 5666 Salomoniprius
3560 5594 3825 5667 pollicitus

2201 5743 2224 5755 Ὰ
2242 5680 2459 5749 fuerim,
2490 5682 2645 5738 vobis
2673 5684 3120 5749 examinandum,
3151 5685 3459 5742 habendum
3493 5686 3702 5758 ipsique
3725 5699 3821 5757 per

2210 5850 2215 5855 1
2242 5788 2337 5831 vos
2366 5772 2767 5844 explanandum
2798 5776 3033 5847 dirigere
3064 5775 3350 5834 festinabo.
