4046 6422
334 324 474 396 {005

379 451 3012 491 ________________________________________..__

1556 317 1762 377 LIBER
1800 300 2342 385 SEQUENTIARUM

1162 609 1519 715 INCIPIT
1591 606 1881 709 LIBER
1956 597 2750 719 SEQUENTIARUM.

749 986 880 1042 CAP.
907 982 948 1038 l.
979 1011 1047 1022 --
1079 956 1145 1032 In
1167 975 1293 1049 galli
1317 982 1495 1029 cantu.

469 1104 567 1160 Eia
602 1099 908 1158 recolamus

544 1193 819 1251 Laudibus
843 1189 949 1262 piis
975 1186 1137 1259 digna

469 1284 639 1355 llujus
668 1283 773 1339 diei
802 1280 1048 1337 carmina
1078 1278 1129 1331 in
1162 1288 1268 1345 qua

539 1377 708 1434 Nobis
734 1376 826 1430 lux
849 1374 1027 1429 oritur
1057 1367 1392 1441 gratissima.

466 1456 654 1528 Noctis
682 1470 825 1526 inter
851 1463 1112 1523 nebulosa
1140 1469 1369 1533 pereunt

537 1559 718 1616 Nostri
746 1555 992 1613 criminis
1014 1550 1349 1608 umbracula.

465 1653 636 1709 Hodie
670 1650 867 1707 saeculo
894 1647 1061 1703 maris
1089 1644 1258 1701 Stella

536 1746 631 1801 Est
658 1743 818 1799 enixa
848 1755 1001 1797 nova:
1026 1736 1215 1795 salutis
1242 1734 1456 1809 gaudia.

466 1836 637 1903 Quem
674 1841 912 1890 tremunt
933 1829 1197 1886 barathra

543 1928 686 1985 Mors
712 1938 938 1984 cruenta
964 1933 1125 1995 pavet
1158 1922 1297 1992 ipsa,

537 2022 581 2075 Α
607 2035 715 2092 quo
735 2018 935 2091 peribit
960 2025 1197 2073 mortua.

463 2112 644 2169 Gemit
672 2120 831 2182 capta
855 2108 1027 2179 pestis
1050 2106 1296 2174 antiqua,

536 2204 772 2261 Coluber
800 2202 993 2257 lividus
1018 2198 1196 2271 perdit
1219 2196 1409 2268 spolia.

465 2298 638 2354 Ilomo
664 2298 866 2368 lapsus,
894 2294 1011 2350 ovis
1038 2293 1269 2349 abducta

536 2380 843 2447 Revocatur
876 2388 944 2444 ad
974 2396 1174 2443 :cterna
1196 2381 1411 2455 gaudia.

462 2484 715 2540 Gaudent
743 2483 797 2537 in
816 2482 921 2536 hac
950 2480 1037 2535 die
1068 2477 1287 2549 agmina

536 2572 860 2646 Angelorum
882 2570 1125 2627 coelestia
1152 2586 1164 2621 :

470 2670 605 2737 Quia
636 2678 756 2726 erat
778 2667 1037 2725 drachma
1065 2664 1272 2719 decima

539 2763 776 2827 Perdita,
809 2769 864 2816 et
894 2768 980 2817 est
1008 2759 1247 2813 iuventa.

465 2854 510 2911 Ο
540 2854 704 2926 Virgo
729 2851 953 2907 nimium
986 2850 1165 2909 beata,

536 2946 651 3013 Qua
690 2943 969 3011 redempta
1007 2947 1089 2994 est
1118 2937 1338 2991 natura!

466 3037 607 3092 Dcus
636 3036 728 3105 qui
764 3032 970 3089 creavit
996 3030 1177 3101 omnia

539 3114 793 3181 Nascitur
814 3139 879 3178 ex
904 3122 1101 3178 femina
1130 3121 1144 3159 ν

468 3216 729 3272 Mirabilis
756 3224 950 3271 natura
979 3211 1206 3268 mirifice

542 3310 756 3375 Induta,
789 3320 1070 3363 assumens
1097 3303 1241 3374 quod

536 3400 651 3455 Non
682 3411 823 3465 erat,
848 3411 1075 3453 manens
1104 3394 1246 3465 quod
1270 3400 1389 3448 erat
1414 3392 1427 3447 l

462 3492 707 3547 Induitur
737 3499 929 3545 natura
962 3487 1223 3543 divinitas

543 3581 791 3636 Humana
814 3598 826 3633 :
855 3580 977 3651 quis
1006 3577 1235 3632 audivit

544 3672 716 3739 Talia,
746 3671 853 3734 dic,
881 3684 1031 3740 rogo,
1063 3666 1241 3723 facta?
1280 3705 1293 3719 .

471 3766 728 3832 Quaerere
758 3772 983 3819 venerat
1003 3773 1191 3833 pastor

538 3857 667 3911 Pius
693 3855 836 3927 quod
863 3854 1101 3924 perierat
1131 3872 1145 3906 :

470 3945 648 4000 Induit
673 3944 904 4016 galeam,
933 3952 1105 3998 certat

544 4036 615 4092 Ut
643 4035 797 4091 miles
823 4042 1116 4089 armatura.

471 4132 781 4186 Prostratus
811 4130 866 4184 in
896 4144 993 4184 sua
1022 4129 1242 4199 propria

544 4222 673 4276 Ruit
701 4220 874 4276 hostis
902 4220 1130 4290 spicula.

541 4312 877 4369 Auferuntur
902 4312 1003 4368 tela

476 4411 531 4465 In
558 4410 754 4480 quibus
780 4406 1007 4469 ﬁdebat;
1042 4404 1211 4459 divisa

541 4500 683 4557 Sunt
704 4499 844 4555 illius
870 4496 1063 4567 spolia,

547 4594 717 4663 Capta
748 4592 927 4663 praeda
953 4606 1071 4646 sua.

472 4684 675 4740 Christi
703 4699 880 4755 pugna
908 4680 1204 4736 fortissima

544 4774 704 4830 Salus
729 4782 909 4829 nostra
945 4778 1029 4826 est
1055 4784 1201 4824 vera.

475 4866 576 4932 Qui
599 4880 700 4920 nos
720 4878 871 4920 suam
896 4862 963 4918 ad
983 4862 1215 4934 patriam

534 4956 709 5011 Duxit
736 4963 860 5025 post
888 4954 1195 5016 victoriam,

474 5050 529 5104 In
559 5066 663 5119 qua
690 5048 795 5105 sibi
820 5048 937 5103 laus
966 5057 1050 5102 est
1077 5055 1305 5102 aeterna.

717 5186 845 5240 CAP.
886 5184 948 5238 II.
972 5215 1042 5225 —
1065 5183 1129 5237 In
1150 5185 1317 5253 primo
1352 5201 1521 5235 mlum.

476 5321 671 5376 Grates
698 5334 840 5374 nunc
862 5333 1051 5373 omnes

552 5411 855 5467 Reddamus
883 5408 1107 5463 Domino
1137 5407 1246 5464 Deo

549 5502 652 5570 Qui
679 5517 774 5557 sua
807 5500 1089 5554 nativitate

481 5596 589 5651 Nos
613 5594 863 5651 liberavit

554 5690 626 5744 lle
661 5687 923 5744 diabolica
954 5692 1243 5756 potestate.

483 5780 617 5835 lluic
644 5788 858 5839 ooortet
887 5786 945 5831 ut
967 5791 1224 5858 canamus

1942 966 1991 1022 Λ

2230 960 2365 1014 Cum
2380 956 2598 1029 angelis
2620 972 2832 1027 semper
2858 976 2867 1007 :

2240 1048 2419 1109 Gloria
2452 1053 2503 1108 in
2531 1048 2779 1107 excelsis.

2334 1169 2461 1225 CAP.
2502 1167 2588 1223 III.
2614 1198 2681 1209 —
2706 1167 2773 1222 In
2812 1166 3006 1222 Natale
3043 1166 3276 1221 Domini.

2160 1283 2327 1340 Natus
2351 1292 2474 1338 ante
2503 1282 2697 1338 szecula
2730 1282 2825 1338 Dei
2857 1280 3047 1346 Filius,

2238 1376 2547 1441 Invisibilis,
2584 1374 2928 1438 in‘terminus,

2158 1469 2263 1523 Per
2291 1482 2452 1539 quem
2483 1469 2543 1522 fit
2570 1467 2825 1523 machina
2851 1466 2998 1529 caeli,
3030 1480 3093 1519 ac
3121 1473 3301 1531 terrae,

2231 1560 2397 1616 Maris
2422 1569 2476 1615 et
2507 1561 2557 1615 in
2587 1561 2673 1615 bis
2700 1560 3040 1630 degentium:

2159 1652 2265 1708 Per
2291 1667 2453 1722 quem
2480 1652 2596 1707 dies
2617 1660 2673 1707 et
2701 1651 2848 1707 horae
2872 1651 3060 1705 labant

2238 1748 2306 1802 Et
2331 1761 2389 1802 se
2420 1746 2618 1801 iterum
2647 1746 3018 1816 reciprocam;

2158 1839 2330 1907 Quem
2362 1838 2537 1908 angeli
2570 1839 2622 1893 in
2655 1853 2781 1892 arce
2809 1837 2914 1906 poli

2160 1953 2177 1969 -
2242 1930 2383 1987 Voce
2406 1944 2642 1984 consona
2668 1944 2883 1997 semper
2908 1937 3110 1981 canunt

2161 2022 2258 2077 llic
2287 2036 2483 2090 corpus
2503 2028 2877 2089 assumpserat
2904 2019 3092 2088 fragile

2161 2117 2291 2171 Sine
2317 2114 2437 2169 labe
2462 2114 2744 2185 originalis
2770 2113 3015 2167 criminis

2234 2205 2309 2260 De
2339 2218 2501 2259 carne
2532 2202 2713 2257 Maria:
2744 2200 3002 2272 Virginis,

2240 2298 2359 2367 Quo
2386 2297 2549 2368 primi
2579 2286 2829 2367 parentis
2857 2288 3073 2367 culpam

2233 2391 2465 2461 Evaeque
2493 2389 2774 2446 lasciviam
2801 2397 3058 2460 tergeret.

2164 2482 2277 2537 Hoc
2303 2494 2543 2551 praesens
2569 2479 2778 2535 diecula
2814 2479 3074 2547 loquitur,

2162 2574 2487 2639 Przclucida,
2515 2574 2743 2629 adaucta
2776 2571 3128 2643 longitudine,

2235 2664 2389 2733 Quod
2416 2664 2497 2721 sol
2529 2678 2689 2719 verus
2721 2663 2873 2718 radio
2902 2663 2988 2717 sui
3013 2662 3231 2716 Imuiuis

2233 2758 2490 2815 Vetustas
2526 2757 2710 2812 mundi
2740 2754 3007 2825 depulerit

2235 2849 2467 2905 Genitus
2494 2848 2769 2904 tenebras.

2160 2939 2271 2996 Nec
2299 2956 2405 2995 nox
2434 2947 2592 2995 vacat
2618 2938 2738 2994 ηοῆ
2772 2938 2965 2993 sideris

2239 3034 2385 3089 Luce
2415 3032 2558 3105 quod
2584 3048 2867 3104 magorum

2227 3126 2427 3183 Oculos
2461 3124 2652 3183 terruit
2678 3126 2837 3181 scios.

2163 3221 2274 3279 Nec
2302 3237 2525 3292 gregum
2554 3220 2828 3291 magistris
2860 3218 3027 3274 defuit

2230 3313 2457 3378 Lumen,
2488 3329 2623 3383 quos
2651 3312 2986 3383 prazstrinxit

2231 3403 2467 3459 Claritas
2489 3403 2718 3457 militum
2744 3402 2859 3456 Dei.

2162 3493 2367 3560 Gaude,
2402 3494 2494 3551 Dei
2517 3492 2791 3559 Genitrix,
2821 3508 2983 3563 quam

2230 3586 2603 3642 Circumstant
2630 3586 2983 3642 obstetricum
3008 3585 3126 3641 vice

2234 3677 2597 3734 Concinentes
2626 3678 2801 3749 angeli
2828 3677 3055 3749 gloriam
3085 3676 3215 3731 Dco.

2162 3771 2399 3836 Christe,
2430 3769 2608 3826 Patris
2634 3772 2812 3837 unice,
2841 3771 2933 3841 qui
2960 3772 3253 3826 humanam

2238 3860 2422 3917 Nostri
2450 3876 2611 3917 causa
2644 3860 2874 3916 formam
2904 3860 3270 3931 assumpsisti,

2233 3951 2437 4008 Refove
2466 3952 2738 4024 supplices
2780 3961 2899 4008 tuos
2926 3970 2942 4006 :

2160 4045 2226 4098 Et
2250 4060 2480 4115 quorum
2512 4045 2834 4115 participem
2866 4054 2918 4100 te
2944 4044 3061 4100 fore

2241 4136 2501 4207 Dignatus
2527 4151 2608 4202 es,
2636 4135 2781 4200 Jesu,
2818 4135 3107 4207 dignanter

2240 4229 2440 4285 Eorum
2465 4228 2679 4298 suscipe
2706 4242 2919 4299 preces,

2165 4324 2234 4376 Ut
2264 4322 2410 4391 ipsos
2439 4319 2742 4375 divinitatis
2775 4329 2880 4373 tua:

2233 4414 2559 4483 Participcs,
2591 4412 2754 4474 Deus,
2786 4410 2964 4465 facere

2236 4504 2504 4576 Digneris,
2536 4503 2692 4557 unice
2722 4502 2838 4555 Dei.

2100 4644 2226 4698 Car.
2267 4641 2357 4697 IV.
2380 4671 2448 4681 --
2475 4640 2539 4694 In
2570 4638 2765 4694 Natale
2789 4639 2955 4692 sancti
2978 4635 3227 4706 Stephani
3252 4635 3519 4708 martyris.

2168 4758 2317 4811 Hanc
2346 4756 2599 4811 concordi
2638 4753 2895 4807 famulatu

2235 4847 2487 4903 Colanms
2516 4845 2938 4909 solemnitatem,

2164 4937 2415 4992 Auctoris
2443 4935 2585 4991 illius
2607 4934 2853 5004 exemplo

2238 5026 2389 5082 Docti
2419 5025 2651 5096 benigno

2170 5119 2272 5174 Pro
2298 5125 2704 5189 persecutorum
2727 5118 3001 5187 precantis
3038 5116 3225 5170 fraude
3251 5129 3493 5171 suorum.

2168 5211 2213 5267 Ο
2246 5210 2539 5281 Stcphane,
2567 5211 2792 5282 signifer
2826 5210 2987 5281 Regis

2240 5304 2462 5358 Summe
2485 5304 2633 5370 boni,
2664 5318 2762 5358 nos
2784 5302 2974 5357 exaud‘

2170 5396 2417 5451 Proficue
2447 5394 2537 5465 qui
2565 5411 2623 5449 es
2651 5408 2750 5463 pro
2783 5392 2888 5447 tuis
2986 5438 2989 5441 λ

2238 5486 2536 5541 Exauditus
2565 5483 2817 5539 inimicis.

2171 5578 2367 5632 Paulus
2398 5576 2501 5631 tuis
2529 5575 2803 5645 precibus,
2832 5573 3126 5644 Stepltane,
3160 5581 3209 5628 te

2245 5670 2528 5739 Quondam
2559 5679 2877 5740 persecutus
2906 5670 3125 5725 Christo
3152 5668 3344 5735 credit,

2176 5765 2243 5820 Et
2269 5773 2447 5821 tecum
2474 5763 2732 5835 tripudiat
2766 5763 2819 5817 in
2849 5777 3014 5833 regno
3044 5762 3127 5817 cui

3474 294 3612 350 lbos
