4046 6430
464 329 602 388 1007

1353 330 1416 385 Β.
1458 327 1765 387 NOTKERI
1802 325 2099 385 BALBULI
2136 324 2196 382 S.

678 440 870 503 Nullus
895 451 1214 514 persecutor
1240 444 1657 515 appropinquat.

601 535 712 592 Nos
738 534 987 607 proinde,
1022 550 1121 591 nos
1146 534 1435 606 supplices,
1468 534 1537 589 ad
1565 542 1616 588 te

677 628 990 702 Clamantes
1021 636 1075 684 et
1100 627 1354 699 precibus
1384 636 1438 684 te
1462 627 1745 698 pulsantes

604 720 795 778 Oratio
822 720 1169 777 sanctissima
1200 737 1301 779 nos
1325 729 1416 776 tua
1440 734 1656 792 semper

519 1846 648 1900 Car.
691 1845 758 1901 V.
782 1874 850 1883 -—
874 1842 940 1898 In
969 1840 1166 1897 Natale
1192 1842 1362 1897 sancti
1389 1838 1425 1894 Ι
1429 1839 1618 1893 cannis
1640 1832 1973 1907 evangelium

611 1956 869 2022 Joannes,
897 1953 1023 2011 Jesu
1050 1953 1272 2011 Christo
1302 1951 1528 2008 multum

566 4263 697 4321 CAP.
739 4264 826 4321 Vl.
846 4296 918 4307 —
943 4264 1008 4321 In
1041 4264 1238 4322 Natale
1267 4276 1570 4323 sanctorum
1593 4266 1965 4324 Innocentum.

615 4382 761 4439 Laus
791 4380 909 4449 tibi,
929 4382 1164 4451 Christe,
1204 4381 1383 4441 Patris

679 811 943 869 Conciliet
969 813 1078 870 Deo
1104 821 1290 870 nostro

611 902 690 959 Te
715 902 909 960 Pet-rus
937 903 1138 960 Christi
1166 903 1477 960 ministrum
1504 903 1714 970 statuit,

615 995 694 1052 Tu
722 997 884 1053 Petro
913 1012 1160 1053 normam
1197 997 1454 1053 credendi
1481 996 1681 1052 astruis

632 1102 637 1105 ‘
678 1089 761 1145 Ad
784 1089 1030 1145 dextram
1057 1090 1255 1146 summi
1283 1088 1462 1146 Patris
1486 1087 1822 1146 ostendendo

681 1182 852 1250 Quem
879 1183 1027 1254 plebs
1050 1182 1238 1240 furens
1259 1184 1554 1241 cruciﬁxit.
1636 1260 1641 1263 ι

611 1268 689 1329 Te
722 1272 824 1328 sibi
852 1272 1102 1329 Christus
1132 1272 1315 1345 elegit,
1340 1272 1638 1344 Stephane,

608 1361 716 1419 Per
737 1377 898 1433 quem
926 1362 1112 1419 ﬁdeles
1139 1379 1269 1420 suos
1296 1363 1638 1427 corroboret,

684 1455 757 1511 Se
784 1455 881 1511 tibi
907 1456 1051 1512 inter
1077 1464 1287 1512 rotatus
1311 1469 1568 1512 saxorum

684 1546 892 1603 Solatio
915 1547 1289 1605 manifestans.

612 1642 766 1698 Nunc
796 1642 940 1697 inter
971 1641 1202 1714 inclytae
1230 1649 1534 1712 martyrum

685 1732 959 1803 Purpuras
981 1746 1238 1788 coruscas
1262 1736 1583 1786 coronatus.

688 2049 892 2105 Dilecto
926 2048 1077 2119 virgo
1102 2048 1115 2100 ε

612 2143 692 2199 Tu
720 2142 837 2214 ejus
867 2156 1053 2198 amore
1073 2146 1345 2197 carnatem

609 2235 668 2290 ln
700 2235 822 2290 navi
849 2242 1130 2305 parentem
1164 2232 1367 2304 liquisti
1396 2248 1408 2285 :

614 2324 694 2380 Tu
720 2324 837 2379 leve
865 2324 1111 2394 conjugis
1138 2330 1329 2392 pectus

684 2416 983 2488 Respuisti,
1013 2414 1265 2470 Messiam
1293 2421 1534 2480 secutus,

618 2508 691 2565 Ut
716 2509 835 2579 ejus
865 2508 1100 2578 pectoris
1128 2523 1285 2563 sacra

692 2602 983 2658 Meruisses
1010 2601 1210 2657 ﬂuenta
1242 2608 1454 2673 potare.

619 2691 808 2763 Tuque
834 2692 888 2747 in
915 2700 1057 2747 terra
1086 2691 1295 2761 positus
1317 2690 1545 2763 gloriam

690 2783 1034 2854 Conspexisti
1064 2783 1184 2839 Filii
1218 2784 1337 2849 Dei,

617 2873 747 2941 Quae
773 2873 947 2929 solum
978 2873 1181 2928 sanctis
1206 2873 1258 2928 in
1287 2874 1399 2927 vita
1429 2869 1671 2928 creditur

689 2962 1008 3018 Conlucnda
1035 2978 1158 3018 esse
1185 2962 1427 3033 perenni.

619 3056 697 3111 Te
723 3055 978 3111 Christus
1000 3057 1055 3111 in
1086 3070 1249 3111 cruce
1273 3055 1614 3127 triumphans

698 3145 855 3202 Matri
880 3163 991 3203 sua:
1019 3148 1169 3203 dedit
1188 3147 1500 3212 custodem;
1580 3152 1591 3167 ‘

625 3235 697 3293 Ut
728 3236 880 3308 virgo
908 3236 1183 3308 Virginem
1209 3252 1462 3293 servares

698 3329 878 3398 Atque
906 3343 1094 3383 curam
1118 3329 1512 3399 suppeditares.

620 3419 780 3488 Tute,
815 3436 1037 3477 carcere
1070 3420 1366 3493 ﬂagrisque
1392 3421 1617 3488 fractus,

691 3515 1031 3571 Tcstimonio
1055 3529 1155 3585 pro
1183 3513 1382 3587 Christi
1410 3528 1470 3569 es
1494 3513 1733 3585 gavisus.

620 3606 768 3662 idem
799 3614 1044 3662 mortuos
1079 3606 1311 3662 suscitas
1338 3605 1500 3685 inque

694 3695 823 3754 Jesu
853 3698 1073 3753 nomine
1098 3711 1368 3755 venenum
1396 3694 1535 3751 forte
1561 3692 1757 3750 vincis.

620 3788 740 3846 Tibi
771 3803 1014 3846 summus
1039 3789 1263 3844 tacitum
1290 3787 1503 3845 caeteris

693 3880 934 3936 Verbum
963 3895 1118 3936 suum
1143 3881 1306 3937 Pater
1332 3880 1558 3936 revelat.

628 3968 728 4035 Tu,
761 3984 860 4025 nos
885 3984 1075 4026 omnes
1101 3971 1301 4027 sedulis
1325 3971 1581 4041 precibus

701 4048 859 4131 Apud
884 4060 1054 4116 Deum
1091 4077 1306 4137 semper
1335 4060 1745 4130 commendans,

620 4152 858 4210 Joannes
882 4153 1084 4218 Christi
1115 4154 1298 4210 chare.

688 4471 892 4545 Optimi
918 4484 1063 4544 nate,
1089 4474 1233 4532 Deus
1260 4475 1669 4547 omnipotentiae

620 4566 791 4634 Quem
820 4567 1035 4624 caelitus
1059 4567 1259 4638 jubilat
1295 4583 1460 4639 super
1489 4577 1638 4625 astra

691 4659 954 4717 Manentis
976 4661 1149 4731 plebis
1174 4663 1338 4719 decus
1364 4663 1685 4720 harmoniae.

618 4751 789 4824 Quem
813 4753 1027 4823 agmina
1058 4753 1348 4810 infantium
1379 4756 1594 4811 sonoris

699 4839 924 4912 Hymnis
952 4842 1258 4899 collaudant
1288 4846 1508 4901 aetheris
1536 4846 1589 4900 in
1615 4860 1740 4901 arce

623 4933 991 5005 Quosimpius
1018 4934 1087 4990 ob
1114 4936 1350 4993 nominis
1373 4938 1558 4993 odium
1584 4937 1662 4992 tui

696 5026 894 5083 Misero
916 5034 1190 5085 straverat
1222 5028 1463 5095 vulnere,

620 5121 766 5191 Quos
792 5122 878 5193 pic
900 5137 1043 5178 nunc
1074 5138 1393 5180 retnuneras
1418 5123 1474 5177 in
1506 5121 1684 5188 ccclis,

694 5215 931 5283 Christe,
963 5230 1068 5286 quo
1094 5217 1272 5288 poenis
1298 5215 1491 5280 nitide,

622 5306 792 5365 Solita
821 5323 950 5364 usus
973 5308 1149 5381 gratia
1179 5309 1270 5380 qui
1300 5318 1421 5365 tuos
1449 5323 1616 5365 ornas

691 5399 919 5456 Coronis
942 5401 1242 5470 splendide.

620 5482 862 5561 Quorum
886 5493 1141 5563 precibus
1176 5493 1350 5550 sacris
1383 5493 1520 5561 dele,
1549 5509 1858 5565 precamur,

618 5646 625 5655 I
696 5583 908 5640 Nostrae
933 5585 1022 5654 pie
1050 5586 1281 5641 crimina
1308 5585 1458 5652 vitae,

621 5674 689 5730 Et
712 5689 849 5745 quos
874 5673 1122 5732 laudibus
1150 5676 1256 5731 tuis
1273 5675 1538 5745 iunxeras
1567 5678 1720 5735 nobis

688 5765 816 5822 Istic
840 5765 1009 5823 dones
1034 5765 1273 5824 clemens
1302 5764 1507 5847 (avere.
1532 5762 1545 5771 “

2076 445 2125 505 Α

2087 1799 2137 1861 Β

2237 324 2445 384 GALLI
2485 324 2799 386 MONACHI

2296 440 2406 499 Illis
2431 450 2648 499 aeternae
2666 443 2804 500 dans
2826 442 3010 499 lumen
3040 441 3224 515 gloria:

2374 535 2546 593 Nobis
2584 546 2761 593 terrea
2786 537 3023 594 concede
3052 536 3292 604 vincere,

2294 628 2368 687 Ut
2396 628 2559 686 liceat
2581 629 2791 685 serenis
2816 628 3029 685 actibus
3057 628 3289 699 pleniter

2363 723 2606 794 Adipisci
2639 724 2778 780 dona
2804 732 2910 780 tua:
2933 724 3157 796 gratiae;

2291 813 2525 871 Herodis
2551 822 2610 869 ut
2635 829 2744 871 non
2772 814 2869 869 ﬁat
2892 814 3074 870 socius
3102 813 3351 886 quisquis

2365 903 2425 959 In
2457 905 2652 961 horum
2676 905 2839 963 laude
2863 920 2921 963 se
2950 914 3178 991 exercet
3200 919 3433 978 propere

2293 997 2401 1056 Sed
2425 998 2755 1054 aeternaliter
2781 1013 2905 1055 cum
2933 998 3143 1056 eisdem
3171 998 3408 1056 catervis

2374 1088 2574 1145 Tecum
2601 1090 2691 1158 sit,
2724 1090 2968 1147 Domine.

2422 1204 2551 1259 CAP.
2594 1204 2700 1262 Vll.
2725 1235 2796 1245 —
2816 1204 2884 1259 In
2913 1200 3211 1276 Epipnama
3240 1204 3474 1260 nomini.

2299 1317 2458 1373 Festa
2481 1318 2683 1375 Christi
2706 1322 2886 1377 omnis

2379 1407 2769 1466 Christianitas
2798 1410 3060 1476 celebret,

2301 1498 2433 1563 Quae
2449 1499 2611 1556 miris
2639 1511 2763 1556 sunt
2796 1502 2971 1558 modis
2996 1509 3189 1557 ornata

2368 1591 2702 1673 cunctisque.
2731 1594 3040 1649 veneranda
3076 1592 3290 1665 populis
3339 1664 3348 1677 .

2302 1683 2409 1742 Per
2437 1684 2848 1742 Omnitenentis
2875 1688 3164 1742 adventum

2377 1775 2558 1846 Atque
2580 1777 2919 1834 vocationem
2948 1778 3215 1849 gentium,

2308 1865 2381 1923 Ut
2414 1876 2579 1925 natus
2608 1876 2693 1924 est
2716 1866 2967 1925 Christus
2999 1876 3085 1924 est
3112 1867 3269 1927 stella
3342 1940 3349 1947 θ

2378 1957 2547 2029 Magis
2568 1958 2686 2016 visa
2712 1959 2912 2016 lucida.

2305 2049 2379 2105 At
2403 2048 2480 2105 illi
2505 2066 2611 2106 non
2643 2065 2854 2109 cassam
2890 2059 3145 2123 putantes

2377 2141 2537 2197 Tanti
2566 2143 2702 2215 srgni
2740 2143 2971 2216 gloriam

2311 2235 2510 2293 Secum
2536 2251 2759 2292 munera
2790 2236 3045 2315 deferunt

2376 2328 2609 2384 Parvulo
2632 2328 2880 2397 ollerant,
2911 2338 2969 2384 ut
2994 2346 3127 2402 regi,

2379 2421 2515 2477 Caeli
2541 2436 2701 2492 quem
2726 2422 2876 2478 sidus
2900 2422 3181 2493 praedicat.

2307 2514 2484 2584 Atque
2506 2526 2672 2569 aureo
2707 2514 2898 2588 tumidi
2923 2513 3186 2585 principis

2387 2603 2609 2659 Lectulo
2640 2604 2866 2659 transito
2898 2604 3102 2660 Christi

2378 2693 2629 2764 Praesepe
2654 2696 2966 2765 quaeritant.

2312 2789 2452 2845 Hinc
2476 2789 2557 2845 ira
2584 2790 2713 2845 saevi
2742 2790 2970 2845 Herodis
3001 2789 3209 2844 lcrrida

2314 2878 2487 2935 invidi
2520 2894 2710 2935 recens
2740 2881 2935 2936 rectori
2969 2881 3153 2951 genito

2383 2971 2700 3028 Bethlehem
2731 2973 2985 3043 parvulos
3012 2974 3257 3046 praecipit

2391 3064 2536 3120 Ense
2565 3065 2767 3121 crudeli
2798 3066 3046 3137 perdere.

2313 3154 2359 3212 0
2387 3154 2625 3222 Christe,
2658 3164 2920 3227 quantum
2946 3154 3095 3211 Patri
3121 3154 3421 3212 exercitum

2309 3246 2533 3304 Juvenis
2555 3247 2747 3304 doctus
2776 3248 2843 3303 ad
2871 3247 3010 3303 bella
3042 3247 3279 3303 maxima
3399 3245 3403 3249 ’

2397 3338 2617 3410 Populis
2644 3339 2950 3411 praedicans
2980 3339 3189 3412 colligis

2395 3428 2608 3501 Sugens
2638 3445 2760 3485 cum
2784 3439 2992 3485 tantum
3025 3429 3265 3487 miseris.

2308 3524 2466 3578 Anno
2494 3523 2728 3579 hominis
2757 3524 3031 3581 tricesimo

2313 3610 2515 3668 Snbtus
2542 3610 2730 3667 famuli
2755 3628 2814 3669 se
2842 3613 3027 3686 inclyti

2378 3702 2741 3759 lnclinaverat
2764 3699 2961 3760 'manus
2994 3705 3137 3761 Deus
3179 3717 3508 3761 consecrans

3596 326 3741 390 ιωε

2380 3793 2546 3851 Nobis
2574 3795 2842 3866 baptisma
2867 3794 2920 3850 in
2952 3795 3343 3852 absolutionem
3370 3788 3664 3851 criminum

2317 3886 2459 3943 Ecce
2487 3885 2721 3958 Spiritus
2744 3886 2797 3941 in
2826 3887 3004 3957 specie

2311 3978 2491 4050 Ipsum
2517 3978 2663 4034 alitis
2688 3978 2936 4034 innocuae
2966 3986 3228 4033 uncturus
3256 3976 3462 4033 sanctis

2383 4071 2503 4128 Prae
2529 4072 2782 4128 omnibus
2810 4072 3019 4149 visitat,
3049 4086 3263 4143 semper
3292 4071 3467 4143 ipsius

2381 4165 2680 4221 Contentus
2706 4165 2988 4223 mansione
3010 4166 3269 4237 pectoris.

2312 4254 2495 4313 Patris
2523 4256 2688 4311 etiam
2717 4257 2961 4313 insonuit
2990 4274 3093 4313 vox
3122 4259 3232 4329 pia.

2390 4346 2608 4403 Veteris
2631 4347 2797 4403 oblita
2820 4349 3089 4405 sermonis
3115 4368 3127 4403 :

2388 4438 2625 4495 Pcenitet
2648 4452 2735 4493 me
2761 4438 2960 4495 fecisse
2989 4439 3288 4496 hominem.

2314 4531 2455 4586 Vere
2488 4529 2658 4587 Filius
2682 4545 2743 4587 es
2768 4540 2824 4586 tu
2848 4538 3022 4598 meus,
3054 4530 3301 4587 mihimet

2387 4622 2649 4689 Placitus,
2682 4622 2737 4679 in
2768 4638 2877 4694 quo
2900 4637 3020 4679 sum
3048 4622 3295 4693 placatus

2382 4714 2554 4771 Hodie
2579 4723 2650 4782 te,
2681 4715 2751 4770 mi
2785 4713 2907 4780 Fili,
2935 4714 3115 4787 genui.

2311 4805 2448 4861 Huic
2471 4820 2661 4861 omnes
2685 4804 2986 4861 auscultate

2382 4894 2592 4967 Populi,
2619 4894 2956 4967 praeceptori.

2276 5011 2407 5067 Car.
2447 5009 2580 5065 Vlll.
2602 5040 2669 5050 ——
2692 5009 2759 5063 In
2784 5005 3164 5078 Puriﬁcatioue
3196 5016 3394 5064 sancta
3435 5006 3629 5062 Maria!

2316 5122 2596 5177 Concentu
2624 5120 2785 5191 parili
2810 5121 2901 5176 hic
2930 5129 3006 5187 te,

2384 5211 2578 5278 Maria,
2610 5220 2901 5267 veneratur
2930 5211 3158 5284 populus

2385 5303 2570 5375 Teque
2593 5304 2697 5374 piis
2726 5304 2858 5360 colit
2879 5304 3151 5360 cordibus.

2311 5397 2575 5453 Generosi
2601 5397 2877 5452 Abraham
2910 5402 2970 5452 tu
2998 5396 3131 5461 ﬁlia,

2384 5487 2705 5545 Veneranda
2732 5488 2881 5558 regia
2912 5488 2980 5544 de
3008 5486 3227 5544 Davidis

2381 5580 2561 5650 Stirpe
2584 5581 2785 5651 genita.

2310 5674 2537 5739 Laetare,
2576 5673 2748 5729 Mater
2773 5681 2828 5729 et
2853 5672 3020 5743 Virgo
3042 5672 3265 5739 nobilis,

2390 5767 2656 5824 Gabrielis
2683 5765 3069 5855 archangelico
