4046 6478
268 476 404 548 1009

482 586 611 668 Qua:
633 603 852 659 oraculo
879 604 1095 665 credula
1184 640 1187 641 ν

472 690 716 747 Cenuisti
745 694 928 748 clausa
954 694 1144 749 lilium.

384 772 458 847 ’gln
483 779 639 850 cujus
667 783 1041 841 sacratissimo
1063 783 1321 855 sanguine

470 870 808 927 Emundatur
832 874 1156 931 universitas

468 959 824 1019 Perditissimi
854 967 1092 1037 generis,

469 1048 539 1105 Ut
567 1053 813 1121 promisit
838 1054 979 1111 Deus
1002 1055 1255 1112 Abrahae.

398 1140 474 1197 Te
507 1142 657 1215 virga
691 1145 842 1201 arida
868 1146 1051 1203 Aaron
1081 1147 1213 1204 flore

470 1232 723 1304 Speciosa
752 1244 803 1293 te
831 1237 1051 1310 ﬁgurat,
1080 1240 1271 1309 Maria,
1310 1242 1426 1298 sine

468 1326 584 1382 Viri
608 1329 815 1384 semine
843 1340 972 1387 nato
1007 1330 1272 1387 ﬂoridam.

402 1415 502 1482 Tu,
527 1426 682 1488 porta
705 1418 907 1492 jugiter
934 1432 1136 1489 serata,
1165 1439 1327 1494 quam

464 1508 766 1567 Ezechielis
790 1529 893 1568 vox
926 1522 1177 1583 testatur,
1209 1516 1401 1582 Maria,

470 1597 583 1655 Soli
617 1600 726 1658 Deo
751 1607 936 1673 pervia
975 1622 1092 1663 esse
1124 1608 1383 1663 crederis.

400 1687 506 1745 Sed
540 1696 596 1745 tu
633 1700 833 1760 tamen,
862 1697 1050 1752 matris
1076 1698 1339 1752 virtutum

469 1780 603 1836 Dum
630 1786 787 1840 nobis
819 1788 1123 1858 exemplum
1156 1789 1350 1859 cupisti
1388 1780 1391 1785 ί

473 1870 883 1943 Commendare,
911 1878 1103 1934 subisti
1130 1880 1428 1935 remedium

466 1960 692 2021 Pollutis
722 1974 980 2022 statutum
1013 1971 1298 2027 matribus.

324 2094 327 2097 .
390 2052 472 2107 Ad
510 2054 762 2123 templum
799 2058 1039 2113 detulisti
1069 2067 1248 2115 tecum

472 2142 835 2203 Mundaudum
868 2151 957 2220 qui
983 2149 1093 2209 {tibi
1124 2152 1452 2221 integritatis

464 2233 659 2303 Decus,
690 2237 852 2304 Deus,
884 2241 1046 2296 homo
1072 2244 1285 2312 genitus

462 2327 717 2397 Adauxit,
745 2331 948 2388 intacta
977 2333 1247 2390 Genitrix.

396 2414 624 2483 Laetare,
656 2434 819 2490 quam
852 2420 1134 2481 Scrutator
1163 2426 1343 2481 cordis

464 2505 534 2561 Et
560 2521 747 2564 renum
772 2513 965 2581 probat
994 2514 1237 2570 habitatu
1266 2520 1506 2589 proprio,

464 2598 821 2671 Singulariter
856 2605 1097 2677 dignam,
1131 2619 1376 2664 sanctam
1412 2611 1633 2667 Mariam

396 2688 640 2758 Exsuita,
671 2694 755 2748 cui
778 2710 977 2765 parvus
1004 2699 1186 2753 arrisit
1214 2708 1365 2767 tunc,

466 2783 658 2852 Maria,
688 2790 776 2858 qui
802 2789 972 2847 laetari
1000 2794 1250 2851 omnibus
1382 2866 1387 2873 ι

465 2873 534 2929 Et
564 2878 863 2934 consistere
891 2895 989 2936 suo
1018 2891 1150 2937 nutu
1181 2885 1387 2940 tribuit.

398 2964 557 3037 Ergo,
590 2971 789 3041 quique
819 2974 1045 3031 colimus
1076 2975 1213 3031 festa

468 3054 684 3112 Parvuli
719 3060 919 3116 Christi
944 3072 1168 3134 propter
1195 3081 1292 3121 nos
1318 3066 1443 3122 facti

471 3145 705 3218 Ejusque
726 3150 824 3218 piae
850 3154 1039 3208 matris
1066 3153 1269 3221 Marize,

403 3233 461 3291 Si
488 3251 595 3292 non
626 3238 719 3293 Dei
749 3255 1032 3309 possumus
1061 3253 1268 3300 tantam

472 3327 708 3400 Exsequi
740 3334 896 3397 tardi,
922 3336 1240 3394 humilitatis

476 3420 671 3477 Forma
705 3425 775 3478 sit
804 3427 958 3481 nobis
986 3427 1102 3496 ejus
1128 3429 1390 3487 Genitrix.

401 3510 545 3567 Laus
567 3511 713 3570 Patri
745 3515 946 3585 glorim,
985 3521 1076 3589 qui
1103 3537 1261 3575 suum

471 3604 663 3660 Filium
692 3608 942 3680 gentibus
964 3620 1018 3667 et
1045 3616 1244 3685 populo

480 3697 746 3765 Revelans
774 3702 938 3760 lsracl
965 3720 1063 3761 nos
1099 3709 1289 3764 sociat.

405 3789 549 3845 Laus
575 3792 692 3863 ejus
722 3794 879 3861 Filio,
916 3798 1005 3866 qui
1034 3814 1131 3854 suo

476 3880 749 3954 Sanguine
781 3902 877 3941 nos
909 3887 1056 3943 Patri
1085 3892 1375 3949 concilians

478 3971 738 4042 Supernis
773 3978 997 4033 sociavit
1022 3981 1229 4037 civibus
1255 4002 1267 4037 :

477 4061 619 4119 Laus
648 4081 862 4137 quoque
893 4079 1080 4126 sancto
1103 4070 1327 4143 Spiritui
1351 4076 1422 4130 sit
1443 4091 1543 4147 per
1570 4094 1763 4137 sevum.

531 4199 659 4255 CAP.
702 4201 794 4255 IX.
819 4232 889 4243 —-
910 4203 978 4258 In
1007 4206 1090 4260 die
1124 4217 1303 4264 sancto
1334 4208 1571 4267 Paschw.

401 4329 614 4388 Laudes
649 4331 947 4393 Salvatoris
974 4355 1103 4395 voce
1135 4342 1474 4399 modulemur
1500 4348 1731 4417 supplici

404 4419 472 4473 Et
502 4421 710 4477 devotis
734 4426 977 4482 melodiis
1000 4430 1203 4485 emlesti

476 4516 702 4573 Domino
722 4517 1012 4587 jubilemus
1042 4523 1270 4590 Messiae,

401 4605 503 4676 Qui
530 4624 591 4665 se
621 4611 794 4680 ipsum
824 4615 1119 4670 exinauivit
1146 4626 1204 4671 ut
1240 4634 1339 4673 nos

472 4699 717 4758 Perditos
748 4704 1001 4759 liberaret
1028 4708 1315 4774 homines;

401 4790 577 4847 Carne
608 4794 831 4863 gloriam
863 4797 1081 4853 deitatis
1107 4799 1360 4855 occulens

400 4886 600 4945 Pannis
623 4891 821 4961 tegitur
845 4892 899 4947 in
931 4896 1177 4965 prtesepi,
1214 4897 1479 4953 miserans

470 4978 728 5050 Praecepti
758 4988 1215 5055 transgressorem
1247 4988 1460 5057 pulsum

469 5066 648 5123 Patria
677 5071 915 5139 paradisi
950 5074 1230 5130 uudulum.

398 5157 617 5229 Ioseph,
648 5160 852 5228 Mariae,
883 5163 1121 5220 Simeoni
1143 5166 1412 5234 subditur,

399 5247 820 5309 Circumciditur
842 5264 896 5311 et
922 5255 1077 5327 legali
1109 5258 1286 5313 hostia

470 5342 778 5411 Mundatur,
808 5356 865 5401 ut
890 5356 1163 5417 peccator,
1195 5359 1380 5405 nostra

472 5436 573 5504 Qui
606 5439 743 5494 solet
775 5441 1020 5498 relaxare
1053 5443 1301 5499 crimina.

401 5527 555 5584 Servi
582 5530 746 5586 subiit
769 5546 961 5587 manus
988 5533 1343 5602 baptizandus

468 5621 535 5677 Et
561 5622 763 5693 perfert
792 5624 1007 5679 fraudes
1036 5625 1343 5692 tentatoris,

473 5710 631 5781 Fugit
648 5723 1068 5784 persequentum
1094 5714 1317 5784 lapides.

400 5798 618 5854 Famem
644 5803 865 5871 patitur,
895 5804 1120 5870 dormit,
1154 5814 1207 5859 et
1241 5806 1483 5863 trislatur
1530 5795 1540 5819 ⁸

471 5892 549 5946 Ac
579 5892 720 5947 lavat
748 5893 1024 5964 discipulis
1049 5896 1232 5965 pedes,

1868 596 1919 661 A

1499 488 1700 543 LIBER
1741 483 2301 552 SEQUENTIARUM.

2162 598 2302 654 Deus
2331 599 2509 666 homo,
2543 614 2784 656 summus
2811 600 3046 657 humilis.

2087 690 2193 746 Sed
2221 700 2397 747 tamen
2424 692 2564 748 inter
2589 694 2701 748 hac
2724 694 2932 764 abjecla
2960 697 3203 766 corporis

2082 780 2211 851 Ejus
2235 781 2411 838 deitas
2432 798 2784 855 nequaquam,

2159 870 2341 937 Quivit
2373 872 2539 928 latere
2557 874 2724 945 signis
2750 876 2914 932 variis

2156 960 2222 1015 Et
2249 960 2506 1017 doctrinis
2536 964 2745 1032 prodita
2773 984 2784 1017 :

2081 1054 2291 1123 Aquam
2320 1054 2522 1124 nuptiis
2542 1055 2634 1109 dat
2660 1057 2870 1126 saporis
2891 1058 3031 1115 vinei
3056 1075 3071 1124 ;

2083 1144 2267 1200 Caecus
2288 1145 2472 1200 oculos
2497 1145 2641 1200 claro
2665 1146 2867 1202 lumine

2154 1233 2417 1300 Vestivit;
2443 1235 2644 1305 lepram
2675 1236 2906 1291 luridam

2154 1324 2324 1380 Tactu
2347 1326 2496 1398 fugat
2526 1328 2737 1397 placido
2759 1346 2773 1393 ;

2087 1417 2279 1473 Putres
2310 1420 2534 1473 suscitat
2566 1430 2806 1475 mortuos

2162 1507 2509 1579 Membraque
2531 1519 2684 1564 curat
2711 1510 2939 1575 debilia;

2087 1596 2315 1651 Fluxum
2342 1599 2619 1669 sanguinis
2648 1602 2968 1655 constrinxit

2159 1688 2226 1742 Et
2255 1690 2522 1743 saturavit
2550 1690 2788 1761 quinque
2819 1693 2883 1749 de
2907 1693 3134 1762 panibus

2155 1775 2331 1844 Quina
2357 1778 2553 1845 millia;

2085 1861 2349 1938 Stagnum
2376 1881 2627 1942 peragrat
2648 1870 2931 1938 ﬂuctuans,
2962 1889 3059 1929 ceu

2156 1956 2373 2016 Siccum
2400 1961 2551 2018 littus
2578 1972 2765 2018 ventos
2794 1966 2981 2030 sedat;

2086 2049 2347 2121 Linguam
2374 2063 2581 2108 reserat
2608 2056 2988 2121 constrictam;

2166 2141 2405 2198 Reclusit
2430 2159 2591 2200 aures
2614 2146 2851 2216 privatas

2161 2231 2419 2301 Vocibus;
2457 2235 2636 2291 febres
2667 2238 2886 2308 depulit.

2086 2323 2214 2380 Post
2236 2326 2351 2382 haec
2379 2328 2516 2382 mira
2544 2329 2803 2385 miracula
2834 2331 3067 2401 taliaque

2086 2415 2289 2486 Sponte
2310 2435 2405 2473 sua
2427 2423 2924 2489 comprehenditur,
2948 2431 3001 2478 et
3023 2424 3306 2481 damnatur

2085 2507 2150 2561 Et
2174 2524 2233 2563 se
2262 2511 2505 2581 crucifigi
2544 2528 2651 2567 non
2679 2514 2952 2583 despexit;

2090 2598 2197 2654 Sed
2227 2601 2305 2656 sol
2334 2601 2452 2669 ejus
2479 2613 2707 2658 mortem
2737 2622 2842 2661 nou
2873 2610 3102 2676 aspexit.

2084 2690 2263 2745 [luxit
2292 2693 2427 2758 dies,
2459 2710 2619 2763 quam
2662 2696 2792 2751 fecit
2831 2699 3086 2755 Dominus
3122 2740 3136 2765 ,
3218 2764 3221 2767 λ

2088 2779 2315 2835 Mortem
2344 2782 2632 2839 dcvastans
2660 2791 2714 2839 et
2752 2787 2925 2842 victor
2945 2789 3056 2844 suis

2158 2870 2437 2942 Apparens
2467 2874 2819 2934 dilectoribus
2852 2880 3005 2935 vivus

2088 2960 2272 3017 Primo
2300 2960 2506 3031 Mariae,
2530 2964 2725 3021 dehinc
2750 2968 3024 3036 apostolis,

2092 3054 2301 3111 Docens
2330 3055 2661 3128 Scripturas,
2695 3075 2789 3116 cor
2822 3064 3067 3131 aperiens

2162 3146 2234 3202 Ut
2255 3148 2437 3204 clausa
2463 3152 2529 3206 de
2564 3152 2680 3221 ipso
2710 3164 3038 3210 reserarent.

2090 3240 2298 3296 Favent
2323 3241 2487 3313 igitur
2514 3245 2813 3311 resurgenti

2158 3331 2379 3387 Christo
2409 3343 2603 3389 cuneta
2633 3335 2865 3404 gaudiis,

2090 3423 2295 3490 Flores,
2333 3434 2543 3495 segetes
2578 3427 2818 3483 redivivo
2847 3429 3025 3485 fructu

2162 3515 2423 3583 Vernant,
2452 3524 2506 3571 et
2534 3518 2779 3575 volucres
2808 3521 2931 3591 gelu
2962 3522 3101 3597 tristi

2162 3606 2331 3662 Terso
2359 3607 2515 3663 dulce
2539 3609 2795 3677 jubilant.

2088 3695 2293 3751 Lucent
2329 3698 2530 3754 clarius
2556 3700 2633 3755 sol
2657 3709 2711 3756 et
2735 3702 2857 3756 luna

2162 3786 2331 3843 Morte
2361 3790 2563 3845 Christi
2593 3792 2823 3847 turbida.

2088 3877 2269 3933 Tellus
2293 3880 2517 3935 herbida
2547 3891 2850 3953 resurgeutt

2156 3970 2369 4026 Plaudit
2395 3971 2612 4027 Christo
2643 3989 2763 4044 quae
2792 3975 3021 4029 tremula
3047 3975 3163 4044 ejus

2158 4062 2331 4123 Morte
2355 4079 2415 4119 se
2442 4080 2689 4119 casuram
2714 4066 2942 4121 minitat.

2088 4156 2230 4228 Ergo
2266 4157 2354 4212 die
2381 4157 2482 4212 ista
2506 4158 2855 4227 exsultemus,
2888 4176 2991 4231 qua
3020 4164 3173 4217 nobis

2163 4246 2311 4301 Viam
2350 4249 2473 4303 vita:
2500 4263 2785 4319 resurgens
2817 4251 3072 4321 patefecit
3098 4251 3275 4308 Jesus.

2088 4338 2266 4403 Astra,
2299 4338 2494 4404 solum,
2532 4355 2681 4394 mare
2705 4340 3079 4410 jucundentur,

2160 4430 2225 4483 Et
2250 4431 2431 4485 cuncti
2460 4432 2799 4501 gratulentur
2824 4433 2878 4487 in
2908 4434 3060 4488 caelis

2155 4517 2435 4588 Spiritales
2461 4519 2611 4573 chori
2643 4520 2915 4575 Trinitati.

2435 4608 2562 4664 CAP.
2595 4610 2663 4664 X.
2686 4641 2756 4652 —
2779 4610 2937 4666 Feria
2958 4614 3038 4666 II.

2090 4700 2396 4770 Pangamus
2423 4702 2697 4759 Creatoris

2158 4794 2333 4861 Atque
2356 4794 2730 4865 Redemptoris
2756 4797 3003 4867 gloriam,

2089 4880 2189 4949 Qui
2217 4883 2352 4939 bene
2374 4894 2607 4952 creatos,
2642 4887 2735 4942 sed
2760 4888 3010 4945 seductos
3038 4894 3235 4949 astutia

2086 4972 2275 5030 Callidi
2306 4979 2571 5046 serpentis
2600 4994 2696 5034 sua
2727 4979 2919 5035 refecit
2949 4984 3142 5052 gratia,

2087 5065 2392 5123 Praediccns
2422 5068 2658 5125 futurum
2692 5079 2751 5126 ut
2772 5088 2992 5143 germen

2162 5158 2362 5215 Sancta
2390 5161 2656 5230 proferret
2680 5164 2900 5231 femina,

2091 5252 2243 5319 Qudd
2277 5254 2447 5309 hostis
2474 5256 2679 5325 antiqui
2708 5256 2897 5312 nociva

2160 5340 2523 5414 Exsuperaret
2551 5346 2747 5415 capita,

2089 5436 2263 5503 Quod,
2297 5436 2549 5507 primitus
2571 5438 2805 5509 perdita,
2835 5440 3009 5494 serius

2162 5527 2357 5583 Nostra
2385 5537 2612 5582 cernunt
2632 5527 2845 5590 saecula,

2093 5618 2228 5675 Cum
2257 5617 2531 5686 splendida
2553 5615 2773 5672 flosculo
2806 5618 3006 5689 virgula

2160 5709 2311 5764 Novo
2337 5707 2500 5776 pollet
2533 5707 2700 5761 Maria

2090 5806 2192 5873 Qui
2217 5807 2394 5862 editus
2419 5804 2555 5859 mire
2585 5802 2753 5859 edidit
2775 5806 3057 5861 miracula.

2088 5897 2197 5954 Nec
2217 5896 2428 5967 juvenis
2462 5904 2689 5964 tantum,
2713 5896 2805 5952 sed
2837 5899 3020 5955 statim
3057 5899 3199 5956 inter

3326 496 3335 503 ”
3385 490 3519 545 1010
