4046 6420
492 472 625 528 {0H

1387 474 1448 527 Β.
1487 471 1791 529 NOTKERI
1830 469 2129 528 BALBULI
2167 469 2224 527 S.

709 590 834 646 Sum
863 590 1162 645 nativitatis
1184 589 1477 660 primordia

635 683 742 739 Per
770 682 964 740 sideris
992 681 1196 748 lumen,
1227 680 1313 735 vel
1351 679 1625 735 Simeonis
1646 679 1815 734 verba

641 775 864 832 Judaica
889 775 956 830 ad
987 789 1046 832 se
1071 773 1156 830 vel
1180 773 1368 839 corda,
1403 773 1490 829 vel
1514 757 1736 852 munera

706 869 1000 924 Attrahens
1027 859 1164 921 nutu
1187 854 1429 936 gentilia.

639 961 809 1028 Quem
841 960 1003 1016 Pater
1025 961 1077 1015 in
1108 973 1246 1017 voce
1268 968 1430 1030 atque
1452 956 1658 1030 Spiritu

709 1041 1158 1123 San’ctus‘specie
1187 1039 1454 1124 glorificat
1507 1050 1510 1052 ⁷

636 1142 887 1200 Viseutes
919 1143 1223 1210 doctorem,
1250 1142 1337 1199 vel
1367 1143 1702 1198 arcbiatrum

707 1235 914 1292 Docent
951 1235 1276 1292 auctoritate
1301 1251 1420 1305 sua.
1522 1270 1527 1274 -

636 1325 762 1394 Qui,
790 1335 1078 1399 postquam
1118 1325 1309 1383 salutis
1339 1327 1480 1382 dona
1505 1325 1658 1382 dedit

709 1420 874 1476 Multa
902 1417 1272 1492 doctrinaeque
1297 1410 1553 1492 perplura
1575 1417 1741 1474 verba

707 1517 814 1576 Ore
845 1532 944 1574 suo
977 1510 1343 1589 promulgavit
1361 1511 1746 1577 saluberrima,

636 1609 718 1665 Ad
747 1610 970 1680 probra,
993 1617 1176 1680 Sputa,
1209 1606 1486 1678 colaphos,
1529 1613 1585 1661 et
1613 1601 1844 1674 ﬂagella,

713 1702 931 1758 Vestem
957 1715 1172 1772 quoque
1201 1700 1330 1756 ludo
1351 1699 1637 1770 quaesitam
1663 1705 1718 1751 et
1746 1694 1993 1766 spineum

706 1795 869 1852 Venit
892 1805 1122 1862 sertum,
1144 1794 1213 1851 ad
1247 1793 1426 1862 crucis
1448 1789 1693 1848 brachia.

638 1888 740 1956 Qui
775 1888 937 1944 hodie
969 1885 1283 1958 triumphali
1313 1902 1343 1940 a
1376 1882 1608 1940 mortuis

712 1981 1027 2050 Resurgens
1054 1979 1258 2051 sprevit
1287 1977 1535 2042 victoria,

641 2075 851 2130 Ducens
875 2056 1060 2128 secum
1086 2071 1360 2143 primitiva

709 2164 792 2219 Ad
821 2164 991 2220 ccelos
1028 2163 1273 2220 membra
1311 2171 1368 2217 et
1397 2176 1570 2233 nuper

709 2255 964 2325 Dispersa
990 2267 1256 2308 revocans
1281 2251 1466 2316 ovilia,

646 2347 749 2414 Qui
778 2355 834 2402 et
862 2345 1020 2402 nobis
1049 2346 1102 2400 in
1133 2344 1242 2399 ﬁne
1267 2343 1561 2414 speranda,

708 2437 861 2492 Licet
885 2435 1074 2490 ultima
1106 2434 1350 2490 membra
1378 2434 1570 2498 simus,

715 2527 955 2598 Spondet
985 2526 1148 2582 dona.

953 2641 1082 2697 CAP.
1113 2639 1203 2694 XI.
1227 2671 1296 2680 —
1323 2637 1486 2695 Feria
1508 2637 1628 2693 111.

644 2759 783 2831 Agni
809 2758 1090 2815 Paschalis
1114 2772 1209 2813 esu

715 2851 964 2922 Potuque
987 2850 1180 2921 dignas

655 2941 894 2998 Moribus
923 2941 1157 2997 sinceris
1183 2940 1462 3011 praebeant

715 3032 917 3090 Omnes
943 3047 1003 3087 se
1031 3031 1358 3088 Christianae
1386 3030 1603 3104 animae,

648 3126 752 3181 Pro
775 3125 974 3196 quibus
999 3141 1057 3188 se
1083 3125 1195 3181 Deo
1225 3125 1460 3180 hostiam
1487 3122 1686 3180 obtulit

719 3216 839 3288 Ipse
871 3232 1115 3281 summus
1137 3215 1405 3279 Pontifex.

2103 588 2156 657 Δ

648 3308 886 3376 Quarum
910 3306 1061 3364 frons
1087 3308 1142 3363 in
1163 3307 1334 3378 postis
1361 3315 1447 3374 est
1471 3305 1569 3378 [sic
1591 3303 1773 3375 Cad.],
1798 3301 2014 3370 modum
2117 3315 2164 3380 ρ

721 3406 852 3477 Ejus
883 3405 1016 3463 illita
1041 3414 1398 3463 sacrosancto
1425 3417 1620 3460 cruore

715 3493 784 3548 Et
810 3501 924 3549 tuta
958 3508 990 3547 a
1013 3493 1168 3550 clade
1188 3490 1491 3568 canopica;

650 3585 890 3651 Quarum
915 3583 1158 3640 crudeles
1185 3583 1369 3638 hostes

719 3676 776 3730 In
813 3675 951 3730 mari
977 3675 1162 3731 Rubro
1187 3682 1314 3743 sunt
1335 3674 1540 3739 obruti,

651 3769 830 3824 Renes
851 3769 1228 3840 constringant
1254 3771 1322 3825 ad
1350 3768 1693 3840 pudicitiam.

649 3860 820 3916 Pedes
848 3868 1091 3928 tutentur
1116 3861 1377 3917 adversus
1404 3861 1620 3931 viperas

650 3948 986 4019 Raculosque
1013 3949 1286 4020 spiritales
1310 3960 1502 4006 contra

713 4038 889 4094 Canes
909 4037 1110 4109 iugiter
1138 4055 1299 4096 manu
1330 4041 1576 4111 bajulent

656 4129 725 4184 Ut
750 4129 959 4185 Pascha
983 4128 1110 4184 Jesu
1145 4139 1458 4186 mereantur
1480 4131 1634 4200 sequi

722 4218 843 4288 Quo
869 4219 937 4274 de
955 4219 1223 4275 barathro
1250 4220 1423 4274 victor
1445 4219 1626 4275 rediit.

648 4312 726 4367 En
752 4312 1045 4378 redivivus,
1073 4313 1307 4368 mundus
1331 4313 1638 4378 ornatibus,

647 4403 862 4460 Christo
889 4420 1222 4476 consurgens
1249 4405 1436 4462 ﬁdeles
1465 4405 1722 4462 admonet

647 4496 778 4554 Post
805 4508 1034 4554 mortem
1070 4499 1261 4557 melius
1287 4515 1408 4555 cum
1435 4515 1502 4556 eo
1528 4498 1793 4556 victuros.

955 4609 1082 4664 CAP.
1121 4608 1497 4665 XII.-—Feria
1532 4606 1636 4663 IV.

648 4721 847 4778 Grates
877 4721 1148 4776 Salvatori
1181 4738 1247 4777 ac

719 4811 850 4882 Regi
882 4811 1100 4866 Christo
1126 4811 1236 4867 Deo
1265 4813 1448 4868 solvan

649 4904 852 4959 Omnes
881 4902 1401 4968 incolarumincola:

651 4995 822 5062 Quem
856 5002 1156 5065 spectatum
1186 4995 1276 5049 diu
1306 4993 1423 5064 jam
1454 5002 1656 5060 tenent,

650 5086 715 5140 Et
742 5085 888 5157 leges
910 5085 1026 5156 ejus
1056 5084 1325 5141 mentibus

717 5175 949 5246 Captent
971 5175 1293 5246 promptulis

648 5271 795 5339 Quos
823 5271 1078 5327 derelicto
1108 5270 1306 5342 p0pulo
1332 5269 1528 5341 delegit

717 5362 903 5419 Judaeo
932 5364 999 5417 de
1033 5363 1268 5417 Abrahae
1293 5377 1458 5416 carne
1486 5373 1686 5432 genua,

647 5453 716 5509 Et
742 5468 836 5523 per
866 5453 1025 5508 ﬁdem
1054 5468 1189 5524 quos
1216 5451 1445 5508 Abrahae

721 5548 889 5603 Natos
919 5543 1048 5603 fecit
1073 5558 1133 5603 et
1155 5557 1414 5619 cognatos
1440 5563 1596 5603 suum

721 5639 981 5703 Sanctum
1009 5656 1104 5710 per
1128 5643 1465 5713 sanguinem.

648 5731 695 5786 0
719 5730 958 5798 Christe,
987 5733 1390 5804 consanguinee
1427 5741 1633 5789 natura!

720 5820 948 5887 Nostrae,
974 5838 1074 5877 nos
1101 5822 1224 5878 fove

653 5914 854 5986 Atque,
880 5929 978 5987 per
1005 5915 1245 5972 divinam
1271 5918 1589 5987 potentiam,

2127 4659 2173 4731 ι)

2265 473 2468 530 GALLI
2510 474 2817 530 MONACHI

2396 588 2573 651 Tuere
2597 591 2664 646 ab
2693 589 2841 645 omni
2871 603 3088 646 msursu

2391 683 2598 739 Inimici
2628 689 2684 738 et
2713 681 2923 738 insidiis

2322 771 2492 850 Quem
2513 788 2612 843 per
2646 772 2829 828 carnis
2855 772 3094 828 edulium

2349 851 2354 854 ’
2395 865 2654 921 Delusisti
2684 866 2847 921 hamo
2878 873 2982 920 tum
3019 863 3343 934 maiestatis,
3373 860 3476 920 Fili
3506 862 3627 919 Dei.

2326 955 2408 1012 Tu
2436 973 2728 1030 resurgens
2750 957 3051 1028 imperitas,

2396 1049 2514 1106 Non
2544 1051 2840 1106 moriturus
2870 1049 3133 1120 amplius;
3312 1115 3314 1118 ,

2324 1139 2404 1219 Tu
2429 1139 2717 1195 mortalem
2751 1146 2995 1194 nostram
3031 1147 3087 1194 et
3118 1149 3356 1194 terream

2395 1231 2654 1286 Naturam
2688 1245 2982 1300 resurgens
3009 1227 3436 1298 incorruptivam

2330 1321 2550 1386 Fecisti,
2585 1329 2749 1391 atque
2777 1319 2930 1376 caelis
2955 1319 3226 1375 invexisti.

2421 1432 2550 1501 CAP.
2583 1430 2715 1486 XIII.
2747 1462 2818 1472 —
2842 1430 2911 1486 In
2944 1431 3260 1486 Ascensione
3291 1427 3525 1493 Domini.

2333 1543 2543 1600 Summi
2576 1544 2907 1616 triumphum

2397 1635 2562 1704 Regis
2586 1651 2980 1706 prosequamur
3003 1634 3182 1700 laude,

2329 1726 2431 1796 Qui
2457 1726 2601 1794 caeli,
2631 1727 2724 1797 qui
2755 1734 2918 1781 terrae
2952 1725 3094 1796 regit

2400 1818 2656 1890 Sceptra,
2687 1817 2886 1874 inferni
2907 1817 3032 1888 jure
3060 1815 3285 1878 domito,

2333 1911 2435 1980 Qui
2465 1925 2587 1967 sese
2609 1923 2711 1982 pro
2737 1909 2895 1965 nobis
2925 1906 3258 1964 redimendis

2399 2003 2761 2075 Permagnum
2791 2002 2942 2058 dedit
2971 2001 3227 2073 pretium.

2331 2095 2470 2154 Iluic
2493 2109 2686 2150 nomen
2714 2101 2899 2149 exstat
2930 2091 3258 2150 conveniens
3283 2088 3500 2145 ldithun

2334 2185 2471 2241 Nam
2502 2183 2792 2240 transilivit
2819 2197 3011 2238 omnes
3033 2189 3253 2237 strenue
3335 2232 3338 2235 .

2401 2277 2631 2342 Montes,
2661 2275 3046 2344 colliculosque
3076 2271 3286 2328 Bethel.

2336 2370 2546 2428 Saltum
2577 2370 2643 2425 de
2678 2368 2820 2425 coelo
2839 2367 2987 2424 dedit
3013 2366 3068 2422 in
3094 2363 3416 2436 virginalem

2411 2460 2696 2532 Ventrem,
2721 2460 2850 2514 inde
2883 2459 2937 2514 in
2970 2457 3193 2529 pelagus
3216 2453 3419 2511 saeculi.

2332 2555 2627 2625 Postquam
2663 2550 2794 2607 illud
2819 2565 2917 2606 suo
2949 2547 3217 2620 mitigavit

2406 2647 2732 2721 Potentatug
2755 2649 2925 2698 tetras
2945 2638 3352 2710 Phlegethontis

2408 2735 2620 2794 Assiliit
2652 2733 2922 2790 tenebras.

2335 2828 2603 2900 Principis
2627 2826 2769 2883 illius
2799 2825 3103 2884 disturbato
3133 2822 3382 2894 Imperio,

2336 2918 2584 2990 Maniplis
2611 2917 2861 2990 plurimis
2889 2916 3014 2972 inde
3049 2914 3221 2971 erutis

2404 3007 2663 3064 Mundum
2691 3006 2926 3063 illustrat
2952 3021 3051 3062 suo
3073 3003 3282 3078 iubare,

2329 3099 2822 3176 Captivitatemque
2843 3098 3119 3154 detentam
3151 3093 3283 3160 inibi

2406 3193 2597 3250 Victor
2625 3191 2777 3247 duxit
2805 3205 3015 3256 secum,

2337 3287 2404 3343 Et
2431 3285 2732 3341 redivivum
2754 3281 2867 3351 jam
2901 3283 3017 3338 suis
3043 3297 3102 3338 se

2410 3375 2647 3445 Praebuit
2672 3373 2845 3430 servis
2871 3382 2928 3429 et
2951 3373 3142 3428 amicis

2342 3466 2584 3536 Denique
2609 3465 2804 3527 saltum
2829 3463 3052 3520 dederat
3079 3462 3239 3518 hodie

2409 3557 2724 3622 Maximum,
2750 3556 2922 3613 nubes
2949 3554 3209 3625 polosque

2408 3645 2581 3702 Cursu
2611 3645 2832 3716 praepeti
2863 3645 3156 3700 transiens.

2339 3737 2587 3804 Celebret
2611 3751 2740 3809 ergo
2763 3735 2992 3806 populus
3015 3735 3159 3789 hunc
3186 3733 3331 3788 diem

2409 3827 2694 3893 Credulus,
2726 3826 2880 3898 cujus
2917 3825 3162 3883 morbida
3191 3822 3407 3878 ldithun

2415 3917 2654 3988 Corpora
2688 3917 2740 3971 in
2769 3917 3062 3987 semetipso
3088 3915 3211 3969 altis
3232 3913 3456 3976 sedibus

2420 4008 2554 4067 lei
2580 4007 2788 4064 invexit
2815 4007 2908 4062 Dei
2932 4005 3102 4061 Filius
3133 4023 3148 4058 :

2341 4104 2407 4178 Et
2433 4111 2672 4158 tremens
2691 4099 2926 4168 judicem
2953 4103 3227 4168 exspectet

2415 4196 2746 4260 Aﬂ‘uturum,
2773 4201 2830 4248 ut
2858 4193 2963 4248 duo
2994 4190 3167 4262 angeli

2415 4287 2637 4350 Fratres
2665 4286 2970 4342 docuerunt
2994 4300 3007 4337 :

2342 4379 2444 4444 Qui
2468 4376 2626 4434 Jesus
2653 4392 2683 4432 a
2705 4375 2857 4432 vobis
2883 4382 3194 4444 assumptus
3221 4380 3304 4427 est
3329 4373 3384 4426 in
3410 4369 3611 4428 uelum

2413 4471 2612 4525 lterum
2634 4469 2834 4533 veniet,
2867 4475 2926 4522 ut
2949 4465 3162 4522 vidistis
3184 4479 3327 4519 eum.

2349 4562 2478 4616 Nam
2508 4561 2740 4618 ldithum
2771 4569 3014 4615 nostrum
3039 4557 3262 4613 vocibus

2411 4652 2625 4709 Sedulis
2652 4666 2844 4707 omnes
2875 4649 3252 4720 imploremus;

2343 4743 2412 4798 Ut
2435 4757 2465 4797 a
2497 4741 2704 4798 dextris
2723 4741 2919 4805 Patris,
2949 4739 3040 4809 qui
3072 4739 3246 4802 sedet,

2412 4834 2680 4905 Spiritum
2711 4833 2888 4888 mittat
2916 4831 3073 4887 nobis
3099 4837 3370 4886 sanctum.

2339 4927 2396 4988 In
2427 4926 2588 4981 linem
2616 4923 2797 4981 saeculi
2832 4923 2943 4994 ipse
2969 4934 3180 4992 quoque

2418 5015 2646 5086 Semper
2677 5015 2750 5070 sit
2777 5013 3075 5069 nobiscum.

2393 5164 2520 5210 CAP.
2554 5146 2692 5201 XIV.
2721 5177 2788 5186 -
2820 5144 2887 5200 In
2916 5162 2998 5199 ate.
3027 5154 3207 5200 sancto
3238 5143 3587 5203 Pentecostes.

2344 5263 2528 5320 Sancti
2563 5261 2798 5331 Spiritus

2417 5353 2570 5408 Adsit
2599 5351 2755 5408 nobis
2781 5351 2950 5421 gratia

2345 5451 2474 5516 Quae
2495 5445 2659 5501 corda
2687 5453 2876 5499 nostra
2905 5442 3009 5498 Sibi

2418 5537 2605 5592 Faciat
2630 5533 2996 5592 habitaculqu

2343 5628 2594 5699 Expulsis
2622 5628 2747 5682 inde
2772 5627 2982 5682 cunctis

2420 5719 2584 5775 Vitiis
2618 5718 2971 5791 spiritalibus.

2349 5810 2583 5882 Spiritus
2608 5809 2766 5882 alme,
2794 5809 3094 5865 illustrator
3119 5807 3422 5874 hominum,

2345 5901 2605 5968 Rorridas
2634 5912 2832 5961 nostra
2861 5901 3058 5959 mentis

3628 471 3771 529 1012
