3956 5670
99 316 237 387 tuis
1257 325 1459 381 LIBER
1491 316 2054 405 SEQUENTIARUM.
3228 335 3365 394 10M

246 464 258 477 -
308 435 483 506 Purga
524 438 793 493 tenebras.
1712 451 1762 509 Α
1933 450 2006 505 Te
2035 449 2397 522 deposcimus,
2423 460 2482 507 ut
2509 454 2736 509 crimina
2770 464 2952 512 nostra

237 530 464 585 Amator
485 541 685 587 sancta:
708 542 1048 590 sensatorum
1936 542 1999 596 Et
2030 541 2267 599 facinora
2297 545 2549 599 continua
2575 560 2733 615 prece

316 623 543 694 Semper
568 625 923 697 eogitatuum,
998 616 1003 621 ’
2008 634 2239 692 Studeas
2267 635 2565 704 absolvere,

236 714 465 783 Infunde
493 717 804 775 unctionem
842 728 1009 789 tuam,
1927 726 2177 782 Placatus
2199 736 2259 781 ut
2288 727 2402 798 ipse
2439 743 2565 785 suos
2593 743 2800 797 semoer

304 805 558 863 Clemens
585 811 788 866 nostris
814 814 1083 873 sensibus.
1999 820 2233 877 lnvisere
2274 821 2458 878 ﬁdeles

238 897 319 951 Tu
351 897 668 967 puriﬁcator
692 903 936 959 omnium

1932 913 1998 967 Et
2028 914 2361 970 mansionem
2390 914 2446 969 in
2476 913 2554 977 eis
2581 914 2762 970 facere
2787 914 3057 984 dignetur,

307 990 661 1063 Flagitiorum
697 993 953 1066 Spiritus,
1934 1004 1999 1057 Et
2018 1003 2157 1073 Agni
2186 1003 2384 1059 vellere
2410 1019 2573 1075 quem
2598 1012 2688 1058 tuo
2716 1002 2885 1074 digito

236 1080 469 1137 Purilica
499 1084 671 1139 nostri
702 1086 923 1147 oculum
1932 1096 2113 1153 Mundi
2143 1105 2546 1153 monstraveras
2574 1096 2766 1153 tollere

310 1171 590 1227 lnterioris
617 1173 882 1244 hominis;

2005 1186 2249 1244 Crimina
2279 1203 2377 1243 nos
2405 1189 2536 1251 velit
2563 1187 2804 1253 induere,

238 1262 311 1320 Ut
339 1263 507 1320 videri
541 1280 827 1337 supremus
1808 1298 1811 1301 ν
1936 1277 2006 1334 Ut
2036 1279 2213 1347 ipsum
2244 1264 2552 1333 mereamur
2580 1277 2786 1349 angelis
2811 1277 3005 1341 associi

311 1355 537 1412 Genitor
562 1359 733 1428 possit
761 1375 791 1414 a
822 1362 995 1429 nobis,
1933 1371 1989 1425 In
2016 1372 2136 1427 alba
2162 1379 2313 1427 veste
2340 1372 2493 1441 sequi
2522 1386 2619 1441 per
2645 1378 2857 1441 portam
2885 1368 3264 1432 clarissimam,

236 1444 419 1501 Mundi
448 1449 627 1504 cordis
652 1464 813 1520 quem
844 1452 945 1508 soli
1934 1464 2119 1519 Amice
2145 1463 2343 1519 Christi
2371 1462 2628 1527 Joannes.
2956 1502 2959 1503 ν

312 1537 549 1595 Cernere
578 1552 805 1612 possunt
834 1546 995 1600 oculi.
1861 1552 1990 1612 CAP.
2032 1554 2172 1617 XVI.
2211 1586 2280 1595 -—
2318 1554 2389 1619 In
2437 1555 2712 1610 Natalitiis
2753 1552 3115 1625 apostolorum
3155 1549 3299 1605 Petti

238 1628 541 1700 PrOphetas
573 1640 627 1686 tu
655 1632 951 1704 inspirasti,
978 1646 1035 1691 ut
1064 1640 1337 1708 prmconia
1710 1644 1713 1645 ⁷
2447 1635 2495 1680 ετ
2532 1626 2711 1680 Prw"-

309 1721 508 1777 Christi
533 1725 948 1793 praecinuissent
974 1728 1193 1802 inclyta.
1934 1717 2115 1784 Petro.
2144 1732 2355 1774 summe
2378 1716 2579 1774 Christi
2606 1727 2812 1788 pastor.

236 1811 528 1882 Apostolos
554 1815 893 1881 confortasti,
923 1826 983 1872 ut
1013 1820 1309 1889 trophazum
1714 1876 1724 1889 γ

1227 1835 1309 1874 um
1714 1876 1724 1889 γ
2006 1808 2075 1863 Ει
2098 1807 2281 1875 Paule,
2309 1808 2550 1880 gentium
2579 1809 2789 1873 doctor,

305 1906 507 1961 Christi
538 1922 635 1977 per
663 1916 833 1964 totum
866 1910 1123 1965 mundum
1153 1913 1434 1975 veherent...
1932 1900 2233 1956 Eeclesiam
2264 1901 2460 1956 vestris
2489 1900 2752 1956 doctrinis
2778 1898 3135 1955 illuminatani

241 1996 468 2065 Quando
498 1999 803 2055 machinam
829 2015 926 2070 per
950 1999 1185 2056 Verbum
1215 2017 1373 2059 suum
1932 1992 2037 2053 Per
2064 1991 2327 2047 circulum
2359 2002 2515 2047 terrae
2544 2000 2798 2062 precatus
2826 1988 3044 2080 adjuvet
3066 1996 3262 2043 vester.

330 2089 478 2145 Fecit
502 2090 644 2147 Deus
671 2091 818 2158 cceli,
848 2102 1028 2160 terrte,
1060 2095 1248 2160 maris,

1933 2082 2067 2137 Nam
2097 2083 2375 2150 Dominus,
2402 2083 2585 2148 Petre,
2616 2084 2873 2140 caelorum

238 2178 318 2239 Tu
352 2195 514 2250 super
542 2197 712 2252 aquas
742 2182 951 2240 foturus
979 2200 1093 2251 eas,
1124 2200 1323 2241 numen
2006 2175 2126 2230 Tibi
2153 2176 2334 2231 ClaVCS
2362 2176 2504 2231 dono
2535 2177 2701 2231 dedit-

313 2267 487 2324 Tuum
517 2271 842 2341 expandisti,
875 2272 1131 2343 Spiritus.
1935 2265 2300 2337 Armigerum,
2330 2263 2632 2335 Beniamin,
2666 2266 2917 2323 Christus
2964 2348 2967 2349 ν

240 2356 316 2410 Tu
354 2358 638 2415 animabus
678 2360 1019 2418 viviﬁcandis
2006 2357 2082 2414 Te
2111 2359 2215 2414 scit
2248 2374 2430 2426 suum,
2458 2375 2661 2430 vasque
2699 2360 2951 2441 electum.

307 2436 497 2520 Aquas,
520 2450 797 2519 fecundas,
1933 2451 2082 2507 Mare
2109 2452 2293 2522 planta
2323 2460 2395 2519 te,
2424 2452 2609 2519 Petre,
2637 2454 2885 2510 Christus

245 2541 347 2611 Tu,
378 2545 672 2615 aspirando
699 2548 767 2604 da
794 2544 1070 2621 spiritales
2002 2542 2336 2599 Conculcare
2364 2550 2468 2598 tuae
2490 2543 2639 2600 dedit
2663 2545 2946 2612 charitati;

321 2635 454 2692 Esse
482 2637 751 2695 homines.
1935 2632 2195 2690 Umbram
2224 2633 2299 2688 tui
2326 2635 2568 2715 corporis
2598 2634 2849 2701 inﬁrmis,

245 2725 325 2782 Tu
350 2728 593 2805 divisum
611 2746 709 2802 per
735 2731 949 2805 linguas
978 2733 1250 2791 mundum

2004 2724 2386 2796 Debilibusque
2416 2725 2545 2782 fecit
2570 2727 2913 2797 medicinam.

310 2816 381 2872 Et
404 2819 543 2875 ritus
571 2800 844 2888 adunasti',
872 2821 1127 2892 Spiritus.

1937 2814 2324 2887 Spermologon
2353 2816 2702 2889 philosophos
2736 2826 2811 2885 te,

239 2910 561 2969 Idololatras
586 2913 653 2969 ad
680 2914 883 2971 cultum
908 2918 1002 2972 Dei
1038 2933 1293 2985 revocas,
2002 2904 2188 2972 Paule,
2219 2905 2468 2963 Christus
2492 2908 2585 2964 dat
2610 2909 2829 2965 vincere
2854 2925 2952 2965 sua
2982 2923 3130 2966 voce.

320 3003 702 3078 magistrorum
731 3009 953 3079 optime,
1940 2997 2261 3069 Multiplices
2291 3000 2550 3057 victorias
2580 3009 2661 3067 tu,
2697 3001 2882 3068 Paule,

195 3101 213 3117 ‘
240 3095 384 3168 Ergo
412 3112 512 3155 nos
539 3099 904 3171 supplicantes
934 3102 1031 3157 tibi
2010 3089 2230 3146 Christo
2256 3104 2355 3161 per
2381 3091 2609 3163 populos
2633 3093 2935 3163 acquisisti.

310 3186 519 3245 Exaudi
549 3188 838 3260 ρι-ορίιίυε,
861 3202 1049 3249 sancte
1080 3192 1339 3265 spiritus,
1718 3184 1767 3251 (ι
1940 3178 2227 3235 Postremo
2252 3180 2413 3237 victis
2434 3181 2687 3237 omnibus
2709 3182 2956 3238 barbaris

244 3276 376 3335 Sine
400 3294 508 3350 quo
530 3296 721 3352 preces
750 3296 939 3339 omnes
960 3298 1129 3340 cassae
1938 3267 2022 3323 Ad
2048 3283 2229 3324 arcem
2258 3270 2455 3325 summi
2484 3272 2710 3343 pergitis
2735 3270 3007 3339 culminis,

311 3367 619 3425 Creduntur
639 3380 693 3427 et
717 3372 947 3443 indigna:
974 3373 1067 3429 Dei
1092 3374 1333 3430 auribus.
2016 3358 2315 3416 Germanos
2341 3360 2618 3417 discordes
2641 3362 2740 3417 5111)
2763 3360 2950 3431 iugum

244 3457 346 3524 Tu,
364 3461 457 3529 qui
485 3463 725 3517 omnium
754 3464 1072 3521 saeculorum
1103 3474 1353 3535 sanctos,
1936 3540 1976 3557 η
1998 3449 2206 3557 Fris“
2226 3460 2458 3557 .Pafafos
2480 3452 2590 3555 i3“?
2624 3454 2886 3557 φιλαυτί-

245 3552 346 3608 Τυί
372 3555 610 3613 numinis
631 3557 861 3614 docuisti
890 3559 1168 3625 instinctu,
1936 3540 2011 3648 [Abi
2041 3540 2269 3648 Νθξοηίε
2298 3541 2803 3648 τετίίθξιρτίηξίβθθε.

315 3643 700 3714 Amplectendo
731 3648 985 3719 spiritus;
1935 3631 2337 3701 Apostolorum,
2361 3633 2560 3705 praeliis
2589 3634 2836 3705 plurimis
2861 3636 3117 3702 victores,

243 3732 381 3805 Ipse,
411 3737 568 3791 hodie
593 3738 864 3808 apostolos
901 3738 1102 3795 Christi
2003 3724 2242 3779 Diversae
2269 3732 2338 3789 te,
2372 3724 2529 3781 Petre
2563 3734 2619 3781 et
2646 3725 2829 3794 Paule,

243 3825 463 3883 Donans
492 3843 714 3887 munere
744 3830 960 3886 insolito

2003 3815 2297 3871 Addixerat
2321 3831 2495 3887 pinna:
2522 3818 2714 3873 mortis
2742 3837 2754 3873 :

318 3916 384 3971 Et
412 3921 620 3976 cunctis
649 3920 890 3978 inaudito
918 3908 1097 3991 seclis,

1937 3908 2014 3965 Te
2042 3924 2177 3964 crux
2202 3909 2457 3975 associat,
2481 3917 2535 3965 te
2558 3924 2689 3966 vero
2716 3909 2922 3982 gladius

247 4005 402 4063 Hunc
427 4008 570 4064 diem
599 4010 892 4083 gloriosum
925 4014 1118 4069 fecisti.

2004 4001 2274 4057 Cruentus
2297 4000 2463 4055 mittit
2486 4000 2724 4057 Christo.

164 4096 301 4154 CAP.
332 4097 446 4152 XV.
470 4131 541 4140 —
567 4099 636 4156 In
673 4102 871 4158 Natale
900 4106 1066 4160 sancti
1093 4105 1317 4161 Joannis
1344 4104 1616 4174 Βαρτίδιηι,
1847 4094 1974 4151 CAP.
2008 4093 2169 4151 XVII.
2190 4125 2262 4135 -—
2293 4094 2367 4151 De
2390 4093 2587 4151 Natale
2613 4097 2783 4151 sancti
2805 4094 3072 4151 Benedicti
3101 4094 3331 4152 abbatis.

247 4190 435 4246 Sancti
462 4191 736 4261 Baptistae,
769 4193 973 4251 Christi
1004 4198 1289 4267 przeconis,
1935 4183 2120 4241 εδιτιοιὶ
2158 4184 2350 4241 merita

324 4282 598 4341 Solemnia
636 4286 977 4343 celebrantes
2003 4276 2277 4331 Benedicti
2311 4274 2509 4346 inclyta

323 4372 562 4431 Moribus
591 4375 765 4446 ipsum
797 4392 1109 4447 sequamur,
1440 4442 1445 4445 4
1935 4367 2196 4423 Verendae
2222 4367 2522 4422 sanctitatis
2548 4380 2613 4421 ac

251 4463 320 4519 Ut
344 4465 411 4518 ad
438 4465 580 4520 viam
606 4481 766 4536 quam
798 4468 1050 4538 praedixit
1721 4535 1750 4538 _,
2013 4458 2399 4513 Monachorum
2427 4458 2673 4529 praesulis

316 4554 565 4612 Asscclas
591 4572 720 4612 suos
751 4535 1032 4627 perducat,
1720 4535 1777 4593 Ι)-
1938 4546 2043 4603 Pro
2070 4563 2228 4618 posse
2259 4557 2421 4619 atque
2454 4563 2614 4606 nosse
2639 4563 2842 4621 organa

252 4649 434 4706 Devoti
468 4658 541 4717 te,
571 4653 913 4709 sanctissime
936 4654 1236 4722 hominum,

1012 4654 1236 4722 minum,
2012 4646 2204 4701 Nostra
2231 4653 2574 4717 concrepent.

317 4742 501 4797 Amice
526 4742 654 4799 Jesu
683 4742 909 4809 Christi,
938 4742 1263 4816 ﬂagitamus.
1946 4736 2135 4792 Nursia
2161 4735 2287 4791 felix
2313 4736 2436 4791 tulit
2456 4747 2640 4795 natum
2661 4738 2922 4810 genitrix,

323 4830 389 4885 Ut
416 4833 609 4901 gaudia
637 4834 1001 4904 percipiamus
1940 4828 2163 4885 Domina
2188 4828 2371 4881 mundi
2402 4827 2575 4882 Roma
2602 4828 2733 4885 fovit
2760 4830 2965 4885 alitrix.

247 4922 529 4992 Apparens
557 4939 677 4995 quae
716 4925 992 4989 Zachariae
1021 4924 1237 4984 Gabriel
1951 4921 2049 4978 llic
2066 4932 2193 4989 ergo
2219 4926 2524 5005 praeventus
2545 4921 2751 4990 optimo
2772 4920 2946 4977 sancti
2966 4915 3206 4988 Spiritus
3233 4919 3421 4976 dono.

322 5012 651 5084 Repromisit
678 5017 767 5085 qui
797 5024 941 5071 tuam
969 5018 1307 5081 celebrarent
1958 5012 2210 5085 Sophia!“
2243 5010 2486 5083 despexii
2511 5012 2829 5082 humanam.

316 5102 599 5177 Obsequiis
628 5107 984 5163 nativitatem.
2030 5107 2223 5163 Nactus
2250 5116 2305 5163 et
2329 5105 2653 5178 angelicam.

247 5193 315 5251 Et
340 5212 431 5267 per
463 5200 583 5253 hinc
614 5196 747 5253 festa
774 5205 971 5253 aeterna
997 5200 1190 5270 gaudia
1967 5204 2063 5264 Hic
2092 5197 2191 5253 ﬁde
2224 5200 2486 5257 subnixus
2511 5196 2725 5278 integra

316 5291 715 5363 Adipiscamur,
2036 5289 2440 5365 Redintegravit
2462 5292 2766 5353 confracta.

246 5381 355 5452 Qua
383 5384 558 5441 sancti
588 5383 682 5438 Dei
707 5384 873 5441 sacris
901 5383 1090 5443 deliciis
1968 5382 2215 5452 Incendia
2242 5384 2424 5442 carnis
2460 5381 2700 5453 edomat,

312 5475 436 5531 Laeti
468 5475 819 5544 congaudent.
2048 5480 2218 5537 Cruce
2241 5489 2505 5533 venenum
2534 5475 2763 5553 effugat.

240 5563 327 5630 Te,
359 5568 447 5636 qui
485 5579 757 5636 praeparas
789 5564 1008 5623 fidelium
1037 5579 1211 5639 corda
1974 5582 2135 5646 Vaga:
2160 5570 2360 5624 mentis
2384 5568 2715 5627 monachum
