4046 6422
523 399 660 456 1015

661 514 963 586 Discipulus
990 531 1151 586 super
1179 531 1350 588 aquas
1378 519 1541 574 siccis
1571 521 1798 591 pedibus

739 604 942 671 Currit,
972 621 1167 663 corvus
1197 610 1510 667 mandatum
1539 612 1767 684 peragit.

664 696 938 768 ingentem
967 697 1162 770 levigat
1184 707 1418 770 petram.
1442 700 1693 756 Fratrum

741 789 982 846 Revocat
1005 791 1211 860 oculos,
1234 792 1346 862 jam
1377 793 1593 851 delusus
1620 796 1851 868 ignibus.

660 883 894 953 Lapsum
922 887 1245 941 monachum
1275 901 1369 957 per
1396 877 1636 943 membra
1663 888 1848 944 tritum

738 973 845 1029 Sua
868 990 1029 1046 prece
1057 977 1338 1032 redonavit
1364 979 1576 1034 animae.

658 1066 884 1139 Culpam
910 1069 1144 1139 prodidit
1172 1071 1483 1142 praesumpti
1521 1070 1649 1136 cibi,

729 1159 797 1214 Et
821 1159 1086 1230 hospitem
1121 1171 1244 1217 nota
1271 1162 1452 1233 culpat
1488 1162 1672 1218 simili.

658 1247 855 1305 Perﬁdi
882 1251 1022 1320 regis
1044 1251 1480 1307 machinamenta

736 1340 916 1412 Sagax
945 1341 1212 1408 denudat;
1408 1331 1412 1334 ἢ

657 1433 785 1489 Post
811 1434 996 1489 decem
1024 1449 1193 1490 annos
1222 1450 1318 1506 per
1343 1435 1606 1506 Spiritum

729 1525 916 1581 Finem
941 1527 1066 1580 vita:
1100 1530 1334 1582 nuntiat.

658 1617 760 1685 Qui
789 1616 1046 1673 clericum
1078 1620 1232 1675 hoste
1257 1633 1544 1689 pervasum
1573 1620 1767 1676 liberat

727 1706 796 1762 Et
818 1707 1086 1763 cautelam
1115 1710 1422 1776 demandat,

621 1799 722 1866 Qui
751 1808 1012 1854 secretam
1039 1802 1256 1871 superbi
1282 1812 1519 1858 mentem
1543 1805 1786 1874 increpat

725 1889 904 1960 Atque
932 1888 1128 1946 famem
1151 1892 1382 1964 mitigat,

659 1982 838 2042 Verbo
859 1997 1025 2038 carne
1050 1983 1256 2040 solutas
1280 1984 1411 2056 ligat
1430 1987 1542 2057 jam

726 2075 949 2131 Animas
999 2076 1091 2132 sed
1123 2077 1351 2132 absolvit
1377 2092 1517 2148 pane
1545 2080 1795 2150 mystico.

659 2167 858 2222 Cautes
887 2167 1090 2238 absque
1115 2169 1358 2239 periculo
1383 2180 1606 2234 servant
1632 2186 1726 2225 vas

741 2259 1002 2315 Vitreum.
1031 2261 1148 2332 ipse
1179 2278 1426 2333 pressum
1456 2264 1662 2335 plangit
1690 2263 1963 2337 ieiunium,

595 2403 614 2413 ,
658 2348 786 2404 Solo
816 2349 1013 2404 intuitu
1042 2352 1293 2408 enodavit
1320 2353 1601 2416 rusticum,

659 2437 766 2493 Sed
795 2439 1171 2511 oraminejam
1203 2443 1533 2516 exstinctum

726 2525 932 2583 Rustici
967 2530 1250 2586 suscitavit
1279 2531 1448 2588 lilium

655 2619 772 2691 Ipse
801 2637 899 2678 nos
924 2623 1013 2694 pio
1045 2624 1299 2681 conciliet
1328 2624 1568 2690 Christo,

654 2711 890 2770 Poscens
919 2716 1134 2772 veniam
1171 2716 1494 2774 delictorum
1524 2727 1577 2773 et
1605 2726 1815 2789 partem

733 2803 791 2860 ln
823 2806 1022 2877 quietis
1057 2806 1297 2875 sedibus,

653 2895 710 2951 in
739 2897 936 2967 quibus
962 2899 1227 2972 gloriosus
1258 2901 1574 2974 triumphat.

537 3009 661 3065 Car.
696 3009 878 3068 XVIII.
903 3044 936 3053 -
999 3013 1067 3068 In
1091 3015 1288 3070 Natale
1309 3017 1478 3072 sancti
1499 3014 1770 3072 Laurentii
1794 3016 2067 3088 martyris.

657 3125 935 3194 Laurenti,
968 3128 1135 3184 David
1166 3133 1347 3203 magni

721 3215 927 3290 Martyr
953 3220 1217 3292 milesque
1247 3223 1423 3287 fortis.

656 3307 736 3362 Tu
768 3309 1112 3380 imperatoris
1143 3313 1398 3378 tribunal,

662 3394 744 3453 Tu
771 3415 964 3456 manus
993 3409 1256 3457 tortorum
1289 3413 1541 3459 cruentas

656 3492 943 3562 Sprevisti,
969 3502 1191 3549 secutus
1212 3494 1627 3554 desiderabilem

728 3582 904 3651 Atque
930 3597 1093 3639 manu
1119 3583 1316 3640 fortem

657 3672 758 3739 Qui
794 3673 941 3729 solus
980 3675 1156 3745 potuit
1192 3689 1360 3747 regna

727 3765 1000 3838 Superare
1026 3768 1241 3838 tyranni
1267 3769 1530 3832 crudelis;

653 3856 931 3928 Cujusque
956 3868 1178 3918 sanctus
1204 3860 1483 3932 sanguinis
1515 3862 1768 3932 prodigos

731 3949 886 4005 Facit
909 3965 1064 4007 amor
1093 3951 1292 4009 milites
1320 3953 1457 4021 ejus,

659 4044 962 4100 Dummodo
997 4043 1148 4099 illum
1181 4045 1342 4101 liceat
1369 4059 1592 4100 cernere

728 4134 1020 4206 Dispendio
1049 4135 1174 4191 vitae
1207 4136 1508 4206 praesentis.

657 4225 891 4281 Caesaris
919 4233 974 4280 tu
1004 4224 1181 4281 fasces
1207 4225 1511 4281 contemnis

737 4317 805 4371 Et
821 4315 1018 4386 iudicis
1046 4317 1220 4373 minas
1241 4315 1480 4382 derides,

660 4406 912 4462 Carnifex
943 4406 1171 4478 ungulas
1198 4416 1255 4463 et
1284 4415 1438 4462 ustor

727 4495 1056 4552 Craticulam
1087 4483 1225 4553 vane
1250 4507 1590 4552 consumunt.

662 4587 818 4643 Dolet
841 4575 1226 4659 impius‘Urbis
1250 4589 1540 4659 praefectus

732 4680 920 4736 Victus
945 4697 974 4735 a
1000 4681 1149 4752 pisce
1177 4692 1380 4749 assato,
1406 4682 1608 4742 Christi
1640 4684 1780 4748 cibo.

654 4771 866 4827 Gaudet
894 4773 1102 4828 Domini
1133 4775 1357 4829 conviva
1391 4774 1514 4830 favo

731 4862 1164 4936 Conresurgendi
1195 4881 1316 4920 cum
1350 4867 1466 4936 ipso
1493 4875 1786 4924 saturatus.

655 4957 699 5012 Ο
725 4957 1006 5023 Laurenti,
1031 4957 1264 5014 militum
1287 4958 1456 5013 David

721 5049 1078 5106 lnvictissime
1106 5051 1250 5122 regis
1275 5052 1484 5116 aeterni,

652 5141 810 5212 Apud
841 5141 988 5196 illum
1019 5142 1249 5198 servulis
1283 5143 1471 5213 ipsius.

727 5233 1031 5302 Deprecare
1064 5234 1277 5289 veniam
1309 5249 1542 5303 semper,

655 5323 875 5395 Martyr,
907 5326 1168 5397 milesque
1198 5326 1374 5382 fortis.

618 5435 748 5491 Car.
783 5434 922 5493 XIX.
955 5469 1024 5479 —
1053 5438 1120 5493 In
1146 5440 1510 5510 Assumptione
1537 5451 1732 5496 sanctw
1761 5441 1967 5497 Μανίαν.

654 5545 1007 5618 Congaudent
1035 5549 1348 5622 angelorum

721 5635 884 5695 Chori
917 5639 1165 5710 gloriosa
1191 5641 1421 5713 Virgini,

655 5730 785 5799 Quae
813 5731 930 5786 sine
964 5732 1103 5787 virili
1142 5735 1522 5790 commistione
1559 5740 1745 5807 genuit

657 5824 847 5879 Filium
881 5826 968 5893 qui
997 5841 1094 5881 suo
1118 5827 1374 5880 mundum
1399 5845 1587 5884 cruore
1613 5830 1862 5885 medical.

2129 529 2177 589 Α

1432 404 1489 458 n.
1532 405 1834 463 normam
1872 410 2163 468 BALBULI
2207 383 2281 468 s.‘
2307 411 2512 468 GALLI
2553 413 2856 501 mogacm

2347 525 2482 581 Nam
2513 527 2628 599 ipsa
2660 520 2871 586 laetatur
2896 548 3004 610 quo
3034 549 3154 590 οω..
3179 535 3292 605 jam
3349 530 3356 536 ’

2415 617 2776 690 Conspicatur
2809 625 3134 696 principem,

2345 709 2401 764 ln
2433 710 2592 767 terris
2619 713 2704 767 cui
2734 716 3002 784 quondam
3030 720 3300 790 sugendas

2415 801 2580 876 Virgo
2606 806 2873 862 mamillas
2897 809 3146 880 prmbuit.

2346 890 2520 960 Quam
2551 894 2779 952 celebris
2807 898 3014 970 angelis
3042 899 3234 969 Maria,

2420 984 2547 1041 Iesu
2575 986 2748 1045 Mater
2772 992 3037 1058 creditur,

2345 1074 2447 1142 Qui
2478 1077 2600 1134 Filii
2632 1079 2774 1137 illius
2803 1082 3016 1141 debitos

2423 1167 2495 1223 Se
2524 1182 2858 1242 cognoscunt
2880 1174 3141 1232 famulos!

2346 1257 2464 1325 Qua
2494 1259 2666 1330 gloria
2697 1263 2751 1318 in
2782 1264 2937 1321 caelis
2959 1266 3065 1322 ista
3089 1268 3256 1340 Virgo
3281 1270 3501 1340 colitur,

2344 1350 2475 1418 Quae
2500 1353 2726 1410 Domino
2753 1356 2875 1413 cteli
2902 1359 3132 1429 prtebuit
3152 1361 3451 1434 hospitium

2411 1441 2507 1498 Sui
2538 1447 2869 1504 sanctissimi
2893 1453 3154 1522 corporis.
3263 1443 3267 1446 ’

2341 1532 2516 1602 Quam
2543 1537 2822 1608 splendida
2846 1542 2970 1612 polo

2413 1625 2582 1683 Stella
2608 1630 2777 1697 maris
2813 1632 3022 1700 rutilat,

2345 1716 2476 1785 Quae
2501 1721 2741 1777 omnium
2773 1724 2955 1780 lumen
2986 1737 3272 1796 astrorum,

2419 1808 2488 1863 Et
2509 1810 2790 1868 hominum
2819 1822 2984 1885 atque
3005 1817 3292 1887 spirituum
3318 1820 3540 1892 genuit!

2347 1900 2442 1964 Te,
2479 1903 2600 1958 coeli
2623 1903 2852 1975 Regina,
2889 1908 3004 1964 haec
3026 1908 3299 1980 plebecula

2418 1991 2531 2049 Piis
2560 1996 2908 2053 concelebrat
2928 2000 3226 2075 mentibus,

2349 2082 2426 2139 Te
2454 2094 2617 2140 cantu
2646 2087 2860 2144 melodo
2897 2104 3060 2167 super
3083 2093 3289 2163 ωηιξη

2424 2175 2541 2232 Una
2569 2193 2689 2232 cum
2718 2181 2925 2252 angelis
2949 2182 3144 2239 elevat.

2347 2266 2425 2324 Te
2453 2268 2600 2335 libri,
2638 2268 2822 2342 Virgo,
2861 2275 3157 2349 concinunt

2415 2358 2831 2430 Prophetarum,
2873 2365 3072 2422 chorus
3095 2363 3292 2435 jubilat

2423 2449 2796 2517 Sacerdotum,
2827 2455 3079 2526 apostoli,
3109 2456 3425 2529 Christique

2423 2538 2692 2614 Martyres
2714 2543 3034 2614 praedicant.

2347 2631 2425 2705 Te
2454 2633 2640 2702 plebes
2665 2649 2828 2692 sexus
2856 2636 3102 2706 Sequitur
3135 2641 3436 2712 utriusque,

2415 2722 2595 2780 Vitam
2624 2725 2852 2796 diligens
2883 2726 3226 2805 virginalem,

2417 2815 2707 2872 Coelicolas
2729 2817 2783 2871 in
2809 2819 3130 2875 castimonia
3153 2821 3433 2886 gemuistis.

2347 2905 2590 2963 Ecclesia
2616 2923 2747 2980 ergo
2783 2918 2980 2965 cuncta
3008 2919 3060 2966 te
3095 2912 3370 2979 cordibus,

2419 2998 2603 3068 Teque
2629 3001 2962 3056 carminibus
2989 3002 3288 3070 celebrans,

2346 3089 2467 3146 Tibi
2495 3106 2649 3146 suam
2680 3091 2994 3150 manifestat
3023 3096 3385 3162 devotionem,

2417 3179 2650 3236 Precatu
2680 3189 2734 3237 te
2759 3182 2987 3253 supplici
3013 3185 3330 3255 implorans,
3367 3184 3536 3248 Maria
3567 3205 3583 3239 :

2353 3270 2422 3329 Ut
2472 3271 2574 3326 sibi
2610 3273 2810 3329 auxilio
2840 3275 2983 3330 circa
3013 3265 3288 3331 Christum
3326 3275 3620 3350 Dominum

2415 3361 2550 3416 Esse
2576 3361 2816 3433 digneris
2841 3379 2938 3434 per
2966 3379 3159 3419 aevum.

2373 3452 2504 3509 Car.
2540 3454 2660 3509 XX.
2685 3486 2754 3495 ——
2775 3455 2842 3510 In
2867 3456 3155 3512 Nativitale
3181 3467 3378 3513 sancite
3403 3457 3614 3514 Maria.

2349 3545 2531 3618 Stirpe
2559 3546 2727 3602 Maria
2765 3549 2910 3620 regia

2414 3639 2708 3696 Procreata
2733 3655 2914 3712 regem
2951 3657 3222 3712 generans
3245 3643 3430 3698 Jesum

2345 3730 2529 3786 Laude
2551 3730 2769 3803 dignum
2799 3732 3113 3804 angelorum
3135 3744 3467 3800 sanctorum,

2346 3821 2414 3877 Et
2442 3837 2545 3879 nos
2575 3831 2891 3893 peccatores
2919 3823 3015 3880 tibi
3040 3824 3264 3882 devotos

2420 3913 2636 3969 Intuere
2664 3913 2916 3984 benigna.

2343 4004 2423 4062 Tu
2447 4006 2565 4076 pios
2587 4005 2812 4061 Patrum
2842 4020 3023 4062 mores
3049 4014 3290 4062 ostentas

2415 4097 2473 4152 ln
2501 4105 2572 4161 te,
2603 4097 2698 4155 sed
2724 4096 2944 4153 excellis
2980 4097 3219 4153 eosdem.

2345 4189 2526 4244 Patris
2555 4189 2630 4243 tui
2658 4187 2964 4245 Salomonis

2416 4279 2475 4334 ln
2503 4288 2556 4334 te
2593 4279 2736 4335 lucet
2762 4278 2973 4349 sophia,

2348 4372 2416 4443 Et
2436 4371 2686 4426 Ezechiae
2711 4369 2850 4440 apud
2881 4369 3052 4424 Deum
3083 4385 3179 4425 cor
3200 4378 3429 4436 rectum,

2416 4460 2524 4516 Sed
2549 4474 2825 4531 nunquam
2847 4459 2904 4526 in
2931 4467 2982 4514 te
3006 4457 3480 4530 corrumpendum.

2347 4548 2523 4604 Patris
2547 4548 2708 4605 Josire
2739 4547 3050 4619 adimplevit

2416 4638 2494 4696 Te
2518 4639 2859 4710 religiositas,

2350 4733 2559 4789 Summi
2581 4732 2742 4788 etiam
2771 4731 3098 4802 patriarcha}.
3129 4738 3178 4785 te
3209 4728 3340 4784 fides

2418 4822 2612 4878 Totam
2651 4821 2892 4892 possedit
2930 4821 3102 4893 patris
3129 4819 3224 4874 tui.

2347 4913 2454 4970 Sed
2476 4912 2604 4982 quid
2639 4927 2739 4967 nos
2767 4911 2900 4967 istos
2923 4924 3268 4967 recensemus
3289 4908 3520 4973 heroas;

2347 5004 2481 5059 Cum
2511 5013 2634 5060 tuus
2660 5012 2831 5058 natus’
2855 5019 3046 5059 omnes
3068 5001 3342 5074 praecellat
3372 5001 3491 5057 illos

2420 5097 2595 5166 Atque
2624 5103 2850 5151 cunctos
2883 5111 2981 5166 per
3006 5094 3230 5151 orbem?

2352 5193 2458 5249 Nos
2487 5192 2589 5247 bac
2623 5191 2711 5246 die
2742 5191 2839 5247 tibi
2868 5199 3120 5263 gregatos
3149 5205 3326 5252 serva,

2425 5283 2604 5353 Virgo,
2636 5282 2690 5335 in
2712 5281 2886 5337 lucem
2911 5281 3099 5336 mundi
3133 5296 3240 5351 qua

2419 5375 2654 5434 Pt‘odisti
2679 5375 2926 5445 paritura
2952 5374 3214 5431 cmlorum
3245 5367 3448 5428 lumen.

2411 5467 2540 5522 Car.
2573 5463 2713 5519 XXI.
2744 5496 2813 5504 —
2841 5463 2916 5519 De
2943 5473 3126 5518 sancto
3171 5461 3575 5517 Emmerammo.

2350 5557 2602 5614 Gaudens
2631 5555 2871 5612 Ecclesia

2419 5649 2569 5720 Hanc
2597 5647 2861 5703 dieculam
2899 5647 3210 5703 venerando
3248 5644 3508 5710 celebret.

2418 5740 2594 5810 Atque
2615 5747 2776 5794 canat
2811 5739 2934 5794 altis
2967 5738 3213 5801 vocibus,

2345 5836 2458 5901 Qua
2499 5833 2690 5889 beatus
2716 5833 2893 5903 superi
2926 5831 3222 5902 promeruit

3656 428 3799 488 κισ
