  <div class='ocr_page' id='page_1' title='image "/cluster/home/n/w/nwhite01/storage/ocr_20150623/131/hvd.32044015471725/514.png"; bbox 0 0 4046 6420; ppageno 0'>
   <div class='ocr_carea' id='block_1_1' title="bbox 222 429 363 488">
    <p class='ocr_par' dir='ltr' id='par_1_1' title="bbox 222 429 363 488">
     <span class='ocr_line' id='line_1_1' title="bbox 222 429 363 488; baseline 0 -1"><span class='ocrx_word' id='word_1_1' title='bbox 222 429 363 488; x_wconf 74' lang='grc'><strong>1017</strong></span> 
     </span>
    </p>
   </div>
   <div class='ocr_carea' id='block_1_2' title="bbox 436 545 1494 617">
    <p class='ocr_par' dir='ltr' id='par_1_2' title="bbox 436 545 1494 617">
     <span class='ocr_line' id='line_1_2' title="bbox 436 545 1494 617; baseline 0.007 -18"><span class='ocrx_word' id='word_1_2' title='bbox 436 545 622 616; x_wconf 80' lang='lat' dir='ltr'><strong>Regna</strong></span> <span class='ocrx_word' id='word_1_3' title='bbox 660 546 823 617; x_wconf 87' lang='lat' dir='ltr'><strong>Regis</strong></span> <span class='ocrx_word' id='word_1_4' title='bbox 858 548 1036 604; x_wconf 89' lang='lat' dir='ltr'><strong>lucida</strong></span> <span class='ocrx_word' id='word_1_5' title='bbox 1064 549 1494 607; x_wconf 84' lang='lat' dir='ltr'><strong>Emmerammus</strong></span> 
     </span>
    </p>
   </div>
   <div class='ocr_carea' id='block_1_3' title="bbox 434 635 901 694">
    <p class='ocr_par' dir='ltr' id='par_1_3' title="bbox 434 635 901 694">
     <span class='ocr_line' id='line_1_3' title="bbox 434 635 901 694; baseline 0.011 -5"><span class='ocrx_word' id='word_1_6' title='bbox 434 635 591 691; x_wconf 87' lang='lat' dir='ltr'><strong>Flatu</strong></span> <span class='ocrx_word' id='word_1_7' title='bbox 622 639 901 694; x_wconf 84' lang='lat' dir='ltr'><strong>scandere.</strong></span> 
     </span>
    </p>
   </div>
   <div class='ocr_carea' id='block_1_4' title="bbox 367 724 1455 800">
    <p class='ocr_par' dir='ltr' id='par_1_4' title="bbox 367 724 1455 800">
     <span class='ocr_line' id='line_1_4' title="bbox 367 724 1455 800; baseline 0.006 -21"><span class='ocrx_word' id='word_1_8' title='bbox 367 724 540 793; x_wconf 86' lang='lat' dir='ltr'><strong>Quem</strong></span> <span class='ocrx_word' id='word_1_9' title='bbox 571 740 739 783; x_wconf 89' lang='lat' dir='ltr'><strong>carne</strong></span> <span class='ocrx_word' id='word_1_10' title='bbox 767 736 945 784; x_wconf 83' lang='lat' dir='ltr'><strong>mater</strong></span> <span class='ocrx_word' id='word_1_11' title='bbox 964 730 1204 785; x_wconf 82' lang='lat' dir='ltr'><strong>Pictavis</strong></span> <span class='ocrx_word' id='word_1_12' title='bbox 1234 731 1455 800; x_wconf 88' lang='lat' dir='ltr'><strong>gravida</strong></span> 
     </span>
    </p>
   </div>
   <div class='ocr_carea' id='block_1_5' title="bbox 447 813 1454 887">
    <p class='ocr_par' dir='ltr' id='par_1_5' title="bbox 447 813 1454 887">
     <span class='ocr_line' id='line_1_5' title="bbox 447 813 1454 887; baseline 0.008 -20"><span class='ocrx_word' id='word_1_13' title='bbox 447 813 743 871; x_wconf 75' lang='lat' dir='ltr'><strong>Civitatum</strong></span> <span class='ocrx_word' id='word_1_14' title='bbox 772 817 1103 887; x_wconf 58' lang='lat' dir='ltr'><strong>Aquitania},</strong></span> <span class='ocrx_word' id='word_1_15' title='bbox 1138 819 1454 877; x_wconf 80' lang='lat' dir='ltr'><strong>felicissima</strong></span> 
     </span>
    </p>
   </div>
   <div class='ocr_carea' id='block_1_6' title="bbox 438 904 1474 974">
    <p class='ocr_par' dir='ltr' id='par_1_6' title="bbox 438 904 1474 974">
     <span class='ocr_line' id='line_1_6' title="bbox 438 904 1474 974; baseline 0.005 -14"><span class='ocrx_word' id='word_1_16' title='bbox 438 904 716 974; x_wconf 89' lang='lat' dir='ltr'><strong>Omnium,</strong></span> <span class='ocrx_word' id='word_1_17' title='bbox 749 909 909 964; x_wconf 78' lang='lat' dir='ltr'><strong>enixa</strong></span> <span class='ocrx_word' id='word_1_18' title='bbox 939 919 1025 966; x_wconf 90' lang='lat' dir='ltr'><strong>est</strong></span> <span class='ocrx_word' id='word_1_19' title='bbox 1051 911 1262 967; x_wconf 87' lang='lat' dir='ltr'><strong>dulcem</strong></span> <span class='ocrx_word' id='word_1_20' title='bbox 1287 912 1474 967; x_wconf 84' lang='lat' dir='ltr'><strong>lilium.</strong></span> 
     </span>
    </p>
   </div>
   <div class='ocr_carea' id='block_1_7' title="bbox 365 996 1387 1074">
    <p class='ocr_par' dir='ltr' id='par_1_7' title="bbox 365 996 1387 1074">
     <span class='ocr_line' id='line_1_7' title="bbox 365 996 1387 1074; baseline 0.009 -23"><span class='ocrx_word' id='word_1_21' title='bbox 365 996 469 1065; x_wconf 86' lang='lat' dir='ltr'><strong>Qui</strong></span> <span class='ocrx_word' id='word_1_22' title='bbox 513 997 629 1068; x_wconf 89' lang='lat' dir='ltr'><strong>ipsa</strong></span> <span class='ocrx_word' id='word_1_23' title='bbox 655 1002 901 1070; x_wconf 86' lang='lat' dir='ltr'><strong>pueritiae</strong></span> <span class='ocrx_word' id='word_1_24' title='bbox 929 1011 1171 1074; x_wconf 87' lang='lat' dir='ltr'><strong>tempora</strong></span> <span class='ocrx_word' id='word_1_25' title='bbox 1206 1019 1387 1060; x_wconf 82' lang='lat' dir='ltr'><strong>rerum</strong></span> 
     </span>
    </p>
   </div>
   <div class='ocr_carea' id='block_1_8' title="bbox 444 1088 1470 1163">
    <p class='ocr_par' dir='ltr' id='par_1_8' title="bbox 444 1088 1470 1163">
     <span class='ocr_line' id='line_1_8' title="bbox 444 1088 1470 1163; baseline 0.009 -20"><span class='ocrx_word' id='word_1_26' title='bbox 444 1088 668 1161; x_wconf 89' lang='lat' dir='ltr'><strong>Quoque</strong></span> <span class='ocrx_word' id='word_1_27' title='bbox 694 1092 1026 1150; x_wconf 78' lang='lat' dir='ltr'><strong>refutaverat</strong></span> <span class='ocrx_word' id='word_1_28' title='bbox 1050 1098 1470 1163; x_wconf 85' lang='lat' dir='ltr'><strong>transeuntium,</strong></span> 
     </span>
    </p>
   </div>
   <div class='ocr_carea' id='block_1_9' title="bbox 439 1180 1427 1255">
    <p class='ocr_par' dir='ltr' id='par_1_9' title="bbox 439 1180 1427 1255">
     <span class='ocr_line' id='line_1_9' title="bbox 439 1180 1427 1255; baseline 0.006 -18"><span class='ocrx_word' id='word_1_29' title='bbox 439 1180 647 1239; x_wconf 86' lang='lat' dir='ltr'><strong>Gaudia</strong></span> <span class='ocrx_word' id='word_1_30' title='bbox 681 1185 992 1241; x_wconf 88' lang='lat' dir='ltr'><strong>meditando</strong></span> <span class='ocrx_word' id='word_1_31' title='bbox 1014 1185 1128 1255; x_wconf 87' lang='lat' dir='ltr'><strong>jam</strong></span> <span class='ocrx_word' id='word_1_32' title='bbox 1165 1190 1427 1250; x_wconf 83' lang='lat' dir='ltr'><strong>coelestia.</strong></span> 
     </span>
    </p>
   </div>
   <div class='ocr_carea' id='block_1_10' title="bbox 372 1272 1385 1351">
    <p class='ocr_par' dir='ltr' id='par_1_10' title="bbox 372 1272 1385 1351">
     <span class='ocr_line' id='line_1_10' title="bbox 372 1272 1385 1351; baseline 0.009 -24"><span class='ocrx_word' id='word_1_33' title='bbox 372 1272 508 1327; x_wconf 86' lang='lat' dir='ltr'><strong>Tum</strong></span> <span class='ocrx_word' id='word_1_34' title='bbox 534 1273 670 1330; x_wconf 86' lang='lat' dir='ltr'><strong>stola</strong></span> <span class='ocrx_word' id='word_1_35' title='bbox 693 1275 879 1347; x_wconf 71' lang='lat' dir='ltr'><strong>gloria:</strong></span> <span class='ocrx_word' id='word_1_36' title='bbox 908 1286 1162 1351; x_wconf 87' lang='lat' dir='ltr'><strong>teguntur</strong></span> <span class='ocrx_word' id='word_1_37' title='bbox 1187 1281 1326 1336; x_wconf 90' lang='lat' dir='ltr'><strong>colla</strong></span> <span class='ocrx_word' id='word_1_38' title='bbox 1380 1306 1385 1317; x_wconf 73' lang='grc' dir='ltr'>ι</span> 
     </span>
    </p>
   </div>
   <div class='ocr_carea' id='block_1_11' title="bbox 438 1364 1431 1440">
    <p class='ocr_par' dir='ltr' id='par_1_11' title="bbox 438 1364 1431 1440">
     <span class='ocr_line' id='line_1_11' title="bbox 438 1364 1431 1440; baseline 0.007 -20"><span class='ocrx_word' id='word_1_39' title='bbox 438 1364 723 1436; x_wconf 90' lang='lat' dir='ltr'><strong>Speciosa,</strong></span> <span class='ocrx_word' id='word_1_40' title='bbox 748 1368 878 1423; x_wconf 87' lang='lat' dir='ltr'><strong>huic</strong></span> <span class='ocrx_word' id='word_1_41' title='bbox 902 1377 957 1424; x_wconf 88' lang='lat' dir='ltr'><strong>et</strong></span> <span class='ocrx_word' id='word_1_42' title='bbox 980 1379 1141 1440; x_wconf 89' lang='lat' dir='ltr'><strong>caput</strong></span> <span class='ocrx_word' id='word_1_43' title='bbox 1178 1379 1234 1426; x_wconf 91' lang='lat' dir='ltr'><strong>et</strong></span> <span class='ocrx_word' id='word_1_44' title='bbox 1270 1373 1431 1427; x_wconf 88' lang='lat' dir='ltr'><strong>corda</strong></span> 
     </span>
    </p>
   </div>
   <div class='ocr_carea' id='block_1_12' title="bbox 440 1457 1435 1535">
    <p class='ocr_par' dir='ltr' id='par_1_12' title="bbox 440 1457 1435 1535">
     <span class='ocr_line' id='line_1_12' title="bbox 440 1457 1435 1535; baseline 0.005 -21"><span class='ocrx_word' id='word_1_45' title='bbox 440 1457 710 1531; x_wconf 87' lang='lat' dir='ltr'><strong>Spiritalis</strong></span> <span class='ocrx_word' id='word_1_46' title='bbox 733 1462 915 1518; x_wconf 84' lang='lat' dir='ltr'><strong>unctio</strong></span> <span class='ocrx_word' id='word_1_47' title='bbox 942 1479 1068 1518; x_wconf 82' lang='lat' dir='ltr'><strong>mox</strong></span> <span class='ocrx_word' id='word_1_48' title='bbox 1100 1464 1435 1535; x_wconf 85' lang='lat' dir='ltr'><strong>impleverat.</strong></span> 
     </span>
    </p>
   </div>
   <div class='ocr_carea' id='block_1_13' title="bbox 372 1549 1408 1626">
    <p class='ocr_par' dir='ltr' id='par_1_13' title="bbox 372 1549 1408 1626">
     <span class='ocr_line' id='line_1_13' title="bbox 372 1549 1408 1626; baseline 0.007 -21"><span class='ocrx_word' id='word_1_49' title='bbox 372 1549 543 1618; x_wconf 87' lang='lat' dir='ltr'><strong>Quem</strong></span> <span class='ocrx_word' id='word_1_50' title='bbox 577 1552 691 1607; x_wconf 90' lang='lat' dir='ltr'><strong>suis</strong></span> <span class='ocrx_word' id='word_1_51' title='bbox 714 1553 906 1609; x_wconf 91' lang='lat' dir='ltr'><strong>ovibus</strong></span> <span class='ocrx_word' id='word_1_52' title='bbox 925 1565 1200 1625; x_wconf 87' lang='lat' dir='ltr'><strong>pastorem</strong></span> <span class='ocrx_word' id='word_1_53' title='bbox 1224 1565 1408 1626; x_wconf 91' lang='lat' dir='ltr'><strong>pastor</strong></span> 
     </span>
    </p>
   </div>
   <div class='ocr_carea' id='block_1_14' title="bbox 444 1648 1428 1719">
    <p class='ocr_par' dir='ltr' id='par_1_14' title="bbox 444 1648 1428 1719">
     <span class='ocr_line' id='line_1_14' title="bbox 444 1648 1428 1719; baseline -0.001 -15"><span class='ocrx_word' id='word_1_54' title='bbox 444 1648 801 1719; x_wconf 86' lang='lat' dir='ltr'><strong>Subrogarat,</strong></span> <span class='ocrx_word' id='word_1_55' title='bbox 826 1665 895 1707; x_wconf 90' lang='lat' dir='ltr'><strong>ne</strong></span> <span class='ocrx_word' id='word_1_56' title='bbox 921 1662 1259 1707; x_wconf 80' lang='lat' dir='ltr'><strong>mansuetum</strong></span> <span class='ocrx_word' id='word_1_57' title='bbox 1286 1652 1428 1708; x_wconf 88' lang='lat' dir='ltr'><strong>ovile</strong></span> 
     </span>
    </p>
   </div>
   <div class='ocr_carea' id='block_1_15' title="bbox 445 1740 1299 1815">
    <p class='ocr_par' dir='ltr' id='par_1_15' title="bbox 445 1740 1299 1815">
     <span class='ocr_line' id='line_1_15' title="bbox 445 1740 1299 1815; baseline 0.001 -18"><span class='ocrx_word' id='word_1_58' title='bbox 445 1740 716 1799; x_wconf 89' lang='lat' dir='ltr'><strong>Circuiret</strong></span> <span class='ocrx_word' id='word_1_59' title='bbox 739 1744 933 1800; x_wconf 88' lang='lat' dir='ltr'><strong>callide</strong></span> <span class='ocrx_word' id='word_1_60' title='bbox 964 1745 1077 1815; x_wconf 91' lang='lat' dir='ltr'><strong>lupi</strong></span> <span class='ocrx_word' id='word_1_61' title='bbox 1104 1746 1299 1801; x_wconf 88' lang='lat' dir='ltr'><strong>rabies.</strong></span> 
     </span>
    </p>
   </div>
   <div class='ocr_carea' id='block_1_16' title="bbox 374 1831 1333 1908">
    <p class='ocr_par' dir='ltr' id='par_1_16' title="bbox 374 1831 1333 1908">
     <span class='ocr_line' id='line_1_16' title="bbox 374 1831 1333 1908; baseline 0.004 -21"><span class='ocrx_word' id='word_1_62' title='bbox 374 1831 525 1889; x_wconf 88' lang='lat' dir='ltr'><strong>Tunc</strong></span> <span class='ocrx_word' id='word_1_63' title='bbox 560 1833 827 1891; x_wconf 88' lang='lat' dir='ltr'><strong>instructo</strong></span> <span class='ocrx_word' id='word_1_64' title='bbox 853 1851 1015 1908; x_wconf 90' lang='lat' dir='ltr'><strong>grege</strong></span> <span class='ocrx_word' id='word_1_65' title='bbox 1039 1837 1333 1893; x_wconf 86' lang='lat' dir='ltr'><strong>commisso</strong></span> 
     </span>
    </p>
   </div>
   <div class='ocr_carea' id='block_1_17' title="bbox 442 1925 1251 1997">
    <p class='ocr_par' dir='ltr' id='par_1_17' title="bbox 442 1925 1251 1997">
     <span class='ocr_line' id='line_1_17' title="bbox 442 1925 1251 1997; baseline 0.005 -17"><span class='ocrx_word' id='word_1_66' title='bbox 442 1925 694 1982; x_wconf 84' lang='lat' dir='ltr'><strong>Accinxit</strong></span> <span class='ocrx_word' id='word_1_67' title='bbox 718 1928 800 1983; x_wconf 78' lang='lat' dir='ltr'><strong>vir</strong></span> <span class='ocrx_word' id='word_1_68' title='bbox 823 1944 944 1985; x_wconf 87' lang='lat' dir='ltr'><strong>sese</strong></span> <span class='ocrx_word' id='word_1_69' title='bbox 971 1929 1251 1997; x_wconf 88' lang='lat' dir='ltr'><strong>alacriter,</strong></span> 
     </span>
    </p>
   </div>
   <div class='ocr_carea' id='block_1_18' title="bbox 447 2016 1160 2077">
    <p class='ocr_par' dir='ltr' id='par_1_18' title="bbox 447 2016 1160 2077">
     <span class='ocr_line' id='line_1_18' title="bbox 447 2016 1160 2077; baseline 0.007 -6"><span class='ocrx_word' id='word_1_70' title='bbox 447 2016 638 2073; x_wconf 91' lang='lat' dir='ltr'><strong>Studio</strong></span> <span class='ocrx_word' id='word_1_71' title='bbox 659 2019 923 2075; x_wconf 87' lang='lat' dir='ltr'><strong>dilatandi</strong></span> <span class='ocrx_word' id='word_1_72' title='bbox 952 2021 1160 2077; x_wconf 89' lang='lat' dir='ltr'><strong>semina</strong></span> 
     </span>
    </p>
   </div>
   <div class='ocr_carea' id='block_1_19' title="bbox 445 2105 1117 2181">
    <p class='ocr_par' dir='ltr' id='par_1_19' title="bbox 445 2105 1117 2181">
     <span class='ocr_line' id='line_1_19' title="bbox 445 2105 1117 2181; baseline 0.007 -21"><span class='ocrx_word' id='word_1_73' title='bbox 445 2105 597 2165; x_wconf 86' lang='lat' dir='ltr'><strong>Fidei</strong></span> <span class='ocrx_word' id='word_1_74' title='bbox 625 2110 681 2164; x_wconf 88' lang='lat' dir='ltr'><strong>in</strong></span> <span class='ocrx_word' id='word_1_75' title='bbox 704 2125 896 2181; x_wconf 92' lang='lat' dir='ltr'><strong>campo</strong></span> <span class='ocrx_word' id='word_1_76' title='bbox 926 2113 1117 2169; x_wconf 89' lang='lat' dir='ltr'><strong>sterili.</strong></span> 
     </span>
    </p>
   </div>
   <div class='ocr_carea' id='block_1_20' title="bbox 374 2199 1261 2276">
    <p class='ocr_par' dir='ltr' id='par_1_20' title="bbox 374 2199 1261 2276">
     <span class='ocr_line' id='line_1_20' title="bbox 374 2199 1261 2276; baseline 0.006 -21"><span class='ocrx_word' id='word_1_77' title='bbox 374 2199 465 2255; x_wconf 90' lang='lat' dir='ltr'><strong>Sic</strong></span> <span class='ocrx_word' id='word_1_78' title='bbox 487 2215 782 2272; x_wconf 89' lang='lat' dir='ltr'><strong>peragrans</strong></span> <span class='ocrx_word' id='word_1_79' title='bbox 804 2203 920 2260; x_wconf 93' lang='lat' dir='ltr'><strong>loca</strong></span> <span class='ocrx_word' id='word_1_80' title='bbox 944 2204 1055 2273; x_wconf 89' lang='lat' dir='ltr'><strong>jam</strong></span> <span class='ocrx_word' id='word_1_81' title='bbox 1088 2205 1261 2276; x_wconf 88' lang='lat' dir='ltr'><strong>plura,</strong></span> 
     </span>
    </p>
   </div>
   <div class='ocr_carea' id='block_1_21' title="bbox 446 2289 1385 2363">
    <p class='ocr_par' dir='ltr' id='par_1_21' title="bbox 446 2289 1385 2363">
     <span class='ocr_line' id='line_1_21' title="bbox 446 2289 1385 2363; baseline 0.009 -21"><span class='ocrx_word' id='word_1_82' title='bbox 446 2289 513 2343; x_wconf 83' lang='lat' dir='ltr'><strong>Et</strong></span> <span class='ocrx_word' id='word_1_83' title='bbox 550 2289 801 2359; x_wconf 87' lang='lat' dir='ltr'><strong>linquens</strong></span> <span class='ocrx_word' id='word_1_84' title='bbox 831 2293 1029 2363; x_wconf 90' lang='lat' dir='ltr'><strong>ubique</strong></span> <span class='ocrx_word' id='word_1_85' title='bbox 1068 2295 1385 2351; x_wconf 84' lang='lat' dir='ltr'><strong>memoriam</strong></span> 
     </span>
    </p>
   </div>
   <div class='ocr_carea' id='block_1_22' title="bbox 448 2378 1359 2454">
    <p class='ocr_par' dir='ltr' id='par_1_22' title="bbox 448 2378 1359 2454">
     <span class='ocr_line' id='line_1_22' title="bbox 448 2378 1359 2454; baseline 0.009 -21"><span class='ocrx_word' id='word_1_86' title='bbox 448 2378 704 2449; x_wconf 89' lang='lat' dir='ltr'><strong>Suavem,</strong></span> <span class='ocrx_word' id='word_1_87' title='bbox 728 2382 1108 2454; x_wconf 84' lang='lat' dir='ltr'><strong>Radasponam</strong></span> <span class='ocrx_word' id='word_1_88' title='bbox 1134 2395 1359 2441; x_wconf 89' lang='lat' dir='ltr'><strong>venerat</strong></span> 
     </span>
    </p>
   </div>
   <div class='ocr_carea' id='block_1_23' title="bbox 452 2472 1256 2547">
    <p class='ocr_par' dir='ltr' id='par_1_23' title="bbox 452 2472 1256 2547">
     <span class='ocr_line' id='line_1_23' title="bbox 452 2472 1256 2547; baseline 0.009 -22"><span class='ocrx_word' id='word_1_89' title='bbox 452 2472 532 2527; x_wconf 87' lang='lat' dir='ltr'><strong>Ad</strong></span> <span class='ocrx_word' id='word_1_90' title='bbox 554 2474 736 2530; x_wconf 87' lang='lat' dir='ltr'><strong>sedem</strong></span> <span class='ocrx_word' id='word_1_91' title='bbox 760 2476 997 2547; x_wconf 88' lang='lat' dir='ltr'><strong>regalem</strong></span> <span class='ocrx_word' id='word_1_92' title='bbox 1028 2476 1256 2533; x_wconf 80' lang='lat' dir='ltr'><strong>Noricae.</strong></span> 
     </span>
    </p>
   </div>
   <div class='ocr_carea' id='block_1_24' title="bbox 374 2562 1385 2635">
    <p class='ocr_par' dir='ltr' id='par_1_24' title="bbox 374 2562 1385 2635">
     <span class='ocr_line' id='line_1_24' title="bbox 374 2562 1385 2635; baseline 0.005 -17"><span class='ocrx_word' id='word_1_93' title='bbox 374 2562 419 2618; x_wconf 92' lang='grc' dir='ltr'>Ο</span> <span class='ocrx_word' id='word_1_94' title='bbox 452 2578 613 2633; x_wconf 90' lang='lat' dir='ltr'><strong>quam</strong></span> <span class='ocrx_word' id='word_1_95' title='bbox 640 2579 774 2635; x_wconf 87' lang='lat' dir='ltr'><strong>gens</strong></span> <span class='ocrx_word' id='word_1_96' title='bbox 805 2566 1098 2633; x_wconf 79' lang='lat' dir='ltr'><strong>fortunata,</strong></span> <span class='ocrx_word' id='word_1_97' title='bbox 1133 2567 1224 2621; x_wconf 82' lang='lat' dir='ltr'><strong>tali</strong></span> <span class='ocrx_word' id='word_1_98' title='bbox 1258 2576 1385 2623; x_wconf 89' lang='lat' dir='ltr'><strong>tunc</strong></span> 
     </span>
    </p>
   </div>
   <div class='ocr_carea' id='block_1_25' title="bbox 450 2653 1362 2726">
    <p class='ocr_par' dir='ltr' id='par_1_25' title="bbox 450 2653 1362 2726">
     <span class='ocr_line' id='line_1_25' title="bbox 450 2653 1362 2726; baseline 0.007 -20"><span class='ocrx_word' id='word_1_99' title='bbox 450 2653 743 2726; x_wconf 74' lang='lat' dir='ltr'><strong>Peregrina</strong></span> <span class='ocrx_word' id='word_1_100' title='bbox 777 2658 1136 2713; x_wconf 87' lang='lat' dir='ltr'><strong>ministrando</strong></span> <span class='ocrx_word' id='word_1_101' title='bbox 1166 2667 1362 2723; x_wconf 90' lang='lat' dir='ltr'><strong>terrea,</strong></span> 
     </span>
    </p>
   </div>
   <div class='ocr_carea' id='block_1_26' title="bbox 447 2743 1384 2820">
    <p class='ocr_par' dir='ltr' id='par_1_26' title="bbox 447 2743 1384 2820">
     <span class='ocr_line' id='line_1_26' title="bbox 447 2743 1384 2820; baseline 0.002 -21"><span class='ocrx_word' id='word_1_102' title='bbox 447 2743 548 2811; x_wconf 88' lang='lat' dir='ltr'><strong>Qui</strong></span> <span class='ocrx_word' id='word_1_103' title='bbox 582 2754 633 2801; x_wconf 91' lang='lat' dir='ltr'><strong>te</strong></span> <span class='ocrx_word' id='word_1_104' title='bbox 658 2757 906 2816; x_wconf 88' lang='lat' dir='ltr'><strong>pasceret</strong></span> <span class='ocrx_word' id='word_1_105' title='bbox 944 2748 1168 2819; x_wconf 88' lang='lat' dir='ltr'><strong>spiritali</strong></span> <span class='ocrx_word' id='word_1_106' title='bbox 1198 2749 1384 2820; x_wconf 84' lang='lat' dir='ltr'><strong>copia!</strong></span> 
     </span>
    </p>
   </div>
   <div class='ocr_carea' id='block_1_27' title="bbox 376 2837 1329 2908">
    <p class='ocr_par' dir='ltr' id='par_1_27' title="bbox 376 2837 1329 2908">
     <span class='ocr_line' id='line_1_27' title="bbox 376 2837 1329 2908; baseline 0.006 -17"><span class='ocrx_word' id='word_1_107' title='bbox 376 2837 494 2908; x_wconf 86' lang='lat' dir='ltr'><strong>Ipse</strong></span> <span class='ocrx_word' id='word_1_108' title='bbox 516 2847 568 2894; x_wconf 91' lang='lat' dir='ltr'><strong>te</strong></span> <span class='ocrx_word' id='word_1_109' title='bbox 600 2840 944 2908; x_wconf 76' lang='lat' dir='ltr'><strong>confortavit,</strong></span> <span class='ocrx_word' id='word_1_110' title='bbox 987 2840 1107 2896; x_wconf 84' lang='lat' dir='ltr'><strong>fuso</strong></span> <span class='ocrx_word' id='word_1_111' title='bbox 1133 2856 1329 2897; x_wconf 91' lang='lat' dir='ltr'><strong>cruore</strong></span> 
     </span>
    </p>
   </div>
   <div class='ocr_carea' id='block_1_28' title="bbox 380 2929 1286 3000">
    <p class='ocr_par' dir='ltr' id='par_1_28' title="bbox 380 2929 1286 3000">
     <span class='ocr_line' id='line_1_28' title="bbox 380 2929 1286 3000; baseline 0.008 -16"><span class='ocrx_word' id='word_1_112' title='bbox 380 2929 511 2995; x_wconf 87' lang='lat' dir='ltr'><strong>Suo,</strong></span> <span class='ocrx_word' id='word_1_113' title='bbox 541 2941 597 2987; x_wconf 88' lang='lat' dir='ltr'><strong>et</strong></span> <span class='ocrx_word' id='word_1_114' title='bbox 629 2934 843 2989; x_wconf 83' lang='lat' dir='ltr'><strong>ornavit</strong></span> <span class='ocrx_word' id='word_1_115' title='bbox 869 2934 1107 3000; x_wconf 89' lang='lat' dir='ltr'><strong>tumulo,</strong></span> <span class='ocrx_word' id='word_1_116' title='bbox 1143 2950 1286 2991; x_wconf 91' lang='lat' dir='ltr'><strong>nunc</strong></span> 
     </span>
    </p>
   </div>
   <div class='ocr_carea' id='block_1_29' title="bbox 446 3022 1379 3092">
    <p class='ocr_par' dir='ltr' id='par_1_29' title="bbox 446 3022 1379 3092">
     <span class='ocr_line' id='line_1_29' title="bbox 446 3022 1379 3092; baseline 0.003 -17"><span class='ocrx_word' id='word_1_117' title='bbox 446 3022 807 3091; x_wconf 82' lang='lat' dir='ltr'><strong>Amplectitur</strong></span> <span class='ocrx_word' id='word_1_118' title='bbox 834 3023 1140 3092; x_wconf 89' lang='lat' dir='ltr'><strong>adjuvando</strong></span> <span class='ocrx_word' id='word_1_119' title='bbox 1171 3025 1379 3081; x_wconf 91' lang='lat' dir='ltr'><strong>sedulo.</strong></span> 
     </span>
    </p>
   </div>
   <div class='ocr_carea' id='block_1_30' title="bbox 379 3112 1411 3173">
    <p class='ocr_par' dir='ltr' id='par_1_30' title="bbox 379 3112 1411 3173">
     <span class='ocr_line' id='line_1_30' title="bbox 379 3112 1411 3173; baseline 0.005 -5"><span class='ocrx_word' id='word_1_120' title='bbox 379 3112 509 3169; x_wconf 90' lang='lat' dir='ltr'><strong>Nam</strong></span> <span class='ocrx_word' id='word_1_121' title='bbox 543 3116 614 3169; x_wconf 90' lang='lat' dir='ltr'><strong>ad</strong></span> <span class='ocrx_word' id='word_1_122' title='bbox 652 3115 853 3172; x_wconf 90' lang='lat' dir='ltr'><strong>lectum</strong></span> <span class='ocrx_word' id='word_1_123' title='bbox 880 3116 1023 3173; x_wconf 92' lang='lat' dir='ltr'><strong>illius</strong></span> <span class='ocrx_word' id='word_1_124' title='bbox 1053 3118 1180 3173; x_wconf 87' lang='lat' dir='ltr'><strong>caeci</strong></span> <span class='ocrx_word' id='word_1_125' title='bbox 1209 3117 1411 3173; x_wconf 88' lang='lat' dir='ltr'><strong>lumine</strong></span> 
     </span>
    </p>
   </div>
   <div class='ocr_carea' id='block_1_31' title="bbox 448 3202 1358 3274">
    <p class='ocr_par' dir='ltr' id='par_1_31' title="bbox 448 3202 1358 3274">
     <span class='ocr_line' id='line_1_31' title="bbox 448 3202 1358 3274; baseline 0.004 -15"><span class='ocrx_word' id='word_1_126' title='bbox 448 3202 606 3261; x_wconf 84' lang='lat' dir='ltr'><strong>Clam</strong></span> <span class='ocrx_word' id='word_1_127' title='bbox 637 3206 818 3262; x_wconf 90' lang='lat' dir='ltr'><strong>videre</strong></span> <span class='ocrx_word' id='word_1_128' title='bbox 843 3206 1047 3274; x_wconf 90' lang='lat' dir='ltr'><strong>solent;</strong></span> <span class='ocrx_word' id='word_1_129' title='bbox 1076 3222 1266 3263; x_wconf 86' lang='lat' dir='ltr'><strong>vocem</strong></span> <span class='ocrx_word' id='word_1_130' title='bbox 1352 3205 1358 3209; x_wconf 73' lang='grc'><em>’</em></span> 
     </span>
    </p>
   </div>
   <div class='ocr_carea' id='block_1_32' title="bbox 457 3296 1207 3369">
    <p class='ocr_par' dir='ltr' id='par_1_32' title="bbox 457 3296 1207 3369">
     <span class='ocr_line' id='line_1_32' title="bbox 457 3296 1207 3369; baseline 0.004 -19"><span class='ocrx_word' id='word_1_131' title='bbox 457 3296 725 3353; x_wconf 84' lang='lat' dir='ltr'><strong>Hauriunt</strong></span> <span class='ocrx_word' id='word_1_132' title='bbox 747 3300 896 3355; x_wconf 89' lang='lat' dir='ltr'><strong>surdi</strong></span> <span class='ocrx_word' id='word_1_133' title='bbox 920 3299 1207 3369; x_wconf 76' lang='lat' dir='ltr'><strong>liQuidam;</strong></span> 
     </span>
    </p>
   </div>
   <div class='ocr_carea' id='block_1_33' title="bbox 384 3389 1356 3463">
    <p class='ocr_par' dir='ltr' id='par_1_33' title="bbox 384 3389 1356 3463">
     <span class='ocr_line' id='line_1_33' title="bbox 384 3389 1356 3463; baseline 0.005 -20"><span class='ocrx_word' id='word_1_134' title='bbox 384 3389 654 3446; x_wconf 90' lang='lat' dir='ltr'><strong>Restituto</strong></span> <span class='ocrx_word' id='word_1_135' title='bbox 684 3390 889 3447; x_wconf 89' lang='lat' dir='ltr'><strong>debiles</strong></span> <span class='ocrx_word' id='word_1_136' title='bbox 914 3401 1079 3447; x_wconf 89' lang='lat' dir='ltr'><strong>ovant</strong></span> <span class='ocrx_word' id='word_1_137' title='bbox 1101 3407 1356 3463; x_wconf 88' lang='lat' dir='ltr'><strong>corpore;</strong></span> 
     </span>
    </p>
   </div>
   <div class='ocr_carea' id='block_1_34' title="bbox 454 3481 1182 3551">
    <p class='ocr_par' dir='ltr' id='par_1_34' title="bbox 454 3481 1182 3551">
     <span class='ocr_line' id='line_1_34' title="bbox 454 3481 1182 3551; baseline 0 -12"><span class='ocrx_word' id='word_1_138' title='bbox 454 3481 591 3540; x_wconf 86' lang='lat' dir='ltr'><strong>Salit</strong></span> <span class='ocrx_word' id='word_1_139' title='bbox 613 3493 672 3539; x_wconf 95' lang='lat' dir='ltr'><strong>ut</strong></span> <span class='ocrx_word' id='word_1_140' title='bbox 691 3500 883 3541; x_wconf 90' lang='lat' dir='ltr'><strong>cervus</strong></span> <span class='ocrx_word' id='word_1_141' title='bbox 920 3484 1182 3551; x_wconf 88' lang='lat' dir='ltr'><strong>claudus;</strong></span> 
     </span>
    </p>
   </div>
   <div class='ocr_carea' id='block_1_35' title="bbox 455 3577 1213 3649">
    <p class='ocr_par' dir='ltr' id='par_1_35' title="bbox 455 3577 1213 3649">
     <span class='ocr_line' id='line_1_35' title="bbox 455 3577 1213 3649; baseline 0 -18"><span class='ocrx_word' id='word_1_142' title='bbox 455 3578 823 3633; x_wconf 69' lang='lat' dir='ltr'><strong>Daemoniacus</strong></span> <span class='ocrx_word' id='word_1_143' title='bbox 845 3578 981 3633; x_wconf 89' lang='lat' dir='ltr'><strong>liber</strong></span> <span class='ocrx_word' id='word_1_144' title='bbox 997 3577 1213 3649; x_wconf 78' lang='lat' dir='ltr'><strong>jubilat.</strong></span> 
     </span>
    </p>
   </div>
   <div class='ocr_carea' id='block_1_36' title="bbox 383 3667 1475 3741">
    <p class='ocr_par' dir='ltr' id='par_1_36' title="bbox 383 3667 1475 3741">
     <span class='ocr_line' id='line_1_36' title="bbox 383 3667 1475 3741; baseline 0.002 -20"><span class='ocrx_word' id='word_1_145' title='bbox 383 3667 526 3722; x_wconf 87' lang='lat' dir='ltr'><strong>Laus</strong></span> <span class='ocrx_word' id='word_1_146' title='bbox 558 3681 687 3741; x_wconf 85' lang='lat' dir='ltr'><strong>ergo</strong></span> <span class='ocrx_word' id='word_1_147' title='bbox 716 3676 970 3737; x_wconf 86' lang='lat' dir='ltr'><strong>personet</strong></span> <span class='ocrx_word' id='word_1_148' title='bbox 1011 3667 1081 3723; x_wconf 89' lang='lat' dir='ltr'><strong>ab</strong></span> <span class='ocrx_word' id='word_1_149' title='bbox 1110 3684 1206 3723; x_wconf 86' lang='lat' dir='ltr'><strong>ore</strong></span> <span class='ocrx_word' id='word_1_150' title='bbox 1234 3683 1475 3724; x_wconf 89' lang='lat' dir='ltr'><strong>consono</strong></span> 
     </span>
    </p>
   </div>
   <div class='ocr_carea' id='block_1_37' title="bbox 456 3763 1442 3834">
    <p class='ocr_par' dir='ltr' id='par_1_37' title="bbox 456 3763 1442 3834">
     <span class='ocr_line' id='line_1_37' title="bbox 456 3763 1442 3834; baseline 0.001 -16"><span class='ocrx_word' id='word_1_151' title='bbox 456 3763 787 3833; x_wconf 78' lang='lat' dir='ltr'><strong>Principum,</strong></span> <span class='ocrx_word' id='word_1_152' title='bbox 814 3778 877 3819; x_wconf 90' lang='lat' dir='ltr'><strong>ac</strong></span> <span class='ocrx_word' id='word_1_153' title='bbox 897 3764 1134 3833; x_wconf 89' lang='lat' dir='ltr'><strong>plebium</strong></span> <span class='ocrx_word' id='word_1_154' title='bbox 1163 3780 1263 3834; x_wconf 91' lang='lat' dir='ltr'><strong>pro</strong></span> <span class='ocrx_word' id='word_1_155' title='bbox 1292 3773 1442 3819; x_wconf 90' lang='lat' dir='ltr'><strong>tanto</strong></span> 
     </span>
    </p>
   </div>
   <div class='ocr_carea' id='block_1_38' title="bbox 456 3854 973 3924">
    <p class='ocr_par' dir='ltr' id='par_1_38' title="bbox 456 3854 973 3924">
     <span class='ocr_line' id='line_1_38' title="bbox 456 3854 973 3924; baseline 0.008 -17"><span class='ocrx_word' id='word_1_156' title='bbox 456 3854 734 3910; x_wconf 62' lang='lat' dir='ltr'><strong>Medicinae</strong></span> <span class='ocrx_word' id='word_1_157' title='bbox 757 3856 973 3924; x_wconf 88' lang='lat' dir='ltr'><strong>gaudio.</strong></span> 
     </span>
    </p>
   </div>
   <div class='ocr_carea' id='block_1_39' title="bbox 386 3932 1578 4020">
    <p class='ocr_par' dir='ltr' id='par_1_39' title="bbox 386 3932 1578 4020">
     <span class='ocr_line' id='line_1_39' title="bbox 386 3932 1578 4020; baseline -0.001 -17"><span class='ocrx_word' id='word_1_158' title='bbox 386 3946 690 4019; x_wconf 91' lang='lat' dir='ltr'><strong>Cunctique</strong></span> <span class='ocrx_word' id='word_1_159' title='bbox 719 3932 929 4019; x_wconf 84' lang='lat' dir='ltr'><strong>pariter</strong></span> <span class='ocrx_word' id='word_1_160' title='bbox 954 3962 1241 4020; x_wconf 85' lang='lat' dir='ltr'><strong>precemur</strong></span> <span class='ocrx_word' id='word_1_161' title='bbox 1264 3950 1578 4016; x_wconf 88' lang='lat' dir='ltr'><strong>Dominum,</strong></span> 
     </span>
    </p>
   </div>
   <div class='ocr_carea' id='block_1_40' title="bbox 456 4037 1332 4111">
    <p class='ocr_par' dir='ltr' id='par_1_40' title="bbox 456 4037 1332 4111">
     <span class='ocr_line' id='line_1_40' title="bbox 456 4037 1332 4111; baseline 0.005 -20"><span class='ocrx_word' id='word_1_162' title='bbox 456 4037 733 4105; x_wconf 84' lang='lat' dir='ltr'><strong>Quatenus</strong></span> <span class='ocrx_word' id='word_1_163' title='bbox 755 4042 1053 4097; x_wconf 88' lang='lat' dir='ltr'><strong>concedere</strong></span> <span class='ocrx_word' id='word_1_164' title='bbox 1079 4041 1332 4111; x_wconf 84' lang='lat' dir='ltr'><strong>dignetur</strong></span> 
     </span>
    </p>
   </div>
   <div class='ocr_carea' id='block_1_41' title="bbox 457 4129 982 4203">
    <p class='ocr_par' dir='ltr' id='par_1_41' title="bbox 457 4129 982 4203">
     <span class='ocr_line' id='line_1_41' title="bbox 457 4129 982 4203; baseline 0.006 -19"><span class='ocrx_word' id='word_1_165' title='bbox 457 4129 566 4185; x_wconf 86' lang='lat' dir='ltr'><strong>Nos</strong></span> <span class='ocrx_word' id='word_1_166' title='bbox 602 4132 763 4200; x_wconf 91' lang='lat' dir='ltr'><strong>potiri</strong></span> <span class='ocrx_word' id='word_1_167' title='bbox 796 4131 982 4203; x_wconf 84' lang='lat' dir='ltr'><strong>requie</strong></span> 
     </span>
    </p>
   </div>
   <div class='ocr_carea' id='block_1_42' title="bbox 390 4221 1619 4292">
    <p class='ocr_par' dir='ltr' id='par_1_42' title="bbox 390 4221 1619 4292">
     <span class='ocr_line' id='line_1_42' title="bbox 390 4221 1619 4292; baseline 0.002 -16"><span class='ocrx_word' id='word_1_168' title='bbox 390 4221 525 4277; x_wconf 90' lang='lat' dir='ltr'><strong>Cum</strong></span> <span class='ocrx_word' id='word_1_169' title='bbox 557 4222 961 4279; x_wconf 82' lang='lat' dir='ltr'><strong>Emmerammo</strong></span> <span class='ocrx_word' id='word_1_170' title='bbox 981 4223 1093 4292; x_wconf 87' lang='lat' dir='ltr'><strong>jam</strong></span> <span class='ocrx_word' id='word_1_171' title='bbox 1120 4225 1243 4279; x_wconf 73' lang='lat' dir='ltr'><strong>coeli</strong></span> <span class='ocrx_word' id='word_1_172' title='bbox 1270 4225 1397 4281; x_wconf 89' lang='lat' dir='ltr'><strong>sede</strong></span> <span class='ocrx_word' id='word_1_173' title='bbox 1424 4226 1619 4281; x_wconf 83' lang='lat' dir='ltr'><strong>locato.</strong></span> 
     </span>
    </p>
   </div>
   <div class='ocr_carea' id='block_1_43' title="bbox 465 4352 1621 4411">
    <p class='ocr_par' dir='ltr' id='par_1_43' title="bbox 465 4352 1621 4411">
     <span class='ocr_line' id='line_1_43' title="bbox 465 4352 1621 4411; baseline 0 -4"><span class='ocrx_word' id='word_1_174' title='bbox 465 4353 591 4407; x_wconf 75' lang='lat' dir='ltr'><strong>CAP.</strong></span> <span class='ocrx_word' id='word_1_175' title='bbox 623 4352 785 4408; x_wconf 84' lang='lat' dir='ltr'><strong>XXII.</strong></span> <span class='ocrx_word' id='word_1_176' title='bbox 816 4384 883 4393; x_wconf 95' lang='lat'><strong>—</strong></span> <span class='ocrx_word' id='word_1_177' title='bbox 912 4353 979 4409; x_wconf 85' lang='lat' dir='ltr'><strong>In</strong></span> <span class='ocrx_word' id='word_1_178' title='bbox 1006 4353 1345 4411; x_wconf 85' lang='lat' dir='ltr'><strong>Dedicatione</strong></span> <span class='ocrx_word' id='word_1_179' title='bbox 1368 4354 1621 4410; x_wconf 67' lang='lat' dir='ltr'><strong>ecclesiaa.</strong></span> 
     </span>
    </p>
   </div>
   <div class='ocr_carea' id='block_1_44' title="bbox 390 4488 1071 4546">
    <p class='ocr_par' dir='ltr' id='par_1_44' title="bbox 390 4488 1071 4546">
     <span class='ocr_line' id='line_1_44' title="bbox 390 4488 1071 4546; baseline 0.004 -4"><span class='ocrx_word' id='word_1_180' title='bbox 390 4488 595 4544; x_wconf 88' lang='lat' dir='ltr'><strong>Psallat</strong></span> <span class='ocrx_word' id='word_1_181' title='bbox 624 4489 863 4546; x_wconf 86' lang='lat' dir='ltr'><strong>Ecclesia</strong></span> <span class='ocrx_word' id='word_1_182' title='bbox 893 4500 1071 4545; x_wconf 88' lang='lat' dir='ltr'><strong>mater</strong></span> 
     </span>
    </p>
   </div>
   <div class='ocr_carea' id='block_1_45' title="bbox 460 4578 1267 4652">
    <p class='ocr_par' dir='ltr' id='par_1_45' title="bbox 460 4578 1267 4652">
     <span class='ocr_line' id='line_1_45' title="bbox 460 4578 1267 4652; baseline 0.002 -19"><span class='ocrx_word' id='word_1_183' title='bbox 460 4578 690 4647; x_wconf 88' lang='lat' dir='ltr'><strong>Illibata,</strong></span> <span class='ocrx_word' id='word_1_184' title='bbox 720 4592 775 4637; x_wconf 93' lang='lat' dir='ltr'><strong>et</strong></span> <span class='ocrx_word' id='word_1_185' title='bbox 809 4582 963 4651; x_wconf 90' lang='lat' dir='ltr'><strong>virgo</strong></span> <span class='ocrx_word' id='word_1_186' title='bbox 994 4582 1111 4637; x_wconf 89' lang='lat' dir='ltr'><strong>sine</strong></span> <span class='ocrx_word' id='word_1_187' title='bbox 1138 4598 1267 4652; x_wconf 87' lang='lat' dir='ltr'><strong>ruga</strong></span> 
     </span>
    </p>
   </div>
   <div class='ocr_carea' id='block_1_46' title="bbox 463 4671 1223 4741">
    <p class='ocr_par' dir='ltr' id='par_1_46' title="bbox 463 4671 1223 4741">
     <span class='ocr_line' id='line_1_46' title="bbox 463 4671 1223 4741; baseline -0.001 -15"><span class='ocrx_word' id='word_1_188' title='bbox 463 4671 735 4727; x_wconf 82' lang='lat' dir='ltr'><strong>Honorem</strong></span> <span class='ocrx_word' id='word_1_189' title='bbox 768 4671 927 4741; x_wconf 85' lang='lat' dir='ltr'><strong>hujus</strong></span> <span class='ocrx_word' id='word_1_190' title='bbox 963 4672 1223 4727; x_wconf 65' lang='lat' dir='ltr'><strong>ecclesiae.</strong></span> 
     </span>
    </p>
   </div>
   <div class='ocr_carea' id='block_1_47' title="bbox 390 4764 1161 4820">
    <p class='ocr_par' dir='ltr' id='par_1_47' title="bbox 390 4764 1161 4820">
     <span class='ocr_line' id='line_1_47' title="bbox 390 4764 1161 4820; baseline -0.003 -1"><span class='ocrx_word' id='word_1_191' title='bbox 390 4764 518 4819; x_wconf 70' lang='lat' dir='ltr'><strong>Haec</strong></span> <span class='ocrx_word' id='word_1_192' title='bbox 548 4765 739 4820; x_wconf 93' lang='lat' dir='ltr'><strong>domus</strong></span> <span class='ocrx_word' id='word_1_193' title='bbox 761 4764 897 4820; x_wconf 72' lang='lat' dir='ltr'><strong>aulae</strong></span> <span class='ocrx_word' id='word_1_194' title='bbox 924 4764 1161 4820; x_wconf 76' lang='lat' dir='ltr'><strong>caelestis</strong></span> 
     </span>
    </p>
   </div>
   <div class='ocr_carea' id='block_1_48' title="bbox 461 4855 1043 4926">
    <p class='ocr_par' dir='ltr' id='par_1_48' title="bbox 461 4855 1043 4926">
     <span class='ocr_line' id='line_1_48' title="bbox 461 4855 1043 4926; baseline -0.002 -16"><span class='ocrx_word' id='word_1_195' title='bbox 461 4855 729 4910; x_wconf 89' lang='lat' dir='ltr'><strong>Probatur</strong></span> <span class='ocrx_word' id='word_1_196' title='bbox 751 4856 1043 4926; x_wconf 89' lang='lat' dir='ltr'><strong>particeps.</strong></span> 
     </span>
    </p>
   </div>
   <div class='ocr_carea' id='block_1_49' title="bbox 396 4947 1122 5018">
    <p class='ocr_par' dir='ltr' id='par_1_49' title="bbox 396 4947 1122 5018">
     <span class='ocr_line' id='line_1_49' title="bbox 396 4947 1122 5018; baseline 0 -17"><span class='ocrx_word' id='word_1_197' title='bbox 396 4947 453 5001; x_wconf 91' lang='lat' dir='ltr'><strong>In</strong></span> <span class='ocrx_word' id='word_1_198' title='bbox 476 4948 636 5003; x_wconf 89' lang='lat' dir='ltr'><strong>laude</strong></span> <span class='ocrx_word' id='word_1_199' title='bbox 662 4948 806 5018; x_wconf 88' lang='lat' dir='ltr'><strong>regis</strong></span> <span class='ocrx_word' id='word_1_200' title='bbox 836 4948 1122 5011; x_wconf 62' lang='lat' dir='ltr'><strong>caelorum,</strong></span> 
     </span>
    </p>
   </div>
   <div class='ocr_carea' id='block_1_50' title="bbox 468 5040 915 5104">
    <p class='ocr_par' dir='ltr' id='par_1_50' title="bbox 468 5040 915 5104">
     <span class='ocr_line' id='line_1_50' title="bbox 468 5040 915 5104; baseline 0.002 -11"><span class='ocrx_word' id='word_1_201' title='bbox 468 5040 536 5093; x_wconf 89' lang='lat' dir='ltr'><strong>Et</strong></span> <span class='ocrx_word' id='word_1_202' title='bbox 554 5040 915 5104; x_wconf 64' lang='lat' dir='ltr'><strong>caeremoniis,</strong></span> 
     </span>
    </p>
   </div>
   <div class='ocr_carea' id='block_1_51' title="bbox 397 5129 1266 5205">
    <p class='ocr_par' dir='ltr' id='par_1_51' title="bbox 397 5129 1266 5205">
     <span class='ocr_line' id='line_1_51' title="bbox 397 5129 1266 5205; baseline -0.002 -20"><span class='ocrx_word' id='word_1_203' title='bbox 397 5129 465 5185; x_wconf 87' lang='lat' dir='ltr'><strong>Et</strong></span> <span class='ocrx_word' id='word_1_204' title='bbox 494 5129 694 5185; x_wconf 88' lang='lat' dir='ltr'><strong>lumine</strong></span> <span class='ocrx_word' id='word_1_205' title='bbox 719 5130 976 5185; x_wconf 89' lang='lat' dir='ltr'><strong>continuo</strong></span> <span class='ocrx_word' id='word_1_206' title='bbox 1005 5129 1266 5205; x_wconf 58' lang='lat' dir='ltr'><strong>aemulam.</strong></span> 
     </span>
    </p>
   </div>
   <div class='ocr_carea' id='block_1_52' title="bbox 482 5219 1190 5286">
    <p class='ocr_par' dir='ltr' id='par_1_52' title="bbox 482 5219 1190 5286">
     <span class='ocr_line' id='line_1_52' title="bbox 482 5219 1190 5286; baseline 0 -11"><span class='ocrx_word' id='word_1_207' title='bbox 482 5219 767 5275; x_wconf 87' lang='lat' dir='ltr'><strong>Civitatem</strong></span> <span class='ocrx_word' id='word_1_208' title='bbox 795 5221 911 5276; x_wconf 92' lang='lat' dir='ltr'><strong>sine</strong></span> <span class='ocrx_word' id='word_1_209' title='bbox 932 5221 1190 5286; x_wconf 89' lang='lat' dir='ltr'><strong>tenebris,</strong></span> 
     </span>
    </p>
   </div>
   <div class='ocr_carea' id='block_1_53' title="bbox 400 5312 1378 5383">
    <p class='ocr_par' dir='ltr' id='par_1_53' title="bbox 400 5312 1378 5383">
     <span class='ocr_line' id='line_1_53' title="bbox 400 5312 1378 5383; baseline 0.001 -16"><span class='ocrx_word' id='word_1_210' title='bbox 400 5312 469 5368; x_wconf 91' lang='lat' dir='ltr'><strong>Et</strong></span> <span class='ocrx_word' id='word_1_211' title='bbox 495 5328 723 5382; x_wconf 87' lang='lat' dir='ltr'><strong>corpora</strong></span> <span class='ocrx_word' id='word_1_212' title='bbox 763 5314 816 5368; x_wconf 91' lang='lat' dir='ltr'><strong>in</strong></span> <span class='ocrx_word' id='word_1_213' title='bbox 846 5312 1059 5383; x_wconf 89' lang='lat' dir='ltr'><strong>gremio</strong></span> <span class='ocrx_word' id='word_1_214' title='bbox 1085 5312 1378 5368; x_wconf 87' lang='lat' dir='ltr'><strong>confovens</strong></span> 
     </span>
    </p>
   </div>
   <div class='ocr_carea' id='block_1_54' title="bbox 474 5404 1424 5475">
    <p class='ocr_par' dir='ltr' id='par_1_54' title="bbox 474 5404 1424 5475">
     <span class='ocr_line' id='line_1_54' title="bbox 474 5404 1424 5475; baseline -0.002 -16"><span class='ocrx_word' id='word_1_215' title='bbox 474 5405 791 5460; x_wconf 86' lang='lat' dir='ltr'><strong>Animarum</strong></span> <span class='ocrx_word' id='word_1_216' title='bbox 814 5421 936 5475; x_wconf 71' lang='lat' dir='ltr'><strong>qua:</strong></span> <span class='ocrx_word' id='word_1_217' title='bbox 963 5405 1014 5459; x_wconf 91' lang='lat' dir='ltr'><strong>in</strong></span> <span class='ocrx_word' id='word_1_218' title='bbox 1045 5404 1185 5459; x_wconf 74' lang='lat' dir='ltr'><strong>cmlo</strong></span> <span class='ocrx_word' id='word_1_219' title='bbox 1220 5404 1424 5459; x_wconf 89' lang='lat' dir='ltr'><strong>vivunt.</strong></span> 
     </span>
    </p>
   </div>
   <div class='ocr_carea' id='block_1_55' title="bbox 406 5496 1203 5567">
    <p class='ocr_par' dir='ltr' id='par_1_55' title="bbox 406 5496 1203 5567">
     <span class='ocr_line' id='line_1_55' title="bbox 406 5496 1203 5567; baseline 0 -17"><span class='ocrx_word' id='word_1_220' title='bbox 406 5496 578 5564; x_wconf 89' lang='lat' dir='ltr'><strong>Quam</strong></span> <span class='ocrx_word' id='word_1_221' title='bbox 608 5496 797 5551; x_wconf 81' lang='lat' dir='ltr'><strong>dextra</strong></span> <span class='ocrx_word' id='word_1_222' title='bbox 828 5505 1077 5567; x_wconf 87' lang='lat' dir='ltr'><strong>protegat</strong></span> <span class='ocrx_word' id='word_1_223' title='bbox 1108 5496 1203 5552; x_wconf 91' lang='lat' dir='ltr'><strong>Dei</strong></span> 
     </span>
    </p>
   </div>
   <div class='ocr_carea' id='block_1_56' title="bbox 404 5589 1133 5661">
    <p class='ocr_par' dir='ltr' id='par_1_56' title="bbox 404 5589 1133 5661">
     <span class='ocr_line' id='line_1_56' title="bbox 404 5589 1133 5661; baseline 0 -18"><span class='ocrx_word' id='word_1_224' title='bbox 404 5590 486 5644; x_wconf 85' lang='lat' dir='ltr'><strong>Ad</strong></span> <span class='ocrx_word' id='word_1_225' title='bbox 510 5589 721 5645; x_wconf 90' lang='lat' dir='ltr'><strong>laudem</strong></span> <span class='ocrx_word' id='word_1_226' title='bbox 749 5590 918 5661; x_wconf 91' lang='lat' dir='ltr'><strong>ipsius</strong></span> <span class='ocrx_word' id='word_1_227' title='bbox 946 5591 1057 5645; x_wconf 93' lang='lat' dir='ltr'><strong>diu.</strong></span> <span class='ocrx_word' id='word_1_228' title='bbox 1130 5654 1133 5655; x_wconf 19' lang='grc' dir='ltr'><em>ν</em></span> 
     </span>
    </p>
   </div>
   <div class='ocr_carea' id='block_1_57' title="bbox 409 5679 1392 5753">
    <p class='ocr_par' dir='ltr' id='par_1_57' title="bbox 409 5679 1392 5753">
     <span class='ocr_line' id='line_1_57' title="bbox 409 5679 1392 5753; baseline 0.002 -18"><span class='ocrx_word' id='word_1_229' title='bbox 409 5679 508 5735; x_wconf 86' lang='lat' dir='ltr'><strong>llic</strong></span> <span class='ocrx_word' id='word_1_230' title='bbox 536 5696 728 5735; x_wconf 86' lang='lat' dir='ltr'><strong>novam</strong></span> <span class='ocrx_word' id='word_1_231' title='bbox 752 5682 956 5751; x_wconf 90' lang='lat' dir='ltr'><strong>prolem</strong></span> <span class='ocrx_word' id='word_1_232' title='bbox 988 5682 1159 5753; x_wconf 87' lang='lat' dir='ltr'><strong>gratia</strong></span> <span class='ocrx_word' id='word_1_233' title='bbox 1188 5682 1392 5752; x_wconf 85' lang='lat' dir='ltr'><strong>parturi</strong></span> 
     </span>
    </p>
   </div>
   <div class='ocr_carea' id='block_1_58' title="bbox 480 5770 1232 5844">
    <p class='ocr_par' dir='ltr' id='par_1_58' title="bbox 480 5770 1232 5844">
     <span class='ocr_line' id='line_1_58' title="bbox 480 5770 1232 5844; baseline 0.004 -20"><span class='ocrx_word' id='word_1_234' title='bbox 480 5770 730 5827; x_wconf 86' lang='lat' dir='ltr'><strong>Fecunda</strong></span> <span class='ocrx_word' id='word_1_235' title='bbox 768 5772 975 5844; x_wconf 88' lang='lat' dir='ltr'><strong>Spiritu</strong></span> <span class='ocrx_word' id='word_1_236' title='bbox 1012 5782 1232 5837; x_wconf 89' lang='lat' dir='ltr'><strong>sancto;</strong></span> 
     </span>
    </p>
   </div>
   <div class='ocr_carea' id='block_1_59' title="bbox 410 5860 1297 5933">
    <p class='ocr_par' dir='ltr' id='par_1_59' title="bbox 410 5860 1297 5933">
     <span class='ocr_line' id='line_1_59' title="bbox 410 5860 1297 5933; baseline 0.006 -19"><span class='ocrx_word' id='word_1_237' title='bbox 410 5860 600 5933; x_wconf 73' lang='lat' dir='ltr'><strong>Angeli</strong></span> <span class='ocrx_word' id='word_1_238' title='bbox 631 5862 779 5920; x_wconf 89' lang='lat' dir='ltr'><strong>cives</strong></span> <span class='ocrx_word' id='word_1_239' title='bbox 808 5862 1030 5921; x_wconf 87' lang='lat' dir='ltr'><strong>visitant</strong></span> <span class='ocrx_word' id='word_1_240' title='bbox 1059 5863 1147 5919; x_wconf 87' lang='lat' dir='ltr'><strong>hic</strong></span> <span class='ocrx_word' id='word_1_241' title='bbox 1170 5878 1297 5919; x_wconf 90' lang='lat' dir='ltr'><strong>suos</strong></span> 
     </span>
    </p>
   </div>
   <div class='ocr_carea' id='block_1_60' title="bbox 1839 555 1893 615">
    <p class='ocr_par' dir='ltr' id='par_1_60' title="bbox 1839 555 1893 615">
     <span class='ocr_line' id='line_1_60' title="bbox 1839 555 1893 615; baseline 0 0"><span class='ocrx_word' id='word_1_242' title='bbox 1839 555 1893 615; x_wconf 83' lang='grc' dir='ltr'><strong>Λ</strong></span> 
     </span>
    </p>
   </div>
   <div class='ocr_carea' id='block_1_61' title="bbox 1847 1920 1896 1981">
    <p class='ocr_par' dir='ltr' id='par_1_61' title="bbox 1847 1920 1896 1981">
     <span class='ocr_line' id='line_1_61' title="bbox 1847 1920 1896 1981; baseline 0 0"><span class='ocrx_word' id='word_1_243' title='bbox 1847 1920 1896 1981; x_wconf 84' lang='lat' dir='ltr'><strong>B</strong></span> 
     </span>
    </p>
   </div>
   <div class='ocr_carea' id='block_1_62' title="bbox 1877 2473 1915 2505">
    <p class='ocr_par' dir='ltr' id='par_1_62' title="bbox 1877 2473 1915 2505">
     <span class='ocr_line' id='line_1_62' title="bbox 1877 2473 1915 2505; baseline 0 -3"><span class='ocrx_word' id='word_1_244' title='bbox 1877 2473 1915 2505; x_wconf 46' lang='grc' dir='ltr'><strong>ἢ</strong></span> 
     </span>
    </p>
   </div>
   <div class='ocr_carea' id='block_1_63' title="bbox 1462 438 2268 508">
    <p class='ocr_par' dir='ltr' id='par_1_63' title="bbox 1462 438 2268 508">
     <span class='ocr_line' id='line_1_63' title="bbox 1462 438 2268 508; baseline 0.007 -15"><span class='ocrx_word' id='word_1_245' title='bbox 1462 438 1659 493; x_wconf 81' lang='lat' dir='ltr'><strong>LIBER</strong></span> <span class='ocrx_word' id='word_1_246' title='bbox 1705 438 2268 508; x_wconf 80' lang='lat' dir='ltr'><strong>SEQUENTIARUM.</strong></span> 
     </span>
    </p>
   </div>
   <div class='ocr_carea' id='block_1_64' title="bbox 2129 556 2818 628">
    <p class='ocr_par' dir='ltr' id='par_1_64' title="bbox 2129 556 2818 628">
     <span class='ocr_line' id='line_1_64' title="bbox 2129 556 2818 628; baseline 0.004 -18"><span class='ocrx_word' id='word_1_247' title='bbox 2129 556 2196 610; x_wconf 90' lang='lat' dir='ltr'><strong>Et</strong></span> <span class='ocrx_word' id='word_1_248' title='bbox 2216 573 2412 628; x_wconf 88' lang='lat' dir='ltr'><strong>corpus</strong></span> <span class='ocrx_word' id='word_1_249' title='bbox 2441 560 2671 613; x_wconf 91' lang='lat' dir='ltr'><strong>sumitur</strong></span> <span class='ocrx_word' id='word_1_250' title='bbox 2694 558 2818 615; x_wconf 88' lang='lat' dir='ltr'><strong>Jcsu</strong></span> 
     </span>
    </p>
   </div>
   <div class='ocr_carea' id='block_1_65' title="bbox 2058 645 3037 720">
    <p class='ocr_par' dir='ltr' id='par_1_65' title="bbox 2058 645 3037 720">
     <span class='ocr_line' id='line_1_65' title="bbox 2058 645 3037 720; baseline 0.005 -21"><span class='ocrx_word' id='word_1_251' title='bbox 2058 645 2289 718; x_wconf 89' lang='lat' dir='ltr'><strong>Fugiunt</strong></span> <span class='ocrx_word' id='word_1_252' title='bbox 2322 649 2570 704; x_wconf 86' lang='lat' dir='ltr'><strong>universa</strong></span> <span class='ocrx_word' id='word_1_253' title='bbox 2595 651 2810 720; x_wconf 84' lang='lat' dir='ltr'><strong>corpori</strong></span> <span class='ocrx_word' id='word_1_254' title='bbox 2837 666 3007 706; x_wconf 89' lang='lat' dir='ltr'><strong>nocua</strong></span> <span class='ocrx_word' id='word_1_255' title='bbox 3024 694 3037 717; x_wconf 91' lang='lat'><strong>,</strong></span> 
     </span>
    </p>
   </div>
   <div class='ocr_carea' id='block_1_66' title="bbox 2055 736 3145 809">
    <p class='ocr_par' dir='ltr' id='par_1_66' title="bbox 2055 736 3145 809">
     <span class='ocr_line' id='line_1_66' title="bbox 2055 736 3145 809; baseline 0.006 -18"><span class='ocrx_word' id='word_1_256' title='bbox 2055 736 2290 793; x_wconf 90' lang='lat' dir='ltr'><strong>Pereunt</strong></span> <span class='ocrx_word' id='word_1_257' title='bbox 2316 740 2633 809; x_wconf 89' lang='lat' dir='ltr'><strong>pcccatricis</strong></span> <span class='ocrx_word' id='word_1_258' title='bbox 2661 742 2855 797; x_wconf 69' lang='lat' dir='ltr'><strong>anima:</strong></span> <span class='ocrx_word' id='word_1_259' title='bbox 2882 741 3145 807; x_wconf 89' lang='lat' dir='ltr'><strong>crimina;</strong></span> 
     </span>
    </p>
   </div>
   <div class='ocr_carea' id='block_1_67' title="bbox 2054 829 2815 902">
    <p class='ocr_par' dir='ltr' id='par_1_67' title="bbox 2054 829 2815 902">
     <span class='ocr_line' id='line_1_67' title="bbox 2054 829 2815 902; baseline 0.005 -19"><span class='ocrx_word' id='word_1_260' title='bbox 2054 829 2153 885; x_wconf 89' lang='lat' dir='ltr'><strong>Ilic</strong></span> <span class='ocrx_word' id='word_1_261' title='bbox 2173 846 2275 886; x_wconf 80' lang='lat' dir='ltr'><strong>vox</strong></span> <span class='ocrx_word' id='word_1_262' title='bbox 2304 830 2502 887; x_wconf 62' lang='lat' dir='ltr'><strong>latitia:</strong></span> <span class='ocrx_word' id='word_1_263' title='bbox 2527 843 2815 902; x_wconf 89' lang='lat' dir='ltr'><strong>personat;</strong></span> 
     </span>
    </p>
   </div>
   <div class='ocr_carea' id='block_1_68' title="bbox 2052 912 2948 993">
    <p class='ocr_par' dir='ltr' id='par_1_68' title="bbox 2052 912 2948 993">
     <span class='ocr_line' id='line_1_68' title="bbox 2052 912 2948 993; baseline 0.003 -19"><span class='ocrx_word' id='word_1_264' title='bbox 2052 918 2152 975; x_wconf 82' lang='lat' dir='ltr'><strong>Hic</strong></span> <span class='ocrx_word' id='word_1_265' title='bbox 2177 912 2279 990; x_wconf 72' lang='lat' dir='ltr'><strong>pa’x</strong></span> <span class='ocrx_word' id='word_1_266' title='bbox 2305 928 2361 976; x_wconf 92' lang='lat' dir='ltr'><strong>et</strong></span> <span class='ocrx_word' id='word_1_267' title='bbox 2396 923 2588 993; x_wconf 89' lang='lat' dir='ltr'><strong>gaudia</strong></span> <span class='ocrx_word' id='word_1_268' title='bbox 2628 922 2948 979; x_wconf 86' lang='lat' dir='ltr'><strong>redundant.</strong></span> 
     </span>
    </p>
   </div>
   <div class='ocr_carea' id='block_1_69' title="bbox 2058 1013 2799 1081">
    <p class='ocr_par' dir='ltr' id='par_1_69' title="bbox 2058 1013 2799 1081">
     <span class='ocr_line' id='line_1_69' title="bbox 2058 1013 2799 1081; baseline 0.004 -13"><span class='ocrx_word' id='word_1_269' title='bbox 2058 1013 2173 1068; x_wconf 80' lang='lat' dir='ltr'><strong>Hac</strong></span> <span class='ocrx_word' id='word_1_270' title='bbox 2204 1014 2364 1069; x_wconf 89' lang='lat' dir='ltr'><strong>domo</strong></span> <span class='ocrx_word' id='word_1_271' title='bbox 2387 1014 2637 1069; x_wconf 89' lang='lat' dir='ltr'><strong>Trinitati</strong></span> <span class='ocrx_word' id='word_1_272' title='bbox 2658 1016 2799 1081; x_wconf 90' lang='lat' dir='ltr'><strong>laus,</strong></span> 
     </span>
    </p>
   </div>
   <div class='ocr_carea' id='block_1_70' title="bbox 2128 1104 2937 1178">
    <p class='ocr_par' dir='ltr' id='par_1_70' title="bbox 2128 1104 2937 1178">
     <span class='ocr_line' id='line_1_70' title="bbox 2128 1104 2937 1178; baseline 0.002 -19"><span class='ocrx_word' id='word_1_273' title='bbox 2128 1104 2196 1159; x_wconf 89' lang='lat' dir='ltr'><strong>Et</strong></span> <span class='ocrx_word' id='word_1_274' title='bbox 2230 1105 2637 1178; x_wconf 76' lang='lat' dir='ltr'><strong>gloriasemper</strong></span> <span class='ocrx_word' id='word_1_275' title='bbox 2657 1108 2937 1164; x_wconf 89' lang='lat' dir='ltr'><strong>resultant.</strong></span> 
     </span>
    </p>
   </div>
   <div class='ocr_carea' id='block_1_71' title="bbox 2624 1273 2745 1341">
    <p class='ocr_par' dir='ltr' id='par_1_71' title="bbox 2624 1273 2745 1341">
     <span class='ocr_line' id='line_1_71' title="bbox 2624 1273 2745 1341; baseline 0.017 -17"><span class='ocrx_word' id='word_1_276' title='bbox 2624 1273 2745 1341; x_wconf 83' lang='lat' dir='ltr'><strong>geli.</strong></span> 
     </span>
    </p>
   </div>
   <div class='ocr_carea' id='block_1_72' title="bbox 2064 1377 2762 1449">
    <p class='ocr_par' dir='ltr' id='par_1_72' title="bbox 2064 1377 2762 1449">
     <span class='ocr_line' id='line_1_72' title="bbox 2064 1377 2762 1449; baseline 0.006 -16"><span class='ocrx_word' id='word_1_277' title='bbox 2064 1377 2315 1449; x_wconf 84' lang='lat' dir='ltr'><strong>Magnum</strong></span> <span class='ocrx_word' id='word_1_278' title='bbox 2355 1388 2407 1435; x_wconf 93' lang='lat' dir='ltr'><strong>te</strong></span> <span class='ocrx_word' id='word_1_279' title='bbox 2443 1380 2762 1438; x_wconf 84' lang='lat' dir='ltr'><strong>Michaelem</strong></span> 
     </span>
    </p>
   </div>
   <div class='ocr_carea' id='block_1_73' title="bbox 2130 1471 2680 1544">
    <p class='ocr_par' dir='ltr' id='par_1_73' title="bbox 2130 1471 2680 1544">
     <span class='ocr_line' id='line_1_73' title="bbox 2130 1471 2680 1544; baseline 0.004 -18"><span class='ocrx_word' id='word_1_280' title='bbox 2130 1471 2431 1527; x_wconf 73' lang='lat' dir='ltr'><strong>[labentem</strong></span> <span class='ocrx_word' id='word_1_281' title='bbox 2467 1472 2680 1544; x_wconf 84' lang='lat' dir='ltr'><strong>pignus,</strong></span> 
     </span>
    </p>
   </div>
   <div class='ocr_carea' id='block_1_74' title="bbox 2063 1560 2914 1629">
    <p class='ocr_par' dir='ltr' id='par_1_74' title="bbox 2063 1560 2914 1629">
     <span class='ocr_line' id='line_1_74' title="bbox 2063 1560 2914 1629; baseline 0.004 -12"><span class='ocrx_word' id='word_1_282' title='bbox 2063 1560 2277 1617; x_wconf 87' lang='lat' dir='ltr'><strong>Civium</strong></span> <span class='ocrx_word' id='word_1_283' title='bbox 2304 1573 2635 1629; x_wconf 91' lang='lat' dir='ltr'><strong>nostrorum,</strong></span> <span class='ocrx_word' id='word_1_284' title='bbox 2668 1564 2712 1619; x_wconf 91' lang='lat' dir='ltr'><strong>si</strong></span> <span class='ocrx_word' id='word_1_285' title='bbox 2737 1572 2914 1620; x_wconf 90' lang='lat' dir='ltr'><strong>tamen</strong></span> 
     </span>
    </p>
   </div>
   <div class='ocr_carea' id='block_1_75' title="bbox 2140 1650 2905 1711">
    <p class='ocr_par' dir='ltr' id='par_1_75' title="bbox 2140 1650 2905 1711">
     <span class='ocr_line' id='line_1_75' title="bbox 2140 1650 2905 1711; baseline 0.008 -5"><span class='ocrx_word' id='word_1_286' title='bbox 2140 1650 2295 1706; x_wconf 88' lang='lat' dir='ltr'><strong>Servi</strong></span> <span class='ocrx_word' id='word_1_287' title='bbox 2324 1653 2640 1710; x_wconf 90' lang='lat' dir='ltr'><strong>studeamus</strong></span> <span class='ocrx_word' id='word_1_288' title='bbox 2668 1671 2786 1711; x_wconf 92' lang='lat' dir='ltr'><strong>esse</strong></span> <span class='ocrx_word' id='word_1_289' title='bbox 2811 1657 2905 1711; x_wconf 89' lang='lat' dir='ltr'><strong>Dei</strong></span> 
     </span>
    </p>
   </div>
   <div class='ocr_carea' id='block_1_76' title="bbox 2063 1743 2836 1815">
    <p class='ocr_par' dir='ltr' id='par_1_76' title="bbox 2063 1743 2836 1815">
     <span class='ocr_line' id='line_1_76' title="bbox 2063 1743 2836 1815; baseline 0.006 -17"><span class='ocrx_word' id='word_1_290' title='bbox 2063 1743 2343 1801; x_wconf 88' lang='lat' dir='ltr'><strong>Poscimus</strong></span> <span class='ocrx_word' id='word_1_291' title='bbox 2367 1755 2429 1800; x_wconf 92' lang='lat' dir='ltr'><strong>ut</strong></span> <span class='ocrx_word' id='word_1_292' title='bbox 2450 1746 2557 1801; x_wconf 90' lang='lat' dir='ltr'><strong>tuis</strong></span> <span class='ocrx_word' id='word_1_293' title='bbox 2584 1748 2836 1815; x_wconf 89' lang='lat' dir='ltr'><strong>precibus</strong></span> 
     </span>
    </p>
   </div>
   <div class='ocr_carea' id='block_1_77' title="bbox 2141 1836 2916 1894">
    <p class='ocr_par' dir='ltr' id='par_1_77' title="bbox 2141 1836 2916 1894">
     <span class='ocr_line' id='line_1_77' title="bbox 2141 1836 2916 1894; baseline 0.004 -3"><span class='ocrx_word' id='word_1_294' title='bbox 2141 1836 2435 1892; x_wconf 88' lang='lat' dir='ltr'><strong>Consortes</strong></span> <span class='ocrx_word' id='word_1_295' title='bbox 2464 1852 2773 1893; x_wconf 89' lang='lat' dir='ltr'><strong>mereamur</strong></span> <span class='ocrx_word' id='word_1_296' title='bbox 2800 1838 2916 1894; x_wconf 85' lang='lat' dir='ltr'><strong>ﬁeri</strong></span> 
     </span>
    </p>
   </div>
   <div class='ocr_carea' id='block_1_78' title="bbox 2062 1926 2970 1984">
    <p class='ocr_par' dir='ltr' id='par_1_78' title="bbox 2062 1926 2970 1984">
     <span class='ocr_line' id='line_1_78' title="bbox 2062 1926 2970 1984; baseline 0.003 -3"><span class='ocrx_word' id='word_1_297' title='bbox 2062 1926 2262 1983; x_wconf 85' lang='lat' dir='ltr'><strong>Eorum</strong></span> <span class='ocrx_word' id='word_1_298' title='bbox 2295 1927 2646 1982; x_wconf 84' lang='lat' dir='ltr'><strong>beatitudinis</strong></span> <span class='ocrx_word' id='word_1_299' title='bbox 2685 1926 2970 1984; x_wconf 80' lang='lat' dir='ltr'><strong>incl’fabilis</strong></span> 
     </span>
    </p>
   </div>
   <div class='ocr_carea' id='block_1_79' title="bbox 2142 2018 2977 2090">
    <p class='ocr_par' dir='ltr' id='par_1_79' title="bbox 2142 2018 2977 2090">
     <span class='ocr_line' id='line_1_79' title="bbox 2142 2018 2977 2090; baseline 0.004 -18"><span class='ocrx_word' id='word_1_300' title='bbox 2142 2018 2317 2085; x_wconf 89' lang='lat' dir='ltr'><strong>Quam</strong></span> <span class='ocrx_word' id='word_1_301' title='bbox 2357 2018 2410 2072; x_wconf 88' lang='lat' dir='ltr'><strong>in</strong></span> <span class='ocrx_word' id='word_1_302' title='bbox 2436 2019 2530 2074; x_wconf 90' lang='lat' dir='ltr'><strong>Dei</strong></span> <span class='ocrx_word' id='word_1_303' title='bbox 2564 2028 2855 2090; x_wconf 90' lang='lat' dir='ltr'><strong>conspectu</strong></span> <span class='ocrx_word' id='word_1_304' title='bbox 2880 2034 2977 2075; x_wconf 92' lang='lat' dir='ltr'><strong>eos</strong></span> 
     </span>
    </p>
   </div>
   <div class='ocr_carea' id='block_1_80' title="bbox 2137 2107 2725 2175">
    <p class='ocr_par' dir='ltr' id='par_1_80' title="bbox 2137 2107 2725 2175">
     <span class='ocr_line' id='line_1_80' title="bbox 2137 2107 2725 2175; baseline 0.003 -12"><span class='ocrx_word' id='word_1_305' title='bbox 2137 2107 2352 2165; x_wconf 83' lang='lat' dir='ltr'><strong>Habere</strong></span> <span class='ocrx_word' id='word_1_306' title='bbox 2383 2110 2725 2175; x_wconf 85' lang='lat' dir='ltr'><strong>conﬁdimus,</strong></span> 
     </span>
    </p>
   </div>
   <div class='ocr_carea' id='block_1_81' title="bbox 2066 2198 2755 2266">
    <p class='ocr_par' dir='ltr' id='par_1_81' title="bbox 2066 2198 2755 2266">
     <span class='ocr_line' id='line_1_81' title="bbox 2066 2198 2755 2266; baseline 0.004 -14"><span class='ocrx_word' id='word_1_307' title='bbox 2066 2198 2169 2266; x_wconf 93' lang='lat' dir='ltr'><strong>Qui</strong></span> <span class='ocrx_word' id='word_1_308' title='bbox 2206 2208 2290 2256; x_wconf 91' lang='lat' dir='ltr'><strong>est</strong></span> <span class='ocrx_word' id='word_1_309' title='bbox 2320 2200 2601 2256; x_wconf 87' lang='lat' dir='ltr'><strong>beatitudo</strong></span> <span class='ocrx_word' id='word_1_310' title='bbox 2628 2216 2755 2256; x_wconf 78' lang='lat' dir='ltr'><strong>vera</strong></span> 
     </span>
    </p>
   </div>
   <div class='ocr_carea' id='block_1_82' title="bbox 2043 2288 2778 2362">
    <p class='ocr_par' dir='ltr' id='par_1_82' title="bbox 2043 2288 2778 2362">
     <span class='ocr_line' id='line_1_82' title="bbox 2043 2288 2778 2362; baseline -0.004 -15"><span class='ocrx_word' id='word_1_311' title='bbox 2043 2339 2052 2347; x_wconf 94' lang='lat'><strong>.</strong></span> <span class='ocrx_word' id='word_1_312' title='bbox 2145 2288 2470 2345; x_wconf 85' lang='lat' dir='ltr'><strong>Sanctorum</strong></span> <span class='ocrx_word' id='word_1_313' title='bbox 2500 2300 2778 2362; x_wconf 85' lang='lat' dir='ltr'><strong>perpetua.</strong></span> 
     </span>
    </p>
   </div>
   <div class='ocr_carea' id='block_1_83' title="bbox 2067 2379 3082 2453">
    <p class='ocr_par' dir='ltr' id='par_1_83' title="bbox 2067 2379 3082 2453">
     <span class='ocr_line' id='line_1_83' title="bbox 2067 2379 3082 2453; baseline 0.003 -20"><span class='ocrx_word' id='word_1_314' title='bbox 2067 2379 2221 2447; x_wconf 93' lang='lat' dir='ltr'><strong>Quod</strong></span> <span class='ocrx_word' id='word_1_315' title='bbox 2248 2382 2374 2451; x_wconf 87' lang='lat' dir='ltr'><strong>quia</strong></span> <span class='ocrx_word' id='word_1_316' title='bbox 2399 2380 2601 2437; x_wconf 92' lang='lat' dir='ltr'><strong>scimus</strong></span> <span class='ocrx_word' id='word_1_317' title='bbox 2630 2397 2735 2437; x_wconf 90' lang='lat' dir='ltr'><strong>non</strong></span> <span class='ocrx_word' id='word_1_318' title='bbox 2758 2396 2916 2453; x_wconf 91' lang='lat' dir='ltr'><strong>posse</strong></span> <span class='ocrx_word' id='word_1_319' title='bbox 2940 2380 3082 2449; x_wconf 82' lang='lat' dir='ltr'><strong>ﬁeri,</strong></span> 
     </span>
    </p>
   </div>
   <div class='ocr_carea' id='block_1_84' title="bbox 2068 2470 2922 2541">
    <p class='ocr_par' dir='ltr' id='par_1_84' title="bbox 2068 2470 2922 2541">
     <span class='ocr_line' id='line_1_84' title="bbox 2068 2470 2922 2541; baseline 0.005 -15"><span class='ocrx_word' id='word_1_320' title='bbox 2068 2470 2181 2527; x_wconf 84' lang='lat' dir='ltr'><strong>Nisi</strong></span> <span class='ocrx_word' id='word_1_321' title='bbox 2211 2472 2368 2528; x_wconf 88' lang='lat' dir='ltr'><strong>bonis</strong></span> <span class='ocrx_word' id='word_1_322' title='bbox 2387 2472 2670 2529; x_wconf 88' lang='lat' dir='ltr'><strong>studeatur</strong></span> <span class='ocrx_word' id='word_1_323' title='bbox 2694 2474 2922 2541; x_wconf 88' lang='lat' dir='ltr'><strong>meritis,</strong></span> 
     </span>
    </p>
   </div>
   <div class='ocr_carea' id='block_1_85' title="bbox 2067 2564 3231 2625">
    <p class='ocr_par' dir='ltr' id='par_1_85' title="bbox 2067 2564 3231 2625">
     <span class='ocr_line' id='line_1_85' title="bbox 2067 2564 3231 2625; baseline 0.002 -4"><span class='ocrx_word' id='word_1_324' title='bbox 2067 2564 2351 2623; x_wconf 89' lang='lat' dir='ltr'><strong>Poscimus</strong></span> <span class='ocrx_word' id='word_1_325' title='bbox 2380 2576 2439 2621; x_wconf 95' lang='lat' dir='ltr'><strong>ut</strong></span> <span class='ocrx_word' id='word_1_326' title='bbox 2465 2567 2635 2622; x_wconf 93' lang='lat' dir='ltr'><strong>Deum</strong></span> <span class='ocrx_word' id='word_1_327' title='bbox 2664 2577 2883 2623; x_wconf 90' lang='lat' dir='ltr'><strong>sanctos</strong></span> <span class='ocrx_word' id='word_1_328' title='bbox 2923 2583 3103 2625; x_wconf 88' lang='lat' dir='ltr'><strong>mores</strong></span> <span class='ocrx_word' id='word_1_329' title='bbox 3131 2583 3231 2623; x_wconf 89' lang='lat' dir='ltr'><strong>nos</strong></span> 
     </span>
    </p>
   </div>
   <div class='ocr_carea' id='block_1_86' title="bbox 2143 2656 2929 2729">
    <p class='ocr_par' dir='ltr' id='par_1_86' title="bbox 2143 2656 2929 2729">
     <span class='ocr_line' id='line_1_86' title="bbox 2143 2656 2929 2729; baseline 0.003 -18"><span class='ocrx_word' id='word_1_330' title='bbox 2143 2656 2419 2714; x_wconf 89' lang='lat' dir='ltr'><strong>lnstruere</strong></span> <span class='ocrx_word' id='word_1_331' title='bbox 2444 2672 2660 2729; x_wconf 90' lang='lat' dir='ltr'><strong>semper</strong></span> <span class='ocrx_word' id='word_1_332' title='bbox 2687 2658 2929 2729; x_wconf 90' lang='lat' dir='ltr'><strong>postules</strong></span> 
     </span>
    </p>
   </div>
   <div class='ocr_carea' id='block_1_87' title="bbox 2072 2745 2898 2804">
    <p class='ocr_par' dir='ltr' id='par_1_87' title="bbox 2072 2745 2898 2804">
     <span class='ocr_line' id='line_1_87' title="bbox 2072 2745 2898 2804; baseline 0.001 -3"><span class='ocrx_word' id='word_1_333' title='bbox 2072 2745 2142 2802; x_wconf 90' lang='lat' dir='ltr'><strong>Ut</strong></span> <span class='ocrx_word' id='word_1_334' title='bbox 2171 2746 2378 2803; x_wconf 85' lang='lat' dir='ltr'><strong>intrare</strong></span> <span class='ocrx_word' id='word_1_335' title='bbox 2410 2749 2685 2804; x_wconf 89' lang='lat' dir='ltr'><strong>valeamus</strong></span> <span class='ocrx_word' id='word_1_336' title='bbox 2721 2750 2898 2804; x_wconf 88' lang='lat' dir='ltr'><strong>aulam</strong></span> 
     </span>
    </p>
   </div>
   <div class='ocr_carea' id='block_1_88' title="bbox 2151 2837 3135 2910">
    <p class='ocr_par' dir='ltr' id='par_1_88' title="bbox 2151 2837 3135 2910">
     <span class='ocr_line' id='line_1_88' title="bbox 2151 2837 3135 2910; baseline -0.001 -17"><span class='ocrx_word' id='word_1_337' title='bbox 2151 2837 2283 2906; x_wconf 69' lang='lat' dir='ltr'><strong>Quae</strong></span> <span class='ocrx_word' id='word_1_338' title='bbox 2304 2854 2413 2895; x_wconf 90' lang='lat' dir='ltr'><strong>non</strong></span> <span class='ocrx_word' id='word_1_339' title='bbox 2446 2839 2638 2910; x_wconf 88' lang='lat' dir='ltr'><strong>recipit</strong></span> <span class='ocrx_word' id='word_1_340' title='bbox 2666 2839 2829 2894; x_wconf 91' lang='lat' dir='ltr'><strong>ullam</strong></span> <span class='ocrx_word' id='word_1_341' title='bbox 2868 2838 3135 2894; x_wconf 90' lang='lat' dir='ltr'><strong>maculam</strong></span> 
     </span>
    </p>
   </div>
   <div class='ocr_carea' id='block_1_89' title="bbox 2074 2928 3051 3001">
    <p class='ocr_par' dir='ltr' id='par_1_89' title="bbox 2074 2928 3051 3001">
     <span class='ocr_line' id='line_1_89' title="bbox 2074 2928 3051 3001; baseline 0.002 -16"><span class='ocrx_word' id='word_1_342' title='bbox 2074 2928 2180 2997; x_wconf 87' lang='lat' dir='ltr'><strong>Tu,</strong></span> <span class='ocrx_word' id='word_1_343' title='bbox 2217 2931 2309 3001; x_wconf 91' lang='lat' dir='ltr'><strong>qui</strong></span> <span class='ocrx_word' id='word_1_344' title='bbox 2340 2930 2436 2985; x_wconf 88' lang='lat' dir='ltr'><strong>Dei</strong></span> <span class='ocrx_word' id='word_1_345' title='bbox 2467 2931 2793 2986; x_wconf 89' lang='lat' dir='ltr'><strong>charitatem</strong></span> <span class='ocrx_word' id='word_1_346' title='bbox 2827 2932 3051 2997; x_wconf 88' lang='lat' dir='ltr'><strong>retines,</strong></span> 
     </span>
    </p>
   </div>
   <div class='ocr_carea' id='block_1_90' title="bbox 2072 3022 3024 3095">
    <p class='ocr_par' dir='ltr' id='par_1_90' title="bbox 2072 3022 3024 3095">
     <span class='ocr_line' id='line_1_90' title="bbox 2072 3022 3024 3095; baseline -0.003 -16"><span class='ocrx_word' id='word_1_347' title='bbox 2072 3023 2398 3080; x_wconf 89' lang='lat' dir='ltr'><strong>Immortalis</strong></span> <span class='ocrx_word' id='word_1_348' title='bbox 2420 3023 2752 3095; x_wconf 87' lang='lat' dir='ltr'><strong>perdurasti,</strong></span> <span class='ocrx_word' id='word_1_349' title='bbox 2776 3022 3024 3091; x_wconf 86' lang='lat' dir='ltr'><strong>Michael,</strong></span> 
     </span>
    </p>
   </div>
   <div class='ocr_carea' id='block_1_91' title="bbox 2141 3115 3335 3187">
    <p class='ocr_par' dir='ltr' id='par_1_91' title="bbox 2141 3115 3335 3187">
     <span class='ocr_line' id='line_1_91' title="bbox 2141 3115 3335 3187; baseline -0.002 -17"><span class='ocrx_word' id='word_1_350' title='bbox 2141 3115 2272 3172; x_wconf 86' lang='lat' dir='ltr'><strong>Post</strong></span> <span class='ocrx_word' id='word_1_351' title='bbox 2294 3124 2525 3172; x_wconf 88' lang='lat' dir='ltr'><strong>mortem</strong></span> <span class='ocrx_word' id='word_1_352' title='bbox 2567 3115 2811 3185; x_wconf 89' lang='lat' dir='ltr'><strong>requiem</strong></span> <span class='ocrx_word' id='word_1_353' title='bbox 2837 3115 2991 3169; x_wconf 89' lang='lat' dir='ltr'><strong>nobis</strong></span> <span class='ocrx_word' id='word_1_354' title='bbox 3025 3116 3335 3187; x_wconf 89' lang='lat' dir='ltr'><strong>deprecare.</strong></span> 
     </span>
    </p>
   </div>
   <div class='ocr_carea' id='block_1_92' title="bbox 2394 3205 3051 3264">
    <p class='ocr_par' dir='ltr' id='par_1_92' title="bbox 2394 3205 3051 3264">
     <span class='ocr_line' id='line_1_92' title="bbox 2394 3205 3051 3264; baseline -0.002 0"><span class='ocrx_word' id='word_1_355' title='bbox 2394 3208 2523 3264; x_wconf 74' lang='lat' dir='ltr'><strong>CAP.</strong></span> <span class='ocrx_word' id='word_1_356' title='bbox 2548 3205 2735 3262; x_wconf 82' lang='lat' dir='ltr'><strong>XXIV.</strong></span> <span class='ocrx_word' id='word_1_357' title='bbox 2766 3238 2835 3246; x_wconf 94' lang='lat'><strong>—</strong></span> <span class='ocrx_word' id='word_1_358' title='bbox 2862 3206 3001 3261; x_wconf 82' lang='lat' dir='ltr'><strong>Alia.</strong></span> <span class='ocrx_word' id='word_1_359' title='bbox 3048 3262 3051 3263; x_wconf 30' lang='grc' dir='ltr'><em>ν</em></span> 
     </span>
    </p>
   </div>
   <div class='ocr_carea' id='block_1_93' title="bbox 2076 3297 2802 3365">
    <p class='ocr_par' dir='ltr' id='par_1_93' title="bbox 2076 3297 2802 3365">
     <span class='ocr_line' id='line_1_93' title="bbox 2076 3297 2802 3365; baseline -0.003 -10"><span class='ocrx_word' id='word_1_360' title='bbox 2076 3301 2158 3357; x_wconf 81' lang='lat' dir='ltr'><strong>Ad</strong></span> <span class='ocrx_word' id='word_1_361' title='bbox 2186 3300 2448 3365; x_wconf 86' lang='lat' dir='ltr'><strong>celebres,</strong></span> <span class='ocrx_word' id='word_1_362' title='bbox 2476 3314 2572 3357; x_wconf 86' lang='lat' dir='ltr'><strong>rex</strong></span> <span class='ocrx_word' id='word_1_363' title='bbox 2594 3297 2802 3363; x_wconf 87' lang='lat' dir='ltr'><strong>coelicc,</strong></span> 
     </span>
    </p>
   </div>
   <div class='ocr_carea' id='block_1_94' title="bbox 2146 3391 2579 3447">
    <p class='ocr_par' dir='ltr' id='par_1_94' title="bbox 2146 3391 2579 3447">
     <span class='ocr_line' id='line_1_94' title="bbox 2146 3391 2579 3447; baseline -0.009 0"><span class='ocrx_word' id='word_1_364' title='bbox 2146 3391 2355 3447; x_wconf 90' lang='lat' dir='ltr'><strong>Laudes</strong></span> <span class='ocrx_word' id='word_1_365' title='bbox 2382 3399 2579 3447; x_wconf 91' lang='lat' dir='ltr'><strong>cuncta</strong></span> 
     </span>
    </p>
   </div>
   <div class='ocr_carea' id='block_1_95' title="bbox 2074 3478 3226 3554">
    <p class='ocr_par' dir='ltr' id='par_1_95' title="bbox 2074 3478 3226 3554">
     <span class='ocr_line' id='line_1_95' title="bbox 2074 3478 3226 3554; baseline -0.004 -16"><span class='ocrx_word' id='word_1_366' title='bbox 2074 3483 2282 3554; x_wconf 87' lang='lat' dir='ltr'><strong>Pangat</strong></span> <span class='ocrx_word' id='word_1_367' title='bbox 2296 3481 2410 3551; x_wconf 89' lang='lat' dir='ltr'><strong>jam</strong></span> <span class='ocrx_word' id='word_1_368' title='bbox 2435 3496 2634 3537; x_wconf 88' lang='lat' dir='ltr'><strong>canora</strong></span> <span class='ocrx_word' id='word_1_369' title='bbox 2664 3488 2880 3536; x_wconf 89' lang='lat' dir='ltr'><strong>caterva</strong></span> <span class='ocrx_word' id='word_1_370' title='bbox 2905 3478 3226 3551; x_wconf 86' lang='lat' dir='ltr'><strong>symphonia</strong></span> 
     </span>
    </p>
   </div>
   <div class='ocr_carea' id='block_1_96' title="bbox 2078 3573 3197 3645">
    <p class='ocr_par' dir='ltr' id='par_1_96' title="bbox 2078 3573 3197 3645">
     <span class='ocr_line' id='line_1_96' title="bbox 2078 3573 3197 3645; baseline -0.007 -12"><span class='ocrx_word' id='word_1_371' title='bbox 2078 3575 2240 3642; x_wconf 86' lang='lat' dir='ltr'><strong>Odas,</strong></span> <span class='ocrx_word' id='word_1_372' title='bbox 2271 3584 2435 3645; x_wconf 89' lang='lat' dir='ltr'><strong>atque</strong></span> <span class='ocrx_word' id='word_1_373' title='bbox 2470 3573 2643 3630; x_wconf 84' lang='lat' dir='ltr'><strong>solvat</strong></span> <span class='ocrx_word' id='word_1_374' title='bbox 2667 3573 2856 3629; x_wconf 91' lang='lat' dir='ltr'><strong>concio</strong></span> <span class='ocrx_word' id='word_1_375' title='bbox 2890 3573 2981 3628; x_wconf 89' lang='lat' dir='ltr'><strong>tibi</strong></span> <span class='ocrx_word' id='word_1_376' title='bbox 3015 3579 3197 3629; x_wconf 91' lang='lat' dir='ltr'><strong>nostra</strong></span> 
     </span>
    </p>
   </div>
   <div class='ocr_carea' id='block_1_97' title="bbox 2075 3661 3007 3735">
    <p class='ocr_par' dir='ltr' id='par_1_97' title="bbox 2075 3661 3007 3735">
     <span class='ocr_line' id='line_1_97' title="bbox 2075 3661 3007 3735; baseline -0.002 -15"><span class='ocrx_word' id='word_1_377' title='bbox 2075 3665 2208 3720; x_wconf 92' lang='lat' dir='ltr'><strong>Cum</strong></span> <span class='ocrx_word' id='word_1_378' title='bbox 2230 3666 2343 3735; x_wconf 88' lang='lat' dir='ltr'><strong>jam</strong></span> <span class='ocrx_word' id='word_1_379' title='bbox 2364 3672 2700 3719; x_wconf 79' lang='lat' dir='ltr'><strong>renovantur</strong></span> <span class='ocrx_word' id='word_1_380' title='bbox 2726 3661 3007 3718; x_wconf 84' lang='lat' dir='ltr'><strong>Michaelis</strong></span> 
     </span>
    </p>
   </div>
   <div class='ocr_carea' id='block_1_98' title="bbox 2154 3754 2721 3827">
    <p class='ocr_par' dir='ltr' id='par_1_98' title="bbox 2154 3754 2721 3827">
     <span class='ocr_line' id='line_1_98' title="bbox 2154 3754 2721 3827; baseline -0.007 -16"><span class='ocrx_word' id='word_1_381' title='bbox 2154 3757 2359 3827; x_wconf 89' lang='lat' dir='ltr'><strong>Inclyta</strong></span> <span class='ocrx_word' id='word_1_382' title='bbox 2387 3755 2543 3809; x_wconf 88' lang='lat' dir='ltr'><strong>valde</strong></span> <span class='ocrx_word' id='word_1_383' title='bbox 2563 3754 2721 3821; x_wconf 81' lang='lat' dir='ltr'><strong>festa,</strong></span> 
     </span>
    </p>
   </div>
   <div class='ocr_carea' id='block_1_99' title="bbox 2077 3844 3025 3916">
    <p class='ocr_par' dir='ltr' id='par_1_99' title="bbox 2077 3844 3025 3916">
     <span class='ocr_line' id='line_1_99' title="bbox 2077 3844 3025 3916; baseline -0.005 -15"><span class='ocrx_word' id='word_1_384' title='bbox 2077 3847 2183 3903; x_wconf 91' lang='lat' dir='ltr'><strong>Per</strong></span> <span class='ocrx_word' id='word_1_385' title='bbox 2210 3860 2330 3916; x_wconf 61' lang='lat' dir='ltr'><strong>qua!</strong></span> <span class='ocrx_word' id='word_1_386' title='bbox 2364 3844 2669 3901; x_wconf 68' lang='lat' dir='ltr'><strong>laetabunda</strong></span> <span class='ocrx_word' id='word_1_387' title='bbox 2696 3852 3025 3914; x_wconf 83' lang='lat' dir='ltr'><strong>perornatur</strong></span> 
     </span>
    </p>
   </div>
   <div class='ocr_carea' id='block_1_100' title="bbox 2152 3938 2773 3994">
    <p class='ocr_par' dir='ltr' id='par_1_100' title="bbox 2152 3938 2773 3994">
     <span class='ocr_line' id='line_1_100' title="bbox 2152 3938 2773 3994; baseline -0.002 -1"><span class='ocrx_word' id='word_1_388' title='bbox 2152 3938 2398 3993; x_wconf 82' lang='lat' dir='ltr'><strong>Machina</strong></span> <span class='ocrx_word' id='word_1_389' title='bbox 2429 3938 2615 3993; x_wconf 91' lang='lat' dir='ltr'><strong>mundi</strong></span> <span class='ocrx_word' id='word_1_390' title='bbox 2645 3947 2773 3994; x_wconf 90' lang='lat' dir='ltr'><strong>tota.</strong></span> 
     </span>
    </p>
   </div>
   <div class='ocr_carea' id='block_1_101' title="bbox 2084 4030 3035 4103">
    <p class='ocr_par' dir='ltr' id='par_1_101' title="bbox 2084 4030 3035 4103">
     <span class='ocr_line' id='line_1_101' title="bbox 2084 4030 3035 4103; baseline 0.001 -18"><span class='ocrx_word' id='word_1_391' title='bbox 2084 4030 2282 4087; x_wconf 89' lang='lat' dir='ltr'><strong>Novies</strong></span> <span class='ocrx_word' id='word_1_392' title='bbox 2313 4031 2568 4087; x_wconf 88' lang='lat' dir='ltr'><strong>distincta</strong></span> <span class='ocrx_word' id='word_1_393' title='bbox 2599 4032 2886 4103; x_wconf 91' lang='lat' dir='ltr'><strong>spirituum</strong></span> <span class='ocrx_word' id='word_1_394' title='bbox 2907 4040 3035 4087; x_wconf 89' lang='lat' dir='ltr'><strong>sunt</strong></span> 
     </span>
    </p>
   </div>
   <div class='ocr_carea' id='block_1_102' title="bbox 2158 4124 2773 4195">
    <p class='ocr_par' dir='ltr' id='par_1_102' title="bbox 2158 4124 2773 4195">
     <span class='ocr_line' id='line_1_102' title="bbox 2158 4124 2773 4195; baseline -0.002 -18"><span class='ocrx_word' id='word_1_395' title='bbox 2158 4124 2388 4195; x_wconf 86' lang='lat' dir='ltr'><strong>Agmina</strong></span> <span class='ocrx_word' id='word_1_396' title='bbox 2416 4139 2513 4195; x_wconf 91' lang='lat' dir='ltr'><strong>per</strong></span> <span class='ocrx_word' id='word_1_397' title='bbox 2538 4134 2591 4179; x_wconf 91' lang='lat' dir='ltr'><strong>te</strong></span> <span class='ocrx_word' id='word_1_398' title='bbox 2612 4125 2773 4180; x_wconf 81' lang='lat' dir='ltr'><strong>facta.</strong></span> 
     </span>
    </p>
   </div>
   <div class='ocr_carea' id='block_1_103' title="bbox 2085 4213 3102 4280">
    <p class='ocr_par' dir='ltr' id='par_1_103' title="bbox 2085 4213 3102 4280">
     <span class='ocr_line' id='line_1_103' title="bbox 2085 4213 3102 4280; baseline -0.002 -11"><span class='ocrx_word' id='word_1_399' title='bbox 2085 4213 2212 4276; x_wconf 90' lang='lat' dir='ltr'><strong>Sed,</strong></span> <span class='ocrx_word' id='word_1_400' title='bbox 2248 4230 2369 4269; x_wconf 92' lang='lat' dir='ltr'><strong>cum</strong></span> <span class='ocrx_word' id='word_1_401' title='bbox 2400 4214 2503 4280; x_wconf 90' lang='lat' dir='ltr'><strong>vis,</strong></span> <span class='ocrx_word' id='word_1_402' title='bbox 2532 4214 2666 4271; x_wconf 81' lang='lat' dir='ltr'><strong>lacis</strong></span> <span class='ocrx_word' id='word_1_403' title='bbox 2702 4217 2817 4271; x_wconf 87' lang='lat' dir='ltr'><strong>haec</strong></span> <span class='ocrx_word' id='word_1_404' title='bbox 2852 4213 3102 4270; x_wconf 84' lang='lat' dir='ltr'><strong>ﬂammea</strong></span> 
     </span>
    </p>
   </div>
   <div class='ocr_carea' id='block_1_104' title="bbox 2152 4306 2850 4379">
    <p class='ocr_par' dir='ltr' id='par_1_104' title="bbox 2152 4306 2850 4379">
     <span class='ocr_line' id='line_1_104' title="bbox 2152 4306 2850 4379; baseline 0 -18"><span class='ocrx_word' id='word_1_405' title='bbox 2152 4306 2257 4361; x_wconf 89' lang='lat' dir='ltr'><strong>Per</strong></span> <span class='ocrx_word' id='word_1_406' title='bbox 2284 4308 2555 4379; x_wconf 88' lang='lat' dir='ltr'><strong>angelicas</strong></span> <span class='ocrx_word' id='word_1_407' title='bbox 2588 4307 2850 4363; x_wconf 84' lang='lat' dir='ltr'><strong>ollicinas.</strong></span> 
     </span>
    </p>
   </div>
   <div class='ocr_carea' id='block_1_105' title="bbox 2086 4398 2951 4468">
    <p class='ocr_par' dir='ltr' id='par_1_105' title="bbox 2086 4398 2951 4468">
     <span class='ocr_line' id='line_1_105' title="bbox 2086 4398 2951 4468; baseline 0 -17"><span class='ocrx_word' id='word_1_408' title='bbox 2086 4399 2232 4452; x_wconf 89' lang='lat' dir='ltr'><strong>Inter</strong></span> <span class='ocrx_word' id='word_1_409' title='bbox 2258 4398 2513 4468; x_wconf 85' lang='lat' dir='ltr'><strong>primaeva</strong></span> <span class='ocrx_word' id='word_1_410' title='bbox 2538 4406 2664 4452; x_wconf 86' lang='lat' dir='ltr'><strong>sunt</strong></span> <span class='ocrx_word' id='word_1_411' title='bbox 2688 4398 2803 4452; x_wconf 64' lang='lat' dir='ltr'><strong>haec</strong></span> <span class='ocrx_word' id='word_1_412' title='bbox 2826 4413 2951 4452; x_wconf 89' lang='lat' dir='ltr'><strong>nam</strong></span> 
     </span>
    </p>
   </div>
   <div class='ocr_carea' id='block_1_106' title="bbox 2159 4487 3185 4554">
    <p class='ocr_par' dir='ltr' id='par_1_106' title="bbox 2159 4487 3185 4554">
     <span class='ocr_line' id='line_1_106' title="bbox 2159 4487 3185 4554; baseline -0.001 -12"><span class='ocrx_word' id='word_1_413' title='bbox 2159 4488 2352 4543; x_wconf 89' lang='lat' dir='ltr'><strong>Creata</strong></span> <span class='ocrx_word' id='word_1_414' title='bbox 2383 4498 2493 4554; x_wconf 87' lang='lat' dir='ltr'><strong>tua,</strong></span> <span class='ocrx_word' id='word_1_415' title='bbox 2523 4503 2645 4543; x_wconf 94' lang='lat' dir='ltr'><strong>cum</strong></span> <span class='ocrx_word' id='word_1_416' title='bbox 2670 4490 2841 4543; x_wconf 89' lang='lat' dir='ltr'><strong>simus</strong></span> <span class='ocrx_word' id='word_1_417' title='bbox 2870 4501 2969 4544; x_wconf 88' lang='lat' dir='ltr'><strong>nos</strong></span> <span class='ocrx_word' id='word_1_418' title='bbox 2998 4487 3185 4542; x_wconf 89' lang='lat' dir='ltr'><strong>ultima</strong></span> 
     </span>
    </p>
   </div>
   <div class='ocr_carea' id='block_1_107' title="bbox 2156 4582 2858 4653">
    <p class='ocr_par' dir='ltr' id='par_1_107' title="bbox 2156 4582 2858 4653">
     <span class='ocr_line' id='line_1_107' title="bbox 2156 4582 2858 4653; baseline 0 -18"><span class='ocrx_word' id='word_1_419' title='bbox 2156 4582 2410 4648; x_wconf 86' lang='lat' dir='ltr'><strong>Factura,</strong></span> <span class='ocrx_word' id='word_1_420' title='bbox 2432 4582 2525 4637; x_wconf 88' lang='lat' dir='ltr'><strong>sed</strong></span> <span class='ocrx_word' id='word_1_421' title='bbox 2548 4582 2727 4653; x_wconf 89' lang='lat' dir='ltr'><strong>imago</strong></span> <span class='ocrx_word' id='word_1_422' title='bbox 2749 4592 2858 4635; x_wconf 86' lang='lat' dir='ltr'><strong>tua.</strong></span> 
     </span>
    </p>
   </div>
   <div class='ocr_carea' id='block_1_108' title="bbox 2087 4669 2807 4742">
    <p class='ocr_par' dir='ltr' id='par_1_108' title="bbox 2087 4669 2807 4742">
     <span class='ocr_line' id='line_1_108' title="bbox 2087 4669 2807 4742; baseline -0.004 -17"><span class='ocrx_word' id='word_1_423' title='bbox 2087 4670 2411 4742; x_wconf 87' lang='lat' dir='ltr'><strong>Theologica</strong></span> <span class='ocrx_word' id='word_1_424' title='bbox 2434 4669 2807 4741; x_wconf 82' lang='lat' dir='ltr'><strong>categorizant</strong></span> 
     </span>
    </p>
   </div>
   <div class='ocr_carea' id='block_1_109' title="bbox 2159 4758 3150 4831">
    <p class='ocr_par' dir='ltr' id='par_1_109' title="bbox 2159 4758 3150 4831">
     <span class='ocr_line' id='line_1_109' title="bbox 2159 4758 3150 4831; baseline -0.002 -16"><span class='ocrx_word' id='word_1_425' title='bbox 2159 4761 2417 4831; x_wconf 89' lang='lat' dir='ltr'><strong>Symbola</strong></span> <span class='ocrx_word' id='word_1_426' title='bbox 2448 4761 2605 4815; x_wconf 90' lang='lat' dir='ltr'><strong>nobis</strong></span> <span class='ocrx_word' id='word_1_427' title='bbox 2632 4760 2747 4815; x_wconf 65' lang='lat' dir='ltr'><strong>hace</strong></span> <span class='ocrx_word' id='word_1_428' title='bbox 2771 4768 2854 4814; x_wconf 89' lang='lat' dir='ltr'><strong>ter</strong></span> <span class='ocrx_word' id='word_1_429' title='bbox 2880 4758 3150 4830; x_wconf 87' lang='lat' dir='ltr'><strong>tripertita</strong></span> 
     </span>
    </p>
   </div>
   <div class='ocr_carea' id='block_1_110' title="bbox 2158 4850 2714 4924">
    <p class='ocr_par' dir='ltr' id='par_1_110' title="bbox 2158 4850 2714 4924">
     <span class='ocr_line' id='line_1_110' title="bbox 2158 4850 2714 4924; baseline -0.002 -18"><span class='ocrx_word' id='word_1_430' title='bbox 2158 4852 2263 4908; x_wconf 91' lang='lat' dir='ltr'><strong>Per</strong></span> <span class='ocrx_word' id='word_1_431' title='bbox 2283 4852 2497 4924; x_wconf 87' lang='lat' dir='ltr'><strong>privata</strong></span> <span class='ocrx_word' id='word_1_432' title='bbox 2520 4850 2714 4908; x_wconf 82' lang='lat' dir='ltr'><strong>ollicia.</strong></span> 
     </span>
    </p>
   </div>
   <div class='ocr_carea' id='block_1_111' title="bbox 3368 450 3495 508">
    <p class='ocr_par' dir='ltr' id='par_1_111' title="bbox 3368 450 3495 508">
     <span class='ocr_line' id='line_1_111' title="bbox 3368 450 3495 508; baseline 0.008 -1"><span class='ocrx_word' id='word_1_433' title='bbox 3368 450 3495 508; x_wconf 80' lang='lat' dir='ltr'><strong>IOl8</strong></span> 
     </span>
    </p>
   </div>
   <div class='ocr_carea' id='block_1_112' title="bbox 1916 1197 3502 1268">
    <p class='ocr_par' dir='ltr' id='par_1_112' title="bbox 1916 1197 3502 1268">
     <span class='ocr_line' id='line_1_112' title="bbox 1916 1197 3502 1268; baseline 0.003 -16"><span class='ocrx_word' id='word_1_434' title='bbox 1916 1202 2044 1253; x_wconf 74' lang='lat' dir='ltr'><strong>CAP.</strong></span> <span class='ocrx_word' id='word_1_435' title='bbox 2072 1197 2260 1253; x_wconf 87' lang='lat' dir='ltr'><strong>XXIII.</strong></span> <span class='ocrx_word' id='word_1_436' title='bbox 2288 1229 2357 1241; x_wconf 81' lang='lat'><strong>—-</strong></span> <span class='ocrx_word' id='word_1_437' title='bbox 2386 1198 2454 1253; x_wconf 87' lang='lat' dir='ltr'><strong>In</strong></span> <span class='ocrx_word' id='word_1_438' title='bbox 2478 1198 2753 1268; x_wconf 75' lang='lat' dir='ltr'><strong>festivitate</strong></span> <span class='ocrx_word' id='word_1_439' title='bbox 2782 1202 2949 1256; x_wconf 85' lang='lat' dir='ltr'><strong>sancti</strong></span> <span class='ocrx_word' id='word_1_440' title='bbox 2976 1201 3247 1260; x_wconf 76' lang='lat' dir='ltr'><strong>Michaelis</strong></span> <span class='ocrx_word' id='word_1_441' title='bbox 3272 1204 3502 1258; x_wconf 77' lang='lat' dir='ltr'><strong>archan-</strong></span> 
     </span>
    </p>
   </div>
   <div class='ocr_carea' id='block_1_113' title="bbox 2024 4938 3531 5016">
    <p class='ocr_par' dir='ltr' id='par_1_113' title="bbox 2024 4938 3531 5016">
     <span class='ocr_line' id='line_1_113' title="bbox 2024 4938 3531 5016; baseline -0.005 -17"><span class='ocrx_word' id='word_1_442' title='bbox 2024 4996 2027 4999; x_wconf 71' lang='lat'>,</span> <span class='ocrx_word' id='word_1_443' title='bbox 2087 4943 2248 5002; x_wconf 90' lang='lat' dir='ltr'><strong>Plebs</strong></span> <span class='ocrx_word' id='word_1_444' title='bbox 2269 4944 2549 5016; x_wconf 85' lang='lat' dir='ltr'><strong>Angelica,</strong></span> <span class='ocrx_word' id='word_1_445' title='bbox 2587 4942 2827 5013; x_wconf 76' lang='lat' dir='ltr'><strong>phalanx</strong></span> <span class='ocrx_word' id='word_1_446' title='bbox 2863 4950 2919 4999; x_wconf 87' lang='lat' dir='ltr'><strong>et</strong></span> <span class='ocrx_word' id='word_1_447' title='bbox 2943 4940 3333 5011; x_wconf 88' lang='lat' dir='ltr'><strong>Archangelica</strong></span> <span class='ocrx_word' id='word_1_448' title='bbox 3371 4938 3531 4994; x_wconf 90' lang='lat' dir='ltr'><strong>Prin-</strong></span> 
     </span>
    </p>
   </div>
   <div class='ocr_carea' id='block_1_114' title="bbox 3022 5032 3463 5106">
    <p class='ocr_par' dir='ltr' id='par_1_114' title="bbox 3022 5032 3463 5106">
     <span class='ocr_line' id='line_1_114' title="bbox 3022 5032 3463 5106; baseline -0.009 -19"><span class='ocrx_word' id='word_1_449' title='bbox 3022 5032 3235 5106; x_wconf 87' lang='lat' dir='ltr'><strong>[cipans</strong></span> <span class='ocrx_word' id='word_1_450' title='bbox 3266 5039 3463 5086; x_wconf 87' lang='lat' dir='ltr'><strong>turma.</strong></span> 
     </span>
    </p>
   </div>
   <div class='ocr_carea' id='block_1_115' title="bbox 2170 5126 2727 5191">
    <p class='ocr_par' dir='ltr' id='par_1_115' title="bbox 2170 5126 2727 5191">
     <span class='ocr_line' id='line_1_115' title="bbox 2170 5126 2727 5191; baseline 0.004 -13"><span class='ocrx_word' id='word_1_451' title='bbox 2170 5126 2349 5182; x_wconf 80' lang='lat' dir='ltr'><strong>Virtus</strong></span> <span class='ocrx_word' id='word_1_452' title='bbox 2378 5127 2631 5191; x_wconf 79' lang='lat' dir='ltr'><strong>Uramca,</strong></span> <span class='ocrx_word' id='word_1_453' title='bbox 2663 5141 2727 5181; x_wconf 91' lang='lat' dir='ltr'><strong>ac</strong></span> 
     </span>
    </p>
   </div>
   <div class='ocr_carea' id='block_1_116' title="bbox 2164 5217 2743 5287">
    <p class='ocr_par' dir='ltr' id='par_1_116' title="bbox 2164 5217 2743 5287">
     <span class='ocr_line' id='line_1_116' title="bbox 2164 5217 2743 5287; baseline -0.003 -16"><span class='ocrx_word' id='word_1_454' title='bbox 2164 5217 2411 5273; x_wconf 89' lang='lat' dir='ltr'><strong>Potestas</strong></span> <span class='ocrx_word' id='word_1_455' title='bbox 2437 5217 2743 5287; x_wconf 90' lang='lat' dir='ltr'><strong>almiphona</strong></span> 
     </span>
    </p>
   </div>
   <div class='ocr_carea' id='block_1_117' title="bbox 2098 5306 3057 5375">
    <p class='ocr_par' dir='ltr' id='par_1_117' title="bbox 2098 5306 3057 5375">
     <span class='ocr_line' id='line_1_117' title="bbox 2098 5306 3057 5375; baseline -0.008 -9"><span class='ocrx_word' id='word_1_456' title='bbox 2098 5310 2443 5367; x_wconf 89' lang='lat' dir='ltr'><strong>Dominantia</strong></span> <span class='ocrx_word' id='word_1_457' title='bbox 2472 5309 2727 5374; x_wconf 83' lang='lat' dir='ltr'><strong>Numina,</strong></span> <span class='ocrx_word' id='word_1_458' title='bbox 2759 5306 3057 5375; x_wconf 90' lang='lat' dir='ltr'><strong>Divinaque</strong></span> 
     </span>
    </p>
   </div>
   <div class='ocr_carea' id='block_1_118' title="bbox 2136 5397 3037 5461">
    <p class='ocr_par' dir='ltr' id='par_1_118' title="bbox 2136 5397 3037 5461">
     <span class='ocr_line' id='line_1_118' title="bbox 2136 5397 3037 5461; baseline -0.003 -10"><span class='ocrx_word' id='word_1_459' title='bbox 2136 5448 2139 5451; x_wconf 35' lang='grc' dir='ltr'><strong><em>λ</em></strong></span> <span class='ocrx_word' id='word_1_460' title='bbox 2171 5401 2436 5456; x_wconf 86' lang='lat' dir='ltr'><strong>Subsellia</strong></span> <span class='ocrx_word' id='word_1_461' title='bbox 2465 5399 2758 5455; x_wconf 88' lang='lat' dir='ltr'><strong>Cherubim</strong></span> <span class='ocrx_word' id='word_1_462' title='bbox 2781 5397 3037 5461; x_wconf 79' lang='lat' dir='ltr'><strong>aetherea,</strong></span> 
     </span>
    </p>
   </div>
   <div class='ocr_carea' id='block_1_119' title="bbox 2167 5492 2875 5561">
    <p class='ocr_par' dir='ltr' id='par_1_119' title="bbox 2167 5492 2875 5561">
     <span class='ocr_line' id='line_1_119' title="bbox 2167 5492 2875 5561; baseline -0.008 -15"><span class='ocrx_word' id='word_1_463' title='bbox 2167 5493 2247 5548; x_wconf 85' lang='lat' dir='ltr'><strong>Ac</strong></span> <span class='ocrx_word' id='word_1_464' title='bbox 2274 5492 2559 5561; x_wconf 89' lang='lat' dir='ltr'><strong>Scrapbim</strong></span> <span class='ocrx_word' id='word_1_465' title='bbox 2588 5492 2875 5561; x_wconf 82' lang='lat' dir='ltr'><strong>lgnlcoma.</strong></span> 
     </span>
    </p>
   </div>
   <div class='ocr_carea' id='block_1_120' title="bbox 2100 5579 3001 5647">
    <p class='ocr_par' dir='ltr' id='par_1_120' title="bbox 2100 5579 3001 5647">
     <span class='ocr_line' id='line_1_120' title="bbox 2100 5579 3001 5647; baseline -0.007 -10"><span class='ocrx_word' id='word_1_466' title='bbox 2100 5582 2225 5646; x_wconf 84' lang='lat' dir='ltr'><strong>Vos,</strong></span> <span class='ocrx_word' id='word_1_467' title='bbox 2259 5598 2293 5637; x_wconf 95' lang='lat' dir='ltr'><strong>o</strong></span> <span class='ocrx_word' id='word_1_468' title='bbox 2325 5581 2575 5645; x_wconf 85' lang='lat' dir='ltr'><strong>Michael,</strong></span> <span class='ocrx_word' id='word_1_469' title='bbox 2604 5579 2729 5635; x_wconf 66' lang='lat' dir='ltr'><strong>coeli</strong></span> <span class='ocrx_word' id='word_1_470' title='bbox 2757 5587 3001 5647; x_wconf 87' lang='lat' dir='ltr'><strong>satrapa,</strong></span> 
     </span>
    </p>
   </div>
   <div class='ocr_carea' id='block_1_121' title="bbox 2167 5672 2825 5743">
    <p class='ocr_par' dir='ltr' id='par_1_121' title="bbox 2167 5672 2825 5743">
     <span class='ocr_line' id='line_1_121' title="bbox 2167 5672 2825 5743; baseline -0.005 -14"><span class='ocrx_word' id='word_1_471' title='bbox 2167 5673 2514 5743; x_wconf 85' lang='lat' dir='ltr'><strong>Gabrielque,</strong></span> <span class='ocrx_word' id='word_1_472' title='bbox 2539 5688 2664 5727; x_wconf 85' lang='lat' dir='ltr'><strong>vera</strong></span> <span class='ocrx_word' id='word_1_473' title='bbox 2692 5672 2825 5727; x_wconf 87' lang='lat' dir='ltr'><strong>dans</strong></span> 
     </span>
    </p>
   </div>
   <div class='ocr_carea' id='block_1_122' title="bbox 2172 5758 2559 5827">
    <p class='ocr_par' dir='ltr' id='par_1_122' title="bbox 2172 5758 2559 5827">
     <span class='ocr_line' id='line_1_122' title="bbox 2172 5758 2559 5827; baseline -0.003 -7"><span class='ocrx_word' id='word_1_474' title='bbox 2172 5766 2331 5821; x_wconf 86' lang='lat' dir='ltr'><strong>Verbi</strong></span> <span class='ocrx_word' id='word_1_475' title='bbox 2344 5758 2559 5827; x_wconf 86' lang='lat' dir='ltr'><strong>nuntia,</strong></span> 
     </span>
    </p>
   </div>
   <div class='ocr_carea' id='block_1_123' title="bbox 2095 5852 3006 5927">
    <p class='ocr_par' dir='ltr' id='par_1_123' title="bbox 2095 5852 3006 5927">
     <span class='ocr_line' id='line_1_123' title="bbox 2095 5852 3006 5927; baseline -0.011 -12"><span class='ocrx_word' id='word_1_476' title='bbox 2095 5859 2270 5927; x_wconf 83' lang='lat' dir='ltr'><strong>Atque</strong></span> <span class='ocrx_word' id='word_1_477' title='bbox 2314 5854 2570 5926; x_wconf 85' lang='lat' dir='ltr'><strong>Raphael,</strong></span> <span class='ocrx_word' id='word_1_478' title='bbox 2612 5855 2734 5910; x_wconf 71' lang='lat' dir='ltr'><strong>vita:</strong></span> <span class='ocrx_word' id='word_1_479' title='bbox 2764 5852 3006 5916; x_wconf 86' lang='lat' dir='ltr'><strong>vernula,</strong></span> 
     </span>
    </p>
   </div>
  </div>
