4046 6420
532 400 675 461 ιρις)
1508 387 1566 445 B.
1607 390 1914 465 uomunt
1948 388 2123 447 BALB

2206 396 2233 455 ,Ι
2273 398 2333 455 S.
2373 397 2578 455 GALLI
2618 397 2924 473 SlONACIII
3658 394 3804 465 1090

758 493 1072 549 Transferte
1110 505 1211 549 nos
1245 490 1389 547 inter
1425 489 1833 562 paradisicolas.
2141 512 2192 573 Α

2141 512 2192 573 Α
2360 509 2468 568 Nos
2503 510 2721 584 fragiles
2742 509 2991 567 homines
3026 506 3241 564 ﬁrmate
3267 507 3519 577 precibus
3541 549 3564 580 κ

680 587 787 642 Per
815 601 911 642 vos
934 585 1116 642 Patris
1141 596 1336 643 cuncta

2364 602 2453 669 Ut,
2476 603 2746 674 Spiritales
2770 602 3067 675 pravitates
3094 608 3276 675 vestro

759 681 1111 764 Complemur
1144 682 1394 737 manda”
1433 696 1552 751 qum
1584 679 1696 735 da"
2432 694 2726 752 Juvaminc
2755 695 3037 751 vincentes
3061 693 3275 749 fortiter

684 774 939 843 Ell'Sdem
964 776 1150 845 sophia
1183 788 1405 853 compa"
1428 786 1667 853 quoque.
2359 789 2533 856 Nunc,
2561 800 2616 845 ct
2638 790 2692 846 in
2720 804 2895 845 aevum
2927 788 3095 843 vestri
3118 788 3288 842 simus
3312 786 3470 858 digni.

759 867 1022 932 Pneuma.
1052 883 1160 922 una
1189 881 1512 938 Permanens
1538 866 1591 920 ίη
1616 864 1735 922 ῖιεῖίὶ
1796 922 1799 925 ς
2433 880 2722 938 Solemniis
2744 880 3004 935 interesse
3030 879 3222 934 sacris.

755 958 859 1027 Qui
891 959 1024 1014 estis
1048 950 1503 1014 administrantia‘

2362 971 2492 1037 Vos,
2522 985 2659 1042 quos
2686 970 2782 1026 Dei
2805 970 2985 1042 gratia
3008 969 3228 1027 vincere
3256 977 3440 1029 terrea,

750 1051 863 1106 Deo
893 1050 1058 1106 millia
1084 1049 1308 1104 millium
1335 1065 1511 1105 sacra.
2352 1060 2427 1117 Ει
2448 1060 2655 1134 angelis
2678 1059 2856 1117 socios
2882 1058 3011 1114 fecit
3039 1072 3163 1115 esse
3182 1057 3337 1129 polo;

686 1141 843 1198 Viees
868 1156 965 1213 per
993 1142 1080 1198 bis
1107 1142 1299 1213 quinas
1326 1143 1411 1199 bis
1442 1149 1605 1213 atque
1655 1186 1659 1191 .
2362 1152 2472 1209 vos
2500 1151 2842 1223 patriarchae,
2872 1149 3168 1221 prophetae,

752 1232 1056 1304 Qningema
1095 1242 1279 1290 νθεῑΐδ
2430 1244 2696 1315 Apostoli,
2722 1242 3094 1310 confessorcs,
3121 1250 3412 1314 martyres,

681 1324 922 1383 Centena
950 1325 1170 1381 millena
1196 1326 1459 1381 assistunt
2435 1332 2705 1400 Monachi,
2734 1333 2990 1405 virgines,

755 1418 814 1474 In
844 1416 986 1483 aula,
1018 1417 1083 1472 ad
1110 1432 1270 1487 quam
1302 1431 1397 1471 rex
1430 1430 1587 1472 ovem
1976 1418 1977 1421 “
2362 1422 2428 1479 Et
2446 1423 2731 1481 viduarum
2759 1432 3071 1480 sanctarum
3092 1422 3444 1493 omniumque

749 1506 1118 1564 Centesimam
1160 1507 1485 1578 Verbigena,
2430 1514 2765 1572 Placentiam
2800 1514 3025 1587 populos
3046 1529 3300 1587 supremo
3330 1514 3572 1575 Domino

753 1599 1187 1669 Dracbmamque
1216 1598 1480 1654 decimam
2364 1606 2474 1664 Nos
2493 1606 2823 1677 adiutorium
3547 1590 3556 1597 ’

751 1692 943 1747 Vestra
975 1691 1130 1747 duxit
1164 1691 1231 1747 ad
1261 1690 1548 1763 agalmata.
1761 1691 1764 1694 ’
2363 1698 2538 1767 Nunc,
2569 1708 2625 1756 et
2649 1699 2963 1770 perenniter

682 1786 791 1842 Vos
815 1798 912 1854 per
938 1777 1160 1851 7Ethra,
1188 1798 1287 1840 nos
1310 1798 1408 1854 per
1430 1798 1556 1838 rura
1588 1792 1767 1838 terrea

2360 1791 2579 1857 Foveat,
2604 1800 2871 1863 protegat,
2905 1798 2964 1846 ut
2986 1798 3224 1846 vestrum
3249 1789 3305 1844 in
3332 1789 3419 1845 die

748 1876 883 1934 Pars
911 1877 1086 1935 electa
1115 1876 1401 1933 harmonia
1430 1887 1577 1933 vota.
2154 1898 2199 1955 Β
2432 1883 2714 1939 Poscimus
2738 1883 3060 1955 gaudiorum
3092 1890 3413 1938 vestrorum.

745 1968 947 2025 Damus
973 1970 1099 2025 hinc
1137 1972 1234 2040 per
1261 1969 1464 2040 lyricas
1490 1969 1777 2041 cytharas;
2258 1975 2388 2032 Car.
2416 1974 2631 2032 XXVII.
2658 2007 2727 2016 —
2755 1975 2821 2029 In
2854 1972 3050 2029 Natale
3072 1974 3241 2029 sancti
3273 1972 3495 2027 Martini
3521 1971 3769 2041 episcom.

676 2061 793 2129 Quo
828 2072 951 2131 post
985 2058 1126 2117 bella
1159 2060 1435 2117 Michaelis
1462 2061 1659 2133 inclyta
2362 2065 2712 2124 Sacerdotem
2741 2065 2944 2122 Christi

742 2153 939 2209 Nostra
987 2153 1095 2209 Deo
1124 2154 1235 2209 sint
1264 2161 1486 2223 accepta
1514 2166 1729 2207 auream
2432 2157 2726 2214 Martinum
2753 2164 2950 2214 cuncta
2978 2170 3075 2227 per
3095 2155 3284 2212 orbem

743 2244 920 2314 Super
948 2259 1099 2299 aram
1136 2244 1486 2315 thymiamata
1519 2261 1532 2297 :
2429 2247 2601 2305 Canat
2628 2246 2869 2304 Ecclesia
2903 2246 3053 2316 pacis
3075 2244 3381 2312 catholicae,

672 2335 791 2402 Quo
820 2336 874 2389 in
904 2351 1082 2391 coaeva
1105 2334 1215 2405 jam
1245 2337 1417 2407 gloria
2360 2341 2543 2412 Atque
2575 2340 2719 2397 illius
2739 2353 2935 2396 nomen
2964 2336 3143 2394 omnis

672 2428 1144 2485 Condecantemus
1173 2427 1409 2484 alleluia.
2136 2462 2178 2497 ο
2427 2431 2730 2489 Haereticus
2752 2430 2917 2502 fugiat
2936 2430 3188 2501 pallidus.

833 2520 963 2576 Car.
1007 2519 1176 2577 XXV.
1210 2553 1278 2562 —
1302 2522 1382 2576 De
1415 2505 1596 2577 sancto
1633 2520 1811 2578 Gallo.
2360 2523 2640 2581 Pannonia
2666 2524 2880 2580 lzetetur
2913 2523 3149 2595 genitrix

672 2612 876 2668 Dilecte
904 2612 1033 2679 Deo,
1063 2612 1235 2681 Galle,
1261 2614 1487 2685 perenni
1808 2662 1813 2667 .
2431 2615 2580 2672 Talis
2604 2614 2735 2670 ﬁlii:

743 2704 1189 2776 Hominibusque,
1218 2715 1274 2760 et
1298 2706 1532 2763 coetibus
1558 2707 1899 2780 angelorum,
2354 2706 2505 2762 Italia
2532 2706 2766 2763 exsultet
2790 2705 2973 2762 alitrix

670 2796 772 2864 Qui
800 2796 926 2853 Iesu
953 2796 1156 2852 Christi
1183 2797 1444 2854 obediens
2428 2797 2591 2854 Tanti
2612 2798 2851 2868 juvenis,

737 2889 934 2944 Arduze
967 2889 1206 2945 suasioni
2358 2889 2426 2944 Et
2454 2888 2642 2946 Galliae
2664 2890 2807 2946 trina
2836 2888 3033 2946 divisio
3054 2884 3410 2945 saero'certet

668 2979 876 3036 Przedia
908 2980 1102 3051 patris,
1131 2980 1397 3053 gremium
1438 2981 1652 3051 matris,
2427 2978 2648 3051 Litigio,
2683 2980 2837 3054 cujus
2865 2994 2987 3036 esse
3016 2980 3209 3036 debeat
3229 2979 3445 3051 praesul.

670 3072 928 3144 Conjugis
959 3089 1170 3140 curam,
1219 3073 1429 3130 ludicra
1467 3078 1583 3133 nati
2357 3068 2465 3126 Sed
2492 3070 2697 3140 pariter
2724 3070 2925 3127 habere
2948 3085 3007 3125 se
3034 3079 3243 3140 patrem
3266 3082 3456 3126 omnes

673 3164 960 3234 Sprevisti,
991 3179 1285 3236 pauperem
1315 3158 1520 3239 pauper
2156 3236 2181 3239 ᾼ
2427 3160 2711 3217 Gaudeant
2740 3160 2943 3216 Turoni
2969 3160 3099 3225 soli,

747 3259 1034 3315 Dominum
1064 3248 1328 3331 Sequens,
1422 3236 1441 3239 ﬁ
1575 3245 1578 3248 ’
2139 3236 2185 3298 C
2425 3249 2556 3320 Ejus
2586 3264 2785 3322 corpus
2814 3249 3054 3306 foveant.

674 3343 739 3397 Et
765 3359 979 3403 crucem
1009 3350 1218 3421 gaudiis
1238 3354 1522 3423 praetulisti
1555 3342 1831 3416 lubricis..
2356 3345 2493 3401 "llic
2518 3344 2880 3410 Francorum.
2911 3352 3075 3414 alque
3100 3341 3407 3399 Germania

671 3429 777 3487 Sed
801 3432 1048 3493 Christus
1074 3442 1247 3510 pretio
1284 3444 1646 3514 centuplicato
2421 3436 2582 3493 Plebs
2608 3437 2786 3493 omnis
2813 3435 3057 3507 PlaUdal.

670 3522 798 3580 Haec
827 3540 1159 3599 compensat,
1198 3542 1257 3588 ut
1282 3534 1399 3591 dies
1422 3535 1525 3592 iste
2355 3528 2559 3598 Quibus
2585 3527 2871 3583 Videndum
2894 3526 3100 3582 ίηνθιῖι

739 3616 1026 3691 Testatur,
2427 3619 2717 3675 Dominum
2754 3619 2806 3673 in
2832 3633 2930 3674 sua
2954 3627 3127 3674 veste.

671 3707 808 3765 Dum
841 3711 937 3768 tibi
965 3728 1062 3770 nos
1082 3730 1270 3773 omnes
1300 3718 1437 3776 ﬁlios
2357 3709 2455 3765 Hic
2478 3710 2708 3766 celebris
2728 3718 2813 3765 est
2842 3709 3061 3782 Egypti
3084 3709 3359 3778 Patribus,
3395 3708 3624 3766 Gracia:

738 3800 893 3858 Dulci
920 3804 1101 3862 subdit
1123 3805 1317 3864 affectu
1336 3848 1354 3875 ,
2424 3800 2651 3871 Quoque
2672 3802 2883 3857 cunctis
2912 3801 3255 3872 sapientibus
3278 3791 3315 3869 ,r

670 3890 1050 3966 Sueviamque,
1092 3913 1310 3955 suavem
1345 3900 1579 3971 pan-iam
2356 3891 2458 3959 Qui
2489 3892 2727 3964 impares
2755 3907 2814 3949 se
2845 3892 3063 3949 Martini
3092 3892 3301 3949 meritis

738 3983 881 4050 Tibi,
904 3985 1079 4054 Galle,
1118 3989 1336 4046 donavit
1362 4008 1377 4046 :
2040 4008 2045 4013 υ
2427 3984 2679 4041 Sentiunt
2700 3999 2914 4056 quoque
2937 3983 3055 4054 ejus
3079 3985 3459 4043 medicamine.

669 4069 887 4129 Necnon
915 4084 971 4131 et
989 4076 1222 4145 judicent
1248 4079 1301 4133 in
1328 4080 1481 4136 caelis
1509 4084 1872 4153 apostolorum
2359 4075 2494 4132 Nam
2517 4075 2696 4133 {chres
2718 4075 2889 4141 sedat»
2916 4075 3309 4147 ἀωηιοηθείιυυ
3327 4073 3511 4149 “183‘;

739 4162 920 4220 Choro
939 4163 1191 4235 junctum
1223 4178 1276 4224 te
1298 4167 1651 4228 fecitsedere.
2339 4208 2348 4215 -
2431 4168 2733 4239 Paralytica
2761 4169 3005 4225 membra
3035 4168 3298 4241 glutinat;

671 4251 746 4310 Te
772 4270 917 4311 nune
945 4253 1258 4328 suppliciter
1284 4276 1590 4331 precamur,
1620 4271 1679 4318 ut
1710 4266 1865 4324 nobis

1710 4266 1865 4324 nobis
2361 4261 2425 4315 Et
2452 4252 2789 4317 mortuorum
2813 4275 2910 4316 sua
2938 4276 3101 4331 prece
3131 4261 3292 4317 trium

731 4349 915 4406 Iesum
946 4350 1242 4420 Christum,
1275 4353 1447 4424 Galle,
1474 4358 1716 4430 postules
1752 4360 1934 4419 facere

1752 4360 1934 4419 facere
2427 4351 2625 4408 Reddit
2659 4363 2885 4422 corpora
2912 4350 3039 4407 vitae
3066 4351 3327 4422 pristinae.

664 4437 732 4492 Et
756 4438 936 4495 locum
959 4443 1201 4511 corporis
1226 4442 1341 4513 ejus
2357 4443 2456 4499 llic
2480 4442 2619 4499 ritus
2640 4442 2931 4514 sacrilegos
2961 4443 3225 4512 destruit,

736 4528 882 4586 Pace
904 4531 1116 4602 repleas
1135 4574 1151 4599 ,
2133 4570 2189 4631 Β
2426 4533 2493 4589 Ει
2520 4532 2587 4589 ad
2615 4532 2816 4589 Christi
2841 4532 3071 4603 gloriam

669 4620 748 4675 Ae
769 4628 891 4678 tuos
919 4623 1188 4693 supplices
1215 4625 1402 4681 crebra
1540 4644 1543 4647 ·
2133 4620 2181 4631 ⁸⁷
2428 4626 2529 4680 Dat
2563 4625 2777 4696 ignibus
2810 4624 2973 4680 idola.

738 4708 908 4766 Prece
934 4711 1183 4769 subleves
1204 4752 1219 4779 ,
2355 4714 2455 4771 Hic
2476 4715 2634 4771 nudis
2660 4716 2916 4786 mysteria
2939 4716 3180 4774 brachiis

671 4797 743 4853 Ut
762 4798 861 4855 tibi
886 4799 1123 4857 debitam
1150 4800 1622 4863 honoriﬁcentiam
2433 4805 2739 4863 Conﬁciens
2762 4808 3019 4876 praeditus
3038 4819 3094 4865 et
3113 4810 3321 4867 caelesti
3342 4808 3564 4868 lumine.

668 4888 980 4947 Laetabundi
1004 4908 1220 4965 semper
1244 4910 1552 4953 mereamur
1572 4899 1801 4971 solvere,
2358 4897 2457 4955 Hic
2474 4899 2646 4956 oculis
2669 4913 2734 4954 ac
2754 4899 3004 4955 manibus
3030 4899 3085 4955 in
3113 4900 3312 4957 cmlum

667 4978 710 5032 Ο
735 4979 906 5049 Galle,
932 4983 1044 5039 Deo
1058 4984 1275 5042 dilecte.
2423 4988 2493 5043 Et
2520 4989 2648 5044 totis
2674 4988 2880 5043 viribus
2902 5004 3218 5059 suspensus,

649 5069 777 5126 Car.
807 5070 997 5128 XXVI.
1018 5105 1089 5114 —
1112 5075 1181 5130 In
1208 5076 1340 5147 festo
1386 5081 1619 5136 omnium
1641 5082 1975 5137 Sanctorum.
2430 5079 2668 5137 Terrena
2701 5089 2897 5136 cuneta
2922 5082 3152 5153 respuit.

665 5161 866 5220 Omnes
887 5166 1061 5223 sancti
1088 5168 1398 5239 seraphim,
2352 5172 2483 5244 Ejus
2509 5173 2590 5228 ori
2621 5187 2895 5241 nunquam
2925 5171 3173 5230 Christus
3193 5174 3388 5242 abfuit,

732 5254 1046 5325 Cherubim,
1076 5259 1256 5314 throni
1292 5275 1536 5331 quoque,
2427 5264 2554 5319 Sive
2577 5263 2812 5332 justitia,
2840 5263 2925 5319 vel
2952 5264 3215 5335 quidquid

732 5344 1269 5419 Dominationesque,
1296 5350 1654 5423 principatus,
2422 5355 2505 5410 Ad
2531 5368 2715 5409 veram
2739 5355 2902 5409 vitam
2930 5355 3187 5426 pertinet.

735 5436 1062 5505 Potestates,
1097 5441 1361 5509 virtutes,
2354 5445 2521 5516 Igitur
2552 5453 2601 5501 te
2619 5446 2798 5501 cuncti
2821 5446 3096 5516 poscimus

661 5527 1007 5601 Archangeli,
1031 5533 1230 5604 angeli,
1256 5550 1351 5592 vos
1377 5536 1536 5593 decet
2422 5536 2467 5593 O
2504 5536 2754 5601 Martine,
2788 5547 2847 5590 ut
2875 5536 2967 5605 qui
2990 5536 3158 5592 multa

735 5614 883 5673 Laus
910 5627 965 5674 et
987 5620 1239 5678 honores.
2421 5628 2554 5683 Mira
2578 5629 2667 5684 hic
2696 5628 3002 5694 ostendisti,

661 5704 892 5765 Ordines
926 5724 1165 5768 novenos
1196 5715 1483 5784 spirituum
1513 5716 1819 5783 beatorum,
2349 5718 2522 5773 Etiam
2548 5717 2616 5772 de
2646 5716 2782 5773 coelo
2802 5718 3029 5788 gratiam
3060 5715 3262 5778 Christi
3286 5722 3443 5776 nobis

666 5796 772 5867 Vos
802 5802 856 5857 in
880 5800 975 5859 Dei
1002 5802 1250 5861 laudibus
1274 5807 1510 5865 ﬁrmavit
1533 5810 1795 5875 Charitas,
2392 5856 2397 5860 .
2421 5806 2730 5879 Supplicatu
2764 5817 2853 5864 tuo
2877 5823 3093 5880 semper:
3119 5809 3389 5867 infundas.
