4046 6426
186 467 327 525 1021
1388 452 1594 509 LIBER
1636 446 2207 515 SEQUENTIARUM.

224 586 355 639 Car.
379 580 612 639 XXVIII.
641 609 710 619 —
755 576 816 631 In
847 573 1039 629 Natale
1073 571 1240 627 sancti
1280 570 1486 625 Otmari
1518 568 1739 621 abbatis.
1806 567 1854 625 Α

330 671 517 729 Laude
538 669 757 739 dignum
789 672 1037 720 sanctum
1058 669 1221 716 canat

400 762 684 825 Otmarum
714 756 912 811 Suevna
939 762 1117 807 mater

337 856 499 911 Tales
536 852 648 907 nati
683 850 927 921 profectu
951 846 1230 917 gratulans
1259 857 1493 914 semper.

335 947 436 1002 Hic
472 944 622 1000 velut
648 942 798 996 sidus
822 939 1083 995 eximium

405 1036 648 1092 Placitus
680 1033 791 1088 Deo

330 1131 477 1184 Inter
502 1127 774 1183 fraternas
802 1122 1061 1193 caligines

402 1218 653 1274 Rutilans
691 1216 876 1270 micat.

330 1310 430 1377 llic
450 1307 577 1363 Jesu
606 1296 810 1361 Christi
837 1299 1122 1374 praeceptis
1145 1296 1326 1369 paruit
1355 1302 1659 1367 promptus.

332 1400 432 1455 llic
453 1397 569 1467 ejus
600 1394 860 1451 membris
883 1390 1136 1448 subvenit

406 1488 643 1544 Minimis
670 1486 876 1555 largus.

331 1583 485 1639 Nunc
508 1596 619 1637 sua:
642 1579 897 1649 perfectae
925 1575 1051 1630 vitae
1077 1589 1135 1629 se

398 1673 614 1728 Testem
643 1669 863 1725 exhibet
885 1709 899 1733 ,

330 1763 543 1820 Debiles
573 1760 813 1817 curando
844 1770 1007 1828 atque

402 1855 658 1911 Fovendo
680 1851 971 1922 supplices.

330 1945 618 2014 Huncjam
650 1944 884 2001 coetibus
918 1942 1268 2011 conjunctum

400 2037 724 2095 Sanctorum
752 2034 932 2091 cuncti
955 2048 1266 2105 precemur,

272 2206 275 2213 ι
349 2129 401 2189 Jt
422 2145 521 2187 nos
544 2128 762 2200 fragiles
793 2140 1007 2196 semper
1035 2124 1289 2181 conciliet
1318 2122 1549 2177 Domino
1584 2121 1714 2185 Deo,

401 2222 504 2291 Qui
544 2229 734 2293 regnat
758 2217 1002 2273 Trinitas
1034 2225 1245 2272 sancta.

180 2344 319 2405 CAP.
348 2286 542 2389 XlllX.
566 2286 635 2373 -ζ
664 2331 742 2386 De
776 2328 971 2385 Natale
999 2328 1169 2384 sancti
1202 2326 1510 2383 Columbam
1548 2286 1776 2381 abbatis.

337 2448 382 2501 Λ
416 2444 544 2500 solis
574 2458 771 2499 occasu

410 2535 596 2605 Usque
616 2534 684 2588 ad
718 2542 967 2588 exortum

340 2629 437 2683 Est
456 2627 666 2682 cunctis
686 2639 884 2680 nomen
917 2632 1079 2687 tuum

416 2721 583 2787 Deus,
612 2717 901 2778 laudabile,

336 2810 441 2880 Qui
464 2810 589 2865 inde
612 2823 810 2862 novum
842 2806 1007 2861 solem

409 2902 579 2958 Mittis
607 2901 745 2956 mira
765 2900 901 2972 lege,

339 2994 440 3062 Qui
460 2994 659 3050 lustrat
686 2994 874 3049 orbem
907 2992 1075 3047 radiis

341 3088 408 3141 Et
429 3085 545 3141 fotu
580 3094 754 3139 terras
781 3091 1013 3153 vegetet.

338 3179 456 3243 llic,
481 3177 845 3233 Columbauus
869 3174 1109 3239 nomine,

410 3266 744 3325 Columbina:
773 3265 897 3319 vitae
932 3263 1052 3327 fuit,

341 3359 544 3429 Dignus
578 3357 776 3415 habere
802 3354 1037 3425 Spiritus
1064 3354 1239 3409 sancti

415 3447 615 3520 PignUs
642 3448 692 3502 in
722 3449 823 3503 hac
849 3448 984 3501 vita.

344 3539 443 3615 llic
464 3547 666 3595 terram
694 3555 816 3593 cum
842 3539 1118 3594 Abraham
1157 3537 1377 3608 reliquit

408 3633 477 3688 Et
497 3643 753 3703 cognatos
780 3640 1000 3702 propter
1025 3632 1227 3697 Deum;

342 3724 441 3780 Hic
466 3739 588 3779 cum
608 3724 814 3779 Joanne
839 3725 979 3793 regis
1007 3724 1273 3780 incestum

413 3816 696 3886 lncrepare
726 3831 832 3871 non
862 3817 1093 3883 metuit;

342 3907 479 3962 Huic
510 3915 722 3978 pastum
752 3908 842 3961 dat
869 3906 1012 3962 Deus

408 4018 466 4073 In
498 4019 710 4073 deserto
741 4034 863 4072 cum
896 4018 1112 4089 Moyse;

341 4109 477 4171 Huic
506 4109 705 4164 cmlum
734 4109 957 4179 obsequi
985 4118 1069 4164 est

415 4199 670 4255 Paratum
701 4216 820 4254 CIIII]
845 4198 1009 4257 Josue
1031 4219 1045 4269 ;

340 4292 442 4347 llic
469 4291 614 4347 feras
643 4291 996 4347 mansuefecit
1022 4302 1078 4348 et
1103 4308 1323 4359 corvos,

421 4381 490 4438 Ut
524 4381 705 4437 Helias
738 4391 794 4437 et
823 4382 1040 4451 Daniel;

340 4474 440 4531 llic
465 4475 900 4544 persecutionem
930 4490 1054 4530 cum
1094 4475 1354 4547 apostolis

420 4563 619 4620 Christi
656 4566 955 4635 perpetitur
977 4583 993 4632 ;

344 4653 482 4708 Iluie
508 4653 624 4723 ipse
650 4654 901 4709 veritatis
933 4654 1281 4719 hostis,hutu
1311 4654 1429 4721 Dei,

347 4745 599 4800 Testatur
627 4745 771 4814 quod
808 4745 895 4800 hic
922 4745 1171 4802 veritatis

419 4836 608 4892 Cultor
632 4835 794 4892 foret.

344 4907 455 4963 Nos
479 4921 609 4977 ergo
643 4916 695 4962 te
722 4909 1085 4977 deposcnuus,

346 5003 530 5069 Beate,
554 5017 661 5072 quo
685 5017 785 5057 nos
813 5002 1043 5057 Domino
1076 5010 1128 5056 tu
1158 5003 1526 5057 commendes.

250 5122 383 5174 Car.
416 5118 586 5174 XXX.
614 5150 682 5160 -——
707 5119 775 5174 In
802 5119 997 5175 Natale
1023 5120 1192 5175 sancti
1221 5119 1445 5175 Andreas
1477 5116 1719 5189 apostoli.

348 5233 512 5297 Deus,
544 5233 598 5287 in
640 5241 729 5287 tua
757 5233 961 5288 virtute

424 5323 658 5379 Sanctus
680 5322 924 5380 Andreas
949 5325 1148 5397 gaudet
1168 5333 1222 5381 et
1244 5325 1460 5380 laetatur
1475 5364 1488 5390 ,

414 5415 672 5469 Eamdem
699 5417 1009 5471 comitatus.

351 5506 587 5561 Piscatio
617 5507 725 5559 nali
765 5507 838 5561 tui
865 5508 977 5577 ipse
1009 5506 1240 5576 primum

427 5598 624 5653 Factus
646 5599 878 5668 piscator
903 5599 1222 5670 populorum

348 5688 712 5758 Myrmidones
739 5688 1049 5743 idololatras
1081 5690 1169 5743 diu

420 5780 762 5852 Fluctivagos
784 5781 885 5835 rite
915 5782 1057 5851 cepit
1088 5780 1231 5835 ﬁdei.

350 5871 420 5945 lis
441 5871 648 5944 legibus
671 5872 931 5929 Achaiam
959 5872 1063 5928 tuis
1091 5872 1251 5940 Deus,

1811 4665 1868 4725 D

2092 570 2280 626 Victor
2301 570 2442 626 illius
2473 570 2775 641 subiugavit

2022 662 2089 717 Et
2115 670 2373 733 tropazum
2403 663 2604 720 Christi
2634 665 2710 718 tui
2744 664 2860 718 ﬁxit

2092 755 2191 821 lbi,
2222 756 2421 811 bonum
2450 752 2507 812 se
2532 748 2813 813 ostentans
2840 755 3099 821 militem;

2022 845 2320 912 Miraculis,
2350 847 2661 912 virtutibus,
2694 846 2953 902 doctrinis

2096 938 2429 1008 Quacunque
2457 939 2679 1008 quaesita
2709 937 2875 1009 spolia

2094 1028 2236 1095 Tibi,
2274 1044 2307 1085 ο
2339 1028 2478 1095 Rex,
2509 1028 2721 1095 attulit,

2022 1120 2197 1190 Atque
2236 1136 2335 1174 suo
2360 1134 2553 1174 cruore
2577 1118 2834 1190 triumphi
2866 1108 3140 1188 inscripsit
3173 1115 3358 1172 titulos

2089 1211 2190 1266 Τιιί
2222 1226 2431 1282 regum,
2457 1213 2700 1267 Domine.

2024 1302 2187 1357 Istum
2219 1304 2395 1357 crucis
2425 1303 2632 1359 socium
2663 1313 2717 1357 et
2748 1303 2897 1373 regni
2932 1301 3205 1357 credimus

2019 1393 2223 1448 Christi
2247 1393 2370 1448 Filii
2400 1394 2495 1458 tui,
2525 1402 2685 1465 atque
2717 1391 3087 1448 fraterculum.

2023 1482 2129 1537 Nos
2154 1484 2315 1554 igitur
2339 1485 2577 1554 peccatis
2606 1484 2811 1538 nostris

2096 1576 2319 1631 Cravati
2362 1586 2433 1641 te,
2468 1578 2630 1643 Deus,
2656 1575 2953 1647 poscimus,

2028 1667 2095 1723 Ut
2121 1668 2284 1734 illius,
2314 1669 2405 1738 qui
2439 1676 2527 1722 tua
2555 1681 2768 1737 semper

2096 1759 2348 1815 Scctatus
2378 1769 2648 1831 praecepta
2682 1759 2775 1814 tibi
2803 1766 3000 1829 placet,

2095 1849 2204 1905 Nos
2228 1850 2621 1906 intercessione
2649 1849 2852 1904 tuearis

2095 1947 2152 2001 In
2184 1957 2471 2004 aeternum.

2233 2059 2361 2115 Car.
2392 2059 2583 2115 XXXI.
2626 2091 2696 2101 ——
2730 2058 2811 2113 De
2833 2055 3102 2129 apostolis.

2023 2176 2181 2233 Clare
2216 2186 2531 2232 sanctorum

2092 2266 2326 2323 Senatus
2354 2268 2741 2338 apostolorum,
2773 2268 3024 2338 princeps

2097 2358 2259 2418 Orbis
2284 2367 2549 2414 terrarum
2578 2367 2869 2428 rectorque
2890 2372 3200 2428 regnorum,

2022 2436 2387 2505 Ecclesiarum
2418 2465 2598 2506 mores
2634 2460 2689 2507 et
2709 2452 2875 2507 vitam

2095 2542 2398 2607 Moderare,

2024 2633 2155 2701 Qua:
2180 2650 2277 2703 per
2298 2635 2601 2691 doctrinam
2635 2648 2779 2689 tuam

2101 2723 2319 2780 Fideles
2345 2732 2470 2780 sunt
2498 2725 2696 2794 ubique

2026 2815 2331 2871 Antiochus
2357 2824 2412 2870 et
2435 2815 2639 2871 Remus
2664 2800 2975 2869 concedunt

2095 2908 2239 2975 Tibi,
2269 2908 2451 2976 Petre,
2482 2909 2635 2979 regni
2662 2908 2879 2965 solium.

2029 3000 2392 3072 Tyrannidem
2422 3008 2499 3065 tu,
2528 2999 2716 3065 Paule,
2748 2998 3169 3055 Alexandrinam

2098 3093 2348 3149 luvasisti
2377 3091 2666 3149 Graeciam.

2028 3184 2309 3255 Ethiopes
2338 3184 2608 3253 horridos,
2634 3184 2905 3252 Mattnaee,

2097 3275 2309 3347 Agnelli
2334 3275 2535 3331 vellere

2030 3363 2130 3432 Qui
2167 3365 2410 3421 maculas
2438 3364 2645 3419 nesciat
2676 3365 2882 3435 aliquas

2100 3456 2323 3513 Vestisti
2353 3457 2604 3512 candido.

2029 3547 2259 3615 Thoma,
2286 3548 2702 3613 Bartholomaze,

2109 3640 2365 3703 Joannes,
2396 3641 2664 3712 Philippe,
2703 3641 2911 3705 Simon,

2098 3731 2396 3801 Jacobique
2423 3732 2641 3802 pariles,

2029 3822 2266 3887 Andrea,
2299 3821 2551 3887 Thadme,
2576 3821 2669 3876 Dei
2697 3819 2987 3875 bellatores
3018 3815 3224 3887 inclyti,

2030 3913 2109 3968 En
2130 3927 2246 3976 vos,
2276 3911 2562 3975 Occidens.
2603 3920 2656 3967 et
2695 3910 2910 3975 Oriens,

2027 4003 2139 4059 Imo
2167 4012 2310 4060 teres
2344 4003 2529 4059 mundi

2098 4093 2346 4151 Circulos
2375 4110 2433 4151 se
2466 4095 2656 4150 Patres
2682 4095 2885 4151 habere

2102 4188 2315 4243 Gaudet
2334 4199 2389 4243 et
2414 4196 2694 4258 exspectat
2714 4187 2946 4255 judices.

2031 4278 2099 4333 Et
2130 4279 2334 4335 idcirco
2362 4278 2592 4333 mundus
2624 4278 2802 4333 omnis
2827 4275 3012 4330 laudes

2099 4371 2287 4437 Vobis,
2312 4379 2368 4424 et
2396 4371 2660 4426 honorem
2685 4368 2890 4421 sanctis
2918 4365 3156 4421 debitum
3220 4440 3221 4443 η

2104 4460 2340 4531 Supplex
2366 4458 2647 4528 impendit.

2202 4574 2329 4629 Car.
2360 4571 2577 4627 XXXII.
2616 4601 2685 4611 ——
2720 4570 2796 4623 De
2835 4565 3169 4637 martyribus.

2035 4691 2217 4761 Agone
2245 4686 2555 4757 triumphali
3026 4729 3035 4735 .

2105 4779 2331 4833 Militum
2355 4775 2519 4848 Regis
2547 4773 2746 4831 summi
2774 4762 2887 4828 dies
2914 4770 3035 4837 isre,

2107 4868 2349 4926 Celebris
2377 4875 2462 4923 est
2488 4866 2720 4938 pepulis,
2749 4865 2965 4920 Christo
2993 4862 3102 4933 regi
3128 4858 3379 4916 credulis.

2038 4962 2102 5017 lli
2134 4961 2589 5017 delectamentum
2613 4966 2935 5027 respuerant

2110 5050 2502 5117 Mundanorum

2038 5141 2107 5196 Et
2136 5154 2355 5195 erucem
2390 5146 2518 5193 tunc
2548 5147 2759 5209 turpem
2782 5133 3020 5206 quotidie

2108 5230 2449 5301 Bajularunt.

2038 5321 2148 5378 llos
2168 5321 2367 5375 nullius
2388 5318 2576 5374 feritas
2604 5333 2633 5371 a
2664 5316 2881 5373 Christo
2904 5319 3137 5381 separat,

2038 5413 2178 5481 Quin
2202 5410 2269 5466 ad
2291 5425 2413 5466 eum
2444 5409 2707 5464 mortibus

2111 5503 2344 5560 Millenis
2372 5508 2691 5572 properent.

2042 5596 2158 5652 Non
2181 5592 2531 5655 carcerullus,
2555 5600 2648 5645 aut
2679 5598 2869 5644 catena
2934 5580 2941 5585 ’

2117 5688 2361 5744 Molliunt
2390 5685 2547 5739 fortia
2577 5685 2631 5738 in
2661 5682 2881 5738 Christo
2908 5691 3144 5751 pectora.

2046 5778 2152 5834 Sed
2181 5790 2280 5831 nec
2310 5774 2546 5829 ferarum
2574 5787 2787 5827 morsus
2808 5770 2909 5826 diri
2932 5778 3231 5847 martyrum

2117 5866 2357 5924 Solidum
2382 5874 2644 5922 excavant
2677 5862 2937 5919 animum.

3326 456 3465 514 {0'22
