4046 6418
588 421 728 480 1025

734 533 852 589 Non
888 534 1175 594 imminens
1206 541 1369 611 capiti

797 627 1018 686 Gladius
1049 633 1261 688 territat

728 721 1073 781 Fortissitnos
1099 728 1297 785 milites
1322 731 1508 800 Optimi
1543 733 1774 789 Domini.

711 810 879 867 Nunc
901 827 1061 868 manu
1096 815 1192 872 Dei
1221 819 1484 889 complexi
1519 834 1938 895 persequentqu

794 902 1059 960 lnsultant
1087 905 1364 967 furoribus
1379 953 1395 978 ,

793 993 1073 1061 Quondam
1104 1001 1412 1061 crudelibus
1438 1023 1452 1073 ;

721 1085 789 1140 Et
813 1085 1013 1144 Christi
1043 1089 1184 1160 plebi
1211 1095 1451 1153 solamen

790 1174 1147 1248 Suppeditant
1169 1182 1222 1239 in
1248 1190 1460 1244 cunctis

789 1267 1091 1328 Laboribus
1113 1273 1305 1333 lubrici
1335 1281 1538 1338 smeuli.

718 1359 845 1426 Vos,
879 1359 1080 1418 Christi
1113 1377 1381 1440 martyres
1397 1411 1413 1438 ,

715 1447 825 1505 Nos
846 1449 999 1506 valde
1027 1450 1244 1525 fragiles

711 1537 973 1602 Precibus
997 1563 1096 1605 nos
1119 1548 1452 1620 justojudici
1478 1553 1708 1613 sinceris

783 1629 992 1704 Jugiter
1013 1641 1394 1699 commendare
1419 1655 1606 1701 curate

845 1744 977 1804 CAP.
1006 1748 1242 1808 XXXIII.
1284 1785 1354 1795 —
1378 1754 1457 1812 De
1485 1774 1589 1814 uno
1620 1770 1869 1834 martyre.

713 1855 852 1924 Quid
879 1867 958 1927 tu,
983 1863 1133 1934 virgo
1161 1876 1356 1933 mater,

779 1946 986 2019 Ploras,
1015 1953 1220 2012 Rachel
1247 1957 1503 2025 formosa,

707 2035 872 2107 Cujus
899 2041 1080 2100 vultus
1104 2043 1272 2104 Jacob
1301 2050 1572 2108 delectat?

707 2126 818 2183 Ceu
852 2133 1055 2188 sororis
1082 2136 1334 2194 annicula

705 2215 994 2289 Lippitudo
1017 2239 1142 2280 eum
1162 2225 1337 2295 juvat.

703 2306 898 2380 Terge,
925 2322 1121 2382 mater,
1148 2314 1376 2376 ﬂuentes
1406 2323 1611 2381 oculos.

706 2395 880 2463 Quam
914 2406 967 2456 te
989 2402 1181 2459 decent
1202 2421 1463 2478 genarum
1488 2413 1733 2471 rimulae!

705 2483 841 2554 Heu,
870 2490 998 2558 heu,
1031 2493 1173 2550 heu!
1212 2499 1346 2568 quid
1380 2516 1468 2558 me
1493 2504 1751 2563 incusatis

777 2578 966 2638 Fletus
991 2584 1264 2644 incassum
1296 2590 1523 2662 fudisse,

702 2666 836 2724 Cum
867 2673 968 2728 sim
998 2675 1187 2732 orbata
1221 2690 1366 2749 nato,
1396 2697 1778 2756 paupertatem,

781 2757 954 2817 Meam
983 2764 1076 2834 qui
1107 2767 1255 2824 solus
1283 2783 1498 2830 curaret
1517 2777 1554 2849 ?_

700 2853 803 2924 Qui
833 2873 940 2913 non
969 2860 1214 2920 hostibus
1238 2868 1453 2924 cederet
1482 2882 1740 2943 angustos

771 2944 1056 3006 Terminos
1081 2966 1219 3022 quos
1245 2957 1378 3012 mihi
1404 2958 1572 3016 Jacob
1599 2963 1905 3034 acquisivit,

699 3031 912 3106 Quique
938 3039 1149 3098 stolidis
1183 3042 1460 3114 fratribus,
1493 3065 1630 3120 quos
1653 3031 1880 3121 multum

767 3121 912 3180 Proh
943 3127 1132 3185 dolor!
1174 3134 1364 3202 extuli,
1394 3149 1538 3195 esset
1565 3140 1898 3209 profuturus.

696 3211 947 3286 Nunquid
969 3218 1176 3278 ﬂendus
1202 3236 1286 3280 est
1311 3227 1436 3294 iste,

693 3301 796 3370 Qui
825 3320 1046 3378 regnum
1075 3315 1318 3382 possedit
1347 3319 1589 3388 caeleste,

695 3395 907 3469 Quique
927 3416 1090 3471 prece
1118 3404 1390 3479 frequenti
1417 3412 1631 3470 miseris

764 3487 1047 3549 Fratribus
1075 3497 1214 3566 apud
1255 3499 1422 3556 Deum
1451 3505 1783 3563 auxilictur?

789 3598 916 3657 CAP.
947 3603 1188 3665 XXXIV.
1217 3612 1390 3684 -ζυε
1420 3632 1524 3670 uno
1563 3621 1875 3690 confessam.

690 3714 806 3772 Rex
836 3733 1045 3792 regum,
1077 3724 1218 3783 Deus
1246 3739 1434 3787 noster
1460 3733 1704 3803 colende,

691 3803 772 3860 Tu
805 3812 1101 3870 moderaris
1126 3817 1375 3876 militiam
1403 3821 1791 3895 Christianam,

688 3893 929 3952 Bellandi
958 3916 1154 3970 gnaros
1179 3906 1428 3965 horribili

758 3983 948 4043 Praelio
972 3989 1313 4052 destinando.

682 4074 943 4134 Consules
969 4083 1110 4154 scies
1136 4087 1463 4158 reipublicae,

683 4162 871 4222 Dando
893 4170 1178 4242 magistros
1202 4177 1308 4232 tuis
1333 4181 1560 4249 populis.

685 4253 798 4312 Nec
822 4259 966 4314 enim
994 4261 1196 4321 falleris
1221 4267 1450 4338 eligendi
1482 4275 1716 4344 sapiens,

685 4346 856 4414 Quem
887 4353 972 4407 cui
999 4354 1259 4429 subroges
1289 4361 1615 4432 ministerio,
1640 4368 1802 4425 Deus.

680 4436 762 4492 Ex
789 4441 981 4509 quibus
1011 4453 1097 4499 est
1119 4461 1275 4503 sacer
1296 4449 1398 4506 iste
1425 4456 1698 4522 sacerdos,

679 4525 781 4592 Qui
807 4528 861 4583 in
887 4543 1021 4600 pace
1047 4533 1244 4606 degens
1260 4537 1522 4598 Ecclesia:
1548 4554 1748 4602 sancta:

684 4615 1012 4677 Consiliatus
1035 4632 1119 4677 est
1140 4626 1374 4694 qualiter

754 4707 939 4766 Hostis
965 4713 1317 4784 irruptionein

685 4795 815 4864 Qua:
836 4800 974 4857 solet
998 4802 1244 4862 incautos
1270 4809 1528 4882 depopula
1538 4816 1606 4882 ri,

747 4885 1206 4950 Praemunivisset.

676 4975 784 5032 Iste
813 4977 1082 5039 haereticis
1107 4984 1311 5044 invisus
1340 5001 1503 5061 atque
1525 4999 1749 5067 paganis

743 5068 960 5128 Necnon
991 5073 1089 5146 [sic
1109 5079 1250 5153 cod.]
1282 5082 1358 5136 rei
1385 5087 1626 5142 omnium
1657 5090 1967 5167 malorum,_

675 5159 884 5219 Gaudet
909 5182 968 5222 se
995 5167 1204 5224 Domini
1232 5175 1606 5246 participatum
1639 5188 1822 5240 tenere

745 5252 942 5312 Hostes
965 5257 1081 5328 ejus
1102 5263 1383 5330 perferens
1411 5282 1531 5323 cum
1559 5271 1671 5327 illo.

675 5343 756 5399 Tu
781 5346 937 5403 nobis
963 5349 1199 5408 triticum

740 5433 1092 5506 Dispensator
1118 5444 1321 5512 optime

671 5526 941 5585 Doctrina:
963 5529 1174 5590 Domini
1202 5537 1481 5609 impertire
1502 5542 1706 5618 jugiter

668 5615 955 5674 Caelestem
987 5633 1251 5692 quatenus

740 5708 1002 5768 Remcare
1021 5717 1248 5785 patriam

670 5795 946 5856 Possimus
972 5804 1370 5866 abundantibus

2190 560 2238 616 A

1535 438 1596 494 Β.
1633 439 2266 508 ΝΟΤΚΕΒΙΪΒΑΕΒΙΙΜ
2306 444 2364 497 S.
2405 443 2608 500 GALLI
2642 446 2944 505 MONACHI

2481 553 2787 622 Alimoniis,

2413 639 2458 698 0
2487 642 2642 700 miles
2677 646 2771 702 Dei
2799 648 3072 718 praecelse.

2591 752 2720 810 CAP.
2761 756 2980 812 XXXV.
3009 789 3076 798 —
3111 758 3189 814 De
3225 761 3528 832 virginibus.

2411 859 2647 933 Virginis
2681 869 3004 928 veneranda:
3078 909 3082 914 ι

2477 954 2556 1010 De
2585 973 2811 1015 numero
2839 962 3143 1031 sapientum

2475 1034 2638 1106 Festa
2666 1051 3001 1110 celebremus
3025 1056 3180 1111 socii.

2407 1139 2556 1196 Filiae
2585 1141 2770 1198 Matris
2796 1147 2992 1200 summi
3021 1147 3183 1219 Regis

2477 1231 2850 1291 Sacrosanctae
2872 1235 3070 1304 Mariae,

2403 1319 2576 1387 Quam
2599 1322 2706 1378 sibi
2738 1325 2791 1378 in
2822 1340 3063 1384 sororem
3092 1327 3189 1385 Dei

2471 1411 2759 1484 Adoptavit
2782 1415 2973 1474 Filius.

2401 1501 2528 1558 Haec
2556 1519 2752 1576 corpus
2775 1523 2934 1564 suum
2957 1511 3162 1567 domuit

2477 1592 2655 1650 Freno
2678 1596 2898 1668 jejunii,

2399 1685 2468 1741 Et
2490 1686 2757 1744 luxuriam
2785 1691 2961 1748 secuit

2470 1775 2614 1834 Ense
2648 1779 2875 1850 agoniaa.

2399 1863 2589 1922 lsthaac
2623 1877 2814 1924 contra
2839 1878 3067 1926 cunctos
3089 1873 3279 1930 mortis

2470 1959 2757 2017 Dimicavit
2786 1963 3037 2034 impetus,

2394 2049 2463 2105 Et
2496 2051 2708 2109 hostem
2734 2064 3018 2111 cruentum
3049 2055 3183 2112 freta
3214 2059 3417 2122 Christi

2464 2143 2663 2199 Dextra
2691 2153 2980 2202 straverat.

2398 2231 2526 2292 Haec
2558 2234 2826 2306 Sponsum
2855 2239 2921 2294 ab
2945 2239 3068 2295 aula
3098 2241 3217 2298 coeli

2470 2325 2604 2385 Sese
2627 2329 2948 2387 invisentem
2977 2332 3172 2390 alacris

2390 2418 2563 2476 Corde
2585 2419 2825 2492 iocunde
2857 2434 3062 2491 secuta,
3088 2427 3205 2498 ejus

2459 2514 2557 2571 Est
2582 2515 2821 2588 ingressa
2855 2519 3166 2576 thalamum.

2395 2605 2533 2664 Tute
2549 2605 2664 2677 jam
2689 2609 2934 2667 dulcibus
2958 2611 3116 2682 plena
3151 2613 3357 2670 deliciis

2386 2697 2603 2755 Christo
2636 2701 2864 2758 miseras
2893 2711 3110 2760 nostras
3135 2707 3426 2777 suggerito,

2388 2785 2556 2844 Nobis
2578 2790 3004 2849 consolationem
3033 2796 3323 2864 precando.

2464 2898 2593 2956 CAP.
2635 2901 2876 2959 XXXVI.
2907 2934 2978 2946 —
3003 2904 3082 2960 De
3118 2883 3301 2962 sancta
3343 2906 3620 2965 Trinitate.

2385 3010 2674 3069 Benedicta
2702 3029 2914 3088 semper
2940 3027 3126 3075 sancta

2454 3101 2540 3158 Sit
2568 3102 2826 3172 Trinitas,
2854 3107 3026 3163 deitas
3051 3109 3260 3164 scilicet

2459 3191 2652 3259 Unica,
2681 3197 2969 3267 coazqualis
2997 3197 3183 3270 gloria,

2388 3283 2571 3351 Pater,
2594 3284 2787 3353 Filius,
2816 3287 3050 3358 Spiritus
3080 3301 3317 3360 sanctus,
3351 3295 3451 3350 tria
3476 3307 3604 3354 sunt

2456 3372 2708 3443 Nomina,
2740 3380 2922 3434 omnia
2949 3381 3137 3437 eadem
3168 3385 3488 3442 substantia.

2384 3463 2526 3518 Deus
2553 3465 2786 3534 genitor,
2819 3467 2961 3524 Deus
2991 3471 3226 3541 genitus,
3255 3473 3309 3528 in
3343 3483 3574 3550 utroque

2457 3552 2626 3610 Sacer
2655 3555 2908 3628 Spiritus,
2932 3560 3128 3617 deitate
3161 3552 3357 3621 socius.

2382 3645 2498 3702 Non
2528 3655 2846 3724 tres_tamen
2879 3651 2960 3705 dii'
2978 3661 3126 3707 sunt.

2448 3738 2592 3795 Deus
2614 3755 2741 3796 vere
2767 3758 2905 3797 unus
2931 3751 3034 3800 est.
3071 3743 3163 3802 Sic
3189 3745 3349 3803 Pater
3384 3749 3665 3820 Dominus,

2448 3829 2636 3896 Filius,
2669 3830 3011 3905 Spiritusque
3039 3845 3276 3896 sanctus.

2377 3919 2688 3992 Proprietas
2714 3926 2766 3980 in
2796 3929 3061 3996 personis,
3093 3932 3274 3988 unitas

2447 4011 2542 4067 Est
2573 4023 2626 4068 et
2654 4016 2706 4069 in
2739 4018 2989 4073 essentia.

2379 4104 2632 4175 Maiestas
2661 4125 2781 4179 par,
2808 4120 2863 4166 et
2884 4121 3145 4183 potestas,
3182 4117 3366 4185 decus,

2445 4194 2630 4251 l‘lonor
2656 4214 2806 4268 aeque
2829 4215 2925 4270 per
2949 4205 3147 4260 omnia.

2376 4285 2590 4354 Sidera,
2630 4290 2822 4356 maria,
2854 4294 3135 4351 continens
3169 4312 3319 4364 arva,

2451 4374 2623 4430 Simul
2652 4386 2707 4432 et
2730 4379 2982 4437 universa
3015 4385 3252 4440 condita.

2373 4463 2542 4532 Quem
2575 4476 2814 4524 tremunt
2839 4473 3000 4544 impia
3035 4482 3259 4540 tartara,

2449 4556 2591 4615 Colit
2617 4577 2830 4631 quoque
2857 4579 3016 4632 quem
3043 4575 3098 4622 et
3121 4567 3345 4640 abyssus
3381 4570 3588 4627 intima.

2374 4647 2528 4704 Nunc
2555 4652 2729 4707 omnis
2756 4647 3072 4725 vox,’atque
3108 4658 3285 4730 lingua

2443 4739 2701 4796 Fateatur
2737 4745 2878 4799 hunc
2917 4745 3075 4802 laude
3113 4748 3310 4804 debita.

2369 4830 2540 4897 Quem
2583 4829 2767 4885 laudat
2804 4832 2904 4897 sol,
2947 4843 3110 4905 atque
3150 4836 3273 4893 luna

2436 4919 2682 4990 Dignitas
2705 4922 2895 4977 adorat
2933 4925 3194 4996 angelica.

2366 5009 2434 5065 Et
2462 5025 2562 5066 nos
2587 5025 2718 5066 voce
2748 5014 3003 5082 praecelsa
3035 5032 3176 5072 nunc
3201 5033 3389 5076 omnes

2435 5099 2737 5158 Jubilemus
2779 5103 3075 5161 altithrono
3119 5106 3346 5163 Domino

2435 5189 2649 5248 Laudes
2681 5193 2736 5247 in
2762 5194 3012 5251 excelsis.

2363 5281 2456 5336 Eia
2485 5290 2541 5337 et
2561 5285 2644 5340 eia
2677 5301 2866 5343 omnes
2890 5289 3050 5344 simul

2435 5369 2775 5430 Modulemur
2797 5380 3052 5448 organica
3073 5381 3288 5438 cantica

2436 5461 2603 5517 Dulce
2630 5466 2883 5522 melodia.

2357 5549 2402 5606 Ο
2429 5555 2732 5610 veneranda
2762 5555 3039 5616 Trinitas'.

2358 5644 2403 5700 0
2431 5646 2704 5704 adoranda
2744 5649 2935 5710 Unitas
2956 5657 2968 5708 !

2353 5735 2458 5792 Per
2483 5745 2538 5793 te
2567 5754 2754 5797 sumus
2783 5745 2970 5811 creati,
3006 5762 3130 5804 vera

2428 5827 2749 5900 Eternitas,

3728 457 3862 514 1024
