4046 6438
199 335 348 394 .1029

1263 347 1889 410 MARTYROLOGIUM.
1926 383 1998 396 —
2035 353 2240 413 MENS.
2276 357 2420 418 JAN.

3340 375 3479 436 1050

833 453 1064 550 innljo‘va
1102 456 1455 550 liibliotheca,
1491 481 1559 520 an
1583 467 1790 550 sicculo
1817 473 1867 534 Α
1895 469 2114 550 digniun
2136 480 2218 550 est
2240 475 2553 550 ut‘legatur
2583 479 2651 534 ab
2689 482 2933 539 eruditis.
2958 482 3245 545 Germanis
3289 490 3389 548 fuit
3416 511 3470 550 m

202 534 351 598 nono
395 520 675 600 desinente
721 524 804 577 vel
843 525 1056 607 decimo
1102 529 1332 607 ineunte
1373 520 1454 590 sit,
1488 520 1786 607 scriptum;

205 587 324 656 ipse
363 589 507 663 enirn
537 597 754 663 tempus
779 609 886 663 quo
931 597 1072 653 hunc
1101 599 1342 655 laborem
1387 587 1544 660 susee

200 667 297 712 cat
318 674 413 713 vui
441 658 574 735 ΔΚειι.
617 658 762 716 Maii.
797 658 1047 735 'Scripsit
1075 671 1282 726 scilicet
1314 658 1768 734 Formosa—Roma

200 743 332 817 nam
360 730 542 785 sedem
575 739 812 817 tenente.
861 730 979 791 Non
1009 742 1260 817 equidem
1292 744 1470 817 primo
1494 730 1788 817 pontiﬁca-

201 806 292 874 tus
338 815 505 867 anno,
545 803 640 858 sed
680 803 862 874 aliquo
917 824 986 863 ex
1028 803 1500 874 subsequentibus:

201 867 500 940 formosus
546 887 636 926 an.
669 867 807 940 89f;
856 877 975 932 ideo
1022 881 1123 936 hoc

293 1109 314 1126 ,
741 1114 746 1118 .
914 1118 1052 1139 μω,

1075 1119 1544 1146 -Π--ι-Δ--ι-

1893 556 2015 594 usu.
2048 542 2134 628 De.
2160 542 2422 601 Anacleto
2465 549 2634 628 refert
2665 567 2710 604 vn
2743 553 2879 628 ‘l‘ial.
2915 554 3084 628 Maias
3107 542 3475 628 ipsum—anile:

1548 608 1636 688 pit
1651 608 1792 663 indi-
1892 619 1976 688 [το
1997 615 2370 688 presbyterum
2396 617 2707 675 ordinatum
2741 623 2898 680 idolis
2921 608 3469 688 .vi‘éﬁdéﬁﬁii‘gaéri.

1889 679 2102 744 ficasse,
2141 679 2335 741 deinde
2384 689 2704 758 pmnilentia
2749 679 2988 750 ductum
3016 679 3473 822 iiiaiiyiiii'iiiiéée

1893 761 2214 822 coronatum
2239 755 2539 822 imperante
2562 761 2888 819 Domitiano.
2914 765 3044 822 Ome
3068 769 3134 822 de
3177 785 3307 822 ausu
3331 773 3473 822 Ana-

1893 761 2214 839 coronat‘um
2239 755 2539 839 imperante
2562 761 2888 839 Domitiano.
2914 765 3044 839 Quae
3068 769 3134 822 de
3157 755 3307 839 lapsu
3331 755 3477 830 Ana:

1557 816 1794 874 Sedebat
1893 821 2021 902 cleti
2047 823 2235 908 refert,
2264 816 2406 908 unde
2442 829 2686 908 hauserit
2732 816 3307 908 niesc'ibiiﬁsiin'ﬁi;
3331 816 3478 898 7f};—

1223 885 1606 956 artyrologium
1650 903 1793 946 anno

196 936 305 993 894
337 940 750 1010 assignavimus.
779 936 944 1003 Multa
976 950 1028 1004 in
1062 966 1128 1006 eo
1154 936 1794 1022 poSseiit‘ob‘sewrv'atinet

1917 908 2021 1014 aulo
2058 893 2140 948 vel
2171 906 2444 1018 molrtuun}
2500 901 2581 956 vel
2616 919 2649 956 ιι
2672 911 2912 962 artvrem
2935 893 3478 982 'asseruntVPhtina,
3554 967 3562 972 .

1941 978 1967 1015 τι
1992 979 2103 1017 :l‘llS
2132 977 2184 1018 et
2216 981 2246 1018 n
2273 985 2456 1018 lll‘lllll.

1941 977 2103 1017 almus
2132 977 2184 1020 et
2215 977 2456 1034 plurimi.

1549 1137 3456 1178 Μ

1060 1337 1212 1425 ΙΝ
1319 1338 1938 1437 ΝΟΜΙΝΕ
2040 1346 2621 1445 DOMINI

1632 1585 2018 1707 INCIPIT

715 1852 2940 2083 MABTYROLOGIUM

1067 2248 1334 2364 PER
1418 2184 1771 2370 Aile
1858 2206 2595 2382 CIRCULUM
2671 2249 2676 2253 ’

596 2512 654 2568 S.
697 2512 754 2569 P.
798 2513 863 2569 N.
907 2513 1210 2572 NOTKERI
1237 2559 1252 2583 ,
1293 2517 1766 2580 COGNOMENTO
1801 2521 2132 2594 BALBULI,
2170 2527 2480 2597 MONACHI
2519 2533 2765 2595 SANCTI
2805 2541 3028 2599 GALLI.

744 2855 1202 2922 JANUARIUS.

179 2989 414 3059 Mensis
463 2996 767 3061 Januarii
818 2997 994 3061 habet
1032 3000 1162 3064 dies
1206 3003 1571 3081 xxx1,luna
1627 3025 1768 3070 vero

877 3098 1040 3142 XXIX

251 3199 385 3256 KAL.
416 3199 536 3255 In.
559 3233 631 3243 —
654 3201 855 3260 Octava
881 3205 1180 3261 nativitatis
1205 3207 1519 3277 Dominieae,
1545 3225 1655 3280 qua
1683 3211 1771 3268 die

178 3293 322 3350 idem
349 3295 608 3353 Dominus
644 3299 1000 3355 circumcisus
1044 3308 1129 3370 est
1158 3300 1212 3356 in
1249 3315 1439 3370 carne,
1468 3305 1767 3361 secundum

172 3385 350 3456 legem
369 3385 560 3458 Moysi,
585 3395 641 3443 et
673 3403 891 3456 nomen,
922 3398 983 3446 ut
1007 3388 1166 3452 Jesus
1193 3400 1502 3460 vocaretur,
1533 3394 1761 3464 accepit,

175 3477 318 3548 quod
338 3487 586 3534 vocatum
606 3489 690 3536 est
716 3481 784 3538 ab
810 3481 1022 3554 angelo,
1060 3493 1353 3561 antequam
1383 3485 1767 3558 conciperetur

176 3569 232 3624 in
263 3577 417 3625 utero
437 3570 590 3643 (Luc.
627 3572 710 3644 ll).

165 3696 168 3702 ι
244 3659 431 3716 Romae
476 3663 672 3718 natalis
713 3664 889 3720 sancti
942 3664 1209 3722 Alinacbii
1255 3669 1534 3739 martyris,
1562 3668 1652 3740 qui
1673 3668 1764 3739 ju-

173 3756 338 3811 bente
385 3755 561 3827 Alipio
609 3756 771 3815 Urbis
801 3760 1079 3831 praefecto,
1107 3777 1228 3818 cum
1263 3764 1509 3821 diceret:
1543 3784 1563 3819 ι
1588 3764 1760 3836 Hodie

172 3855 379 3903 octavae
404 3848 666 3906 Dominici
689 3851 794 3907 diei
815 3863 960 3919 sunt,
983 3863 1194 3911 cessate
1228 3871 1258 3910 a
1281 3857 1760 3928 superstitionibus

167 3937 437 3996 idolorum
468 3939 1113 4014 sacrificiisquefpollutis,
1145 3964 1164 3998 ι
1189 3961 1218 4000 a
1241 3945 1632 4018 gladiatoribus
1654 3950 1760 4006 hac

166 4029 240 4084 de
275 4044 441 4084 causa
462 4031 678 4087 occisus
707 4040 810 4088 est.

240 4121 374 4175 ltem
405 4121 590 4178 Romae
619 4133 820 4180 sanctae
848 4125 1091 4184 Martius:
1120 4129 1344 4200 virginis
1387 4142 1445 4188 et
1474 4135 1750 4205 martyris,

1803 2871 1844 2928 Β
1873 2865 2021 2935 fecit,
2049 2869 2467 2945 chirographum
2517 2880 2713 2948 perditi
2761 2883 3018 2952 hominis,
3054 2890 3198 2959 quod
3245 2893 3459 2953 diabolo

1877 2957 2026 3025 fecit,
2063 2967 2268 3019 orando
2299 2967 2540 3037 recipere
2571 2975 2788 3040 meruit,
2820 2985 2872 3029 et
2923 2957 3088 3034 diem_
3111 2984 3304 3042 mortis
3350 3003 3462 3043 sum

1874 3062 2100 3122 propter
2142 3058 2553 3115 conversionem
2612 3062 2811 3135 Josepli
2871 3065 3080 3124 Hebraei
3135 3073 3366 3143 distulit,
3405 3088 3462 3133 et

1874 3144 2330 3214 eonscriptionem
2395 3149 2676 3221 cujusdam
2727 3155 2944 3215 nefandi
3015 3161 3240 3221 sceleris
3289 3168 3460 3226 etiam

1871 3229 2161 3291 defunctus
2191 3237 2447 3298 abolevit.
3184 3251 3187 3254 ’

1939 3319 1998 3376 In
2027 3323 2209 3382 Africa
2237 3330 2436 3388 natalis
2481 3335 2656 3391 sancti
2708 3337 2977 3410 Fulgentii
3035 3343 3289 3404 Ecclesiae
3316 3350 3459 3410 Rus-

1867 3414 2053 3483 pensis
2087 3419 2324 3492 episcopi
2353 3432 2407 3480 et
2435 3425 2786 3486 confessoris.
2819 3434 2918 3500 Qui
2951 3443 3191 3508 tempore
3223 3441 3460 3500 Wanda-

1866 3500 1985 3559 licae
2015 3511 2430 3580 persecutionis,
2457 3517 2528 3571 ob
2558 3519 2882 3578 catholicam
2908 3500 3090 3595 fidem,
3119 3539 3176 3585 et
3196 3532 3454 3592 eximiam

1864 3591 2190 3664 doctrinam,
2223 3601 2292 3655 ab
2320 3603 2540 3661 Arianis
2566 3610 2734 3664 multa
2759 3591 3084 3686 perpessus,
3099 3629 3154 3674 et
3190 3621 3281 3678 diu
3313 3627 3459 3696 apud

1865 3681 2174 3742 Sardiniam
2221 3693 2415 3748 exsilio
2462 3681 2778 3770 relegatus;
2802 3681 3021 3762 tandem
3058 3681 3131 3764 ad
3169 3681 3458 3776 ecclesiam

1861 3792 2012 3833 suam
2047 3782 2222 3838 redire
2247 3789 2564 3856 permissus,
2604 3805 2656 3848 et
2683 3796 2791 3851 vita
2819 3807 2876 3854 et
2899 3800 3282 3866 verboclarus
3322 3823 3458 3866 san-

1861 3878 1950 3925 eto
1982 3872 2087 3928 fine
2116 3876 2342 3944 quievit,
2377 3895 2577 3937 annum
2621 3885 2704 3940 sui
2735 3887 3080 3961 episcopatus
3118 3911 3286 3967 agens
3313 3899 3459 3957 vice-

1861 3963 2058 4019 simum
2109 3967 2384 4037 quintum,
2440 3973 2565 4030 vitae
2611 3986 2792 4034 autem
2843 3983 3011 4042 totius
3052 3963 3453 4060 sexagesimum

1862 4052 2132 4120 quintum.

1931 4145 2088 4216 Apud
2114 4148 2501 4242 Alexandriam
2552 4169 2754 4218 sanctae
2803 4163 3174 4242 Euphrosynaa
3203 4171 3453 4242 virginis,

165 4211 262 4282 qui
289 4213 388 4269 sub
419 4212 729 4271 Alexandro
760 4216 1085 4286 imperatore
1114 4236 1214 4292 pro
1255 4223 1357 4277 fide
1379 4223 1577 4280 Christi
1617 4227 1754 4282 mul~
1784 4230 1830 4292 (Ξ
1863 4211 1997 4304 qnze
2028 4241 2366 4299 orationibus
2396 4248 2566 4315 patris
2595 4253 2678 4306 sui
2705 4211 2942 4311 Pafnuiii
2972 4259 3038 4313 de
3054 4211 3238 4316 sterili
3275 4211 3453 4320 matre

165 4301 242 4357 tis
270 4312 660 4359 tormentorum
681 4307 970 4376 generibus
985 4312 1247 4377 cruciata,
1276 4323 1330 4367 et
1357 4315 1424 4370 ad
1447 4325 1756 4373 extremum

162 4392 350 4463 gladio
383 4401 465 4449 est
498 4409 754 4463 percussa
786 4415 798 4451 :
831 4413 953 4468 quae
986 4401 1152 4456 etiam
1202 4403 1539 4462 ferocitatem
1585 4406 1757 4466 leonis

163 4484 390 4539 numine
421 4485 717 4542 habitantis
746 4488 799 4543 in
856 4504 915 4544 se
963 4490 1198 4562 Spiritus
1239 4495 1412 4550 sancti
1463 4497 1752 4569 mitigavit,

161 4583 223 4630 et
256 4575 548 4633 simulacra
581 4581 789 4636 orando
809 4581 1102 4652 destruxit,
1155 4601 1221 4642 ac
1269 4588 1466 4644 inultos
1488 4590 1556 4645 ad
1591 4591 1754 4649 fidem

97 4653 104 4659 ’
161 4665 369 4723 Christi
398 4671 682 4726 convertit.
706 4672 812 4727 Pro
842 4673 996 4742 cuius
1025 4675 1259 4732 vindicta
1307 4679 1604 4750 imperator
1655 4683 1756 4738 im-

159 4758 312 4831 piam
335 4760 499 4817 vitam
529 4777 587 4819 se
611 4763 784 4834 ipsum
809 4766 1098 4825 lacerando
1128 4771 1321 4826 finivit.

238 4852 444 4908 Eodem
471 4855 558 4910 die
585 4859 725 4928 apud
756 4857 1035 4929 Spoletum
1065 4862 1276 4920 Tusciae
1326 4865 1598 4924 civitatem
1629 4883 1754 4939 pas-

161 4944 250 4999 sio
269 4945 746 5003 sanetiConcordii
768 4953 1067 5024 presbyteri
1090 4954 1320 5011 Romani
1350 4957 1418 5013 de
1454 4958 1607 5014 titulo
1650 4960 1754 5016 Pa-

161 5034 352 5100 storis,
391 5038 724 5107 temporibus
751 5041 1014 5098 Antonini
1042 5044 1404 5115 imperatoris.
1428 5048 1530 5116 Qui
1563 5065 1660 5121 pro
1687 5064 1752 5106 eo

161 5125 312 5205 quod
360 5125 516 5181 idolis
553 5128 864 5185 sacrificare
907 5132 1102 5200 noluit,
1152 5151 1184 5192 a
1241 5135 1517 5208 Torquato
1556 5141 1753 5198 comite

159 5203 452 5285 capitalem
483 5220 812 5275 sententiam
839 5224 1066 5293 accepit.
1102 5225 1234 5282 Item
1264 5203 1450 5284 Romae
1466 5230 1552 5286 via
1578 5231 1750 5302 Appia

151 5312 393 5371 .Coronze
417 5321 470 5367 et
501 5314 732 5371 militum
765 5316 1004 5387 triginta,
1035 5320 1126 5388 qui
1158 5322 1258 5376 sub
1285 5321 1620 5382 Diocletiano
1643 5327 1753 5382 Au-

161 5415 325 5474 gusto
344 5419 444 5474 pro
472 5406 812 5464 confessione
844 5408 1169 5468 Christiana:
1215 5414 1336 5470 fidei
1367 5419 1634 5490 martyrio
1655 5435 1750 5477 co-

163 5495 350 5549 ronari
375 5508 707 5555 meruerunt.

235 5585 296 5640 ln
349 5586 594 5644 Cmsarea
678 5592 963 5662 metropoli
1036 5593 1412 5666 Cappadociae,

163 5676 226 5733 S.
263 5675 726 5751 Basiliiepiscopi,
756 5683 847 5752 qui
893 5682 1153 5755 Regulam
1200 5686 1428 5746 fratrum
1479 5701 1534 5748 et
1576 5694 1747 5751 multa

161 5769 273 5823 alia
309 5769 460 5826 utilia
489 5774 833 5846 conscripsit,
865 5784 920 5833 et
947 5792 1110 5849 super
1145 5781 1309 5839 multa
1338 5783 1606 5845 mirabilia
1625 5804 1747 5861 quae

1860 4331 2162 4400 pergeuita,
2194 4333 2248 4388 in
2295 4340 2487 4406 puerili
2524 4351 2684 4398 aetate
2722 4349 3044 4416 constituta,
3073 4353 3213 4407 clam
3245 4371 3302 4410 se
3336 4367 3452 4411 ton-

1861 4417 1972 4472 deri
2001 4418 2150 4487 fecit,
2179 4432 2234 4477 et
2270 4428 2621 4485 monasticam
2658 4433 2823 4489 vitam
2867 4441 3115 4508 expetiit,
3158 4442 3447 4517 Smaragdi

1861 4509 1963 4565 sibi
2017 4527 2216 4568 nomen
2269 4517 2573 4586 imponens.
2632 4522 2761 4580 Post
2816 4529 2980 4584 etiam
3021 4531 3072 4586 in
3101 4534 3453 4594 conclusione

1859 4605 2050 4677 viginti
2100 4619 2223 4664 octo
2270 4615 2427 4670 annis
2478 4616 2531 4670 in
2579 4622 2725 4675 omni
2771 4626 3057 4683 sanctitate
3124 4633 3449 4703 perdurans,

1860 4701 2006 4750 tacta
2033 4701 2404 4768 aegrotationis
2435 4705 2800 4778 incommodo,
2825 4722 2879 4768 et
2903 4728 3132 4774 mortem
3164 4721 3266 4777 sibi
3293 4701 3448 4780 ades;

1858 4801 1916 4840 se
1944 4801 2299 4858 cOgnoscens,
2328 4795 2698 4854 manifestavit
2727 4816 2785 4858 se
2810 4805 3085 4877 religioso,
3115 4819 3168 4866 et
3193 4812 3450 4885 lacrymis

1857 4878 2133 4936 multoties
2188 4887 2450 4952 quaerenti
2483 4903 2543 4943 se
2573 4889 2686 4960 jam
2745 4898 2908 4965 patri.
2941 4899 3108 4970 Cujus
3155 4878 3348 4960 nomen
3394 4915 3450 4963 et

1857 4975 2196 5030 conversatio
2224 4977 2324 5033 sub
2352 4979 2803 5053 interpretatione
2829 4992 3148 5050 castissimae
3167 4999 3306 5067 apud
3334 4998 3446 5055 ilo-

1859 5078 2051 5125 manos
2071 5066 2302 5124 celebris
2329 5071 2579 5130 habetur.

1927 5159 1995 5214 ιν
2025 5160 2159 5216 Non.
2199 5163 2318 5220 Jan.
2344 5199 2415 5208 —
2442 5169 2647 5228 Octava
2679 5179 2854 5232 sancti
2892 5179 3179 5250 Stephani.

1922 5248 2110 5307 Roma:
2136 5254 2447 5328 Telesphori
2481 5277 2652 5334 papm.
2694 5266 2794 5333 Qui
2843 5248 3124 5325 constituit
3152 5280 3209 5326 ut
3237 5285 3444 5344 septem

1856 5343 2283 5406 hebdomadibus
2310 5362 2436 5410 ante
2455 5355 2661 5413 Pascha
2683 5359 2948 5431 jejunium
2973 5362 3365 5432 celebraretur,
3389 5379 3445 5424 et

1857 5433 1912 5489 in
1939 5434 2245 5496 Nativitatis
2295 5442 2508 5501 Domini
2561 5457 2722 5504 nocte
2769 5449 2933 5506 missa
2966 5451 3435 5527 frequentaretur,

1855 5534 1910 5581 et
1940 5527 2170 5600 hymnus
2198 5537 2492 5606 angelicus,
2518 5539 2571 5594 id
2600 5549 2685 5595 est
2733 5539 2917 5598 Gloria
2969 5546 3024 5600 in
3066 5551 3282 5605 excelsis
3307 5551 3441 5620 Deo,

1977 5596 1991 5600 -
2269 5596 2297 5606 ν
2479 5596 2490 5604 ,
2888 5596 2911 5598 κ-
3068 5596 3280 5605 mm---
3307 5596 3441 5620 ην,

1483 5600 1751 5672 ἀθροεῖιῖο
1778 5596 1828 5656 D
1855 5629 2161 5676 caneretur.
2189 5622 2345 5679 Omni
2371 5635 2550 5683 autem
2582 5630 2790 5700 reliquo
2820 5641 3084 5705 tempore,
3112 5639 3289 5696 nullus
3314 5651 3444 5698 ante

1860 5707 2048 5765 horam
2081 5715 2320 5778 tertiam,
2352 5732 2459 5788 qua
2519 5722 2779 5779 Dominus
2840 5728 3075 5784 traditur
3123 5734 3442 5799 crucifixus,

1857 5800 2078 5857 missam
2109 5805 2388 5865 celebrare
2427 5822 2795 5876 prmsumeret.
2828 5814 2933 5874 llic
2991 5821 3154 5878 etiam
3186 5826 3448 5892 martyrio
