4046 6474
575 359 711 421 1031

1506 348 1565 410 Β.
1597 354 1899 413 ΝΟΤΚΕΒΙ
1930 356 2224 414 BALBULJ
2268 354 2328 413 S.
2366 355 2573 412 GALLI
2602 355 2911 414 MONACHI

574 478 889 539 coronatus,
908 470 1152 542 sepultus
1178 475 1263 525 cst
1288 465 1443 538 juxta
1475 480 1674 537 corpus
1701 466 1761 521 S.
1788 466 1933 521 Petri
1963 467 2019 521 in
2052 466 2156 524 Va—
2184 475 2236 535 Α
2259 465 2341 522 Ad
2366 466 2521 538 cujus
2553 467 3059 538 sepulcrum'multa
3098 467 3465 524 ostenduntur
3514 468 3781 557 miracula
3808 483 3864 527 et

576 567 778 620 ticano.

647 652 704 708 ln
730 649 1016 706 Antiochia
1044 646 1303 704 Macharii
1333 646 1563 702 abbatis.
1602 645 1669 701 Et
1689 646 1741 701 in
1774 644 1946 702 Ponto
1968 647 2159 702 civita-

578 753 633 800 te
655 743 860 810 Tomis,
889 744 1054 797 trium
1085 740 1335 804 fratrum,
1365 739 1548 811 Argei,
1574 737 1813 794 Narcissi
1845 746 1900 795 et
1934 739 2160 795 Marcel-

576 835 672 891 lini
698 835 873 907 pueri.
904 833 1033 888 Item
1064 832 1249 887 Tomis
1277 830 1419 886 Phili
1447 831 1710 901 episcopi.
1740 829 1845 897 Qui
1889 830 1991 885 sub
2017 829 2161 886 Lici-

576 927 672 983 nio
710 926 922 983 Caesare
947 926 1090 981 inter
1134 925 1339 980 tirones
1364 924 1811 994 comprehensus,
1842 938 1964 978 cum
1995 922 2163 979 nollet

579 1021 831 1086 militare,
859 1034 1032 1075 cassus
1053 1018 1120 1073 ad
1145 1025 1395 1083 mortem,
1438 1025 1494 1072 et
1514 1016 1604 1070 diu
1640 1017 1694 1070 in
1723 1029 1947 1071 carcere
1976 1030 2160 1072 macc-

578 1120 751 1179 ratus,
788 1121 844 1167 et
870 1112 925 1166 in
957 1112 1116 1182 cippo
1138 1111 1358 1175 missus,
1386 1108 1580 1164 deinde
1602 1108 1654 1163 in
1681 1122 1831 1163 mare
1857 1107 2157 1174 demersus,

577 1203 899 1274 martyrium
925 1201 1338 1258 consummavit.
1370 1199 1536 1269 Cujus
1567 1214 1763 1269 corpus
1798 1200 1865 1253 ad
1890 1199 2046 1255 littus
2070 1199 2162 1254 de-

577 1294 766 1360 latum,
792 1303 901 1349 eta
942 1292 1206 1364 religiosis
1256 1291 1389 1346 viris
1434 1289 1764 1361 depositum,
1813 1290 2024 1362 magnis
2073 1305 2165 1346 co-

580 1392 763 1439 ruscat
790 1383 1104 1438 virtutibus.

648 1473 872 1529 Vienna:
900 1471 1170 1543 depositio
1198 1471 1258 1527 Β.
1288 1466 1553 1526 Florentii
1578 1470 1837 1541 episcopi.

647 1563 705 1617 ln
735 1562 1013 1618 territorio
1044 1562 1411 1632 Lugdunensi,
1459 1562 1798 1617 monasterio
1828 1560 2163 1630 Jurensium,

580 1654 640 1711 S.
667 1653 909 1725 Eugcndi
928 1654 1163 1721 abbatis,
1188 1654 1341 1725 cujus
1361 1653 1468 1707 vita
1497 1652 1791 1710 virtutibus
1805 1662 1862 1709 et
1883 1654 2165 1710 miraculis

575 1744 734 1816 plena
760 1744 991 1801 refulsit.

2264 557 2528 613 sanitates
2548 557 2795 628 plurimae
2817 557 2973 613 fiunt.

2334 646 2468 704 Non.
2502 647 2624 702 Juv.
2662 679 2735 688 —
2755 647 2953 721 Vigilia
2981 649 3370 721 Theophaniae.

2335 735 2723 809 Hierosolyma:
2750 737 3022 807 depositio
3055 728 3114 794 Β.
3146 737 3423 795 Simconis
3443 740 3753 811 propheta,
3772 744 3862 812 qui

2262 827 2552 883 Dominum
2569 826 2754 884 Jesum
2782 827 3062 885 Christum
3089 828 3325 901 Spiritus
3338 832 3477 886 santi
3500 831 3863 889 illustrations

2264 920 2566 991 cognitum,
2593 919 2661 975 de
2697 921 2950 976 manibus
2973 930 3262 992 parentum
3289 923 3342 977 in‘
3374 923 3531 981 ulnas
3561 939 3694 980 suas
3716 940 3865 982 accc-

2248 1005 2362 1083 ‘pit,
2395 1021 2452 1067 et
2479 1028 2585 1070 non
2614 1012 2788 1068 solum
2821 1013 2887 1068 de
2921 1028 3006 1078 eo,
3038 1008 3132 1068 sed
3165 1023 3219 1068 et
3249 1014 3315 1069 de
3348 1023 3521 1070 matre
3542 1015 3665 1087 ejus
3684 1013 3861 1071 futura

2264 1104 2494 1176 mystico
2523 1119 2774 1160 sermone
2796 1105 3180 1174 praenuntiavit
3210 1103 3367 1176 (Luc.
3398 1106 3482 1174 η).

2331 1194 2489 1266 Apud
2517 1196 2860 1273 Antiochiam
2878 1237 2893 1261 ,
2924 1195 3193 1267 depositio
3218 1197 3396 1252 sancti
3433 1195 3720 1253 Simeonis
3747 1212 3861 1252 mo-

2266 1286 2453 1352 nachi,
2505 1274 2843 1343 admirandae
2871 1287 3089 1343 virtutis
3138 1288 3265 1343 viri.
3289 1288 3390 1355 Qui
3441 1291 3609 1345 tertio
3657 1291 3864 1346 decimo

2265 1378 2441 1433 aetatis
2469 1382 2632 1443 anno,
2674 1379 2801 1434 huic
2840 1379 3040 1434 sazculo
3088 1379 3504 1445 abrenuntiatis,
3535 1382 3855 1435 monasterii

2269 1468 2503 1524 claustra
2536 1469 2786 1538 expetiit.
2822 1468 2925 1525 Ubi
2954 1470 3091 1523 mira
3121 1470 3473 1536 abstinentia,
3500 1470 3592 1524 vix
3632 1472 3865 1541 septimo

2266 1559 2559 1617 diecibum
2592 1560 2694 1616 sibi
2725 1560 3028 1632 indulgens,
3085 1562 3412 1617 Psalterium
3461 1564 3604 1618 intra
3635 1575 3865 1633 quatuor

2268 1667 2482 1708 menses
2510 1651 2727 1718 didicit;
2760 1653 2955 1708 deinde
2987 1653 3154 1707 nimia
3201 1654 3457 1709 domandi
3506 1656 3758 1725 corporis
3788 1655 3867 1710 iu~

2268 1743 2528 1809 tentioue,
2556 1742 2685 1799 fune
2712 1743 2959 1814 palmitio
2990 1758 3148 1821 renes
3185 1745 3287 1800 sibi
3324 1747 3733 1819 constringens,
3767 1748 3860 1802 du-

649 1836 734 1891 lll.
765 1836 900 1893 Non.
937 1835 1147 1891 JAN.—
1173 1835 1378 1892 Octava
1421 1837 1598 1892 sancti
1625 1835 1850 1894 Joannis
1893 1837 2161 1910 Apostoli.
2195 1858 2242 1918 Β
2271 1835 2408 1912 riter
2432 1834 2669 1890 laniatus
2694 1846 2797 1891 est.
2828 1835 2959 1903 Inde
3004 1836 3057 1891 in
3108 1840 3342 1908 quodan
3383 1846 3551 1908 puteo
3589 1854 3654 1894 se
3691 1839 3866 1894 reclu-

649 1926 835 1983 Romae
870 1927 1101 1983 Anthcri
1143 1943 1296 1999 papae
1342 1937 1398 1982 et
1444 1930 1724 2001 martyris,
1757 1931 1852 2001 qui
1879 1930 2169 1989 vicesimus

578 2028 699 2091 post
728 2019 790 2074 Β.
818 2020 1062 2088 Petrum,
1095 2020 1376 2078 duodecim
1409 2023 1569 2079 annis
1598 2025 1742 2080 rexit
1770 2023 2095 2094 Ecclesium,
2115 2034 2172 2082 et

578 2120 877 2183 martyrum
906 2120 1057 2185 gesta
1082 2111 1375 2184 diligenter
1399 2113 1714 2184 exquisivit.
1743 2113 1945 2171 Passus
1963 2124 2045 2172 est
2068 2117 2170 2173 sub

581 2201 931 2269 Maximiano,
973 2212 1029 2259 et
1083 2203 1137 2258 in
1179 2204 1495 2260 ctemeterio
1541 2204 1748 2262 Callisti
1769 2207 2029 2278 sepultus,
2082 2209 2170 2265 via

579 2292 752 2364 Appia

653 2404 816 2475 Apud
868 2403 1139 2461 Parisium
1197 2405 1254 2462 S.
1306 2405 1594 2463 Gcnovefae
1668 2409 1918 2481 virginis,
1967 2427 2087 2482 qure
2139 2429 2169 2468 a

580 2493 643 2549 Β.
674 2493 945 2551 Germano
973 2495 1431 2554 Antissiodorensi
1449 2499 1704 2570 episcopo
1719 2499 1938 2558 Christo
1960 2504 2161 2572 dicata,

583 2585 916 2641 admirandis
941 2587 1234 2643 virtutibus
1280 2597 1335 2644 et
1391 2588 1671 2645 miraculis
1722 2590 1829 2647 late
1877 2592 2093 2661 claruit,
2116 2604 2172 2651 et

583 2688 754 2744 usque
791 2676 1064 2740 octoginta
1095 2691 1267 2733 annos
1307 2677 1361 2732 in
1406 2678 1608 2735 Christi
1668 2682 1932 2740 servitute
1974 2700 2169 2743 conse-

583 2766 720 2820 nuit.

652 2840 727 2912 ll:
744 2851 881 2915 Non.
913 2857 1031 2914 hu.
1051 2888 1122 2899 --
1148 2857 1351 2916 Octaaa
1387 2860 1781 2945 Innocentium.

650 2950 807 3020 Apud
836 2951 1052 3008 Cretam
1080 2953 1281 3010 natalis
1316 2955 1489 3011 sancti
1515 2955 1622 3011 Titi
1663 2958 2033 3029 apostolorum
2062 2961 2173 3017 dis-

587 3042 771 3113 cipuli.

652 3154 710 3209 In
739 3153 924 3212 Africa
965 3167 1277 3213 sanctorum
1334 3157 1598 3230 Aquiliui,
1629 3159 2164 3235 Gemini,‘Eugentii

2273 1927 2423 1993 deus,
2454 1928 2551 1984 sed
2579 1943 2644 1983 ex
2671 1943 2737 1984 eo
2758 1927 3063 1985 afratribus
3087 1931 3350 1987 violenter
3371 1932 3440 1986 ad
3466 1933 3867 1987 monasterium

2272 2021 2545 2085 reductus,
2596 2020 2736 2076 clam
2785 2020 2999 2093 fugiens
3031 2037 3278 2078 eremum
3307 2025 3482 2094 petiit.
3543 2022 3646 2080 Ubi
3694 2025 3868 2080 multo

2272 2121 2646 2166 commoratus
2672 2120 2936 2182 tempore,
2967 2114 3021 2168 in
3072 2114 3324 2169 columna
3374 2115 3619 2181 editiori,
3665 2118 3871 2173 sancti-

2275 2211 2385 2259 tate
2416 2201 2653 2271 fervens,
2702 2219 2763 2260 se
2810 2204 3094 2261 conclusit.
3128 2205 3230 2261 Ubi
3262 2222 3369 2261 non
3396 2208 3559 2263 modo
3590 2216 3870 2265 extranea,

2275 2295 2507 2362 mulieri,
2534 2296 2635 2363 sed
2668 2311 2768 2352 nec
2807 2297 3043 2367 propriae.
3091 2299 3275 2365 matri,
3300 2314 3357 2354 sc
3386 2300 3573 2355 videre
3600 2300 3868 2370 permisit.

2271 2386 2339 2443 Et
2361 2404 2533 2460 usque
2563 2390 2723 2445 hodie
2747 2390 3029 2445 basilicam
3049 2391 3317 2447 columna:
3361 2391 3506 2447 illius
3542 2392 3870 2447 feminarum

2275 2479 2416 2537 nulla
2442 2481 2766 2551 ingreditur.
2792 2480 2927 2537 Nam
2960 2483 3207 2553 quaedam
3249 2484 3444 2540 mulier
3481 2496 3637 2541 veste
3678 2485 3869 2540 induta

2275 2573 2414 2628 virili
2458 2558 2673 2644 ingredi
2722 2574 2910 2641 voluit,
2945 2576 3041 2631 sed
3079 2591 3207 2631 mox
3240 2585 3296 2631 ut
3328 2576 3493 2632 limen
3524 2577 3729 2650 attigit,
3782 2595 3870 2633 rc-

2277 2673 2512 2720 trorsum
2544 2674 2758 2721 mortua
2789 2667 3004 2722 cecidit.

2342 2760 2398 2814 ln
2428 2759 2610 2815 Africa
2639 2761 2859 2829 Felicis,
2892 2761 3146 2829 Secundi,
3172 2761 3419 2830 Honorii,
3450 2763 3707 2832 Luciatu,
3734 2766 3871 2821 Cen.

2273 2852 2402 2918 didi,
2433 2853 2699 2919 Januarii,
2730 2853 3065 2924 Telesphori,
3095 2855 3345 2928 Joc_undi,
3369 2855 3697 2911 Anastasiae.

2346 2945 2477 3001 Vlll.
2513 2947 2589 3001 lo.
2622 2946 2740 3002 Jan.
2766 2978 2837 2988 —
2864 2948 3160 3019 Epiphania
3211 2948 3421 3003 Domini
3454 2966 3469 3002 :
3501 2948 3651 3019 quod
3702 2948 3869 3003 inter-

2274 3046 2520 3108 pretatur
2546 3036 2926 3106 manifestatio.
2956 3038 3113 3111 Apud
3151 3037 3427 3093 Romanos
3470 3046 3657 3095 autem
3686 3038 3872 3095 eadem

2276 3119 2544 3185 festivitas
2597 3131 2944 3202 'l‘beOphania
2998 3131 3340 3197 nominatur,
3389 3140 3449 3185 ut
3494 3144 3564 3185 ex
3607 3133 3877 3202 composi-

586 3246 881 3320 [Eugenii],
910 3247 1181 3316 Martiani,
1229 3217 1438 3316 Quinti,
1496 3217 1781 3317 Theodoti,
1834 3217 2168 3325 'l‘rypiionis,
2197 3217 2242 3279 C
2274 3223 2422 3325 εξοηθ
2448 3224 2703 3325 ἷ¹9¹¹1ί¹¹ῖ⁸ν
2730 3226 2883 3325 θυοδ
2920 3225 3015 3325 9f"
3043 3225 3114 3325 ξεί
3156 3225 3435 3325 θενπθιῗο
3473 3222 3872 3325 'f'a'mf‘f’wr'

583 3339 1122 3410 praeclarissimorum
1158 3350 1479 3412 martyrum.

590 3524 593 3527 ν
654 3449 857 3506 Eodem
889 3452 977 3508 die
997 3453 1137 3523 apud
1186 3454 1375 3509 urbem
1422 3454 1649 3509 Romam
1684 3467 1994 3516 sanctorum
2026 3476 2173 3515 mar-

585 3535 766 3614 tyrum
792 3541 963 3598 Prisci
985 3544 1289 3614 presbyteri
1323 3555 1379 3600 et
1410 3546 1733 3602 Priscilliani
1769 3548 1976 3615 clerici,
2008 3560 2172 3622 atque

579 3623 889 3688 Benedicta:
943 3634 1205 3705 religiosre
1251 3634 1489 3700 feminae,
1538 3638 1629 3708 qui
1682 3646 1927 3710 tempore
1972 3641 2171 3699 Juliani

584 3724 892 3796 impiissimi
921 3724 1148 3797 Augusti
1180 3726 1357 3799 gladio
1400 3729 1719 3800 martyrium
1752 3742 2097 3803 peregerunt.

655 3815 786 3873 Item
812 3818 954 3887 apud
1009 3818 1236 3874 Romam
1283 3821 1457 3877 beata:
1506 3821 1801 3892 Daphrosze
1839 3827 2026 3882 uxoris
2070 3827 2172 3883 Fa-

585 3909 731 3965 biani
755 3911 1032 3983 martyris,
1056 3929 1178 3984 qua:
1196 3922 1319 3984 post
1344 3914 1746 3972 damnationem
1767 3916 1912 3974 beati
1936 3920 2037 3975 viri
2064 3924 2170 3991 sui,

584 4002 820 4073 primum
865 4004 1099 4075 relegata
1130 4007 1344 4074 exsilio,
1398 4008 1594 4065 deinde
1649 4011 1716 4065 ah
1768 4010 1934 4083 impio
1959 4002 2174 4071 Juliano

579 4093 730 4162 jussa
756 4103 841 4149 est
865 4096 1041 4165 capite
1062 4098 1265 4166 puniri.

657 4207 861 4262 Eodem
893 4206 979 4262 die
1019 4207 1276 4265 nativitas
1319 4208 1623 4281 Theogenis
1646 4212 1922 4285 martyris,
1948 4215 2038 4285 qui
2070 4215 2172 4271 sub

584 4298 794 4355 Licinio
820 4298 1033 4358 Caesare
1070 4315 1168 4370 per
1218 4301 1520 4358 Licentium
1556 4304 1829 4361 tribunum
1862 4308 2169 4378 passionem

586 4390 896 4460 complevit.
952 4390 1010 4447 ιη
1050 4391 1398 4465 Hellesponto
1447 4395 1683 4473 primum
1741 4397 1887 4453 inter
1939 4408 2173 4470 quatuor

587 4480 868 4535 columnas
903 4490 1112 4548 tensus,
1152 4481 1385 4539 fustibus
1410 4500 1582 4541 caesus
1611 4496 1718 4555 est,
1740 4489 1936 4546 deinde
1965 4492 2017 4546 iu
2049 4508 2168 4548 car-

2274 3314 2395 3382 Quo
2420 3317 2676 3373 videlicet
2712 3320 2799 3374 die
2840 3320 2980 3391 magi
3012 3362 3024 3381 ,
3059 3320 3213 3390 juxta
3251 3321 3598 3390 prophetiam
3635 3321 3872 3385 Balaam,

2273 3407 2428 3475 cujus
2453 3422 2798 3465 successores
2831 3419 3012 3476 erant,
3046 3410 3279 3466 dicentis
3305 3428 3319 3463 :
3351 3408 3576 3464 Orietur
3619 3412 3777 3465 uelle
3809 3428 3873 3464 α

2272 3500 2463 3566 Jacob,
2494 3511 2543 3556 et
2573 3514 2846 3575 consurget
2869 3506 3015 3574 virga
3042 3504 3107 3558 de
3135 3503 3325 3569 Israel,
3355 3513 3405 3557 et
3431 3506 3699 3575 percutiet
3720 3506 3874 3559 dum

2275 3593 2458 3661 Moab,
2490 3596 2814 3667 vastabilque
2843 3614 3019 3651 omnes
3058 3597 3200 3667 ﬁlios
3229 3595 3378 3664 Seth,
3416 3607 3466 3652 et
3502 3600 3605 3651 erit
3634 3597 3876 3652 Idumen

2271 3690 2530 3756 possessio
2580 3689 2695 3759 ejus
2742 3688 2935 3761 (Num.
2985 3690 3171 3761 xxrv);
3218 3698 3274 3745 et
3319 3692 3564 3746 iterum:
3598 3689 3679 3745 De
3710 3689 3874 3744 let-ob

2272 3780 2371 3833 erit
2395 3781 2486 3850 qui
2505 3780 2823 3847 dominetur,
2853 3791 2901 3834 et
2928 3782 3113 3851 perdat
3132 3780 3392 3852 reliquias
3419 3782 3653 3835 civitatis
3678 3781 3872 3852 (δικ),

2272 3869 2524 3925 videlicet
2545 3869 2644 3936 Ar,
2668 3886 2790 3942 quae
2819 3886 2965 3927 nunc
2984 3872 3265 3941 AreOpolis
3298 3872 3502 3928 dicitur
3528 3891 3542 3926 :
3569 3888 3639 3928 ex
3668 3873 3875 3928 visione

2274 3958 2561 4031 incognitze
2582 3961 2733 4031 prius
2761 3962 2933 4018 stella}
2960 3963 3015 4018 in
3053 3963 3185 4018 hora
3228 3964 3531 4019 nativitatis
3575 3965 3793 4021 Domini
3822 3966 3872 4019 in

2274 4052 2502 4115 oriente.
2553 4054 2607 4109 id
2654 4063 2740 4110 est
2783 4054 2962 4119 domi,
3019 4054 3448 4127 Hierosolymam
3497 4066 3699 4112 versus
3752 4071 3875 4113 cou-

2273 4153 2493 4212 spectte,
2543 4143 2598 4197 in
2645 4145 2833 4200 eadem
2870 4145 3018 4216 regia
3066 4145 3285 4200 civitate
3332 4161 3395 4200 ex
3443 4147 3738 4217 prophetia
3785 4147 3874 4202 Ili-

2274 4236 2437 4291 chaaae
2465 4235 2532 4291 de
2559 4234 2679 4292 loco
2709 4237 3009 4292 nativitatis
3046 4236 3249 4292 Christi
3282 4236 3487 4292 certius
3509 4238 3698 4293 edocti
3720 4279 3736 4303 ,
3781 4239 3872 4292 de.

2274 4335 2397 4381 catu
2444 4322 2686 4393 ejusdem
2725 4325 2893 4382 stellze
2948 4327 3001 4381 in
3046 4326 3356 4382 Bethlehem
3418 4340 3651 4396 puerum
3696 4327 3869 4383 «ἰδέ-»ειη

2272 4428 2400 4469 cum
2429 4412 2602 4468 Maria
2632 4423 2808 4471 matre
2836 4430 2933 4471 sua
2963 4416 3324 4482 invenientes;
3356 4417 3604 4488 mysticis
3632 4419 3869 4472 muneri.

2274 4504 2375 4560 bus
2403 4504 2684 4559 adoratum
2721 4507 2963 4562 venerati
3021 4516 3168 4562 sunt.
3208 4508 3361 4575 Quod
3406 4509 3534 4564 licet
3583 4509 3772 4563 divino
3788 4510 3871 4563 in-

588 4584 769 4625 cercm
801 4570 1019 4637 missus,
1068 4580 1126 4626 ut
1169 4572 1241 4628 ibi
1297 4573 1437 4629 fame
1472 4576 1738 4633 interiret.
1796 4578 1906 4635 Sed
1959 4581 2168 4637 Domini

2278 4593 2480 4649 stinctu
2510 4596 2762 4650 credatur
2797 4597 3102 4663 actitatum,
3135 4606 3195 4652 ut
3218 4570 3408 4668 gentes
3446 4613 3570 4668 quae
3595 4600 3652 4653 in
3682 4599 3871 4653 vicinis

584 4661 790 4731 pietate
819 4661 1094 4762 _inyisibili
1130 4665 1253 4720 cibo
1295 4667 1492 4722 ibidem
1535 4684 1634 4739 per
1672 4671 2029 4743 quadraginta
2059 4673 2174 4729 dies
2276 4694 2454 4753 eram,
2493 4689 2793 4744 ηιιίνίιιηίε
2822 4661 3115 4746 Dominam,
3142 4661 3573 4762 δυ’ρωριιθιῖαε
3612 4693 3871 4747 decu-ing

588 4760 796 4821 pastus.
817 4752 877 4807 ln
902 4751 1151 4813 laudibus
1182 4756 1274 4811 Dei
1293 4759 1508 4814 assidue
1525 4763 1801 4817 manebat.
1819 4764 1901 4818 Ad
1927 4764 2172 4820 ultimum
2270 4780 2384 4851 jam
2423 4751 2551 4836 tunc
2582 4783 2877 4853 participes
2908 4783 3121 4850 ﬁerem,
3164 4751 3639 4841 ialheh'bismﬁca
3667 4790 3869 4841 tam",

590 4861 721 4903 vero
744 4847 796 4901 in
838 4862 989 4903 mare
1030 4849 1250 4915 missus,
1280 4853 1671 4923 martyrizavit.
1705 4853 1874 4922 Quem
1905 4856 2176 4927 Eutychus

589 4945 647 4991 et
676 4936 1003 4994 Eustochius
1031 4946 1087 4993 et
1115 4939 1334 4995 Zoticus
1363 4943 1614 4999 tollentes
1665 4945 1732 4999 de
1780 4946 1963 5002 littore
1984 4948 2172 5016 maris,

589 5027 920 5098 sepelierunt
948 5028 1003 5082 in
1041 5027 1158 5083 foro
1189 5028 1541 5102 Hellesponti.

660 5139 781 5211 Ipso
811 5141 897 5196 die
920 5141 1102 5211 passio
1135 5141 1280 5198 Petri
1310 5145 1600 5214 agnomine
1628 5147 1886 5214 Balsami,
1931 5150 2022 5220 qui
2074 5151 2175 5206 sub

591 5230 916 5287 Maximiano
943 5233 1290 5302 imperatore,
1317 5246 1510 5305 agente
1543 5236 1746 5294 Severo
1781 5242 2031 5310 praside,
2054 5257 2177 5299 sus-

589 5335 791 5392 pensus
817 5330 871 5376 et
903 5320 1119 5393 ungulis
1148 5321 1437 5390 laceratus,
1472 5326 1540 5381 ad
1571 5336 1875 5385 extremum
1905 5346 2037 5387 vero
2066 5333 2174 5403 gla-

590 5414 681 5469 dio
700 5428 991 5484 percussus
1011 5422 1115 5481 est,
1144 5424 1199 5470 et
1225 5416 1277 5471 in
1310 5417 1521 5473 Aulona
1547 5421 1767 5477 civitate
1795 5424 2035 5498 sepultus
2065 5434 2169 5481 est.

661 5503 862 5559 Eodem
896 5504 981 5559 dic
1008 5506 1191 5574 passio
1217 5507 1440 5565 Luciani
1465 5513 1770 5584 presbyteri
1798 5523 1853 5569 et
1877 5517 2168 5588 martyris;

590 5597 681 5667 qui
713 5601 910 5654 missus
936 5615 968 5654 a
986 5599 1164 5657 Roma
1185 5604 1484 5671 praedicare
1513 5608 1737 5662 verbum
1762 5608 1857 5663 Dei
1883 5609 1936 5663 in
1959 5608 2169 5677 Galliis,

591 5698 713 5760 post
739 5691 1028 5746 multorum
1052 5696 1462 5753 conversionem
1490 5700 1557 5756 ad
1581 5699 1858 5757 Christum
1887 5702 1942 5757 in
1966 5704 2169 5759 eisdem
2209 5718 2232 5751 ὀ

590 5778 835 5847 partibus
859 5780 976 5855 .sub
1020 5778 1234 5839 Juliano
1281 5785 1611 5857 imperatore
1638 5791 1817 5861 capite
1839 5791 2033 5862 plexos
2064 5803 2167 5848 est.

2275 4878 2332 4926 ct
2358 4872 2686 4940 temporaria
2712 4870 2913 4927 Christi
2938 4873 3342 4943 dispensatione
3366 4889 3472 4929 non
3520 4884 3699 4939 caret,
3731 4884 3791 4930 ut
3819 4885 3871 4929 et

2279 4959 2639 5017 Moabitarum
2697 4963 2864 5019 duces
2941 4966 3082 5035 apud
3148 4974 3405 5035 parentes
3462 4968 3710 5037 suspecti
3772 4969 3869 5022 sibi

2282 5055 2554 5123 quondam
2582 5056 2726 5126 regis
2764 5057 3082 5112 muneribus
3122 5059 3319 5113 oblatis
3349 5061 3586 5129 gratiam
3619 5062 3871 5132 impetra-

2269 5157 2434 5213 rent,
2479 5155 2535 5203 et
2575 5149 2766 5203 eadem
2797 5164 3021 5205 munera
3068 5151 3137 5205 ad
3184 5152 3679 5222 peregrinationem
3708 5153 3866 5225 Egy-

2279 5238 2445 5307 ptiam
2508 5241 2845 5309 prodessent.
2900 5240 3085 5314 Neque
3145 5245 3292 5300 enim
3348 5245 3513 5299 iidem
3578 5247 3721 5316 magi
3781 5257 3868 5298 aut

2279 5329 2538 5395 Chaldaei,
2567 5340 2662 5386 aut
2682 5332 2821 5400 lndi,
2849 5344 2939 5389 aut
2967 5336 3198 5407 denique
3212 5336 3409 5401 Persae,
3430 5336 3586 5409 juxta
3611 5338 3866 5409 quosdam

2280 5422 2516 5493 fuerunt,
2556 5435 2612 5482 et
2650 5427 2823 5484 altero
2845 5429 2925 5485 vel
2957 5434 3116 5485 tertio
3145 5431 3445 5486 nativitatis
3491 5434 3701 5488 Domini
3730 5446 3866 5487 anno

2278 5531 2402 5572 eum
2433 5519 2766 5574 adorandum
2797 5533 3093 5589 venerunt,
3126 5524 3221 5579 scd
3250 5535 3343 5577 aut
3376 5524 3622 5579 Moabitae
3659 5534 3713 5578 et
3741 5526 3864 5577 Am-

2280 5610 2499 5664 monita:
2525 5611 2640 5666 sive
2679 5610 3000 5676 Madianitze,
3040 5623 3230 5669 sancto
3254 5614 3587 5687 Hieronymo
3613 5617 3665 5671 id
3695 5617 3862 5687 ipsum

2278 5703 2625 5773 astipulante,
2649 5715 2705 5761 et
2731 5707 2892 5762 tertio
2921 5708 3128 5764 decimo
3155 5711 3455 5765 nativitatis
3485 5712 3606 5782 ejus
3635 5711 3741 5774 die,
3765 5724 3861 5763 non

2282 5792 2335 5848 in
2353 5791 2653 5852 Jerusalem
2676 5796 2962 5855 sublimem
2984 5800 3120 5859 sicut
3144 5811 3494 5873 putaverunt,
3511 5804 3607 5859 sed
3637 5803 3690 5857 in
3713 5801 3863 5856 Beth-
