3956 5542
76 299 198 359 1053

1096 280 1719 340 MARTYBOLOGIUM.
1760 307 1831 315 —
1870 273 2073 328 MENS.
2111 269 2257 324 JAN.

3189 262 3326 316 ίοδι

74 413 230 469 leliem
259 403 511 461 humilem
539 402 717 457 studio
744 398 1045 455 devotionis
1073 396 1338 459 invenire,
1377 402 1432 449 et
1479 391 1637 462 spiri-
1665 393 1716 451 Α
1742 393 2027 457 [nmmum
2050 422 2064 445 ι
2097 396 2196 452 Ι)ΐο
2229 396 2294 435 θο
2324 380 2467 449 (ιιιοά
2511 388 2669 469 am“
2717 378 2863 469 “"icii
2886 418 2899 441 ν
2934 376 3230 433 ι’θηῖιθηῑθε
3274 388 3331 434 τι

73 502 188 560 tuali
217 494 650 553 remuneratione
674 492 859 548 donari
890 498 1226 545 meruerunt.

1749 473 1901 529 inviti
1932 470 2270 541 speciotenus
2303 469 2355 523 in
2400 468 2649 539 conjugio
2695 468 2948 537 c0pulati,
2979 468 3075 523 sed
3103 471 3328 525 sanctis-

134 589 323 644 Eodem
353 585 439 639 die
470 582 651 653 passio
694 589 894 636 sanctae
928 578 1120 647 Macra:
1166 575 1430 647 virginis,
1480 588 1673 643 quam_
1747 564 1885 617 simo
1924 571 2049 617 voto
2090 574 2188 629 per
2235 558 2439 653 aliquot
2475 573 2663 653 annos
2695 561 2899 653 pariter
3029 559 3335 629 virginitate

70 696 184 737 cum
212 677 508 731 Ricovarus
535 672 558 745 [
585 669 967 741 Rictiovarus]
1000 684 1201 740 przeses
1231 666 1467 736 torqueri
1499 674 1554 720 et
1592 666 1649 731 in

70 776 232 844 ignem
258 765 585 837 praecipitari
609 762 883 832 jussisset,
910 761 1073 816 illaesa
1102 758 1419 830 permansit.
1443 757 1648 812 Deinde

71 861 310 918 mamillis
352 859 627 921 abscissis,
657 868 713 912 et
759 855 1011 925 squalore
1045 853 1282 909 carceris
1310 850 1527 917 alllicta,
1560 866 1649 906 su-

69 969 156 1022 per
183 958 345 1005 testas
371 946 720 1003 acutissimas
749 954 803 1001 et
837 958 1039 1015 prunas
1074 943 1310 998 volutata
1341 956 1506 996 orans
1551 939 1651 994 mi-

68 1041 232 1114 gravit
259 1038 325 1093 ad
350 1037 653 1091 Dominum.

132 1131 187 1187 ln
233 1129 435 1195 Africa,
466 1126 638 1192 Flori,
684 1124 935 1191 Jocundi,
984 1124 1151 1189 Petri,
1203 1121 1411 1187 Marci,
1450 1119 1649 1185 Acutii,

72 1218 354 1275 Januariaa.

133 1312 186 1365 ln
220 1309 399 1382 Syria,
423 1317 626 1365 sanctae
648 1306 967 1362 Anastasite.

134 1400 374 1456 Medonis
404 1396 730 1472 [Rhedonis]
764 1396 1021 1453 nativitas
1048 1404 1104 1452 et
1132 1395 1402 1450 ordinatio
1443 1394 1654 1464 episco-

69 1501 237 1562 patus,
269 1505 333 1544 ac
361 1489 625 1545 transitus
674 1487 845 1543 sancti
883 1485 1075 1541 Melani
1116 1482 1377 1557 [Melanii]
1420 1482 1658 1555 episcopi

69 1591 119 1635 et
156 1579 503 1636 confessoris.
535 1578 701 1650 Cujus
742 1578 959 1649 corpori
992 1576 1333 1647 superposita
1381 1576 1435 1630 in
1469 1574 1659 1629 mediis

74 1670 279 1741 ignibus
315 1668 479 1723 illaesa
508 1675 721 1739 reperta
758 1676 844 1723 est
871 1666 1031 1739 palla.

1752 661 2049 715 manentes,
2104 649 2432 704 monasteria
2472 650 2545 725 de
2590 649 2751 726 rebus
2804 649 2916 703 suis
2957 649 3007 702 in
3037 651 3337 720 Antiochiae

1752 742 2062 811 municipiis
2101 741 2475 805 instituerunt,
2507 739 2579 793 ita
2619 739 2782 794 multa
2828 750 2883 794 et
2922 739 3249 810 frequentia,
3281 755 3342 796 ut

1751 832 1995 887 Julianus
2018 832 2084 886 ad
2124 831 2310 887 decem
2339 830 2507 884 millia
2535 831 2923 885 monachorum
2958 830 3149 899 Pater;
3184 832 3338 889 Basi-

1754 923 1881 978 lissa
1906 938 2034 979 vero
2063 922 2351 978 multarum
2382 922 2650 994 virginum
2688 922 2857 977 Mater
2884 924 3163 979 existeret.
3197 926 3343 992 Quas

1753 1022 1879 1070 ante
1925 1028 1984 1069 se
2026 1016 2094 1068 ad
2140 1029 2365 1085 regnum
2412 1013 2675 1067 caelorum
2726 1014 3080 1084 praemittens,
3121 1024 3177 1069 et
3227 1015 3344 1085 ipsa

1754 1102 2116 1171 subsequitur.
2159 1101 2405 1175 Julianus
2446 1116 2578 1156 vero
2625 1104 2963 1175 postmodum
3004 1120 3033 1158 a
3081 1104 3345 1159 Martiano

1756 1192 1985 1263 przeside
2007 1192 2362 1263 perquiritur.
2395 1191 2514 1260 Quo
2546 1202 2789 1265 tempore
2815 1194 2994 1250 rabies
3033 1195 3347 1251 crudelissi-

1757 1296 1869 1348 ma,
1894 1282 1959 1336 ad
2000 1282 2433 1352 persequendum
2484 1293 2703 1339 sanctos
2748 1285 2840 1339 Dei
2889 1286 2990 1340 sub
3014 1285 3350 1342 Diocletiano

1758 1381 1811 1428 et
1833 1373 2159 1429 Maximiano
2186 1377 2566 1441 exardescens,
2590 1376 2984 1432 multitudinem
3009 1379 3350 1434 sacerdotum

1759 1475 1814 1521 et
1844 1466 2219 1522 ministrorum
2261 1467 2514 1523 Ecclesia:
2543 1467 2745 1522 Christi
2793 1478 3011 1538 propter
3049 1470 3356 1525 immanita-

1762 1545 1869 1613 tem
1898 1559 2294 1628 persecutionis
2340 1560 2407 1614 ad
2453 1576 2577 1615 eum
2616 1559 2909 1631 confugere
2952 1562 3147 1632 coegit.
3196 1563 3358 1618 Com-

1762 1650 2062 1718 prehensus
2099 1651 2282 1721 itaque
2307 1667 2430 1707 cum
2470 1653 2570 1706 hac
2614 1652 2815 1723 ingenti
2852 1644 3214 1721 multitudine,
3244 1655 3361 1725 ipse

134 1762 220 1817 γη
258 1762 335 1816 ιο,
369 1761 487 1816 ιη,
519 1792 589 1801 __
638 1761 850 1815 “clauo
907 1760 1061 1830 pueri
1113 1757 1242 1833 jesu
1294 1775 1359 1815 ex
1408 1758 1661 1830 Egyplo.
1696 1762 1737 1820 Β
1768 1742 2013 1833 praesidis
2050 1741 2342 1798 audientiae
2371 1753 2452 1799 est
2482 1753 2823 1810 reservatus,
2851 1747 3031 1800 caeteri
3077 1747 3219 1802 servi
3264 1746 3360 1802 Dei

70 1854 133 1908 Et
176 1853 436 1908 nativitas
487 1852 661 1908 sancti
727 1851 951 1908 Luciani
1005 1852 1358 1907 Antiochense
1408 1850 1664 1907 Ecclesia:

69 1944 368 2016 presbyteri
409 1954 465 1999 et
505 1943 760 2014 martyris
785 1983 801 2010 ,
854 1942 958 1997 viri
989 1942 1289 1997 doctissimi
1343 1950 1506 2012 atque
1554 1939 1666 1995 elo-

70 2036 430 2104 quentissimi,
470 2036 561 2105 qui
585 2033 915 2095 Nicomediae
944 2035 1013 2090 ob
1041 2032 1440 2090 confessionem
1462 2031 1664 2093 Christi

68 2141 271 2193 passus,
305 2134 361 2181 et
389 2126 444 2179 in
470 2134 706 2196 quatuor
730 2132 914 2195 partes
949 2124 1214 2180 dissectus
1238 2131 1321 2179 est
1345 2140 1358 2177 :
1392 2123 1587 2193 quibus
1613 2122 1665 2176 in

72 2217 290 2287 singulis
323 2215 598 2286 lapidibus
642 2216 824 2287 ligatis
862 2223 921 2269 et
966 2214 1019 2269 in
1053 2230 1203 2269 mare
1234 2214 1531 2279 demersis,
1563 2213 1667 2267 alia

70 2308 150 2362 die
178 2309 497 2379 Helenopoli
528 2309 798 2380 Bithynia:
847 2308 1116 2377 integrum
1146 2320 1344 2375 corpus
1372 2321 1496 2361 cum
1536 2305 1670 2375 ipsis

72 2397 333 2468 lapidibus
380 2400 664 2453 inventum
706 2396 1006 2453 honoriﬁce
1049 2396 1319 2467 sepultum
1356 2404 1458 2451 est.
1498 2395 1669 2462 Quam

73 2489 253 2543 urbem
291 2504 425 2543 cum
478 2489 627 2559 prius
675 2489 923 2558 Drepana
971 2495 1280 2552 vocaretur,
1312 2487 1367 2541 in
1408 2486 1670 2541 honorem

69 2578 304 2648 ejusdem
361 2581 625 2651 martyris
670 2578 1064 2635 Constantinus
1113 2577 1411 2649 imperator
1464 2577 1673 2631 instau-

71 2687 318 2749 rans,rex
368 2672 594 2728 nomine
643 2672 835 2728 matris
889 2687 999 2727 sua:
1046 2668 1417 2740 Helenopolim
1467 2682 1676 2723 nuncu-

69 2762 234 2831 pavit.

130 2857 262 2911 ltem
307 2856 464 2927 apud
514 2855 859 2910 Antiochiam
907 2853 967 2906 Β.
1018 2852 1161 2907 Cleri
1196 2851 1450 2916 diaconi,
1490 2851 1580 2919 qui
1609 2852 1679 2907 ob

65 2946 479 3001 confessionem
528 2945 733 3001 Christi
778 2945 977 3016 septies
1026 2952 1235 3009 tortus,
1284 2951 1337 2997 et
1369 2941 1422 2996 in
1459 2956 1680 2997 carcere

73 3037 157 3091 diu
192 3045 553 3100 maceratus,
605 3037 673 3091 ad
724 3034 975 3090 ultimum
1025 3033 1326 3090 decollatus
1358 3032 1679 3104 martyrium

70 3126 502 3181 consummavit.

106 3216 327 3277 ηΡδεείο
378 3226 590 3272 sanctae
634 3215 851 3271 Fausta:
898 3214 1154 3287 virginis,
1208 3215 1312 3270 sub
1355 3213 1683 3269 Maximiano

72 3308 447 3378 imperatore,
482 3322 603 3377 quae
634 3306 932 3361 Evilasium
976 3306 1211 3376 primum
1255 3304 1481 3376 palatii,
1522 3312 1687 3359 torto-

70 3410 180 3462 rem
206 3412 403 3463 suum,
428 3396 705 3467 patientia:
727 3412 838 3452 sua:
866 3397 1070 3451 virtute
1096 3395 1367 3452 convertit
1392 3394 1459 3449 ad
1500 3394 1687 3461 fidem,

70 3501 283 3541 necnon
312 3496 372 3541 et
402 3484 723 3556 praefectum
754 3484 841 3540 cui
867 3483 1082 3552 jussum
1118 3490 1203 3538 est
1255 3497 1375 3538 eam
1410 3490 1683 3553 torquere.

70 3575 315 3632 Primum
345 3591 487 3649 ergo
505 3591 772 3647 suspensa
801 3584 855 3630 et
886 3573 1229 3629 ferramentis
1253 3572 1513 3640 lacerata,
1541 3582 1691 3642 post-

66 3683 131 3727 ea
170 3655 374 3725 bestiis
409 3668 608 3724 tradita
639 3708 654 3733 ,
683 3667 775 3723 sed
815 3682 846 3721 a
897 3665 1045 3721 nulla
1093 3679 1280 3720 earum
1320 3664 1687 3719 contaminata

67 3767 170 3814 est.
215 3758 441 3814 Deinde
483 3757 654 3813 clavis
702 3766 865 3826 caput
900 3754 1018 3825 ejus
1046 3754 1318 3810 confixum
1361 3763 1464 3809 est.
1497 3753 1688 3809 Postea

69 3850 120 3903 in
149 3860 507 3920 sartaginem
555 3849 677 3918 pice
727 3849 1027 3903 ferventem
1079 3846 1247 3901 missa
1276 3885 1291 3911 ,
1322 3845 1414 3900 sed
1464 3860 1569 3900 non
1609 3856 1699 3907 est,

68 3938 217 4005 laesa,
262 3940 472 4009 sicque
508 3952 633 3993 cum
662 3936 899 3993 Evilasio
924 3943 979 3991 et
1027 3935 1283 4006 prafecto
1314 3935 1367 3989 in
1406 3935 1690 3989 tormentis

66 4031 402 4096 constituta,
439 4028 678 4101 reddidit
704 4028 955 4099 spiritum
983 4044 995 4081 :
1029 4025 1211 4099 p0puli
1240 4042 1371 4081 vero
1396 4026 1691 4081 Christiani

69 4122 185 4179 haec
208 4123 538 4184 audientes,
569 4119 902 4191 sepelierunt
928 4133 1158 4188 corpora
1188 4126 1521 4173 sanctorum.

138 4217 207 4272 Vl
249 4217 333 4271 ln.
381 4212 513 4270 ΙΑΝ.
539 4214 690 4268 —ln
728 4213 965 4280 Graecia,
997 4213 1219 4270 Poliecti
1273 4211 1595 4284 [Polyeucti]
1642 4222 1696 4269 et

67 4309 324 4366 Palladii.

138 4399 378 4470 Neapoli
411 4397 732 4469 Campania:
778 4397 1034 4453 nativitas
1063 4396 1123 4452 S.
1170 4396 1422 4453 Severini
1453 4397 1693 4468 episcopi

1760 1829 1915 1899 jussu
1944 1831 2307 1888 crudelissimi
2344 1834 2497 1912 ducis
2527 1850 2757 1891 accenso
2788 1836 2929 1905 igne,
2974 1838 3160 1905 eisque
3190 1851 3359 1907 appo-

1768 1924 1893 1988 sito,
1926 1925 1981 1979 in
2010 1940 2117 1995 quo
2156 1926 2529 1982 consistebant
2577 1926 2693 1982 loco
2724 1927 3026 1997 consumpti
3077 1935 3225 1982 sunt.
3258 1926 3363 1982 Ubi

1767 2016 1834 2070 ad
1902 2017 2355 2073 comtnodandam
2430 2018 3008 2091 [commendandam]
3070 2020 3364 2089 pretiosam

1771 2116 2001 2162 mortem
2044 2118 2378 2174 sanctorum,
2413 2111 2591 2175 tertia,
2639 2123 2809 2176 sexta,
2861 2126 3024 2175 nona,
3058 2111 3150 2165 sed
3192 2120 3245 2165 et
3271 2126 3363 2165 ve-

1770 2200 2010 2269 spertina
2061 2200 2194 2255 hora
2217 2242 2232 2265 ,
2266 2201 2610 2271 psallentium
2653 2203 2762 2257 Deo
2792 2202 2943 2257 chori
2996 2202 3244 2257 feruntur
3273 2218 3369 2256 au-

1770 2290 1891 2345 diti.
1930 2289 2131 2347 Beatus
2176 2302 2358 2347 autem
2398 2291 2651 2346 Julianus
2693 2292 2927 2362 primum
2976 2292 3193 2346 auditus
3237 2291 3367 2361 rigi-

1774 2382 2011 2437 dissimis
2061 2381 2297 2438 fustibus
2351 2399 2523 2438 caesus
2582 2394 2687 2438 est.
2740 2384 2986 2453 Cumque
3041 2383 3369 2448 caederetur,

1775 2490 1913 2553 unus
1971 2475 2343 2529 ministrorum
2376 2516 2390 2540 ,
2445 2477 2659 2547 prtesidi
2717 2477 3095 2542 necessarius,
3157 2477 3372 2532 oculum

1775 2564 1980 2628 amisit,
2009 2581 2167 2635 quem
2197 2606 2212 2630 ,
2261 2566 2319 2619 B.
2353 2565 2567 2622 Juliano
2595 2577 2785 2622 orante
2815 2609 2829 2632 ,
2861 2567 3005 2622 illico
3040 2569 3272 2637 recepit,
3320 2580 3375 2621 et

1777 2655 1995 2711 Christo
2020 2659 2268 2724 credens,
2297 2660 2481 2714 statim
2520 2661 2587 2713 ab
2620 2660 2814 2714 insano
2833 2659 3017 2728 judice
3054 2660 3372 2715 decollatur.

1779 2749 1905 2803 Inde
1934 2749 1993 2805 Β.
2020 2748 2235 2806 Juliano
2261 2752 2422 2807 ducto
2449 2754 2515 2807 ad
2542 2751 2728 2806 fanum
2755 2752 3085 2818 daemonum,
3121 2756 3187 2807 ad
3218 2755 3377 2823 quin-

1780 2850 1939 2911 genta
1969 2839 2260 2896 simulacra
2290 2843 2625 2897 comminuta
2654 2851 2817 2913 atque
2846 2844 2899 2897 in
2937 2843 3218 2913 pulverum
3248 2856 3379 2901 sunt

1780 2932 2040 2987 redacta:
2080 2934 2169 3003 qui
2200 2949 2297 3004 pro
2323 2936 2425 2991 hoc
2448 2933 2593 3007 [cum
2634 2952 2734 3006 pro
2760 2935 2884 3008 hoc]
2926 2937 2978 2991 in
3018 2936 3375 3007 profundissi-

1784 3038 1928 3076 ntum
1959 3033 2014 3077 et
2042 3026 2490 3082 obscurissimum
2521 3043 2819 3093 carcerem,
2850 3044 2975 3083 cum
3008 3028 3167 3087 Celso
3188 3046 3375 3100 puero,

1710 3116 1754 3175 C
1788 3116 2032 3184 praesidis
2063 3116 2194 3183 lilio,
2230 3118 2593 3183 clauderetur,
2626 3120 2718 3175 sed
2758 3120 2926 3175 odore
2963 3121 3286 3177 suavissimo
3324 3132 3379 3176 et

1786 3205 1986 3261 iumine
2018 3207 2247 3263 mirifico
2282 3210 2594 3277 donaretur,
2630 3220 2835 3281 septem
2870 3210 3066 3267 fratres
3103 3221 3160 3266 et
3191 3213 3381 3283 viginti

1788 3298 2003 3365 milites,
2031 3301 2121 3369 qui
2149 3301 2215 3355 ad
2241 3316 2335 3357 eos
2362 3303 2615 3358 visitandi
2647 3305 2820 3374 gratia
2850 3314 3140 3371 venerunt,
3174 3307 3384 3375 priores

1789 3389 1895 3458 igni
1927 3389 2126 3455 traditi,
2159 3392 2494 3461 posteriores
2538 3403 2663 3448 sunt
2702 3393 2879 3463 gladio
2910 3394 3180 3449 trucidati.
3214 3396 3384 3449 Porro

1786 3482 2030 3538 Julianus
2061 3499 2182 3538 cum
2222 3484 2378 3541 Celso
2417 3501 2606 3555 puero,
2657 3496 2711 3541 et
2756 3487 2991 3561 Antonio
3033 3488 3381 3556 presbytero,

1789 3583 1952 3644 atque
1980 3575 2267 3631 Anastasio
2291 3576 2520 3631 diversis
2548 3576 2725 3646 poenis
2754 3576 2933 3631 amicti
2962 3617 2977 3640 ,
3024 3585 3080 3631 et
3123 3578 3221 3649 ipsi
3263 3593 3384 3632 cum

1793 3663 2126 3719 Marcionilla
2171 3675 2419 3720 matrona
2451 3682 2480 3720 a
2512 3667 2775 3722 militibus
2809 3680 2933 3722 sunt
2965 3669 3293 3738 interempti.

1862 3755 1928 3811 IV
1967 3755 2045 3810 lo.
2083 3755 2293 3811 Jam—
2338 3756 2606 3813 Nativitas
2654 3758 2718 3812 Β.
2768 3758 3076 3825 Nicanoris,
3120 3760 3278 3813 unius
3324 3762 3391 3815 de

1791 3845 1981 3913 primis
2017 3854 2222 3916 septem
2254 3847 2514 3913 diaconis,
2541 3849 2680 3918 apud
2705 3849 2942 3920 Cyprum
2975 3850 3204 3920 gloriose
3230 3865 3386 3907 coro-

1794 3936 1905 3989 nati
1934 3935 2116 4006 ibique
2145 3938 2526 3994 venerabiliter
2552 3938 2768 4009 sepulti.

1864 4029 2020 4099 Apud
2073 4030 2403 4086 Thebaidem
2472 4032 2729 4087 nativitas
2793 4034 2963 4088 sancti
3022 4033 3170 4089 Pauli
3232 4035 3393 4102 primi

1795 4121 2057 4187 cretnitac,
2086 4122 2178 4191 qui
2212 4136 2242 4176 a
2281 4131 2435 4179 sexto
2464 4123 2678 4179 decimo
2706 4124 2883 4179 aetatis
2914 4140 3024 4179 sure
3051 4140 3194 4179 anno
3224 4139 3395 4195 usque

1797 4213 1865 4267 ad
1895 4214 2307 4283 nonagesimum
2352 4216 2569 4269 tertium
2610 4215 2756 4270 solus
2789 4216 2840 4269 in
2862 4230 3045 4269 eremo
3071 4217 3391 4285 permansit.

1798 4301 1963 4374 Cujus
2008 4305 2245 4360 animam
2294 4305 2436 4359 inter
2482 4305 2848 4374 apostolorum
2897 4314 2954 4360 et
3005 4306 3393 4375 prophetarum

1799 4396 1996 4451 choros
2036 4397 2103 4451 ad
2151 4395 2347 4450 coalum
2399 4396 2527 4450 ferri
2576 4396 2645 4450 ab
2675 4396 2880 4466 angelis
2925 4397 3195 4452 Antonius
3239 4398 3392 4451 vidit.

64 4499 121 4543 et
149 4488 533 4556 confessoris,
568 4488 755 4561 fratris
781 4487 1082 4545 beatissimi
1113 4486 1377 4543 Victorini
1407 4488 1695 4544 clarissimi
1724 4471 1774 4529 ι)
1803 4487 1987 4542 Romae
2012 4488 2325 4542 Mclchiadis
2350 4489 2619 4559 episcopi:
2645 4489 2737 4559 qui
2766 4490 3040 4545 constituit
3070 4491 3123 4544 in
3151 4490 3393 4546 Ecclesia

66 4581 121 4633 in
152 4578 461 4634 miraculis
494 4578 616 4632 viri.
650 4577 753 4644 Qui
785 4585 841 4633 ct
861 4577 977 4648 ipse
1012 4576 1199 4632 fratris
1227 4577 1523 4646 imperator
1553 4576 1696 4649 [imi-

68 4670 239 4745 tator]
276 4712 292 4738 ,
348 4677 489 4742 post
539 4670 833 4725 multarum
892 4670 1150 4725 virtutum
1203 4670 1697 4740 pcrpetrationem,

65 4762 378 4817 sanctitate
430 4757 634 4828 plenus
675 4758 897 4830 quievit.
947 4759 1203 4831 Sepultus
1237 4760 1291 4813 in
1328 4773 1394 4815 eo
1439 4759 1560 4814 loco
1605 4760 1696 4815 ubi

64 4854 404 4923 priusquam
441 4850 517 4904 ad
544 4850 914 4921 episcopatum
944 4861 1231 4909 vocaretur
1250 4893 1268 4916 ,
1303 4851 1697 4910 abstinentissi—

66 4960 189 5000 mus
220 4944 424 4999 fuerat
453 4951 841 4997 conversatus.

138 5036 200 5093 In
240 5034 501 5097 Graecia,
536 5032 779 5099 Rustici,
812 5033 1085 5091 Timothei
1110 5043 1167 5090 et
1192 5034 1439 5101 Jocundi.

132 5127 399 5182 Mellocia
458 5121 787 5201 [Bellovaci]
838 5126 1011 5183 sancti
1061 5124 1325 5193 Luciani,
1376 5127 1509 5185 socii
1561 5129 1702 5183 beati

70 5219 351 5290 Dionysii.
383 5216 537 5269 Item
565 5210 843 5271 Messiani.
908 5284 911 5291 Α

143 5309 336 5373 Metis,
366 5301 647 5361 Patientis
672 5305 939 5376 episcopi.
1232 5374 1237 5381 κ

146 5404 192 5459 V
234 5402 317 5457 ι».
343 5398 478 5454 Jan.
508 5424 579 5433 ——
622 5393 677 5447 ln
731 5398 1079 5463 Mauritania,
1107 5398 1327 5456 civitate
1356 5401 1695 5467 Caesariensi,

68 5498 257 5542 nassin
287 5493 353 5542 S.
390 5486 689 5542 Martiante
727 5492 956 5542 viminis
987 5501 1041 5542 et
1074 5494 1349 5542 martvris.

1803 4597 1830 4632 a
1866 4578 2114 4634 fidelibus
2161 4579 2302 4633 nulla
2353 4581 2558 4635 ratione
2605 4580 2658 4635 in
2702 4581 2894 4636 diebus
2943 4582 3236 4637 Domnicis
3258 4582 3396 4653 jeju-

1802 4668 2059 4723 nandutu.
2087 4667 2219 4737 lgini
2252 4666 2496 4739 [Hygini]
2524 4684 2693 4737 papae,
2721 4671 2811 4738 qui
2857 4672 3137 4726 constituit
3170 4670 3395 4735 clerum,

1803 4771 1858 4814 et
1885 4760 2085 4831 gradus
2112 4758 2509 4815 ecclesiasticos
2539 4758 2839 4815 distribuit.

1872 4849 1937 4904 Ill
1974 4849 2049 4903 lo.
2077 4848 2194 4903 Jan.
2220 4876 2290 4887 -—
2322 4849 2550 4904 Eductio
2597 4849 2810 4905 Domini
2860 4853 2929 4910 de
2982 4851 3243 4920 ZEgypto,
3284 4862 3402 4916 quat

1808 4940 2103 4997 secundum
2154 4939 2289 4993 alios
2337 4956 2410 4995 vn
2465 4939 2543 4995 ld.
2585 4938 2709 4995 Jan.
2738 4981 2753 5007 ,
2805 4944 3103 5001 secundum
3144 4939 3405 5005 quosdam

1811 5032 1949 5089 Non.
1983 5031 2107 5086 Jan.
2154 5040 2378 5101 propter
2417 5030 2710 5087 multorum
2758 5035 2971 5094 dierum
3021 5027 3413 5105 ρῐοῖθεῑὶοηθῐιι

1806 5124 2133 5180 celebratur.
2186 5118 2346 5188 Apud
2394 5121 2783 5178 Alexandriam
2840 5125 2946 5184 SS.
3004 5115 3417 5179 confessorum,

1811 5214 1983 5281 Petri,
2010 5211 2218 5273 Severi,
2251 5209 2436 5268 Leuci.

1886 5312 1941 5366 In
1992 5307 2179 5375 Africa
2208 5307 2473 5361 nativitas
2515 5301 2571 5354 S.
2606 5301 2777 5358 Salvii
2820 5306 3082 5366 martvrifl

1811 5404 1981 5459 natali
2034 5398 2089 5455 S.
2124 5399 2462 5467 Augustinus

1816 5491 2047 5542 ιιιςιαῖηῖο

3176 5293 3229 5331 in
3282 5292 3428 5330 nnino
