4046 6432
520 340 664 407 1935

1450 359 1509 414 Β.
1554 358 1854 415 NOTKERI
1890 358 2194 417 BALBULI'
2221 364 2278 419 8.
2318 364 2533 422 GALU
2563 358 2869 429 MONACHI

3658 380 3800 437 1036

526 462 1115 563 templum__cujttsdam
1169 466 1334 563 idoli,
1392 483 1512 524 cum
1562 469 1904 563 exsufﬂasset
1943 471 2107 539 illud,
2139 478 2187 536 Λ
2216 476 2349 531 urbe
2380 476 2553 534 Roma
2596 482 2880 538 constituit
2905 494 3127 555 propter
3169 485 3501 557 baptismum
3539 497 3593 546 ct
3622 492 3801 563 posui-

525 557 746 627 signans
772 556 873 612 sibi
907 557 1158 623 frontem,
1198 560 1380 615 statim
1410 561 1651 627 corruit;
1681 576 1843 633 quam
1872 564 1942 619 ob
1981 579 2109 619 cau-

524 664 641 704 sam
670 664 699 702 a
723 647 904 717 judice
931 649 1032 705 loci
1064 650 1359 707 decollatus
1388 661 1491 708 est.
1515 653 1715 709 Eodem
1738 655 1827 710 die
1855 656 2108 712 nativitas

525 742 583 797 S.
618 742 836 797 Arcadii
868 744 1144 813 martyris,
1179 758 1375 814 genere
1402 753 1457 799 et
1488 745 1765 801 miraculis
1788 746 1944 802 clari.

594 834 671 888 lu.
703 832 822 888 Jan.
852 864 924 875 —
946 833 1147 890 Octava
1176 833 1559 905 Theophanite.
1592 837 1802 903 Romae,
1832 840 1916 893 via
1949 840 2105 894 Lavi-

524 937 660 978 naca
707 922 1036 996 [Lavicana]
1062 965 1076 989 ,
1124 923 1462 989 Secundinm,
1505 925 1750 993 Coronae,
1783 937 1840 983 et
1874 929 2103 984 militum

522 1014 881 1085 quadraginta
931 1017 1031 1071 sub
1058 1015 1304 1071 Gallieno
1334 1016 1683 1088 imperatore.
1723 1017 1983 1085 Pictavis,
2011 1021 2105 1075 de-

521 1106 719 1176 positio
765 1105 823 1160 S.
859 1105 1050 1161 Hilarii
1096 1106 1333 1177 episcopi
1379 1114 1434 1161 et
1468 1106 1831 1175 confessoris,
1886 1110 1976 1180 qui
2007 1111 2107 1163 sub

520 1194 839 1251 Constantio
883 1196 1129 1266 Augusto
1158 1197 1414 1253 lueretico
1459 1198 1528 1254 ob
1572 1198 1898 1253 catholicam
1946 1198 2104 1253 ﬁdem

519 1288 878 1358 quadriennio
923 1289 1065 1359 apud
1107 1288 1400 1360 Phrygiam
1444 1288 1637 1345 exsilio
1684 1289 1956 1361 relegatus
1999 1299 2103 1349 est.

519 1378 597 1434 De
643 1394 749 1449 quo
794 1380 938 1434 inter
980 1379 1117 1435 alias
1158 1380 1386 1435 virtutes
1437 1377 1671 1435 refertur
1713 1379 1858 1450 quod
1896 1384 2105 1436 orando

518 1477 792 1524 mortuum
824 1468 1189 1525 suscitaverit.

588 1558 710 1614 XIX
744 1560 881 1614 Kac.
911 1559 1077 1615 antt.
1104 1580 1176 1602 —
1203 1559 1259 1616 In
1283 1560 1570 1617 Antiochia
1600 1560 1836 1632 Glycerii
1863 1561 2099 1627 diaconi,

518 1651 586 1706 de
614 1652 885 1721 antiquis,
929 1651 1093 1708 multa
1136 1652 1390 1709 tormenti
1420 1650 1762 1726 [tormenta]
1790 1653 1933 1725 passi
1965 1661 2020 1709 et
2049 1653 2103 1709 in

519 1752 672 1797 mare
700 1742 954 1799 demersi.

2213 569 2435 624 tentiam
2466 571 2754 629 multorum
2776 616 2790 640 ,
2831 576 2922 646 qui
2970 579 3431 635 couvertebantur
3460 597 3528 637 es
3568 585 3801 654 paganis

2208 666 2261 714 et
2289 669 2513 731 propter
2540 664 2848 735 sepulturas
2878 676 3198 740 martyrum.
3237 670 3339 739 Qui
3362 671 3593 743 jubente
3621 674 3797 731 Maxi-

2208 750 2393 807 miano
2424 753 2749 824 imperatore
2776 757 2953 828 primo
2983 755 3215 815 fustibus
3252 777 3425 818 caesus
3445 804 3460 827 ,
3512 772 3571 818 et
3597 780 3627 817 τι
3656 763 3800 821 facie

2208 838 2324 908 ejus
2353 856 2509 910 quem
2540 843 2871 915 corripiebat
2900 848 3158 917 expulsus
3185 859 3289 905 est.
3334 851 3539 908 Deinde
3565 855 3803 911 audiens

2208 933 2353 1001 quod
2391 934 2609 989 domum
2660 947 2861 995 sancta:
2907 938 3146 1006 Lucinae,
3192 958 3356 1013 quam
3401 943 3518 1015 ipse
3551 949 3802 1017 pmscri-

2209 1023 2392 1090 ptione
2429 1024 2813 1091 damnaverat,
2868 1043 2933 1083 eo
2972 1033 3116 1100 quod
3155 1031 3223 1087 de
3278 1032 3632 1090 facultatibus
3682 1037 3804 1093 suis

2206 1109 2527 1168 Christianis
2556 1114 2860 1182 donaverit,
2887 1118 3173 1174 ecclesiam
3201 1120 3425 1188 faceret,
3458 1130 3626 1194 atque
3649 1126 3708 1180 in
3737 1142 3802 1181 ea

2209 1200 2404 1255 missas
2447 1202 2768 1270 celebraret,
2799 1206 2853 1260 in
2885 1208 3061 1263 media
3090 1209 3311 1266 civitate
3328 1210 3496 1280 jussit
3522 1215 3576 1268 in
3604 1217 3801 1271 eadem

2207 1292 2439 1348 ecclesia
2467 1294 2686 1364 plancas
2715 1297 2915 1363 sterni,
2964 1299 3032 1353 ad
3063 1300 3316 1356 animalia
3347 1304 3588 1358 extabuli
3623 1305 3802 1377 [cata-

2207 1382 2344 1455 buli]
2377 1385 2611 1455 publici,
2663 1398 2718 1443 et
2766 1389 3015 1445 eumdem
3053 1392 3362 1465 episcopum
3410 1394 3477 1450 ad
3510 1398 3801 1452 servitium

2208 1474 2524 1531 animalium
2577 1479 2893 1548 deputavit,
2936 1497 3062 1537 cum
3107 1484 3350 1540 custodia
3396 1487 3636 1557 publica.
3694 1488 3799 1544 Ubi

2204 1564 2368 1620 etiam
2392 1575 2515 1636 post
2540 1568 2737 1625 multos
2767 1585 2940 1627 annos
2964 1572 3269 1639 serviendo,
3306 1575 3533 1632 indutus
3559 1578 3800 1634 amictus

2204 1655 2452 1723 cilicino,
2497 1657 2783 1716 defunctus
2832 1670 2949 1728 est,
2994 1670 3050 1718 et
3093 1663 3347 1720 conditus
3397 1667 3798 1722 aromatihusa

2204 1743 2410 1802 Joanne
2435 1750 2753 1821 presbytero
2776 1761 2831 1806 et
2852 1751 2912 1807 Β.
2946 1748 3172 1821 Lucina,
3205 1754 3445 1825 sepultus
3477 1766 3566 1812 est
3595 1758 3652 1812 in
3681 1771 3800 1811 cc-

586 1832 644 1886 ln
677 1832 969 1902 Campania
1007 1832 1137 1889 Nola
1167 1832 1388 1892 civitate
1418 1830 1613 1892 Felicis
1633 1834 1932 1907 presbyteri
1963 1844 1976 1888 :
2006 1850 2101 1889 eu-
2132 1828 2176 1887 Β
2204 1841 2433 1896 meterio
2464 1841 2747 1899 Priscillm.

509 1923 601 1991 jus
645 1926 929 1996 episcopus
977 1927 1243 1985 Maximus
1287 1944 1413 1985 cum
1460 1930 1838 2001 persecutione
1873 1929 2093 1986 territus

517 2017 742 2090 fugisset
769 2019 824 2074 in
851 2034 1116 2087 eremmn,
1146 2020 1335 2078 beatus
1360 2021 1537 2088 Felix,
1564 2033 1757 2094 captus
1786 2029 1841 2078 et
1866 2021 2101 2079 vinculis

517 2108 808 2176 astrictus,
860 2118 987 2165 ante
1013 2110 1299 2180 praesidem
1337 2118 1421 2169 est
1467 2113 1732 2169 adductus
1773 2120 1827 2169 et
1864 2111 2101 2169 fustibus

514 2212 706 2256 exesus.
741 2199 944 2256 Deinde
973 2201 1027 2256 in
1058 2202 1289 2271 equuleo
1321 2212 1514 2266 tortus.
1567 2213 1623 2259 et
1650 2204 1704 2258 in
1735 2218 1956 2260 carcere
1981 2203 2101 2258 vin-

514 2288 758 2353 culatus,
807 2298 865 2345 et
896 2290 1095 2346 cocleis
1136 2307 1200 2347 ac
1236 2293 1451 2348 testulis
1492 2295 1863 2363 superpositus
1896 2312 1908 2347 :
1940 2302 2100 2350 nocte

516 2382 586 2436 ab
614 2381 808 2453 angelo
838 2382 1048 2463 Domini
1074 2368 1368 2439 confractis
1395 2387 1622 2450 catenis,
1666 2396 1721 2441 et
1747 2386 1919 2441 scissa
1947 2384 2099 2441 trabe

515 2482 620 2539 qua
669 2471 835 2539 pedes
881 2469 998 2539 ejus
1050 2473 1507 2545 astringebantur,
1553 2476 1890 2531 sacerdotem
1941 2492 2096 2532 suum

511 2560 795 2630 requirere
816 2560 1129 2630 jubebatur.
1157 2563 1328 2631 Quem
1350 2579 1473 2620 cum
1502 2566 1654 2621 senio
1678 2576 2093 2639 praegravatum,

512 2652 661 2709 fame
688 2665 1089 2726 consumptum,
1119 2656 1240 2728 gelu
1271 2658 1651 2720 constrictum.
1699 2658 1895 2714 clausis
1925 2658 2098 2713 oculis

511 2744 827 2823 strictisque
872 2746 1125 2803 dentibus
1188 2748 1508 2804 semivivum
1558 2750 1755 2820 vixque
1799 2751 2094 2820 spirantem

511 2850 657 2907 aegre
686 2837 902 2893 tandem
933 2837 1225 2907 aliquando
1263 2839 1578 2908 reperisset,
1624 2838 1680 2894 el
1714 2855 1821 2895 non
1868 2839 2096 2896 haberet

510 2928 638 2998 Quid
669 2927 881 2984 defecto
907 2930 1024 2984 seni
1043 2929 1368 2999 porrigeret,
1398 2944 1527 2987 ecce
1556 2931 1735 2988 subito
1759 2931 1826 2987 de
1851 2931 2095 2987 sentibus

514 3037 673 3076 uvam
703 3022 1010 3092 dependere
1052 3023 1305 3089 miratus,
1348 3023 1401 3077 in
1430 3038 1493 3079 os
1520 3020 1848 3079 confessoris
1873 3038 2096 3094 expres-

511 3113 601 3178 sit,
652 3122 707 3168 et
734 3111 1093 3169 refocillatum
1124 3124 1287 3184 atque
1313 3114 1554 3170 humeris
1581 3114 1891 3186 impositum
1918 3115 1987 3171 ad
2010 3116 2091 3172 ci-

2273 1928 2489 1985 Arelate
2518 1930 2574 1987 S.
2601 1931 2864 1989 Honorati
2887 1934 3122 2007 episcopi
3150 1943 3206 1991 et
3231 1936 3594 2005 confessoris,
3628 1938 3786 2008 cujus

2203 2019 2345 2076 inter
2369 2028 2569 2077 cetera
2601 2023 2861 2080 miracula
2891 2024 3069 2080 fertur
3089 2026 3235 2097 quod
3269 2028 3569 2085 draconem
3592 2030 3664 2085 de
3697 2030 3792 2085 Hi‘

2201 2110 2375 2167 larina
2406 2113 2580 2170 insula
2607 2116 2816 2172 orando
2851 2114 3151 2189 fugaverit,
3198 2127 3255 2175 et
3295 2119 3495 2177 ibidem
3521 2130 3797 2178 monaste

2202 2200 2341 2256 rium
2379 2201 2706 2261 fundaverit.

2276 2293 2329 2348 In
2376 2311 2516 2367 pago
2544 2312 2676 2352 vero
2706 2296 2982 2354 Mandensi
3017 2299 3071 2353 in
3113 2298 3325 2356 Perona
3366 2302 3703 2360 monasterio
3728 2301 3791 2360 8.

2200 2387 2386 2443 Fursei
2421 2388 2809 2445 Hiberniensis.
2841 2388 2941 2458 Qui
2971 2394 3037 2446 de
3068 2392 3171 2448 hoc
3197 2392 3393 2451 seculo
3423 2403 3615 2466 raptus
3641 2392 3786 2451 mul-

2202 2490 2252 2535 ta
2280 2481 2549 2536 mirabilia
2577 2484 2883 2553 conspexit,
2912 2491 2967 2537 et
2995 2497 3244 2541 reversus
3272 2486 3592 2543 mortalibus
3612 2489 3793 2543 admi-

2204 2571 2374 2625 randa
2405 2566 2681 2639 narravit,
2736 2587 2800 2628 ac
2839 2574 3185 2644 postmodum
3234 2575 3289 2630 in
3334 2578 3577 2631 austera’
3605 2576 3795 2633 diatri-

2197 2661 2376 2716 ctione
2405 2661 2747 2732 demigravit.

2266 2752 2385 2808 XVI
2419 2754 2552 2809 ΚΜ..
2586 2755 2749 2811 Fsun.
2777 2787 2845 2797 —-
2868 2756 2925 2812 ln
2958 2756 3213 2829 Egypto,
3248 2758 3387 2828 apud
3417 2757 3785 2824 Thebaidem,

2196 2844 2458 2915 depositio
2485 2845 2548 2901 Β.
2579 2846 2797 2903 Antonii
2829 2848 3103 2913 monachi,
3143 2849 3236 2919 qui
3265 2848 3381 2904 sine
3411 2848 3521 2903 ulla
3550 2848 3789 2903 scientia

2195 2932 2537 3003 litterarum,
2583 2934 2897 3008 Scripturas
2941 2938 3185 3003 divinas,
3234 2947 3290 2994 et
3337 2938 3659 2995 memoriter
3685 2955 3786 2993 au-

2196 3025 2391 3081 diendo
2418 3026 2674 3094 tenuisse,
2709 3036 2764 3083 et
2806 3029 3103 3099 prudenter
3127 3029 3411 3100 cogitando
3455 3028 3791 3084 intellexisse

2196 3123 2252 3170 et
2284 3115 2660 3174 inimitabilem
2707 3118 2877 3185 vitam
2918 3133 2983 3174 ac
3013 3119 3288 3175 miraculis
3316 3119 3519 3175 claram
3549 3134 3577 3172 a
3607 3117 3791 3189 pueri-

508 3202 733 3258 vitatem
778 3203 1066 3274 perduxit,
1112 3218 1178 3259 ac
1197 3180 1315 3260 sub
1345 3204 1560 3275 tugurio
1590 3180 1869 3277 cujusdam
1915 3206 2091 3262 vidua:
2118 3180 2163 3245 Ο
2196 3205 2268 3261 tia
2318 3222 2487 3278 usque
2534 3208 2605 3263 ad
2654 3180 2986 3281 decrepitam
3035 3218 3365 3266 senectutem
3429 3180 3685 3272 duxisse,
3731 3214 3787 3261 et

510 3294 757 3351 clanculo
786 3298 955 3367 pavit.
989 3296 1194 3352 Deinde
1222 3305 1414 3368 captus
1447 3307 1502 3352 et
1526 3298 1580 3352 in
1606 3298 1855 3354 exsilium
1887 3307 2090 3366 trusus,

510 3402 635 3442 cum
664 3388 862 3443 multos
902 3388 1101 3444 ibidem
1133 3403 1231 3459 per
1255 3388 1533 3460 signorum
1563 3387 1931 3443 ostensiouem
1964 3402 2097 3443 con-

510 3491 745 3538 verteret
775 3496 790 3537 :
821 3492 941 3553 post
985 3482 1111 3538 inde
1156 3496 1471 3552 regressus,
1512 3495 1636 3536 cum
1666 3480 1860 3535 iterum
1888 3481 1956 3535 ad
1988 3488 2096 3535 tor-

514 3583 693 3629 menta
740 3583 1095 3644 quaereretur,
1140 3575 1235 3630 sed
1265 3573 1445 3628 divina
1489 3572 1829 3644 providentia
1855 3572 2095 3628 occulta-

507 3674 634 3730 tus,
701 3665 842 3736 apud
896 3665 1086 3721 Nolam
1134 3664 1321 3720 multis
1368 3664 1658 3720 virtutibus
1700 3663 2095 3719 illustrissimus

506 3756 793 3821 emineret,
823 3755 959 3810 adeo
988 3764 1045 3810 ut
1076 3763 1304 3810 cunctus
1326 3753 1554 3824 populus
1586 3767 1712 3808 eum
1741 3752 1844 3808 sibi
1874 3752 2093 3823 pontifi-

503 3862 624 3904 cem
655 3847 991 3918 postularent
1020 3861 1035 3900 :
1068 3862 1173 3902 non
1204 3845 1502 3911 consensit,
1522 3845 1617 3901 sed
1646 3844 1754 3899 alio
1781 3858 1881 3915 pro
1914 3858 1974 3898 se
1999 3859 2093 3898 or-

505 3938 715 4003 dinato,
764 3937 880 4008 ipse
928 3936 1424 4006 nihilominus‘per
1472 3935 1753 3991 duodecim
1782 3948 1953 3989 annos
1994 3932 2095 3988 Dei

505 4028 732 4084 servitio
777 4028 1047 4088 insistens,
1103 4025 1384 4081 Dominica
1415 4024 1503 4079 die
1528 4023 1801 4095 mysteriis
1830 4021 2093 4078 confectis

503 4120 757 4191 migravit
785 4118 853 4175 ad
875 4119 1173 4174 Christum.
1205 4116 1565 4187 Sepultusque
1590 4123 1674 4172 est
1701 4131 1810 4172 non
1838 4114 1994 4187 longe
2024 4115 2094 4170 ab

503 4211 639 4268 urbe
664 4211 820 4276 Nola,
850 4211 907 4267 in
937 4211 1057 4267 loco
1079 4210 1172 4282 qui
1199 4209 1401 4266 dicitur
1424 4208 1626 4265 Pincis.
2077 4213 2085 4221 '

516 4332 519 4337 -
574 4302 633 4357 ln
656 4302 948 4374 Spoletana
982 4301 1203 4358 civitate
1243 4298 1502 4354 nativitas
1526 4296 1778 4353 Pontiani
1808 4297 2092 4368 martyris,

503 4394 596 4466 qui
627 4409 822 4466 passus
847 4401 933 4450 est
956 4392 1291 4463 temporibus
1308 4389 1571 4446 Antonini
1600 4389 1964 4460 imperatoris,
1992 4389 2094 4445 sub

504 4484 744 4541 Fabiano
788 4484 989 4556 judice.
1041 4481 1144 4550 Qui
1178 4496 1303 4538 eum
1348 4479 1514 4535 nollet
1556 4477 1717 4535 idolis
1744 4478 2087 4542 sacriﬁcare,

500 4576 663 4648 jussit
700 4591 822 4631 eum
854 4573 1020 4645 virgis
1062 4573 1195 4629 caedi
1242 4570 1637 4628 crudelissime.
1681 4568 1885 4625 Deinde
1926 4568 2088 4623 nudis

504 4668 731 4739 pedibus
757 4680 920 4735 super
962 4664 1228 4720 carbones
1266 4662 1524 4739 ardentes
1559 4659 1872 4726 ambulare,
1899 4668 2088 4730 postea

504 4737 640 4814 duos
687 4758 734 4812 ei
768 4756 953 4825 leones
992 4755 1246 4823 immitti,
1294 4771 1327 4811 a
1355 4737 1551 4825 quibus
1583 4768 1709 4808 cum
1740 4753 1951 4808 nocitus
1979 4768 2089 4808 non

504 4850 716 4913 fuisset,
745 4845 1037 4917 liquefacto
1065 4845 1285 4916 plumbo
1307 4844 1557 4917 perfusus
1580 4851 1695 4911 est;
1728 4857 1961 4915 cumque
1988 4858 2087 4900 nec

504 4945 558 4998 in
595 4945 699 4999 hoc
727 4941 1034 5007 laederetur,
1065 4941 1244 5012 capite
1275 4945 1559 4994 truncatus
1588 4944 1692 4992 est.

574 5031 739 5088 XVIII
763 5030 899 5089 ΚΔι..
930 5030 1095 5087 Εειιιι.
1126 5061 1197 5070 -
1225 5030 1281 5085 In
1313 5028 1597 5084 Palaestina
1644 5027 1910 5099 depositio
1948 5026 2091 5083 Aba-

503 5140 604 5183 enc
657 5126 962 5198 prophetat,
1018 5122 1173 5194 cujus
1219 5122 1464 5194 reliquiae
1505 5120 1682 5177 simul.
1717 5135 1840 5176 cum
1871 5120 2089 5176 ossibus

503 5222 741 5277 Micha'a:
787 5221 1067 5291 propheta:
1117 5218 1450 5289 temporibus
1496 5214 1717 5270 Arcadii
1759 5224 1814 5272 et
1861 5214 2089 5270 Honorii

503 5315 894 5383 Augustorum.
925 5311 1154 5367 Domino
1184 5310 1484 5374 revelante,
1512 5316 1745 5378 repertae
1780 5316 1923 5363 sunt.
1953 5306 2086 5362 Item

503 5400 764 5458 Macbarii
792 5403 1028 5469 abbatis,
1078 5400 1327 5472 discipuli
1359 5398 1416 5454 S.
1447 5398 1689 5455 Antonii.
1721 5398 1851 5453 Item
1898 5397 1959 5451 Β.
1990 5397 2091 5453 lsi-

502 5495 642 5558 dori,
672 5495 960 5551 sanctitate
986 5497 1108 5552 vita:
1128 5536 1144 5561 ,
1176 5496 1280 5550 fide
1304 5509 1371 5550 ac
1400 5492 1679 5550 miraculis
1705 5491 1974 5563 praeclari.

575 5585 712 5640 XVII
745 5586 878 5642 ΚΑΙ..
910 5587 1072 5641 Fsan.
1096 5615 1165 5625 —
1198 5586 1402 5650 Romm,
1429 5585 1513 5640 via
1554 5584 1777 5649 salaria,
1796 5584 1848 5637 in
1874 5596 2080 5638 cmme-

501 5678 640 5731 terio
671 5676 949 5742 Priscillae,
978 5676 1234 5731 nativitas
1262 5674 1322 5731 8.
1364 5674 1598 5731 Marcelli
1627 5690 1794 5745 papae.
1827 5673 1924 5728 Hic
1955 5673 2083 5729 fecit

502 5768 815 5824 cmmeteria
845 5766 931 5822 via
979 5764 1214 5833 Salaria,
1255 5774 1309 5825 et
1333 5765 1521 5837 viginti
1545 5760 1784 5836 quinque
1814 5763 1998 5821 titulos
2026 5764 2080 5821 in

2195 3298 2395 3354 multos
2442 3298 2746 3357 sanctitatis
2788 3315 2900 3356 suae
2947 3297 3241 3371 discipulos
3296 3299 3617 3370 reliquisse,
3673 3306 3782 3353 toto

2195 3389 2328 3444 orbe
2375 3388 2685 3446 Christiano
2725 3391 3072 3461 praedicatur.
3134 3391 3284 3450 Obiit
3334 3400 3515 3447 autem
3556 3392 3611 3446 in
3652 3404 3782 3462 pace

2195 3479 2296 3534 sub
2325 3478 2654 3550 imperatore
2681 3479 3059 3547 Constantino,
3093 3496 3235 3537 anno
3257 3481 3432 3538 aztatis
3461 3497 3575 3537 suae
3603 3492 3781 3537 cente-

2195 3569 2335 3625 simo
2362 3570 2573 3639 quinto,
2604 3580 2661 3627 et
2688 3571 2931 3641 sepultus
2956 3572 3012 3627 in
3039 3587 3225 3629 eremo
3246 3589 3278 3627 a
3321 3574 3435 3628 suis
3483 3572 3779 3643 discipulis,

2195 3658 2335 3714 sicut
2362 3660 2479 3731 ipse
2518 3660 2705 3716 vivens
2731 3669 3092 3733 praeceperat,
3143 3663 3446 3719 occultatus
3474 3671 3582 3720 est.
3615 3662 3780 3734 Cujus

2195 3764 2415 3820 corpus,
2468 3750 2570 3807 sub
2604 3749 2911 3807 Iustiniano
2957 3752 3287 3823 imperatore
3337 3752 3520 3807 divina
3576 3752 3784 3808 revela-

2196 3843 2345 3898 tione
2376 3851 2674 3915 repertum,
2715 3844 3099 3901 Alexandriam
3127 3844 3362 3901 delaurm
3386 3853 3493 3912 est,
3524 3854 3582 3901 et
3608 3846 3667 3901 iu
3692 3858 3783 3902 ec—

2194 3935 2363 3993 clesia
2390 3936 2452 3993 Β.
2479 3936 2705 3994 Joannis
2734 3938 2988 4008 Baptistae
3018 3939 3323 3994 humatum.

2264 4028 2545 4100 Lingonis,
2573 4029 2828 4083 nativitas
2860 4035 3173 4084 sanctorum
3219 4026 3560 4099 geminorum
3609 4025 3782 4096 Speu-

2195 4120 2369 4191 sippi,
2419 4119 2656 4190 Etasippi
2680 4129 2737 4175 et
2769 4118 3045 4191 Melasippi
3089 4116 3384 4191 [Eleusippi
3410 4126 3467 4174 et
3496 4116 3786 4186 Meleusip~

2193 4211 2273 4285 pi]
2304 4225 2320 4265 :
2346 4210 2440 4282 qui
2482 4227 2605 4267 cum
2628 4220 2811 4268 essent
2833 4210 3025 4282 viginti
3054 4209 3295 4281 quinque
3320 4222 3618 4275 annorum,
3655 4223 3782 4264 cum

2195 4303 2320 4357 avia
2351 4316 2452 4358 sua
2475 4300 2747 4368 Leonilla,
2774 4309 2832 4357 et
2850 4298 3075 4366 Jouilla,
3095 4307 3153 4355 et
3171 4298 3354 4354 Neone
3382 4299 3653 4369 martyrio
3681 4314 3776 4353 co—

2194 4392 2373 4451 ronati
2398 4399 2557 4457 sunt,
2587 4400 2831 4463 tempore
2861 4390 3139 4445 Aureliani
3164 4388 3531 4460 imperatoris.
3560 4388 3782 4444 Gemini

2194 4482 2413 4555 quidem
2442 4483 2499 4538 in
2522 4497 2630 4538 una
2657 4468 2852 4539 arbore
2870 4480 3139 4551 suspensi,
3161 4478 3345 4551 ligatis
3382 4478 3643 4534 manibus
3662 4495 3784 4532 sur-

2197 4592 2349 4643 sum,
2398 4575 2622 4646 pedibus
2650 4587 2781 4630 vero
2820 4573 3004 4645 jusum
3054 4571 3147 4645 [id
3179 4580 3289 4638 est,
3329 4570 3585 4627 deorsum
3602 4572 3657 4643 j.
3706 4570 3785 4625 ita

2195 4666 2403 4724 extenti
2448 4674 2511 4721 ut
2559 4680 2698 4736 pene
2741 4671 3066 4736 putarentur
3128 4663 3197 4718 ab
3243 4663 3360 4734 ipsa
3406 4663 3782 4718 membrorum

2196 4773 2455 4830 compage
2479 4756 2743 4828 separari.
2776 4756 2845 4811 Et
2864 4762 2989 4827 post
3016 4754 3071 4810 in
3098 4753 3277 4825 ignem
3301 4754 3651 4824 precipitati,
3680 4769 3783 4810 nec

2198 4860 2377 4908 tamen
2409 4850 2641 4907 ﬂammis
2669 4849 2823 4905 laesi:
2871 4849 3017 4904 inter
3054 4846 3218 4903 verba
3263 4847 3575 4902 orationum
3617 4846 3782 4902 simul

2197 4947 2569 5018 migraverunt
2593 4945 2661 5000 ad
2688 4942 2996 4999 Dominum.
3020 4938 3238 5009 Jonilla,
3261 4940 3380 4995 haec
3406 4940 3620 5006 videns,
3648 4955 3783 4995 con-

2191 5036 2338 5093 fessa
2373 5043 2458 5093 est
2488 5050 2549 5092 se
2589 5035 2754 5091 etiam
2783 5031 3177 5098 Christianam,
3224 5040 3280 5087 et
3325 5030 3720 5102 comprehensa
3747 5044 3779 5085 ι

2191 5127 2387 5192 turbis,
2416 5141 2445 5181 a
2485 5125 2696 5196 capillis
2724 5139 3007 5195 suspensa,
3035 5139 3099 5178 ac
3122 5121 3305 5178 multis
3334 5121 3532 5178 afﬂicta
3570 5123 3777 5194 suppli—

2192 5216 2293 5271 ciis
2313 5257 2328 5282 ,
2360 5230 2486 5271 cum
2516 5215 2797 5271 Christum
2825 5226 3026 5285 negare
3054 5212 3349 5278 noluisset,
3380 5227 3507 5267 cum
3534 5212 3775 5268 Leonilla

2190 5315 2275 5363 est
2308 5304 2469 5362 simul
2497 5304 2677 5376 gladio
2701 5311 3004 5374 perempta.
3035 5301 3187 5359 Neon
3211 5310 3471 5373 exceptor
3495 5311 3773 5374 gestorum

2194 5406 2250 5453 et
2277 5398 2392 5467 ipse
2415 5397 2633 5453 Christo
2663 5411 2861 5452 nomen
2886 5393 3169 5451 confessus
3193 5395 3456 5465 martyrio
3483 5404 3776 5451 coronatus

2188 5494 2293 5544 est.
2345 5487 2537 5543 Docuit
2562 5494 2743 5542 autem
2785 5495 2840 5541 et
2867 5485 3165 5555 baptizavit
3203 5485 3447 5556 geminos
3490 5486 3592 5540 hos
3618 5484 3776 5540 Beni-

2189 5601 2329 5656 gnus
2355 5586 2658 5656 presbyter,
2685 5597 2848 5653 quem
2885 5581 3035 5636 misit
3081 5580 3149 5635 ab
3180 5579 3401 5649 Oriente
3427 5578 3491 5634 Β.
3524 5579 3775 5651 Polycar-

2186 5691 2288 5747 pus
2315 5675 2657 5747 Myrneorum
2704 5675 2715 5746 |
2743 5671 3176 5746 Smyrnteorum]
3201 5672 3513 5743 episcopus,
3555 5672 3773 5727 Joannis

2185 5763 2414 5835 apostoli
2462 5764 2710 5831 auditor,
2759 5763 2815 5819 in
2858 5760 3090 5819 Galliam
3134 5775 3257 5817 cum
3283 5760 3583 5834 .Anduehio
3621 5773 3766 5815 rom-
