4046 6446
197 384 336 457 ius“)
1232 379 1858 441 MARTYROLOGIUM.
1900 407 1967 418 -
2003 372 2207 431 MENS.
2248 372 2397 429 JAN.
3332 369 3471 425 mss

195 507 518 581 presbytero
550 513 600 560 et
635 502 846 574 Thyrso
874 498 1121 556 diacono.
1181 496 1387 568 Sepulti
1422 501 1550 551 sunt
1595 502 1776 547 autem
1809 495 1940 554 Aet
1990 488 2217 581 Marthae
2270 502 2395 581 eum
2443 483 2567 539 filiis
2632 482 3033 581 suisAAudifax
3089 493 3143 539 et
3196 484 3475 541 Ambacue

195 576 375 654 iidem
406 596 603 668 gemini
636 596 688 649 in
718 592 955 648 secundo
999 588 1251 644 milliario
1299 588 1364 642 ab
1410 587 1544 640 urbe
1583 583 1781 654 Lingo-
1888 580 2209 653 [Abachum]
2240 579 2497 635 nobilium
2542 580 2608 633 dc
2633 576 2854 633 Perside
2906 579 2997 647 qui
3050 579 3117 633 ad
3172 579 3475 636 orationem

197 687 378 743 nensi.
426 686 647 741 Turbon
700 698 917 754 quoque
943 680 1187 735 scribens
1234 677 1491 733 victorias
1522 673 1785 730 confiten-
1887 681 2148 727 venerant
2178 671 2400 726 Romam
2436 680 2674 741 tempore
2718 670 2926 724 Claudii
2966 669 3242 739 principis.
3286 669 3329 723 E
3357 670 3475 738 qui-

198 777 335 831 tium
383 775 690 837 Dominum,
744 789 852 828 non
876 779 999 842 post
1028 769 1256 824 inultum
1300 766 1557 836 temporis
1585 772 1785 833 inarty-
1888 762 1989 816 bas
2034 769 2154 831 post
2205 761 2460 816 toleratos
2513 760 2716 825 fustes,
2765 758 3090 829 equuleum,
3141 758 3326 829 ignes,
3370 775 3472 812 un-

198 858 342 926 rium
370 884 656 940 perpessus
688 875 786 922 est.
1890 866 2052 919 gues,
2106 865 2363 903 manuum
2420 850 2822 919 prmcisionem,
2880 847 3087 902 Martha
3140 847 3196 902 in
3241 849 3477 918 nympha

218 941 222 943 Δ
270 961 368 1017 XV
414 939 549 1016 Κᾼι..
601 955 1155 1014 Fean.—Catliedt'a
1208 954 1265 1010 S.
1318 950 1465 1007 Petri
1518 946 1785 1020 apostoli,
1891 948 2117 1003 necata,
2170 940 2352 994 caueri
2413 939 2682 994 decollati.

196 1068 305 1123 qua
333 1052 564 1122 primum
611 1050 796 1104 Roma:
823 1047 962 1103 sedit
988 1062 1001 1100 ε
1030 1061 1153 1101 cum
1185 1044 1330 1098 enim
1362 1043 1503 1096 idem
1535 1040 1788 1110 princeps
1961 1031 2234 1123 ΧιιᾷΚΑι.
2285 1032 2448 1086 FEBR.
2472 1031 2811 1123 —Athcnis
2838 1031 3012 1087 Publii
3067 1032 3334 1103 episcopi.
3387 1032 3482 1101 qui

198 1121 568 1216 άροείυιοιηυηι
618 1140 1003 1211 Hierosolymis
1048 1146 1105 1193 ει
1149 1136 1201 1191 in
1252 1132 1498 1190 Cmsarea
1531 1140 1694 1201 atque
1734 1131 1787 1185 in
1893 1136 2015 1175 cum
2060 1121 2224 1177 Paulo
2267 1123 2545 1193 apostolo,
2578 1124 2633 1177 in
2681 1122 2907 1177 insulam
2956 1123 3239 1193 naufragio
3273 1123 3480 1193 ejecto,

199 1214 416 1292 caeteris
463 1235 774 1290 civitatibus
819 1231 1126 1287 Judzeorum
1178 1228 1410 1299 primum
1443 1226 1791 1297 praedicasset
1893 1222 2016 1282 POSl
2061 1216 2229 1281 patris
2276 1216 2359 1269 sui
2398 1231 2427 1268 a
2475 1214 2715 1271 febribus
2761 1224 2815 1269 et
2859 1215 3197 1285 dyssenteria
3249 1214 3485 1270 curatio-

200 1325 577 1396 Evangelimn,
626 1323 693 1378 ad
731 1322 1133 1393 praedicandum
1164 1328 1349 1389 postea
1379 1316 1629 1388 gentibus
1656 1315 1791 1369 mis-
1896 1320 2051 1369 Item.
2101 1320 2206 1359 ηοη
2255 1307 2520 1361 ηιοάίοίὶηι
2559 1306 2947 1360 Ιιυιῐιδιὶίίίιιθηὶ
2985 1306 3358 1375 Ρηεδιίιῖεεθῐν
3387 1319 3488 1375 Pel'

204 1434 333 1484 sus,
384 1418 529 1473 venit
557 1416 920 1479 Antiochiam,
975 1412 1158 1482 ibique
1189 1410 1418 1465 fundatis
1454 1408 1790 1471 Ecclesiam,
1894 1396 2012 1465 eius
2062 1398 2503 1466 pmdicalionem
2569 1400 2636 1453 ad
2707 1399 2981 1454 Clll‘islllm
3045 1415 3375 1464 conversus.
3433 1400 3490 1455 in

203 1509 421 1581 praefuit
451 1509 627 1563 eidem
654 1503 875 1562 annis...
909 1505 1070 1577 [apud
1094 1504 1318 1568 Baron.,
1349 1503 1508 1556 annis
1539 1499 1788 1571 septem].
1894 1500 2106 1545 tantum
2161 1493 2334 1561 gratia
2384 1492 2479 1546 1).ιὶ
2535 1492 2792 1563 profecit,
2842 1499 2902 1546 ut
2947 1492 3014 1547 ab
3062 1493 3180 1562 ipso
3230 1491 3487 1562 Apostolo

200 1601 334 1658 Inde
359 1615 572 1672 quoque
600 1614 829 1671 pergens
858 1598 1087 1652 Romam
1116 1596 1264 1651 venit
1311 1594 1550 1650 secundo
1580 1590 1791 1646 Claudii
1897 1584 2317 1639 Atheniensibus
2380 1584 2663 1641 ordinatus
2735 1586 3020 1657 episcopus
3092 1586 3351 1655 martyrio
3418 1585 3490 1639 sit

202 1694 437 1750 Cresaris
493 1707 673 1756 anno,
742 1690 922 1760 ibique
984 1686 1336 1759 Evangelium
1404 1683 1794 1739 instantissime
1897 1687 2208 1733 coronatus.

201 1784 509 1854 praedicans
552 1781 739 1853 viginti
782 1789 838 1836 et
880 1780 1117 1850 quinque
1160 1778 1315 1833 annis
1355 1774 1596 1845 ejusdem
1642 1774 1794 1830 urbis
1970 1774 2157 1831 Romae
2187 1774 2245 1829 S.
2277 1774 2534 1847 Agnetis,
2563 1790 2683 1845 quae
2710 1775 2811 1831 sub
2840 1773 3096 1845 praefecto
3138 1775 3299 1834 Urbis
3334 1776 3489 1850 Sym.

203 1878 576 1947 episcOpatum
608 1875 769 1930 rexit.
1831 1876 1872 1934 Β
1902 1866 2162 1937 phronio,
2204 1881 2301 1937 pro
2340 1881 2406 1921 eo
2442 1867 2583 1936 quod
2608 1864 2810 1921 Christi
2851 1874 2907 1921 et
2944 1866 3271 1937 virginitatis
3306 1882 3493 1924 amore

279 1966 412 2022 Item
458 1965 642 2021 Roma:
672 1964 925 2019 nativitas
964 1962 1021 2019 S.
1072 1962 1271 2018 Priscae
1319 1960 1543 2033 virginis
1579 1972 1634 2016 et
1662 1978 1803 2016 mar-
1905 1957 2071 2012 filium
2116 1957 2231 2027 ejus
2276 1957 2531 2011 maritum
2579 1957 2823 2026 accipere
2874 1956 3178 2013 noluisset:
3221 1958 3291 2013 ad
3340 1958 3491 2027 lupa-

208 2061 369 2132 tyris.
1905 2067 2004 2106 nar
2051 2050 2313 2106 illusionis
2367 2051 2541 2122 gratia
2595 2049 2853 2120 perducta
2907 2064 2972 2105 ac
3023 2050 3323 2115 denudata,
3383 2050 3498 2121 pri-

282 2149 339 2204 ln
372 2149 544 2205 Ponto
568 2150 822 2207 nativitas
860 2149 961 2206 SS.
995 2157 1331 2220 martyrum,
1359 2147 1563 2220 Moysci
1591 2158 1646 2203 et
1675 2150 1803 2203 Am-
1905 2158 2052 2198 mum
2102 2142 2308 2213 capillis
2362 2143 2475 2197 suis
2518 2149 2805 2208 contecta,
2857 2140 3051 2197 deinde
3094 2141 3300 2198 caelesti
3345 2151 3497 2197 veste

209 2241 381 2296 monii
417 2241 546 2311 :qui
577 2256 700 2322 cum
745 2249 929 2296 essent
973 2240 1195 2306 milites,
1245 2239 1422 2311 primo
1470 2240 1538 2294 ad
1585 2239 1801 2295 metalla
1904 2236 2139 2301 donata,
2212 2236 2385 2305 ipsum
2459 2232 2699 2304 praefecti
2768 2233 2934 2287 filium
3005 2248 3064 2289 se
3131 2233 3498 2302 impudentius

211 2330 490 2401 deputati,
523 2333 819 2388 novissime
845 2348 973 2386 vero
999 2332 1104 2403 igni
1131 2332 1371 2401 deputati
1400 2339 1544 2385 sunt.
1905 2334 2288 2397 appetentem,
2346 2332 2403 2379 et
2460 2325 2529 2380 ob
2585 2324 2689 2378 hoc
2740 2337 2770 2377 a
2827 2322 3042 2378 diabolo
3101 2321 3494 2403 praefocatum,

284 2418 565 2477 XJV'KAL.
598 2423 853 2476 Fann.-——
883 2402 1273 2492 Hierosolymis
1306 2421 1563 2476 nativitas
1583 2428 1798 2476 sancta-
1904 2416 2166 2471 orationis
2218 2415 2418 2470 virtute
2468 2414 2765 2470 suscitavit.
2817 2412 2947 2467 Post
2997 2412 3113 2467 hmc
3156 2412 3371 2483 ignibus
3417 2402 3500 2468 in-

212 2529 336 2569 rum
368 2514 591 2569 Martha:
620 2526 674 2570 et
703 2514 885 2569 Maria:
916 2529 1166 2569 sororum
1196 2512 1412 2567 Lazari.
1899 2508 2044 2578 jecta
2064 2547 2079 2573 ,
2135 2509 2229 2562 sed
2282 2509 2361 2562 eis
2409 2507 2603 2561 merito
2651 2505 2957 2561 sanctitatis
3011 2503 3127 2573 ejus
3176 2504 3461 2561 exstinctis
3484 2546 3500 2573 ,

287 2604 347 2660 ln
379 2590 827 2679 Smyrna,sancti
860 2606 1167 2663 Germanici
1200 2607 1473 2677 martyris,
1509 2606 1577 2661 ad
1605 2606 1805 2662 bestias
1906 2598 2084 2670 gladio
2138 2613 2395 2667 percussa
2450 2608 2557 2681 est.
2605 2597 2733 2662 Quae
2788 2605 2973 2665 postea
3027 2597 3345 2665 parentibus
3389 2597 3504 2653 suis

216 2701 479 2755 damnati.
1908 2692 2048 2745 inter
2081 2689 2483 2744 multitudinem
2515 2689 2785 2759 virginum
2818 2703 2951 2742 auro
2983 2690 3146 2744 textis
3188 2689 3505 2761 cycladibus

290 2790 349 2844 ln
377 2789 583 2856 Africa,
614 2788 988 2856 Pauli,Quinti
1016 2798 1072 2844 et
1100 2789 1453 2859 plurimorum
1480 2798 1802 2860 martyrum.
1908 2786 2217 2839 indutarum
2270 2797 2570 2853 apparens,
2622 2781 2848 2852 gloriam
2898 2780 3027 2847 Dei,
3071 2797 3176 2851 qua
3221 2782 3506 2861 fruebatur

216 2877 858 2948 Carthagine,Picari;e,
884 2878 993 2933 Pia:
1021 2889 1075 2932 et
1101 2877 1329 2932 aliorum
1364 2877 1582 2947 triginta
1617 2887 1766 2933 octo.
1906 2876 1959 2930 in
2022 2874 2205 2938 ccelis,
2273 2884 2460 2944 aperta
2520 2889 2653 2928 voce
2712 2872 3041 2942 praedicabat
3098 2874 3149 2926 in
3210 2874 3386 2929 terris.
3444 2872 3505 2927 ln

292 2961 409 3023 XI]!
438 2969 570 3022 KAL.
601 2968 766 3023 FEBR.
796 2999 867 3009 —-—
898 2969 1082 3023 Romae
1107 2968 1331 3024 Fabiani
1361 2984 1530 3038 papae,
1561 2969 1653 3038 qui
1683 2986 1804 3023 cum
1906 2969 2210 3039 llispaniis,
2260 2968 2479 3022 civitate
2528 2966 2867 3032 Tarracone,
2920 2966 3174 3021 nativitas
3220 2964 3320 3021 SS.
3369 2965 3503 3020 Fru-

218 3050 410 3129 viginti
450 3061 688 3130 quinque
717 3062 874 3116 annis
901 3061 1157 3116 Ecclesia:
1186 3070 1473 3131 praeesset,
1503 3077 1694 3130 passus
1721 3071 1806 3116 est
1909 3061 2081 3115 ctuosi
2135 3058 2409 3128 episcopi,
2468 3057 2693 3128 Augurii
2755 3066 2809 3112 et
2862 3054 3069 3127 Eulogii
3130 3055 3503 3111 diaconorum.

221 3158 467 3219 tempore
491 3151 637 3205 Decii
663 3161 717 3206 et
750 3152 801 3205 in
833 3153 1146 3207 ctemeterio
1172 3152 1387 3207 Callixti
1415 3153 1674 3223 sepultus.
1708 3154 1807 3209 llic
1908 3152 2010 3219 Qui
2062 3160 2303 3220 tempore
2349 3150 2575 3206 Gallieni
2628 3150 3004 3219 imperatoris,
3059 3149 3160 3203 sub
3202 3148 3501 3204 zEmiliano

222 3240 474 3310 regiones
520 3241 701 3295 divisit
730 3235 1064 3307 diaconibns,
1112 3252 1169 3298 et
1207 3242 1336 3298 fecit
1365 3254 1422 3297 ut
1451 3253 1655 3314 septem
1686 3247 1805 3300 dia-
1836 3234 1879 3295 C
1913 3246 2170 3317 prmside,
2226 3246 2401 3315 primo
2454 3246 2506 3297 in
2563 3246 2836 3299 carcerem
2895 3243 3057 3308 trusi,
3111 3242 3304 3298 deinde
3357 3241 3509 3296 flatu-

220 3344 389 3386 cones
423 3332 641 3387 totidem
672 3333 896 3388 notariis
921 3334 1288 3399 imminerent,
1332 3344 1389 3389 ut
1418 3346 1570 3406 gesta
1600 3348 1808 3408 marly-
1915 3340 2018 3394 mis
2072 3338 2284 3408 injecti,
2331 3337 2538 3393 exustis
2580 3338 2840 3403 vinculis,
2886 3339 3136 3393 manibus
3182 3339 3237 3393 in
3287 3340 3506 3394 modum

223 3436 346 3475 rum
374 3422 427 3475 in
458 3422 726 3493 integrum
772 3418 1109 3495 colligerent,
1141 3435 1195 3480 et
1222 3427 1418 3481 multas
1449 3427 1687 3484 fabricas
1713 3444 1811 3500 per
1916 3430 2092 3485 crucis
2131 3429 2386 3499 expansis
2423 3436 2645 3482 orantes
2688 3438 2749 3481 ut
2778 3435 3102 3493 urerentur,
3134 3429 3505 3483 obtinuerunt.

224 3513 541 3567 coemeteria
592 3514 707 3567 fieri
744 3516 1021 3585 praecepit.
1063 3514 1121 3570 lit
1152 3517 1306 3587 cujus
1343 3517 1609 3573 electione
1639 3518 1813 3574 fertur
1916 3522 1996 3576 Ex
2044 3537 2168 3576 mox
2211 3520 2431 3591 quidam
2461 3536 2491 3575 e
2538 3518 2801 3575 fratribus
2846 3528 2901 3574 et
2930 3520 3037 3573 tilia
3081 3521 3353 3590 prmsidis,
3389 3536 3509 3590 quae

227 3601 464 3673 Spiritus
494 3606 799 3661 sanctusin
830 3607 1095 3662 columba:
1145 3609 1327 3677 specie
1375 3610 1622 3679 plurimis
1648 3627 1812 3681 appa-
1919 3615 2160 3677 astabat,
2230 3613 2483 3667 viderunt
2547 3620 2859 3666 sanctorum
2915 3610 3124 3667 animas
3176 3610 3243 3667 ad
3308 3610 3503 3667 coelum

228 3692 424 3748 ruisse.
460 3694 592 3750 Item
640 3695 859 3762 Romae,
910 3699 1101 3753 eodem
1147 3699 1267 3765 die,
1326 3701 1580 3756 nativitas
1632 3702 1687 3757 S.
1722 3703 1815 3759 Se-
1919 3706 2215 3760 ascendere
2257 3712 2567 3758 coronatas.

227 3785 465 3840 bastiani
493 3789 771 3859 martyris,
802 3790 979 3859 quiin
1030 3800 1239 3847 tantum
1266 3794 1466 3849 charus
1492 3806 1610 3851 erat
1647 3796 1815 3867 impe-
1994 3797 2060 3851 XI
2105 3796 2238 3850 ιίιιι.
2293 3796 2459 3850 Fenn.
2486 3795 2736 3865 —Apud
2794 3782 2995 3850 Trecas
3062 3795 3243 3865 passio
3308 3794 3365 3849 S.
3414 3793 3513 3849 Pa-

228 3879 504 3935 ratoribus
528 3880 863 3936 Diocletiano
889 3892 942 3938 et
971 3882 1332 3951 Maximiano,
1368 3896 1426 3940 ut
1453 3886 1817 3959 principatum
1924 3888 2076 3943 trucli
2131 3888 2411 3957 martyris.

228 3969 283 4023 ei
328 3971 516 4040 prima:
560 3973 799 4029 cohortis
847 3976 1142 4032 traderent.
1192 3978 1365 4045 Quem
1415 3979 1816 4045 Diocletianus,
1994 3981 2050 4035 ln
2098 3978 2375 4049 Hispaniis
2418 3980 2675 4033 nativitas
2736 3980 2911 4034 saneti
2967 3979 3237 4035 Vincentii
3301 3980 3518 4035 dtaconi

232 4061 327 4115 ubi
359 4062 723 4119 Christianum
768 4069 1040 4137 cognovit,
1090 4084 1242 4125 neca
1272 4070 1377 4124 fide
1417 4086 1574 4139 posse
1608 4088 1822 4129 revoca—
1925 4080 1979 4127 et
2028 4071 2329 4141 martyris:
2366 4071 2455 4140 qui
2498 4087 2619 4127 cum
2670 4070 2729 4128 S.
2783 4072 3000 4129 Valerio
3051 4072 3305 4143 episcopo
3356 4087 3453 4127 sue
3484 4087 3515 4125 a

232 4152 309 4215 ri,
335 4153 499 4223 jussit
545 4154 702 4226 ligari
752 4157 803 4210 in
836 4158 1015 4213 medio
1053 4174 1266 4229 campo,
1308 4162 1463 4230 quasi
1495 4162 1708 4232 sigmun
1754 4165 1821 4219 ad
1924 4160 2184 4216 Caesareae
2227 4161 2537 4230 Augustana
2592 4161 2811 4217 civitate
2863 4161 3165 4217 Valentiam
3200 4176 3369 4231 usque
3394 4177 3521 4232 gra-

234 4245 515 4315 sagittam,
547 4256 601 4302 et
628 4248 874 4318 sagittari
914 4265 942 4302 a
975 4250 1256 4306 militibus.
1286 4250 1389 4319 Qui
1433 4269 1579 4320 cuni,
1608 4254 1823 4325 sagittis
1926 4254 2081 4307 vibus
2129 4254 2299 4306 uentus
2352 4252 2592 4317 catenis,
2637 4252 2859 4323 jubente
2910 4253 3169 4317 Datiano,
3223 4251 3517 4321 perductus

232 4337 451 4407 plenus,
483 4339 636 4407 quasi
682 4341 921 4394 hericius
967 4349 1161 4405 staret,
1215 4352 1468 4411 putantes
1517 4359 1639 4398 emn
1678 4360 1822 4399 mor-
1926 4355 2039 4411 est;
2091 4344 2271 4415 ibique
2320 4343 2461 4398 fame
2512 4352 2566 4397 et
2612 4343 2866 4413 squalore
2914 4344 3149 4398 carceris
3201 4344 3313 4397 diu.
3342 4358 3521 4396 mace-

234 4437 415 4495 ίυυιηι
460 4429 729 4484 abierunt
760 4429 927 4486 Νοοῐθ
957 4439 1137 4484 amem
1178 4433 1401 4488 veniens
1424 4435 1669 4502 quaedam
1701 4451 1822 4488 mu-
1928 4450 2115 4506 ratus,
2170 4438 2453 4494 tormentis
2506 4438 2720 4507 equulei
2777 4447 2831 4492 et
2882 4436 3203 4506 ungularum
3252 4435 3524 4489 horrenda

234 4518 366 4585 lier,
414 4522 631 4577 nomine
676 4521 906 4588 Hirene,
951 4523 1140 4579 tollere
1181 4540 1410 4596 corpus,
1463 4528 1669 4583 invenit
1699 4543 1825 4583 eum
1930 4533 2258 4589 laceratione
2287 4540 2543 4598 vexatus,
2593 4533 2754 4585 etiam
2800 4531 3027 4600 grabato
3069 4528 3248 4583 ferreo
3288 4527 3529 4583 diutissi-

237 4611 545 4679 viventem,
596 4622 651 4669 et
681 4617 1053 4673 adduxiteum
1078 4620 1132 4673 in
1161 4618 1383 4675 domum
1414 4637 1607 4688 suam,
1643 4631 1700 4679 et
1728 4602 2015 4679 cu-Dme
2082 4624 2387 4689 ustulatus,
2457 4623 2659 4677 arvina:
2716 4621 2881 4692 guttis
2946 4630 3001 4676 et
3058 4621 3360 4691 crepitante
3415 4619 3529 4675 sale

238 4717 359 4756 ram
411 4703 527 4773 ejus
576 4707 708 4775 egit.
764 4707 866 4775 Qui
911 4710 1003 4765 ubi
1055 4712 1362 4777 convaluit,
1407 4715 1605 4771 multos
1635 4716 1689 4770 in
1721 4716 1827 4772 fide
1932 4732 2212 4788 re—persus
2258 4725 2361 4771 est.
2406 4716 2538 4771 Post
2578 4714 2696 4769 hzec
2744 4714 2797 4768 in
2854 4714 3191 4768 teterrimum
3251 4728 3527 4769 carcerem

238 4793 587 4851 confortavit.
638 4797 749 4854 Nec
806 4816 958 4855 mora
1008 4802 1140 4872 ipsis
1194 4804 1609 4875 imperatoribus
1662 4824 1830 4879 appa-
1931 4820 2147 4874 trusus,
2197 4800 2509 4864 divaricatis
2555 4807 2609 4861 in
2651 4821 2819 4862 nervo
2866 4806 3147 4871 cruribus,
3193 4820 3357 4876 super
3401 4820 3533 4859 acu-

241 4902 408 4953 rens,
453 4904 547 4944 eos
570 4901 732 4960 prout
759 4892 906 4964 digni
938 4902 1097 4949 erant
1122 4897 1407 4966 corripuit.
1440 4898 1594 4954 Tunc
1617 4940 1631 4964 ,
1666 4898 1830 4968 jussit
1933 4888 2136 4959 tissima
2190 4911 2450 4957 testarum
2486 4901 2788 4971 fragmenta
2837 4901 3113 4972 projectus
3148 4911 3248 4956 est.
3288 4900 3391 4956 Ubi
3429 4916 3526 4955 no-

241 4995 368 5035 cum
400 4981 766 5041 Diocletianus
814 4986 868 5039 in
906 4987 1317 5058 hippodromum
1354 4991 1538 5060 palatii
1574 4993 1726 5059 duci,
1776 5003 1831 5048 et
1934 5003 2020 5047 tte
2078 4989 2169 5046 lux
2226 4976 2414 5063 ingens
2463 4992 2748 5063 apparuit,
2804 5001 2859 5048 et
2910 4985 3108 5048 virtute
3164 4992 3260 5046 Dei
3323 4990 3533 5046 solutus

243 5070 495 5143 fustigari
560 5089 731 5143 usque
801 5076 1057 5133 deficeret
1109 5098 1122 5133 :
1201 5097 1362 5151 quem
1436 5091 1708 5137 mortuum
1775 5083 1831 5139 in
1940 5094 2179 5155 martyr,
2235 5085 2376 5139 inter
2420 5084 2670 5155 angelos,
2722 5100 2753 5139 a
2798 5085 2995 5154 quibus
3042 5083 3251 5139 visitari
3301 5084 3535 5151 meruit,

244 5165 486 5221 cloacam
546 5169 835 5224 maximam
901 5172 1184 5227 miserunt.
1248 5174 1354 5230 Sed
1432 5176 1521 5231 ille
1584 5176 1835 5247 apparuit
1940 5176 2199 5246 hymnum
2235 5174 2498 5238 canebat,
2542 5176 2614 5229 ita
2664 5185 2725 5231 ut
2760 5177 2876 5246 ipse
2910 5184 3096 5231 custos
3131 5174 3372 5229 carceris
3404 5191 3527 5230 cre-

247 5256 303 5313 in
331 5259 556 5315 somniis
581 5271 783 5316 sanctae
836 5272 1099 5319 matrona:
1128 5264 1347 5321 Lucinae
1394 5269 1632 5324 dicens:
1672 5268 1836 5323 Juxta
1943 5266 2096 5322 deret
2147 5266 2383 5323 Christo.
2445 5266 2600 5323 Mane
2652 5276 2830 5323 autem
2889 5266 3063 5332 facto,
3121 5282 3241 5321 cum
3303 5268 3540 5322 misisset

249 5347 455 5402 circum
498 5349 737 5405 invenies
788 5366 983 5422 corpus
1030 5368 1239 5420 meum,
1277 5358 1519 5424 pendens
1566 5360 1619 5413 in
1676 5375 1835 5425 unco,
1946 5375 2068 5415 eum
2133 5359 2427 5427 Datianus,
2484 5368 2540 5413 et
2583 5358 2837 5427 jussisset
2908 5360 2960 5413 in
3017 5359 3158 5413 lecto
3218 5359 3538 5413 mollissimo

251 5447 309 5494 et
369 5440 495 5495 dum
547 5441 839 5507 levaveris,
898 5442 1161 5513 perduces
1214 5446 1283 5500 ad
1326 5446 1726 5519 Catacumhas,
1780 5459 1836 5504 et
1951 5449 2239 5515 reclinari,
2276 5461 2337 5504 ut
2387 5449 2777 5519 aliquantulum
2837 5459 3153 5514 recreatus,
3211 5449 3391 5503 acrius
3448 5448 3541 5502 de-

254 5531 487 5601 sepelias
517 5547 603 5585 me
646 5532 700 5585 in
752 5542 938 5603 crypta
980 5533 1137 5603 juxta
1185 5537 1409 5606 vestigia
1442 5541 1831 5607 apostolorum.
1948 5556 2055 5597 nuo
2117 5549 2491 5611 torqueretur,
2553 5539 2943 5611 infatigabilem
3005 5539 3253 5609 spiritum
3318 5539 3539 5593 Christo

255 5620 388 5690 Quae
450 5622 565 5693 ipsa
618 5632 776 5678 nocte
841 5640 964 5679 cum
1012 5626 1183 5681 servis
1254 5627 1475 5683 veniens
1527 5638 1698 5683 totum
1764 5632 1839 5685 ita
1950 5631 2198 5687 reddidit.
2253 5621 2406 5684 Tunc
2469 5629 2727 5684 Datianus
2786 5644 2981 5698 corpus
3018 5630 3138 5699 ejus
3184 5630 3251 5682 in'
3288 5644 3539 5698 campum

257 5714 565 5784 complevit.
1949 5720 2140 5791 projici
2197 5726 2251 5774 et
2310 5717 2440 5774 feris
2500 5728 2661 5787 atque
2698 5718 2886 5773 avibus
2935 5717 3099 5788 jussit
3153 5719 3371 5790 exponi.
3433 5718 3540 5773 Sed

332 5805 532 5862 Eodem
579 5809 665 5863 die
707 5808 892 5863 Romae
939 5805 1035 5861 SS.
1080 5817 1373 5880 martyrum
1403 5810 1592 5866 Marini
1640 5811 1839 5885 [Mai-iii
1954 5828 2078 5868 mox
2130 5827 2325 5870 corvus
2384 5811 2643 5868 divinitus
2698 5813 2762 5867 ad
2821 5812 3119 5868 custodiam
3177 5812 3294 5881 ejus
3342 5811 3553 5878 datus,
