4046 6418
514 375 654 434 1089

1439 375 1500 430 Β.
1540 372 1840 434 ΝΟΤΚΕΒΙ
1879 377 2168 433 BALBULI
2206 377 2264 434 S.
2306 378 2507 436 GALLI
2551 376 2856 436 MONACHI

3652 385 3797 442 1040

513 505 618 546 non
666 487 840 544 solum
889 500 1016 543 aves
1071 485 1205 541 alias
1257 488 1503 554 arcebat,
1555 487 1649 542 sed
1697 495 1752 544 et
1801 489 2089 544 immanem
2126 493 2170 554 Α
2267 491 2418 561 Apud
2465 490 2702 548 Gabalen
2753 495 3048 559 civitatem,
3080 493 3140 548 8.
3188 493 3468 550 Severiani
3515 495 3797 570 episcopi,

511 581 692 652 lupum
725 595 755 635 a
783 587 972 636 sancto
1001 593 1227 649 corpore
1267 579 1482 650 repulit.
1520 579 1672 647 Quod
1706 597 1828 635 cum
1868 581 2096 637 Datiano

510 671 818 728 nuntiatum
848 677 1021 735 esset,
1066 669 1226 738 jussit
1259 685 1382 723 eum
1420 670 1657 725 insutum
1694 671 1847 728 culeo
1887 673 1940 727 in
1972 688 2096 743 pro-

511 761 735 817 fundum
785 761 951 816 maris
1000 775 1123 815 cum
1183 760 1502 830 gravissimo
1551 761 1666 814 saxi
1713 761 1949 831 pondere
2004 764 2097 816 tle-

508 853 700 926 m‘ergi.
745 851 854 908 Sed
897 852 1076 923 prius,
1127 851 1327 906 virtute
1371 850 1465 906 Dei
1513 866 1674 922 super
1720 853 1892 906 undas
1939 853 2094 906 inna-

510 954 663 1010 tans,
697 944 763 998 ad
790 942 942 998 littus
969 941 1182 1020 delatus
1207 949 1260 996 et
1286 936 1467 996 arenis
1500 941 1748 997 conditus
1783 949 1898 1006 est,
1931 955 2094 1011 quam

509 1037 741 1108 remiges
787 1043 1004 1105 portum
1054 1041 1276 1104 tangere
1331 1034 1652 1105 potuissent.
1704 1033 1833 1089 inde
1883 1048 2004 1088 cum
2037 1048 2096 1088 se

505 1137 725 1186 sanctus
759 1135 963 1198 martyr
996 1126 1208 1181 cuidam
1246 1124 1388 1180 ﬁdeli
1434 1125 1562 1178 anui
1610 1123 1936 1190 revelasset,
1975 1138 2098 1194 per-

504 1218 800 1276 secutionis
835 1217 985 1273 rabie
1021 1227 1303 1282 cessante,
1341 1231 1371 1270 a
1429 1215 1752 1271 Christianis
1786 1224 2097 1270 reverenter

503 1311 780 1379 sublatus,
824 1317 879 1365 et
921 1309 974 1364 in
1020 1307 1250 1365 ecclesia
1298 1305 1591 1361 tumulatus
1637 1315 1739 1361 est.

577 1401 846 1457 Nativitas
893 1399 953 1456 S.
1007 1398 1281 1453 Anastasii
1332 1397 1578 1452 monachi
1627 1405 1680 1451 et
1729 1396 1982 1467 martyris
2031 1395 2100 1452 de

502 1492 888 1563 Perside:qui
938 1490 1328 1563 post'plurima
1374 1497 1637 1543 tormenta
1688 1489 1956 1553 carceris,
1984 1503 2100 1542 ver-

503 1587 690 1642 berum
723 1594 780 1641 et
808 1583 1180 1648 vinculorum,
1226 1596 1346 1652 quae
1401 1581 1452 1635 iu
1500 1580 1761 1635 Caesaraea
1812 1579 2097 1634 Palestinae

501 1691 788 1750 perpessus
841 1675 1018 1730 fuerat
1075 1687 1105 1728 a
1163 1671 1377 1735 Persis,
1435 1677 1707 1741 postremo
1764 1669 1820 1723 in
1877 1667 2096 1724 Perside

502 1765 680 1826 multa
711 1782 874 1839 paena
905 1765 1164 1831 afﬂictus,
1204 1772 1366 1834 atque
1407 1762 1474 1816 ad
1520 1761 1766 1816 ultimum
1798 1757 2096 1815 decollatus

2200 581 2530 637 admirandae
2576 584 2884 640 sanctitatis
2921 595 2976 640 et
3015 585 3273 641 doctrina:
3322 587 3447 641 viri.

2269 673 2358 728 Vll
2400 674 2532 729 ΚΜ..
2567 675 2730 729 ann.
2753 675 3111 733 -——Nativitas
3144 679 3316 734 sancti
3351 679 3635 751 Polycarpi
3658 724 3672 746 ,
3701 683 3797 753 qui

2198 764 2342 818 beati
2385 765 2608 820 Joannis
2637 767 2863 835 apostoli
2913 768 3241 838 discipulus,
3271 778 3324 824 et
3353 771 3420 825 ab
3452 785 3520 826 eo
3547 769 3800 844 Smer

2199 857 2484 926 episcOpus
2546 857 2862 922 ordinatus,
2929 858 3092 914 totius
3152 859 3294 915 Asiae
3355 862 3610 932 princeps
3672 861 3796 916 fuit.

2198 941 2389 998 Postea
2440 959 2601 1010 vero,
2650 956 2912 1017 regnante
2962 949 3142 1004 Marco
3187 950 3462 1006 Antonino
3523 963 3580 1007 et
3627 952 3800 1008 Lucio

2199 1033 2419 1088 Aurelio
2466 1035 2794 1103 Commodo,
2841 1047 3036 1108 quarta
3088 1047 3208 1108 post
3270 1019 3539 1096 ﬁeronem
3603 1058 3798 1112 perse-

2199 1126 2447 1192 cutione,
2493 1127 2740 1200 Smyrnae
2774 1131 3002 1186 sedente
3032 1135 3385 1202 proconsule,
3439 1144 3492 1191 et
3541 1137 3803 1192 universo

2199 1217 2397 1287 populo
2439 1219 2493 1272 in
2541 1220 2941 1290 amphitheatro
2987 1223 3245 1279 adversus
3287 1239 3410 1278 eum
3450 1225 3802 1280 conclaman-

2201 1315 2283 1374 te,
2334 1307 2440 1378 igni
2499 1310 2729 1367 traditus
2773 1320 2877 1367 est.
2919 1311 3025 1367 Sed
3080 1311 3295 1368 ﬂamma
3337 1315 3388 1368 iu
3437 1317 3659 1370 modum
3714 1333 3804 1370 ca-

2200 1411 2363 1453 mera:
2416 1408 2668 1467 curvata,
2721 1403 2902 1471 specie
2952 1404 3110 1473 quasi
3157 1404 3262 1460 veli
3315 1406 3470 1460 navis
3506 1418 3675 1460 vento
3727 1408 3803 1460 si-

2200 1489 2379 1555 nuati,
2431 1505 2593 1561 supra
2637 1506 2836 1562 corpus
2885 1495 3141 1566 martyris
3193 1496 3360 1550 stetit.
3401 1495 3556 1565 Quod
3598 1513 3804 1568 corpus

2199 1579 2256 1633 in
2296 1582 2472 1636 medio
2512 1583 2780 1652 positum,
2833 1600 2938 1640 non
2988 1593 3109 1640 erat
3161 1594 3222 1640 ut
3258 1601 3384 1642 caro
3435 1588 3673 1652 ardens,
3707 1589 3803 1643 sed

2199 1681 2455 1744 tanquam
2509 1675 2552 1729 si
2595 1690 2786 1730 aurum
2836 1685 2932 1732 aut
2977 1686 3260 1748 argentum
3307 1678 3361 1733 in
3408 1677 3635 1734 fornace
3674 1694 3804 1733 can-

2199 1766 2465 1821 desceret.
2499 1765 2635 1820 Tum
2680 1777 2940 1838 praeterea
2980 1769 3201 1824 odorem
3233 1770 3456 1825 naribus
3514 1770 3632 1824 suis
3691 1772 3800 1825 eir-

501 1872 584 1918 est
612 1876 642 1916 a
673 1874 799 1932 rege
843 1873 1032 1915 eorum
1079 1855 1355 1913 Chosdroe
1397 1869 1518 1910 cum
1562 1853 1682 1909 aliis
1731 1851 2090 1923 septuaginta.
2125 1867 2170 1926 Β
2197 1865 2535 1913 cumstantes
2562 1859 2862 1914 hauserunt
2918 1869 3174 1930 tanquam
3206 1862 3380 1916 thuris
3426 1862 3637 1916 incensi
3662 1904 3678 1926 ,
3715 1861 3802 1916 rei

500 1953 762 2024 Reliquiae
805 1951 1050 2023 corporis
1077 1947 1193 2018 ejus
1238 1947 1416 2018 primo
1444 1942 1832 2016 Hierosolymis
1880 1943 1947 1998 ad
1980 1957 2094 1998 mo‘

499 2046 836 2114 nasterium,
872 2044 1068 2101 deinde
1116 2042 1343 2096 Romam
1400 2039 1619 2104 delatae,
1659 2044 1988 2093 venerantur
2039 2034 2094 2088 in

501 2139 836 2195 monasterio
868 2136 927 2190 Β.
961 2134 1190 2207 apostoli
1221 2133 1371 2189 Pauli
1401 2131 1547 2203 quod
1591 2129 1791 2186 dicitur
1813 2128 1880 2184 ad
1910 2129 2096 2199 Aquas

501 2229 729 2285 Salvias.

569 2327 692 2398 ipso
729 2325 818 2380 die
846 2325 900 2379 in
929 2322 1149 2386 Galliis,
1183 2320 1402 2377 civitate
1430 2317 1751 2381 Ebreduno,
1779 2321 2095 2371 sanctorum

501 2431 801 2492 martyrum
842 2416 1146 2483 Vincentii,
1195 2415 1406 2472 Orontii
1451 2422 1510 2469 et
1563 2409 1810 2469 Victoris.

551 2530 621 2587 ’Χ
662 2529 797 2586 ΚΑΙ..
844 2526 1395 2584 Fusn.—-Nativitas
1443 2524 1503 2581 S.
1555 2523 1836 2580 Parmente
1880 2521 2094 2578 diaconi

502 2622 570 2679 de
606 2629 812 2692 septem
862 2619 1053 2690 primis
1085 2633 1100 2672 :
1132 2618 1224 2690 qui
1262 2617 1494 2673 traditus
1537 2615 1726 2686 gratia:
1777 2614 1875 2670 Die
1905 2630 1935 2669 a
1987 2612 2096 2667 fra-

503 2713 710 2783 tribus,
744 2710 1043 2782 injunctum
1073 2707 1308 2766 oliicium
1345 2707 1751 2780 praedicationis
1800 2706 1959 2778 plena
1991 2705 2096 2761 ﬁde

503 2791 929 2869 consummavit,
954 2810 1009 2858 et
1037 2800 1282 2874 martyrii
1313 2799 1546 2870 palmam
1581 2799 1808 2870 adeptus
1834 2796 2096 2867 Philippis

503 2896 732 2968 quievit.

569 2985 758 3042 Roma:
807 2984 1209 3039 Emerentianae
1258 2980 1485 3052 virginis
1536 2979 1738 3036 Christi
1790 2988 1845 3034 et
1894 2986 2097 3050 marty-

503 3078 619 3143 ris,
679 3091 800 3146 quae
863 3083 981 3129 erat
1030 3071 1357 3127 collaetanea
1417 3069 1476 3125 S.
1543 3067 1807 3140 Agnetis,
1861 3075 1918 3123 et
1969 3067 2096 3122 dum

503 3175 685 3225 oraret
738 3166 806 3221 ad
861 3163 1170 3235 sepulcrum
1227 3159 1387 3231 ejus,
1445 3175 1510 3216 ac
1569 3158 1731 3213 simul
1791 3166 2012 3212 orantes
2064 3172 2094 3211 a

2195 1949 2572 2022 pretiosissimi
2614 1949 2899 2022 ﬂagrantis
2939 1951 3219 2024 unguenti.
3270 1953 3352 2006 Ad
3400 1953 3690 2017 ultimum,
3722 1955 3806 2007 vi-

2194 2041 2384 2096 dentes
2431 2041 2652 2098 sceleris
2715 2043 2947 2098 ministri
3019 2059 3215 2115 corpus
3279 2045 3402 2117 igne
3463 2062 3569 2100 non
3639 2060 3807 2116 posse

2195 2131 2475 2197 consumi,
2524 2132 2807 2202 jusserunt
2850 2133 3071 2204 propius
3121 2135 3378 2191 accedere
3425 2135 3802 2201 confectores,

2194 2229 2250 2278 et
2298 2236 2496 2294 corpus
2553 2223 2639 2279 cui
2696 2223 2835 2295 ignis
2892 2235 3174 2292 cesserat,
3233 2242 3496 2284 mucro::e
3555 2228 3806 2283 transfo-

2194 2316 2343 2372 dere.
2395 2315 2513 2384 Quo
2555 2315 2698 2372 facto
2738 2324 2846 2372 tam
2894 2317 3076 2390 largus
3119 2318 3374 2388 profusus
3409 2330 3492 2376 est
3534 2322 3802 2391 sanguis,

2195 2416 2255 2460 ut
2307 2405 2670 2477 restingueret
2701 2422 2911 2477 rogum.
2941 2406 3076 2462 Cum
3135 2424 3242 2478 quo
3276 2419 3330 2463 et
3368 2409 3459 2464 alii
3509 2410 3807 2464 duodecim

2194 2515 2263 2556 ex
2311 2499 2679 2571 Philadelphia
2729 2501 3042 2567 venientes,
3096 2501 3235 2572 apud
3279 2501 3558 2573 praefatam
3604 2504 3806 2558 urbem

2196 2579 2459 2664 martyrio
2508 2594 2864 2650 consummati
2912 2605 3059 2650 sunt.
3108 2595 3263 2650 Tunc
3303 2595 3465 2650 etiam
3508 2595 3804 2650 Germani-

2197 2701 2296 2742 cus
2337 2685 2536 2741 athleta
2589 2685 2792 2742 Christi
2843 2686 3103 2758 insignis,
3135 2687 3202 2743 ad
3238 2687 3439 2743 bestias
3476 2688 3806 2751 damnatus,

2196 2785 2252 2832 et
2296 2777 2439 2832 ultro
2493 2777 2560 2832 ad
2611 2777 3016 2832 devorationem
3082 2778 3163 2834 sui
3227 2793 3563 2848 provocans,
3626 2777 3808 2832 veloci

2198 2879 2373 2927 morte
2427 2884 2685 2926 coronam
2741 2872 2968 2942 adeptus
3011 2879 3094 2927 est
3141 2872 3265 2927 vita:
3307 2881 3545 2926 aeternae.

2267 2961 2469 3017 Eodem
2515 2962 2602 3017 die
2636 2971 2946 3018 sanctorum
2999 2973 3296 3033 martyrum
3333 2962 3644 3035 Theogenis
3677 2978 3804 3019 cum

2200 3051 2324 3107 aliis
2378 3051 2602 3123 triginta
2644 3067 2759 3109 sex.

2269 3147 2402 3201 item
2450 3148 2589 3219 apud
2639 3148 2911 3223 Biturigas
2972 3151 3113 3206 beati
3175 3149 3390 3221 Sulpitii
3447 3150 3694 3222 episcopi
3750 3160 3806 3204 et

502 3258 786 3330 gentilium
831 3217 1051 3312 laesione
1099 3217 1448 3317 defenderet,
1489 3250 1722 3321 lapidata
1762 3258 1848 3304 est
1889 3249 1958 3302 ab
1994 3248 2091 3303 eis.
2121 3217 2167 3282 (ἶ
2197 3238 2544 3295 confessoris.

502 3353 559 3407 lu
615 3349 969 3415 Mauritania,
1019 3347 1240 3403 civitate
1287 3343 1688 3407 Neocresarzea,
1742 3340 1995 3394 nativitas
2034 3337 2091 3394 S.

501 3443 782 3502 Severiaui
833 3451 888 3500 et
945 3440 1153 3512 Aquilae
1221 3439 1405 3494 uxoris
1457 3435 1574 3506 ejus
1619 3435 1830 3506 ignibus
1881 3433 2096 3488 combu.

502 3547 730 3593 SlOl‘lllll.

575 3643 645 3705 IX
683 3650 821 3706 ΚΑΙ..
863 3643 1408 3702 ann.—Nativitas
1463 3641 1634 3696 sancti
1690 3639 1960 3696 Timothei
2011 3639 2096 3695 di-

504 3743 694 3814 scipuli
748 3743 806 3796 B.
850 3739 1002 3796 Pauli
1053 3735 1280 3809 apostoli
1336 3753 1349 3790 :
1402 3734 1494 3804 qui
1548 3733 1689 3804 apud
1741 3731 2010 3803 Ephesum
2065 3746 2096 3784 a

504 3835 662 3892 beato
716 3829 960 3902 apostolo
1022 3828 1307 3899 cpiscopus
1358 3824 1673 3887 ordinatus,
1728 3831 1850 3892 post
1902 3819 2099 3875 multos

503 3941 603 3997 pro
650 3922 868 3978 Christo
923 3933 1126 3990 agones
1176 3916 1448 3972 dormivit.
1505 3905 1670 3985 Cujus
1725 3927 1922 3983 corpus
1973 3927 2094 3967 cum

505 4016 750 4088 reliquiis
773 4013 916 4068 beati
958 4009 1153 4066 Andra:
1196 4019 1252 4064 et
1290 4008 1449 4062 Luca:
1491 4005 1749 4061 vic‘esimo
1788 4020 1928 4060 anno
1957 4002 2098 4058 Con-

506 4101 910 4174 stantinopolim
967 4098 1285 4154 translatum
1337 4107 1438 4153 est.

577 4191 733 4264 Apud
786 4188 1130 4245 Antiochiam
1190 4186 1361 4241 sancti
1415 4183 1630 4256 Babyla:
1685 4181 1919 4253 episcopi
1973 4198 2094 4238 cum

509 4284 681 4340 tribus
709 4277 1106 4354 parvuliszqui
1139 4277 1240 4333 sub
1313 4315 1330 4333 .
1408 4316 1423 4330 .
1501 4313 1518 4330 .
1596 4316 1609 4329 .
1686 4273 1865 4346 [Apud
1893 4272 2095 4341 Baron,

504 4376 605 4434 sub
635 4373 821 4446 Decio]
858 4380 1208 4443 posteaquam
1257 4368 1569 4439 frequenter
1606 4365 1948 4437 passionibus
1983 4363 2096 4419 suis

507 4481 563 4527 et
626 4463 956 4524 cruciatibus
1008 4460 1408 4532 glorificaverat
1445 4457 1795 4520 .Dominum,
1852 4455 2097 4526 gloriosae

2276 3353 2343 3408 Vl
2391 3352 2526 3409 ΚΜ..
2565 3339 2907 3409 Fciam—lu
2952 3353 3135 3410 Africa
3183 3354 3437 3410 nativitas
3468 3352 3528 3410 S.
3565 3351 3805 3418 Juliani,

2204 3444 2504 3500 Vincentia:
2554 3456 2608 3500 et
2652 3445 2881 3500 aliorum
2927 3447 3144 3517 triginta
3192 3447 3440 3502 duorum.

2266 3535 2620 3591 NativitasS.
2652 3536 2877 3592 Joannis
2901 3537 3136 3607 episcopi
3177 3536 3766 3607 Constantinopolitani
3787 3577 3806 3601 ,

2197 3627 2285 3696 qui
2343 3642 2441 3697 pro
2497 3629 2632 3681 mira
2682 3635 2735 3682 et
2796 3628 3185 3698 pretiosissima
3247 3627 3494 3683 doctrina
3546 3627 3796 3698 Chryso-

2197 3726 2403 3772 stomus
2451 3717 2751 3788 appellatur
2785 3736 2798 3773 :
2832 3719 2976 3789 quod
3026 3718 3219 3775 Latine
3256 3720 3654 3788 interpretatur
3696 3720 3804 3772 oris

2201 3810 2351 3863 aurei
2379 3809 2463 3863 vel
2511 3827 2567 3864 os
2613 3827 2833 3864 aureum
2868 3810 3086 3864 habent.
3117 3811 3217 3876 Qui
3251 3825 3345 3882 per
3372 3809 3572 3866 multos
3600 3825 3805 3881 agones

2196 3900 2361 3956 vitam
2411 3903 2710 3972 promeruit
2762 3903 3170 3973 sempiternam.

2266 4014 2398 4069 item
2450 4013 2603 4069 Marii
2649 4015 2862 4070 abbatis
2910 4015 3224 4070 monasterii
3269 4014 3638 4080 Badoeensis,
3689 4015 3802 4069 vita

2199 4115 2254 4160 et
2301 4105 2600 4160 virtutibus
2649 4103 2806 4160 clari.

2265 4215 2323 4270 in
2390 4214 2703 4269 Bethlehem
2769 4214 2924 4270 Iudae
2998 4216 3258 4272 dormitio
3330 4216 3537 4280 Paulae,
3610 4217 3804 4271 matris

2196 4305 2506 4362 Eustochiae
2559 4304 2882 4378 [Eustachii]
2929 4308 3154 4378 virginis
3219 4308 3442 4364 Christi.
3491 4309 3625 4376 Qua:
3674 4325 3803 4364 cum

2197 4405 2342 4452 esset
2378 4411 2445 4451 ex
2481 4397 2816 4451 nobilissimo
2844 4411 3047 4466 genere
3087 4406 3402 4453 senatorum
3433 4399 3654 4462 Romae,
3703 4401 3800 4453 ab-

2199 4487 2516 4542 renuntians
2589 4486 2821 4550 saeculo,
2873 4496 2927 4540 et
2998 4487 3196 4557 opibus
3243 4489 3356 4543 suis
3412 4489 3466 4543 in
3528 4504 3801 4559 pauperes

504 4561 836 4639 vitm'ﬁnem
884 4565 967 4611 est
1012 4553 1225 4608 fortitus
1273 4551 1328 4605 iu
1370 4548 1628 4649 vinculis;
1675 4556 1744 4649 et.
1776 4563 1882 4649 non
1941 4545 2096 4616 longe
2128 4577 2174 4636 υ
2199 4577 2466 4649 "agatis,
2525 4576 2728 4631 Christi
2792 4545 3084 4633 έοηεθωία
3139 4588 3225 4633 εει
3283 4545 3691 4647 νεηρθηέιεης,
3743 4589 3800 4633 ει

508 4637 550 4728 ag
577 4650 814 4708 Castalio
860 4647 1008 4702 fonte
1056 4645 1330 4715 sepultus,
1377 4640 1681 4709 Apollinem
1730 4639 1784 4692 in
1833 4639 1950 4708 ipso
2003 4655 2092 4692 ce-

508 4744 798 4801 leberrimo
851 4738 1193 4796 oraculorum
1246 4749 1464 4790 suorum
1514 4732 1632 4788 loco
1687 4731 1966 4786 damnavit
2018 4731 2093 4784 si-

508 4835 699 4891 lentio.

577 4926 635 4981 lu
675 4923 1040 4980 Neoezesaraaa
1071 4920 1287 4976 civitate
1319 4916 1576 4972 nativitas
1605 4923 1918 4970 sanctorum
1949 4929 2096 4968 mar-

513 5028 690 5090 tyrum
721 5013 1016 5093 Mardonii,
1068 5010 1332 5075 Musouii,
1378 5007 1633 5080 Eugenii,
1677 5005 1953 5071 Marcelli,
2001 5006 2093 5076 qui

508 5125 698 5166 omnes
756 5105 867 5179 igni
923 5103 1105 5160 traditi
1169 5110 1326 5167 sunt,
1388 5109 1444 5157 et
1494 5098 1733 5169 reliquiae
1793 5112 1979 5152 eorum
2043 5099 2100 5152 iu

508 5203 684 5259 Axum
731 5198 950 5254 ﬂuvium
1008 5196 1286 5266 dispersaa.

556 5311 694 5383 _Vlll
750 5311 883 5366 ΚΑι..
939 5295 1102 5363 ann.
1135 5306 1406 5361 —-Bomaa
1468 5303 1749 5359 translatio
1815 5304 1874 5358 S.
1945 5303 2094 5359 Pauli

511 5405 739 5478 apostoli
796 5444 812 5470 ,
864 5411 919 5458 et
960 5401 1247 5458 conversio
1294 5397 1412 5478 ejus
1460 5396 1600 5467 apud
1647 5397 2005 5461 Damascum;
2043 5406 2099 5451 et

510 5497 713 5572 ibidem
762 5494 1020 5569 nativitas
1047 5494 1105 5550 S.
1132 5493 1394 5560 Ananiae,
1444 5492 1538 5564 qui
1582 5491 1830 5547 eumdem
1869 5489 2095 5546 Paulum

510 5571 826 5661 baptizavit.
858 5651 865 5661 .

536 5745 540 5754 .
581 5699 724 5757 Alibi
769 5699 1026 5755 nativitas
1072 5697 1131 5753 S.
1178 5695 1414 5769 Proiecti
1457 5695 1735 5768 martyris.
1794 5694 2105 5751 Constauti-

513 5791 719 5864 nopoli,
742 5789 989 5862 Gregorii
1016 5789 1291 5862 Tbcologi.

2198 4669 2340 4738 apud
2379 4667 2663 4738 praefatum
2705 4667 2996 4737 oppidum,
3044 4667 3320 4724 Dominica
3367 4669 3656 4724 nativitate
3685 4670 3798 4738 glo-

2198 4759 2399 4814 riosum
2420 4801 2434 4824 ,
2464 4759 2777 4814 monasterii
2809 4759 3090 4828 virginalis
3130 4759 3338 4813 exstitit
3382 4767 3578 4814 mater.
3629 4759 3799 4826 Cujus

2197 4849 2376 4906 Vitam
2427 4852 2720 4907 virtutibus
2755 4851 3132 4907 admirandam
3174 4849 3232 4905 S.
3265 4851 3629 4921 Hieronymus
3662 4852 3800 4906 scri-

2199 4942 2363 5009 bens,
2399 4953 2630 4999 testatur
2658 4959 2781 4998 eam
2811 4944 2972 5014 longe
3003 4953 3318 5000 coronatam
3347 4956 3469 4998 esse
3506 4945 3794 5014 martyrio.

2204 5031 2566 5104 Ejusdemque
2599 5033 2952 5104 petitionibus
2977 5049 3261 5099 annuens,
3293 5033 3528 5088 confecit
3563 5033 3794 5104 plurima

2204 5125 2479 5195 opuscula.

2275 5235 2340 5289 Vl.
2371 5235 2505 5290 ΚΜ..
2534 5236 2697 5290 ann.
2729 5266 2798 5275 —
2829 5234 3033 5291 Octava
3065 5244 3268 5290 sancte
3301 5235 3488 5304 Agnae,
3514 5234 3617 5296 vel,
3638 5232 3795 5302 juxta

2204 5328 2482 5396 quosdam.
2513 5327 2710 5382 natalis
2735 5328 2999 5398 genuinus
3023 5325 3340 5400 [geminusL

2274 5417 2331 5472 In
2381 5417 2603 5472 civitate
2652 5416 2954 5488 Apollonia,
3013 5417 3217 5481 Leucii,
3269 5416 3494 5486 'Tliyrsi,
3543 5413 3796 5471 Galliuici

2202 5515 2522 5577 martyrum.
2574 5505 2678 5572 Qui
2729 5506 3065 5576 temporibus
3096 5505 3441 5575 imperatoris
3496 5504 3649 5558 Decii
3694 5505 3795 5559 sub

2202 5599 2520 5672 praesidibus
2565 5597 2890 5668 Cymbricio,
2933 5596 3186 5667 Sylvauo.
3240 5607 3292 5649 et
3323 5593 3530 5659 Baudo,
3563 5593 3798 5648 diversis

2204 5697 2595 5743 tormentorum
2617 5687 2906 5756 generibus
2926 5685 3242 5748 excruciati,
3267 5686 3473 5753 primus
3497 5696 3553 5737 et
3574 5683 3792 5736 ultimus

2207 5779 2539 5836 abscissione
2588 5778 2802 5848 capitis,
2853 5777 3064 5834 medius
3102 5777 3310 5833 caelesti
3356 5791 3487 5832 voce
3533 5788 3799 5832 evocatus
