  <div class='ocr_page' id='page_1' title='image "/cluster/home/n/w/nwhite01/storage/ocr_20150623/131/hvd.32044015471725/526.png"; bbox 0 0 4046 6444; ppageno 0'>
   <div class='ocr_carea' id='block_1_1' title="bbox 214 406 349 463">
    <p class='ocr_par' dir='ltr' id='par_1_1' title="bbox 214 406 349 463">
     <span class='ocr_line' id='line_1_1' title="bbox 214 406 349 463; baseline 0.015 -3"><span class='ocrx_word' id='word_1_1' title='bbox 214 406 349 463; x_wconf 71' lang='grc'><strong>1041</strong></span> 
     </span>
    </p>
   </div>
   <div class='ocr_carea' id='block_1_2' title="bbox 1200 403 2421 469">
    <p class='ocr_par' dir='ltr' id='par_1_2' title="bbox 1200 403 2421 469">
     <span class='ocr_line' id='line_1_2' title="bbox 1200 403 2421 469; baseline -0.007 -2"><span class='ocrx_word' id='word_1_2' title='bbox 1200 407 1831 469; x_wconf 60' lang='grc' dir='ltr'><strong>ΜΑιὶτγιιοιοοιυΜ.</strong></span> <span class='ocrx_word' id='word_1_3' title='bbox 1867 438 1935 448; x_wconf 90' lang='lat'><strong>-—</strong></span> <span class='ocrx_word' id='word_1_4' title='bbox 2223 403 2421 462; x_wconf 81' lang='lat' dir='ltr'><strong>FEBR.</strong></span> 
     </span>
    </p>
   </div>
   <div class='ocr_carea' id='block_1_3' title="bbox 2008 246 2037 260">
    <p class='ocr_par' dir='ltr' id='par_1_3' title="bbox 2008 246 2037 260">
     <span class='ocr_line' id='line_1_3' title="bbox 2008 246 2037 260; baseline 0 0"><span class='ocrx_word' id='word_1_5' title='bbox 2008 246 2037 260; x_wconf 51' lang='grc' dir='ltr'><strong>Ὦ</strong></span> 
     </span>
    </p>
   </div>
   <div class='ocr_carea' id='block_1_4' title="bbox 3355 394 3497 452">
    <p class='ocr_par' dir='ltr' id='par_1_4' title="bbox 3355 394 3497 452">
     <span class='ocr_line' id='line_1_4' title="bbox 3355 394 3497 452; baseline -0.014 0"><span class='ocrx_word' id='word_1_6' title='bbox 3355 394 3497 452; x_wconf 67' lang='grc' dir='ltr'><strong>ιω</strong></span> 
     </span>
    </p>
   </div>
   <div class='ocr_carea' id='block_1_5' title="bbox 211 507 3491 601">
    <p class='ocr_par' dir='ltr' id='par_1_5' title="bbox 211 507 3491 601">
     <span class='ocr_line' id='line_1_5' title="bbox 211 507 3491 601; baseline -0.002 -22"><span class='ocrx_word' id='word_1_7' title='bbox 211 522 465 595; x_wconf 73' lang='lat' dir='ltr'><strong>spiritum</strong></span> <span class='ocrx_word' id='word_1_8' title='bbox 522 527 756 585; x_wconf 77' lang='lat' dir='ltr'><strong>reddens</strong></span> <span class='ocrx_word' id='word_1_9' title='bbox 778 507 809 593; x_wconf 9' lang='grc' dir='ltr'><strong>,ἓ</strong></span> <span class='ocrx_word' id='word_1_10' title='bbox 856 528 1116 601; x_wconf 87' lang='lat' dir='ltr'><strong>martyria</strong></span> <span class='ocrx_word' id='word_1_11' title='bbox 1172 534 1687 585; x_wconf 77' lang='lat' dir='ltr'><strong>consummaverunt</strong></span> <span class='ocrx_word' id='word_1_12' title='bbox 1747 527 1799 581; x_wconf 90' lang='lat' dir='ltr'><strong>in</strong></span> <span class='ocrx_word' id='word_1_13' title='bbox 1828 529 1880 590; x_wconf 79' lang='grc' dir='ltr'><strong>Α</strong></span> <span class='ocrx_word' id='word_1_14' title='bbox 1975 524 2176 580; x_wconf 80' lang='lat' dir='ltr'><strong>Eodem</strong></span> <span class='ocrx_word' id='word_1_15' title='bbox 2205 524 2293 579; x_wconf 90' lang='lat' dir='ltr'><strong>die</strong></span> <span class='ocrx_word' id='word_1_16' title='bbox 2315 522 2454 593; x_wconf 90' lang='lat' dir='ltr'><strong>apud</strong></span> <span class='ocrx_word' id='word_1_17' title='bbox 2487 516 2821 576; x_wconf 85' lang='lat' dir='ltr'><strong>Trientinam</strong></span> <span class='ocrx_word' id='word_1_18' title='bbox 2853 515 3276 592; x_wconf 80' lang='lat' dir='ltr'><strong>[Tridentinam]</strong></span> <span class='ocrx_word' id='word_1_19' title='bbox 3304 516 3491 573; x_wconf 82' lang='lat' dir='ltr'><strong>urbem</strong></span> 
     </span>
    </p>
   </div>
   <div class='ocr_carea' id='block_1_6' title="bbox 214 617 449 673">
    <p class='ocr_par' dir='ltr' id='par_1_6' title="bbox 214 617 449 673">
     <span class='ocr_line' id='line_1_6' title="bbox 214 617 449 673; baseline 0 0"><span class='ocrx_word' id='word_1_20' title='bbox 214 617 449 673; x_wconf 64' lang='lat' dir='ltr'><strong>Graecia.</strong></span> 
     </span>
    </p>
   </div>
   <div class='ocr_carea' id='block_1_7' title="bbox 285 704 1805 782">
    <p class='ocr_par' dir='ltr' id='par_1_7' title="bbox 285 704 1805 782">
     <span class='ocr_line' id='line_1_7' title="bbox 285 704 1805 782; baseline 0.003 -20"><span class='ocrx_word' id='word_1_21' title='bbox 285 706 489 763; x_wconf 89' lang='lat' dir='ltr'><strong>Eodem</strong></span> <span class='ocrx_word' id='word_1_22' title='bbox 514 707 603 765; x_wconf 89' lang='lat' dir='ltr'><strong>die</strong></span> <span class='ocrx_word' id='word_1_23' title='bbox 627 709 772 780; x_wconf 89' lang='lat' dir='ltr'><strong>apud</strong></span> <span class='ocrx_word' id='word_1_24' title='bbox 794 709 1181 767; x_wconf 77' lang='lat' dir='ltr'><strong>Alexandriam</strong></span> <span class='ocrx_word' id='word_1_25' title='bbox 1206 711 1351 767; x_wconf 92' lang='lat' dir='ltr'><strong>beati</strong></span> <span class='ocrx_word' id='word_1_26' title='bbox 1376 704 1805 782; x_wconf 66' lang='lat' dir='ltr'><strong>Cyrilli‘episco-</strong></span> 
     </span>
    </p>
   </div>
   <div class='ocr_carea' id='block_1_8' title="bbox 212 798 1807 875">
    <p class='ocr_par' dir='ltr' id='par_1_8' title="bbox 212 798 1807 875">
     <span class='ocr_line' id='line_1_8' title="bbox 212 798 1807 875; baseline 0.004 -23"><span class='ocrx_word' id='word_1_27' title='bbox 212 798 294 869; x_wconf 93' lang='lat' dir='ltr'><strong>pi,</strong></span> <span class='ocrx_word' id='word_1_28' title='bbox 322 800 415 869; x_wconf 91' lang='lat' dir='ltr'><strong>qui</strong></span> <span class='ocrx_word' id='word_1_29' title='bbox 440 799 723 859; x_wconf 72' lang='lat' dir='ltr'><strong>catholica:</strong></span> <span class='ocrx_word' id='word_1_30' title='bbox 750 801 877 859; x_wconf 89' lang='lat' dir='ltr'><strong>ﬁdei</strong></span> <span class='ocrx_word' id='word_1_31' title='bbox 904 803 1354 874; x_wconf 64' lang='lat' dir='ltr'><strong>praeclarissimus</strong></span> <span class='ocrx_word' id='word_1_32' title='bbox 1373 804 1583 861; x_wconf 91' lang='lat' dir='ltr'><strong>exstitit</strong></span> <span class='ocrx_word' id='word_1_33' title='bbox 1613 817 1807 875; x_wconf 84' lang='lat' dir='ltr'><strong>propu-</strong></span> 
     </span>
    </p>
   </div>
   <div class='ocr_carea' id='block_1_9' title="bbox 212 896 432 958">
    <p class='ocr_par' dir='ltr' id='par_1_9' title="bbox 212 896 432 958">
     <span class='ocr_line' id='line_1_9' title="bbox 212 896 432 958; baseline 0.014 -16"><span class='ocrx_word' id='word_1_34' title='bbox 212 896 432 958; x_wconf 80' lang='lat' dir='ltr'><strong>gnator.</strong></span> 
     </span>
    </p>
   </div>
   <div class='ocr_carea' id='block_1_10' title="bbox 285 980 1805 1060">
    <p class='ocr_par' dir='ltr' id='par_1_10' title="bbox 285 980 1805 1060">
     <span class='ocr_line' id='line_1_10' title="bbox 285 980 1805 1060; baseline 0.004 -25"><span class='ocrx_word' id='word_1_35' title='bbox 285 980 345 1036; x_wconf 87' lang='lat' dir='ltr'><strong>In</strong></span> <span class='ocrx_word' id='word_1_36' title='bbox 366 980 721 1040; x_wconf 81' lang='lat' dir='ltr'><strong>monasterio</strong></span> <span class='ocrx_word' id='word_1_37' title='bbox 772 983 1133 1043; x_wconf 82' lang='lat' dir='ltr'><strong>Reomanensi</strong></span> <span class='ocrx_word' id='word_1_38' title='bbox 1169 986 1561 1060; x_wconf 81' lang='lat' dir='ltr'><strong>[Rhemensi],</strong></span> <span class='ocrx_word' id='word_1_39' title='bbox 1586 984 1805 1042; x_wconf 85' lang='lat' dir='ltr'><strong>llicanis</strong></span> 
     </span>
    </p>
   </div>
   <div class='ocr_carea' id='block_1_11' title="bbox 213 1067 1091 1145">
    <p class='ocr_par' dir='ltr' id='par_1_11' title="bbox 213 1067 1091 1145">
     <span class='ocr_line' id='line_1_11' title="bbox 213 1067 1091 1145; baseline 0.007 -21"><span class='ocrx_word' id='word_1_40' title='bbox 213 1067 487 1144; x_wconf 79' lang='lat' dir='ltr'><strong>[Joannis]</strong></span> <span class='ocrx_word' id='word_1_41' title='bbox 508 1074 812 1145; x_wconf 85' lang='lat' dir='ltr'><strong>presbyteri</strong></span> <span class='ocrx_word' id='word_1_42' title='bbox 841 1074 945 1130; x_wconf 87' lang='lat' dir='ltr'><strong>viri</strong></span> <span class='ocrx_word' id='word_1_43' title='bbox 976 1075 1091 1131; x_wconf 89' lang='lat' dir='ltr'><strong>Dei.</strong></span> 
     </span>
    </p>
   </div>
   <div class='ocr_carea' id='block_1_12' title="bbox 287 1160 1804 1235">
    <p class='ocr_par' dir='ltr' id='par_1_12' title="bbox 287 1160 1804 1235">
     <span class='ocr_line' id='line_1_12' title="bbox 287 1160 1804 1235; baseline 0.003 -20"><span class='ocrx_word' id='word_1_44' title='bbox 287 1162 356 1217; x_wconf 77' lang='grc' dir='ltr'><em>Ν</em></span> <span class='ocrx_word' id='word_1_45' title='bbox 386 1160 521 1218; x_wconf 78' lang='grc' dir='ltr'><strong>ΚΑι..</strong></span> <span class='ocrx_word' id='word_1_46' title='bbox 548 1163 715 1220; x_wconf 68' lang='grc' dir='ltr'><strong>Εεθιι.</strong></span> <span class='ocrx_word' id='word_1_47' title='bbox 749 1196 819 1205; x_wconf 92' lang='grc'><strong>-</strong></span> <span class='ocrx_word' id='word_1_48' title='bbox 869 1165 1057 1221; x_wconf 69' lang='lat' dir='ltr'><strong>Romae</strong></span> <span class='ocrx_word' id='word_1_49' title='bbox 1083 1166 1339 1223; x_wconf 88' lang='lat' dir='ltr'><strong>nativitas</strong></span> <span class='ocrx_word' id='word_1_50' title='bbox 1355 1165 1534 1235; x_wconf 70' lang='lat' dir='ltr'><strong>Papia:</strong></span> <span class='ocrx_word' id='word_1_51' title='bbox 1557 1173 1614 1220; x_wconf 90' lang='lat' dir='ltr'><strong>et</strong></span> <span class='ocrx_word' id='word_1_52' title='bbox 1632 1163 1804 1219; x_wconf 82' lang='lat' dir='ltr'><strong>Mauri</strong></span> 
     </span>
    </p>
   </div>
   <div class='ocr_carea' id='block_1_13' title="bbox 215 1254 1805 1330">
    <p class='ocr_par' dir='ltr' id='par_1_13' title="bbox 215 1254 1805 1330">
     <span class='ocr_line' id='line_1_13' title="bbox 215 1254 1805 1330; baseline 0.002 -21"><span class='ocrx_word' id='word_1_53' title='bbox 215 1254 451 1309; x_wconf 87' lang='lat' dir='ltr'><strong>militum</strong></span> <span class='ocrx_word' id='word_1_54' title='bbox 506 1264 747 1327; x_wconf 90' lang='lat' dir='ltr'><strong>tempore</strong></span> <span class='ocrx_word' id='word_1_55' title='bbox 789 1258 1146 1314; x_wconf 85' lang='lat' dir='ltr'><strong>Diocletiani:</strong></span> <span class='ocrx_word' id='word_1_56' title='bbox 1179 1259 1272 1330; x_wconf 85' lang='lat' dir='ltr'><strong>qui</strong></span> <span class='ocrx_word' id='word_1_57' title='bbox 1317 1258 1677 1315; x_wconf 82' lang='lat' dir='ltr'><strong>constantiam</strong></span> <span class='ocrx_word' id='word_1_58' title='bbox 1728 1258 1805 1312; x_wconf 80' lang='lat' dir='ltr'><strong>vi—</strong></span> 
     </span>
    </p>
   </div>
   <div class='ocr_carea' id='block_1_14' title="bbox 217 1344 1804 1421">
    <p class='ocr_par' dir='ltr' id='par_1_14' title="bbox 217 1344 1804 1421">
     <span class='ocr_line' id='line_1_14' title="bbox 217 1344 1804 1421; baseline 0.002 -21"><span class='ocrx_word' id='word_1_59' title='bbox 217 1345 407 1401; x_wconf 87' lang='lat' dir='ltr'><strong>dentes</strong></span> <span class='ocrx_word' id='word_1_60' title='bbox 429 1344 704 1401; x_wconf 88' lang='lat' dir='ltr'><strong>Saturnini</strong></span> <span class='ocrx_word' id='word_1_61' title='bbox 734 1356 794 1404; x_wconf 82' lang='lat' dir='ltr'><strong>et</strong></span> <span class='ocrx_word' id='word_1_62' title='bbox 817 1347 1041 1404; x_wconf 90' lang='lat' dir='ltr'><strong>Sisinnii</strong></span> <span class='ocrx_word' id='word_1_63' title='bbox 1066 1360 1390 1421; x_wconf 87' lang='lat' dir='ltr'><strong>martyrum,</strong></span> <span class='ocrx_word' id='word_1_64' title='bbox 1407 1350 1655 1406; x_wconf 84' lang='lat' dir='ltr'><strong>conversi</strong></span> <span class='ocrx_word' id='word_1_65' title='bbox 1679 1357 1804 1405; x_wconf 89' lang='lat' dir='ltr'><strong>sunt</strong></span> 
     </span>
    </p>
   </div>
   <div class='ocr_carea' id='block_1_15' title="bbox 1909 612 2905 687">
    <p class='ocr_par' dir='ltr' id='par_1_15' title="bbox 1909 612 2905 687">
     <span class='ocr_line' id='line_1_15' title="bbox 1909 612 2905 687; baseline -0.006 -16"><span class='ocrx_word' id='word_1_66' title='bbox 1909 616 2050 673; x_wconf 90' lang='lat' dir='ltr'><strong>beati</strong></span> <span class='ocrx_word' id='word_1_67' title='bbox 2075 615 2253 687; x_wconf 74' lang='lat' dir='ltr'><strong>Vigilii</strong></span> <span class='ocrx_word' id='word_1_68' title='bbox 2284 614 2521 687; x_wconf 80' lang='lat' dir='ltr'><strong>episcopi</strong></span> <span class='ocrx_word' id='word_1_69' title='bbox 2544 622 2597 669; x_wconf 90' lang='lat' dir='ltr'><strong>ct</strong></span> <span class='ocrx_word' id='word_1_70' title='bbox 2627 612 2905 683; x_wconf 81' lang='lat' dir='ltr'><strong>martyris.</strong></span> 
     </span>
    </p>
   </div>
   <div class='ocr_carea' id='block_1_16' title="bbox 2453 747 2971 811">
    <p class='ocr_par' dir='ltr' id='par_1_16' title="bbox 2453 747 2971 811">
     <span class='ocr_line' id='line_1_16' title="bbox 2453 747 2971 811; baseline -0.004 -1"><span class='ocrx_word' id='word_1_71' title='bbox 2453 747 2971 811; x_wconf 75' lang='lat' dir='ltr'><strong>FEBRUARIUS.</strong></span> 
     </span>
    </p>
   </div>
   <div class='ocr_carea' id='block_1_17' title="bbox 1906 846 3493 938">
    <p class='ocr_par' dir='ltr' id='par_1_17' title="bbox 1906 846 3493 938">
     <span class='ocr_line' id='line_1_17' title="bbox 1906 846 3493 938; baseline -0.005 -5"><span class='ocrx_word' id='word_1_72' title='bbox 1906 869 2139 933; x_wconf 77' lang='lat' dir='ltr'><strong>Mensis</strong></span> <span class='ocrx_word' id='word_1_73' title='bbox 2162 846 2541 931; x_wconf 71' lang='lat' dir='ltr'><strong>Februarius</strong></span> <span class='ocrx_word' id='word_1_74' title='bbox 2559 867 2736 930; x_wconf 78' lang='lat' dir='ltr'><strong>habet</strong></span> <span class='ocrx_word' id='word_1_75' title='bbox 2750 867 2879 929; x_wconf 83' lang='lat' dir='ltr'><strong>dies</strong></span> <span class='ocrx_word' id='word_1_76' title='bbox 2892 870 3149 938; x_wconf 58' lang='lat' dir='ltr'><strong>suum,</strong></span> <span class='ocrx_word' id='word_1_77' title='bbox 3165 864 3297 926; x_wconf 68' lang='lat' dir='ltr'><strong>luit.</strong></span> <span class='ocrx_word' id='word_1_78' title='bbox 3317 872 3493 935; x_wconf 61' lang='lat' dir='ltr'><strong>xxtx‘,</strong></span> 
     </span>
    </p>
   </div>
   <div class='ocr_carea' id='block_1_18' title="bbox 2210 944 3451 1010">
    <p class='ocr_par' dir='ltr' id='par_1_18' title="bbox 2210 944 3451 1010">
     <span class='ocr_line' id='line_1_18' title="bbox 2210 944 3451 1010; baseline -0.004 0"><span class='ocrx_word' id='word_1_79' title='bbox 2210 949 2278 1010; x_wconf 80' lang='lat' dir='ltr'><strong>in</strong></span> <span class='ocrx_word' id='word_1_80' title='bbox 2308 966 2469 1009; x_wconf 85' lang='lat' dir='ltr'><strong>anno</strong></span> <span class='ocrx_word' id='word_1_81' title='bbox 2505 966 2649 1009; x_wconf 82' lang='lat' dir='ltr'><strong>vero</strong></span> <span class='ocrx_word' id='word_1_82' title='bbox 2688 944 3000 1008; x_wconf 72' lang='lat' dir='ltr'><strong>bissextili</strong></span> <span class='ocrx_word' id='word_1_83' title='bbox 3038 962 3189 1007; x_wconf 84' lang='lat' dir='ltr'><strong>xxx.</strong></span> <span class='ocrx_word' id='word_1_84' title='bbox 3450 980 3451 983; x_wconf 59' lang='grc' dir='ltr'><strong>η</strong></span> 
     </span>
    </p>
   </div>
   <div class='ocr_carea' id='block_1_19' title="bbox 1976 1070 3498 1148">
    <p class='ocr_par' dir='ltr' id='par_1_19' title="bbox 1976 1070 3498 1148">
     <span class='ocr_line' id='line_1_19' title="bbox 1976 1070 3498 1148; baseline -0.006 -15"><span class='ocrx_word' id='word_1_85' title='bbox 1976 1077 2109 1133; x_wconf 69' lang='grc' dir='ltr'><strong>ΚΜ..</strong></span> <span class='ocrx_word' id='word_1_86' title='bbox 2140 1076 2304 1133; x_wconf 76' lang='lat' dir='ltr'><strong>Fenn.</strong></span> <span class='ocrx_word' id='word_1_87' title='bbox 2341 1108 2408 1118; x_wconf 90' lang='lat'><strong>—</strong></span> <span class='ocrx_word' id='word_1_88' title='bbox 2438 1077 2588 1148; x_wconf 87' lang='lat' dir='ltr'><strong>Apud</strong></span> <span class='ocrx_word' id='word_1_89' title='bbox 2619 1074 2940 1131; x_wconf 83' lang='lat' dir='ltr'><strong>Antiocham</strong></span> <span class='ocrx_word' id='word_1_90' title='bbox 2970 1073 3030 1129; x_wconf 89' lang='lat' dir='ltr'><strong>S.</strong></span> <span class='ocrx_word' id='word_1_91' title='bbox 3061 1071 3252 1143; x_wconf 80' lang='lat' dir='ltr'><strong>ignalii</strong></span> <span class='ocrx_word' id='word_1_92' title='bbox 3290 1070 3498 1141; x_wconf 70' lang='lat' dir='ltr'><strong>episco-</strong></span> 
     </span>
    </p>
   </div>
   <div class='ocr_carea' id='block_1_20' title="bbox 1906 1169 2358 1241">
    <p class='ocr_par' dir='ltr' id='par_1_20' title="bbox 1906 1169 2358 1241">
     <span class='ocr_line' id='line_1_20' title="bbox 1906 1169 2358 1241; baseline -0.007 -16"><span class='ocrx_word' id='word_1_93' title='bbox 1906 1170 1965 1241; x_wconf 87' lang='lat' dir='ltr'><strong>pi</strong></span> <span class='ocrx_word' id='word_1_94' title='bbox 1995 1178 2050 1224; x_wconf 90' lang='lat' dir='ltr'><strong>et</strong></span> <span class='ocrx_word' id='word_1_95' title='bbox 2082 1169 2358 1241; x_wconf 73' lang='lat' dir='ltr'><strong>martyris.</strong></span> 
     </span>
    </p>
   </div>
   <div class='ocr_carea' id='block_1_21' title="bbox 1976 1259 2889 1333">
    <p class='ocr_par' dir='ltr' id='par_1_21' title="bbox 1976 1259 2889 1333">
     <span class='ocr_line' id='line_1_21' title="bbox 1976 1259 2889 1333; baseline -0.002 -18"><span class='ocrx_word' id='word_1_96' title='bbox 1976 1262 2031 1315; x_wconf 90' lang='lat' dir='ltr'><strong>lu</strong></span> <span class='ocrx_word' id='word_1_97' title='bbox 2058 1260 2291 1326; x_wconf 59' lang='lat' dir='ltr'><strong>Gracia,</strong></span> <span class='ocrx_word' id='word_1_98' title='bbox 2320 1259 2601 1333; x_wconf 79' lang='lat' dir='ltr'><strong>Polycarpi</strong></span> <span class='ocrx_word' id='word_1_99' title='bbox 2629 1260 2889 1331; x_wconf 81' lang='lat' dir='ltr'><strong>episcopi.</strong></span> 
     </span>
    </p>
   </div>
   <div class='ocr_carea' id='block_1_22' title="bbox 1978 1352 2853 1423">
    <p class='ocr_par' dir='ltr' id='par_1_22' title="bbox 1978 1352 2853 1423">
     <span class='ocr_line' id='line_1_22' title="bbox 1978 1352 2853 1423; baseline 0 -16"><span class='ocrx_word' id='word_1_100' title='bbox 1978 1352 2271 1421; x_wconf 68' lang='lat' dir='ltr'><strong>Ravennm,</strong></span> <span class='ocrx_word' id='word_1_101' title='bbox 2297 1352 2354 1408; x_wconf 88' lang='lat' dir='ltr'><strong>S.</strong></span> <span class='ocrx_word' id='word_1_102' title='bbox 2381 1352 2564 1408; x_wconf 86' lang='lat' dir='ltr'><strong>Severi</strong></span> <span class='ocrx_word' id='word_1_103' title='bbox 2593 1354 2853 1423; x_wconf 88' lang='lat' dir='ltr'><strong>episcopi.</strong></span> 
     </span>
    </p>
   </div>
   <div class='ocr_carea' id='block_1_23' title="bbox 215 1436 1807 1513">
    <p class='ocr_par' dir='ltr' id='par_1_23' title="bbox 215 1436 1807 1513">
     <span class='ocr_line' id='line_1_23' title="bbox 215 1436 1807 1513; baseline 0.005 -23"><span class='ocrx_word' id='word_1_104' title='bbox 215 1437 285 1491; x_wconf 90' lang='lat' dir='ltr'><strong>ad</strong></span> <span class='ocrx_word' id='word_1_105' title='bbox 317 1436 497 1493; x_wconf 91' lang='lat' dir='ltr'><strong>ﬁdem.</strong></span> <span class='ocrx_word' id='word_1_106' title='bbox 526 1436 831 1510; x_wconf 84' lang='lat' dir='ltr'><strong>Statimque</strong></span> <span class='ocrx_word' id='word_1_107' title='bbox 865 1441 1075 1510; x_wconf 88' lang='lat' dir='ltr'><strong>jussum</strong></span> <span class='ocrx_word' id='word_1_108' title='bbox 1103 1453 1186 1498; x_wconf 87' lang='lat' dir='ltr'><strong>est</strong></span> <span class='ocrx_word' id='word_1_109' title='bbox 1210 1459 1240 1497; x_wconf 91' lang='lat' dir='ltr'><strong>a</strong></span> <span class='ocrx_word' id='word_1_110' title='bbox 1266 1443 1522 1501; x_wconf 79' lang='lat' dir='ltr'><strong>Laodicia</strong></span> <span class='ocrx_word' id='word_1_111' title='bbox 1550 1442 1807 1513; x_wconf 74' lang='lat' dir='ltr'><strong>prtel&#39;ecto</strong></span> 
     </span>
    </p>
   </div>
   <div class='ocr_carea' id='block_1_24' title="bbox 217 1527 1801 1606">
    <p class='ocr_par' dir='ltr' id='par_1_24' title="bbox 217 1527 1801 1606">
     <span class='ocr_line' id='line_1_24' title="bbox 217 1527 1801 1606; baseline 0.002 -20"><span class='ocrx_word' id='word_1_112' title='bbox 217 1527 401 1595; x_wconf 82' lang='lat' dir='ltr'><strong>Urbis,</strong></span> <span class='ocrx_word' id='word_1_113' title='bbox 438 1538 499 1584; x_wconf 91' lang='lat' dir='ltr'><strong>ut</strong></span> <span class='ocrx_word' id='word_1_114' title='bbox 537 1546 601 1587; x_wconf 92' lang='lat' dir='ltr'><strong>os</strong></span> <span class='ocrx_word' id='word_1_115' title='bbox 643 1546 856 1599; x_wconf 90' lang='lat' dir='ltr'><strong>eorum,</strong></span> <span class='ocrx_word' id='word_1_116' title='bbox 906 1550 1015 1606; x_wconf 91' lang='lat' dir='ltr'><strong>quo</strong></span> <span class='ocrx_word' id='word_1_117' title='bbox 1064 1536 1337 1591; x_wconf 88' lang='lat' dir='ltr'><strong>Christum</strong></span> <span class='ocrx_word' id='word_1_118' title='bbox 1386 1536 1801 1602; x_wconf 84' lang='lat' dir='ltr'><strong>conﬁtebantur,</strong></span> 
     </span>
    </p>
   </div>
   <div class='ocr_carea' id='block_1_25' title="bbox 1977 1438 3495 1516">
    <p class='ocr_par' dir='ltr' id='par_1_25' title="bbox 1977 1438 3495 1516">
     <span class='ocr_line' id='line_1_25' title="bbox 1977 1438 3495 1516; baseline -0.005 -17"><span class='ocrx_word' id='word_1_119' title='bbox 1977 1444 2132 1515; x_wconf 80' lang='lat' dir='ltr'><strong>Apud</strong></span> <span class='ocrx_word' id='word_1_120' title='bbox 2168 1442 2458 1516; x_wconf 79' lang='lat' dir='ltr'><strong>Smyrnam</strong></span> <span class='ocrx_word' id='word_1_121' title='bbox 2495 1444 2750 1499; x_wconf 83' lang='lat' dir='ltr'><strong>nativitas</strong></span> <span class='ocrx_word' id='word_1_122' title='bbox 2781 1443 2838 1498; x_wconf 86' lang='lat' dir='ltr'><strong>S.</strong></span> <span class='ocrx_word' id='word_1_123' title='bbox 2870 1442 3045 1499; x_wconf 72' lang='lat' dir='ltr'><strong>Nonii</strong></span> <span class='ocrx_word' id='word_1_124' title='bbox 3097 1440 3373 1512; x_wconf 82' lang='lat' dir='ltr'><strong>martyris,</strong></span> <span class='ocrx_word' id='word_1_125' title='bbox 3404 1438 3495 1509; x_wconf 87' lang='lat' dir='ltr'><strong>qui</strong></span> 
     </span>
    </p>
   </div>
   <div class='ocr_carea' id='block_1_26' title="bbox 1906 1529 3498 1606">
    <p class='ocr_par' dir='ltr' id='par_1_26' title="bbox 1906 1529 3498 1606">
     <span class='ocr_line' id='line_1_26' title="bbox 1906 1529 3498 1606; baseline -0.003 -17"><span class='ocrx_word' id='word_1_126' title='bbox 1906 1533 2282 1605; x_wconf 89' lang='lat' dir='ltr'><strong>persecutione</strong></span> <span class='ocrx_word' id='word_1_127' title='bbox 2309 1532 2527 1596; x_wconf 84' lang='lat' dir='ltr'><strong>Antonii</strong></span> <span class='ocrx_word' id='word_1_128' title='bbox 2561 1532 2869 1606; x_wconf 75' lang='lat' dir='ltr'><strong>[Antonini]</strong></span> <span class='ocrx_word' id='word_1_129' title='bbox 2902 1532 3050 1597; x_wconf 82' lang='lat' dir='ltr'><strong>Veri,</strong></span> <span class='ocrx_word' id='word_1_130' title='bbox 3073 1540 3194 1601; x_wconf 89' lang='lat' dir='ltr'><strong>post</strong></span> <span class='ocrx_word' id='word_1_131' title='bbox 3215 1529 3498 1599; x_wconf 78' lang='lat' dir='ltr'><strong>insupera-</strong></span> 
     </span>
    </p>
   </div>
   <div class='ocr_carea' id='block_1_27' title="bbox 217 1618 3493 1699">
    <p class='ocr_par' dir='ltr' id='par_1_27' title="bbox 217 1618 3493 1699">
     <span class='ocr_line' id='line_1_27' title="bbox 217 1618 3493 1699; baseline 0.001 -28"><span class='ocrx_word' id='word_1_132' title='bbox 217 1618 486 1688; x_wconf 87' lang='lat' dir='ltr'><strong>lapidibus</strong></span> <span class='ocrx_word' id='word_1_133' title='bbox 512 1622 961 1691; x_wconf 87' lang='lat' dir='ltr'><strong>contunderetur,</strong></span> <span class='ocrx_word' id='word_1_134' title='bbox 1005 1634 1060 1681; x_wconf 90' lang='lat' dir='ltr'><strong>et</strong></span> <span class='ocrx_word' id='word_1_135' title='bbox 1092 1627 1515 1682; x_wconf 84' lang='lat' dir='ltr'><strong>retunderentur</strong></span> <span class='ocrx_word' id='word_1_136' title='bbox 1539 1625 1797 1699; x_wconf 82' lang='lat' dir='ltr'><strong>[retrudc-</strong></span> <span class='ocrx_word' id='word_1_137' title='bbox 1904 1625 2069 1681; x_wconf 82' lang='lat' dir='ltr'><strong>bilem</strong></span> <span class='ocrx_word' id='word_1_138' title='bbox 2114 1624 2528 1694; x_wconf 85' lang='lat' dir='ltr'><strong>responsionum</strong></span> <span class='ocrx_word' id='word_1_139' title='bbox 2555 1625 2942 1689; x_wconf 85' lang='lat' dir='ltr'><strong>constantiam,</strong></span> <span class='ocrx_word' id='word_1_140' title='bbox 2971 1634 3025 1679; x_wconf 80' lang='lat' dir='ltr'><strong>et</strong></span> <span class='ocrx_word' id='word_1_141' title='bbox 3048 1622 3353 1693; x_wconf 82' lang='lat' dir='ltr'><strong>squalorem</strong></span> <span class='ocrx_word' id='word_1_142' title='bbox 3384 1635 3493 1676; x_wconf 85' lang='lat' dir='ltr'><strong>car-</strong></span> 
     </span>
    </p>
   </div>
   <div class='ocr_carea' id='block_1_28' title="bbox 216 1709 3501 1789">
    <p class='ocr_par' dir='ltr' id='par_1_28' title="bbox 216 1709 3501 1789">
     <span class='ocr_line' id='line_1_28' title="bbox 216 1709 3501 1789; baseline 0.002 -28"><span class='ocrx_word' id='word_1_143' title='bbox 216 1709 437 1781; x_wconf 87' lang='lat' dir='ltr'><strong>rentur]</strong></span> <span class='ocrx_word' id='word_1_144' title='bbox 479 1711 863 1779; x_wconf 89' lang='lat' dir='ltr'><strong>incarcerem,</strong></span> <span class='ocrx_word' id='word_1_145' title='bbox 896 1716 986 1771; x_wconf 89' lang='lat' dir='ltr'><strong>ubi</strong></span> <span class='ocrx_word' id='word_1_146' title='bbox 1025 1725 1184 1771; x_wconf 85' lang='lat' dir='ltr'><strong>erant</strong></span> <span class='ocrx_word' id='word_1_147' title='bbox 1236 1718 1496 1788; x_wconf 86' lang='lat' dir='ltr'><strong>baptizati</strong></span> <span class='ocrx_word' id='word_1_148' title='bbox 1546 1717 1615 1771; x_wconf 85' lang='lat' dir='ltr'><strong>ab</strong></span> <span class='ocrx_word' id='word_1_149' title='bbox 1665 1716 1805 1770; x_wconf 83' lang='lat' dir='ltr'><strong>Mar—</strong></span> <span class='ocrx_word' id='word_1_150' title='bbox 1903 1718 2067 1782; x_wconf 85' lang='lat' dir='ltr'><strong>ceris,</strong></span> <span class='ocrx_word' id='word_1_151' title='bbox 2092 1718 2183 1773; x_wconf 87' lang='lat' dir='ltr'><strong>ubi</strong></span> <span class='ocrx_word' id='word_1_152' title='bbox 2207 1717 2655 1773; x_wconf 82' lang='lat' dir='ltr'><strong>multosfratrum</strong></span> <span class='ocrx_word' id='word_1_153' title='bbox 2679 1718 2746 1773; x_wconf 90' lang='lat' dir='ltr'><strong>ad</strong></span> <span class='ocrx_word' id='word_1_154' title='bbox 2770 1718 3090 1789; x_wconf 84' lang='lat' dir='ltr'><strong>martyrium</strong></span> <span class='ocrx_word' id='word_1_155' title='bbox 3109 1716 3222 1770; x_wconf 88' lang='lat' dir='ltr'><strong>suis</strong></span> <span class='ocrx_word' id='word_1_156' title='bbox 3248 1715 3501 1769; x_wconf 69' lang='lat' dir='ltr'><strong>exhorta-</strong></span> 
     </span>
    </p>
   </div>
   <div class='ocr_carea' id='block_1_29' title="bbox 215 1797 3500 1877">
    <p class='ocr_par' dir='ltr' id='par_1_29' title="bbox 215 1797 3500 1877">
     <span class='ocr_line' id='line_1_29' title="bbox 215 1797 3500 1877; baseline 0.002 -24"><span class='ocrx_word' id='word_1_157' title='bbox 215 1797 353 1853; x_wconf 89' lang='lat' dir='ltr'><strong>cello</strong></span> <span class='ocrx_word' id='word_1_158' title='bbox 382 1814 541 1869; x_wconf 84' lang='lat' dir='ltr'><strong>papa.</strong></span> <span class='ocrx_word' id='word_1_159' title='bbox 566 1799 719 1868; x_wconf 88' lang='lat' dir='ltr'><strong>Quos</strong></span> <span class='ocrx_word' id='word_1_160' title='bbox 737 1812 855 1871; x_wconf 90' lang='lat' dir='ltr'><strong>post</strong></span> <span class='ocrx_word' id='word_1_161' title='bbox 887 1804 1004 1859; x_wconf 89' lang='lat' dir='ltr'><strong>dies</strong></span> <span class='ocrx_word' id='word_1_162' title='bbox 1050 1806 1332 1862; x_wconf 83' lang='lat' dir='ltr'><strong>duodecim</strong></span> <span class='ocrx_word' id='word_1_163' title='bbox 1371 1808 1615 1874; x_wconf 86' lang='lat' dir='ltr'><strong>eductos,</strong></span> <span class='ocrx_word' id='word_1_164' title='bbox 1643 1806 1807 1877; x_wconf 86' lang='lat' dir='ltr'><strong>jussit</strong></span> <span class='ocrx_word' id='word_1_165' title='bbox 1908 1809 2145 1865; x_wconf 89' lang='lat' dir='ltr'><strong>tionibus</strong></span> <span class='ocrx_word' id='word_1_166' title='bbox 2195 1809 2507 1876; x_wconf 84' lang='lat' dir='ltr'><strong>roboravit;</strong></span> <span class='ocrx_word' id='word_1_167' title='bbox 2555 1811 2620 1863; x_wconf 86' lang='lat' dir='ltr'><strong>ad</strong></span> <span class='ocrx_word' id='word_1_168' title='bbox 2668 1800 2917 1864; x_wconf 82' lang='lat' dir='ltr'><strong>ultimum</strong></span> <span class='ocrx_word' id='word_1_169' title='bbox 2953 1808 3284 1864; x_wconf 87' lang='lat' dir='ltr'><strong>cruciatibus</strong></span> <span class='ocrx_word' id='word_1_170' title='bbox 3316 1801 3500 1860; x_wconf 81' lang='lat' dir='ltr'><strong>multis</strong></span> 
     </span>
    </p>
   </div>
   <div class='ocr_carea' id='block_1_30' title="bbox 214 1886 3499 1970">
    <p class='ocr_par' dir='ltr' id='par_1_30' title="bbox 214 1886 3499 1970">
     <span class='ocr_line' id='line_1_30' title="bbox 214 1886 3499 1970; baseline 0.002 -28"><span class='ocrx_word' id='word_1_171' title='bbox 214 1890 385 1943; x_wconf 78' lang='lat' dir='ltr'><strong>sterni</strong></span> <span class='ocrx_word' id='word_1_172' title='bbox 432 1891 484 1944; x_wconf 91' lang='lat' dir='ltr'><strong>in</strong></span> <span class='ocrx_word' id='word_1_173' title='bbox 529 1892 671 1968; x_wconf 87' lang='lat' dir='ltr'><strong>viam</strong></span> <span class='ocrx_word' id='word_1_174' title='bbox 701 1902 756 1948; x_wconf 90' lang='lat' dir='ltr'><strong>et</strong></span> <span class='ocrx_word' id='word_1_175' title='bbox 790 1893 1021 1951; x_wconf 85' lang='lat' dir='ltr'><strong>fustibus</strong></span> <span class='ocrx_word' id='word_1_176' title='bbox 1070 1897 1234 1963; x_wconf 71' lang='lat' dir='ltr'><strong>caedi;</strong></span> <span class='ocrx_word' id='word_1_177' title='bbox 1284 1897 1479 1954; x_wconf 90' lang='lat' dir='ltr'><strong>deinde</strong></span> <span class='ocrx_word' id='word_1_178' title='bbox 1504 1898 1712 1954; x_wconf 86' lang='lat' dir='ltr'><strong>levatos</strong></span> <span class='ocrx_word' id='word_1_179' title='bbox 1740 1898 1808 1952; x_wconf 88' lang='lat' dir='ltr'><strong>de</strong></span> <span class='ocrx_word' id='word_1_180' title='bbox 1836 1886 1881 1946; x_wconf 83' lang='grc' dir='ltr'><strong>Β</strong></span> <span class='ocrx_word' id='word_1_181' title='bbox 1909 1907 2156 1965; x_wconf 76' lang='lat' dir='ltr'><strong>vexatus,</strong></span> <span class='ocrx_word' id='word_1_182' title='bbox 2189 1897 2358 1955; x_wconf 82' lang='lat' dir='ltr'><strong>clavis</strong></span> <span class='ocrx_word' id='word_1_183' title='bbox 2385 1899 2653 1965; x_wconf 71' lang='lat' dir='ltr'><strong>conﬁxus,</strong></span> <span class='ocrx_word' id='word_1_184' title='bbox 2686 1909 2741 1954; x_wconf 90' lang='lat' dir='ltr'><strong>ct</strong></span> <span class='ocrx_word' id='word_1_185' title='bbox 2769 1899 2980 1955; x_wconf 85' lang='lat' dir='ltr'><strong>ardenti</strong></span> <span class='ocrx_word' id='word_1_186' title='bbox 3026 1913 3160 1970; x_wconf 86' lang='lat' dir='ltr'><strong>rogo</strong></span> <span class='ocrx_word' id='word_1_187' title='bbox 3190 1890 3499 1966; x_wconf 89' lang='lat' dir='ltr'><strong>supcrposi-</strong></span> 
     </span>
    </p>
   </div>
   <div class='ocr_carea' id='block_1_31' title="bbox 217 1985 1805 2060">
    <p class='ocr_par' dir='ltr' id='par_1_31' title="bbox 217 1985 1805 2060">
     <span class='ocr_line' id='line_1_31' title="bbox 217 1985 1805 2060; baseline 0.003 -22"><span class='ocrx_word' id='word_1_188' title='bbox 217 1992 361 2038; x_wconf 82' lang='lat' dir='ltr'><strong>terra</strong></span> <span class='ocrx_word' id='word_1_189' title='bbox 404 1985 697 2053; x_wconf 86' lang='lat' dir='ltr'><strong>plumbatis</strong></span> <span class='ocrx_word' id='word_1_190' title='bbox 751 1986 884 2041; x_wconf 78' lang='lat' dir='ltr'><strong>caedi</strong></span> <span class='ocrx_word' id='word_1_191' title='bbox 928 1989 1103 2045; x_wconf 88' lang='lat' dir='ltr'><strong>donec</strong></span> <span class='ocrx_word' id='word_1_192' title='bbox 1158 1990 1515 2060; x_wconf 81' lang='lat' dir='ltr'><strong>exspirarent.</strong></span> <span class='ocrx_word' id='word_1_193' title='bbox 1566 1990 1805 2058; x_wconf 87' lang='lat' dir='ltr'><strong>Quorum</strong></span> 
     </span>
    </p>
   </div>
   <div class='ocr_carea' id='block_1_32' title="bbox 217 2080 1808 2154">
    <p class='ocr_par' dir='ltr' id='par_1_32' title="bbox 217 2080 1808 2154">
     <span class='ocr_line' id='line_1_32' title="bbox 217 2080 1808 2154; baseline 0.003 -24"><span class='ocrx_word' id='word_1_194' title='bbox 217 2092 450 2148; x_wconf 87' lang='lat' dir='ltr'><strong>corpora</strong></span> <span class='ocrx_word' id='word_1_195' title='bbox 483 2080 743 2149; x_wconf 81' lang='lat' dir='ltr'><strong>colligens</strong></span> <span class='ocrx_word' id='word_1_196' title='bbox 775 2092 935 2137; x_wconf 88' lang='lat' dir='ltr'><strong>noctu</strong></span> <span class='ocrx_word' id='word_1_197' title='bbox 963 2082 1201 2140; x_wconf 78' lang='lat' dir='ltr'><strong>Joannes</strong></span> <span class='ocrx_word' id='word_1_198' title='bbox 1230 2084 1530 2154; x_wconf 89' lang='lat' dir='ltr'><strong>presbyter,</strong></span> <span class='ocrx_word' id='word_1_199' title='bbox 1563 2081 1808 2153; x_wconf 88' lang='lat' dir='ltr'><strong>sepelivit</strong></span> 
     </span>
    </p>
   </div>
   <div class='ocr_carea' id='block_1_33' title="bbox 215 2166 1807 2244">
    <p class='ocr_par' dir='ltr' id='par_1_33' title="bbox 215 2166 1807 2244">
     <span class='ocr_line' id='line_1_33' title="bbox 215 2166 1807 2244; baseline 0.006 -26"><span class='ocrx_word' id='word_1_200' title='bbox 215 2166 305 2220; x_wconf 90' lang='lat' dir='ltr'><strong>via</strong></span> <span class='ocrx_word' id='word_1_201' title='bbox 359 2167 720 2238; x_wconf 87' lang='lat' dir='ltr'><strong>Nomentana,</strong></span> <span class='ocrx_word' id='word_1_202' title='bbox 751 2174 817 2227; x_wconf 91' lang='lat' dir='ltr'><strong>ad</strong></span> <span class='ocrx_word' id='word_1_203' title='bbox 868 2175 1137 2244; x_wconf 83' lang='lat' dir='ltr'><strong>nymphas</strong></span> <span class='ocrx_word' id='word_1_204' title='bbox 1174 2175 1319 2229; x_wconf 85' lang='lat' dir='ltr'><strong>beati</strong></span> <span class='ocrx_word' id='word_1_205' title='bbox 1367 2173 1534 2239; x_wconf 87' lang='lat' dir='ltr'><strong>Petri,</strong></span> <span class='ocrx_word' id='word_1_206' title='bbox 1575 2173 1665 2227; x_wconf 83' lang='lat' dir='ltr'><strong>tibi</strong></span> <span class='ocrx_word' id='word_1_207' title='bbox 1714 2174 1807 2227; x_wconf 89' lang='lat' dir='ltr'><strong>ba-</strong></span> 
     </span>
    </p>
   </div>
   <div class='ocr_carea' id='block_1_34' title="bbox 216 2259 1803 2338">
    <p class='ocr_par' dir='ltr' id='par_1_34' title="bbox 216 2259 1803 2338">
     <span class='ocr_line' id='line_1_34' title="bbox 216 2259 1803 2338; baseline 0.003 -25"><span class='ocrx_word' id='word_1_208' title='bbox 216 2259 477 2329; x_wconf 86' lang='lat' dir='ltr'><strong>ptizabat.</strong></span> <span class='ocrx_word' id='word_1_209' title='bbox 551 2263 825 2333; x_wconf 84' lang='lat' dir='ltr'><strong>Scriptum</strong></span> <span class='ocrx_word' id='word_1_210' title='bbox 898 2267 951 2320; x_wconf 91' lang='lat' dir='ltr'><strong>in</strong></span> <span class='ocrx_word' id='word_1_211' title='bbox 1013 2267 1179 2337; x_wconf 81' lang='lat' dir='ltr'><strong>gestis</strong></span> <span class='ocrx_word' id='word_1_212' title='bbox 1236 2266 1380 2321; x_wconf 88' lang='lat' dir='ltr'><strong>beati</strong></span> <span class='ocrx_word' id='word_1_213' title='bbox 1452 2281 1603 2338; x_wconf 73' lang='lat' dir='ltr'><strong>papa:</strong></span> <span class='ocrx_word' id='word_1_214' title='bbox 1661 2264 1803 2318; x_wconf 82' lang='lat' dir='ltr'><strong>Mar-</strong></span> 
     </span>
    </p>
   </div>
   <div class='ocr_carea' id='block_1_35' title="bbox 217 2350 362 2406">
    <p class='ocr_par' dir='ltr' id='par_1_35' title="bbox 217 2350 362 2406">
     <span class='ocr_line' id='line_1_35' title="bbox 217 2350 362 2406; baseline 0 0"><span class='ocrx_word' id='word_1_215' title='bbox 217 2350 362 2406; x_wconf 84' lang='lat' dir='ltr'><strong>celli.</strong></span> 
     </span>
    </p>
   </div>
   <div class='ocr_carea' id='block_1_36' title="bbox 286 2442 1804 2518">
    <p class='ocr_par' dir='ltr' id='par_1_36' title="bbox 286 2442 1804 2518">
     <span class='ocr_line' id='line_1_36' title="bbox 286 2442 1804 2518; baseline 0.005 -23"><span class='ocrx_word' id='word_1_216' title='bbox 286 2442 489 2496; x_wconf 86' lang='lat' dir='ltr'><strong>Eodem</strong></span> <span class='ocrx_word' id='word_1_217' title='bbox 523 2443 611 2498; x_wconf 89' lang='lat' dir='ltr'><strong>die</strong></span> <span class='ocrx_word' id='word_1_218' title='bbox 642 2444 887 2501; x_wconf 83' lang='lat' dir='ltr'><strong>Triveris</strong></span> <span class='ocrx_word' id='word_1_219' title='bbox 906 2446 1172 2515; x_wconf 84' lang='lat' dir='ltr'><strong>depositio</strong></span> <span class='ocrx_word' id='word_1_220' title='bbox 1196 2446 1338 2503; x_wconf 89' lang='lat' dir='ltr'><strong>beati</strong></span> <span class='ocrx_word' id='word_1_221' title='bbox 1365 2447 1565 2504; x_wconf 75' lang='lat' dir='ltr'><strong>Valerii</strong></span> <span class='ocrx_word' id='word_1_222' title='bbox 1591 2447 1804 2518; x_wconf 87' lang='lat' dir='ltr'><strong>episeo-</strong></span> 
     </span>
    </p>
   </div>
   <div class='ocr_carea' id='block_1_37' title="bbox 216 2531 1125 2606">
    <p class='ocr_par' dir='ltr' id='par_1_37' title="bbox 216 2531 1125 2606">
     <span class='ocr_line' id='line_1_37' title="bbox 216 2531 1125 2606; baseline 0.003 -20"><span class='ocrx_word' id='word_1_223' title='bbox 216 2531 293 2601; x_wconf 81' lang='lat' dir='ltr'><strong>pi,</strong></span> <span class='ocrx_word' id='word_1_224' title='bbox 322 2532 572 2602; x_wconf 87' lang='lat' dir='ltr'><strong>discipuli</strong></span> <span class='ocrx_word' id='word_1_225' title='bbox 605 2534 662 2589; x_wconf 88' lang='lat' dir='ltr'><strong>S.</strong></span> <span class='ocrx_word' id='word_1_226' title='bbox 701 2535 847 2590; x_wconf 85' lang='lat' dir='ltr'><strong>Petri</strong></span> <span class='ocrx_word' id='word_1_227' title='bbox 878 2536 1125 2606; x_wconf 82' lang='lat' dir='ltr'><strong>apostoli.</strong></span> 
     </span>
    </p>
   </div>
   <div class='ocr_carea' id='block_1_38' title="bbox 285 2622 1804 2698">
    <p class='ocr_par' dir='ltr' id='par_1_38' title="bbox 285 2622 1804 2698">
     <span class='ocr_line' id='line_1_38' title="bbox 285 2622 1804 2698; baseline 0.003 -21"><span class='ocrx_word' id='word_1_228' title='bbox 285 2622 353 2677; x_wconf 90' lang='lat' dir='ltr'><strong>lll</strong></span> <span class='ocrx_word' id='word_1_229' title='bbox 396 2622 532 2678; x_wconf 67' lang='grc' dir='ltr'><strong>ΚΜ..</strong></span> <span class='ocrx_word' id='word_1_230' title='bbox 584 2624 860 2680; x_wconf 76' lang='lat' dir='ltr'><strong>Fenn.—</strong></span> <span class='ocrx_word' id='word_1_231' title='bbox 904 2628 1057 2697; x_wconf 86' lang='lat' dir='ltr'><strong>Apud</strong></span> <span class='ocrx_word' id='word_1_232' title='bbox 1110 2628 1457 2683; x_wconf 71' lang='lat' dir='ltr'><strong>Antiochiam</strong></span> <span class='ocrx_word' id='word_1_233' title='bbox 1508 2629 1695 2698; x_wconf 83' lang='lat' dir='ltr'><strong>passio</strong></span> <span class='ocrx_word' id='word_1_234' title='bbox 1746 2626 1804 2683; x_wconf 92' lang='lat' dir='ltr'><strong>S.</strong></span> 
     </span>
    </p>
   </div>
   <div class='ocr_carea' id='block_1_39' title="bbox 218 2711 1812 2790">
    <p class='ocr_par' dir='ltr' id='par_1_39' title="bbox 218 2711 1812 2790">
     <span class='ocr_line' id='line_1_39' title="bbox 218 2711 1812 2790; baseline 0.003 -21"><span class='ocrx_word' id='word_1_235' title='bbox 218 2711 510 2786; x_wconf 77' lang='lat' dir='ltr'><strong>Hippolyti,</strong></span> <span class='ocrx_word' id='word_1_236' title='bbox 542 2716 634 2785; x_wconf 92' lang='lat' dir='ltr'><strong>qui</strong></span> <span class='ocrx_word' id='word_1_237' title='bbox 664 2726 859 2772; x_wconf 90' lang='lat' dir='ltr'><strong>novato</strong></span> <span class='ocrx_word' id='word_1_238' title='bbox 887 2716 908 2789; x_wconf 94' lang='lat'>[</span> <span class='ocrx_word' id='word_1_239' title='bbox 933 2716 1156 2790; x_wconf 82' lang='lat' dir='ltr'><strong>Novati]</strong></span> <span class='ocrx_word' id='word_1_240' title='bbox 1184 2718 1478 2773; x_wconf 87' lang='lat' dir='ltr'><strong>schismate</strong></span> <span class='ocrx_word' id='word_1_241' title='bbox 1505 2719 1812 2788; x_wconf 81' lang='lat' dir='ltr'><strong>aliquantu-</strong></span> 
     </span>
    </p>
   </div>
   <div class='ocr_carea' id='block_1_40' title="bbox 218 2802 1807 2879">
    <p class='ocr_par' dir='ltr' id='par_1_40' title="bbox 218 2802 1807 2879">
     <span class='ocr_line' id='line_1_40' title="bbox 218 2802 1807 2879; baseline 0.005 -24"><span class='ocrx_word' id='word_1_242' title='bbox 218 2802 328 2857; x_wconf 91' lang='lat' dir='ltr'><strong>lum</strong></span> <span class='ocrx_word' id='word_1_243' title='bbox 355 2804 631 2874; x_wconf 89' lang='lat' dir='ltr'><strong>deceptus,</strong></span> <span class='ocrx_word' id='word_1_244' title='bbox 679 2816 939 2877; x_wconf 87' lang='lat' dir='ltr'><strong>operante</strong></span> <span class='ocrx_word' id='word_1_245' title='bbox 965 2808 1140 2879; x_wconf 78' lang='lat' dir='ltr'><strong>gratia</strong></span> <span class='ocrx_word' id='word_1_246' title='bbox 1183 2808 1384 2863; x_wconf 86' lang='lat' dir='ltr'><strong>Christi</strong></span> <span class='ocrx_word' id='word_1_247' title='bbox 1413 2818 1711 2873; x_wconf 90' lang='lat' dir='ltr'><strong>correctus,</strong></span> <span class='ocrx_word' id='word_1_248' title='bbox 1741 2809 1807 2863; x_wconf 89' lang='lat' dir='ltr'><strong>ad</strong></span> 
     </span>
    </p>
   </div>
   <div class='ocr_carea' id='block_1_41' title="bbox 219 2892 1805 2968">
    <p class='ocr_par' dir='ltr' id='par_1_41' title="bbox 219 2892 1805 2968">
     <span class='ocr_line' id='line_1_41' title="bbox 219 2892 1805 2968; baseline 0.003 -22"><span class='ocrx_word' id='word_1_249' title='bbox 219 2892 543 2949; x_wconf 89' lang='lat' dir='ltr'><strong>charitatem</strong></span> <span class='ocrx_word' id='word_1_250' title='bbox 568 2896 823 2953; x_wconf 84' lang='lat' dir='ltr'><strong>Ecclesiae</strong></span> <span class='ocrx_word' id='word_1_251' title='bbox 850 2897 1028 2953; x_wconf 90' lang='lat' dir='ltr'><strong>rediit.</strong></span> <span class='ocrx_word' id='word_1_252' title='bbox 1054 2897 1161 2952; x_wconf 88' lang='lat' dir='ltr'><strong>Pro</strong></span> <span class='ocrx_word' id='word_1_253' title='bbox 1179 2912 1287 2966; x_wconf 88' lang='lat' dir='ltr'><strong>qua</strong></span> <span class='ocrx_word' id='word_1_254' title='bbox 1315 2907 1371 2953; x_wconf 93' lang='lat' dir='ltr'><strong>et</strong></span> <span class='ocrx_word' id='word_1_255' title='bbox 1393 2898 1446 2952; x_wconf 92' lang='lat' dir='ltr'><strong>in</strong></span> <span class='ocrx_word' id='word_1_256' title='bbox 1476 2906 1805 2968; x_wconf 88' lang='lat' dir='ltr'><strong>qua,postea</strong></span> 
     </span>
    </p>
   </div>
   <div class='ocr_carea' id='block_1_42' title="bbox 231 2984 1241 3059">
    <p class='ocr_par' dir='ltr' id='par_1_42' title="bbox 231 2984 1241 3059">
     <span class='ocr_line' id='line_1_42' title="bbox 231 2984 1241 3059; baseline 0.006 -21"><span class='ocrx_word' id='word_1_257' title='bbox 231 2984 439 3042; x_wconf 89' lang='lat' dir='ltr'><strong>illustre</strong></span> <span class='ocrx_word' id='word_1_258' title='bbox 465 2988 786 3059; x_wconf 90' lang='lat' dir='ltr'><strong>martyrium</strong></span> <span class='ocrx_word' id='word_1_259' title='bbox 818 2989 1241 3045; x_wconf 73' lang='lat' dir='ltr'><strong>consummavit.</strong></span> 
     </span>
    </p>
   </div>
   <div class='ocr_carea' id='block_1_43' title="bbox 294 3081 1809 3157">
    <p class='ocr_par' dir='ltr' id='par_1_43' title="bbox 294 3081 1809 3157">
     <span class='ocr_line' id='line_1_43' title="bbox 294 3081 1809 3157; baseline 0.003 -20"><span class='ocrx_word' id='word_1_260' title='bbox 294 3081 682 3157; x_wconf 76' lang='lat' dir='ltr'><strong>Hierosolymis</strong></span> <span class='ocrx_word' id='word_1_261' title='bbox 710 3085 983 3156; x_wconf 89' lang='lat' dir='ltr'><strong>depositio</strong></span> <span class='ocrx_word' id='word_1_262' title='bbox 1001 3086 1302 3145; x_wconf 84' lang='lat' dir='ltr'><strong>beatissimi</strong></span> <span class='ocrx_word' id='word_1_263' title='bbox 1330 3084 1572 3141; x_wconf 83' lang='lat' dir='ltr'><strong>Matthiae</strong></span> <span class='ocrx_word' id='word_1_264' title='bbox 1590 3086 1809 3156; x_wconf 82' lang='lat' dir='ltr'><strong>episco—</strong></span> 
     </span>
    </p>
   </div>
   <div class='ocr_carea' id='block_1_44' title="bbox 219 3173 1807 3247">
    <p class='ocr_par' dir='ltr' id='par_1_44' title="bbox 219 3173 1807 3247">
     <span class='ocr_line' id='line_1_44' title="bbox 219 3173 1807 3247; baseline 0.002 -19"><span class='ocrx_word' id='word_1_265' title='bbox 219 3173 298 3244; x_wconf 89' lang='lat' dir='ltr'><strong>pi,</strong></span> <span class='ocrx_word' id='word_1_266' title='bbox 336 3175 401 3229; x_wconf 85' lang='lat' dir='ltr'><strong>de</strong></span> <span class='ocrx_word' id='word_1_267' title='bbox 431 3190 539 3244; x_wconf 85' lang='lat' dir='ltr'><strong>quo</strong></span> <span class='ocrx_word' id='word_1_268' title='bbox 574 3176 712 3231; x_wconf 90' lang='lat' dir='ltr'><strong>mira</strong></span> <span class='ocrx_word' id='word_1_269' title='bbox 741 3186 797 3232; x_wconf 90' lang='lat' dir='ltr'><strong>et</strong></span> <span class='ocrx_word' id='word_1_270' title='bbox 832 3177 988 3246; x_wconf 91' lang='lat' dir='ltr'><strong>plena</strong></span> <span class='ocrx_word' id='word_1_271' title='bbox 1036 3176 1140 3231; x_wconf 88' lang='lat' dir='ltr'><strong>ﬁde</strong></span> <span class='ocrx_word' id='word_1_272' title='bbox 1178 3184 1328 3247; x_wconf 89' lang='lat' dir='ltr'><strong>gesta</strong></span> <span class='ocrx_word' id='word_1_273' title='bbox 1361 3185 1687 3231; x_wconf 87' lang='lat' dir='ltr'><strong>narrantur:</strong></span> <span class='ocrx_word' id='word_1_274' title='bbox 1717 3177 1807 3246; x_wconf 85' lang='lat' dir='ltr'><strong>qui</strong></span> 
     </span>
    </p>
   </div>
   <div class='ocr_carea' id='block_1_45' title="bbox 1913 1988 3498 2063">
    <p class='ocr_par' dir='ltr' id='par_1_45' title="bbox 1913 1988 3498 2063">
     <span class='ocr_line' id='line_1_45' title="bbox 1913 1988 3498 2063; baseline -0.003 -17"><span class='ocrx_word' id='word_1_275' title='bbox 1913 2000 2019 2055; x_wconf 87' lang='lat' dir='ltr'><strong>tus,</strong></span> <span class='ocrx_word' id='word_1_276' title='bbox 2053 1992 2271 2047; x_wconf 88' lang='lat' dir='ltr'><strong>beatum</strong></span> <span class='ocrx_word' id='word_1_277' title='bbox 2309 2008 2409 2063; x_wconf 88' lang='lat' dir='ltr'><strong>pro</strong></span> <span class='ocrx_word' id='word_1_278' title='bbox 2446 1992 2664 2048; x_wconf 89' lang='lat' dir='ltr'><strong>Christo</strong></span> <span class='ocrx_word' id='word_1_279' title='bbox 2706 1993 2930 2048; x_wconf 76' lang='lat' dir='ltr'><strong>sortitus</strong></span> <span class='ocrx_word' id='word_1_280' title='bbox 2984 1999 3070 2048; x_wconf 88' lang='lat' dir='ltr'><strong>est</strong></span> <span class='ocrx_word' id='word_1_281' title='bbox 3123 1990 3305 2045; x_wconf 79' lang='lat' dir='ltr'><strong>tinent.</strong></span> <span class='ocrx_word' id='word_1_282' title='bbox 3344 1988 3498 2045; x_wconf 82' lang='lat' dir='ltr'><strong>Passi</strong></span> 
     </span>
    </p>
   </div>
   <div class='ocr_carea' id='block_1_46' title="bbox 1910 2084 2744 2156">
    <p class='ocr_par' dir='ltr' id='par_1_46' title="bbox 1910 2084 2744 2156">
     <span class='ocr_line' id='line_1_46' title="bbox 1910 2084 2744 2156; baseline -0.001 -16"><span class='ocrx_word' id='word_1_283' title='bbox 1910 2092 2036 2140; x_wconf 90' lang='lat' dir='ltr'><strong>sunt</strong></span> <span class='ocrx_word' id='word_1_284' title='bbox 2056 2098 2177 2139; x_wconf 90' lang='lat' dir='ltr'><strong>cum</strong></span> <span class='ocrx_word' id='word_1_285' title='bbox 2207 2100 2275 2140; x_wconf 90' lang='lat' dir='ltr'><strong>eo</strong></span> <span class='ocrx_word' id='word_1_286' title='bbox 2296 2084 2385 2141; x_wconf 81' lang='lat' dir='ltr'><strong>alii</strong></span> <span class='ocrx_word' id='word_1_287' title='bbox 2418 2085 2744 2156; x_wconf 80' lang='lat' dir='ltr'><strong>quindecim.</strong></span> 
     </span>
    </p>
   </div>
   <div class='ocr_carea' id='block_1_47' title="bbox 1981 2170 3497 2242">
    <p class='ocr_par' dir='ltr' id='par_1_47' title="bbox 1981 2170 3497 2242">
     <span class='ocr_line' id='line_1_47' title="bbox 1981 2170 3497 2242; baseline -0.003 -12"><span class='ocrx_word' id='word_1_288' title='bbox 1981 2176 2181 2231; x_wconf 82' lang='lat' dir='ltr'><strong>Eodem</strong></span> <span class='ocrx_word' id='word_1_289' title='bbox 2205 2176 2309 2242; x_wconf 86' lang='lat' dir='ltr'><strong>dic,</strong></span> <span class='ocrx_word' id='word_1_290' title='bbox 2355 2176 2499 2231; x_wconf 82' lang='lat' dir='ltr'><strong>beati</strong></span> <span class='ocrx_word' id='word_1_291' title='bbox 2532 2170 2755 2242; x_wconf 81' lang='lat' dir='ltr'><strong>Eﬁ‘rcm,</strong></span> <span class='ocrx_word' id='word_1_292' title='bbox 2788 2176 3073 2232; x_wconf 75' lang='lat' dir='ltr'><strong>Edessena:</strong></span> <span class='ocrx_word' id='word_1_293' title='bbox 3099 2171 3355 2229; x_wconf 75' lang='lat' dir='ltr'><strong>Ecclesia:</strong></span> <span class='ocrx_word' id='word_1_294' title='bbox 3381 2171 3497 2228; x_wconf 88' lang='lat' dir='ltr'><strong>dia-</strong></span> 
     </span>
    </p>
   </div>
   <div class='ocr_carea' id='block_1_48' title="bbox 1910 2267 3304 2322">
    <p class='ocr_par' dir='ltr' id='par_1_48' title="bbox 1910 2267 3304 2322">
     <span class='ocr_line' id='line_1_48' title="bbox 1910 2267 3304 2322; baseline 0.001 -1"><span class='ocrx_word' id='word_1_295' title='bbox 1910 2268 2053 2322; x_wconf 89' lang='lat' dir='ltr'><strong>coni.</strong></span> <span class='ocrx_word' id='word_1_296' title='bbox 3301 2267 3304 2270; x_wconf 73' lang='grc'><strong>’</strong></span> 
     </span>
    </p>
   </div>
   <div class='ocr_carea' id='block_1_49' title="bbox 1978 2355 3503 2427">
    <p class='ocr_par' dir='ltr' id='par_1_49' title="bbox 1978 2355 3503 2427">
     <span class='ocr_line' id='line_1_49' title="bbox 1978 2355 3503 2427; baseline -0.001 -16"><span class='ocrx_word' id='word_1_297' title='bbox 1978 2357 2035 2411; x_wconf 89' lang='lat' dir='ltr'><strong>lu</strong></span> <span class='ocrx_word' id='word_1_298' title='bbox 2085 2356 2342 2413; x_wconf 84' lang='lat' dir='ltr'><strong>Hibernia</strong></span> <span class='ocrx_word' id='word_1_299' title='bbox 2391 2357 2648 2412; x_wconf 90' lang='lat' dir='ltr'><strong>nativitas</strong></span> <span class='ocrx_word' id='word_1_300' title='bbox 2681 2355 2740 2411; x_wconf 88' lang='lat' dir='ltr'><strong>S.</strong></span> <span class='ocrx_word' id='word_1_301' title='bbox 2792 2355 3033 2427; x_wconf 65' lang='lat' dir='ltr'><strong>Brigitttc</strong></span> <span class='ocrx_word' id='word_1_302' title='bbox 3080 2355 3330 2424; x_wconf 77' lang='lat' dir='ltr'><strong>virginis,</strong></span> <span class='ocrx_word' id='word_1_303' title='bbox 3383 2368 3503 2424; x_wconf 75' lang='lat' dir='ltr'><strong>qua:</strong></span> 
     </span>
    </p>
   </div>
   <div class='ocr_carea' id='block_1_50' title="bbox 1908 2444 3499 2519">
    <p class='ocr_par' dir='ltr' id='par_1_50' title="bbox 1908 2444 3499 2519">
     <span class='ocr_line' id='line_1_50' title="bbox 1908 2444 3499 2519; baseline -0.004 -17"><span class='ocrx_word' id='word_1_304' title='bbox 1908 2463 2231 2519; x_wconf 89' lang='lat' dir='ltr'><strong>magnorum</strong></span> <span class='ocrx_word' id='word_1_305' title='bbox 2260 2448 2647 2503; x_wconf 85' lang='lat' dir='ltr'><strong>meritorumet</strong></span> <span class='ocrx_word' id='word_1_306' title='bbox 2674 2446 2981 2502; x_wconf 81' lang='lat' dir='ltr'><strong>sanctitatis</strong></span> <span class='ocrx_word' id='word_1_307' title='bbox 3002 2458 3123 2502; x_wconf 90' lang='lat' dir='ltr'><strong>esse</strong></span> <span class='ocrx_word' id='word_1_308' title='bbox 3151 2444 3499 2516; x_wconf 63' lang='lat' dir='ltr'><strong>praedicatur,</strong></span> 
     </span>
    </p>
   </div>
   <div class='ocr_carea' id='block_1_51' title="bbox 1906 2534 3506 2608">
    <p class='ocr_par' dir='ltr' id='par_1_51' title="bbox 1906 2534 3506 2608">
     <span class='ocr_line' id='line_1_51' title="bbox 1906 2534 3506 2608; baseline -0.003 -15"><span class='ocrx_word' id='word_1_309' title='bbox 1906 2538 2047 2593; x_wconf 88' lang='lat' dir='ltr'><strong>adeo</strong></span> <span class='ocrx_word' id='word_1_310' title='bbox 2068 2546 2269 2593; x_wconf 91' lang='lat' dir='ltr'><strong>utcum</strong></span> <span class='ocrx_word' id='word_1_311' title='bbox 2300 2538 2500 2608; x_wconf 82' lang='lat' dir='ltr'><strong>lignum</strong></span> <span class='ocrx_word' id='word_1_312' title='bbox 2534 2538 2722 2593; x_wconf 87' lang='lat' dir='ltr'><strong>altaris</strong></span> <span class='ocrx_word' id='word_1_313' title='bbox 2749 2538 2802 2592; x_wconf 88' lang='lat' dir='ltr'><strong>in</strong></span> <span class='ocrx_word' id='word_1_314' title='bbox 2827 2537 3195 2593; x_wconf 88' lang='lat' dir='ltr'><strong>testimonium</strong></span> <span class='ocrx_word' id='word_1_315' title='bbox 3228 2534 3506 2608; x_wconf 76' lang='lat' dir='ltr'><strong>virginita-</strong></span> 
     </span>
    </p>
   </div>
   <div class='ocr_carea' id='block_1_52' title="bbox 1910 2629 3038 2701">
    <p class='ocr_par' dir='ltr' id='par_1_52' title="bbox 1910 2629 3038 2701">
     <span class='ocr_line' id='line_1_52' title="bbox 1910 2629 3038 2701; baseline 0 -18"><span class='ocrx_word' id='word_1_316' title='bbox 1910 2629 1979 2684; x_wconf 88' lang='lat' dir='ltr'><strong>tis</strong></span> <span class='ocrx_word' id='word_1_317' title='bbox 2016 2645 2127 2685; x_wconf 65' lang='lat' dir='ltr'><strong>suae</strong></span> <span class='ocrx_word' id='word_1_318' title='bbox 2161 2632 2445 2701; x_wconf 85' lang='lat' dir='ltr'><strong>tetigisset,</strong></span> <span class='ocrx_word' id='word_1_319' title='bbox 2475 2630 2646 2685; x_wconf 83' lang='lat' dir='ltr'><strong>viride</strong></span> <span class='ocrx_word' id='word_1_320' title='bbox 2675 2630 2746 2685; x_wconf 89' lang='lat' dir='ltr'><strong>sit</strong></span> <span class='ocrx_word' id='word_1_321' title='bbox 2764 2630 3038 2684; x_wconf 84' lang='lat' dir='ltr'><strong>ctl&#39;ectum.</strong></span> 
     </span>
    </p>
   </div>
   <div class='ocr_carea' id='block_1_53' title="bbox 1981 2720 3501 2791">
    <p class='ocr_par' dir='ltr' id='par_1_53' title="bbox 1981 2720 3501 2791">
     <span class='ocr_line' id='line_1_53' title="bbox 1981 2720 3501 2791; baseline 0 -16"><span class='ocrx_word' id='word_1_322' title='bbox 1981 2720 2183 2776; x_wconf 84' lang='lat' dir='ltr'><strong>Eodem</strong></span> <span class='ocrx_word' id='word_1_323' title='bbox 2211 2721 2297 2776; x_wconf 91' lang='lat' dir='ltr'><strong>die</strong></span> <span class='ocrx_word' id='word_1_324' title='bbox 2322 2720 2381 2776; x_wconf 91' lang='lat' dir='ltr'><strong>S.</strong></span> <span class='ocrx_word' id='word_1_325' title='bbox 2416 2720 2568 2774; x_wconf 86' lang='lat' dir='ltr'><strong>Pauli</strong></span> <span class='ocrx_word' id='word_1_326' title='bbox 2598 2721 2838 2791; x_wconf 87' lang='lat' dir='ltr'><strong>episcopi</strong></span> <span class='ocrx_word' id='word_1_327' title='bbox 2868 2720 3106 2775; x_wconf 78' lang='lat' dir='ltr'><strong>civitatis</strong></span> <span class='ocrx_word' id='word_1_328' title='bbox 3136 2720 3501 2781; x_wconf 71' lang='lat' dir='ltr'><strong>Tricassiuze;</strong></span> 
     </span>
    </p>
   </div>
   <div class='ocr_carea' id='block_1_54' title="bbox 1909 2808 3503 2881">
    <p class='ocr_par' dir='ltr' id='par_1_54' title="bbox 1909 2808 3503 2881">
     <span class='ocr_line' id='line_1_54' title="bbox 1909 2808 3503 2881; baseline -0.002 -14"><span class='ocrx_word' id='word_1_329' title='bbox 1909 2810 2062 2881; x_wconf 85' lang='lat' dir='ltr'><strong>cujus</strong></span> <span class='ocrx_word' id='word_1_330' title='bbox 2084 2822 2140 2867; x_wconf 91' lang='lat' dir='ltr'><strong>et</strong></span> <span class='ocrx_word' id='word_1_331' title='bbox 2158 2813 2268 2867; x_wconf 89' lang='lat' dir='ltr'><strong>vita</strong></span> <span class='ocrx_word' id='word_1_332' title='bbox 2297 2810 2591 2867; x_wconf 87' lang='lat' dir='ltr'><strong>virtutibus</strong></span> <span class='ocrx_word' id='word_1_333' title='bbox 2628 2810 2851 2875; x_wconf 86' lang='lat' dir='ltr'><strong>claruit,</strong></span> <span class='ocrx_word' id='word_1_334' title='bbox 2874 2819 2930 2866; x_wconf 92' lang='lat' dir='ltr'><strong>et</strong></span> <span class='ocrx_word' id='word_1_335' title='bbox 2958 2823 3106 2865; x_wconf 88' lang='lat' dir='ltr'><strong>mors</strong></span> <span class='ocrx_word' id='word_1_336' title='bbox 3129 2810 3365 2881; x_wconf 82' lang='lat' dir='ltr'><strong>pretiosa</strong></span> <span class='ocrx_word' id='word_1_337' title='bbox 3398 2808 3503 2864; x_wconf 91' lang='lat' dir='ltr'><strong>mi-</strong></span> 
     </span>
    </p>
   </div>
   <div class='ocr_carea' id='block_1_55' title="bbox 1910 2902 2579 2958">
    <p class='ocr_par' dir='ltr' id='par_1_55' title="bbox 1910 2902 2579 2958">
     <span class='ocr_line' id='line_1_55' title="bbox 1910 2902 2579 2958; baseline 0.003 -3"><span class='ocrx_word' id='word_1_338' title='bbox 1910 2902 2110 2957; x_wconf 85' lang='lat' dir='ltr'><strong>raculis</strong></span> <span class='ocrx_word' id='word_1_339' title='bbox 2140 2902 2579 2958; x_wconf 79' lang='lat' dir='ltr'><strong>commendatur.</strong></span> 
     </span>
    </p>
   </div>
   <div class='ocr_carea' id='block_1_56' title="bbox 1983 2988 3503 3062">
    <p class='ocr_par' dir='ltr' id='par_1_56' title="bbox 1983 2988 3503 3062">
     <span class='ocr_line' id='line_1_56' title="bbox 1983 2988 3503 3062; baseline -0.003 -14"><span class='ocrx_word' id='word_1_340' title='bbox 1983 2994 2049 3048; x_wconf 69' lang='grc' dir='ltr'><strong>ιν</strong></span> <span class='ocrx_word' id='word_1_341' title='bbox 2079 2992 2213 3049; x_wconf 70' lang='lat' dir='ltr'><strong>Nos.</strong></span> <span class='ocrx_word' id='word_1_342' title='bbox 2250 2994 2417 3047; x_wconf 78' lang='lat' dir='ltr'><strong>Fsen.</strong></span> <span class='ocrx_word' id='word_1_343' title='bbox 2445 3022 2514 3032; x_wconf 85' lang='lat'><strong>-—</strong></span> <span class='ocrx_word' id='word_1_344' title='bbox 2570 2990 2890 3062; x_wconf 82' lang='lat' dir='ltr'><strong>Hypapante</strong></span> <span class='ocrx_word' id='word_1_345' title='bbox 2934 2990 3171 3054; x_wconf 87' lang='lat' dir='ltr'><strong>Domini,</strong></span> <span class='ocrx_word' id='word_1_346' title='bbox 3206 2989 3290 3045; x_wconf 81' lang='lat' dir='ltr'><strong>vel</strong></span> <span class='ocrx_word' id='word_1_347' title='bbox 3316 2988 3503 3059; x_wconf 78' lang='lat' dir='ltr'><strong>puriﬁ—</strong></span> 
     </span>
    </p>
   </div>
   <div class='ocr_carea' id='block_1_57' title="bbox 1910 3078 3503 3151">
    <p class='ocr_par' dir='ltr' id='par_1_57' title="bbox 1910 3078 3503 3151">
     <span class='ocr_line' id='line_1_57' title="bbox 1910 3078 3503 3151; baseline -0.007 -9"><span class='ocrx_word' id='word_1_348' title='bbox 1910 3085 2053 3143; x_wconf 85' lang='lat' dir='ltr'><strong>catio</strong></span> <span class='ocrx_word' id='word_1_349' title='bbox 2093 3084 2264 3139; x_wconf 77' lang='lat' dir='ltr'><strong>beata:</strong></span> <span class='ocrx_word' id='word_1_350' title='bbox 2307 3082 2510 3147; x_wconf 76' lang='lat' dir='ltr'><strong>Mariae,</strong></span> <span class='ocrx_word' id='word_1_351' title='bbox 2544 3081 2759 3151; x_wconf 89' lang='lat' dir='ltr'><strong>quando</strong></span> <span class='ocrx_word' id='word_1_352' title='bbox 2807 3080 3093 3135; x_wconf 91' lang='lat' dir='ltr'><strong>Dominum</strong></span> <span class='ocrx_word' id='word_1_353' title='bbox 3135 3078 3320 3134; x_wconf 87' lang='lat' dir='ltr'><strong>Jesum</strong></span> <span class='ocrx_word' id='word_1_354' title='bbox 3381 3084 3503 3133; x_wconf 87' lang='lat' dir='ltr'><strong>cum</strong></span> 
     </span>
    </p>
   </div>
   <div class='ocr_carea' id='block_1_58' title="bbox 1915 3170 3501 3246">
    <p class='ocr_par' dir='ltr' id='par_1_58' title="bbox 1915 3170 3501 3246">
     <span class='ocr_line' id='line_1_58' title="bbox 1915 3170 3501 3246; baseline -0.004 -13"><span class='ocrx_word' id='word_1_355' title='bbox 1915 3178 2107 3233; x_wconf 73' lang='lat' dir='ltr'><strong>hostiis</strong></span> <span class='ocrx_word' id='word_1_356' title='bbox 2151 3176 2448 3233; x_wconf 87' lang='lat' dir='ltr'><strong>secundum</strong></span> <span class='ocrx_word' id='word_1_357' title='bbox 2501 3174 2675 3246; x_wconf 82' lang='lat' dir='ltr'><strong>legem</strong></span> <span class='ocrx_word' id='word_1_358' title='bbox 2747 3173 3099 3244; x_wconf 70' lang='lat' dir='ltr'><strong>prmsenlavit</strong></span> <span class='ocrx_word' id='word_1_359' title='bbox 3152 3173 3206 3227; x_wconf 83' lang='lat' dir='ltr'><strong>in</strong></span> <span class='ocrx_word' id='word_1_360' title='bbox 3282 3170 3501 3242; x_wconf 89' lang='lat' dir='ltr'><strong>templo,</strong></span> 
     </span>
    </p>
   </div>
   <div class='ocr_carea' id='block_1_59' title="bbox 220 3255 3506 3341">
    <p class='ocr_par' dir='ltr' id='par_1_59' title="bbox 220 3255 3506 3341">
     <span class='ocr_line' id='line_1_59' title="bbox 220 3255 3506 3341; baseline -0.003 -18"><span class='ocrx_word' id='word_1_361' title='bbox 220 3276 446 3324; x_wconf 81' lang='lat' dir='ltr'><strong>octavus</strong></span> <span class='ocrx_word' id='word_1_362' title='bbox 470 3278 593 3340; x_wconf 87' lang='lat' dir='ltr'><strong>post</strong></span> <span class='ocrx_word' id='word_1_363' title='bbox 615 3268 883 3325; x_wconf 79' lang='lat' dir='ltr'><strong>Jacobum</strong></span> <span class='ocrx_word' id='word_1_364' title='bbox 908 3269 1049 3325; x_wconf 70' lang='lat' dir='ltr'><strong>rexit</strong></span> <span class='ocrx_word' id='word_1_365' title='bbox 1074 3269 1391 3332; x_wconf 86' lang='lat' dir='ltr'><strong>Ecelesiam,</strong></span> <span class='ocrx_word' id='word_1_366' title='bbox 1417 3278 1474 3324; x_wconf 91' lang='lat' dir='ltr'><strong>et</strong></span> <span class='ocrx_word' id='word_1_367' title='bbox 1511 3267 1680 3324; x_wconf 88' lang='lat' dir='ltr'><strong>multa</strong></span> <span class='ocrx_word' id='word_1_368' title='bbox 1710 3284 1808 3341; x_wconf 89' lang='lat' dir='ltr'><strong>pro</strong></span> <span class='ocrx_word' id='word_1_369' title='bbox 1835 3255 1880 3316; x_wconf 85' lang='lat' dir='ltr'><strong>C</strong></span> <span class='ocrx_word' id='word_1_370' title='bbox 1912 3277 1967 3322; x_wconf 90' lang='lat' dir='ltr'><strong>et</strong></span> <span class='ocrx_word' id='word_1_371' title='bbox 1996 3269 2172 3337; x_wconf 89' lang='lat' dir='ltr'><strong>ipsum</strong></span> <span class='ocrx_word' id='word_1_372' title='bbox 2215 3281 2339 3322; x_wconf 90' lang='lat' dir='ltr'><strong>esse</strong></span> <span class='ocrx_word' id='word_1_373' title='bbox 2368 3264 2643 3320; x_wconf 88' lang='lat' dir='ltr'><strong>Christum</strong></span> <span class='ocrx_word' id='word_1_374' title='bbox 2679 3262 2901 3318; x_wconf 90' lang='lat' dir='ltr'><strong>Simeon</strong></span> <span class='ocrx_word' id='word_1_375' title='bbox 2926 3270 2982 3319; x_wconf 92' lang='lat' dir='ltr'><strong>et</strong></span> <span class='ocrx_word' id='word_1_376' title='bbox 3012 3261 3169 3317; x_wconf 75' lang='lat' dir='ltr'><strong>Anna</strong></span> <span class='ocrx_word' id='word_1_377' title='bbox 3200 3263 3254 3317; x_wconf 90' lang='lat' dir='ltr'><strong>in</strong></span> <span class='ocrx_word' id='word_1_378' title='bbox 3296 3261 3506 3331; x_wconf 87' lang='lat' dir='ltr'><strong>Spiritu</strong></span> 
     </span>
    </p>
   </div>
   <div class='ocr_carea' id='block_1_60' title="bbox 219 3358 1677 3431">
    <p class='ocr_par' dir='ltr' id='par_1_60' title="bbox 219 3358 1677 3431">
     <span class='ocr_line' id='line_1_60' title="bbox 219 3358 1677 3431; baseline 0.002 -17"><span class='ocrx_word' id='word_1_379' title='bbox 219 3358 438 3414; x_wconf 89' lang='lat' dir='ltr'><strong>Christo</strong></span> <span class='ocrx_word' id='word_1_380' title='bbox 464 3375 771 3431; x_wconf 88' lang='lat' dir='ltr'><strong>perpessus,</strong></span> <span class='ocrx_word' id='word_1_381' title='bbox 801 3360 992 3415; x_wconf 91' lang='lat' dir='ltr'><strong>ultimo</strong></span> <span class='ocrx_word' id='word_1_382' title='bbox 1030 3360 1084 3415; x_wconf 92' lang='lat' dir='ltr'><strong>in</strong></span> <span class='ocrx_word' id='word_1_383' title='bbox 1116 3374 1253 3430; x_wconf 90' lang='lat' dir='ltr'><strong>pace</strong></span> <span class='ocrx_word' id='word_1_384' title='bbox 1280 3359 1447 3414; x_wconf 91' lang='lat' dir='ltr'><strong>vitam</strong></span> <span class='ocrx_word' id='word_1_385' title='bbox 1477 3359 1677 3417; x_wconf 86' lang='lat' dir='ltr'><strong>ﬁnivit.</strong></span> 
     </span>
    </p>
   </div>
   <div class='ocr_carea' id='block_1_61' title="bbox 292 3451 1811 3522">
    <p class='ocr_par' dir='ltr' id='par_1_61' title="bbox 292 3451 1811 3522">
     <span class='ocr_line' id='line_1_61' title="bbox 292 3451 1811 3522; baseline 0.002 -17"><span class='ocrx_word' id='word_1_386' title='bbox 292 3451 425 3506; x_wconf 85' lang='lat' dir='ltr'><strong>Item</strong></span> <span class='ocrx_word' id='word_1_387' title='bbox 476 3452 616 3507; x_wconf 86' lang='lat' dir='ltr'><strong>beati</strong></span> <span class='ocrx_word' id='word_1_388' title='bbox 667 3451 993 3516; x_wconf 78' lang='lat' dir='ltr'><strong>Alexandri;</strong></span> <span class='ocrx_word' id='word_1_389' title='bbox 1033 3451 1125 3507; x_wconf 82' lang='lat' dir='ltr'><strong>hic</strong></span> <span class='ocrx_word' id='word_1_390' title='bbox 1169 3451 1405 3507; x_wconf 85' lang='lat' dir='ltr'><strong>Deciana</strong></span> <span class='ocrx_word' id='word_1_391' title='bbox 1432 3452 1811 3522; x_wconf 87' lang='lat' dir='ltr'><strong>persecutione</strong></span> 
     </span>
    </p>
   </div>
   <div class='ocr_carea' id='block_1_62' title="bbox 221 3541 1813 3613">
    <p class='ocr_par' dir='ltr' id='par_1_62' title="bbox 221 3541 1813 3613">
     <span class='ocr_line' id='line_1_62' title="bbox 221 3541 1813 3613; baseline 0.002 -17"><span class='ocrx_word' id='word_1_392' title='bbox 221 3558 321 3613; x_wconf 86' lang='lat' dir='ltr'><strong>pro</strong></span> <span class='ocrx_word' id='word_1_393' title='bbox 370 3542 714 3598; x_wconf 83' lang='lat' dir='ltr'><strong>confessione</strong></span> <span class='ocrx_word' id='word_1_394' title='bbox 768 3542 889 3598; x_wconf 89' lang='lat' dir='ltr'><strong>ﬁdei</strong></span> <span class='ocrx_word' id='word_1_395' title='bbox 936 3541 1157 3611; x_wconf 82' lang='lat' dir='ltr'><strong>iudieiis</strong></span> <span class='ocrx_word' id='word_1_396' title='bbox 1210 3542 1424 3598; x_wconf 87' lang='lat' dir='ltr'><strong>sistitur</strong></span> <span class='ocrx_word' id='word_1_397' title='bbox 1475 3550 1532 3598; x_wconf 91' lang='lat' dir='ltr'><strong>et</strong></span> <span class='ocrx_word' id='word_1_398' title='bbox 1582 3542 1813 3600; x_wconf 87' lang='lat' dir='ltr'><strong>vinculis</strong></span> 
     </span>
    </p>
   </div>
   <div class='ocr_carea' id='block_1_63' title="bbox 220 3633 1810 3705">
    <p class='ocr_par' dir='ltr' id='par_1_63' title="bbox 220 3633 1810 3705">
     <span class='ocr_line' id='line_1_63' title="bbox 220 3633 1810 3705; baseline 0.001 -16"><span class='ocrx_word' id='word_1_399' title='bbox 220 3635 460 3689; x_wconf 86' lang='lat' dir='ltr'><strong>carceris</strong></span> <span class='ocrx_word' id='word_1_400' title='bbox 491 3635 738 3689; x_wconf 85' lang='lat' dir='ltr'><strong>traditur.</strong></span> <span class='ocrx_word' id='word_1_401' title='bbox 770 3633 980 3704; x_wconf 83' lang='lat' dir='ltr'><strong>Quique</strong></span> <span class='ocrx_word' id='word_1_402' title='bbox 1003 3649 1125 3689; x_wconf 90' lang='lat' dir='ltr'><strong>cum</strong></span> <span class='ocrx_word' id='word_1_403' title='bbox 1157 3633 1411 3705; x_wconf 65' lang='lat' dir='ltr'><strong>longmvae</strong></span> <span class='ocrx_word' id='word_1_404' title='bbox 1439 3633 1619 3689; x_wconf 70' lang='lat' dir='ltr'><strong>aetatis</strong></span> <span class='ocrx_word' id='word_1_405' title='bbox 1644 3649 1810 3691; x_wconf 86' lang='lat' dir='ltr'><strong>vene-</strong></span> 
     </span>
    </p>
   </div>
   <div class='ocr_carea' id='block_1_64' title="bbox 224 3726 1815 3798">
    <p class='ocr_par' dir='ltr' id='par_1_64' title="bbox 224 3726 1815 3798">
     <span class='ocr_line' id='line_1_64' title="bbox 224 3726 1815 3798; baseline 0.001 -17"><span class='ocrx_word' id='word_1_406' title='bbox 224 3727 392 3781; x_wconf 89' lang='lat' dir='ltr'><strong>randa</strong></span> <span class='ocrx_word' id='word_1_407' title='bbox 417 3727 616 3782; x_wconf 87' lang='lat' dir='ltr'><strong>canitie</strong></span> <span class='ocrx_word' id='word_1_408' title='bbox 644 3726 1007 3797; x_wconf 75' lang='lat' dir='ltr'><strong>praefulgeret,</strong></span> <span class='ocrx_word' id='word_1_409' title='bbox 1035 3736 1321 3798; x_wconf 89' lang='lat' dir='ltr'><strong>postquam</strong></span> <span class='ocrx_word' id='word_1_410' title='bbox 1348 3727 1663 3797; x_wconf 83' lang='lat' dir='ltr'><strong>frequenter</strong></span> <span class='ocrx_word' id='word_1_411' title='bbox 1690 3743 1815 3797; x_wconf 87' lang='lat' dir='ltr'><strong>pas-</strong></span> 
     </span>
    </p>
   </div>
   <div class='ocr_carea' id='block_1_65' title="bbox 221 3816 1809 3887">
    <p class='ocr_par' dir='ltr' id='par_1_65' title="bbox 221 3816 1809 3887">
     <span class='ocr_line' id='line_1_65' title="bbox 221 3816 1809 3887; baseline 0.002 -18"><span class='ocrx_word' id='word_1_412' title='bbox 221 3816 466 3870; x_wconf 88' lang='lat' dir='ltr'><strong>sionibus</strong></span> <span class='ocrx_word' id='word_1_413' title='bbox 494 3816 608 3871; x_wconf 91' lang='lat' dir='ltr'><strong>suis</strong></span> <span class='ocrx_word' id='word_1_414' title='bbox 632 3824 687 3871; x_wconf 88' lang='lat' dir='ltr'><strong>et</strong></span> <span class='ocrx_word' id='word_1_415' title='bbox 710 3816 1043 3872; x_wconf 87' lang='lat' dir='ltr'><strong>cruciatibus</strong></span> <span class='ocrx_word' id='word_1_416' title='bbox 1062 3816 1468 3887; x_wconf 85' lang='lat' dir='ltr'><strong>gloriﬁcaverat</strong></span> <span class='ocrx_word' id='word_1_417' title='bbox 1497 3817 1809 3884; x_wconf 90' lang='lat' dir='ltr'><strong>Dominum,</strong></span> 
     </span>
    </p>
   </div>
   <div class='ocr_carea' id='block_1_66' title="bbox 220 3904 1812 3972">
    <p class='ocr_par' dir='ltr' id='par_1_66' title="bbox 220 3904 1812 3972">
     <span class='ocr_line' id='line_1_66' title="bbox 220 3904 1812 3972; baseline 0.002 -12"><span class='ocrx_word' id='word_1_418' title='bbox 220 3908 289 3960; x_wconf 86' lang='lat' dir='ltr'><strong>de</strong></span> <span class='ocrx_word' id='word_1_419' title='bbox 317 3904 549 3960; x_wconf 90' lang='lat' dir='ltr'><strong>vinculis</strong></span> <span class='ocrx_word' id='word_1_420' title='bbox 573 3907 641 3961; x_wconf 93' lang='lat' dir='ltr'><strong>ad</strong></span> <span class='ocrx_word' id='word_1_421' title='bbox 668 3906 980 3972; x_wconf 89' lang='lat' dir='ltr'><strong>tribunalia,</strong></span> <span class='ocrx_word' id='word_1_422' title='bbox 1006 3915 1061 3962; x_wconf 91' lang='lat' dir='ltr'><strong>et</strong></span> <span class='ocrx_word' id='word_1_423' title='bbox 1082 3921 1113 3962; x_wconf 90' lang='lat' dir='ltr'><strong>a</strong></span> <span class='ocrx_word' id='word_1_424' title='bbox 1143 3907 1500 3964; x_wconf 88' lang='lat' dir='ltr'><strong>tribunalibus</strong></span> <span class='ocrx_word' id='word_1_425' title='bbox 1526 3922 1812 3963; x_wconf 86' lang='lat' dir='ltr'><strong>revocare-</strong></span> 
     </span>
    </p>
   </div>
   <div class='ocr_carea' id='block_1_67' title="bbox 224 3996 1812 4067">
    <p class='ocr_par' dir='ltr' id='par_1_67' title="bbox 224 3996 1812 4067">
     <span class='ocr_line' id='line_1_67' title="bbox 224 3996 1812 4067; baseline 0.003 -18"><span class='ocrx_word' id='word_1_426' title='bbox 224 4006 316 4049; x_wconf 92' lang='lat' dir='ltr'><strong>tur</strong></span> <span class='ocrx_word' id='word_1_427' title='bbox 341 3996 407 4049; x_wconf 90' lang='lat' dir='ltr'><strong>ad</strong></span> <span class='ocrx_word' id='word_1_428' title='bbox 430 3996 664 4063; x_wconf 89' lang='lat' dir='ltr'><strong>vincula,</strong></span> <span class='ocrx_word' id='word_1_429' title='bbox 709 3996 854 4052; x_wconf 92' lang='lat' dir='ltr'><strong>inter</strong></span> <span class='ocrx_word' id='word_1_430' title='bbox 895 3997 1010 4067; x_wconf 90' lang='lat' dir='ltr'><strong>ipsa</strong></span> <span class='ocrx_word' id='word_1_431' title='bbox 1057 3998 1295 4054; x_wconf 89' lang='lat' dir='ltr'><strong>vicissim</strong></span> <span class='ocrx_word' id='word_1_432' title='bbox 1328 3998 1429 4054; x_wconf 87' lang='lat' dir='ltr'><strong>sibi</strong></span> <span class='ocrx_word' id='word_1_433' title='bbox 1466 3998 1812 4055; x_wconf 89' lang='lat' dir='ltr'><strong>succedentia</strong></span> 
     </span>
    </p>
   </div>
   <div class='ocr_carea' id='block_1_68' title="bbox 222 4086 1078 4157">
    <p class='ocr_par' dir='ltr' id='par_1_68' title="bbox 222 4086 1078 4157">
     <span class='ocr_line' id='line_1_68' title="bbox 222 4086 1078 4157; baseline 0.002 -17"><span class='ocrx_word' id='word_1_434' title='bbox 222 4094 517 4152; x_wconf 88' lang='lat' dir='ltr'><strong>tormenta,</strong></span> <span class='ocrx_word' id='word_1_435' title='bbox 546 4089 686 4142; x_wconf 91' lang='lat' dir='ltr'><strong>bono</strong></span> <span class='ocrx_word' id='word_1_436' title='bbox 716 4086 824 4143; x_wconf 88' lang='lat' dir='ltr'><strong>ﬁne</strong></span> <span class='ocrx_word' id='word_1_437' title='bbox 852 4088 1078 4157; x_wconf 88' lang='lat' dir='ltr'><strong>quievit.</strong></span> 
     </span>
    </p>
   </div>
   <div class='ocr_carea' id='block_1_69' title="bbox 293 4178 1816 4254">
    <p class='ocr_par' dir='ltr' id='par_1_69' title="bbox 293 4178 1816 4254">
     <span class='ocr_line' id='line_1_69' title="bbox 293 4178 1816 4254; baseline 0.005 -22"><span class='ocrx_word' id='word_1_438' title='bbox 293 4178 423 4234; x_wconf 88' lang='lat' dir='ltr'><strong>Item</strong></span> <span class='ocrx_word' id='word_1_439' title='bbox 468 4179 522 4233; x_wconf 91' lang='lat' dir='ltr'><strong>in</strong></span> <span class='ocrx_word' id='word_1_440' title='bbox 546 4178 813 4235; x_wconf 86' lang='lat' dir='ltr'><strong>Malbodio</strong></span> <span class='ocrx_word' id='word_1_441' title='bbox 843 4182 1173 4237; x_wconf 85' lang='lat' dir='ltr'><strong>monasterio</strong></span> <span class='ocrx_word' id='word_1_442' title='bbox 1199 4183 1454 4238; x_wconf 88' lang='lat' dir='ltr'><strong>nativitas</strong></span> <span class='ocrx_word' id='word_1_443' title='bbox 1490 4182 1816 4254; x_wconf 68' lang='lat' dir='ltr'><strong>Adelgundae</strong></span> 
     </span>
    </p>
   </div>
   <div class='ocr_carea' id='block_1_70' title="bbox 218 4266 1817 4342">
    <p class='ocr_par' dir='ltr' id='par_1_70' title="bbox 218 4266 1817 4342">
     <span class='ocr_line' id='line_1_70' title="bbox 218 4266 1817 4342; baseline 0.004 -22"><span class='ocrx_word' id='word_1_444' title='bbox 218 4266 484 4338; x_wconf 81' lang='lat' dir='ltr'><strong>virginis:</strong></span> <span class='ocrx_word' id='word_1_445' title='bbox 513 4284 633 4337; x_wconf 71' lang='lat' dir='ltr'><strong>qua:</strong></span> <span class='ocrx_word' id='word_1_446' title='bbox 668 4270 1004 4340; x_wconf 87' lang='lat' dir='ltr'><strong>temporibus</strong></span> <span class='ocrx_word' id='word_1_447' title='bbox 1054 4271 1342 4342; x_wconf 87' lang='lat' dir='ltr'><strong>Dagoberti</strong></span> <span class='ocrx_word' id='word_1_448' title='bbox 1393 4272 1536 4342; x_wconf 83' lang='lat' dir='ltr'><strong>regis</strong></span> <span class='ocrx_word' id='word_1_449' title='bbox 1577 4271 1817 4327; x_wconf 62' lang='lat' dir='ltr'><strong>Franco«</strong></span> 
     </span>
    </p>
   </div>
   <div class='ocr_carea' id='block_1_71' title="bbox 222 4359 1815 4432">
    <p class='ocr_par' dir='ltr' id='par_1_71' title="bbox 222 4359 1815 4432">
     <span class='ocr_line' id='line_1_71' title="bbox 222 4359 1815 4432; baseline 0.001 -20"><span class='ocrx_word' id='word_1_450' title='bbox 222 4375 345 4413; x_wconf 88' lang='lat' dir='ltr'><strong>rum</strong></span> <span class='ocrx_word' id='word_1_451' title='bbox 376 4374 444 4413; x_wconf 87' lang='lat' dir='ltr'><strong>ex</strong></span> <span class='ocrx_word' id='word_1_452' title='bbox 489 4359 653 4414; x_wconf 90' lang='lat' dir='ltr'><strong>nobili</strong></span> <span class='ocrx_word' id='word_1_453' title='bbox 691 4375 891 4431; x_wconf 86' lang='lat' dir='ltr'><strong>genere</strong></span> <span class='ocrx_word' id='word_1_454' title='bbox 914 4361 1219 4432; x_wconf 82' lang='lat' dir='ltr'><strong>progenita,</strong></span> <span class='ocrx_word' id='word_1_455' title='bbox 1251 4361 1581 4431; x_wconf 87' lang='lat' dir='ltr'><strong>virginitatis</strong></span> <span class='ocrx_word' id='word_1_456' title='bbox 1612 4376 1815 4431; x_wconf 92' lang='lat' dir='ltr'><strong>propo-</strong></span> 
     </span>
    </p>
   </div>
   <div class='ocr_carea' id='block_1_72' title="bbox 219 4450 1815 4523">
    <p class='ocr_par' dir='ltr' id='par_1_72' title="bbox 219 4450 1815 4523">
     <span class='ocr_line' id='line_1_72' title="bbox 219 4450 1815 4523; baseline 0.001 -16"><span class='ocrx_word' id='word_1_457' title='bbox 219 4453 384 4507; x_wconf 85' lang='lat' dir='ltr'><strong>situm</strong></span> <span class='ocrx_word' id='word_1_458' title='bbox 415 4452 597 4523; x_wconf 89' lang='lat' dir='ltr'><strong>elegit,</strong></span> <span class='ocrx_word' id='word_1_459' title='bbox 646 4461 701 4507; x_wconf 88' lang='lat' dir='ltr'><strong>et</strong></span> <span class='ocrx_word' id='word_1_460' title='bbox 751 4453 804 4507; x_wconf 92' lang='lat' dir='ltr'><strong>in</strong></span> <span class='ocrx_word' id='word_1_461' title='bbox 856 4468 965 4523; x_wconf 88' lang='lat' dir='ltr'><strong>quo</strong></span> <span class='ocrx_word' id='word_1_462' title='bbox 1012 4453 1333 4522; x_wconf 90' lang='lat' dir='ltr'><strong>permansit.</strong></span> <span class='ocrx_word' id='word_1_463' title='bbox 1379 4450 1698 4523; x_wconf 69' lang='lat' dir='ltr'><strong>Saepiusque</strong></span> <span class='ocrx_word' id='word_1_464' title='bbox 1740 4454 1815 4509; x_wconf 91' lang='lat' dir='ltr'><strong>illi</strong></span> 
     </span>
    </p>
   </div>
   <div class='ocr_carea' id='block_1_73' title="bbox 207 4541 1815 4614">
    <p class='ocr_par' dir='ltr' id='par_1_73' title="bbox 207 4541 1815 4614">
     <span class='ocr_line' id='line_1_73' title="bbox 207 4541 1815 4614; baseline 0.001 -18"><span class='ocrx_word' id='word_1_465' title='bbox 207 4541 468 4614; x_wconf 78' lang='lat' dir='ltr'><strong>angelica</strong></span> <span class='ocrx_word' id='word_1_466' title='bbox 515 4543 654 4598; x_wconf 87' lang='lat' dir='ltr'><strong>visio</strong></span> <span class='ocrx_word' id='word_1_467' title='bbox 704 4543 945 4598; x_wconf 86' lang='lat' dir='ltr'><strong>revelata</strong></span> <span class='ocrx_word' id='word_1_468' title='bbox 993 4541 1115 4608; x_wconf 80' lang='lat' dir='ltr'><strong>fuit,</strong></span> <span class='ocrx_word' id='word_1_469' title='bbox 1155 4543 1455 4597; x_wconf 82' lang='lat' dir='ltr'><strong>exhortans</strong></span> <span class='ocrx_word' id='word_1_470' title='bbox 1481 4557 1601 4597; x_wconf 91' lang='lat' dir='ltr'><strong>eam</strong></span> <span class='ocrx_word' id='word_1_471' title='bbox 1649 4554 1710 4598; x_wconf 86' lang='lat' dir='ltr'><strong>ut</strong></span> <span class='ocrx_word' id='word_1_472' title='bbox 1762 4544 1815 4598; x_wconf 90' lang='lat' dir='ltr'><strong>in</strong></span> 
     </span>
    </p>
   </div>
   <div class='ocr_carea' id='block_1_74' title="bbox 1913 3359 3504 3432">
    <p class='ocr_par' dir='ltr' id='par_1_74' title="bbox 1913 3359 3504 3432">
     <span class='ocr_line' id='line_1_74' title="bbox 1913 3359 3504 3432; baseline -0.001 -16"><span class='ocrx_word' id='word_1_473' title='bbox 1913 3369 2101 3416; x_wconf 80' lang='lat' dir='ltr'><strong>sancto</strong></span> <span class='ocrx_word' id='word_1_474' title='bbox 2145 3368 2539 3432; x_wconf 83' lang='lat' dir='ltr'><strong>cognoverunt,</strong></span> <span class='ocrx_word' id='word_1_475' title='bbox 2579 3370 2635 3416; x_wconf 90' lang='lat' dir='ltr'><strong>et</strong></span> <span class='ocrx_word' id='word_1_476' title='bbox 2673 3363 3119 3431; x_wconf 77' lang='lat' dir='ltr'><strong>exspectantibus</strong></span> <span class='ocrx_word' id='word_1_477' title='bbox 3174 3359 3504 3431; x_wconf 87' lang='lat' dir='ltr'><strong>redemptio-</strong></span> 
     </span>
    </p>
   </div>
   <div class='ocr_carea' id='block_1_75' title="bbox 1913 3449 3148 3523">
    <p class='ocr_par' dir='ltr' id='par_1_75' title="bbox 1913 3449 3148 3523">
     <span class='ocr_line' id='line_1_75' title="bbox 1913 3449 3148 3523; baseline -0.001 -17"><span class='ocrx_word' id='word_1_478' title='bbox 1913 3466 2036 3506; x_wconf 72' lang='lat' dir='ltr'><strong>nem</strong></span> <span class='ocrx_word' id='word_1_479' title='bbox 2067 3449 2400 3505; x_wconf 84' lang='lat' dir='ltr'><strong>Hierusalem</strong></span> <span class='ocrx_word' id='word_1_480' title='bbox 2430 3451 2869 3520; x_wconf 69' lang='lat' dir='ltr'><strong>pmdicaverunt</strong></span> <span class='ocrx_word' id='word_1_481' title='bbox 2898 3452 3043 3523; x_wconf 86' lang='lat' dir='ltr'><strong>(Luc</strong></span> <span class='ocrx_word' id='word_1_482' title='bbox 3074 3452 3148 3522; x_wconf 88' lang='grc' dir='ltr'><strong>ι).</strong></span> 
     </span>
    </p>
   </div>
   <div class='ocr_carea' id='block_1_76' title="bbox 1982 3539 3510 3610">
    <p class='ocr_par' dir='ltr' id='par_1_76' title="bbox 1982 3539 3510 3610">
     <span class='ocr_line' id='line_1_76' title="bbox 1982 3539 3510 3610; baseline 0.001 -14"><span class='ocrx_word' id='word_1_483' title='bbox 1982 3540 2139 3610; x_wconf 83' lang='lat' dir='ltr'><strong>Apud</strong></span> <span class='ocrx_word' id='word_1_484' title='bbox 2166 3539 2468 3597; x_wconf 82' lang='lat' dir='ltr'><strong>Caesaream</strong></span> <span class='ocrx_word' id='word_1_485' title='bbox 2500 3542 2758 3598; x_wconf 89' lang='lat' dir='ltr'><strong>nativitas</strong></span> <span class='ocrx_word' id='word_1_486' title='bbox 2787 3543 3089 3599; x_wconf 86' lang='lat' dir='ltr'><strong>beatissimi</strong></span> <span class='ocrx_word' id='word_1_487' title='bbox 3118 3541 3354 3599; x_wconf 91' lang='lat' dir='ltr'><strong>Cornelii</strong></span> <span class='ocrx_word' id='word_1_488' title='bbox 3380 3557 3510 3598; x_wconf 86' lang='lat' dir='ltr'><strong>cen-</strong></span> 
     </span>
    </p>
   </div>
   <div class='ocr_carea' id='block_1_77' title="bbox 1916 3631 3501 3705">
    <p class='ocr_par' dir='ltr' id='par_1_77' title="bbox 1916 3631 3501 3705">
     <span class='ocr_line' id='line_1_77' title="bbox 1916 3631 3501 3705; baseline 0 -18"><span class='ocrx_word' id='word_1_489' title='bbox 1916 3631 2183 3687; x_wconf 89' lang='lat' dir='ltr'><strong>turionis:</strong></span> <span class='ocrx_word' id='word_1_490' title='bbox 2222 3632 2311 3686; x_wconf 92' lang='lat' dir='ltr'><strong>cui</strong></span> <span class='ocrx_word' id='word_1_491' title='bbox 2362 3645 2486 3687; x_wconf 93' lang='lat' dir='ltr'><strong>cum</strong></span> <span class='ocrx_word' id='word_1_492' title='bbox 2514 3647 2706 3704; x_wconf 86' lang='lat' dir='ltr'><strong>preces</strong></span> <span class='ocrx_word' id='word_1_493' title='bbox 2743 3641 2801 3688; x_wconf 91' lang='lat' dir='ltr'><strong>et</strong></span> <span class='ocrx_word' id='word_1_494' title='bbox 2845 3633 3207 3705; x_wconf 80' lang='lat' dir='ltr'><strong>eleemosyna:</strong></span> <span class='ocrx_word' id='word_1_495' title='bbox 3249 3648 3360 3688; x_wconf 70' lang='lat' dir='ltr'><strong>sum</strong></span> <span class='ocrx_word' id='word_1_496' title='bbox 3389 3634 3501 3687; x_wconf 87' lang='lat' dir='ltr'><strong>Deo</strong></span> 
     </span>
    </p>
   </div>
   <div class='ocr_carea' id='block_1_78' title="bbox 1915 3722 3508 3794">
    <p class='ocr_par' dir='ltr' id='par_1_78' title="bbox 1915 3722 3508 3794">
     <span class='ocr_line' id='line_1_78' title="bbox 1915 3722 3508 3794; baseline 0 -16"><span class='ocrx_word' id='word_1_497' title='bbox 1915 3731 2148 3793; x_wconf 72' lang='lat' dir='ltr'><strong>accepta:</strong></span> <span class='ocrx_word' id='word_1_498' title='bbox 2165 3724 2233 3777; x_wconf 90' lang='lat' dir='ltr'><strong>ab</strong></span> <span class='ocrx_word' id='word_1_499' title='bbox 2259 3722 2449 3794; x_wconf 86' lang='lat' dir='ltr'><strong>angelo</strong></span> <span class='ocrx_word' id='word_1_500' title='bbox 2467 3724 2866 3789; x_wconf 85' lang='lat' dir='ltr'><strong>nuntiarentur,</strong></span> <span class='ocrx_word' id='word_1_501' title='bbox 2894 3740 3016 3779; x_wconf 89' lang='lat' dir='ltr'><strong>mox</strong></span> <span class='ocrx_word' id='word_1_502' title='bbox 3044 3739 3108 3778; x_wconf 88' lang='lat' dir='ltr'><strong>ex</strong></span> <span class='ocrx_word' id='word_1_503' title='bbox 3141 3724 3508 3778; x_wconf 86' lang='lat' dir='ltr'><strong>admonitione</strong></span> 
     </span>
    </p>
   </div>
   <div class='ocr_carea' id='block_1_79' title="bbox 1913 3808 3505 3887">
    <p class='ocr_par' dir='ltr' id='par_1_79' title="bbox 1913 3808 3505 3887">
     <span class='ocr_line' id='line_1_79' title="bbox 1913 3808 3505 3887; baseline 0 -18"><span class='ocrx_word' id='word_1_504' title='bbox 1913 3816 2154 3886; x_wconf 79' lang='lat' dir='ltr'><strong>ejusdem</strong></span> <span class='ocrx_word' id='word_1_505' title='bbox 2179 3815 2377 3887; x_wconf 88' lang='lat' dir='ltr'><strong>angeli,</strong></span> <span class='ocrx_word' id='word_1_506' title='bbox 2409 3816 2477 3870; x_wconf 90' lang='lat' dir='ltr'><strong>ad</strong></span> <span class='ocrx_word' id='word_1_507' title='bbox 2504 3823 2751 3871; x_wconf 90' lang='lat' dir='ltr'><strong>sanctum</strong></span> <span class='ocrx_word' id='word_1_508' title='bbox 2779 3816 2997 3871; x_wconf 89' lang='lat' dir='ltr'><strong>Petrum</strong></span> <span class='ocrx_word' id='word_1_509' title='bbox 3024 3817 3324 3886; x_wconf 87' lang='lat' dir='ltr'><strong>apostolum</strong></span> <span class='ocrx_word' id='word_1_510' title='bbox 3357 3808 3505 3886; x_wconf 76' lang='lat' dir='ltr'><strong>lega-</strong></span> 
     </span>
    </p>
   </div>
   <div class='ocr_carea' id='block_1_80' title="bbox 1919 3907 3505 3979">
    <p class='ocr_par' dir='ltr' id='par_1_80' title="bbox 1919 3907 3505 3979">
     <span class='ocr_line' id='line_1_80' title="bbox 1919 3907 3505 3979; baseline -0.001 -18"><span class='ocrx_word' id='word_1_511' title='bbox 1919 3917 2000 3962; x_wconf 89' lang='lat' dir='ltr'><strong>tos</strong></span> <span class='ocrx_word' id='word_1_512' title='bbox 2044 3907 2261 3969; x_wconf 80' lang='lat' dir='ltr'><strong>direxit,</strong></span> <span class='ocrx_word' id='word_1_513' title='bbox 2292 3914 2353 3961; x_wconf 90' lang='lat' dir='ltr'><strong>ut</strong></span> <span class='ocrx_word' id='word_1_514' title='bbox 2383 3907 2450 3962; x_wconf 87' lang='lat' dir='ltr'><strong>ad</strong></span> <span class='ocrx_word' id='word_1_515' title='bbox 2474 3907 2827 3962; x_wconf 89' lang='lat' dir='ltr'><strong>salvationem</strong></span> <span class='ocrx_word' id='word_1_516' title='bbox 2851 3907 3141 3963; x_wconf 85' lang='lat' dir='ltr'><strong>subvenire</strong></span> <span class='ocrx_word' id='word_1_517' title='bbox 3168 3907 3505 3979; x_wconf 85' lang='lat' dir='ltr'><strong>dignaretur.</strong></span> 
     </span>
    </p>
   </div>
   <div class='ocr_carea' id='block_1_81' title="bbox 1916 3996 3502 4077">
    <p class='ocr_par' dir='ltr' id='par_1_81' title="bbox 1916 3996 3502 4077">
     <span class='ocr_line' id='line_1_81' title="bbox 1916 3996 3502 4077; baseline 0.001 -27"><span class='ocrx_word' id='word_1_518' title='bbox 1916 3997 2019 4064; x_wconf 90' lang='lat' dir='ltr'><strong>Qui</strong></span> <span class='ocrx_word' id='word_1_519' title='bbox 2046 3997 2252 4052; x_wconf 90' lang='lat' dir='ltr'><strong>visione</strong></span> <span class='ocrx_word' id='word_1_520' title='bbox 2275 3996 2492 4053; x_wconf 82' lang='lat' dir='ltr'><strong>caelitus</strong></span> <span class='ocrx_word' id='word_1_521' title='bbox 2522 3997 2698 4053; x_wconf 86' lang='lat' dir='ltr'><strong>delata</strong></span> <span class='ocrx_word' id='word_1_522' title='bbox 2722 3998 2972 4077; x_wconf 85' lang='lat' dir='ltr'><strong>edoctus,</strong></span> <span class='ocrx_word' id='word_1_523' title='bbox 3000 4013 3069 4053; x_wconf 91' lang='lat' dir='ltr'><strong>ne</strong></span> <span class='ocrx_word' id='word_1_524' title='bbox 3102 3998 3502 4054; x_wconf 87' lang='lat' dir='ltr'><strong>immunditiam</strong></span> 
     </span>
    </p>
   </div>
   <div class='ocr_carea' id='block_1_82' title="bbox 1916 4088 3509 4161">
    <p class='ocr_par' dir='ltr' id='par_1_82' title="bbox 1916 4088 3509 4161">
     <span class='ocr_line' id='line_1_82' title="bbox 1916 4088 3509 4161; baseline 0.003 -20"><span class='ocrx_word' id='word_1_525' title='bbox 1916 4089 2197 4157; x_wconf 70' lang='lat' dir='ltr'><strong>gentilium</strong></span> <span class='ocrx_word' id='word_1_526' title='bbox 2240 4089 2583 4156; x_wconf 87' lang='lat' dir='ltr'><strong>abhorreret,</strong></span> <span class='ocrx_word' id='word_1_527' title='bbox 2615 4089 2682 4144; x_wconf 91' lang='lat' dir='ltr'><strong>ad</strong></span> <span class='ocrx_word' id='word_1_528' title='bbox 2711 4104 2836 4145; x_wconf 88' lang='lat' dir='ltr'><strong>eum</strong></span> <span class='ocrx_word' id='word_1_529' title='bbox 2864 4105 3185 4161; x_wconf 89' lang='lat' dir='ltr'><strong>properans,</strong></span> <span class='ocrx_word' id='word_1_530' title='bbox 3212 4098 3268 4145; x_wconf 91' lang='lat' dir='ltr'><strong>et</strong></span> <span class='ocrx_word' id='word_1_531' title='bbox 3309 4090 3373 4145; x_wconf 89' lang='lat' dir='ltr'><strong>de</strong></span> <span class='ocrx_word' id='word_1_532' title='bbox 3404 4088 3509 4145; x_wconf 86' lang='lat' dir='ltr'><strong>ﬁde</strong></span> 
     </span>
    </p>
   </div>
   <div class='ocr_carea' id='block_1_83' title="bbox 1916 4178 3505 4251">
    <p class='ocr_par' dir='ltr' id='par_1_83' title="bbox 1916 4178 3505 4251">
     <span class='ocr_line' id='line_1_83' title="bbox 1916 4178 3505 4251; baseline -0.001 -16"><span class='ocrx_word' id='word_1_533' title='bbox 1916 4178 2045 4236; x_wconf 85' lang='lat' dir='ltr'><strong>Jesu</strong></span> <span class='ocrx_word' id='word_1_534' title='bbox 2070 4178 2272 4235; x_wconf 89' lang='lat' dir='ltr'><strong>Christi</strong></span> <span class='ocrx_word' id='word_1_535' title='bbox 2300 4179 2353 4234; x_wconf 92' lang='lat' dir='ltr'><strong>in</strong></span> <span class='ocrx_word' id='word_1_536' title='bbox 2381 4181 2604 4235; x_wconf 88' lang='lat' dir='ltr'><strong>auribus</strong></span> <span class='ocrx_word' id='word_1_537' title='bbox 2628 4181 2871 4251; x_wconf 90' lang='lat' dir='ltr'><strong>gentium</strong></span> <span class='ocrx_word' id='word_1_538' title='bbox 2892 4180 3199 4250; x_wconf 90' lang='lat' dir='ltr'><strong>disputans,</strong></span> <span class='ocrx_word' id='word_1_539' title='bbox 3232 4196 3296 4235; x_wconf 91' lang='lat' dir='ltr'><strong>ac</strong></span> <span class='ocrx_word' id='word_1_540' title='bbox 3326 4178 3505 4249; x_wconf 84' lang='lat' dir='ltr'><strong>Spiri-</strong></span> 
     </span>
    </p>
   </div>
   <div class='ocr_carea' id='block_1_84' title="bbox 1918 4271 3505 4341">
    <p class='ocr_par' dir='ltr' id='par_1_84' title="bbox 1918 4271 3505 4341">
     <span class='ocr_line' id='line_1_84' title="bbox 1918 4271 3505 4341; baseline -0.001 -16"><span class='ocrx_word' id='word_1_541' title='bbox 1918 4282 2034 4326; x_wconf 86' lang='lat' dir='ltr'><strong>tum</strong></span> <span class='ocrx_word' id='word_1_542' title='bbox 2068 4280 2317 4328; x_wconf 88' lang='lat' dir='ltr'><strong>sanctum</strong></span> <span class='ocrx_word' id='word_1_543' title='bbox 2348 4286 2416 4327; x_wconf 81' lang='lat' dir='ltr'><strong>ex</strong></span> <span class='ocrx_word' id='word_1_544' title='bbox 2454 4271 2597 4328; x_wconf 92' lang='lat' dir='ltr'><strong>dono</strong></span> <span class='ocrx_word' id='word_1_545' title='bbox 2626 4272 2931 4341; x_wconf 80' lang='lat' dir='ltr'><strong>linguarum</strong></span> <span class='ocrx_word' id='word_1_546' title='bbox 2965 4287 3059 4327; x_wconf 90' lang='lat' dir='ltr'><strong>eos</strong></span> <span class='ocrx_word' id='word_1_547' title='bbox 3083 4272 3359 4340; x_wconf 87' lang='lat' dir='ltr'><strong>accepisse</strong></span> <span class='ocrx_word' id='word_1_548' title='bbox 3396 4286 3505 4324; x_wconf 90' lang='lat' dir='ltr'><strong>non</strong></span> 
     </span>
    </p>
   </div>
   <div class='ocr_carea' id='block_1_85' title="bbox 1916 4362 3505 4433">
    <p class='ocr_par' dir='ltr' id='par_1_85' title="bbox 1916 4362 3505 4433">
     <span class='ocr_line' id='line_1_85' title="bbox 1916 4362 3505 4433; baseline -0.003 -13"><span class='ocrx_word' id='word_1_549' title='bbox 1916 4365 2193 4430; x_wconf 86' lang='lat' dir='ltr'><strong>dubitans,</strong></span> <span class='ocrx_word' id='word_1_550' title='bbox 2234 4378 2329 4419; x_wconf 89' lang='lat' dir='ltr'><strong>eos</strong></span> <span class='ocrx_word' id='word_1_551' title='bbox 2363 4363 2531 4431; x_wconf 89' lang='lat' dir='ltr'><strong>jussit</strong></span> <span class='ocrx_word' id='word_1_552' title='bbox 2579 4362 2867 4433; x_wconf 86' lang='lat' dir='ltr'><strong>baptizari,</strong></span> <span class='ocrx_word' id='word_1_553' title='bbox 2917 4372 3039 4432; x_wconf 90' lang='lat' dir='ltr'><strong>post</strong></span> <span class='ocrx_word' id='word_1_554' title='bbox 3092 4362 3505 4419; x_wconf 83' lang='lat' dir='ltr'><strong>conversionem</strong></span> 
     </span>
    </p>
   </div>
   <div class='ocr_carea' id='block_1_86' title="bbox 1918 4452 3507 4523">
    <p class='ocr_par' dir='ltr' id='par_1_86' title="bbox 1918 4452 3507 4523">
     <span class='ocr_line' id='line_1_86' title="bbox 1918 4452 3507 4523; baseline -0.003 -14"><span class='ocrx_word' id='word_1_555' title='bbox 1918 4455 2212 4509; x_wconf 91' lang='lat' dir='ltr'><strong>multorum</strong></span> <span class='ocrx_word' id='word_1_556' title='bbox 2256 4454 2485 4508; x_wconf 91' lang='lat' dir='ltr'><strong>millium</strong></span> <span class='ocrx_word' id='word_1_557' title='bbox 2516 4469 2585 4509; x_wconf 92' lang='lat' dir='ltr'><strong>ex</strong></span> <span class='ocrx_word' id='word_1_558' title='bbox 2611 4452 2833 4517; x_wconf 71' lang='lat' dir='ltr'><strong>Judaeis,</strong></span> <span class='ocrx_word' id='word_1_559' title='bbox 2871 4454 2968 4509; x_wconf 90' lang='lat' dir='ltr'><strong>has</strong></span> <span class='ocrx_word' id='word_1_560' title='bbox 2998 4454 3217 4523; x_wconf 68' lang='lat' dir='ltr'><strong>primas.</strong></span> <span class='ocrx_word' id='word_1_561' title='bbox 3244 4468 3309 4506; x_wconf 82' lang='lat' dir='ltr'><strong>ex</strong></span> <span class='ocrx_word' id='word_1_562' title='bbox 3338 4453 3507 4523; x_wconf 88' lang='lat' dir='ltr'><strong>genti-</strong></span> 
     </span>
    </p>
   </div>
   <div class='ocr_carea' id='block_1_87' title="bbox 1921 4541 3505 4612">
    <p class='ocr_par' dir='ltr' id='par_1_87' title="bbox 1921 4541 3505 4612">
     <span class='ocr_line' id='line_1_87' title="bbox 1921 4541 3505 4612; baseline -0.001 -15"><span class='ocrx_word' id='word_1_563' title='bbox 1921 4543 2061 4598; x_wconf 88' lang='lat' dir='ltr'><strong>libus</strong></span> <span class='ocrx_word' id='word_1_564' title='bbox 2086 4542 2355 4612; x_wconf 89' lang='lat' dir='ltr'><strong>primitias</strong></span> <span class='ocrx_word' id='word_1_565' title='bbox 2384 4544 2495 4597; x_wconf 91' lang='lat' dir='ltr'><strong>Deo</strong></span> <span class='ocrx_word' id='word_1_566' title='bbox 2516 4557 2863 4598; x_wconf 87' lang='lat' dir='ltr'><strong>consecrans.</strong></span> <span class='ocrx_word' id='word_1_567' title='bbox 2905 4541 3007 4609; x_wconf 85' lang='lat' dir='ltr'><strong>Qui</strong></span> <span class='ocrx_word' id='word_1_568' title='bbox 3046 4542 3353 4607; x_wconf 88' lang='lat' dir='ltr'><strong>Cornelius,</strong></span> <span class='ocrx_word' id='word_1_569' title='bbox 3381 4541 3505 4596; x_wconf 81' lang='lat' dir='ltr'><strong>reli-</strong></span> 
     </span>
    </p>
   </div>
   <div class='ocr_carea' id='block_1_88' title="bbox 218 4608 3503 4703">
    <p class='ocr_par' dir='ltr' id='par_1_88' title="bbox 218 4608 3503 4703">
     <span class='ocr_line' id='line_1_88' title="bbox 218 4608 3503 4703; baseline 0.001 -18"><span class='ocrx_word' id='word_1_570' title='bbox 218 4608 499 4701; x_wconf 82' lang='lat' dir='ltr'><strong>proposito</strong></span> <span class='ocrx_word' id='word_1_571' title='bbox 525 4641 892 4702; x_wconf 87' lang='lat' dir='ltr'><strong>permaneret.</strong></span> <span class='ocrx_word' id='word_1_572' title='bbox 936 4632 1242 4687; x_wconf 87' lang='lat' dir='ltr'><strong>Novissime</strong></span> <span class='ocrx_word' id='word_1_573' title='bbox 1284 4645 1415 4687; x_wconf 91' lang='lat' dir='ltr'><strong>vero</strong></span> <span class='ocrx_word' id='word_1_574' title='bbox 1449 4645 1572 4686; x_wconf 92' lang='lat' dir='ltr'><strong>cum</strong></span> <span class='ocrx_word' id='word_1_575' title='bbox 1618 4647 1814 4699; x_wconf 80' lang='lat' dir='ltr'><strong>magna</strong></span> <span class='ocrx_word' id='word_1_576' title='bbox 1847 4608 1896 4667; x_wconf 78' lang='lat' dir='ltr'>D</span> <span class='ocrx_word' id='word_1_577' title='bbox 1922 4641 2007 4688; x_wconf 87' lang='lat' dir='ltr'><strong>cta</strong></span> <span class='ocrx_word' id='word_1_578' title='bbox 2056 4608 2267 4697; x_wconf 85' lang='lat' dir='ltr'><strong>militia,</strong></span> <span class='ocrx_word' id='word_1_579' title='bbox 2301 4632 2444 4702; x_wconf 87' lang='lat' dir='ltr'><strong>apud</strong></span> <span class='ocrx_word' id='word_1_580' title='bbox 2486 4631 2769 4702; x_wconf 62' lang='lat' dir='ltr'><strong>praefatam</strong></span> <span class='ocrx_word' id='word_1_581' title='bbox 2808 4608 2994 4689; x_wconf 85' lang='lat' dir='ltr'><strong>urbem</strong></span> <span class='ocrx_word' id='word_1_582' title='bbox 3022 4633 3259 4703; x_wconf 84' lang='lat' dir='ltr'><strong>episcopi</strong></span> <span class='ocrx_word' id='word_1_583' title='bbox 3299 4638 3503 4688; x_wconf 87' lang='lat' dir='ltr'><strong>honore</strong></span> 
     </span>
    </p>
   </div>
   <div class='ocr_carea' id='block_1_89' title="bbox 218 4722 1819 4795">
    <p class='ocr_par' dir='ltr' id='par_1_89' title="bbox 218 4722 1819 4795">
     <span class='ocr_line' id='line_1_89' title="bbox 218 4722 1819 4795; baseline 0 -16"><span class='ocrx_word' id='word_1_584' title='bbox 218 4723 469 4780; x_wconf 90' lang='lat' dir='ltr'><strong>claritate</strong></span> <span class='ocrx_word' id='word_1_585' title='bbox 494 4724 730 4780; x_wconf 69' lang='lat' dir='ltr'><strong>caelestis</strong></span> <span class='ocrx_word' id='word_1_586' title='bbox 776 4723 996 4780; x_wconf 90' lang='lat' dir='ltr'><strong>luminis</strong></span> <span class='ocrx_word' id='word_1_587' title='bbox 1038 4724 1107 4779; x_wconf 90' lang='lat' dir='ltr'><strong>ad</strong></span> <span class='ocrx_word' id='word_1_588' title='bbox 1143 4723 1314 4779; x_wconf 86' lang='lat' dir='ltr'><strong>vitam</strong></span> <span class='ocrx_word' id='word_1_589' title='bbox 1359 4722 1623 4795; x_wconf 84' lang='lat' dir='ltr'><strong>migravit</strong></span> <span class='ocrx_word' id='word_1_590' title='bbox 1661 4728 1819 4779; x_wconf 78' lang='lat' dir='ltr'><strong>aeter-</strong></span> 
     </span>
    </p>
   </div>
   <div class='ocr_carea' id='block_1_90' title="bbox 218 4828 371 4869">
    <p class='ocr_par' dir='ltr' id='par_1_90' title="bbox 218 4828 371 4869">
     <span class='ocr_line' id='line_1_90' title="bbox 218 4828 371 4869; baseline 0.007 -1"><span class='ocrx_word' id='word_1_591' title='bbox 218 4828 371 4869; x_wconf 87' lang='lat' dir='ltr'><strong>nam.</strong></span> 
     </span>
    </p>
   </div>
   <div class='ocr_carea' id='block_1_91' title="bbox 290 4902 1814 4975">
    <p class='ocr_par' dir='ltr' id='par_1_91' title="bbox 290 4902 1814 4975">
     <span class='ocr_line' id='line_1_91' title="bbox 290 4902 1814 4975; baseline 0.001 -17"><span class='ocrx_word' id='word_1_592' title='bbox 290 4904 483 4958; x_wconf 74' lang='lat' dir='ltr'><strong>PRIDIE</strong></span> <span class='ocrx_word' id='word_1_593' title='bbox 514 4904 649 4960; x_wconf 77' lang='lat' dir='ltr'><strong>KAL.</strong></span> <span class='ocrx_word' id='word_1_594' title='bbox 679 4904 843 4959; x_wconf 69' lang='lat' dir='ltr'><strong>Fenn.</strong></span> <span class='ocrx_word' id='word_1_595' title='bbox 872 4934 943 4946; x_wconf 89' lang='grc'><strong><em>--</em></strong></span> <span class='ocrx_word' id='word_1_596' title='bbox 968 4903 1119 4975; x_wconf 90' lang='lat' dir='ltr'><strong>Apud</strong></span> <span class='ocrx_word' id='word_1_597' title='bbox 1141 4902 1527 4959; x_wconf 81' lang='lat' dir='ltr'><strong>Alexandriam</strong></span> <span class='ocrx_word' id='word_1_598' title='bbox 1555 4903 1814 4959; x_wconf 88' lang='lat' dir='ltr'><strong>nativitas</strong></span> 
     </span>
    </p>
   </div>
   <div class='ocr_carea' id='block_1_92' title="bbox 219 4994 1812 5065">
    <p class='ocr_par' dir='ltr' id='par_1_92' title="bbox 219 4994 1812 5065">
     <span class='ocr_line' id='line_1_92' title="bbox 219 4994 1812 5065; baseline 0.001 -17"><span class='ocrx_word' id='word_1_599' title='bbox 219 4994 278 5048; x_wconf 89' lang='lat' dir='ltr'><strong>S.</strong></span> <span class='ocrx_word' id='word_1_600' title='bbox 316 4994 542 5048; x_wconf 88' lang='lat' dir='ltr'><strong>Metrani</strong></span> <span class='ocrx_word' id='word_1_601' title='bbox 569 4996 860 5064; x_wconf 89' lang='lat' dir='ltr'><strong>martyris:</strong></span> <span class='ocrx_word' id='word_1_602' title='bbox 891 5010 1049 5064; x_wconf 88' lang='lat' dir='ltr'><strong>quem</strong></span> <span class='ocrx_word' id='word_1_603' title='bbox 1074 4996 1269 5065; x_wconf 88' lang='lat' dir='ltr'><strong>pagani</strong></span> <span class='ocrx_word' id='word_1_604' title='bbox 1293 4994 1812 5065; x_wconf 87' lang='lat' dir='ltr'><strong>correptumjuhent</strong></span> 
     </span>
    </p>
   </div>
   <div class='ocr_carea' id='block_1_93' title="bbox 218 5084 1811 5156">
    <p class='ocr_par' dir='ltr' id='par_1_93' title="bbox 218 5084 1811 5156">
     <span class='ocr_line' id='line_1_93' title="bbox 218 5084 1811 5156; baseline -0.001 -14"><span class='ocrx_word' id='word_1_605' title='bbox 218 5086 387 5155; x_wconf 88' lang='lat' dir='ltr'><strong>impia</strong></span> <span class='ocrx_word' id='word_1_606' title='bbox 422 5086 582 5140; x_wconf 90' lang='lat' dir='ltr'><strong>verba</strong></span> <span class='ocrx_word' id='word_1_607' title='bbox 632 5084 903 5156; x_wconf 82' lang='lat' dir='ltr'><strong>proferre.</strong></span> <span class='ocrx_word' id='word_1_608' title='bbox 945 5086 1101 5152; x_wconf 89' lang='lat' dir='ltr'><strong>Quod</strong></span> <span class='ocrx_word' id='word_1_609' title='bbox 1152 5086 1246 5141; x_wconf 92' lang='lat' dir='ltr'><strong>illo</strong></span> <span class='ocrx_word' id='word_1_610' title='bbox 1294 5095 1602 5148; x_wconf 86' lang='lat' dir='ltr'><strong>recusante,</strong></span> <span class='ocrx_word' id='word_1_611' title='bbox 1651 5100 1811 5141; x_wconf 89' lang='lat' dir='ltr'><strong>omne</strong></span> 
     </span>
    </p>
   </div>
   <div class='ocr_carea' id='block_1_94' title="bbox 216 5173 1820 5245">
    <p class='ocr_par' dir='ltr' id='par_1_94' title="bbox 216 5173 1820 5245">
     <span class='ocr_line' id='line_1_94' title="bbox 216 5173 1820 5245; baseline 0.002 -16"><span class='ocrx_word' id='word_1_612' title='bbox 216 5190 416 5245; x_wconf 88' lang='lat' dir='ltr'><strong>corpus</strong></span> <span class='ocrx_word' id='word_1_613' title='bbox 440 5173 558 5245; x_wconf 88' lang='lat' dir='ltr'><strong>ejus</strong></span> <span class='ocrx_word' id='word_1_614' title='bbox 580 5174 812 5231; x_wconf 85' lang='lat' dir='ltr'><strong>fustibus</strong></span> <span class='ocrx_word' id='word_1_615' title='bbox 833 5175 1172 5231; x_wconf 89' lang='lat' dir='ltr'><strong>colliserunt.</strong></span> <span class='ocrx_word' id='word_1_616' title='bbox 1197 5175 1522 5245; x_wconf 80' lang='lat' dir='ltr'><strong>Vultumque</strong></span> <span class='ocrx_word' id='word_1_617' title='bbox 1548 5185 1604 5232; x_wconf 89' lang='lat' dir='ltr'><strong>et</strong></span> <span class='ocrx_word' id='word_1_618' title='bbox 1624 5176 1820 5232; x_wconf 84' lang='lat' dir='ltr'><strong>oculos</strong></span> 
     </span>
    </p>
   </div>
   <div class='ocr_carea' id='block_1_95' title="bbox 217 5266 1814 5333">
    <p class='ocr_par' dir='ltr' id='par_1_95' title="bbox 217 5266 1814 5333">
     <span class='ocr_line' id='line_1_95' title="bbox 217 5266 1814 5333; baseline 0.001 -13"><span class='ocrx_word' id='word_1_619' title='bbox 217 5267 397 5322; x_wconf 89' lang='lat' dir='ltr'><strong>acutis</strong></span> <span class='ocrx_word' id='word_1_620' title='bbox 422 5266 649 5323; x_wconf 88' lang='lat' dir='ltr'><strong>calamis</strong></span> <span class='ocrx_word' id='word_1_621' title='bbox 678 5268 1040 5333; x_wconf 87' lang='lat' dir='ltr'><strong>terebrantes,</strong></span> <span class='ocrx_word' id='word_1_622' title='bbox 1068 5277 1221 5323; x_wconf 82' lang='lat' dir='ltr'><strong>extra</strong></span> <span class='ocrx_word' id='word_1_623' title='bbox 1244 5269 1435 5323; x_wconf 87' lang='lat' dir='ltr'><strong>urbem</strong></span> <span class='ocrx_word' id='word_1_624' title='bbox 1458 5284 1579 5324; x_wconf 91' lang='lat' dir='ltr'><strong>cum</strong></span> <span class='ocrx_word' id='word_1_625' title='bbox 1610 5269 1814 5323; x_wconf 86' lang='lat' dir='ltr'><strong>crucia-</strong></span> 
     </span>
    </p>
   </div>
   <div class='ocr_carea' id='block_1_96' title="bbox 220 5357 1782 5431">
    <p class='ocr_par' dir='ltr' id='par_1_96' title="bbox 220 5357 1782 5431">
     <span class='ocr_line' id='line_1_96' title="bbox 220 5357 1782 5431; baseline 0.001 -20"><span class='ocrx_word' id='word_1_626' title='bbox 220 5358 366 5413; x_wconf 88' lang='lat' dir='ltr'><strong>tibus</strong></span> <span class='ocrx_word' id='word_1_627' title='bbox 394 5359 736 5428; x_wconf 84' lang='lat' dir='ltr'><strong>expulerunt.</strong></span> <span class='ocrx_word' id='word_1_628' title='bbox 768 5357 956 5430; x_wconf 82' lang='lat' dir='ltr'><strong>Ibique</strong></span> <span class='ocrx_word' id='word_1_629' title='bbox 990 5359 1134 5431; x_wconf 87' lang='lat' dir='ltr'><strong>quod</strong></span> <span class='ocrx_word' id='word_1_630' title='bbox 1167 5360 1219 5414; x_wconf 89' lang='lat' dir='ltr'><strong>in</strong></span> <span class='ocrx_word' id='word_1_631' title='bbox 1242 5374 1308 5415; x_wconf 86' lang='lat' dir='ltr'><strong>eo</strong></span> <span class='ocrx_word' id='word_1_632' title='bbox 1336 5368 1623 5430; x_wconf 86' lang='lat' dir='ltr'><strong>supererat</strong></span> <span class='ocrx_word' id='word_1_633' title='bbox 1649 5360 1782 5431; x_wconf 88' lang='lat' dir='ltr'><strong>spiri</strong></span> 
     </span>
    </p>
   </div>
   <div class='ocr_carea' id='block_1_97' title="bbox 221 5446 1341 5518">
    <p class='ocr_par' dir='ltr' id='par_1_97' title="bbox 221 5446 1341 5518">
     <span class='ocr_line' id='line_1_97' title="bbox 221 5446 1341 5518; baseline -0.001 -15"><span class='ocrx_word' id='word_1_634' title='bbox 221 5460 330 5513; x_wconf 89' lang='lat' dir='ltr'><strong>tus,</strong></span> <span class='ocrx_word' id='word_1_635' title='bbox 358 5448 625 5518; x_wconf 88' lang='lat' dir='ltr'><strong>lapidibus</strong></span> <span class='ocrx_word' id='word_1_636' title='bbox 659 5446 927 5516; x_wconf 85' lang='lat' dir='ltr'><strong>ejecerunl</strong></span> <span class='ocrx_word' id='word_1_637' title='bbox 941 5486 956 5502; x_wconf 95' lang='lat'><strong>.</strong></span> <span class='ocrx_word' id='word_1_638' title='bbox 1328 5474 1341 5481; x_wconf 87' lang='lat'><strong>~</strong></span> 
     </span>
    </p>
   </div>
   <div class='ocr_carea' id='block_1_98' title="bbox 293 5532 1811 5604">
    <p class='ocr_par' dir='ltr' id='par_1_98' title="bbox 293 5532 1811 5604">
     <span class='ocr_line' id='line_1_98' title="bbox 293 5532 1811 5604; baseline 0.003 -13"><span class='ocrx_word' id='word_1_639' title='bbox 293 5537 424 5592; x_wconf 87' lang='lat' dir='ltr'><strong>Item</strong></span> <span class='ocrx_word' id='word_1_640' title='bbox 487 5538 864 5604; x_wconf 70' lang='lat' dir='ltr'><strong>Alexandriae,</strong></span> <span class='ocrx_word' id='word_1_641' title='bbox 929 5539 1186 5603; x_wconf 84' lang='lat' dir='ltr'><strong>Tarsitii,</strong></span> <span class='ocrx_word' id='word_1_642' title='bbox 1247 5532 1415 5595; x_wconf 88' lang='lat' dir='ltr'><strong>Zotici</strong></span> <span class='ocrx_word' id='word_1_643' title='bbox 1476 5548 1530 5595; x_wconf 86' lang='lat' dir='ltr'><strong>et</strong></span> <span class='ocrx_word' id='word_1_644' title='bbox 1587 5540 1811 5596; x_wconf 85' lang='lat' dir='ltr'><strong>Ammo-</strong></span> 
     </span>
    </p>
   </div>
   <div class='ocr_carea' id='block_1_99' title="bbox 219 5636 319 5689">
    <p class='ocr_par' dir='ltr' id='par_1_99' title="bbox 219 5636 319 5689">
     <span class='ocr_line' id='line_1_99' title="bbox 264 5636 293 5648; baseline 0 0"><span class='ocrx_word' id='word_1_645' title='bbox 264 5636 293 5648; x_wconf 74' lang='grc' dir='ltr'><strong>ι.</strong></span> 
     </span>
     <span class='ocr_line' id='line_1_100' title="bbox 219 5652 319 5689; baseline 0.01 -1"><span class='ocrx_word' id='word_1_646' title='bbox 219 5652 319 5689; x_wconf 77' lang='lat' dir='ltr'><strong>IIII.</strong></span> 
     </span>
    </p>
   </div>
   <div class='ocr_carea' id='block_1_100' title="bbox 290 5724 1810 5799">
    <p class='ocr_par' dir='ltr' id='par_1_100' title="bbox 290 5724 1810 5799">
     <span class='ocr_line' id='line_1_101' title="bbox 290 5724 1810 5799; baseline 0.002 -21"><span class='ocrx_word' id='word_1_647' title='bbox 290 5724 348 5779; x_wconf 76' lang='lat' dir='ltr'><strong>In</strong></span> <span class='ocrx_word' id='word_1_648' title='bbox 376 5724 583 5794; x_wconf 82' lang='lat' dir='ltr'><strong>Africa,</strong></span> <span class='ocrx_word' id='word_1_649' title='bbox 609 5726 860 5794; x_wconf 78' lang='lat' dir='ltr'><strong>Victoris,</strong></span> <span class='ocrx_word' id='word_1_650' title='bbox 890 5729 1086 5790; x_wconf 82' lang='lat' dir='ltr'><strong>Publii,</strong></span> <span class='ocrx_word' id='word_1_651' title='bbox 1119 5727 1396 5785; x_wconf 86' lang='lat' dir='ltr'><strong>Saturnini</strong></span> <span class='ocrx_word' id='word_1_652' title='bbox 1428 5738 1485 5786; x_wconf 90' lang='lat' dir='ltr'><strong>et</strong></span> <span class='ocrx_word' id='word_1_653' title='bbox 1506 5729 1810 5799; x_wconf 86' lang='lat' dir='ltr'><strong>Polycarpi.</strong></span> 
     </span>
    </p>
   </div>
   <div class='ocr_carea' id='block_1_101' title="bbox 220 5815 1206 5888">
    <p class='ocr_par' dir='ltr' id='par_1_101' title="bbox 220 5815 1206 5888">
     <span class='ocr_line' id='line_1_102' title="bbox 220 5815 1206 5888; baseline 0.005 -19"><span class='ocrx_word' id='word_1_654' title='bbox 220 5815 353 5870; x_wconf 88' lang='lat' dir='ltr'><strong>Item</strong></span> <span class='ocrx_word' id='word_1_655' title='bbox 380 5817 595 5888; x_wconf 82' lang='lat' dir='ltr'><strong>Thyrsi,</strong></span> <span class='ocrx_word' id='word_1_656' title='bbox 620 5819 823 5876; x_wconf 86' lang='lat' dir='ltr'><strong>Gelasii</strong></span> <span class='ocrx_word' id='word_1_657' title='bbox 849 5831 905 5875; x_wconf 89' lang='lat' dir='ltr'><strong>et</strong></span> <span class='ocrx_word' id='word_1_658' title='bbox 942 5821 1206 5877; x_wconf 86' lang='lat' dir='ltr'><strong>Gallinici.</strong></span> 
     </span>
    </p>
   </div>
   <div class='ocr_carea' id='block_1_102' title="bbox 1917 4721 2485 4792">
    <p class='ocr_par' dir='ltr' id='par_1_102' title="bbox 1917 4721 2485 4792">
     <span class='ocr_line' id='line_1_103' title="bbox 1917 4721 2485 4792; baseline -0.004 -15"><span class='ocrx_word' id='word_1_659' title='bbox 1917 4722 2238 4777; x_wconf 89' lang='lat' dir='ltr'><strong>sublimatus</strong></span> <span class='ocrx_word' id='word_1_660' title='bbox 2257 4721 2485 4792; x_wconf 88' lang='lat' dir='ltr'><strong>quievit.</strong></span> 
     </span>
    </p>
   </div>
   <div class='ocr_carea' id='block_1_103' title="bbox 1988 4812 3504 4882">
    <p class='ocr_par' dir='ltr' id='par_1_103' title="bbox 1988 4812 3504 4882">
     <span class='ocr_line' id='line_1_104' title="bbox 1988 4812 3504 4882; baseline -0.001 -15"><span class='ocrx_word' id='word_1_661' title='bbox 1988 4812 2194 4879; x_wconf 64' lang='lat' dir='ltr'><strong>Romae,</strong></span> <span class='ocrx_word' id='word_1_662' title='bbox 2226 4813 2399 4868; x_wconf 89' lang='lat' dir='ltr'><strong>sancti</strong></span> <span class='ocrx_word' id='word_1_663' title='bbox 2442 4812 2747 4882; x_wconf 84' lang='lat' dir='ltr'><strong>Aproniani</strong></span> <span class='ocrx_word' id='word_1_664' title='bbox 2790 4814 3317 4879; x_wconf 86' lang='lat' dir='ltr'><strong>commentariensis,</strong></span> <span class='ocrx_word' id='word_1_665' title='bbox 3356 4813 3504 4882; x_wconf 88' lang='lat' dir='ltr'><strong>quia</strong></span> 
     </span>
    </p>
   </div>
   <div class='ocr_carea' id='block_1_104' title="bbox 1915 4902 3505 4975">
    <p class='ocr_par' dir='ltr' id='par_1_104' title="bbox 1915 4902 3505 4975">
     <span class='ocr_line' id='line_1_105' title="bbox 1915 4902 3505 4975; baseline -0.003 -17"><span class='ocrx_word' id='word_1_666' title='bbox 1915 4902 2155 4958; x_wconf 88' lang='lat' dir='ltr'><strong>Sisinnio</strong></span> <span class='ocrx_word' id='word_1_667' title='bbox 2184 4903 2410 4958; x_wconf 88' lang='lat' dir='ltr'><strong>diacono</strong></span> <span class='ocrx_word' id='word_1_668' title='bbox 2442 4902 2679 4959; x_wconf 84' lang='lat' dir='ltr'><strong>Marcelli</strong></span> <span class='ocrx_word' id='word_1_669' title='bbox 2710 4918 2862 4974; x_wconf 72' lang='lat' dir='ltr'><strong>papae</strong></span> <span class='ocrx_word' id='word_1_670' title='bbox 2882 4904 3212 4975; x_wconf 88' lang='lat' dir='ltr'><strong>baptizatus,</strong></span> <span class='ocrx_word' id='word_1_671' title='bbox 3246 4920 3274 4957; x_wconf 91' lang='lat' dir='ltr'><strong>a</strong></span> <span class='ocrx_word' id='word_1_672' title='bbox 3306 4902 3505 4957; x_wconf 81' lang='lat' dir='ltr'><strong>Laodi-</strong></span> 
     </span>
    </p>
   </div>
   <div class='ocr_carea' id='block_1_105' title="bbox 1914 4992 3506 5066">
    <p class='ocr_par' dir='ltr' id='par_1_105' title="bbox 1914 4992 3506 5066">
     <span class='ocr_line' id='line_1_106' title="bbox 1914 4992 3506 5066; baseline -0.003 -14"><span class='ocrx_word' id='word_1_673' title='bbox 1914 4997 2001 5052; x_wconf 88' lang='lat' dir='ltr'><strong>cio</strong></span> <span class='ocrx_word' id='word_1_674' title='bbox 2038 4996 2293 5065; x_wconf 82' lang='lat' dir='ltr'><strong>praefecto</strong></span> <span class='ocrx_word' id='word_1_675' title='bbox 2317 4994 2479 5051; x_wconf 88' lang='lat' dir='ltr'><strong>Urbis</strong></span> <span class='ocrx_word' id='word_1_676' title='bbox 2509 4995 2684 5066; x_wconf 87' lang='lat' dir='ltr'><strong>capite</strong></span> <span class='ocrx_word' id='word_1_677' title='bbox 2720 5004 3004 5052; x_wconf 86' lang='lat' dir='ltr'><strong>truncatus</strong></span> <span class='ocrx_word' id='word_1_678' title='bbox 3034 5005 3140 5061; x_wconf 85' lang='lat' dir='ltr'><strong>est,</strong></span> <span class='ocrx_word' id='word_1_679' title='bbox 3174 4992 3506 5064; x_wconf 87' lang='lat' dir='ltr'><strong>temporibus</strong></span> 
     </span>
    </p>
   </div>
   <div class='ocr_carea' id='block_1_106' title="bbox 1917 5086 2513 5159">
    <p class='ocr_par' dir='ltr' id='par_1_106' title="bbox 1917 5086 2513 5159">
     <span class='ocr_line' id='line_1_107' title="bbox 1917 5086 2513 5159; baseline 0.002 -19"><span class='ocrx_word' id='word_1_680' title='bbox 1917 5086 2224 5141; x_wconf 77' lang='lat' dir='ltr'><strong>Maximiani</strong></span> <span class='ocrx_word' id='word_1_681' title='bbox 2265 5086 2513 5159; x_wconf 85' lang='lat' dir='ltr'><strong>Augusti.</strong></span> 
     </span>
    </p>
   </div>
   <div class='ocr_carea' id='block_1_107' title="bbox 1985 5176 3504 5250">
    <p class='ocr_par' dir='ltr' id='par_1_107' title="bbox 1985 5176 3504 5250">
     <span class='ocr_line' id='line_1_108' title="bbox 1985 5176 3504 5250; baseline -0.002 -18"><span class='ocrx_word' id='word_1_682' title='bbox 1985 5178 2116 5233; x_wconf 89' lang='lat' dir='ltr'><strong>ltem</strong></span> <span class='ocrx_word' id='word_1_683' title='bbox 2142 5177 2328 5233; x_wconf 72' lang='lat' dir='ltr'><strong>Romae</strong></span> <span class='ocrx_word' id='word_1_684' title='bbox 2367 5177 2486 5233; x_wconf 79' lang='lat' dir='ltr'><strong>foro</strong></span> <span class='ocrx_word' id='word_1_685' title='bbox 2524 5179 2856 5250; x_wconf 88' lang='lat' dir='ltr'><strong>Sympronii,</strong></span> <span class='ocrx_word' id='word_1_686' title='bbox 2882 5180 2966 5233; x_wconf 89' lang='lat' dir='ltr'><strong>via</strong></span> <span class='ocrx_word' id='word_1_687' title='bbox 2993 5178 3274 5243; x_wconf 76' lang='lat' dir='ltr'><strong>Flaminia,</strong></span> <span class='ocrx_word' id='word_1_688' title='bbox 3312 5176 3504 5231; x_wconf 88' lang='lat' dir='ltr'><strong>millia-</strong></span> 
     </span>
    </p>
   </div>
   <div class='ocr_carea' id='block_1_108' title="bbox 1912 5269 3502 5340">
    <p class='ocr_par' dir='ltr' id='par_1_108' title="bbox 1912 5269 3502 5340">
     <span class='ocr_line' id='line_1_109' title="bbox 1912 5269 3502 5340; baseline -0.001 -15"><span class='ocrx_word' id='word_1_689' title='bbox 1912 5271 1994 5325; x_wconf 87' lang='lat' dir='ltr'><strong>rio</strong></span> <span class='ocrx_word' id='word_1_690' title='bbox 2022 5271 2092 5325; x_wconf 84' lang='lat' dir='ltr'><strong>ab</strong></span> <span class='ocrx_word' id='word_1_691' title='bbox 2124 5270 2268 5326; x_wconf 86' lang='lat' dir='ltr'><strong>Urbe</strong></span> <span class='ocrx_word' id='word_1_692' title='bbox 2290 5286 2476 5335; x_wconf 69' lang='lat' dir='ltr'><strong>CLXIII,</strong></span> <span class='ocrx_word' id='word_1_693' title='bbox 2510 5270 2812 5337; x_wconf 89' lang='lat' dir='ltr'><strong>Laurentii,</strong></span> <span class='ocrx_word' id='word_1_694' title='bbox 2846 5270 3135 5340; x_wconf 89' lang='lat' dir='ltr'><strong>llippolyti,</strong></span> <span class='ocrx_word' id='word_1_695' title='bbox 3167 5278 3221 5324; x_wconf 92' lang='lat' dir='ltr'><strong>et</strong></span> <span class='ocrx_word' id='word_1_696' title='bbox 3248 5269 3502 5323; x_wconf 89' lang='lat' dir='ltr'><strong>nativitas</strong></span> 
     </span>
    </p>
   </div>
   <div class='ocr_carea' id='block_1_109' title="bbox 1917 5360 2311 5418">
    <p class='ocr_par' dir='ltr' id='par_1_109' title="bbox 1917 5360 2311 5418">
     <span class='ocr_line' id='line_1_110' title="bbox 1917 5360 2311 5418; baseline -0.005 -1"><span class='ocrx_word' id='word_1_697' title='bbox 1917 5369 1971 5418; x_wconf 73' lang='grc' dir='ltr'><strong>δ.</strong></span> <span class='ocrx_word' id='word_1_698' title='bbox 2002 5360 2311 5418; x_wconf 80' lang='lat' dir='ltr'><strong>Fortunati.</strong></span> 
     </span>
    </p>
   </div>
   <div class='ocr_carea' id='block_1_110' title="bbox 1986 5452 3503 5520">
    <p class='ocr_par' dir='ltr' id='par_1_110' title="bbox 1986 5452 3503 5520">
     <span class='ocr_line' id='line_1_111' title="bbox 1986 5452 3503 5520; baseline 0 -12"><span class='ocrx_word' id='word_1_699' title='bbox 1986 5455 2042 5508; x_wconf 93' lang='lat' dir='ltr'><strong>ln</strong></span> <span class='ocrx_word' id='word_1_700' title='bbox 2094 5454 2297 5519; x_wconf 77' lang='lat' dir='ltr'><strong>Africa,</strong></span> <span class='ocrx_word' id='word_1_701' title='bbox 2362 5455 2613 5518; x_wconf 87' lang='lat' dir='ltr'><strong>Victoris,</strong></span> <span class='ocrx_word' id='word_1_702' title='bbox 2660 5454 2911 5519; x_wconf 82' lang='lat' dir='ltr'><strong>Maurini,</strong></span> <span class='ocrx_word' id='word_1_703' title='bbox 2954 5452 3233 5520; x_wconf 87' lang='lat' dir='ltr'><strong>Honorati,</strong></span> <span class='ocrx_word' id='word_1_704' title='bbox 3275 5453 3503 5519; x_wconf 88' lang='lat' dir='ltr'><strong>Urbani,</strong></span> 
     </span>
    </p>
   </div>
   <div class='ocr_carea' id='block_1_111' title="bbox 1916 5546 3499 5616">
    <p class='ocr_par' dir='ltr' id='par_1_111' title="bbox 1916 5546 3499 5616">
     <span class='ocr_line' id='line_1_112' title="bbox 1916 5546 3499 5616; baseline 0 -14"><span class='ocrx_word' id='word_1_705' title='bbox 1916 5548 2139 5613; x_wconf 83' lang='lat' dir='ltr'><strong>Hilarii,</strong></span> <span class='ocrx_word' id='word_1_706' title='bbox 2201 5548 2475 5616; x_wconf 89' lang='lat' dir='ltr'><strong>Perpetui,</strong></span> <span class='ocrx_word' id='word_1_707' title='bbox 2529 5547 2760 5611; x_wconf 81' lang='lat' dir='ltr'><strong>Juliani,</strong></span> <span class='ocrx_word' id='word_1_708' title='bbox 2816 5546 3108 5602; x_wconf 70' lang='lat' dir='ltr'><strong>Privatulae</strong></span> <span class='ocrx_word' id='word_1_709' title='bbox 3167 5557 3220 5603; x_wconf 92' lang='lat' dir='ltr'><strong>et</strong></span> <span class='ocrx_word' id='word_1_710' title='bbox 3272 5547 3499 5602; x_wconf 87' lang='lat' dir='ltr'><strong>aliorum</strong></span> 
     </span>
    </p>
   </div>
   <div class='ocr_carea' id='block_1_112' title="bbox 1916 5638 2541 5708">
    <p class='ocr_par' dir='ltr' id='par_1_112' title="bbox 1916 5638 2541 5708">
     <span class='ocr_line' id='line_1_113' title="bbox 1916 5638 2541 5708; baseline -0.003 -16"><span class='ocrx_word' id='word_1_711' title='bbox 1916 5638 2256 5708; x_wconf 88' lang='lat' dir='ltr'><strong>septuaginta</strong></span> <span class='ocrx_word' id='word_1_712' title='bbox 2288 5646 2541 5706; x_wconf 89' lang='lat' dir='ltr'><strong>quatuor.</strong></span> 
     </span>
    </p>
   </div>
   <div class='ocr_carea' id='block_1_113' title="bbox 1986 5728 3497 5801">
    <p class='ocr_par' dir='ltr' id='par_1_113' title="bbox 1986 5728 3497 5801">
     <span class='ocr_line' id='line_1_114' title="bbox 1986 5728 3497 5801; baseline 0 -20"><span class='ocrx_word' id='word_1_713' title='bbox 1986 5728 2292 5783; x_wconf 87' lang='lat' dir='ltr'><strong>Aurelianis</strong></span> <span class='ocrx_word' id='word_1_714' title='bbox 2317 5728 2581 5797; x_wconf 88' lang='lat' dir='ltr'><strong>depositio</strong></span> <span class='ocrx_word' id='word_1_715' title='bbox 2603 5728 2663 5781; x_wconf 84' lang='grc' dir='ltr'><strong>Β.</strong></span> <span class='ocrx_word' id='word_1_716' title='bbox 2694 5728 2927 5786; x_wconf 84' lang='lat' dir='ltr'><strong>Flosculi</strong></span> <span class='ocrx_word' id='word_1_717' title='bbox 2956 5732 3191 5801; x_wconf 83' lang='lat' dir='ltr'><strong>episcopi</strong></span> <span class='ocrx_word' id='word_1_718' title='bbox 3217 5738 3269 5786; x_wconf 91' lang='lat' dir='ltr'><strong>et</strong></span> <span class='ocrx_word' id='word_1_719' title='bbox 3293 5730 3497 5786; x_wconf 58' lang='lat' dir='ltr'><strong>confer</strong></span> 
     </span>
    </p>
   </div>
   <div class='ocr_carea' id='block_1_114' title="bbox 1918 5817 2731 5887">
    <p class='ocr_par' dir='ltr' id='par_1_114' title="bbox 1918 5817 2731 5887">
     <span class='ocr_line' id='line_1_115' title="bbox 1918 5817 2731 5887; baseline 0 -14"><span class='ocrx_word' id='word_1_720' title='bbox 1918 5818 2079 5883; x_wconf 86' lang='lat' dir='ltr'><strong>seris,</strong></span> <span class='ocrx_word' id='word_1_721' title='bbox 2112 5827 2166 5874; x_wconf 90' lang='lat' dir='ltr'><strong>ct</strong></span> <span class='ocrx_word' id='word_1_722' title='bbox 2197 5817 2459 5873; x_wconf 79' lang='lat' dir='ltr'><strong>Sichariae</strong></span> <span class='ocrx_word' id='word_1_723' title='bbox 2487 5817 2731 5887; x_wconf 84' lang='lat' dir='ltr'><strong>virginis.</strong></span> 
     </span>
    </p>
   </div>
  </div>
