4046 6424
571 373 595 425 1
606 372 709 428 043

1451 381 1506 434 e.
1549 382 1851 440 NOTKERI
1891 386 2180 444 BALBULI
2235 391 2293 447 s.
2325 369 2874 469 GALLI'MONACHI

3712 409 3841 464 {0H

642 490 707 545 ΙΙΙ
741 487 875 593 Noti.
909 490 1071 546 Fusa.
1103 525 1171 533 --
1193 493 1249 548 lu
1283 494 1526 551 Sebastia
1556 499 1771 554 civitate
1801 500 2149 571 Cappadocia:
2180 518 2223 574 Α
2253 508 2461 564 sionem
2502 525 2624 564 mox
2655 520 2711 567 et
2737 512 2852 582 ipse
2879 521 3058 570 tentus
3088 531 3150 572 ac
3179 532 3472 590 suspensus
3506 521 3560 576 in
3591 526 3849 593 equuleo,

569 585 754 654 passio
802 581 861 639 S.
895 588 1151 658 martyris
1198 588 1398 644 Christi
1429 590 1590 646 Blasii
1631 593 1889 663 episcopi,
1928 594 2017 664 qui
2051 597 2150 650 sub

570 676 856 746 Agricolao
881 680 1108 747 praeside
1137 681 1313 750 capite
1344 693 1624 740 truncatus
1649 694 1732 741 est
1757 704 1771 740 :
1795 703 1914 742 cum
1942 689 2152 745 duobus

567 770 830 838 puerulis,
875 771 998 827 filiis
1029 773 1188 829 unius
1235 775 1501 840 mulieris,
1529 778 1594 832 de
1616 777 1722 834 illis
1756 789 1962 855 septem
2006 797 2148 855 quae,

568 873 668 927 per
692 863 1134 930 praedicationem
1160 864 1276 934 ejus
1303 867 1636 934 confortatte,
1666 874 1766 927 sub
1789 873 1980 928 eodem
2021 889 2154 944 praev

569 950 686 1005 side
716 953 1227 1023 ntartyrizaverunt.

635 1041 694 1095 ln
722 1043 928 1111 Africa,
960 1045 1103 1101 beati
1126 1047 1356 1104 Celerini
1388 1051 1598 1106 diaconi
1631 1061 1687 1107 et
1722 1053 2070 1122 confessoris,
2098 1066 2153 1110 et

566 1141 880 1188 sanctorum
922 1145 1222 1207 martyrum
1261 1138 1522 1195 Celerina:
1571 1142 1707 1197 aviae
1755 1143 1894 1212 ejus,
1920 1152 1975 1199 et
2012 1143 2154 1199 Lau-

567 1224 763 1278 rentini
791 1225 988 1295 patrui,
1021 1235 1074 1281 et
1099 1226 1292 1298 lgnatii
1321 1231 1574 1284 avunculi
1605 1232 1791 1302 ipsius.

635 1315 881 1386 Lugduni
910 1319 1176 1389 depositio
1208 1321 1269 1375 'S.
1295 1321 1542 1392 Lupicini
1569 1325 1829 1395 episcopi.

635 1407 827 1464 PRIDIE
862 1410 997 1466 Nos.
1025 1411 1187 1466 Feaa.
1213 1443 1280 1454 ——
1307 1413 1362 1468 In
1391 1414 1534 1470 Foro
1559 1415 1863 1486 Sympronii
1898 1418 2155 1474 nativitas

565 1513 876 1560 sanctorum
911 1506 1380 1575 Gemini,Gelasii,
1405 1509 1601 1564 Mannii
1645 1508 1890 1583 [Magni],
1917 1512 2153 1582 Aquilini

566 1593 794 1668 [Aquili]
826 1607 882 1653 et
905 1599 1121 1654 Donati.

634 1686 696 1742 In
767 1687 984 1743 civitate
1044 1689 1299 1762 Egypti,
1363 1708 1482 1761 quae
1543 1693 1843 1764 appellatur
1912 1692 2156 1765 Thynius

571 1777 843 1851 [Tbmuis]
890 1781 1070 1849 passio
1116 1781 1262 1837 beati
1312 1783 1508 1838 Phileae
1557 1783 1797 1852 ejusdem
1848 1784 1997 1840 urbis
2037 1784 2155 1854 epi-

2255 609 2403 655 tanta
2433 603 2752 660 crudelitate
2784 617 2957 663 tortus
2983 617 3088 673 est,
3129 619 3188 665 ut
3215 627 3402 670 omnes
3427 616 3852 686 circumstantes

2251 692 2717 748 exltorrescerent.
2751 695 3052 754 Novissime
3077 716 3205 755 vero
3245 717 3385 758 caeso
3422 705 3600 774 capite
3644 720 3850 784 marty-

2254 786 2394 834 rium
2421 786 2838 841 consummavit.

2325 871 2524 928 Eodem
2567 874 2653 930 die
2681 877 2937 933 nativitas
2967 879 3308 950 Antholiani,
3349 885 3441 955 qui
3470 887 3612 958 apud
3657 888 3845 944 urbem

2252 966 2552 1027 Arvernam
2580 972 2842 1042 martyrio
2878 984 3189 1046 coronatus.

2323 1056 2380 1111 In
2425 1057 2632 1126 Gallia,
2669 1061 2887 1140 civitate
2923 1064 3161 1120 Aderato
3201 1066 3546 1143 [Atrebati],
3576 1074 3846 1143 depositio

2254 1149 2424 1202 sancti
2456 1148 2666 1206 Vedasti
2701 1153 2936 1225 episcOpi
2971 1163 3026 1209 et
3058 1157 3406 1214 confessoris.

2325 1239 2381 1292 ln
2415 1239 2636 1298 Hellone
2676 1247 3006 1300 monasterio
3051 1247 3318 1318 depositio
3357 1249 3416 1316 S.
3456 1253 3698 1314 Amandi
3741 1257 3852 1338 epi-

2258 1329 2403 1399 SCOpi
2433 1338 2486 1384 et
2514 1331 2864 1388 confessoris.

2331 1419 2416 1474 VII
2458 1421 2532 1475 In.
2578 1423 2742 1478 FEB“.
2785 1457 2854 1465 —
2888 1426 2944 1480 In
2975 1427 3272 1486 Britanniis
3299 1435 3470 1488 sancti
3501 1433 3744 1506 Moyseis
3771 1438 3851 1492 vel

2259 1510 2457 1583 Moysis
2486 1516 2808 1572 venerabilis
2849 1519 3106 1590 episcopi.
3159 1520 3260 1588 Qui
3305 1524 3480 1591 primo
3527 1527 3752 1594 quidem
3801 1529 3850 1583 in

2259 1616 2443 1657 eremo
2473 1603 2638 1658 vitam
2662 1605 2955 1661 solitariam
2986 1609 3206 1673 ducens,
3237 1613 3446 1667 meritis
3477 1623 3534 1668 et
3559 1616 3852 1672 virtutibus

2260 1706 2322 1746 ac
2350 1692 2520 1763 signis
2545 1711 2665 1763 qua:
2694 1695 2923 1753 faciebat
2954 1715 3051 1769 per
3075 1700 3218 1755 illum
3250 1701 3530 1767 Dominus,
3561 1707 3848 1775 magnifice

2263 1783 2593 1840 innotuerat.
2627 1786 2837 1856 Quique
2865 1797 3076 1858 postea,
3114 1800 3330 1862 petente
3375 1792 3588 1849 Mauvia
3625 1795 3853 1852 Sarace-

565 1871 752 1942 sc0pi,
784 1882 840 1927 et
880 1871 1173 1929 Philoromi
1223 1875 1423 1930 tribuni
1471 1876 1700 1931 militum
1745 1876 2153 1932 Romanorum:
2185 1897 2232 1955 Β
2262 1889 2452 1928 norum
2504 1875 2722 1946 regina,
2755 1878 3040 1948 episcopus
3081 1879 3222 1935 illius
3261 1883 3435 1949 gentis
3476 1882 3689 1947 factus,
3729 1885 3852 1940 fidei

566 1964 658 2031 qui
691 1966 1050 2021 constantiam
1079 1966 1316 2037 episcopi
1349 1968 1669 2034 admiratus,
1692 1977 1747 2023 et
1768 1983 1886 2023 eam
1909 1967 2160 2022 laudibus

567 2064 909 2123 prosecutus,
941 2057 1146 2127 pariter
1188 2074 1311 2113 cum
1352 2075 1418 2115 eo
1451 2060 1626 2130 capite
1652 2060 1846 2129 plexus
1891 2068 1994 2114 est.
2025 2058 2159 2113 Cttm

549 2145 770 2212 quibus
798 2147 961 2201 etiam
989 2148 1270 2204 innumera
1301 2150 1589 2204 multitudo
1617 2150 1854 2208 ﬁdelium
1882 2167 1945 2204 ex
1971 2150 2160 2205 eadem

572 2239 709 2294 urbe
733 2241 967 2309 pastoris
990 2241 1070 2296 sui
1098 2242 1322 2314 vestigia
1349 2257 1599 2311 sequens,
1618 2244 1995 2312 persecutione
2019 2257 2162 2296 mar-

570 2330 715 2398 tyrio
749 2340 1004 2385 coronata
1034 2339 1138 2386 est.

647 2417 782 2474 Non.
814 2419 983 2474 Fama.
1012 2449 1080 2460 ο-
1107 2419 1163 2474 lu
1194 2421 1417 2476 civitate
1452 2422 1632 2478 Patris
1661 2423 1928 2478 ordinatio
1955 2423 2162 2492 episco-

575 2519 733 2576 patus
765 2508 824 2564 S.
854 2509 1082 2565 Andrea:
1109 2511 1357 2580 apostoli.

647 2599 704 2653 lu
735 2599 942 2666 Sicilia,
973 2601 1105 2656 urbe
1128 2601 1341 2669 Catina,
1382 2605 1565 2674 passio
1590 2604 1646 2660 S.
1685 2606 1910 2677 Agathae
1938 2606 2162 2678 virginis

576 2689 679 2745 sub
716 2690 880 2746 Decio
910 2691 1264 2762 imperatore,
1308 2695 1630 2764 proconsule
1669 2695 2001 2763 Quintiano:
2043 2712 2164 2766 quae

577 2793 699 2852 post
735 2781 922 2852 alapas
964 2791 1019 2836 ct
1063 2799 1381 2852 carcerem,
1417 2795 1541 2856 post.
1578 2787 1863 2857 equuleum
1895 2798 1950 2843 et
1975 2789 2164 2842 tertio-

571 2888 670 2932 nes
691 2914 705 2940 ,
733 2881 857 2944 post
899 2875 1258 2929 mamillarum
1289 2877 1697 2944 abscissionem,
1737 2880 1831 2935 sed
1860 2895 1890 2933 a
1936 2880 2164 2934 Domino

575 2967 932 3032 sanationem,
970 2976 1094 3037 post
1131 2968 1518 3026 volutationem
1563 2971 1615 3025 in
1655 2972 1865 3028 testulis
1891 2980 1944 3028 et
1969 2973 2163 3027 carbo-

572 3057 754 3122 nibus,
785 3059 998 3112 tandem
1028 3059 1080 3112 in
1109 3073 1328 3114 carcere
1357 3069 1730 3131 consummata
1761 3071 1864 3121 est.

647 3147 894 3214 Viennae,
926 3149 1066 3204 beati
1091 3149 1234 3203 Aviti
1278 3150 1533 3221 episc0pi.
1565 3150 1734 3222 Cujus
1780 3152 1884 3208 fide
1916 3160 1971 3208 et
2009 3151 2161 3207 indu-

2262 1964 2541 2019 catholicae
2569 1967 2859 2021 custodivit
2884 1967 3206 2023 intemerata
3229 1973 3524 2038 consortia,
3552 1981 3608 2026 et
3635 1979 3853 2043 gentem

2261 2055 2346 2108 cui
2375 2056 2529 2112 datus
2556 2057 2732 2112 fuerat
2759 2060 3044 2130 cpiscopus
3070 2076 3134 2114 ex
3166 2063 3351 2131 grandi
3388 2074 3544 2133 parte
3578 2067 3649 2118 ad
3693 2065 3851 2120 ﬁdem

2261 2144 2460 2200 Christi
2494 2149 2758 2202 convertit
2785 2168 2797 2202 :
2837 2150 3023 2220 sicque
3063 2152 3115 2206 in
3147 2167 3279 2221 pace
3305 2154 3578 2223 perfectus
3608 2157 3665 2211 in
3690 2159 3853 2210 virtu-

2265 2236 2411 2292 tibus
2436 2238 2661 2307 quievit.

2335 2327 2399 2382 Vl
2445 2329 2519 2383 lu.
2561 2329 2724 2383 Fenn.
2750 2361 2824 2372 -—-
2843 2331 2899 2397 In
2931 2331 3185 2387 Armenia
3212 2332 3417 2403 Minore
3445 2335 3711 2390 nativitas
3732 2351 3856 2391 san-

2261 2428 2474 2475 ctorum
2506 2421 2768 2491 Dionysii,
2800 2419 3080 2477 Emiliani
3112 2432 3166 2477 et
3197 2422 3526 2480 Sebastiani.

2333 2509 2535 2563 Eodem
2584 2509 2671 2563 die
2721 2513 2860 2580 apud
2912 2511 3291 2567 Alexandriam
3343 2515 3601 2571 nativitas
3656 2529 3856 2572 sanctae

2263 2600 2506 2656 Cointha:
2543 2603 2830 2672 martyris:
2860 2617 3020 2672 quam
3054 2605 3246 2676 pagani
3278 2616 3582 2676 correptam
3616 2609 3687 2661 ad
3718 2608 3854 2661 idola

2264 2691 2620 2758 perducentcs
2653 2691 2881 2747 adorare
2912 2695 3195 2763 cogebant.
3235 2694 3385 2761 Quod
3425 2711 3548 2750 cum
3584 2697 3679 2751 illa
3707 2714 3855 2753 exse-

2264 2798 2424 2837 crans
2452 2793 2745 2849 recusaret,
2777 2785 2992 2840 vincula
3022 2787 3251 2856 pedibus
3275 2787 3388 2856 ejus
3419 2789 3855 2855 innectentes,ct

2265 2889 2360 2944 per
2382 2875 2590 2943 plateas
2621 2876 2785 2931 totius
2815 2877 3053 2932 civitatis
3086 2893 3204 2933 eam
3239 2880 3548 2947 trahentes,
3581 2881 3855 2936 horrendo

2266 2968 2975 3040 Suppliciadiscerpserunt.

2336 3058 2520 3113 Romm
2543 3059 2807 3129 depositio
2835 3060 2893 3116 S.
2929 3061 3079 3116 Pauli
3108 3063 3342 3132 episcopi
3368 3075 3420 3117 et
3447 3062 3576 3118 Julii
3609 3080 3787 3140 papaa.

2339 3148 2382 3200 ν
2411 3149 2486 3203 lo.
2525 3149 2690 3204 Fann.
2726 3181 2795 3190 —
2825 3151 3003 3206 Suevo
3037 3151 3197 3224 [Soli]
3230 3153 3367 3222 apud
3396 3152 3638 3224 Cyprum
3672 3155 3856 3209 nativi-

574 3243 706 3306 stria
737 3252 900 3314 atque
927 3242 1234 3298 admirabili
1261 3244 1529 3309 doctrina,
1565 3252 1804 3314 tempore
1825 3240 2160 3298 Gundebaldi
2189 3255 2232 3316 C
2268 3251 2350 3297 tas
2379 3242 2669 3297 Alexandri
2694 3251 2748 3298 et
2769 3244 3070 3300 Ammonis.
3093 3245 3221 3300 [tem
3245 3245 3530 3301 Ammonis
3551 3256 3609 3301 et
3627 3246 3855 3302 aliorum

576 3335 744 3406 regis,
776 3335 845 3393 ab
876 3335 1220 3392 iufestatione
1263 3336 1480 3390 Arianze
1525 3335 1794 3394 haereseos
1835 3333 2022 3391 Galliae
2061 3333 2152 3388 de-

573 3426 741 3482 fensa:
771 3435 920 3482 sunt.

644 3520 759 3576 Vill
785 3521 862 3575 In.
894 3520 1061 3576 FEBR.
1090 3553 1160 3562 —
1181 3523 1366 3577 Roma:
1388 3523 1473 3577 via
1494 3523 1666 3593 Appia
1696 3522 1748 3578 in
1779 3523 2018 3594 ejusdem
2049 3535 2162 3577 cte-

573 3616 801 3670 meterio
828 3616 1007 3684 passio
1037 3613 1098 3670 S.
1128 3615 1374 3671 Sotheris
1402 3615 1626 3686 virginis
1658 3623 1713 3669 et
1744 3614 2014 3686 martyris.
2047 3615 2049 3617 ’

645 3705 801 3774 Apud
843 3704 1147 3760 Cmsaream
1197 3704 1548 3775 Cappadocia:
1595 3705 1847 3758 nativitas
1889 3704 1948 3757 S.
1997 3704 2166 3770 Darsa-

571 3797 712 3850 theae
750 3795 1020 3866 virginis;
1060 3811 1179 3867 quae
1217 3811 1341 3851 cum
1387 3796 1598 3852 duobus
1637 3796 1914 3851 sororibus
1947 3794 2164 3850 Christe

575 3895 632 3942 et
661 3886 900 3951 Calliste,
932 3901 1054 3956 quae
1092 3902 1122 3940 a
1151 3886 1255 3942 ﬁde
1287 3901 1458 3957 nuper
1486 3886 1888 3958 apostatabant,
1917 3885 2040 3940 vita:
2069 3886 2163 3940 do-

573 3980 819 4036 loribus.
864 3980 1239 4039 commendata
1280 3987 1456 4044 esset,
1503 3989 1564 4034 ut
1608 3993 1728 4033 eam
1779 3987 2086 4033 averterent
2132 3991 2162 4030 a

574 4069 812 4135 Christo,
845 4069 988 4138 ipsas
1017 4070 1210 4125 iterum
1236 4071 1504 4128 convertit
1538 4069 1603 4124 ad
1639 4069 1952 4126 Christum:
1997 4070 2067 4124 ita
2104 4076 2164 4122 ut

575 4175 605 4211 a
633 4157 888 4228 praefecto
927 4158 981 4211 in
1019 4173 1212 4228 cupam
1242 4157 1541 4213 ferventem
1581 4159 1793 4221 missm,
1823 4159 1888 4212 ad
1920 4159 2162 4230 martyrii

570 4250 805 4320 palmam
850 4250 1217 4320 pervenerint.
1263 4249 1456 4306 Postea
1486 4265 1617 4305 vero
1645 4251 1756 4319 ipsa
1793 4249 1894 4304 sub
1920 4249 2165 4319 Sapricio

572 4343 869 4413 provincia:
916 4342 1086 4413 ipsius
1132 4342 1393 4413 praeside,
1435 4342 1670 4412 primum
1716 4342 1930 4412 equulei
1980 4352 2165 4397 exten-

571 4436 728 4489 sione
754 4444 970 4498 vexata,
1002 4433 1124 4489 dein
1160 4434 1352 4504 palmis
1395 4435 1695 4490 diutissime
1726 4449 1895 4500 caesa,
1945 4435 2011 4488 ad
2042 4434 2168 4488 ulti»

570 4542 721 4582 mum
749 4526 965 4598 capitali
992 4527 1258 4583 sententia
1286 4527 1474 4597 punita
1496 4534 1595 4582 est.
1619 4527 1861 4596 Cumque
1883 4527 2167 4596 egrediens

2269 3336 2487 3406 triginta
2519 3346 2746 3406 septem.

2334 3425 2674 3480 Alexandria
2715 3425 3010 3496 Apolloniae
3049 3427 3313 3500 virginis:
3353 3429 3437 3483 cui
3478 3439 3856 3500 persecutores

2264 3533 2454 3573 omnes
2494 3519 2680 3575 dentes
2720 3531 3113 3586 excusserunt;
3155 3523 3378 3588 deinde,
3427 3533 3753 3578 constructo
3796 3540 3857 3578 ac

2264 3623 2526 3664 succenso
2574 3623 2734 3680 rogo,
2777 3625 2900 3670 cum
2947 3605 3410 3666 commina‘rentur
3445 3613 3630 3686 vivam
3673 3629 3735 3667 se
3769 3629 3858 3668 eos

2264 3712 2384 3764 esse
2435 3699 2772 3766 incensums,
2821 3703 2924 3757 nisi
2965 3719 3086 3758 cum
3118 3704 3197 3758 eis
3220 3703 3405 3774 .impia
3443 3705 3614 3758 verba
3648 3705 3850 3774 profer~

2267 3799 2370 3855 ret,
2403 3790 2492 3845 illa
2541 3793 2758 3862 paulum
2795 3794 2924 3864 quid
2958 3795 3095 3849 intra
3142 3796 3485 3867 semetipsam
3518 3797 3855 3856 deliberans.

2265 3891 2488 3951 repente
2529 3898 2588 3938 se
2635 3883 2703 3939 de
2749 3885 2995 3940 manibus
3041 3885 3327 3955 impiorum
3374 3887 3655 3961 prorupit,
3707 3898 3763 3941 et
3809 3890 3859 3942 in

2266 3971 2447 4042 ignem
2476 3988 2638 4043 quem
2671 3974 3019 4028 minabantur
3041 3983 3235 4053 sponte
3257 3976 3543 4046 prosilivit.

2335 4063 2403 4119 lV
2429 4064 2505 4119 In.
2540 4065 2703 4119 Fenn.
2733 4097 2804 4106 —
2829 4067 3013 4122 Roma:
3052 4067 3310 4124 nativitas
3345 4079 3665 4124 sanctorum
3714 4086 3855 4138 mar:

2267 4161 2445 4223 tyrum
2478 4153 2670 4224 Zotiei,
2703 4154 2910 4220 llireni,
2942 4154 3174 4212 Jacinthi
3203 4166 3258 4212 et
3287 4158 3546 4212 Amantii.
3781 4145 3784 4148 ’

2336 4244 2468 4299 Item
2499 4245 2710 4311 Romae,
2740 4247 2826 4300 via
2855 4241 3146 4311 Lavicana,
3173 4248 3403 4303 militum
3433 4250 3643 4304 decem.

2338 4333 2539 4388 Eodem
2591 4336 2677 4389 die
2720 4334 2772 4392 in
2815 4335 3036 4393 Oriente
3070 4347 3273 4392 sancta:
3317 4335 3566 4391 Sotheris
3599 4338 3862 4409 virginis,

2267 4439 2386 4494 qum
2411 4425 2648 4494 graviter
2686 4435 2740 4480 et
2776 4426 3077 4482 diutissime
3112 4427 3280 4497 alapis
3306 4443 3465 4492 caesa,
3507 4444 3631 4484 cum
3662 4415 3862 4483 cetera

2272 4531 2487 4586 quoque
2522 4502 2804 4585 pugnarum
2835 4531 3032 4588 genera
3060 4519 3301 4585 vicisset,
3329 4519 3507 4590 gladio
3537 4522 3861 4590 martyrium

575 4616 644 4670 de
672 4591 929 4685 praetorio
957 4616 1249 4672 duceretur
1287 4591 1352 4673 ad
1390 4626 1640 4684 mortem,
1668 4591 1999 4687 Theophilus
2042 4617 2162 4685 qui-

2288 4609 2686 4660 :onsummavit.

575 4703 702 4760 dam
735 4705 1094 4761 scholasticus
1117 4707 1193 4760 ait
1222 4707 1287 4760 ad
1310 4722 1452 4762 eam.
1495 4725 1514 4757 c
1548 4707 1642 4761 Eia
1671 4717 1749 4773 tu,
1785 4721 1980 4776 sponsa
2011 4705 2166 4761 Chri—

573 4795 678 4860 sti,
721 4796 874 4850 mitte
900 4797 1030 4851 mihi
1064 4797 1204 4851 mala
1236 4797 1301 4853 de
1329 4798 1582 4866 paradiso
1612 4799 1814 4852 Christi
1853 4798 1948 4854 tui.
1985 4816 2002 4849 ι
2037 4795 2166 4863 Qum

574 4887 761 4942 statim
805 4888 1056 4958 promisit
1093 4903 1152 4944 se
1181 4903 1299 4944 esse
1325 4891 1633 4945 missuram.
1664 4889 1764 4945 Ubi
1792 4891 1919 4959 ergo
1948 4898 2166 4944 ventum

573 4988 660 5034 est
688 4978 754 5032 ad
786 4978 962 5035 locum
992 4979 1045 5034 in
1077 4994 1184 5048 quo
1203 4979 1495 5049 jugulanda
1526 4990 1664 5047 erat,
1697 4994 1901 5050 pauper
1927 4978 2166 5050 [parum-

572 5067 697 5140 per]
726 5070 973 5126 oratione
1019 5067 1179 5135 facta,
1211 5070 1430 5139 protulit
1461 5070 1703 5124 orarium
1753 5083 1944 5130 suum,
1983 5076 2036 5121 et
2075 5080 2167 5120 vo-

579 5166 705 5212 cato
731 5158 798 5212 ad
818 5173 876 5212 se
902 5159 1133 5227 quodam
1161 5157 1385 5228 puerulo
1407 5149 1670 5216 annorum
1694 5173 1808 5222 sex,
1825 5156 1972 5210 misit
1995 5154 2168 5211 Theo-

576 5248 749 5316 pltilo,
802 5249 1023 5317 dicens:
1060 5267 1079 5304 ί
1109 5249 1207 5303 Dic
1231 5248 1278 5304 ei
1306 5266 1320 5302 :
1363 5248 1632 5307 Dorolhea
1659 5248 1848 5304 ancilla
1878 5247 1974 5303 Dei
2005 5247 2171 5302 mittit

577 5339 675 5393 tibi
700 5338 839 5401 mala
871 5339 936 5392 de
963 5340 1216 5408 paradiso
1256 5338 1461 5394 Christi
1492 5339 1595 5393 sui.
1634 5357 1654 5390 ι
1689 5337 1974 5406 Accipiens
2000 5337 2088 5392 ille
2117 5349 2172 5392 et

581 5429 790 5502 gratias
818 5444 986 5499 agens
1008 5430 1148 5498 quod
1186 5429 1500 5499 petitionem
1530 5427 1647 5496 ejus
1675 5427 1980 5497 implesset,
2009 5427 2175 5496 coepit

579 5505 682 5581 Sibi
713 5524 907 5580 faciem
940 5533 1169 5594 tergere.
1209 5523 1489 5592 Tantaque
1512 5531 1732 5592 repente
1766 5523 2032 5578 suavitate
2049 5536 2173 5590 per-

580 5616 735 5672 fusus
773 5626 875 5682 est,
903 5624 962 5670 ut
991 5626 1100 5670 tota
1134 5627 1314 5670 mente
1343 5625 1580 5671 mutatus
1619 5631 1738 5674 cum
1771 5617 1962 5686 grandi
1989 5614 2173 5669 exsul-

583 5710 812 5768 tatione,
843 5718 897 5763 et
925 5707 1070 5762 clara
1101 5722 1234 5763 voce
1269 5709 1466 5776 saepius
1511 5707 1798 5777 replicaret
1827 5724 1839 5760 :
1890 5725 1907 5757 ‹
1944 5705 2172 5759 Benedi-

587 5812 731 5871 c'um
764 5816 956 5855 nomen
985 5799 1194 5854 Domini
1219 5797 1345 5853 Jcsu
1372 5798 1593 5853 Christi.
1619 5815 1635 5848 p
1667 5795 1747 5852 Ob
1776 5808 1935 5872 quam
1966 5791 2176 5854 confes-

2342 4698 2398 4752 lu
2446 4698 2738 4768 Campania
2790 4703 2958 4756 sancti
3005 4701 3224 4773 Sylvani
3266 4702 3503 4774 episcopi
3548 4713 3598 4755 et
3645 4701 3864 4756 cenfcs-

2271 4791 2434 4846 soris.

2342 4881 2398 4935 In
2431 4881 2743 4936 Bethlehem
2769 4883 2985 4937 civitate
3011 4881 3180 4947 Judte,
3205 4882 3305 4936 sub
3328 4880 3539 4936 Herode
3570 4895 3718 4948 rege,
3742 4896 3865 4964 pas-

2271 4973 2352 5028 sio
2378 4983 2685 5028 sanctorum
2717 4974 2946 5028 Andreae
2971 4983 3025 5028 et
3053 4973 3260 5043 Aporii.

2351 5062 2641 5118 Sanetonis
2676 5063 2898 5118 civitate
2941 5064 3208 5133 depositio
3257 5063 3427 5117 sancti
3479 5061 3701 5139 Trojani
3746 5063 3865 5132 epi-

2275 5155 2425 5224 scopi
2447 5163 2501 5209 et
2527 5156 2874 5218 confessoris,
2905 5163 2960 5210 et
2988 5153 3343 5224 Baldegundis
3366 5154 3676 5208 abbatissae.

2344 5244 2548 5299 Eodem
2576 5244 2662 5298 die
2694 5244 2962 5314 depositio
2990 5254 3192 5299 sancta:
3235 5243 3583 5298 Scholastiae
3611 5243 3863 5313 virginis,

2277 5334 2429 5404 cujus
2457 5335 2697 5397 animam
2721 5334 2890 5389 frater
2918 5333 3051 5402 ejus,
3082 5343 3301 5389 sanctus
3328 5334 3650 5388 Benedictus
3673 5333 3864 5398 abbas,

2277 5425 2412 5478 vidit
2441 5424 2492 5478 in
2525 5423 2789 5479 columba:
2829 5425 3008 5494 specie
3039 5424 3204 5480 cmlos
3243 5433 3444 5492 petere.
3485 5422 3640 5488 Quod
3682 5421 3864 5474 fratri-

2277 5518 2398 5583 bus,
2432 5517 2818 5572 matutinorum
2851 5517 3065 5587 hymnis
3094 5516 3342 5585 expletis,
3373 5515 3639 5569 intimavit
3669 5525 3723 5567 et
3753 5513 3863 5566 Deo

2279 5610 2479 5678 gratias
2508 5609 2632 5662 inde
2661 5607 2866 5663 retulit.

2349 5699 2414 5754 ΙΙΙ
2443 5699 2518 5772 Io.
2546 5698 2708 5752 Feaa.
2736 5730 2806 5739 -
2837 5698 3019 5753 Romae
3050 5698 3312 5753 Calocerii
3340 5707 3394 5753 et
3421 5694 3720 5751 Parthenii.

2352 5790 2406 5844 In
2437 5790 2658 5860 Apamia
2687 5790 2895 5846 Patentis
2921 5798 2973 5846 ct-
3005 5789 3268 5844 Eufraxii.
