3956 5552
136 360 255 424 1045

1105 349 1722 408 MARTVROLOGIUM.
1764 379 1831 392 —-
1873 350 2316 408 MENS..FEBB.

3228 356 3363 412 ΗΠΒ

190 465 333 537 Apud
375 463 690 534 Lugdunum
734 461 993 519 Desiderii
1029 462 1265 531 episcopi
1301 469 1355 515 et
1397 459 1682 530 martyris,
1715 466 1760 524 Α
1789 460 2099 527 obtulisset,
2150 472 2208 517 ut
2259 464 2304 518 si
2351 477 2482 533 puer
2520 470 2834 527 sanaretur,
2889 463 3000 533 ipse
3050 477 3173 518 cum
3218 467 3363 520 omni

130 560 212 631 qui
240 560 419 612 beatus
450 555 530 608 vir
568 569 758 624 passus
779 554 994 623 quidem
1018 562 1166 608 estin
1185 551 1514 606 Prisciuiaco
1535 549 1658 603 villa
1674 589 1688 613 ,

128 638 386 707 territorio
414 647 757 718 Lugdunensi
778 687 793 712 ,
838 662 870 699 κ
900 644 1020 700 Kal.
1053 643 1218 700 Junii.
1251 642 1567 697 Translatus
1611 648 1696 696 est

128 752 296 808 autem
327 739 588 793 Viennam
619 738 672 792 in
696 739 972 794 civitatem
1000 737 1081 792 sui
1112 737 1474 810 episcOpatus.

187 829 544 893 Alexandriae,
599 829 866 899 depositio
923 827 980 882 S.
1017 827 1407 896 Euphrosyuaa,
1457 838 1578 892 quae
1637 823 1690 877 in

123 923 442 980 monasterio
485 922 622 977 mira
672 923 872 982 virtute
916 922 1257 979 abstinentia:
1313 929 1368 974 et
1420 917 1692 974 miraculis

122 1015 275 1070 etiam
302 1012 518 1067 claruit.

185 1105 369 1158 Parnm
399 1103 478 1158 In.
508 1102 671 1158 Fara.
715 1135 785 1143 —
824 1103 883 1158 In
915 1103 1216 1175 Hispaniis,
1247 1105 1466 1160 civitate
1494 1104 1696 1160 Barcil-

118 1196 255 1261 Ione,
290 1194 551 1249 nativitas
574 1192 632 1248 S.
658 1193 882 1249 Eulaliae
905 1195 1130 1266 virginis
1164 1205 1220 1251 et
1248 1195 1500 1266 martyris
1524 1210 1537 1250 :
1573 1210 1695 1265 qua:

117 1299 266 1354 passa
295 1292 378 1339 est
422 1293 665 1354 tempore
700 1285 1022 1341 Diocletiani
1059 1285 1400 1357 imperatoris
1427 1288 1527 1348 sub
1553 1302 1693 1356 prte-

115 1363 252 1431 fecto
312 1375 695 1445 Hispaniarum
759 1375 1022 1440 Datiano;
1086 1376 1300 1445 quando
1353 1378 1454 1432 sub
1505 1377 1695 1432 eodem

115 1467 250 1537 apud
295 1464 656 1522 Barcillonem
687 1476 933 1530 sanctum
961 1466 1307 1532 Cucufatem,
1343 1475 1400 1522 et
1424 1467 1564 1538 apud
1593 1466 1698 1522 Ge-

115 1557 338 1610 rundam
368 1564 620 1611 sanctum
646 1556 903 1622 Felicem,
930 1557 1194 1628 gloriosas
1215 1566 1427 1618 constat
1453 1557 1695 1629 martyrii

111 1646 385 1718 accepisse
413 1663 666 1704 coronas.

180 1741 234 1794 In
261 1740 446 1796 Africa
479 1742 660 1811 passio
691 1740 749 1798 S.
780 1741 1024 1802 Damiani
1057 1741 1264 1796 militis.

176 1832 524 1887 Alexandria:
553 1833 779 1888 Modesti
809 1843 863 1888 et
885 1832 1157 1886 Ammonii
1185 1829 1466 1885 infantum.

176 1922 366 1977 Roma:
390 1921 638 1994 Gregorii
666 1939 816 1994 papa;
838 1923 1079 1988 secundi,
1111 1924 1200 1992 qui
1231 1922 1371 1979 rexit
1401 1920 1698 1976 Ecclesiam

108 2011 343 2066 sedecim
395 2013 578 2077 annis,
633 2011 826 2067 Leonis
872 2021 928 2067 et
975 2011 1272 2068 Constantii
1315 2012 1701 2081 imperatorum

108 2105 470 2173 temporibus.
503 2105 604 2173 Qui
634 2105 717 2160 vir
743 2113 958 2171 castus,
997 2114 1053 2161 et
1093 2106 1146 2168 in
1176 2105 1374 2162 divinis
1410 2104 1704 2174 Scripturis

104 2196 378 2260 eruditus,
415 2195 470 2250 in
501 2195 847 2252 Germaniam
886 2213 982 2266 per
1027 2195 1362 2252 Bonifacium
1391 2197 1702 2266 episcopum

104 2289 331 2342 verbum
367 2288 565 2344 salutis
596 2290 929 2360 praedicavit.
967 2289 1258 2359 Idemque,
1293 2296 1352 2344 ut
1388 2289 1442 2343 in
1468 2289 1702 2359 quadra-

107 2379 354 2454 gcsimali
389 2388 654 2450 tempore,
699 2381 885 2450 quinia
915 2380 1048 2433 feria
1074 2378 1338 2450 jejunium
1369 2387 1530 2447 atque
1572 2377 1703 2432 mis-

100 2482 287 2522 sarum
345 2468 651 2524 celebratio
704 2469 887 2536 fieret,
937 2469 1081 2539 quod
1132 2483 1239 2524 non
1294 2466 1584 2538 agebatur,
1626 2467 1704 2522 in-

103 2557 298 2611 stituit.
1673 2573 1676 2577 ’

169 2649 244 2703 In.
283 2648 464 2704 FEBR.
493 2679 561 2692 —-
593 2649 747 2722 Apud
774 2648 1115 2706 Antiochiam
1153 2649 1409 2703 nativitas
1440 2646 1497 2702 S.
1533 2647 1705 2718 Agabi

95 2740 432 2809 prophetae;
480 2743 544 2795 de
574 2756 681 2809 quo
713 2740 765 2794 in
808 2740 1034 2796 Actibus
1060 2738 1425 2810 apostolorum
1474 2737 1707 2794 refertur

94 2832 260 2900 (Ach.
296 2847 384 2896 χι,
446 2831 565 2901 xxi)
608 2831 751 2900 quod
815 2840 869 2887 et
897 2845 1150 2904 magnam
1177 2829 1377 2886 famem
1425 2836 1479 2885 et
1501 2829 1706 2902 passio-

88 2935 214 2974 nem
251 2921 417 2976 Pauli
457 2921 686 2991 apostoli
717 2921 1051 2991 praedixerit.

160 3013 220 3066 In
263 3013 528 3068 Militena
558 3013 832 3068 Armenia:
862 3014 1114 3068 nativitas
1145 3011 1204 3068 S.
1235 3011 1512 3084 Polyeucti
1556 3026 1704 3067 mar-

85 3105 247 3174 tyris,
275 3105 380 3177 qui
408 3104 611 3165 Latine
637 3105 1028 3177 interpretatur
1052 3104 1273 3159 multum
1301 3121 1480 3160 orans.

119 3181 122 3184 i
160 3195 434 3268 Lugduni
474 3195 736 3265 depositio
767 3196 826 3251 S.
854 3195 1113 3265 Stephani
1141 3196 1402 3266 episcopi.

153 3285 283 3341 XVI
313 3286 469 3342 ΚΑι..
502 3286 725 3342 Man-ru.
755 3317 825 3326 —
849 3286 1036 3342 Romae
1063 3286 1316 3342 nativitas
1343 3284 1401 3342 S.
1435 3286 1704 3342 Valentini

75 3379 453 3452 presbyteri,
512 3379 603 3448 qui
649 3386 770 3449 post
807 3378 975 3434 multa
1023 3379 1315 3435 sanitatum
1359 3387 1413 3433 et
1447 3379 1706 3434 doctrina:

75 3472 333 3543 insignia
383 3469 632 3526 fustibus
675 3486 880 3538 caesus,
927 3478 984 3525 et
1022 3471 1103 3527 sic
1147 3471 1442 3528 decollatus
1480 3481 1565 3527 est
1603 3471 1706 3526 sub

73 3561 324 3617 Claudio
358 3560 609 3617 Caesare.

145 3655 380 3710 Eodem
411 3653 509 3707 die
542 3652 725 3706 Romae
752 3652 934 3724 passio
957 3651 1014 3709 S.
1039 3651 1314 3708 Valentini
1340 3651 1708 3718 Interamnen-

67 3745 150 3800 sis
199 3743 504 3816 episcopi.
553 3741 652 3814 Qui
686 3751 865 3802 tentus
899 3758 928 3796 a
961 3743 1194 3813 paganis,
1226 3757 1290 3798 ac
1321 3742 1487 3812 virgis
1514 3755 1716 3806 caesus,

66 3845 126 3890 et
155 3847 297 3906 post
326 3835 664 3889 diuturnam
685 3833 887 3890 caedem
915 3834 1175 3891 custodiae
1197 3833 1557 3902 mancipatus,
1584 3848 1707 3888 cum

60 3923 344 3993 superari
385 3937 518 3988 non,
541 3929 756 3993 posset,
797 3922 988 3976 media:
1025 3921 1202 3976 noctis
1237 3921 1474 3986 silentio,
1502 3920 1710 3990 ejectus

61 4016 134 4070 de
166 4029 429 4070 carcere
453 4052 469 4076 ,
507 4010 800 4066 decollatus
837 4021 954 4078 est,
991 4012 1236 4082 jussione
1277 4010 1467 4066 furiosi
1506 4009 1711 4066 Placidi

61 4104 245 4159 Urbis
279 4100 579 4174 praefecti.
610 4100 780 4169 Quem
810 4116 932 4156 cum
964 4101 1209 4172 discipuli
1251 4099 1368 4170 ejus
1411 4099 1708 4166 Proculus,

59 4185 354 4269 Epliebus
407 4203 475 4249 ct
508 4193 821 4264 Apollonius
863 4195 928 4250 ad
971 4194 1245 4248 civitatem
1292 4209 1444 4248 suam
1493 4193 1708 4249 retulis-

59 4297 191 4355 sent
210 4329 240 4359 ,η
277 4296 346 4343 et
394 4286 518 4349 hoc
547 4284 818 4339 consulari
867 4283 1093 4339 Leontio
1143 4284 1447 4337 nuntiatum
1490 4283 1710 4348 fuisset,

59 4381 230 4447 iussit
260 4394 377 4435 eos
407 4375 604 4444 capite
635 4376 787 4431 credi.
821 4375 924 4443 Qui
963 4390 1071 4430 non
1100 4385 1225 4438 sunt
1251 4374 1408 4445 longe
1431 4390 1462 4427 a
1489 4389 1715 4450 corpore

59 4474 116 4528 5.
152 4468 488 4536 Valentini
523 4468 737 4540 sepulti.

123 4551 282 4628 Itcrn
357 4562 606 4625 ﬂorum,
657 4562 739 4614 via
783 4560 1106 4624 Ardeatina,
1161 4557 1444 4623 Feliculze,
1501 4558 1710 4622 Vitalis,

59 4657 347 4714 Lenonis.

120 4749 191 4803 In
239 4746 421 4815 Egea
472 4739 697 4794 civitate
727 4739 784 4794 S.
817 4739 1036 4798 Juliani.

113 4837 311 4910 Apud
346 4831 766 4888 Alexandriam
792 4830 1048 4892 nativitas,
1069 4839 1379 4885 sanctorum
1411 4839 1710 4900 martyrum

59 4930 211 4985 Bassi
235 4969 254 4994 ,
317 4921 604 4986 Antonii,
644 4919 928 4984 Protolici,
962 4920 1054 4990 qui
1090 4920 1142 4974 in
1177 4936 1324 4978 mare
1359 4920 1524 4976 mersi
1562 4927 1710 4975 sunt.

61 5030 189 5077 tem
237 5008 552 5088 Cyrionis
580 5010 920 5080 presbyteri,
947 5010 1212 5083 Moyseos,
1260 5011 1505 5067 Bassiani
1540 5010 1710 5065 lecto-

62 5115 138 5179 is,
181 5100 560 5180 Agathonis
606 5101 918 5168 exorcistm,
945 5103 1037 5172 qui
1066 5118 1255 5161 omnes
1295 5103 1404 5176 igni
1445 5101 1713 5166 combusti

59 5211 197 5260 unt.

98 5295 263 5351 Item
306 5283 602 5353 Dionysii
632 5290 688 5336 et
711 5282 981 5338 Ammonii
1006 5283 1416 5348 decollatorum.

95 5385 211 5442 XV
277 5381 450 5435 ΚΑι.
508 5371 707 5427 MART.
745 5401 814 5410 —
850 5372 1033 5428 Romae
1085 5375 1339 5440 Cratonis
1400 5375 1714 5445 martyris:

60 5477 123 5532 ni
167 5485 323 5529 cum
387 5461 661 5518 haberet
705 5457 866 5514 filium
895 5461 1301 5522 Chaeremonem
1346 5464 1584 5529 nomine,
1625 5463 1722 5534 qui

1729 3159 1777 3220 C

1746 4505 1793 4561 D

1793 552 1952 607 domo
1997 569 2091 608 sua
2139 554 2293 609 tleret
2328 555 2708 618 Christianus,
2762 564 2952 610 sanato
2997 571 3196 626 puero,
3251 557 3366 627 ipse

1792 643 1932 712 quod
1961 644 2284 713 promiserat
2321 646 2560 714 implevit
2584 663 2597 710 ;
2632 655 2795 715 atque
2821 660 2942 700 cum
2973 662 3140 703 uxore
3166 657 3221 701 ct
3248 649 3368 702 uni-

1795 749 1950 788 versa
1987 736 2146 809 domo
2190 739 2516 806 baptizatus,
2546 754 2651 793 non
2688 747 2814 808 post.
2840 739 3038 796 multos
3064 741 3177 797 dies
3221 757 3365 796 mar-

1793 826 1931 896 tyrio
1955 838 2359 884 consummatus
2380 839 2481 886 est.

1863 916 2204 985 lnteramnis,
2225 930 2427 976 sanctae
2454 921 2650 994 Agapae
2677 923 2920 995 [Agapis]
2955 925 3197 995 virginis.

1863 1008 1921 1063 In
1947 1009 2150 1077 Brixia,
2172 1011 2415 1067 Faustini
2447 1014 2721 1085 martyris.

1865 1099 1922 1155 In
1949 1086 2255 1167 Antiochia,
2287 1103 2506 1174 Josephi
2533 1105 2764 1160 diaconi.

1866 1190 2018 1259 Apud
2051 1190 2313 1247 Sebasten
2336 1193 2610 1249 civitatem
2634 1195 2814 1264 passio
2845 1195 2901 1249 S.
2929 1195 3090 1252 BIasii
3115 1198 3372 1278 episcopi.

1796 1282 1898 1350 Qui
1950 1283 2237 1340 multorum
2288 1293 2530 1353 patrator
2575 1288 2958 1344 miraculorum
3001 1290 3101 1346 sub
3146 1293 3376 1362 praeside

1795 1375 2083 1446 Agricolae
2126 1385 2248 1447 post
2282 1377 2543 1433 diutinam
2581 1381 2897 1447 caesionem,
2928 1392 3052 1452 post
3079 1398 3374 1447 carcerem,

1797 1477 1961 1538 atque
2008 1467 2132 1522 inde
2175 1471 2577 1537 suspensionem
2628 1471 2682 1526 in
2737 1471 2884 1541 ligno
2927 1474 3017 1528 ubi
3073 1475 3378 1544 pectinibus

1798 1556 1990 1612 ferreis
2045 1573 2236 1614 carnes
2281 1557 2396 1627 ejus
2439 1561 2693 1630 disrupta:
2741 1570 2900 1625 sunt;
2949 1573 3133 1632 postea
3184 1565 3376 1618 iterum

1798 1648 2133 1704 teterrimum
2161 1665 2435 1706 carcerem
2455 1692 2468 1714 ,
2507 1661 2628 1720 post
2656 1654 3049 1708 demersionem
3082 1655 3133 1708 in
3166 1655 3338 1709 lacum
3364 1697 3377 1719 ,

1799 1741 1940 1795 unde
1971 1750 2322 1811 supernatans
2347 1742 2528 1796 salvus
2553 1744 2722 1798 exivit
2753 1761 2764 1795 :
2789 1744 3013 1814 jubente
3042 1745 3380 1814 iniquissimo

1723 1817 1772 1877 Β
1795 1830 1976 1899 judice
2008 1835 2184 1900 capite
2212 1833 2278 1886 ad
2309 1841 2608 1888 extremum
2639 1849 2761 1888 cum
2793 1835 3002 1890 duobus
3030 1851 3210 1906 pueris
3235 1847 3381 1890 trun-

1802 1932 1976 1989 catur,
2011 1924 2184 1980 felicia
2232 1941 2396 1997 regna
2444 1943 2549 1981 una
2595 1943 2718 1983 cum
2753 1929 2882 2000 ipsis
2931 1930 3220 2000 ingressus.
3259 1931 3380 2001 Ipso

1802 2022 1982 2069 autem
2022 2015 2200 2070 adhuc
2252 2017 2571 2086 agonizante
2618 2025 2820 2086 septem
2869 2019 3124 2074 mulieres
3177 2019 3376 2076 beatis.

1803 2105 1972 2169 simze,
2001 2119 2122 2174 qua:
2143 2114 2324 2175 guttas
2361 2107 2638 2178 sanguinis
2667 2109 2785 2178 ejus
2813 2109 3138 2178 proﬂuentes
3159 2111 3224 2167 de
3249 2111 3380 2167 bea-

1804 2193 2025 2248 tissimis
2070 2193 2241 2264 plagis
2289 2195 2532 2263 corporis
2578 2195 2744 2264 ipsius
2789 2196 3143 2268 colligebant,
3193 2199 3384 2269 deprc-

1803 2284 1986 2338 hensae
2021 2284 2163 2353 quod
2193 2293 2375 2338 essent
2402 2285 2743 2344 Christianae.
2773 2297 2893 2355 post
2921 2289 3192 2342 caminum
3222 2289 3382 2359 ignis,

1803 2373 1893 2426 ubi
1925 2372 2142 2442 plumbo
2172 2372 2526 2442 superinfth
2548 2383 2695 2437 sunt,
2729 2385 2850 2445 post
2883 2377 3122 2445 pectines
3156 2377 3382 2441 ferreos,

1802 2465 1999 2534 quibus
2034 2480 2226 2520 carnes
2267 2481 2452 2520 earum
2500 2467 2780 2536 disruptaz,
2812 2479 2931 2537 post
2971 2485 3141 2525 :ereas
3173 2472 3385 2527 tunicas

1804 2557 2184 2620 excandentes,
2232 2557 2522 2611 novissime
2567 2560 2688 2611 data
2738 2561 3003 2614 sententia
3041 2561 3217 2631 gladio
3257 2579 3384 2632 per-

1806 2661 1998 2714 cussze,
2040 2648 2269 2716 datoque
2309 2648 2482 2718 pretio
2505 2649 2803 2719 sanguinis,
2831 2652 2995 2705 vitam
3043 2653 3390 2708 merebantur

1805 2746 2085 2792 aeternam.

1874 2826 1994 2883 XIV
2017 2827 2150 2882 KAL.
2190 2827 2370 2882 Mam.
2393 2858 2463 2868 —
2486 2827 2746 2884 Nativitas
2771 2829 2828 2884 S.
2857 2830 3096 2886 Onesimi
3113 2872 3128 2898 ,
3157 2847 3253 2901 pro
3281 2847 3388 2900 quo

1805 2920 1868 2975 Β.
1891 2920 2090 2976 Paulus
2111 2921 2381 2990 apostolus
2401 2919 2700 2976 Philemoni
2729 2923 3024 2980 familiares
3043 2925 3252 2980 litteras
3265 2927 3389 2979 mit-

1807 3011 1894 3066 tit.
1912 3010 2082 3078 Quem
2113 3012 2250 3066 idem
2277 3011 2466 3067 beatus
2492 3013 2768 3082 apostolus
2781 3014 3090 3084 episcopum
3107 3015 3384 3081 ordinans,

1807 3102 1964 3172 eique
1993 3104 2391 3172 praedicationis
2412 3105 2636 3160 verbum
2661 3106 3026 3171 committens,
3051 3107 3190 3176 apud
3218 3107 3392 3176 Ephe-

1809 3194 2014 3249 siorum
2049 3194 2319 3249 civitatem
2355 3195 2590 3264 reliquit.
2618 3195 2716 3250 Cui
2752 3196 3036 3266 episcopus
3065 3205 3187 3266 post
3213 3197 3272 3250 Β.
3300 3197 3390 3251 Ti-

1810 3283 2082 3339 motheum
2122 3293 2176 3339 et
2215 3285 2327 3354 ipse
2356 3285 2625 3353 praesedit.
2656 3285 2758 3352 Qui
2807 3285 3032 3340 Romam
3075 3287 3388 3356 perductus,

1809 3384 1972 3442 atque
2001 3373 2073 3428 ibi
2105 3389 2202 3442 pro
2233 3375 2337 3430 fide
2372 3375 2574 3431 Christi
2607 3374 2896 3444 lapidatus,
2929 3376 3169 3447 sepultus
3197 3385 3281 3430 est
3318 3377 3390 3430 ibi

1808 3463 2042 3532 primum
2070 3462 2272 3519 Christi
2303 3473 2532 3536 martyr.
2564 3463 2691 3520 Inde
2717 3467 2784 3520 ad
2810 3465 2930 3521 loca
2971 3464 3396 3524 ubifueratror-

1809 3553 2025 3608 dinatus
2052 3554 2335 3623 episcopus
2357 3568 2554 3624 corpus
2579 3554 2696 3625 ejus
2718 3554 2976 3610 delatum.

1879 3640 1937 3695 In
1973 3639 2157 3696 Cumis
2198 3643 2454 3698 nativitas
2483 3642 2541 3698 S.
2571 3641 2797 3700 Iuliana:
2827 3645 3066 3715 virginis.
3098 3645 3228 3712 Quae
3258 3654 3389 3701 temo

1809 3733 2032 3801 poribus
2079 3733 2391 3792 Maximiani
2427 3736 2790 3804 imperatoris,
2821 3737 2998 3806 primo
3035 3752 3064 3790 a
3097 3745 3252 3806 patre
3297 3753 3394 3793 suo

1810 3819 2067 3877 Africano
2096 3837 2234 3877 czesa
2273 3832 2327 3878 et
2354 3824 2594 3894 graviter
2623 3825 2863 3880 cruciata
2895 3834 3008 3891 est,
3036 3825 3230 3881 deinde
3265 3837 3320 3881 et
3363 3820 3392 3880 α

1810 3913 2063 3984 praefecto
2103 3915 2348 3980 Eleusio,
2389 3932 2549 3986 quem
2600 3932 2855 3987 sponsum
2903 3917 3200 3982 habuerat,
3255 3921 3395 3974 nuda

1811 4005 1978 4075 virgis
2003 4019 2162 4069 cazsa,
2193 4016 2247 4059 ct
2271 4021 2300 4060 a
2334 4007 2543 4076 capillis
2569 4021 2856 4076 suspensa,
2889 4018 2943 4062 et
2969 4008 3189 4077 plumbo
3220 4009 3397 4064 soluto

1813 4111 1843 4150 a
1887 4095 2064 4166 capite
2105 4096 2346 4166 perfusa,
2383 4107 2437 4152 et
2486 4114 2701 4156 rursum
2733 4099 2785 4152 in
2823 4114 3096 4154 carcerem
3147 4109 3397 4170 recepta,

1812 4173 1911 4241 ubi
1933 4187 2107 4258 palam
2138 4204 2259 4242 cum
2289 4187 2502 4243 diabolo
2529 4187 2799 4252 conﬂixit;
2832 4197 2886 4242 et
2912 4204 3121 4243 rursum
3151 4197 3396 4249 evocata,

1815 4287 2054 4333 rotarum
2089 4288 2387 4344 tormenta,
2439 4276 2686 4337 flammas
2736 4279 2966 4349 ignium,
2998 4279 3158 4334 ollam
3190 4280 3402 4335 ferven-

1817 4379 1923 4426 tem
1971 4372 2274 4440 superavit,
2323 4386 2388 4425 ac
2439 4369 2791 4433 decollatione
2842 4371 3034 4440 capitis
3082 4372 3399 4441 martyrium

1819 4462 2233 4520 consummavit.
2267 4462 2396 4529 Quae
2424 4476 2581 4532 passa
2618 4471 2702 4517 est
2730 4461 2946 4532 quidem
2979 4462 3030 4515 in
3069 4460 3398 4527 Nicomedia,

1819 4553 1910 4606 sed
1944 4561 2064 4622 post
2110 4567 2340 4620 paucum
2381 4562 2611 4622 tempus,
2641 4552 2751 4610 Deo
2791 4553 3126 4622 disponente,
3155 4555 3207 4608 iu
3239 4554 3399 4609 Cam-

1816 4643 2034 4712 paniam
2071 4644 2348 4698 translata.

1884 4733 2087 4790 Eodem
2118 4734 2204 4790 die
2248 4736 2302 4792 in
2331 4731 2566 4804 Egyplo
2604 4733 2804 4794 Iuliani
2853 4748 2976 4791 cum
3032 4733 3155 4792 aliis
3183 4751 3409 4790 numero

1816 4825 2053 4897 quinque
2081 4824 2338 4882 millibus.

1885 4915 1943 4970 In
1958 4915 2236 4984 Hispania,
2268 4915 2491 4974 civitate
2515 4915 2823 4979 Barcillone
2841 4960 2855 4987 ,
2883 4917 2942 4972 S.
2966 4914 3250 4971 Cucufatis
3277 4925 3421 4963 mar-

1823 5009 1976 5082 tyris.

1895 5101 1950 5155 In
1980 5097 2185 5168 Africa,
2212 5101 2387 5161 sancti
2419 5099 2669 5162 Maximi.

1895 5193 2026 5246 Item
2060 5189 2352 5258 Secundae,
2377 5190 2533 5246 Sauli
2568 5195 2852 5268 [Seleuci].

1901 5280 2012 5336 XIII
2041 5280 2180 5338 KAL.
2215 5286 2400 5343 Mam.
2424 5311 2497 5320 —
2531 5259 2595 5339 In
2643 5259 2876 5347 Perside;
2903 5270 3194 5332 ηθίίνίίεδδ
3221 5259 3482 5358 B'_P°‘y.-‘

1827 5373 2039 5434 cbronii
2067 5378 2355 5452 martyris,
2390 5372 2733 5446 Babyloniae,
2763 5388 2817 5434 ei
2835 5360 3195 5428 Ctesifontis
3216 5356 3467 5428 ερὶεεοιιῖο

1824 5468 1929 5538 Qui
1965 5479 2238 5537 praesente
2264 5465 2430 5526 Decio
2460 5464 2828 5536 imperatore,
2853 5476 2920 5519 os
2953 5453 3262 5552 lapidibus
3287 5454 3483 5552 etesiis,
