4046 6468
510 394 647 451 1M7
706 442 719 449 κ
774 414 797 423 ί
1362 391 1420 445 Β.
1462 390 1765 451 NOTKERI
1803 389 2097 448 BALBULI
2136 389 2193 447 S.
2236 390 2442 451 GALLI
2482 396 2761 455 MONACB
3644 409 3779 465 ιω

506 507 820 580 Crysantbi,
846 505 1095 578 Entycbii
1112 538 1137 570 ,-
1152 504 1486 569 Concordiae,
1523 503 1685 571 Justi,
1717 504 1952 570 Romuli,
1981 503 2081 559 Sa-

2182 540 2185 545 -
2261 508 2319 563 ln
2368 510 2551 568 Africa
2591 522 2903 570 sanctorum
2942 487 3151 581 ‘Veruli,
3192 502 3510 585 Secundini,
3541 520 3775 587 Servnli.

507 598 665 663 Ionis,
697 597 917 670 Sylvani
946 608 1001 653 et
1022 597 1251 653 aliorum
1276 596 1545 667 octoginta
1575 605 1831 666 quatuor,
1855 612 2087 667 quorum
2192 599 2408 672 Syricii,
2457 602 2651 660 Felicis
2671 646 2687 671 ,
2728 593 2985 672 Jecundi,
3034 606 3337 675 Saturnini,
3382 610 3669 668 Fortunali
3724 622 3781 670 et

510 691 731 749 nomina
765 690 906 746 Deus
949 690 1072 745 scit.
1102 689 1245 745 Alibi
1293 687 1553 751 Januarii.
1586 696 1642 743 et
1682 687 1911 744 aliorum
1934 687 2090 745 valde
2191 688 2418 745 aliorum
2441 694 2844 762 septemdecim.

510 787 822 844 ιηιιιιοι-ιιηι,
1166 858 1171 864 ‘
1919 799 1922 802 θ
2260 779 2403 836 Alibi
2434 779 2718 852 Victorini,
2746 783 3043 857 Mappalici
3070 796 3123 843 et
3150 786 3504 858 plurimorum
3548 791 3779 849 aliorum

583 877 674 933 XII
698 878 831 934 ΚΑι.
858 877 1039 933 Mur.
1060 875 1558 948 —llierosolymis,
1578 874 1640 930 Β.
1680 874 1950 931 Simeonis
1977 875 2092 944 epi-
2190 880 2512 945 martyrum.

509 968 657 1040 σεορί
690 977 743 1024 et
771 968 1046 1040 martyris,
1069 968 1158 1039 qui
1181 967 1412 1024 traditur
1440 967 1771 1038 propinquus
1792 964 2092 1021 Salvatoris
2260 964 2391 1021 item
2418 968 2682 1039 depositio
2712 969 2964 1026 Eucherii
2991 971 3249 1043 episcopi.
3300 979 3304 983 '

511 1062 676 1117 fuisse
718 1060 1013 1115 secundum
1052 1074 1290 1116 carnem.
1343 1058 1569 1116 Constat
1623 1067 1802 1114 tamen
1852 1058 1980 1128 quia
2027 1058 2093 1112 de
2264 1056 2373 1113 Vill
2420 1058 2553 1114 ΚΑΙ..
2595 1060 2775 1117 Man'r.
2801 1061 3047 1133 ——Apud
3095 1063 3437 1120 Antiochiam
3472 1066 3653 1139 Syria:
3694 1082 3782 1123 ca-

502 1150 743 1222 Cleopha
770 1149 922 1221 cuius
951 1151 1093 1208 illius
1121 1151 1246 1217 fuit,
1279 1150 1447 1211 frater
1473 1159 1593 1207 erat
1619 1149 1839 1217 Joseph.
2192 1145 2381 1203 thcdra
2407 1147 2466 1204 S.
2494 1149 2637 1206 Petri
2665 1152 2911 1223 apostoli.

581 1240 782 1298 Eodem
810 1243 898 1298 die
944 1242 1197 1299 nativitas
1220 1251 1533 1300 sanctorum
1557 1250 1855 1313 martyrum
1881 1240 2091 1297 Claudii
2261 1237 2416 1309 Apud
2463 1240 2845 1299 Alexandriam
2887 1244 3052 1301 Abiiii
3098 1246 3357 1317 episcOpi,
3408 1246 3503 1317 qui
3549 1257 3678 1319 post
3723 1247 3783 1303 Β.

508 1340 563 1387 et
591 1333 779 1388 uxoris
804 1331 923 1401 eius
959 1333 1431 1405 Pra‘pcdignm,.et
1461 1333 1693 1390 filiorum
1727 1330 2095 1388 Alexandriet
2197 1327 2436 1384 Marcum
2466 1332 2739 1388 se¢undus
2780 1334 3066 1405 episcopus
3108 1335 3366 1391 tredecim
3399 1334 3450 1389 in
3483 1336 3665 1391 annos
3703 1351 3785 1391 sa-

508 1421 705 1486 Curiae,
731 1432 787 1479 et
817 1424 1001 1499 fratris
1028 1425 1235 1489 Claudii
1260 1425 1320 1481 Β.
1350 1423 1569 1483 Maximi
1592 1443 1618 1478 Δ;
1647 1423 1738 1493 qui
1762 1437 1884 1478 cum
1912 1430 2097 1478 essent
2191 1416 2494 1473 cerdotinm
2536 1421 2957 1479 administravit.

507 1513 907 1582 praeclarissimi
930 1515 1169 1587 generis,
1197 1524 1391 1587 agente
1428 1514 1597 1571 fratre
1638 1528 1829 1571 eorum
1862 1512 2094 1569 Gabinio
2264 1509 2418 1582 Apud
2465 1508 2821 1583 Hierapolim,
2852 1513 2911 1571 S.
2966 1513 3148 1587 Papia“:
3193 1516 3470 1588 episcopi,
3522 1515 3791 1573 auditoris

509 1606 845 1679 presbytero,
881 1607 1140 1679 baptizati
1185 1616 1315 1663 sunt
1344 1624 1374 1663 a
1419 1606 1480 1661 Β.
1524 1607 1663 1663 Gaio
1702 1605 1958 1676 pontiﬁce
1985 1603 2095 1659 llo-
2194 1599 2255 1655 S.
2286 1599 2513 1659 Joannis
2542 1604 2791 1675 aposmli.
3480 1589 3489 1595 ’

510 1712 692 1755 mane.
724 1698 789 1753 Et
836 1699 1177 1769 postmodum
1225 1700 1392 1764 tentis,
1420 1698 1645 1769 iubente
1673 1698 2029 1763 Diocletiano,
2062 1711 2092 1750 a
2264 1691 2397 1748 Item
2428 1693 2490 1748 Β.
2520 1694 2843 1763 Aristionis,
2869 1699 2963 1768 qui
3002 1716 3141 1756 unus
3185 1700 3287 1758 fuit
3334 1703 3402 1759 de
3442 1690 3791 1775 septuaginta

502 1789 688 1857 judice
719 1790 880 1847 Julio.
909 1792 977 1846 Et
1003 1791 1259 1849 Claudius
1292 1792 1509 1863 quidem
1537 1806 1662 1847 cum
1710 1805 1879 1846 uxore
1917 1803 2014 1845 sua
2040 1797 2095 1843 et
2129 1853 2164 1863 _
2198 1784 2408 1840 duobus
2433 1785 2712 1856 discipulis
2744 1787 2967 1846 Christi.

510 1853 636 1937 liliis
676 1882 990 1952 deportatus
1033 1882 1086 1936 in
1115 1853 1397 1947 exsilium;
1433 1882 1627 1938 deinde
1670 1881 1921 1937 incendio
1963 1893 2096 1936 con-
2129 1853 2172 1913 Β
2269 1875 2325 1931 ln
2376 1853 2694 1935 Nicomedia
2748 1882 3005 1939 nativitas
3055 1893 3257 1942 sanctae
3305 1885 3487 1957 Teglze
3544 1885 3793 1961 [Tecla]

509 1974 760 2040 cremati,
787 1973 1118 2039 odoriferum
1147 1973 1477 2033 sacriﬁcium
1501 1973 1747 2045 martyrii
1777 1972 1889 2027 Deo
1916 1970 2097 2027 reddi.
2197 1966 2445 2038 virginis,
2476 1968 2756 2042 discipulae
2806 1971 2863 2027 S.
2904 1974 3054 2031 Pauli
3096 1978 3350 2051 apostoli,
3376 1993 3500 2049 quae
3541 1978 3647 2034 sub
3690 1976 3793 2033 Ne-

509 2063 725 2120 derunt.
755 2065 834 2120 Ac
876 2065 956 2120 sic
996 2065 1348 2134 postmodum.
1380 2066 1529 2136 apud
1559 2062 1764 2121 Ostiam
1790 2064 1861 2117 'in
1906 2074 2097 2119 reuma
2198 2070 2331 2113 rene
2364 2057 2694 2130 imperatore
2716 2076 2815 2132 pro
2843 2062 3046 2121 Christi
3072 2067 3289 2121 nomine
3319 2066 3427 2139 igni
3453 2078 3543 2123 est
3567 2069 3792 2136 tradita,

504 2155 693 2222 iactati
748 2165 874 2212 sunt
906 2175 918 2211 :
953 2172 1185 2228 quorum
1222 2158 1493 2229 reliquias
1538 2158 1834 2213 Christiani
1878 2157 2095 2229 perqui-
2196 2147 2292 2201 sed
2330 2163 2440 2203 non
2467 2159 2552 2205 est
2581 2161 2724 2206 usta.
2755 2151 2953 2210 Postea
2984 2171 3112 2212 vero
3157 2157 3346 2212 bestiis
3374 2168 3541 2227 atque
3568 2173 3795 2228 serpen-

509 2247 661 2310 sitas.
684 2247 835 2318 juxta
862 2247 1132 2305 civitatem
1155 2248 1505 2318 sepelierunt.
2200 2237 2344 2295 tibus
2364 2239 2621 2311 deputata
2647 2251 2703 2297 et
2735 2245 2972 2315 proiecta
3004 2254 3108 2312 est,
3134 2249 3226 2302 sed
3255 2263 3284 2301 a
3314 2247 3461 2302 nullo
3485 2263 3683 2303 eorum
3711 2259 3795 2305 est

579 2338 637 2393 in
680 2338 887 2402 Africa,
930 2338 1135 2407 Rutuli,
1184 2338 1401 2410 Sylvani
1422 2379 1436 2403 ,
1463 2337 1725 2405 Classici,
1768 2335 2096 2400 Secundini,
2197 2334 2345 2389 laesa.
2372 2334 2454 2392 Ad
2475 2346 2777 2394 extremum
2799 2356 2930 2397 vero
2957 2342 3010 2396 in
3033 2340 3278 2398 Seleucia
3306 2358 3430 2398 cum
3460 2343 3797 2413 virginitatis

512 2429 744 2485 l’luctuli
775 2429 1089 2502 [Fructuli],
1122 2430 1363 2503 Damasi.
2200 2428 2459 2500 martyrio
2487 2439 2650 2500 atque
2688 2432 2952 2488 virtutum
2998 2435 3206 2490 honore
3233 2449 3331 2506 per
3358 2450 3615 2491 somnum
3644 2435 3797 2506 pacis

582 2518 903 2575 lnteramuis
926 2518 1076 2574 Pauli
1109 2528 1162 2574 et
1190 2520 1418 2576 aliorum
1446 2522 1761 2577 multorum.
2200 2522 2451 2592 migravit
2477 2523 2543 2578 ad
2572 2524 2883 2580 Dominum.

584 2609 658 2666 XI
695 2611 829 2667 KAL.
882 2610 1059 2666 MART.
1110 2642 1180 2655 -—
1227 2611 1411 2666 llomre
1468 2612 1720 2667 nativitas
1776 2610 1833 2666 S.
1883 2608 2099 2667 Gabinii
2271 2615 2454 2669 Romae
2497 2615 2582 2669 via
2611 2614 2894 2671 Tiburtina
2926 2616 2994 2671 ad
3037 2616 3096 2672 S.
3128 2616 3486 2675 Laurentium
3533 2618 3804 2674 nativitas

512 2701 845 2774 presbyteri,
879 2703 1049 2773 patris
1084 2702 1410 2760 beatissimte
1452 2703 1747 2767 Snsannm,
1778 2704 1869 2772 qui
1916 2718 1947 2757 a
1978 2701 2102 2757 Dio-
2200 2706 2260 2763 S.
2294 2706 2631 2773 Concordim,
2665 2723 2783 2778 qua
2827 2708 3061 2765 Deciana
3097 2696 3476 2782 persecutione
3526 2697 3801 2767 trucidata

512 2793 748 2849 cletiano
789 2794 879 2848 diu
910 2794 964 2847 in
1020 2794 1265 2849 custodia
1309 2793 1538 2848 vinculis
1571 2792 1830 2857 amictus,
1862 2792 2105 2863 pretiosa
2199 2808 2301 2854 est.

515 2892 689 2941 morte
709 2884 831 2941 θεειί
870 2884 1064 2956 gaudia
1091 2885 1308 2939 meruit.
1802 2896 1805 2899 ‘
2272 2886 2361 2943 νη
2405 2886 2541 2943 ΚΜ..
2599 2888 2780 2945 Μλκτ.
2814 2920 2885 2930 --
2914 2891 3071 2962 Apud
3127 2886 3416 2964 Smyrnam
3471 2889 3806 2966 [Sirmium]

584 2979 640 3034 in
685 2978 889 3043 Africa,
949 2978 1203 3033 nativitas
1242 2976 1302 3030 Β.
1349 2976 1559 3043 Publii,
1609 2976 1845 3041 Iuliani,
1893 2975 2103 3031 Ματαιὴί
2201 2980 2375 3036 sancti
2410 2978 2627 3051 Synerii
2656 2979 2889 3055 [Sireni]
2917 2983 3190 3046 monachi,
3226 2982 3317 3053 qui
3349 2991 3603 3053 tempore
3633 2981 3803 3036 Maxi-

516 3070 824 3143 [Marcelli}.
1276 3081 1283 3086 ’
2203 3069 2367 3126 miani
2394 3069 2757 3140 imperatoris,
2791 3085 2911 3126 cum
2943 3060 3094 3126 unus
3109 3088 3178 3128 ex
3192 3070 3505 3128 domesticis
3527 3071 3653 3143 eius
3674 3086 3806 3127 uxo-

559 3161 717 3218 .ltem
754 3161 1001 3262 Jul-iani,
1388 3160 1576 3226 Pauli,
1621 3159 1887 3225 Marcelli,
1924 3157 2097 3222 Tulii.
2125 3195 2176 3262 ϐ
2204 3177 2318 3218 rem
2340 3163 2474 3219 hora
2496 3164 2790 3236 incongrua
2819 3163 2871 3219 in
2890 3165 3047 3221 horto
3072 3179 3231 3236 quem
3260 3165 3378 3236 ipse
3394 3164 3499 3220 sibi
3521 3163 3808 3219 excolebat

518 3253 810 3324 Lampasii,
842 3252 1045 3323 Mainli,
1072 3252 1219 3308 Julii.
2132 3252 2176 3262 “’
2204 3257 2639 3313 deambulantem
2674 3256 2853 3312 acrius
2888 3257 3217 3328 increpando
3247 3255 3556 3327 repulisset,
3582 3256 3811 3326 iubente

587 3344 636 3399 Χ
665 3343 794 3399 ΚΜ..
834 3342 1011 3400 Μητ.
1043 3373 1112 3384 --
1134 3341 1341 3408 Romae,
1372 3342 1460 3397 via
1485 3341 1658 3412 Appia
1678 3383 1694 3406 ,
1719 3341 1772 3395 in
1802 3340 2106 3396 cmmiterio

2210 3348 2534 3404 Maximiano
2558 3357 2761 3414 tentus,
2785 3356 2840 3403 et
2860 3347 3236 3404 Christianum
3257 3362 3317 3403 se
3338 3361 3463 3403 esse
3493 3344 3808 3409 confessus,

517 3437 732 3494 Callisti
763 3438 1028 3509 depositio
1055 3437 1173 3494 Caii
1202 3437 1462 3508 episcopi.
2205 3439 2382 3510 capite
2415 3454 2591 3495 exesus
2624 3447 2726 3494 cst.

588 3528 744 3599 Apud
790 3527 1029 3601 Cyprum
1073 3527 1329 3583 nativitas
1368 3525 1633 3593 Potamii,
1659 3525 1891 3582 Nmesii
1929 3533 1988 3580 et
2015 3524 2102 3579 Di-
2228 3546 2231 3553 ·
2276 3529 2411 3584 Item
2464 3526 2692 3584 aliorum
2737 3528 3077 3599 sptuaginta
3131 3528 3360 3583 duorum
3389 3566 3403 3591 ,
3456 3525 3551 3597 qui
3612 3524 3813 3579 ibidem

519 3621 686 3691 dymi.
2207 3618 2351 3688 passi
2379 3627 2522 3674 sunt.
2688 3614 2695 3617 “

588 3713 732 3769 Alibi
765 3713 999 3770 Victoris
1026 3721 1082 3767 et
1106 3712 1353 3775 Coronos,
1384 3719 1438 3766 et
1466 3711 1696 3766 aliorum
1723 3710 1932 3779 viginti.
2230 3722 2243 3725 -
2282 3714 2488 3780 Romae,
2521 3711 2579 3768 S.
2625 3711 2907 3785 Polycarpi
2952 3708 3275 3783 presbyteri,
3308 3706 3403 3778 qui
3439 3720 3569 3761 cum
3610 3703 3669 3758 Β.
3717 3699 3814 3757 Se-

587 3805 745 3877 ΛΡΜ
778 3804 1013 3877 Tyrum.
1042 3819 1164 3875 (ιυω
1204 3810 1291 3858 εει
1329 3802 1460 3857 urbs
1505 3800 1743 3856 maxima
1782 3807 1837 3853 ei
1876 3795 2110 3854 celebris
2212 3805 2460 3860 bastiano
2489 3802 2755 3874 plurimos
2789 3804 2855 3858 ad
2905 3801 3065 3857 fidem
3094 3798 3301 3856 Christi
3343 3798 3621 3855 convertit
3648 3803 3815 3867 atque

520 3895 829 3959 l’hmnicis,
870 3890 1504 3964 beatorum’martyrum
1550 3904 1779 3961 quorum
1826 3900 2110 3943 numerum
2216 3895 2283 3950 ad
2316 3894 2560 3966 martyrii
2588 3892 2817 3965 gloriam
2851 3893 3125 3965 perduxit.

525 3988 619 4043 Dei
658 3987 774 4045 sola
821 3986 926 4041 scit
967 3984 1216 4041 scientia.
1246 3983 1426 4052 Quos,
1465 3980 1690 4050 iubente
1738 3976 2112 4040 Diocletiano,

2288 3983 2536 4057 Smyrna:
2584 3984 2839 4040 nativitas
2892 3991 3205 4038 sanctorum
3259 3980 3443 4037 Erotis
3492 3987 3552 4035 et
3609 3976 3820 4048 Carpo-

526 4083 781 4140 Veturins
806 4081 1064 4153 magister
1090 4078 1299 4134 militize
1336 4076 1566 4132 diversis
1599 4081 1991 4131 tormentorum
2021 4084 2113 4142 ge—
2216 4074 2396 4147 phori.
2422 4088 2423 4095 η
2872 4120 2875 4123 ,

527 4175 749 4234 neribus
789 4173 891 4245 sibi
938 4173 1170 4228 invicem
1219 4168 1631 4226 succedentibus
1671 4165 1889 4222 occidit.
1930 4160 2122 4217 Primo

2240 4188 2247 4193 ·
2286 4168 2343 4224 1η
2387 4167 2697 4233 Pannoniis,
2729 4176 3039 4224 sanctorum
3080 4163 3352 4229 Seneroti,
3395 4161 3678 4232 Antigoni,
3710 4159 3818 4215 Be-

527 4268 710 4341 llagris
739 4282 835 4339 per
860 4279 1023 4321 omne
1068 4277 1267 4335 corpus
1296 4266 1566 4331 martyres
1596 4259 1691 4315 Dei
1719 4257 2112 4328 carpebantur;
2220 4259 2339 4330 tuti,
2364 4259 2525 4317 Libii,

527 4340 788 4431 posthaec
824 4357 1176 4413 tradebantur
1203 4353 1272 4409 ad
1313 4351 1541 4418 bestias,
1571 4348 1969 4406 adhibebantur
2008 4345 2120 4401 leo-.
2291 4351 2349 4406 ln
2396 4350 2602 4415 Africa,
2631 4350 2928 4422 Grysionii,
2966 4349 3203 4406 Zenonis
3238 4358 3296 4431 ct
3341 4346 3575 4401 aliorum
3622 4340 3822 4398 multo»

529 4429 648 4517 nes,
674 4448 813 4516 ursi,
845 4447 1001 4518 pardi
1043 4455 1207 4518 atque
1252 4444 1492 4502 ferarum
1524 4454 1722 4514 genus,
1751 4441 1876 4513 equi
1902 4453 2119 4511 quoque
2225 4458 2367 4499 rum.
2596 4459 2599 4463 ·
3033 4440 3039 4446 ’
3288 4429 3296 4435 ’

529 4551 585 4597 et
640 4541 813 4606 tauri;
865 4538 1064 4610 quibus
1104 4536 1250 4594 ferro
1293 4544 1351 4591 et
1399 4535 1511 4607 igni
1559 4532 1749 4589 feritas
1797 4530 2114 4587 addebatur.

2298 4533 2366 4590 Vl
2399 4533 2534 4591 ΚΑι..
2565 4534 2747 4590 Mur.
2775 4564 2841 4575 —
2866 4533 2925 4588 ln
2945 4532 3249 4588 ‘Palzestina
3304 4528 3566 4586 nativitas
3595 4526 3658 4582 S.
3686 4524 3823 4580 Iat-

532 4635 640 4691 Sed
669 4647 790 4689 cum
820 4631 968 4686 nulla
1012 4628 1251 4687 ferarum
1282 4641 1388 4681 cos
1434 4624 1652 4681 lmderet
1672 4664 1688 4689 ,
1734 4619 2123 4677 furorbcllua-
2235 4626 2361 4682 thiae
2390 4626 2643 4698 apostoli,
2669 4628 2761 4697 qui
2784 4626 2852 4682 de
2881 4624 3223 4697 septuaginta
3253 4621 3534 4693 discipulis
3557 4634 3659 4690 pro
3683 4618 3823 4674 Juda

534 4740 655 4781 rum
684 4723 879 4778 transit
916 4721 973 4775 in
1016 4719 1296 4783 homines,
1332 4726 1537 4773 etcum
1577 4713 1770 4785 gladiis
1794 4716 2136 4784 peragerent
2236 4716 2499 4774 traditore
2526 4718 2581 4773 in
2612 4716 2972 4787 apostolatnm
2997 4714 3207 4771 electus
3234 4730 3249 4767 :
3282 4713 3338 4769 itt
3368 4711 3556 4767 Judaea
3579 4702 3824 4780 Evange-

532 4814 679 4887 quod
708 4814 898 4871 bestiis
920 4814 1302 4883 nequiverunt,
1331 4812 1497 4865 etiam
1520 4810 1790 4865 cadavera
1818 4805 2123 4861 occisorum
2234 4806 2362 4861 lium
2391 4806 2724 4881 przedieavit.
2934 4834 2944 4844 ε
3136 4802 3137 4807 “

535 4908 760 4965 marinis
810 4905 1060 4962 fluctibus
1125 4902 1487 4959 immiserunt.
1545 4899 1789 4969 Quorum
1848 4897 2011 4968 primi
2058 4905 2128 4951 'et
2302 4896 2435 4953 Item
2467 4896 2708 4952 inventio
2728 4894 2922 4967 capitis
2944 4893 3296 4967 praecursoris
3320 4890 3831 4971 Domini,tempore

534 5001 721 5074 pmvii
753 5000 972 5056 fuerunt
1016 4995 1385 5069 Tyrannio'et
1431 4991 1703 5065 Sylvanus
1733 4987 2006 5061 episcopi,
2033 4987 2125 5057 qui
2236 4985 2484 5043 Martiani
2520 4985 3044 5058 principis,qnando
3084 4985 3225 5040 idem
3273 4972 3597 5054 praecursor
3620 4980 3832 5074 duobus

536 5071 703 5166 parvo
733 5103 976 5163 tempore
1010 5089 1330 5161 interposito
1373 5086 1672 5144 bestiarum
1700 5083 1954 5140 dentibus
1982 5096 2128 5137 mar—
2235 5078 2516 5134 monachis
2558 5078 2813 5147 primum,
2860 5075 2950 5131 ubi
2999 5074 3115 5144 eius
3162 5083 3325 5145 caput
3347 5073 3582 5129 celatum
3623 5071 3831 5142 iaceret

540 5163 740 5262 tyrium
784 5186 1224 5258 compleverunt;
1272 5190 1328 5237 et
1372 5179 1565 5236 Peleus
1592 5190 1646 5233 et
1673 5172 1843 5231 Linus
1866 5175 2125 5246 episcopi,
2240 5170 2521 5227 revelavit.
2546 5169 2772 5224 Constat
2799 5179 2981 5223 autem
3010 5167 3139 5237 quia
3176 5164 3495 5223 imminente
3539 5163 3836 5219 festivitate

539 5257 632 5351 qui
697 5293 819 5335 cum
868 5257 1117 5348 plurimis
1167 5272 1382 5330 clericis
1444 5271 1568 5339 igne
1630 5267 1930 5338 consumpti
1984 5274 2129 5320 sunt.
2244 5264 2491 5322 Paschali
2521 5263 2704 5329 fuerit,
2735 5264 2876 5318 sicut
2905 5264 2959 5317 in
2992 5261 3287 5334 Evangelio
3315 5269 3486 5351 patet,
3511 5257 3831 5319 deeollatus,

541 5370 814 5425 Zenobius
862 5367 1147 5438 presbyter
1186 5377 1401 5434 quoque
1440 5358 1765 5415 venerabilis
1807 5356 1982 5427 capite
2035 5354 2133 5410 fuit
2241 5368 2295 5413 et
2341 5361 2652 5440 anno-post
2698 5353 2843 5408 hunc
2891 5361 3175 5424 sequente,
3219 5366 3345 5407 cum
3393 5351 3573 5421 denuo
3623 5356 3835 5417 tempus

541 5476 733 5519 exesus.
867 5435 879 5438 “
1028 5435 1036 5437 ἡ
2242 5435 2513 5501 Ρδςειιθιὰ
2560 5443 2782 5507 rediret,
2841 5442 3161 5513 mysterium
3221 5438 3518 5496 Dominicae
3569 5435 3836 5508 passionis

614 5552 687 5607 lx
733 5551 868 5608 Kac.
922 5550 1103 5606 Mam.
1128 5548 1378 5619 —-Apud
1422 5545 1663 5603 Siciliam
1710 5548 2009 5614 martyrum
2054 5544 2138 5594 se-
2243 5539 2362 5595 esse
2393 5527 2740 5606 cumpletum.
2769 5531 2838 5586 Et
2881 5540 3168 5603 praeterea
3201 5530 3343 5600 quod
3382 5529 3435 5583 in
3465 5525 3837 5619 libranct-a-

543 5647 823 5720 ptuaginta
852 5654 1120 5717 quatuor.-
1136 5642 1240 5712 Qui
1274 5615 1384 5697 sub
1425 5637 1761 5697 Diocletiano
1784 5648 1883 5707 per
1925 5633 2141 5689 diversa
2244 5622 2550 5684 mentorum
2573 5624 2832 5717 nativitas
2854 5622 2971 5694 eius
2990 5632 3185 5720 quarto
3205 5620 3570 5720 Kalendarum

547 5705 815 5795 iormitnta
863 5705 1221 5794 confessionis
1267 5748 1378 5789 suae
1397 5734 1667 5790 coronam
1706 5746 1735 5784 a
1777 5705 1995 5785 Christo
2039 5722 2139 5779 sibi
2244 5723 2424 5779 brium
2475 5721 2561 5776 die
2612 5712 2864 5774 notatum
2911 5722 3016 5779 est,
3055 5722 3112 5769 et
3158 5714 3212 5768 in
3260 5709 3664 5784 Martyrologio,
3704 5705 3841 5777 (ptod

520 5836 794 5900 -paratam
820 5827 1099 5899 percipere
1121 5834 1450 5883 meruerunt.
2246 5814 2464 5871 Eusebii
2519 5822 2573 5867 et
2632 5810 2946 5881 llieronymi
3002 5806 3281 5863 vocabulis
3349 5802 3665 5875 insignitum
3716 5806 3837 5865 est,
