4046 6440
270 416 410 470 1059
1238 403 1869 462 MARTYROLOGIUM.
1910 439 1980 449 —
2019 405 2225 463 MENS.
2266 406 2469 464 FEBR.
3393 416 3534 476 1050

266 526 461 596 teg'tut‘
503 536 553 575 tv
597 518 713 574 Kal.
760 517 911 586 Sept.
969 517 1023 572 in
1073 516 1279 572 Emissa
1334 516 1583 589 [Edessa]
1628 516 1847 572 civitate
1878 523 1924 581 Α
1954 526 2217 573 tormenta
2269 519 2526 575 sustinuit
2555 528 2612 575 et
2659 522 2950 579 novissime
2995 524 3176 597 gladio
3220 544 3391 586 earsus
3427 542 3533 590 est.

266 614 539 669 l’hwnicis
583 610 877 681 provincia:
926 608 1182 664 nativitas
1229 608 1286 663 S.
1325 608 1550 665 Joannis
1594 609 1852 679 Baptista:
1954 606 2171 663 Tertius
2203 625 2328 665 cum
2361 610 2504 665 ultro
2535 611 2588 665 in
2617 611 2781 682 pilam
2820 613 3011 671 fuisset
3059 618 3350 688 ingressus,
3391 622 3539 678 indi-

260 706 351 761 die
379 720 485 774 quo
514 702 810 758 decollatus
846 710 945 763 est,
981 717 1087 756 non
1136 699 1446 769 specialiter
1484 700 1657 769 ipsum
1707 699 1849 754 diem

259 794 633 852 decollationis
661 794 794 861 ejus,
827 793 921 847 sed
950 791 1091 845 diem
1121 791 1301 859 potius
1326 804 1434 859 quo
1458 798 1621 857 caput
1649 786 1765 856 ejus
1794 788 1847 841 in

257 888 451 943 eadem
482 887 706 940 civitate
738 892 1009 955 repertum
1038 893 1199 953 atque
1245 883 1301 936 in
1346 882 1572 937 ecclesia
1603 890 1689 936 est
1721 896 1851 935 con-

257 980 455 1043 ditum,
488 978 757 1047 designat.

329 1068 611 1138 Siquidem
642 1068 749 1121 duo
798 1067 1047 1122 monachi
1093 1065 1398 1123 Orientales
1440 1073 1705 1122 venerant
1752 1064 1845 1119 ad-

253 1172 416 1212 orare
439 1156 916 1227 llierosolymis,et
942 1156 1057 1211 loca
1086 1166 1273 1213 sancta
1295 1157 1496 1212 videre.
1523 1156 1730 1224 Quibus
1752 1172 1848 1226 per

256 1249 640 1304 revelationem
672 1246 931 1302 assistens
958 1247 1098 1303 idem
1125 1263 1430 1317 praecursor
1451 1248 1686 1313 Domini,
1711 1262 1846 1317 pra:-

253 1340 397 1409 cepit
424 1347 483 1392 ut
512 1339 579 1393 ad
616 1336 846 1392 Herodis
886 1338 1159 1407 quondam
1190 1338 1332 1407 regis
1359 1336 1722 1392 habitaculum
1754 1350 1845 1390 ac-

250 1432 525 1496 cedentes,
554 1439 718 1499 caput
771 1444 925 1484 suum
968 1429 1039 1483 ibi
1074 1429 1433 1498 requirerent,
1464 1436 1518 1481 et
1568 1428 1842 1482 inventum

250 1523 414 1594 digno
457 1523 663 1577 honore
708 1524 1082 1577 reconderent.
1137 1518 1293 1586 Quod
1342 1518 1544 1573 idcirco
1594 1517 1843 1589 malignae

249 1615 509 1670 mulieres
556 1629 584 1667 a
636 1628 864 1683 corpore
910 1613 1187 1667 absectum
1219 1612 1272 1665 in
1314 1610 1565 1669 cubiculo
1593 1627 1690 1666 suo
1720 1611 1841 1665 dili-

245 1705 394 1775 genti
426 1719 555 1759 cura
587 1712 960 1769 servaverunt,
996 1718 1063 1758 ne
1090 1702 1303 1773 corpori
1337 1702 1606 1758 adnexum
1652 1702 1838 1771 impie-

246 1805 418 1850 tatem
444 1794 657 1849 illarum
684 1794 860 1850 denuo
887 1808 1180 1864 coarguere
1204 1794 1486 1863 potuisset.
1511 1793 1663 1859 Quod
1692 1793 1836 1847 vide-

1950 706 2149 767 gnatus
2170 700 2337 770 judex
2376 699 2541 769 jussit
2564 715 2685 757 eum
2716 703 2840 760 inde
2869 706 3113 774 produci,
3140 717 3197 763 et
3225 725 3386 781 supra
3416 728 3537 768 cra-

1952 786 2171 841 ticulam
2217 790 2405 859 prunis
2447 792 2775 847 substratam
2807 794 3140 864 aliquantum
3177 803 3449 870 perassari
3479 812 3538 860 et

1950 876 2167 932 inverti.
2193 879 2436 950 Cumque
2466 882 2519 936 in
2546 884 2886 941 confessione
2926 889 3262 957 persisteret,
3297 893 3540 952 sublatus

1860 1030 1865 1037 ἱ
1948 967 2095 1033 inde,
2123 969 2429 1024 minutatim
2475 972 2653 1042 gladio
2700 976 2970 1040 concisus,
3004 979 3253 1047 Spiritum
3282 983 3533 1040 reddidit.

1951 1057 2303 1128 Reliquorum
2330 1070 2563 1131 quatuor
2592 1062 2919 1121 Claudianus
2958 1077 3015 1122 et
3053 1069 3344 1128 Dioscorus
3383 1073 3538 1130 llam-

1948 1149 2053 1203 mis
2105 1150 2328 1216 incensi,
2379 1152 2640 1223 Serapion
2694 1166 2749 1211 et
2794 1157 2988 1228 Papias
3038 1162 3219 1232 gladio
3270 1168 3534 1238 perempti

1946 1248 2091 1294 sunt.

2016 1330 2072 1384 lu
2087 1330 2287 1398 Africa,
2315 1344 2626 1391 sanctorum
2645 1338 2859 1406 Donati,
2876 1341 3034 1408 Justi,
3060 1345 3267 1413 Rutuli,
3287 1346 3532 1415 Hirenei,

1943 1417 2199 1476 Pisionis.

2016 1509 2364 1582 Pamphylia),
2388 1513 2629 1570 Nestoris
2652 1525 2709 1571 et
2735 1516 2932 1573 Castae.
3506 1558 3515 1565 ο

2012 1600 2079 1655 lV
2120 1600 2253 1657 ΚΑι..
2293 1604 2567 1661 ΜΑιιτ.-
2613 1607 2670 1663 ln
2721 1611 2943 1667 etvitate
2986 1613 3315 1687 Pamphylia:
3364 1616 3535 1690 Perge

1939 1693 2200 1749 nativitas
2249 1696 2394 1751 beati
2428 1695 2671 1754 Nestoris
2716 1702 2981 1775 episcopi,
3026 1705 3118 1775 qui
3155 1709 3534 1776 persecutione

1940 1784 2108 1850 Decii,
2141 1801 2262 1840 cum
2290 1788 2377 1842 die
2420 1799 2691 1861 noctuque
2720 1795 2954 1850 orationi
3001 1797 3280 1854 insisteret
3306 1809 3365 1854 ut
3401 1814 3532 1871 grex

242 1888 374 1944 licet
426 1896 589 1957 caput
643 1901 673 1940 a
733 1886 1057 1957 supradictis
1112 1885 1371 1941 fratribus
1423 1886 1603 1940 divina
1661 1884 1832 1955 gratia
1868 1870 2140 1933 BChI'iSli
2188 1882 2575 1949 ουειοάἱτθιυτν
2600 1888 3021 1955 comprehensus
3070 1906 3099 1943 a
3148 1893 3382 1962 quodam
3414 1870 3533 1948 flre-

244 1984 519 2046 repertum
548 1986 603 2031 et
626 1983 984 2045 assumptum,
1016 1974 1109 2029 sed
1140 1989 1170 2027 a
1215 1972 1617 2029 conviatoribus
1643 1988 1831 2027 eorum

241 2068 535 2132 sublatum,
564 2077 619 2123 et
645 2068 710 2123 de
739 2066 857 2121 loco
887 2065 954 2119 ad
984 2065 1187 2131 locum,
1218 2066 1287 2119 ab
1312 2066 1531 2120 homine
1559 2065 1627 2119 ad
1659 2065 1833 2119 homi—

241 2176 387 2227 nem,
419 2160 570 2230 quasi
597 2158 852 2229 quiddam
881 2157 1025 2212 aliud
1065 2158 1331 2212 Emissam
1364 2173 1535 2228 usque
1562 2156 1830 2226 perlatum

240 2261 346 2317 est,
370 2260 425 2307 et
453 2252 505 2306 in
536 2250 769 2321 quodam
793 2264 957 2318 specu
987 2248 1039 2302 in
1070 2265 1207 2303 urna
1236 2250 1335 2304 sub
1364 2257 1506 2303 terra
1533 2264 1637 2302 non
1661 2262 1833 2319 pauco

242 2352 488 2411 tempore
537 2342 845 2413 ignobiliter
889 2341 1249 2405 reconditum,
1279 2339 1453 2395 donec
1495 2339 1673 2393 denuo
1713 2354 1832 2394 sese

243 2442 404 2504 caput
452 2433 625 2502 ipsum
672 2432 910 2487 ostendit
958 2431 1211 2486 Marcello
1252 2430 1467 2485 cuidam
1513 2430 1833 2500 presbytero

242 2523 517 2593 religioso,
556 2522 681 2577 dum
733 2523 785 2577 in
833 2524 1022 2577 eodem
1073 2537 1235 2591 specu
1282 2520 1571 2576 habitaret.
1604 2520 1682 2573 Ex
1724 2536 1830 2590 quo

242 2623 482 2683 tempore
507 2614 673 2686 cmpit
704 2613 760 2667 in
804 2613 993 2668 eadem
1028 2603 1250 2667 civitate
1280 2611 1423 2665 beati
1469 2609 1831 2666 Praecursoris

239 2702 545 2767 decollatio,
570 2702 685 2772 ipso
707 2702 793 2757 die
814 2716 922 2770 quo
941 2710 1104 2770 caput
1125 2700 1399 2753 inventum
1422 2698 1536 2753 sive
1562 2698 1827 2753 elevatum

237 2800 341 2855 est,
389 2790 672 2847 celebrari.
700 2790 947 2860 Denique
994 2790 1135 2859 apud
1178 2789 1314 2843 alios
1359 2788 1599 2842 inventio
1634 2787 1829 2857 capitis

238 2879 477 2947 ejusdem
498 2890 690 2937 octavo
712 2880 981 2935 Kalendas
1002 2879 1271 2944 Octobris,
1297 2894 1404 2949 quo
1426 2879 1512 2933 die
1535 2887 1829 2950 conceptus

238 2972 519 3039 asseritur,
546 2973 687 3042 apud
713 2973 974 3042 quosdam
1005 2987 1134 3027 vero
1181 2987 1235 3025 tv
1261 2968 1486 3025 Kalend.
1518 2969 1824 3039 Septembr.

237 3063 561 3120 celebratur.
606 3063 915 3119 Decollatus
945 3078 1071 3117 vero
1116 3062 1283 3117 estin
1331 3059 1554 3116 castello
1588 3060 1825 3130 quodam

235 3153 473 3221 Arabiae,
500 3154 642 3224 quod
671 3154 1024 3209 Macherunta
1050 3153 1382 3217 nominatur,
1405 3159 1460 3205 et
1481 3165 1677 3221 corpus
1706 3151 1825 3220 qui-

1938 1972 2163 2035 narcho,
2189 1973 2279 2041 qui
2308 1982 2427 2027 erat
2457 1975 2707 2045 princeps
2727 1977 2904 2033 Curia:
2930 1980 3189 2047 civitatis,
3217 1984 3365 2037 velut
3390 1984 3532 2038 aries

1936 2059 2053 2115 sine
2080 2062 2289 2117 macula
2314 2064 2635 2121 oblatusest
2663 2069 2881 2136 praesidi
2912 2070 3161 2126 Pollioni.
3189 2073 3254 2127 Et
3279 2089 3402 2129 cum
3434 2090 3531 2130 no-

1935 2164 2058 2202 men
2092 2148 2291 2206 Christi
2323 2154 2458 2207 mira
2484 2154 2734 2211 libertate
2757 2166 2812 2213 et
2841 2159 3123 2216 alacritate
3152 2165 3526 2230 confiteretur,

1932 2236 2066 2292 deos
2110 2247 2289 2294 autem
2321 2244 2561 2311 gentium
2609 2247 2871 2302 dzemonia
2912 2252 3145 2319 pessima
3174 2261 3522 2319 memoraret,

1927 2328 2111 2400 jussus
2157 2330 2225 2384 ab
2270 2333 2459 2387 eodem
2508 2335 2741 2402 praeside
2787 2340 3042 2406 suspendi
3092 2341 3144 2394 in
3189 2342 3440 2411 equuleo,
3472 2352 3530 2397 et

1934 2421 2307 2476 crudelissime
2336 2425 2597 2493 torqueri,
2626 2425 2779 2482 laetus
2805 2429 3070 2499 psallebat
3096 2432 3281 2486 dicens
3310 2450 3322 2485 :
3357 2432 3525 2487 Bene-

1931 2510 2105 2565 dicam
2154 2512 2378 2567 Domino
2407 2516 2460 2570 in
2490 2518 2633 2571 omni
2674 2528 2919 2589 tempore,
2948 2538 3150 2589 semper
3177 2523 3295 2578 laus
3324 2524 3439 2593 ejus
3471 2526 3525 2581 in

1930 2617 2019 2654 ore
2067 2618 2177 2655 meo
2224 2600 2396 2676 (Psal.
2432 2607 2648 2675 χχχιιι).
2679 2607 2889 2664 Prmses
2920 2626 3069 2678 vero,
3104 2622 3329 2684 stupens
3359 2632 3527 2687 super

1932 2702 2078 2747 tanta
2114 2693 2394 2751 tolerantia
2425 2708 2480 2753 et
2504 2699 2687 2755 volens
2720 2717 2845 2757 eum
2891 2704 3104 2760 blandis
3134 2708 3314 2762 verbis
3352 2723 3383 2761 a
3421 2709 3526 2764 [ide

1930 2802 2209 2854 revocare,
2237 2789 2373 2843 dixit
2417 2790 2465 2844 ei
2515 2810 2527 2845 :
2577 2811 2596 2844 ι
2628 2791 2721 2849 Vis
2763 2809 2883 2850 esse
2929 2797 3233 2865 nobiscum,
3275 2807 3369 2854 aut
3398 2815 3523 2854 cum

1928 2879 2145 2934 Christo
2172 2883 2298 2935 tuo?
2327 2902 2344 2934 ι
2374 2883 2470 2937 Cui
2498 2896 2721 2939 sanctus
2744 2884 2939 2941 Nestor
2963 2902 3086 2944 cum
3109 2905 3306 2962 magno
3328 2891 3524 2962 gaudio

1930 2974 2209 3042 respondit
2238 2975 2422 3031 dicens
2472 2996 2485 3030 :
2523 2997 2541 3029 ι
2572 2978 2707 3033 Cum
2739 2978 2957 3036 Christo
3007 2997 3128 3036 meo
3172 2991 3227 3036 et
3274 2998 3423 3038 eram
3466 2992 3523 3039 et

1927 3080 2045 3120 smn
2074 3075 2127 3120 et
2155 3082 2272 3121 ero.
2304 3087 2323 3121 ι
2354 3067 2505 3124 Tunc
2528 3070 2839 3141 indignatus
2864 3088 3064 3143 prazses
3092 3074 3238 3128 dedit
3262 3077 3523 3131 adversus

1928 3172 2050 3211 eum
2088 3160 2436 3226 sententiam,
2468 3170 2526 3216 ut
2557 3163 2649 3232 qui
2681 3162 2864 3218 Jesum
2895 3164 3212 3219 crucifixum
3252 3167 3352 3221 sub
3377 3165 3520 3221 Pon-

236 3247 357 3302 dem
403 3246 520 3315 ejus
570 3247 626 3301 in
673 3246 892 3302 civitate
934 3244 1205 3309 Samaria,
1254 3260 1374 3314 qua:
1406 3258 1549 3297 nunc
1596 3241 1821 3297 Sebasle
1851 3228 1897 3289 (ἶ
1932 3249 2003 3303 tio
2029 3249 2200 3305 Pilato
2228 3250 2510 3317 fateretur,
2544 3228 2799 3323 tanquam
2828 3255 3055 3310 devotus
3094 3259 3203 3311 Deo
3230 3272 3329 3312 suo
3374 3256 3519 3311 illius

235 3338 453 3403 dicitur,
483 3348 643 3408 caput
672 3348 851 3392 autem
899 3338 951 3391 in
992 3336 1376 3407 Hierosolymis
1402 3337 1685 3390 humatum
1715 3344 1818 3390 est.

234 3430 308 3485 At
337 3444 466 3485 vero
485 3444 609 3485 ossa
638 3428 754 3498 ejus
778 3438 1021 3498 tempore
1047 3426 1370 3497 procedente
1393 3424 1819 3497 Hierosolymam

237 3519 517 3585 translata,
563 3535 627 3575 ac
656 3534 781 3574 mox
815 3518 1201 3573 Alexandriam
1233 3518 1421 3582 missa,
1450 3531 1593 3571 nunc
1622 3516 1819 3571 ibidem

236 3614 291 3667 in
315 3613 541 3668 ecclesia
565 3628 684 3683 quae
705 3608 938 3668 neminis
964 3610 1130 3679 ipsius
1152 3618 1234 3665 est
1257 3610 1461 3664 honore
1482 3617 1820 3673 consecrata,

234 3714 540 3761 servantur.
565 3704 739 3773 Caput
761 3718 976 3774 quoque
997 3703 1062 3756 de
1083 3702 1273 3756 Edissa
1298 3699 1823 3770 Constantinopolim

234 3810 333 3867 per
386 3794 746 3850 Theodosium
801 3794 1182 3864 imperatorem
1236 3793 1613 3862 deportatum,
1668 3802 1822 3848 extra

233 3887 423 3941 urbem
454 3886 508 3940 in
543 3885 772 3941 ecclesia
804 3885 952 3955 regio
976 3883 1121 3938 cultu
1158 3885 1477 3953 composita,
1508 3882 1818 3953 frequenta-

233 3988 341 4032 tur.
370 3977 523 4046 Quod
559 3977 737 4032 divina
778 3976 1117 4047 providentia
1161 3983 1375 4030 constat
1414 3975 1721 4041 actitatum,
1764 3983 1824 4030 ut

232 4069 440 4125 scilicet
484 4083 579 4138 per
618 4068 771 4139 plura
802 4065 920 4122 loca
967 4066 1267 4137 deportatis
1315 4065 1375 4119 Β.
1412 4067 1668 4136 martyris
1700 4066 1817 4120 reli-

230 4160 373 4230 quiis
415 4157 567 4230 plura
612 4161 874 4212 virtutum
921 4158 1073 4225 signa
1128 4156 1338 4222 tierent,
1382 4156 1675 4227 pluresque
1720 4173 1819 4229 per

230 4249 551 4309 memoriam
583 4248 841 4303 doctrina:
870 4255 926 4302 et
954 4248 1077 4301 vitae
1106 4247 1251 4301 illius
1296 4247 1364 4301 ad
1406 4246 1566 4302 fidem
1595 4255 1652 4302 et
1688 4248 1820 4302 dile-

228 4340 465 4396 ctionem
509 4339 626 4408 ejus
655 4354 817 4408 quam
866 4338 1277 4408 praadicaverat,
1314 4336 1666 4403 conﬂuerent,
1700 4340 1817 4409 pln-

230 4448 426 4503 resque
447 4448 544 4503 per
570 4430 884 4486 memoriam
911 4428 1168 4482 doctrina:
1180 4427 1372 4482 etvitre
1395 4427 1537 4481 illius
1562 4429 1627 4483 ad
1656 4429 1816 4485 fidem

228 4539 351 4597 quae
370 4523 632 4592 justilicat
652 4531 709 4576 et
734 4520 999 4575 salviticat
1025 4526 1493 4573 converterentur.

296 4618 429 4674 Item
472 4617 657 4672 Romae
684 4614 990 4668 Absalonis.

299 4710 359 4763 ln
405 4708 656 4763 Cmsarea
694 4703 1066 4773 Cappadociae,
1100 4701 1301 4767 Heroli,
1333 4701 1483 4758 Lucii
1534 4711 1588 4756 et
1638 4700 1812 4773 Sergii

228 4809 552 4859 martyrum.

296 4815 369 4855 art
409 4815 552 4853 rum.

296 4889 355 4943 ln
369 4815 819 4951 {AfricaJulianL
844 4882 998 4939 Julia:
1024 4892 1079 4938 et
1104 4883 1333 4939 aliorum
1363 4883 1737 4953 plurimorum.

296 4979 354 5034 In
386 4976 713 5041 Nicomedia,
742 4974 961 5030 Luciani
990 4974 1313 5046 presbyteri.

298 5070 343 5121 V
377 5068 510 5123 KAL.
553 5066 733 5121 Man'r.
763 5096 828 5107 --
870 5067 927 5121 ln
957 5066 1469 5138 Egyptonativitas
1499 5077 1811 5122 sanctorum

225 5161 485 5226 Victoris,
540 5161 822 5227 Victorini,
868 5160 1196 5230 NichOphori
1246 5161 1606 5235 [Nicephori],
1651 5162 1809 5218 Clan-

224 5253 396 5319 diani,
426 5252 690 5316 Dioscori,
716 5250 1031 5320 Serapionis
1055 5260 1109 5306 et
1129 5250 1326 5321 Papiae,
1356 5255 1455 5309 sub
1482 5253 1810 5310 Numeriano

225 5346 573 5413 imperatore,
604 5351 799 5412 agente
829 5340 1029 5395 Sabino
1064 5342 1218 5396 duce.
1247 5341 1487 5407 Quorum
1513 5346 1721 5414 primus
1754 5347 1805 5399 in

222 5435 386 5505 pilam
421 5448 488 5487 ex
521 5432 714 5487 robore
748 5446 956 5495 cavam,
986 5440 1043 5484 et
1080 5432 1317 5502 undique
1363 5434 1804 5490 circumforatam

226 5532 444 5594 missus,
468 5544 531 5583 ac
552 5542 649 5597 per
674 5526 881 5597 singula
904 5524 1170 5580 foramina
1193 5527 1495 5585 diutissime
1519 5538 1803 5598 transpun-

222 5632 367 5683 ειυς.
411 5634 642 5689 ctunqne
680 5619 879 5673 nimius
926 5619 1145 5689 sanguis
1175 5617 1414 5673 ellluerct
1441 5659 1457 5685 ,
1484 5620 1709 5675 eductus
1737 5623 1801 5676 de

222 5710 347 5777 pila,
384 5709 560 5780 capite
606 5723 777 5764 cmsus
803 5716 904 5762 est.
938 5707 1242 5775 Secundus,
1270 5710 1519 5765 manibus
1558 5720 1615 5765 et
1656 5711 1802 5779 pedi-

224 5802 325 5852 bus
365 5800 673 5869 amputatis,
727 5800 779 5853 in
828 5800 1071 5855 eamdem
1120 5800 1279 5870 pilam
1338 5801 1551 5868 missus,
1604 5803 1801 5872 prioris

1927 3339 2135 3394 subiret
2164 3341 2506 3407 sententiam,
2535 3352 2586 3397 et
2635 3342 2779 3413 ligno
2826 3343 3017 3398 alIixus
3059 3355 3203 3399 esset
3254 3345 3515 3414 patibulo,

1926 3429 2155 3485 docebat
2206 3432 2552 3487 assistentem
2608 3434 2862 3504 populum
2911 3434 3301 3501 Christianum,
3353 3442 3410 3489 ut
3463 3435 3517 3490 in

1926 3520 2031 3575 lide
2056 3530 2112 3576 et
2137 3520 2404 3576 charitate
2429 3522 2630 3578 Christi
2662 3525 3039 3593 persisterent,
3070 3534 3125 3580 et
3161 3524 3519 3579 libentissime

1925 3620 2383 3679 compaterentur,
2417 3622 2475 3666 ut
2503 3624 2559 3669 et
2583 3615 2743 3669 simul
2766 3615 3220 3684 glorificarentur.
3250 3616 3379 3669 Post
3399 3615 3515 3671 haec

1925 3706 2115 3767 petens
2142 3712 2359 3752 omnem
2402 3706 2670 3753 astantem
2718 3701 2931 3755 turbam
2961 3700 3218 3767 ﬁdelium,
3254 3710 3309 3754 ut
3342 3716 3513 3773 genua

1927 3790 2150 3859 figentes
2174 3797 2394 3844 orarent
2424 3806 2547 3844 cum
2571 3791 2709 3861 ipso.
2737 3806 2859 3846 cum
2891 3791 3187 3862 compleret
3211 3794 3512 3848 orationem

1923 3891 1980 3936 et
2010 3880 2277 3935 dixissent
2315 3895 2524 3946 omnes,
2558 3882 2744 3947 Amen,
2779 3883 3014 3937 reddidit
3059 3883 3332 3952 spiritum.
3365 3883 3514 3938 Con-

1924 3974 2215 4029 summavit
2261 3983 2441 4030 autem
2490 3976 2811 4044 martyrium
2843 3992 3002 4031 suum
3039 3977 3225 4047 quinta
3264 3966 3512 4042 Sabbati‘,

1923 4062 2055 4118 hora
2088 4064 2264 4118 tertia.
3490 4118 3497 4125 ,

1993 4152 2194 4206 Eodem
2224 4153 2492 4219 dic,beati
2535 4153 2823 4209 Alexandri
2853 4155 3232 4211 Alexandrina:
3274 4146 3514 4211 Civitatis

1921 4245 2181 4318 episcopi,
2229 4245 2447 4315 gloriosi
2494 4249 2661 4309 senis,
2708 4248 2800 4318 qui
2848 4258 2971 4318 post
3019 4250 3238 4303 beatum
3288 4248 3511 4302 Petrum

1918 4338 2110 4391 Arium
2146 4340 2521 4410 presbyterum
2550 4355 2706 4394 suum
2733 4341 2986 4396 haeretica
3018 4340 3296 4410 impietate
3318 4341 3510 4409 depra-

1920 4441 2122 4495 vatum,
2151 4442 2206 4486 et
2234 4448 2262 4486 a
2294 4433 2477 4487 divina
2504 4434 2734 4488 veritate
2768 4433 3116 4502 disjunctum,
3158 4433 3225 4488 de
3266 4433 3510 4489 Ecclesia

1920 4523 2096 4593 ejecit,
2122 4532 2176 4577 et
2199 4532 2385 4593 postea
2417 4524 2560 4581 inter
2588 4534 2858 4580 trecentos
2885 4534 2940 4579 et
2977 4533 3098 4580 octo
3124 4524 3317 4581 Patres
3355 4540 3511 4580 eum-

1842 4583 1895 4644 D
1918 4613 2040 4667 dem
2078 4613 2133 4667 in
2166 4613 2383 4668 Nicamo
2405 4616 2638 4670 concilio
2664 4615 2965 4669 damnavit.

1987 4703 2116 4757 Item
2143 4704 2196 4758 in
2223 4703 2571 4770 Alexandria,
2597 4703 2795 4759 Felicis
2825 4720 2945 4759 cum
2977 4706 3140 4761 sociis
3178 4707 3311 4762 suis.

1914 4794 2048 4865 ωιι
2078 4793 2481 4850 ΚΑι.ΜΑιιτ.-
2507 4797 2658 4866 Apud
2678 4797 3011 4866 Ilispaniam,
3035 4799 3251 4855 civitate
3278 4802 3505 4871 Hispali,

1914 4886 2168 4942 nativitas
2215 4887 2384 4941 sancti
2435 4885 2664 4941 Leandri
2695 4889 2951 4958 episcopi,
3001 4891 3067 4943 ad
3115 4906 3275 4961 quem
3316 4893 3506 4948 beatus

1914 4977 2206 5048 Gregorius
2244 4977 2413 5031 libros
2453 4976 2734 5033 Moralium
2777 4980 3016 5049 scripsit.
3054 4980 3218 5049 Cujus
3245 4984 3504 5051 praedica-

1915 5070 2057 5123 tione
2098 5076 2152 5122 et
2199 5067 2460 5122 industria
2493 5076 2601 5122 tota
2644 5068 2942 5124 Gothorum
2974 5085 3106 5139 gens
3134 5085 3229 5139 per
3258 5071 3502 5126 Reccha—

1914 5160 2102 5213 redum
2135 5174 2314 5230 regem
2348 5158 2416 5212 ab
2438 5158 2639 5213 Ariana
2669 5159 2947 5229 impietate
2974 5176 3234 5215 conversa
3263 5170 3363 5235 est.
3398 5162 3501 5230 Qui

1909 5254 2073 5305 etiam
2125 5251 2347 5306 fratrem
2396 5252 2514 5321 ejus
2561 5252 2970 5323 Erminigildnm
3014 5269 3233 5323 regem,
3286 5257 3505 5311 vivente

1907 5343 2083 5397 adhuc
2111 5352 2265 5411 patre
2307 5342 2579 5403 haeretica,
2606 5342 2673 5395 ab
2718 5344 2905 5396 eadem
2935 5342 3137 5417 Ariana
3188 5345 3377 5400 lueresi
3427 5346 3496 5401 ad

1905 5431 2225 5487 catholicam
2255 5432 2412 5487 ﬁdem
2441 5433 2695 5496 correxit,
2726 5442 2889 5501 atque
2920 5449 3089 5501 usque
3115 5435 3181 5489 ad
3204 5435 3495 5506 gloriosam

1905 5523 2148 5594 martyrii
2182 5524 2490 5593 passionem
2521 5523 2634 5577 suis
2666 5524 3135 5579 exhortationibus
3164 5526 3434 5595 perduxit.

1977 5617 2178 5669 Eodem
2206 5615 2293 5670 die
2335 5615 2388 5669 iu
2432 5614 2753 5668 Alexandria
2787 5616 3039 5670 nativitas
3087 5616 3257 5671 sancti
3294 5615 3490 5671 Juliani

1906 5710 2182 5779 martyris,
2209 5707 2299 5779 qui
2332 5722 2455 5763 cum
2503 5707 2576 5760 ita
2608 5708 2841 5776 podagra
2880 5708 3207 5763 constrictus
3236 5716 3399 5773 esset,
3432 5716 3490 5761 ut
3556 5726 3571 5741 ο

1906 5816 2079 5872 neque
2130 5800 2381 5857 incedere
2435 5816 2607 5870 neque
2655 5808 2801 5854 stare
2843 5810 3043 5869 posset,
3096 5817 3219 5856 cum
3276 5802 3358 5854 his
3397 5801 3491 5869 qui
