4046 6426
509 391 643 448 1051

1429 387 1491 440 Β.
1525 382 1828 442 NOTKERI
1868 381 2158 438 BALBULI
2195 383 2251 438 S.
2283 384 2489 443 GALLI
2529 387 2836 446 MONACHI

3645 387 3786 442 ιθδξ

508 516 633 558 eum
681 500 732 554 in
777 497 962 554 sellula
1013 495 1298 566 portabant
1342 494 1511 564 jodiei
1561 493 1808 549 oii'ertur.
1856 491 2094 559 Quorum
2128 497 2171 554 A
2200 494 2364 551 beato
2391 496 2702 555 Theotecno
2744 499 2985 570 ejusdem
3013 500 3164 554 urbis
3205 497 3464 571 episcopo
3489 498 3792 569 plurimum.

511 609 651 650 unus
695 591 912 662 quidem
968 591 1150 644 statim
1206 588 1460 659 negavit,
1515 586 1653 641 alter
1700 585 1919 640 nomine
1965 585 2099 638 Eum

505 681 742 755 tEuuos]
789 697 910 738 cum
957 680 1171 735 Joliano
1211 692 1342 734 sene
1393 679 1445 732 in
1501 678 1712 732 Domini
1763 677 2103 732 confessione

513 775 788 844 jerdurat.
823 771 1032 840 Quique
1059 768 1278 841 [Ambo]
1305 769 1564 838 juheutur
1611 767 1832 823 camelis
1869 767 2102 837 impositi

515 881 612 935 per
651 875 816 920 totam
859 861 1190 919 circumduci
1243 862 1430 916 urbem
1481 872 1536 914 et
1583 860 1784 931 ﬂagris,
1812 861 1939 916 hinc
1982 862 2106 916 inde

510 956 752 1024 st'pante
779 953 994 1023 populo,
1023 951 1234 1018 laniari,
1260 964 1539 1020 osquequo
1567 949 1726 1005 tinem
1760 950 1888 1021 ipsis
1917 951 2105 1006 verbe-

519 1047 670 1100 r'.bus
697 1045 1040 1100 sortirentur.

511 1185 515 1188 .
585 1137 741 1208 Apul
791 1138 1105 1208 Lugdunum
1147 1136 1316 1191 sancti
1369 1135 1697 1190 Baldemeris
1747 1134 2104 1207 [Buldomeri]

517 1229 622 1284 viri
673 1229 789 1297 Dei,
837 1229 990 1299 cujus
1042 1227 1352 1299 sepulcrum
1405 1228 1612 1283 crebris
1667 1226 1943 1282 miraculis
1983 1225 2106 1281 illu-

519 1327 740 1374 strator.
2067 1314 2071 1317 ’

590 1407 780 1462 Ρκιοιε
823 1407 956 1463 ΚΑι..
1007 1406 1365 1463 Manu—in
1415 1407 1744 1462 Alexandria
1796 1414 2109 1462 sanctorum

520 1495 744 1564 Celeris,
778 1499 970 1568 Popilli
1003 1497 1298 1570 [Caerealis,
1331 1497 1566 1570 Populi],
1596 1496 1737 1562 Gaii,
1771 1497 2106 1567 Serapionis.

589 1591 648 1646 in
696 1591 968 1646 territorio
995 1590 1340 1661 Logdonensi
1385 1589 1516 1644 locis
1566 1589 1866 1644 virentibus
1907 1588 1967 1642 Β.
2001 1588 2108 1642 Ro-

523 1683 670 1737 mani
714 1684 943 1750 abbatis,
990 1685 1080 1754 qui
1134 1683 1340 1754 primus
1387 1683 1496 1738 illic
1543 1683 1710 1737 vitam
1766 1682 2112 1737 eremeticam

521 1773 696 1838 duxit,
721 1782 777 1829 et
797 1773 982 1830 multis
1013 1774 1290 1829 miraculis
1335 1789 1398 1829 ac
1435 1773 1730 1828 virtutibus
1759 1773 1966 1838 clarus,
1996 1771 2114 1842 plo-

527 1861 786 1918 rimorum
815 1873 1001 1935 postea
1027 1864 1187 1920 Pater
1207 1864 1416 1919 exstitit
1450 1863 1858 1920 monachorum.

1134 2016 1512 2078 MARTIUS.

525 2136 804 2199 Martius
835 2137 1016 2198 habet
1047 2137 1177 2198 dies
1219 2157 1392 2210 xxxi,
1431 2137 1563 2200 Iun.
1600 2155 1750 2198 xxx.
1789 2138 1869 2198 Et
1906 2138 1966 2198 in
1998 2137 2112 2198 hoc

607 2234 806 2276 mense
861 2217 980 2296 erit
1031 2216 1335 2296 jejunium
1389 2221 1690 2296 primum,
1723 2215 1794 2277 de
1825 2217 2115 2292 Quatuor

616 2294 1049 2372 Temporibus.

603 2435 740 2490 ΚΜ..
774 2435 1046 2491 ΜΑιιτ.-
1076 2437 1259 2492 Romae
1299 2446 1612 2493 sanctorum
1663 2445 1961 2508 martyrum
2009 2435 2111 2490 do-

533 2533 813 2579 centorom
861 2525 1142 2597 sexaginta
1204 2527 1536 2597 temporibus
1583 2525 1834 2592 Claudii,
1894 2525 1985 2596 qui
2030 2525 2115 2578 via

534 2613 742 2670 Salaria
768 2629 988 2669 arenam
1023 2615 1308 2680 fodientes,
1338 2615 1573 2671 damnati
1603 2615 1819 2670 fuerant
1844 2630 1941 2685 pro
1962 2614 2120 2671 Chri-

536 2705 605 2761 sti
630 2706 867 2762 nomine.
903 2705 1049 2774 Quos
1092 2705 1254 2776 jussit
1280 2706 1536 2763 Claudios
1566 2717 1624 2762 ot
1665 2707 1718 2762 in
1763 2707 1941 2778 figlina
1986 2706 2120 2762 foris

533 2811 721 2850 moros
749 2807 921 2866 portae
949 2796 1177 2851 Salaria:
1200 2797 1565 2865 mitterentur,
1603 2807 1658 2853 et
1692 2812 1758 2853 eo
1781 2797 1899 2853 loco
1927 2797 2120 2852 inclusi

533 2886 592 2941 in
620 2886 856 2942 civitatis
884 2889 1284 2959 amphitheatro
1330 2888 1562 2943 militum
1600 2889 1812 2961 sagittis
1840 2887 2116 2945 interfice‘

532 2989 741 3036 rentur.
798 2981 999 3037 ibidem
1049 2983 1314 3054 Simplicii
1368 2998 1560 3055 papae,
1609 2985 1702 3055 qui
1751 2985 1889 3040 sedit
1935 2985 2121 3040 Roma:

535 3073 693 3128 annis
740 3073 1070 3143 quindecim.
1127 3075 1224 3130 Hic
1270 3075 1526 3130 Acacium
1565 3075 2120 3147 Constantinopolita-

2202 588 2256 642 in
2283 588 2386 644 fide
2414 591 2779 657 confortatus,
2821 599 3070 662 repetens
3095 591 3353 646 continuo
3380 589 3617 645 tribunal
3641 587 3787 658 judi-

2201 679 2282 735 cis
2311 681 2773 736 confidentissime
2817 682 3098 752 respondit
3133 701 3145 736 :
3179 682 3404 738 Obedire
3443 690 3643 752 oportet
3677 679 3786 731 Deo

2202 771 2370 839 magis
2407 783 2580 842 quam'
2610 773 2906 826 hominibus
2949 773 3087 843 (Act.
3116 773 3194 841 v),
3247 783 3304 826 et
3344 772 3490 826 illico
3535 769 3787 840 martyrii

2203 875 2464 916 coronam
2494 863 2689 932 capitis
2715 863 3047 918 abscissione
3077 863 3332 932 suscepit.
3372 863 3619 932 Cumque
3643 875 3787 932 pne.

2204 952 2348 1008 fatos
2389 954 2638 1010 Asterius
2684 957 2862 1025 capite
2908 965 3217 1011 truncatum
3280 955 3536 1026 martyris
3587 968 3790 1022 corpus

2205 1046 2461 1117 subjectis
2489 1049 2729 1104 humeris
2767 1061 2824 1104 ct
2869 1051 3139 1104 substrata
3185 1059 3334 1104 veste
3380 1066 3484 1119 qua
3528 1047 3792 1102 indueba-

2211 1145 2318 1202 tur,
2345 1139 2640 1208 exciperet,
2667 1141 2926 1196 honorem
2957 1156 3116 1210 quem
3155 1141 3380 1210 martyri
3405 1139 3626 1201 detulit,
3661 1154 3792 1192 con-

2208 1227 2361 1284 tinuo
2387 1229 2501 1298 ipse
2531 1232 2850 1302 martyrium
2878 1231 3104 1302 accepit.
3142 1229 3415 1301 Scriptum
3443 1231 3500 1284 in
3536 1229 3792 1284 Historia:

2208 1317 2599 1376 Ecclesiasticae
2625 1321 2764 1376 libro
2787 1323 3055 1392 septimo!

2280 1429 2349 1486 IV
2412 1430 2546 1487 Nox.
2597 1432 3162 1490 Manr.—Nativitas
3206 1435 3376 1489 sancti
3423 1433 3582 1490 Lucii
3642 1450 3796 1504 papa:

2211 1531 2265 1575 et
2290 1523 2565 1594 martyris.
2623 1523 2722 1580 Hic
2748 1526 3004 1595 przecepit
3034 1535 3091 1579 ot
3119 1526 3224 1580 duo
3257 1526 3560 1596 presbyteri
3604 1534 3661 1579 et
3690 1526 3798 1578 duo

2213 1614 2427 1670 diaconi
2483 1615 2536 1670 in
2587 1618 2733 1672 omni
2784 1617 2903 1674 loco
2952 1619 3262 1689 episcopum
3313 1635 3418 1672 non
3475 1619 3800 1673 desererent

2213 1713 2435 1775 propter
2477 1706 2844 1762 testimonium
2889 1707 3337 1762 ecclesiasticum.
3388 1705 3492 1774 Qui
3540 1720 3799 1774 persecoo

2220 1797 2362 1852 tione
2387 1797 2660 1854 Valeriani
2690 1811 2746 1855 et
2790 1799 3018 1855 Gallieni
3065 1803 3134 1857 ob
3164 1801 3320 1855 fidem
3359 1799 3564 1855 Christi
3606 1797 3800 1854 exsilio

2215 1887 2486 1958 relegatus
2511 1930 2527 1954 ,
2566 1898 2620 1944 et
2657 1892 2997 1960 postmodum
3029 1890 3212 1946 divino
3242 1900 3369 1944 nutu
3403 1891 3472 1945 ad
3505 1888 3801 1944 ecclesiam

2213 1993 2368 2032 suam
2412 1979 2588 2033 redire
2617 1981 2915 2050 permissos
2939 2021 2953 2045 ,
3003 1980 3319 2050 martyrium
3347 1978 3544 2049 capitis
3572 1977 3801 2032 obtrun-

2214 2068 2428 2123 catione
2452 2068 2758 2138 complevit.
2801 2068 2992 2124 Postea
3033 2069 3240 2140 positus
3267 2079 3350 2123 est
3390 2068 3477 2121 via
3525 2066 3704 2136 Appia
3737 2066 3804 2120 ad

2216 2165 2459 2211 sanctum
2487 2156 2732 2229 Xystom.
2775 2157 2926 2212 Sedit
2965 2168 3142 2214 autem
3184 2159 3236 2212 in
3268 2159 3591 2228 episc0pato
3614 2171 3790 2210 annos

2217 2257 2345 2314 tres,
2373 2265 2589 2304 menses
2619 2259 2750 2314 tres,
2775 2251 2890 2305 dies
2920 2261 3048 2306 tres.

2289 2345 2419 2399 item
2471 2345 2693 2411 Romae,
2726 2345 2809 2400 via
2861 2344 3074 2414 Appia,
3135 2354 3446 2400 sanctorum
3500 2355 3805 2414 martyrum

2220 2445 2636 2506 nongentarum,
2681 2435 2772 2506 qui
2804 2435 2963 2505 positi
3000 2436 3055 2489 in
3095 2435 3408 2490 cmnieterio
3438 2435 3509 2488 ad
3552 2441 3806 2488 sanctam

2219 2528 2504 2583 Caeciliam.

2290 2623 2489 2678 Eodem
2520 2623 2607 2678 die
2642 2621 2701 2677 S.
2735 2620 2877 2688 Gaii,
2905 2621 3136 2676 Palatini
3169 2622 3222 2676 in
3253 2637 3402 2676 mare
3429 2621 3692 2676 demersi.

2289 2733 2353 2788 lii
2414 2733 2552 2788 Nos.
2586 2732 2767 2788 Manr.
2812 2732 3058 2803 —Apud
3101 2732 3443 2788 Antiochiam
3493 2731 3670 2786 sancti
3705 2730 3812 2786 Fo-

2221 2840 2297 2880 cae
2333 2823 2604 2894 martyris.
2647 2822 2748 2890 Qui
2777 2838 2874 2893 per
2899 2822 3119 2887 multas,
3161 2837 3300 2892 quas
3339 2837 3436 2890 pro
3478 2820 3809 2889 Redempto-

2224 2917 2298 2978 ris
2329 2916 2530 2971 Christi
2567 2915 2787 2970 nomine
2815 2929 3107 2986 perpessus
3133 2923 3250 2979 est,
3281 2914 3539 2984 injurias,
3570 2912 3810 2983 qualiter

2221 3006 2289 3062 de
2319 3006 2542 3076 antiquo
2587 3005 2678 3060 illo
2723 3013 2976 3076 serpente
3017 3005 3482 3074 triumphaverat,
3534 3001 3810 3070 hodieque

2222 3097 2432 3168 pepulis
2457 3095 2783 3152 declaratur.
2818 3096 3061 3165 Denique
3097 3095 3150 3150 in
3183 3095 3491 3164 quempiam
3523 3093 3631 3148 loci
3666 3093 3811 3148 illius

537 3176 665 3216 “um
697 3164 1032 3264 ςρίεεορξηην
1076 3175 1130 3264 εξ
1171 3167 1392 3264 Petilli“
1436 3168 1862 3224 Alexandrinum
1906 3169 2112 3240 ἤθεσίν
2143 3201 2190 3264 c
2221 3164 2440 3242 col—uber
2467 3201 2704 3240 morsum
2730 3185 2901 3258 ﬁgens
2949 3164 3154 3241 venena
3204 3183 3498 3248 diifuderit,
3527 3185 3811 3251 extemplo

541 3267 668 3320 pom
703 3253 1068 3324 Eotychianos
1095 3257 1392 3317 damnavit.

541 3361 543 3363 ί
607 3344 937 3414 Andegavis,
966 3347 1144 3404 Albini
1176 3351 1435 3420 episcopi.

609 3433 677 3490 Vl
709 3433 841 3490 Non.
874 3435 1054 3493 MART.
1077 3469 1148 3478 —
1197 3438 1401 3505 Romze,
1437 3439 1524 3493 via
1550 3439 1742 3494 Latina
1763 3481 1776 3504 ,
1813 3450 2121 3495 sanctorum

539 3521 716 3578 Jovini
741 3533 796 3579 et
819 3525 1065 3592 Brasilei,
1098 3529 1186 3597 qui
1216 3529 1359 3597 passi
1389 3539 1515 3584 sont
1543 3529 1644 3584 sub
1669 3529 1914 3585 Gallieno
1939 3539 1994 3586 et
2022 3530 2123 3585 Va-

542 3613 748 3674 leriano
770 3616 1207 3687 imperatoribus.

614 3705 814 3762 Eodem
842 3708 929 3763 die
957 3717 1253 3780 martyrum
1291 3709 1644 3780 plurimorum
1693 3711 1792 3764 sub
1816 3709 2124 3764 Alexandro

543 3796 872 3866 imperatore
917 3813 1240 3867 passorum,
1290 3815 1425 3869 quos
1472 3800 1562 3853 diu
1611 3799 1882 3856 cruciatos
1930 3800 2126 3870 impios

549 3887 857 3944 Alexander
880 3889 1097 3958 capitali
1127 3890 1394 3944 sententia
1423 3890 1717 3944 damnavit.

623 3979 665 4033 V
701 3977 834 4034 Non.
877 3979 1150 4034 Mann—
1193 3980 1250 4034 in
1286 3980 1570 4049 Hispania,
1619 3979 1836 4034 civitate
1869 3977 2128 4048 Calagur-

547 4067 724 4122 ritana
754 4107 770 4132 ,
818 4068 1076 4123 nativitas
1118 4077 1427 4124 sanctorum
1484 4081 1782 4139 martyrum
1832 4067 2126 4122 Emetherii

550 4155 879 4229 [Hemiterii]
908 4166 961 4211 et
990 4157 1304 4213 Cheledonii
1334 4176 1345 4211 :
1371 4159 1461 4227 qui
1495 4158 1726 4227 primum
1773 4157 1914 4226 apud
1953 4156 2125 4227 Lego-

547 4249 793 4304 niensem
828 4248 1064 4303 Gallicize
1089 4248 1366 4304 civitatem
1409 4248 1625 4311 milites,
1653 4255 1978 4318 exsurgente
2008 4262 2130 4316 per-

552 4339 846 4395 secutionis
875 4340 1112 4410 procella
1131 4382 1144 4407 ,
1170 4355 1270 4411 pro
1297 4339 1640 4396 confessione
1671 4339 1904 4394 nominis
1931 4337 2131 4394 Christi

549 4431 798 4502 plurimis
828 4432 1011 4487 afﬂicti
1063 4433 1381 4498 tormentis,
1429 4431 1764 4503 Calagurrim
1815 4445 1986 4500 usque
2007 4445 2131 4500 pcr-

553 4525 737 4589 docti,
773 4532 937 4595 atque
985 4525 1185 4581 ibidem
1236 4524 1502 4595 martyrio
1522 4522 1711 4579 affecti
1738 4531 1863 4577 sunt
1889 4530 1944 4577 et
1973 4536 2128 4577 coro-
2156 4553 2209 4614 Β

551 4613 684 4667 nati.
717 4613 961 4683 Cumque
989 4631 1177 4670 eorum
1219 4615 1397 4686 capita
1437 4614 1598 4670 lictor
1641 4614 1938 4676 incideret,
1962 4612 2129 4666 mira-

551 4702 732 4758 culum
762 4705 975 4774 populis
1001 4705 1207 4777 grande
1233 4706 1501 4776 apparuit.
1541 4704 1674 4758 Nam
1713 4704 1874 4759 unius
1903 4702 2135 4757 annulus

560 4795 912 4866 orariumque
941 4797 1185 4862 alterius,
1237 4798 1380 4852 nube
1427 4805 1735 4866 susceptum
1772 4805 1828 4852 et
1872 4795 1925 4849 in
1969 4795 2136 4850 cmlos

553 4893 801 4941 evectum
829 4895 929 4940 est.
976 4886 1236 4942 Viderunt
1270 4887 1388 4942 haec
1431 4901 1625 4942 omnes
1675 4886 1766 4956 qui
1811 4885 2054 4946 aderant,
2084 4892 2141 4940 et

557 4991 840 5047 usquequo
891 4979 1038 5034 acies
1089 4977 1368 5034 oculorum
1415 4978 1700 5031 intendere
1726 4978 1930 5047 potuit,
1963 4976 2137 5045 fulgo-

558 5081 673 5121 rem
717 5068 835 5121 auri
882 5068 1281 5140 candoremque
1315 5068 1465 5122 lintei
1508 5067 1740 5124 attonito
1775 5067 2140 5136 sequebantur

559 5157 776 5212 intuitu.
821 5157 1022 5214 Scribit
1046 5158 1314 5214 Aureolos
1340 5159 1394 5213 in
1421 5158 1561 5213 libro
1590 5166 1993 5213 coronatorum.

627 5248 782 5319 Apud
810 5247 1112 5306 Caesaream
1163 5250 1452 5306 Palestina:
1497 5257 1809 5304 sanctorum
1839 5256 2140 5318 martyrum

559 5337 753 5393 Marini
784 5339 971 5395 militis
994 5381 1008 5406 ,
1057 5348 1114 5395 et
1157 5341 1360 5397 Asterii
1407 5339 1675 5396 senatoris
1697 5379 1712 5406 ,
1761 5339 1861 5394 sub
1889 5352 2144 5409 persecu.

560 5431 708 5486 tione
731 5430 1027 5487 Valeriani.
1053 5432 1294 5502 Quorum
1319 5433 1470 5504 prior
1489 5449 1612 5488 cum
1639 5440 1925 5488 accusatus
1949 5429 2142 5484 fuisset

563 5536 594 5574 a
622 5522 1083 5579 commilitonibus
1129 5525 1270 5594 quod
1301 5537 1446 5582 esset
1474 5523 1846 5588 Christianos,
1885 5530 1941 5576 et
1969 5521 2138 5574 inter-

563 5619 786 5682 rogatus
829 5627 860 5666 a
898 5611 1081 5682 judice
1128 5614 1497 5670 Christianum
1545 5629 1606 5670 se
1652 5628 1772 5669 esse
1813 5611 1960 5669 clara
2008 5623 2142 5664 voce

479 5701 492 5714 ⁵
562 5710 873 5769 testaretur,
918 5713 1028 5762 tres
1076 5705 1125 5762 ei
1173 5707 1323 5763 hora:
1352 5707 1420 5761 ad
1461 5704 1870 5762 deliberandum
1920 5699 2139 5755 indulta:

563 5803 710 5849 sunt.
769 5795 1011 5870 Cumque
1060 5815 1088 5856 a
1135 5801 1493 5857 tribunalibus
1543 5800 1729 5856 fuisset
1769 5811 2058 5869 egressus.
2109 5813 2137 5849 ιι

2224 3278 2316 3348 qui
2348 3291 2640 3348 percussus
2663 3285 2766 3343 est,
2797 3275 3092 3344 utjanuam
3119 3275 3354 3330 basilica:
3397 3274 3660 3344 martyris
3691 3289 3811 3328 cre-

2225 3369 2358 3425 deus
2381 3368 2642 3439 attigerit,
2671 3375 2932 3422 evacuata
2963 3369 3166 3421 virtute
3192 3366 3404 3431 veneni,
3438 3365 3710 3420 salvator.

2295 3459 2425 3514 item
2459 3459 2577 3529 ipso
2605 3459 2712 3514 die.
2747 3457 2968 3514 Eusebii
2998 3469 3053 3512 et
3082 3455 3310 3511 Palatini
3351 3465 3408 3511 et
3431 3454 3662 3510 aliorum
3689 3464 3814 3510 octo

2225 3559 2542 3622 martyrum.

2298 3645 2430 3698 Item
2462 3643 2516 3697 in
2539 3641 2858 3707 Antiochia,
2891 3640 3198 3704 Saturnini,
3231 3640 3402 3705 Casti,
3435 3639 3629 3710 Syriae.

2297 3717 2430 3790 item
2463 3733 2788 3798 Saturnini,
2836 3731 3092 3795 Martini,
3149 3729 3292 3785 Petri
3342 3739 3399 3786 et
3439 3729 3677 3784 aliorum
3707 3743 3817 3784 non

2226 3841 2542 3898 paucorum.

2296 3937 2340 3992 ll
2399 3935 2535 3992 Nos.
2577 3933 2761 3989 Mur.
2804 3963 2876 3974 —
2922 3930 3248 3986 Nicomedia:
3295 3929 3549 3984 nativitas
3598 3936 3816 3982 sancto-

2231 4044 2349 4082 rum
2379 4025 2614 4080 Victoris
2653 4033 2708 4078 et
2750 4022 3034 4086 Victorini,
3078 4021 3168 4090 qui
3217 4036 3313 4090 per
3359 4020 3657 4075 triennium
3690 4033 3814 4074 cum

2229 4119 2532 4175 Claudiano
2556 4124 2612 4171 et
2647 4115 2812 4170 Bassa
2857 4127 3027 4168 uxore
3059 4113 3177 4182 ejus
3219 4112 3504 4166 tormentis
3527 4111 3740 4174 ainicti,
3766 4120 3824 4164 et

2231 4208 2428 4263 retrusi
2474 4206 2529 4260 in
2575 4219 2853 4260 carcerem
2873 4242 2889 4268 ,
2939 4201 3139 4256 ibidem
3172 4201 3298 4254 vita:
3327 4215 3440 4255 sua:
3469 4216 3694 4255 cursum
3722 4200 3821 4253 im-

2231 4299 2533 4370 pleveruut.

2302 4387 2546 4458 Nic0poli
2580 4385 2772 4457 papiac,
2796 4383 3091 4439 Alexandri
3120 4393 3175 4438 et
3206 4381 3423 4438 Diodori
3454 4391 3786 4453 martyrum.

2305 4479 2360 4533 in
2393 4477 2568 4542 italia,
2596 4477 2723 4531 villa
2751 4474 3026 4548 Fagoniaa,
3060 4472 3321 4528 Victorini
3353 4481 3412 4526 et
3441 4471 3690 4542 Sylvani.

2309 4592 2476 4648 Noms
2507 4590 2688 4645 Mam.
2712 4619 2781 4629 -—-
2801 4589 2859 4642 in
2888 4586 3236 4652 Mauritania,
3262 4585 3482 4640 civitate
3509 4584 3827 4638 Tiborbita-

2241 4702 2432 4742 norum
2458 4725 2475 4750 ,
2525 4683 2706 4755 passio
2734 4691 3044 4738 sanctarum
3091 4687 3396 4750 martyrum
3444 4676 3734 4746 Perpetua:
3770 4685 3828 4728 et

2244 4775 2562 4835 Felicitatis,
2591 4782 2646 4828 et
2686 4787 2806 4827 cum
2854 4770 2935 4826 eis
2976 4769 3271 4833 Revocati,
3311 4767 3592 4824 Saturnini
3633 4777 3693 4822 et
3730 4765 3829 4820 Se-

2241 4867 2484 4923 condoli.
2519 4865 2758 4932 Quorum
2791 4862 3015 4917 ultimos
3063 4861 3116 4914 in
3147 4873 3371 4913 carcere
3411 4856 3640 4927 quievit.
3683 4854 3826 4908 Beli-

2239 4959 2332 5022 qui
2358 4971 2549 5012 omnes
2591 4955 2658 5008 ad
2688 4953 2892 5008 bestias
2915 4958 3042 5005 sunt
3069 4947 3285 5010 traditi,
3322 4946 3423 5000 sub
3448 4945 3655 4999 Severo
3679 4945 3828 5013 prin-

2241 5050 2385 5119 cipe,
2414 5047 2501 5102 die
2531 5043 2835 5100 nativitatis
2861 5041 2998 5111 ejus.
3037 5038 3249 5108 Quique
3277 5051 3400 5092 cum
3434 5035 3616 5089 adhuc
3639 5049 3830 5089 serva-

2241 5148 2431 5194 rentur
2460 5136 2512 5194 in
2543 5148 2792 5196 carcere,
2836 5140 2893 5185 et
2933 5128 3190 5184 Felicitas
3228 5126 3542 5196 parturiret,
3581 5124 3827 5178 omnium

2242 5235 2554 5284 sanctorum
2601 5222 3028 5278 commilitonum
3065 5218 3318 5290 precibus
3353 5217 3703 5285 impetratum
3744 5223 3832 5267 est

2242 5329 2302 5374 ut
2331 5329 2532 5374 octavo
2560 5329 2748 5371 mense
2778 5321 3014 5384 pareret.
3054 5309 3174 5364 Jam
3206 5323 3337 5364 vero
3364 5297 3648 5375 Perpetua:
3688 5305 3834 5358 inter

2243 5413 2348 5466 alia
2409 5423 2730 5465 concessum
2787 5415 2903 5470 est,
2950 5413 3010 5459 ut
3056 5401 3171 5471 ejus
3219 5415 3373 5456 mens
3424 5396 3833 5467 quodammodo

2247 5511 2587 5558 averteretur
2615 5515 2644 5554 a
2670 5513 2924 5569 corpore,
2959 5497 3011 5552 in
3043 5509 3152 5565 quo
3179 5506 3358 5547 vaecte
3396 5491 3658 5559 impetmn
3704 5501 3833 5555 per-

2250 5593 2391 5659 tulit,
2422 5594 2495 5648 ita
2523 5601 2583 5646 ut
2631 5590 2808 5644 adhuc
2854 5589 3097 5643 futurum
3141 5589 3555 5653 exspectaretur
3599 5577 3832 5646 quodin

2248 5704 2307 5745 se
2330 5688 2442 5759 jam
2475 5695 2684 5757 gestum
2711 5699 2832 5739 esse
2860 5681 3114 5737 nesciret.

2317 5791 2375 5847 in
2409 5791 2714 5856 Antiochia,
2741 5787 2925 5852 Leuci,
2957 5781 3141 5842 Saturi
3173 5789 3227 5837 ct
3255 5775 3518 5836 Nestoris.
