  <div class='ocr_page' id='page_1' title='image "/cluster/home/n/w/nwhite01/storage/ocr_20150623/131/hvd.32044015471725/532.png"; bbox 0 0 4046 6422; ppageno 0'>
   <div class='ocr_carea' id='block_1_1' title="bbox 277 400 417 457">
    <p class='ocr_par' dir='ltr' id='par_1_1' title="bbox 277 400 417 457">
     <span class='ocr_line' id='line_1_1' title="bbox 277 400 417 457; baseline 0 -1"><span class='ocrx_word' id='word_1_1' title='bbox 277 400 417 457; x_wconf 75' lang='grc'><strong>1055</strong></span> 
     </span>
    </p>
   </div>
   <div class='ocr_carea' id='block_1_2' title="bbox 1289 401 2505 462">
    <p class='ocr_par' dir='ltr' id='par_1_2' title="bbox 1289 401 2505 462">
     <span class='ocr_line' id='line_1_2' title="bbox 1289 401 2505 462; baseline -0.001 -2"><span class='ocrx_word' id='word_1_2' title='bbox 1289 402 1912 462; x_wconf 80' lang='lat' dir='ltr'><strong>MARTYROLOGIUM.</strong></span> <span class='ocrx_word' id='word_1_3' title='bbox 1954 434 2026 444; x_wconf 94' lang='lat'><strong>—</strong></span> <span class='ocrx_word' id='word_1_4' title='bbox 2058 401 2261 457; x_wconf 86' lang='lat' dir='ltr'><strong>MENS.</strong></span> <span class='ocrx_word' id='word_1_5' title='bbox 2302 402 2505 460; x_wconf 78' lang='lat' dir='ltr'><strong>MART.</strong></span> 
     </span>
    </p>
   </div>
   <div class='ocr_carea' id='block_1_3' title="bbox 3389 412 3527 470">
    <p class='ocr_par' dir='ltr' id='par_1_3' title="bbox 3389 412 3527 470">
     <span class='ocr_line' id='line_1_3' title="bbox 3389 412 3527 470; baseline 0.007 -1"><span class='ocrx_word' id='word_1_6' title='bbox 3389 412 3527 470; x_wconf 64' lang='lat' dir='ltr'><strong>10M</strong></span> 
     </span>
    </p>
   </div>
   <div class='ocr_carea' id='block_1_4' title="bbox 346 509 3531 586">
    <p class='ocr_par' dir='ltr' id='par_1_4' title="bbox 346 509 3531 586">
     <span class='ocr_line' id='line_1_4' title="bbox 346 509 3531 586; baseline 0.003 -22"><span class='ocrx_word' id='word_1_7' title='bbox 346 509 403 564; x_wconf 87' lang='lat' dir='ltr'><strong>lu</strong></span> <span class='ocrx_word' id='word_1_8' title='bbox 429 509 663 567; x_wconf 87' lang='lat' dir='ltr'><strong>Thracia</strong></span> <span class='ocrx_word' id='word_1_9' title='bbox 723 512 922 568; x_wconf 67' lang='lat' dir='ltr'><strong>Danda:</strong></span> <span class='ocrx_word' id='word_1_10' title='bbox 947 554 961 579; x_wconf 92' lang='lat'><strong>,</strong></span> <span class='ocrx_word' id='word_1_11' title='bbox 1012 513 1233 569; x_wconf 85' lang='lat' dir='ltr'><strong>Eunicae</strong></span> <span class='ocrx_word' id='word_1_12' title='bbox 1261 555 1276 579; x_wconf 94' lang='lat'><strong>,</strong></span> <span class='ocrx_word' id='word_1_13' title='bbox 1320 514 1596 581; x_wconf 85' lang='lat' dir='ltr'><strong>Secundi,</strong></span> <span class='ocrx_word' id='word_1_14' title='bbox 1660 514 1856 586; x_wconf 89' lang='lat' dir='ltr'><strong>Sergii,</strong></span> <span class='ocrx_word' id='word_1_15' title='bbox 1887 516 1934 576; x_wconf 85' lang='grc' dir='ltr'>Α</span> <span class='ocrx_word' id='word_1_16' title='bbox 1971 533 1988 565; x_wconf 76' lang='grc' dir='ltr'>ι</span> <span class='ocrx_word' id='word_1_17' title='bbox 2024 513 2413 583; x_wconf 76' lang='lat' dir='ltr'><strong>Quadraginta,</strong></span> <span class='ocrx_word' id='word_1_18' title='bbox 2447 514 2641 583; x_wconf 91' lang='lat' dir='ltr'><strong>inquit,</strong></span> <span class='ocrx_word' id='word_1_19' title='bbox 2678 524 2822 581; x_wconf 76' lang='lat' dir='ltr'><strong>sunt,</strong></span> <span class='ocrx_word' id='word_1_20' title='bbox 2854 516 3012 571; x_wconf 90' lang='lat' dir='ltr'><strong>unius</strong></span> <span class='ocrx_word' id='word_1_21' title='bbox 3034 530 3233 573; x_wconf 83' lang='lat' dir='ltr'><strong>corona</strong></span> <span class='ocrx_word' id='word_1_22' title='bbox 3262 518 3352 573; x_wconf 88' lang='lat' dir='ltr'><strong>ubi</strong></span> <span class='ocrx_word' id='word_1_23' title='bbox 3375 520 3531 574; x_wconf 65' lang='lat' dir='ltr'><strong>est?»</strong></span> 
     </span>
    </p>
   </div>
   <div class='ocr_carea' id='block_1_5' title="bbox 271 604 478 674">
    <p class='ocr_par' dir='ltr' id='par_1_5' title="bbox 271 604 478 674">
     <span class='ocr_line' id='line_1_5' title="bbox 271 604 478 674; baseline -0.019 -13"><span class='ocrx_word' id='word_1_24' title='bbox 271 604 478 674; x_wconf 80' lang='lat' dir='ltr'><strong>Optati.</strong></span> 
     </span>
    </p>
   </div>
   <div class='ocr_carea' id='block_1_6' title="bbox 351 696 1856 772">
    <p class='ocr_par' dir='ltr' id='par_1_6' title="bbox 351 696 1856 772">
     <span class='ocr_line' id='line_1_6' title="bbox 351 696 1856 772; baseline 0.003 -23"><span class='ocrx_word' id='word_1_25' title='bbox 351 696 461 751; x_wconf 80' lang='lat' dir='ltr'><strong>Vlll</strong></span> <span class='ocrx_word' id='word_1_26' title='bbox 524 698 600 752; x_wconf 84' lang='lat' dir='ltr'><strong>In.</strong></span> <span class='ocrx_word' id='word_1_27' title='bbox 654 699 833 754; x_wconf 62' lang='lat' dir='ltr'><strong>Manr.</strong></span> <span class='ocrx_word' id='word_1_28' title='bbox 889 730 958 739; x_wconf 95' lang='lat'><strong>—</strong></span> <span class='ocrx_word' id='word_1_29' title='bbox 1004 701 1157 770; x_wconf 84' lang='lat' dir='ltr'><strong>Apud</strong></span> <span class='ocrx_word' id='word_1_30' title='bbox 1238 700 1624 772; x_wconf 87' lang='lat' dir='ltr'><strong>Carthaginem</strong></span> <span class='ocrx_word' id='word_1_31' title='bbox 1682 700 1856 755; x_wconf 90' lang='lat' dir='ltr'><strong>sancti</strong></span> 
     </span>
    </p>
   </div>
   <div class='ocr_carea' id='block_1_7' title="bbox 275 789 1858 864">
    <p class='ocr_par' dir='ltr' id='par_1_7' title="bbox 275 789 1858 864">
     <span class='ocr_line' id='line_1_7' title="bbox 275 789 1858 864; baseline 0.002 -20"><span class='ocrx_word' id='word_1_32' title='bbox 275 789 457 846; x_wconf 81' lang='lat' dir='ltr'><strong>Pontii</strong></span> <span class='ocrx_word' id='word_1_33' title='bbox 493 792 705 848; x_wconf 90' lang='lat' dir='ltr'><strong>diaconi</strong></span> <span class='ocrx_word' id='word_1_34' title='bbox 729 833 743 857; x_wconf 94' lang='lat'><strong>,</strong></span> <span class='ocrx_word' id='word_1_35' title='bbox 776 792 917 847; x_wconf 89' lang='lat' dir='ltr'><strong>beati</strong></span> <span class='ocrx_word' id='word_1_36' title='bbox 949 794 1203 864; x_wconf 84' lang='lat' dir='ltr'><strong>Cypriani</strong></span> <span class='ocrx_word' id='word_1_37' title='bbox 1233 795 1491 864; x_wconf 87' lang='lat' dir='ltr'><strong>episcopi.</strong></span> <span class='ocrx_word' id='word_1_38' title='bbox 1552 794 1656 861; x_wconf 85' lang='lat' dir='ltr'><strong>Qui</strong></span> <span class='ocrx_word' id='word_1_39' title='bbox 1688 807 1858 863; x_wconf 91' lang='lat' dir='ltr'><strong>usque</strong></span> 
     </span>
    </p>
   </div>
   <div class='ocr_carea' id='block_1_8' title="bbox 273 882 1854 955">
    <p class='ocr_par' dir='ltr' id='par_1_8' title="bbox 273 882 1854 955">
     <span class='ocr_line' id='line_1_8' title="bbox 273 882 1854 955; baseline 0.003 -21"><span class='ocrx_word' id='word_1_40' title='bbox 273 882 343 934; x_wconf 87' lang='lat' dir='ltr'><strong>ad</strong></span> <span class='ocrx_word' id='word_1_41' title='bbox 375 882 645 951; x_wconf 85' lang='lat' dir='ltr'><strong>passionis</strong></span> <span class='ocrx_word' id='word_1_42' title='bbox 672 899 783 937; x_wconf 60' lang='lat' dir='ltr'><strong>sua:</strong></span> <span class='ocrx_word' id='word_1_43' title='bbox 809 884 950 938; x_wconf 92' lang='lat' dir='ltr'><strong>diem</strong></span> <span class='ocrx_word' id='word_1_44' title='bbox 980 900 1103 939; x_wconf 91' lang='lat' dir='ltr'><strong>cum</strong></span> <span class='ocrx_word' id='word_1_45' title='bbox 1136 886 1251 955; x_wconf 90' lang='lat' dir='ltr'><strong>ipso</strong></span> <span class='ocrx_word' id='word_1_46' title='bbox 1279 886 1527 941; x_wconf 88' lang='lat' dir='ltr'><strong>exsilium</strong></span> <span class='ocrx_word' id='word_1_47' title='bbox 1558 885 1854 950; x_wconf 75' lang='lat' dir='ltr'><strong>sustinens,</strong></span> 
     </span>
    </p>
   </div>
   <div class='ocr_carea' id='block_1_9' title="bbox 271 975 1852 1048">
    <p class='ocr_par' dir='ltr' id='par_1_9' title="bbox 271 975 1852 1048">
     <span class='ocr_line' id='line_1_9' title="bbox 271 975 1852 1048; baseline 0 -20"><span class='ocrx_word' id='word_1_48' title='bbox 271 975 550 1045; x_wconf 88' lang='lat' dir='ltr'><strong>egregium</strong></span> <span class='ocrx_word' id='word_1_49' title='bbox 579 976 830 1030; x_wconf 92' lang='lat' dir='ltr'><strong>volumen</strong></span> <span class='ocrx_word' id='word_1_50' title='bbox 873 977 1010 1031; x_wconf 76' lang='lat' dir='ltr'><strong>Viue</strong></span> <span class='ocrx_word' id='word_1_51' title='bbox 1038 986 1094 1035; x_wconf 93' lang='lat' dir='ltr'><strong>et</strong></span> <span class='ocrx_word' id='word_1_52' title='bbox 1122 978 1392 1046; x_wconf 84' lang='lat' dir='ltr'><strong>passionis</strong></span> <span class='ocrx_word' id='word_1_53' title='bbox 1418 977 1589 1048; x_wconf 85' lang='lat' dir='ltr'><strong>ipsius</strong></span> <span class='ocrx_word' id='word_1_54' title='bbox 1614 976 1852 1045; x_wconf 88' lang='lat' dir='ltr'><strong>reliquit.</strong></span> 
     </span>
    </p>
   </div>
   <div class='ocr_carea' id='block_1_10' title="bbox 271 1065 1854 1139">
    <p class='ocr_par' dir='ltr' id='par_1_10' title="bbox 271 1065 1854 1139">
     <span class='ocr_line' id='line_1_10' title="bbox 271 1065 1854 1139; baseline 0.003 -22"><span class='ocrx_word' id='word_1_55' title='bbox 271 1065 453 1133; x_wconf 81' lang='lat' dir='ltr'><strong>Atque</strong></span> <span class='ocrx_word' id='word_1_56' title='bbox 482 1066 767 1121; x_wconf 91' lang='lat' dir='ltr'><strong>Dominum</strong></span> <span class='ocrx_word' id='word_1_57' title='bbox 797 1083 1012 1138; x_wconf 87' lang='lat' dir='ltr'><strong>semper</strong></span> <span class='ocrx_word' id='word_1_58' title='bbox 1052 1068 1104 1123; x_wconf 91' lang='lat' dir='ltr'><strong>in</strong></span> <span class='ocrx_word' id='word_1_59' title='bbox 1130 1068 1474 1138; x_wconf 89' lang='lat' dir='ltr'><strong>passionibus</strong></span> <span class='ocrx_word' id='word_1_60' title='bbox 1512 1069 1626 1125; x_wconf 88' lang='lat' dir='ltr'><strong>suis</strong></span> <span class='ocrx_word' id='word_1_61' title='bbox 1652 1068 1854 1139; x_wconf 83' lang='lat' dir='ltr'><strong>gloriﬁ-</strong></span> 
     </span>
    </p>
   </div>
   <div class='ocr_carea' id='block_1_11' title="bbox 271 1159 1211 1230">
    <p class='ocr_par' dir='ltr' id='par_1_11' title="bbox 271 1159 1211 1230">
     <span class='ocr_line' id='line_1_11' title="bbox 271 1159 1211 1230; baseline 0.009 -23"><span class='ocrx_word' id='word_1_62' title='bbox 271 1168 423 1220; x_wconf 88' lang='lat' dir='ltr'><strong>cans,</strong></span> <span class='ocrx_word' id='word_1_63' title='bbox 453 1171 711 1212; x_wconf 87' lang='lat' dir='ltr'><strong>coronam</strong></span> <span class='ocrx_word' id='word_1_64' title='bbox 742 1159 866 1213; x_wconf 78' lang='lat' dir='ltr'><strong>vita:</strong></span> <span class='ocrx_word' id='word_1_65' title='bbox 893 1162 1211 1230; x_wconf 88' lang='lat' dir='ltr'><strong>promeruit.</strong></span> 
     </span>
    </p>
   </div>
   <div class='ocr_carea' id='block_1_12' title="bbox 340 1244 1734 1323">
    <p class='ocr_par' dir='ltr' id='par_1_12' title="bbox 340 1244 1734 1323">
     <span class='ocr_line' id='line_1_12' title="bbox 340 1244 1734 1323; baseline 0.004 -24"><span class='ocrx_word' id='word_1_66' title='bbox 340 1244 397 1298; x_wconf 88' lang='lat' dir='ltr'><strong>In</strong></span> <span class='ocrx_word' id='word_1_67' title='bbox 433 1244 770 1315; x_wconf 81' lang='lat' dir='ltr'><strong>Nicomedia,</strong></span> <span class='ocrx_word' id='word_1_68' title='bbox 802 1248 1056 1315; x_wconf 86' lang='lat' dir='ltr'><strong>Quintilis</strong></span> <span class='ocrx_word' id='word_1_69' title='bbox 1084 1253 1322 1322; x_wconf 90' lang='lat' dir='ltr'><strong>episcopi</strong></span> <span class='ocrx_word' id='word_1_70' title='bbox 1344 1262 1398 1307; x_wconf 91' lang='lat' dir='ltr'><strong>et</strong></span> <span class='ocrx_word' id='word_1_71' title='bbox 1423 1252 1734 1323; x_wconf 89' lang='lat' dir='ltr'><strong>Capituliui.</strong></span> 
     </span>
    </p>
   </div>
   <div class='ocr_carea' id='block_1_13' title="bbox 341 1336 1851 1416">
    <p class='ocr_par' dir='ltr' id='par_1_13' title="bbox 341 1336 1851 1416">
     <span class='ocr_line' id='line_1_13' title="bbox 341 1336 1851 1416; baseline 0.005 -25"><span class='ocrx_word' id='word_1_72' title='bbox 341 1336 397 1392; x_wconf 95' lang='lat' dir='ltr'><strong>ln</strong></span> <span class='ocrx_word' id='word_1_73' title='bbox 426 1339 627 1403; x_wconf 89' lang='lat' dir='ltr'><strong>Africa,</strong></span> <span class='ocrx_word' id='word_1_74' title='bbox 649 1339 837 1411; x_wconf 80' lang='lat' dir='ltr'><strong>Rogati</strong></span> <span class='ocrx_word' id='word_1_75' title='bbox 862 1351 915 1396; x_wconf 91' lang='lat' dir='ltr'><strong>et</strong></span> <span class='ocrx_word' id='word_1_76' title='bbox 950 1343 1172 1410; x_wconf 79' lang='lat' dir='ltr'><strong>Felicis,</strong></span> <span class='ocrx_word' id='word_1_77' title='bbox 1202 1345 1456 1401; x_wconf 84' lang='lat' dir='ltr'><strong>nativitas</strong></span> <span class='ocrx_word' id='word_1_78' title='bbox 1477 1345 1642 1400; x_wconf 90' lang='lat' dir='ltr'><strong>etiam</strong></span> <span class='ocrx_word' id='word_1_79' title='bbox 1667 1343 1851 1416; x_wconf 91' lang='lat' dir='ltr'><strong>Cyrilli</strong></span> 
     </span>
    </p>
   </div>
   <div class='ocr_carea' id='block_1_14' title="bbox 267 1426 1115 1499">
    <p class='ocr_par' dir='ltr' id='par_1_14' title="bbox 267 1426 1115 1499">
     <span class='ocr_line' id='line_1_14' title="bbox 267 1426 1115 1499; baseline 0.009 -20"><span class='ocrx_word' id='word_1_80' title='bbox 267 1426 534 1497; x_wconf 83' lang='lat' dir='ltr'><strong>episcopi,</strong></span> <span class='ocrx_word' id='word_1_81' title='bbox 569 1428 788 1499; x_wconf 86' lang='lat' dir='ltr'><strong>Sylvani</strong></span> <span class='ocrx_word' id='word_1_82' title='bbox 813 1441 865 1486; x_wconf 88' lang='lat' dir='ltr'><strong>et</strong></span> <span class='ocrx_word' id='word_1_83' title='bbox 889 1431 1115 1489; x_wconf 87' lang='lat' dir='ltr'><strong>Manilii.</strong></span> 
     </span>
    </p>
   </div>
   <div class='ocr_carea' id='block_1_15' title="bbox 343 1516 1848 1596">
    <p class='ocr_par' dir='ltr' id='par_1_15' title="bbox 343 1516 1848 1596">
     <span class='ocr_line' id='line_1_15' title="bbox 343 1516 1848 1596; baseline 0.003 -25"><span class='ocrx_word' id='word_1_84' title='bbox 343 1516 429 1572; x_wconf 84' lang='lat' dir='ltr'><strong>Vll</strong></span> <span class='ocrx_word' id='word_1_85' title='bbox 496 1520 782 1577; x_wconf 61' lang='lat' dir='ltr'><strong>10.31am.</strong></span> <span class='ocrx_word' id='word_1_86' title='bbox 826 1552 896 1562; x_wconf 92' lang='lat'><strong>-—</strong></span> <span class='ocrx_word' id='word_1_87' title='bbox 960 1523 1116 1592; x_wconf 85' lang='lat' dir='ltr'><strong>Apud</strong></span> <span class='ocrx_word' id='word_1_88' title='bbox 1159 1523 1421 1579; x_wconf 82' lang='lat' dir='ltr'><strong>Misenam</strong></span> <span class='ocrx_word' id='word_1_89' title='bbox 1473 1522 1848 1596; x_wconf 89' lang='lat' dir='ltr'><strong>[Nyssenam]</strong></span> 
     </span>
    </p>
   </div>
   <div class='ocr_carea' id='block_1_16' title="bbox 266 1608 1850 1685">
    <p class='ocr_par' dir='ltr' id='par_1_16' title="bbox 266 1608 1850 1685">
     <span class='ocr_line' id='line_1_16' title="bbox 266 1608 1850 1685; baseline 0.003 -22"><span class='ocrx_word' id='word_1_90' title='bbox 266 1608 549 1665; x_wconf 86' lang='lat' dir='ltr'><strong>civitatem</strong></span> <span class='ocrx_word' id='word_1_91' title='bbox 580 1614 772 1673; x_wconf 90' lang='lat' dir='ltr'><strong>sancti,</strong></span> <span class='ocrx_word' id='word_1_92' title='bbox 809 1613 1052 1685; x_wconf 82' lang='lat' dir='ltr'><strong>Gregorii</strong></span> <span class='ocrx_word' id='word_1_93' title='bbox 1084 1615 1344 1685; x_wconf 87' lang='lat' dir='ltr'><strong>episcopi,</strong></span> <span class='ocrx_word' id='word_1_94' title='bbox 1369 1614 1554 1670; x_wconf 80' lang='lat' dir='ltr'><strong>fratris</strong></span> <span class='ocrx_word' id='word_1_95' title='bbox 1592 1616 1730 1671; x_wconf 87' lang='lat' dir='ltr'><strong>beati</strong></span> <span class='ocrx_word' id='word_1_96' title='bbox 1750 1614 1850 1668; x_wconf 90' lang='lat' dir='ltr'><strong>Ba-</strong></span> 
     </span>
    </p>
   </div>
   <div class='ocr_carea' id='block_1_17' title="bbox 268 1699 1852 1778">
    <p class='ocr_par' dir='ltr' id='par_1_17' title="bbox 268 1699 1852 1778">
     <span class='ocr_line' id='line_1_17' title="bbox 268 1699 1852 1778; baseline 0.006 -26"><span class='ocrx_word' id='word_1_97' title='bbox 268 1699 373 1753; x_wconf 90' lang='lat' dir='ltr'><strong>silii</strong></span> <span class='ocrx_word' id='word_1_98' title='bbox 401 1700 748 1758; x_wconf 64' lang='lat' dir='ltr'><strong>Ctesarieusis</strong></span> <span class='ocrx_word' id='word_1_99' title='bbox 772 1744 785 1769; x_wconf 90' lang='lat'><strong>,</strong></span> <span class='ocrx_word' id='word_1_100' title='bbox 835 1706 935 1759; x_wconf 88' lang='lat' dir='ltr'><strong>viri</strong></span> <span class='ocrx_word' id='word_1_101' title='bbox 981 1707 1280 1762; x_wconf 81' lang='lat' dir='ltr'><strong>doctissimi</strong></span> <span class='ocrx_word' id='word_1_102' title='bbox 1312 1715 1365 1761; x_wconf 93' lang='lat' dir='ltr'><strong>et</strong></span> <span class='ocrx_word' id='word_1_103' title='bbox 1403 1708 1713 1778; x_wconf 85' lang='lat' dir='ltr'><strong>eloquentia</strong></span> <span class='ocrx_word' id='word_1_104' title='bbox 1742 1708 1852 1762; x_wconf 82' lang='lat' dir='ltr'><strong>cla-</strong></span> 
     </span>
    </p>
   </div>
   <div class='ocr_carea' id='block_1_18' title="bbox 271 1806 493 1847">
    <p class='ocr_par' dir='ltr' id='par_1_18' title="bbox 271 1806 493 1847">
     <span class='ocr_line' id='line_1_18' title="bbox 271 1806 493 1847; baseline 0.009 -3"><span class='ocrx_word' id='word_1_105' title='bbox 271 1806 493 1847; x_wconf 67' lang='lat' dir='ltr'><strong>l&#39;lSBlml.</strong></span> 
     </span>
    </p>
   </div>
   <div class='ocr_carea' id='block_1_19' title="bbox 1962 606 3539 678">
    <p class='ocr_par' dir='ltr' id='par_1_19' title="bbox 1962 606 3539 678">
     <span class='ocr_line' id='line_1_19' title="bbox 1962 606 3539 678; baseline 0.003 -16"><span class='ocrx_word' id='word_1_106' title='bbox 1962 618 2017 663; x_wconf 91' lang='lat' dir='ltr'><strong>et</strong></span> <span class='ocrx_word' id='word_1_107' title='bbox 2062 608 2260 662; x_wconf 83' lang='lat' dir='ltr'><strong>Christi</strong></span> <span class='ocrx_word' id='word_1_108' title='bbox 2308 606 2646 663; x_wconf 78' lang='lat' dir='ltr'><strong>confessione</strong></span> <span class='ocrx_word' id='word_1_109' title='bbox 2696 609 2993 678; x_wconf 70' lang='lat' dir='ltr'><strong>prmmissa,</strong></span> <span class='ocrx_word' id='word_1_110' title='bbox 3043 610 3298 665; x_wconf 82' lang='lat' dir='ltr'><strong>exsiliens</strong></span> <span class='ocrx_word' id='word_1_111' title='bbox 3336 611 3387 665; x_wconf 92' lang='lat' dir='ltr'><strong>in</strong></span> <span class='ocrx_word' id='word_1_112' title='bbox 3423 620 3539 666; x_wconf 89' lang='lat' dir='ltr'><strong>sta-</strong></span> 
     </span>
    </p>
   </div>
   <div class='ocr_carea' id='block_1_20' title="bbox 1959 698 3537 771">
    <p class='ocr_par' dir='ltr' id='par_1_20' title="bbox 1959 698 3537 771">
     <span class='ocr_line' id='line_1_20' title="bbox 1959 698 3537 771; baseline 0.003 -20"><span class='ocrx_word' id='word_1_113' title='bbox 1959 715 2121 769; x_wconf 90' lang='lat' dir='ltr'><strong>gnum</strong></span> <span class='ocrx_word' id='word_1_114' title='bbox 2165 698 2431 771; x_wconf 86' lang='lat' dir='ltr'><strong>supplevit</strong></span> <span class='ocrx_word' id='word_1_115' title='bbox 2470 714 2753 753; x_wconf 90' lang='lat' dir='ltr'><strong>numerum</strong></span> <span class='ocrx_word' id='word_1_116' title='bbox 2800 699 3098 755; x_wconf 83' lang='lat' dir='ltr'><strong>definitum.</strong></span> <span class='ocrx_word' id='word_1_117' title='bbox 3158 700 3311 756; x_wconf 87' lang='lat' dir='ltr'><strong>Mane</strong></span> <span class='ocrx_word' id='word_1_118' title='bbox 3358 711 3537 757; x_wconf 90' lang='lat' dir='ltr'><strong>autem</strong></span> 
     </span>
    </p>
   </div>
   <div class='ocr_carea' id='block_1_21' title="bbox 1958 791 3538 860">
    <p class='ocr_par' dir='ltr' id='par_1_21' title="bbox 1958 791 3538 860">
     <span class='ocr_line' id='line_1_21' title="bbox 1958 791 3538 860; baseline 0.005 -16"><span class='ocrx_word' id='word_1_119' title='bbox 1958 791 2103 847; x_wconf 89' lang='lat' dir='ltr'><strong>facto</strong></span> <span class='ocrx_word' id='word_1_120' title='bbox 2130 793 2465 847; x_wconf 89' lang='lat' dir='ltr'><strong>invenientes</strong></span> <span class='ocrx_word' id='word_1_121' title='bbox 2511 808 2605 848; x_wconf 91' lang='lat' dir='ltr'><strong>eos</strong></span> <span class='ocrx_word' id='word_1_122' title='bbox 2648 794 2964 860; x_wconf 85' lang='lat' dir='ltr'><strong>incolumes,</strong></span> <span class='ocrx_word' id='word_1_123' title='bbox 3006 811 3162 850; x_wconf 90' lang='lat' dir='ltr'><strong>crura</strong></span> <span class='ocrx_word' id='word_1_124' title='bbox 3218 812 3403 851; x_wconf 90' lang='lat' dir='ltr'><strong>eorum</strong></span> <span class='ocrx_word' id='word_1_125' title='bbox 3450 797 3538 852; x_wconf 77' lang='lat' dir='ltr'><strong>fu—</strong></span> 
     </span>
    </p>
   </div>
   <div class='ocr_carea' id='block_1_22' title="bbox 1958 881 3536 953">
    <p class='ocr_par' dir='ltr' id='par_1_22' title="bbox 1958 881 3536 953">
     <span class='ocr_line' id='line_1_22' title="bbox 1958 881 3536 953; baseline 0.003 -18"><span class='ocrx_word' id='word_1_126' title='bbox 1958 881 2130 935; x_wconf 90' lang='lat' dir='ltr'><strong>stibus</strong></span> <span class='ocrx_word' id='word_1_127' title='bbox 2159 881 2566 949; x_wconf 89' lang='lat' dir='ltr'><strong>confregerunt,</strong></span> <span class='ocrx_word' id='word_1_128' title='bbox 2613 891 2667 937; x_wconf 88' lang='lat' dir='ltr'><strong>et</strong></span> <span class='ocrx_word' id='word_1_129' title='bbox 2715 882 2821 953; x_wconf 83' lang='lat' dir='ltr'><strong>igni</strong></span> <span class='ocrx_word' id='word_1_130' title='bbox 2858 898 3084 953; x_wconf 89' lang='lat' dir='ltr'><strong>corpora</strong></span> <span class='ocrx_word' id='word_1_131' title='bbox 3133 885 3536 953; x_wconf 85' lang='lat' dir='ltr'><strong>comburentes,</strong></span> 
     </span>
    </p>
   </div>
   <div class='ocr_carea' id='block_1_23' title="bbox 1956 969 3538 1046">
    <p class='ocr_par' dir='ltr' id='par_1_23' title="bbox 1956 969 3538 1046">
     <span class='ocr_line' id='line_1_23' title="bbox 1956 969 3538 1046; baseline 0.004 -22"><span class='ocrx_word' id='word_1_132' title='bbox 1956 970 2011 1024; x_wconf 91' lang='lat' dir='ltr'><strong>in</strong></span> <span class='ocrx_word' id='word_1_133' title='bbox 2065 969 2283 1025; x_wconf 84' lang='lat' dir='ltr'><strong>fluvium</strong></span> <span class='ocrx_word' id='word_1_134' title='bbox 2335 969 2698 1041; x_wconf 81' lang='lat' dir='ltr'><strong>proiecerunt.</strong></span> <span class='ocrx_word' id='word_1_135' title='bbox 2754 972 2858 1026; x_wconf 86' lang='lat' dir='ltr'><strong>Sed</strong></span> <span class='ocrx_word' id='word_1_136' title='bbox 2908 974 3089 1028; x_wconf 90' lang='lat' dir='ltr'><strong>divina</strong></span> <span class='ocrx_word' id='word_1_137' title='bbox 3138 975 3538 1046; x_wconf 89' lang='lat' dir='ltr'><strong>dispensatione</strong></span> 
     </span>
    </p>
   </div>
   <div class='ocr_carea' id='block_1_24' title="bbox 1956 1054 3538 1138">
    <p class='ocr_par' dir='ltr' id='par_1_24' title="bbox 1956 1054 3538 1138">
     <span class='ocr_line' id='line_1_24' title="bbox 1956 1054 3538 1138; baseline 0.004 -23"><span class='ocrx_word' id='word_1_138' title='bbox 1956 1061 2200 1132; x_wconf 63' lang='lat' dir='ltr'><strong>reliquiae</strong></span> <span class='ocrx_word' id='word_1_139' title='bbox 2244 1063 2480 1132; x_wconf 84' lang='lat' dir='ltr'><strong>ipsorum</strong></span> <span class='ocrx_word' id='word_1_140' title='bbox 2515 1064 2565 1116; x_wconf 93' lang='lat' dir='ltr'><strong>in</strong></span> <span class='ocrx_word' id='word_1_141' title='bbox 2598 1062 2864 1132; x_wconf 87' lang='lat' dir='ltr'><strong>profundo</strong></span> <span class='ocrx_word' id='word_1_142' title='bbox 2893 1079 3046 1134; x_wconf 69' lang='lat' dir='ltr'><strong>aqua:</strong></span> <span class='ocrx_word' id='word_1_143' title='bbox 3096 1054 3361 1138; x_wconf 80' lang='lat' dir='ltr'><strong>religiosis</strong></span> <span class='ocrx_word' id='word_1_144' title='bbox 3405 1066 3538 1123; x_wconf 90' lang='lat' dir='ltr'><strong>viris</strong></span> 
     </span>
    </p>
   </div>
   <div class='ocr_carea' id='block_1_25' title="bbox 1957 1153 3132 1223">
    <p class='ocr_par' dir='ltr' id='par_1_25' title="bbox 1957 1153 3132 1223">
     <span class='ocr_line' id='line_1_25' title="bbox 1957 1153 3132 1223; baseline 0.002 -16"><span class='ocrx_word' id='word_1_145' title='bbox 1957 1153 2205 1207; x_wconf 71' lang='lat' dir='ltr'><strong>revelatre</strong></span> <span class='ocrx_word' id='word_1_146' title='bbox 2229 1162 2284 1207; x_wconf 92' lang='lat' dir='ltr'><strong>et</strong></span> <span class='ocrx_word' id='word_1_147' title='bbox 2323 1153 2526 1207; x_wconf 89' lang='lat' dir='ltr'><strong>honore</strong></span> <span class='ocrx_word' id='word_1_148' title='bbox 2554 1155 2712 1223; x_wconf 86' lang='lat' dir='ltr'><strong>digno</strong></span> <span class='ocrx_word' id='word_1_149' title='bbox 2733 1164 2860 1208; x_wconf 92' lang='lat' dir='ltr'><strong>sunt</strong></span> <span class='ocrx_word' id='word_1_150' title='bbox 2882 1156 3132 1209; x_wconf 66' lang='lat' dir='ltr'><strong>conditae.</strong></span> 
     </span>
    </p>
   </div>
   <div class='ocr_carea' id='block_1_26' title="bbox 2026 1242 3538 1320">
    <p class='ocr_par' dir='ltr' id='par_1_26' title="bbox 2026 1242 3538 1320">
     <span class='ocr_line' id='line_1_26' title="bbox 2026 1242 3538 1320; baseline 0.004 -23"><span class='ocrx_word' id='word_1_151' title='bbox 2026 1244 2083 1298; x_wconf 92' lang='lat' dir='ltr'><strong>In</strong></span> <span class='ocrx_word' id='word_1_152' title='bbox 2122 1242 2430 1300; x_wconf 75' lang='lat' dir='ltr'><strong>Nicomedia</strong></span> <span class='ocrx_word' id='word_1_153' title='bbox 2472 1244 2658 1299; x_wconf 88' lang='lat' dir='ltr'><strong>Eunici</strong></span> <span class='ocrx_word' id='word_1_154' title='bbox 2688 1252 2744 1300; x_wconf 91' lang='lat' dir='ltr'><strong>et</strong></span> <span class='ocrx_word' id='word_1_155' title='bbox 2788 1244 3066 1316; x_wconf 88' lang='lat' dir='ltr'><strong>Gorgonii,</strong></span> <span class='ocrx_word' id='word_1_156' title='bbox 3101 1245 3267 1301; x_wconf 86' lang='lat' dir='ltr'><strong>Firmi</strong></span> <span class='ocrx_word' id='word_1_157' title='bbox 3299 1256 3354 1302; x_wconf 90' lang='lat' dir='ltr'><strong>ct</strong></span> <span class='ocrx_word' id='word_1_158' title='bbox 3396 1248 3538 1320; x_wconf 85' lang='lat' dir='ltr'><strong>Aga-</strong></span> 
     </span>
    </p>
   </div>
   <div class='ocr_carea' id='block_1_27' title="bbox 1953 1333 2073 1405">
    <p class='ocr_par' dir='ltr' id='par_1_27' title="bbox 1953 1333 2073 1405">
     <span class='ocr_line' id='line_1_27' title="bbox 1953 1333 2073 1405; baseline -0.008 -17"><span class='ocrx_word' id='word_1_159' title='bbox 1953 1333 2073 1405; x_wconf 92' lang='lat' dir='ltr'><strong>piti.</strong></span> 
     </span>
    </p>
   </div>
   <div class='ocr_carea' id='block_1_28' title="bbox 2027 1426 3538 1499">
    <p class='ocr_par' dir='ltr' id='par_1_28' title="bbox 2027 1426 3538 1499">
     <span class='ocr_line' id='line_1_28' title="bbox 2027 1426 3538 1499; baseline 0.002 -17"><span class='ocrx_word' id='word_1_160' title='bbox 2027 1427 2093 1482; x_wconf 78' lang='grc' dir='ltr'><strong>ιν</strong></span> <span class='ocrx_word' id='word_1_161' title='bbox 2117 1426 2192 1481; x_wconf 80' lang='lat' dir='ltr'><strong>lo.</strong></span> <span class='ocrx_word' id='word_1_162' title='bbox 2223 1427 2404 1482; x_wconf 61' lang='lat' dir='ltr'><strong>Mam.</strong></span> <span class='ocrx_word' id='word_1_163' title='bbox 2434 1458 2504 1468; x_wconf 93' lang='lat'><strong>—</strong></span> <span class='ocrx_word' id='word_1_164' title='bbox 2535 1428 2719 1482; x_wconf 77' lang='lat' dir='ltr'><strong>Romae</strong></span> <span class='ocrx_word' id='word_1_165' title='bbox 2753 1429 3035 1483; x_wconf 84' lang='lat' dir='ltr'><strong>beatorum</strong></span> <span class='ocrx_word' id='word_1_166' title='bbox 3062 1429 3371 1499; x_wconf 80' lang='lat' dir='ltr'><strong>pontificum</strong></span> <span class='ocrx_word' id='word_1_167' title='bbox 3404 1430 3538 1486; x_wconf 86' lang='lat' dir='ltr'><strong>Grc-</strong></span> 
     </span>
    </p>
   </div>
   <div class='ocr_carea' id='block_1_29' title="bbox 1953 1519 3537 1591">
    <p class='ocr_par' dir='ltr' id='par_1_29' title="bbox 1953 1519 3537 1591">
     <span class='ocr_line' id='line_1_29' title="bbox 1953 1519 3537 1591; baseline 0.001 -17"><span class='ocrx_word' id='word_1_168' title='bbox 1953 1519 2088 1591; x_wconf 91' lang='lat' dir='ltr'><strong>gorii</strong></span> <span class='ocrx_word' id='word_1_169' title='bbox 2118 1519 2358 1574; x_wconf 89' lang='lat' dir='ltr'><strong>doctoris</strong></span> <span class='ocrx_word' id='word_1_170' title='bbox 2392 1528 2446 1574; x_wconf 92' lang='lat' dir='ltr'><strong>et</strong></span> <span class='ocrx_word' id='word_1_171' title='bbox 2474 1520 2700 1589; x_wconf 87' lang='lat' dir='ltr'><strong>apostoli</strong></span> <span class='ocrx_word' id='word_1_172' title='bbox 2742 1520 3058 1591; x_wconf 75' lang='lat' dir='ltr'><strong>Anglorum,</strong></span> <span class='ocrx_word' id='word_1_173' title='bbox 3092 1536 3230 1590; x_wconf 90' lang='lat' dir='ltr'><strong>quos</strong></span> <span class='ocrx_word' id='word_1_174' title='bbox 3266 1537 3361 1590; x_wconf 92' lang='lat' dir='ltr'><strong>per</strong></span> <span class='ocrx_word' id='word_1_175' title='bbox 3405 1520 3537 1575; x_wconf 86' lang='lat' dir='ltr'><strong>fide-</strong></span> 
     </span>
    </p>
   </div>
   <div class='ocr_carea' id='block_1_30' title="bbox 1953 1611 3538 1684">
    <p class='ocr_par' dir='ltr' id='par_1_30' title="bbox 1953 1611 3538 1684">
     <span class='ocr_line' id='line_1_30' title="bbox 1953 1611 3538 1684; baseline 0.002 -19"><span class='ocrx_word' id='word_1_176' title='bbox 1953 1611 2190 1666; x_wconf 91' lang='lat' dir='ltr'><strong>lissimos</strong></span> <span class='ocrx_word' id='word_1_177' title='bbox 2220 1612 2581 1682; x_wconf 89' lang='lat' dir='ltr'><strong>evangelistas</strong></span> <span class='ocrx_word' id='word_1_178' title='bbox 2606 1612 2964 1683; x_wconf 87' lang='lat' dir='ltr'><strong>Augustinum</strong></span> <span class='ocrx_word' id='word_1_179' title='bbox 3001 1622 3052 1667; x_wconf 94' lang='lat' dir='ltr'><strong>et</strong></span> <span class='ocrx_word' id='word_1_180' title='bbox 3094 1613 3347 1667; x_wconf 88' lang='lat' dir='ltr'><strong>Mellitum</strong></span> <span class='ocrx_word' id='word_1_181' title='bbox 3377 1624 3538 1684; x_wconf 90' lang='lat' dir='ltr'><strong>atque</strong></span> 
     </span>
    </p>
   </div>
   <div class='ocr_carea' id='block_1_31' title="bbox 1952 1702 3534 1772">
    <p class='ocr_par' dir='ltr' id='par_1_31' title="bbox 1952 1702 3534 1772">
     <span class='ocr_line' id='line_1_31' title="bbox 1952 1702 3534 1772; baseline 0.001 -14"><span class='ocrx_word' id='word_1_182' title='bbox 1952 1702 2213 1758; x_wconf 80' lang='lat' dir='ltr'><strong>Joannem</strong></span> <span class='ocrx_word' id='word_1_183' title='bbox 2254 1704 2320 1757; x_wconf 90' lang='lat' dir='ltr'><strong>ad</strong></span> <span class='ocrx_word' id='word_1_184' title='bbox 2368 1703 2524 1756; x_wconf 88' lang='lat' dir='ltr'><strong>fidem</strong></span> <span class='ocrx_word' id='word_1_185' title='bbox 2571 1703 2774 1759; x_wconf 87' lang='lat' dir='ltr'><strong>Christi</strong></span> <span class='ocrx_word' id='word_1_186' title='bbox 2810 1705 3098 1760; x_wconf 88' lang='lat' dir='ltr'><strong>convertit.</strong></span> <span class='ocrx_word' id='word_1_187' title='bbox 3147 1704 3247 1772; x_wconf 88' lang='lat' dir='ltr'><strong>Qui</strong></span> <span class='ocrx_word' id='word_1_188' title='bbox 3293 1705 3433 1759; x_wconf 86' lang='lat' dir='ltr'><strong>sedit</strong></span> <span class='ocrx_word' id='word_1_189' title='bbox 3479 1708 3534 1760; x_wconf 87' lang='lat' dir='ltr'><strong>in</strong></span> 
     </span>
    </p>
   </div>
   <div class='ocr_carea' id='block_1_32' title="bbox 1955 1795 3534 1864">
    <p class='ocr_par' dir='ltr' id='par_1_32' title="bbox 1955 1795 3534 1864">
     <span class='ocr_line' id='line_1_32' title="bbox 1955 1795 3534 1864; baseline 0 -15"><span class='ocrx_word' id='word_1_190' title='bbox 1955 1795 2262 1864; x_wconf 90' lang='lat' dir='ltr'><strong>episcopatu</strong></span> <span class='ocrx_word' id='word_1_191' title='bbox 2292 1810 2463 1847; x_wconf 88' lang='lat' dir='ltr'><strong>annos</strong></span> <span class='ocrx_word' id='word_1_192' title='bbox 2491 1795 2767 1858; x_wconf 75' lang='lat' dir='ltr'><strong>tredecim,</strong></span> <span class='ocrx_word' id='word_1_193' title='bbox 2800 1809 3011 1851; x_wconf 88' lang='lat' dir='ltr'><strong>menses</strong></span> <span class='ocrx_word' id='word_1_194' title='bbox 3042 1810 3156 1860; x_wconf 84' lang='lat' dir='ltr'><strong>sex,</strong></span> <span class='ocrx_word' id='word_1_195' title='bbox 3185 1796 3299 1851; x_wconf 89' lang='lat' dir='ltr'><strong>dies</strong></span> <span class='ocrx_word' id='word_1_196' title='bbox 3325 1796 3534 1850; x_wconf 88' lang='lat' dir='ltr'><strong>decem.</strong></span> 
     </span>
    </p>
   </div>
   <div class='ocr_carea' id='block_1_33' title="bbox 336 1869 3535 1960">
    <p class='ocr_par' dir='ltr' id='par_1_33' title="bbox 336 1869 3535 1960">
     <span class='ocr_line' id='line_1_33' title="bbox 336 1869 3535 1960; baseline 0.002 -25"><span class='ocrx_word' id='word_1_197' title='bbox 336 1881 492 1951; x_wconf 83' lang='lat' dir='ltr'><strong>Apud</strong></span> <span class='ocrx_word' id='word_1_198' title='bbox 535 1882 911 1951; x_wconf 85' lang='lat' dir='ltr'><strong>Barcillonem,</strong></span> <span class='ocrx_word' id='word_1_199' title='bbox 954 1887 1173 1943; x_wconf 80' lang='lat' dir='ltr'><strong>Paciani</strong></span> <span class='ocrx_word' id='word_1_200' title='bbox 1225 1888 1503 1960; x_wconf 75' lang='lat' dir='ltr'><strong>episcopi,</strong></span> <span class='ocrx_word' id='word_1_201' title='bbox 1571 1897 1680 1944; x_wconf 78' lang='lat' dir='ltr'><strong>tam</strong></span> <span class='ocrx_word' id='word_1_202' title='bbox 1734 1890 1845 1945; x_wconf 75' lang='lat' dir='ltr'><strong>vita</strong></span> <span class='ocrx_word' id='word_1_203' title='bbox 1877 1869 1926 1931; x_wconf 84' lang='grc' dir='ltr'>Β</span> <span class='ocrx_word' id='word_1_204' title='bbox 2024 1885 2153 1939; x_wconf 91' lang='lat' dir='ltr'><strong>llem</strong></span> <span class='ocrx_word' id='word_1_205' title='bbox 2182 1884 2501 1949; x_wconf 88' lang='lat' dir='ltr'><strong>Innocentii,</strong></span> <span class='ocrx_word' id='word_1_206' title='bbox 2547 1886 2639 1954; x_wconf 90' lang='lat' dir='ltr'><strong>qui</strong></span> <span class='ocrx_word' id='word_1_207' title='bbox 2683 1887 2821 1939; x_wconf 83' lang='lat' dir='ltr'><strong>rexit</strong></span> <span class='ocrx_word' id='word_1_208' title='bbox 2848 1886 3144 1941; x_wconf 88' lang='lat' dir='ltr'><strong>Eeelesiam</strong></span> <span class='ocrx_word' id='word_1_209' title='bbox 3174 1901 3346 1943; x_wconf 82' lang='lat' dir='ltr'><strong>annos</strong></span> <span class='ocrx_word' id='word_1_210' title='bbox 3375 1888 3535 1956; x_wconf 90' lang='lat' dir='ltr'><strong>quin-</strong></span> 
     </span>
    </p>
   </div>
   <div class='ocr_carea' id='block_1_34' title="bbox 269 1977 1847 2050">
    <p class='ocr_par' dir='ltr' id='par_1_34' title="bbox 269 1977 1847 2050">
     <span class='ocr_line' id='line_1_34' title="bbox 269 1977 1847 2050; baseline 0.008 -25"><span class='ocrx_word' id='word_1_211' title='bbox 269 1987 431 2042; x_wconf 88' lang='lat' dir='ltr'><strong>quam</strong></span> <span class='ocrx_word' id='word_1_212' title='bbox 461 1991 711 2032; x_wconf 89' lang='lat' dir='ltr'><strong>sermone</strong></span> <span class='ocrx_word' id='word_1_213' title='bbox 742 1978 897 2032; x_wconf 89' lang='lat' dir='ltr'><strong>clari.</strong></span> <span class='ocrx_word' id='word_1_214' title='bbox 936 1977 1037 2045; x_wconf 91' lang='lat' dir='ltr'><strong>Qui</strong></span> <span class='ocrx_word' id='word_1_215' title='bbox 1069 1979 1275 2050; x_wconf 88' lang='lat' dir='ltr'><strong>optima</strong></span> <span class='ocrx_word' id='word_1_216' title='bbox 1302 1988 1581 2035; x_wconf 87' lang='lat' dir='ltr'><strong>senectute</strong></span> <span class='ocrx_word' id='word_1_217' title='bbox 1603 1991 1847 2038; x_wconf 90' lang='lat' dir='ltr'><strong>mortuus</strong></span> 
     </span>
    </p>
   </div>
   <div class='ocr_carea' id='block_1_35' title="bbox 268 2064 1363 2141">
    <p class='ocr_par' dir='ltr' id='par_1_35' title="bbox 268 2064 1363 2141">
     <span class='ocr_line' id='line_1_35' title="bbox 268 2064 1363 2141; baseline 0.005 -21"><span class='ocrx_word' id='word_1_218' title='bbox 268 2072 378 2131; x_wconf 87' lang='lat' dir='ltr'><strong>est,</strong></span> <span class='ocrx_word' id='word_1_219' title='bbox 408 2064 693 2123; x_wconf 88' lang='lat' dir='ltr'><strong>Theodosii</strong></span> <span class='ocrx_word' id='word_1_220' title='bbox 726 2070 985 2140; x_wconf 90' lang='lat' dir='ltr'><strong>principis</strong></span> <span class='ocrx_word' id='word_1_221' title='bbox 1015 2071 1363 2141; x_wconf 89' lang='lat' dir='ltr'><strong>temporibus.</strong></span> 
     </span>
    </p>
   </div>
   <div class='ocr_carea' id='block_1_36' title="bbox 336 2158 1847 2238">
    <p class='ocr_par' dir='ltr' id='par_1_36' title="bbox 336 2158 1847 2238">
     <span class='ocr_line' id='line_1_36' title="bbox 336 2158 1847 2238; baseline 0.005 -26"><span class='ocrx_word' id='word_1_222' title='bbox 336 2158 394 2213; x_wconf 86' lang='lat' dir='ltr'><strong>In</strong></span> <span class='ocrx_word' id='word_1_223' title='bbox 418 2160 601 2215; x_wconf 90' lang='lat' dir='ltr'><strong>Africa</strong></span> <span class='ocrx_word' id='word_1_224' title='bbox 649 2162 845 2219; x_wconf 89' lang='lat' dir='ltr'><strong>Felicis</strong></span> <span class='ocrx_word' id='word_1_225' title='bbox 874 2172 927 2218; x_wconf 91' lang='lat' dir='ltr'><strong>et</strong></span> <span class='ocrx_word' id='word_1_226' title='bbox 958 2163 1211 2234; x_wconf 87' lang='lat' dir='ltr'><strong>Philippi,</strong></span> <span class='ocrx_word' id='word_1_227' title='bbox 1250 2164 1498 2232; x_wconf 87' lang='lat' dir='ltr'><strong>Mariani,</strong></span> <span class='ocrx_word' id='word_1_228' title='bbox 1555 2164 1749 2238; x_wconf 77' lang='lat' dir='ltr'><strong>Rogati</strong></span> <span class='ocrx_word' id='word_1_229' title='bbox 1791 2173 1847 2222; x_wconf 87' lang='lat' dir='ltr'><strong>et</strong></span> 
     </span>
    </p>
   </div>
   <div class='ocr_carea' id='block_1_37' title="bbox 266 2248 1187 2325">
    <p class='ocr_par' dir='ltr' id='par_1_37' title="bbox 266 2248 1187 2325">
     <span class='ocr_line' id='line_1_37' title="bbox 266 2248 1187 2325; baseline 0.004 -21"><span class='ocrx_word' id='word_1_230' title='bbox 266 2248 546 2317; x_wconf 87' lang='lat' dir='ltr'><strong>Concessi,</strong></span> <span class='ocrx_word' id='word_1_231' title='bbox 585 2250 840 2323; x_wconf 91' lang='lat' dir='ltr'><strong>Gorgonii</strong></span> <span class='ocrx_word' id='word_1_232' title='bbox 868 2264 923 2308; x_wconf 91' lang='lat' dir='ltr'><strong>et</strong></span> <span class='ocrx_word' id='word_1_233' title='bbox 948 2254 1187 2325; x_wconf 88' lang='lat' dir='ltr'><strong>Esychii.</strong></span> 
     </span>
    </p>
   </div>
   <div class='ocr_carea' id='block_1_38' title="bbox 339 2341 1845 2418">
    <p class='ocr_par' dir='ltr' id='par_1_38' title="bbox 339 2341 1845 2418">
     <span class='ocr_line' id='line_1_38' title="bbox 339 2341 1845 2418; baseline 0.005 -23"><span class='ocrx_word' id='word_1_234' title='bbox 339 2341 404 2396; x_wconf 80' lang='lat' dir='ltr'><strong>Vl</strong></span> <span class='ocrx_word' id='word_1_235' title='bbox 474 2341 550 2395; x_wconf 87' lang='lat' dir='ltr'><strong>lo.</strong></span> <span class='ocrx_word' id='word_1_236' title='bbox 581 2341 761 2398; x_wconf 64' lang='lat' dir='ltr'><strong>Manr.</strong></span> <span class='ocrx_word' id='word_1_237' title='bbox 786 2372 855 2383; x_wconf 90' lang='lat'><strong>-—-</strong></span> <span class='ocrx_word' id='word_1_238' title='bbox 903 2342 1170 2399; x_wconf 87' lang='lat' dir='ltr'><strong>Nativitas</strong></span> <span class='ocrx_word' id='word_1_239' title='bbox 1200 2353 1511 2401; x_wconf 91' lang='lat' dir='ltr'><strong>sanctorum</strong></span> <span class='ocrx_word' id='word_1_240' title='bbox 1543 2355 1845 2418; x_wconf 79' lang='lat' dir='ltr'><strong>martyrum</strong></span> 
     </span>
    </p>
   </div>
   <div class='ocr_carea' id='block_1_39' title="bbox 264 2430 1845 2507">
    <p class='ocr_par' dir='ltr' id='par_1_39' title="bbox 264 2430 1845 2507">
     <span class='ocr_line' id='line_1_39' title="bbox 264 2430 1845 2507; baseline 0.005 -23"><span class='ocrx_word' id='word_1_241' title='bbox 264 2430 560 2485; x_wconf 80' lang='lat' dir='ltr'><strong>Alexandri</strong></span> <span class='ocrx_word' id='word_1_242' title='bbox 606 2440 662 2486; x_wconf 89' lang='lat' dir='ltr'><strong>et</strong></span> <span class='ocrx_word' id='word_1_243' title='bbox 698 2431 815 2487; x_wconf 89' lang='lat' dir='ltr'><strong>Gaii</strong></span> <span class='ocrx_word' id='word_1_244' title='bbox 844 2433 910 2487; x_wconf 90' lang='lat' dir='ltr'><strong>de</strong></span> <span class='ocrx_word' id='word_1_245' title='bbox 942 2433 1220 2501; x_wconf 89' lang='lat' dir='ltr'><strong>Eumenia,</strong></span> <span class='ocrx_word' id='word_1_246' title='bbox 1268 2435 1359 2505; x_wconf 90' lang='lat' dir='ltr'><strong>qui</strong></span> <span class='ocrx_word' id='word_1_247' title='bbox 1390 2437 1528 2505; x_wconf 87' lang='lat' dir='ltr'><strong>apud</strong></span> <span class='ocrx_word' id='word_1_248' title='bbox 1562 2438 1845 2507; x_wconf 87' lang='lat' dir='ltr'><strong>Apamiam</strong></span> 
     </span>
    </p>
   </div>
   <div class='ocr_carea' id='block_1_40' title="bbox 263 2524 1843 2597">
    <p class='ocr_par' dir='ltr' id='par_1_40' title="bbox 263 2524 1843 2597">
     <span class='ocr_line' id='line_1_40' title="bbox 263 2524 1843 2597; baseline 0.004 -20"><span class='ocrx_word' id='word_1_249' title='bbox 263 2524 640 2593; x_wconf 85' lang='lat' dir='ltr'><strong>persecutione</strong></span> <span class='ocrx_word' id='word_1_250' title='bbox 666 2524 925 2579; x_wconf 90' lang='lat' dir='ltr'><strong>Antonini</strong></span> <span class='ocrx_word' id='word_1_251' title='bbox 958 2525 1083 2581; x_wconf 77' lang='lat' dir='ltr'><strong>Veri</strong></span> <span class='ocrx_word' id='word_1_252' title='bbox 1126 2526 1382 2597; x_wconf 87' lang='lat' dir='ltr'><strong>Martyrio</strong></span> <span class='ocrx_word' id='word_1_253' title='bbox 1408 2530 1651 2583; x_wconf 89' lang='lat' dir='ltr'><strong>coronati</strong></span> <span class='ocrx_word' id='word_1_254' title='bbox 1695 2538 1843 2583; x_wconf 89' lang='lat' dir='ltr'><strong>sunt.</strong></span> 
     </span>
    </p>
   </div>
   <div class='ocr_carea' id='block_1_41' title="bbox 265 2613 1845 2688">
    <p class='ocr_par' dir='ltr' id='par_1_41' title="bbox 265 2613 1845 2688">
     <span class='ocr_line' id='line_1_41' title="bbox 265 2613 1845 2688; baseline 0.004 -21"><span class='ocrx_word' id='word_1_255' title='bbox 265 2613 471 2668; x_wconf 82' lang='lat' dir='ltr'><strong>Scribit</strong></span> <span class='ocrx_word' id='word_1_256' title='bbox 498 2613 827 2684; x_wconf 87' lang='lat' dir='ltr'><strong>Apollinaris</strong></span> <span class='ocrx_word' id='word_1_257' title='bbox 849 2614 1286 2687; x_wconf 82' lang='lat' dir='ltr'><strong>Hicrapolitauus</strong></span> <span class='ocrx_word' id='word_1_258' title='bbox 1311 2618 1597 2688; x_wconf 90' lang='lat' dir='ltr'><strong>episc0pus</strong></span> <span class='ocrx_word' id='word_1_259' title='bbox 1628 2618 1681 2672; x_wconf 93' lang='lat' dir='ltr'><strong>in</strong></span> <span class='ocrx_word' id='word_1_260' title='bbox 1708 2619 1845 2673; x_wconf 91' lang='lat' dir='ltr'><strong>libro</strong></span> 
     </span>
    </p>
   </div>
   <div class='ocr_carea' id='block_1_42' title="bbox 262 2704 948 2778">
    <p class='ocr_par' dir='ltr' id='par_1_42' title="bbox 262 2704 948 2778">
     <span class='ocr_line' id='line_1_42' title="bbox 262 2704 948 2778; baseline 0.003 -21"><span class='ocrx_word' id='word_1_261' title='bbox 262 2704 527 2760; x_wconf 90' lang='lat' dir='ltr'><strong>adversus</strong></span> <span class='ocrx_word' id='word_1_262' title='bbox 553 2704 948 2778; x_wconf 89' lang='lat' dir='ltr'><strong>Cataphrygas.</strong></span> 
     </span>
    </p>
   </div>
   <div class='ocr_carea' id='block_1_43' title="bbox 332 2796 1845 2873">
    <p class='ocr_par' dir='ltr' id='par_1_43' title="bbox 332 2796 1845 2873">
     <span class='ocr_line' id='line_1_43' title="bbox 332 2796 1845 2873; baseline 0.005 -23"><span class='ocrx_word' id='word_1_263' title='bbox 332 2797 389 2851; x_wconf 87' lang='lat' dir='ltr'><strong>In</strong></span> <span class='ocrx_word' id='word_1_264' title='bbox 418 2796 663 2864; x_wconf 85' lang='lat' dir='ltr'><strong>Perside,</strong></span> <span class='ocrx_word' id='word_1_265' title='bbox 684 2808 995 2854; x_wconf 90' lang='lat' dir='ltr'><strong>sanctorum</strong></span> <span class='ocrx_word' id='word_1_266' title='bbox 1025 2808 1318 2871; x_wconf 84' lang='lat' dir='ltr'><strong>martyrum</strong></span> <span class='ocrx_word' id='word_1_267' title='bbox 1351 2817 1577 2856; x_wconf 88' lang='lat' dir='ltr'><strong>numero</strong></span> <span class='ocrx_word' id='word_1_268' title='bbox 1609 2802 1845 2873; x_wconf 88' lang='lat' dir='ltr'><strong>quadra-</strong></span> 
     </span>
    </p>
   </div>
   <div class='ocr_carea' id='block_1_44' title="bbox 258 2890 693 2958">
    <p class='ocr_par' dir='ltr' id='par_1_44' title="bbox 258 2890 693 2958">
     <span class='ocr_line' id='line_1_44' title="bbox 258 2890 693 2958; baseline 0.007 -14"><span class='ocrx_word' id='word_1_269' title='bbox 258 2890 410 2958; x_wconf 79' lang='lat' dir='ltr'><strong>ginta</strong></span> <span class='ocrx_word' id='word_1_270' title='bbox 440 2891 693 2947; x_wconf 89' lang='lat' dir='ltr'><strong>duorum.</strong></span> 
     </span>
    </p>
   </div>
   <div class='ocr_carea' id='block_1_45' title="bbox 332 2982 1841 3059">
    <p class='ocr_par' dir='ltr' id='par_1_45' title="bbox 332 2982 1841 3059">
     <span class='ocr_line' id='line_1_45' title="bbox 332 2982 1841 3059; baseline 0.004 -23"><span class='ocrx_word' id='word_1_271' title='bbox 332 2982 389 3036; x_wconf 92' lang='lat' dir='ltr'><strong>ln</strong></span> <span class='ocrx_word' id='word_1_272' title='bbox 413 2982 936 3055; x_wconf 79' lang='lat' dir='ltr'><strong>Antiochia,Agap:e</strong></span> <span class='ocrx_word' id='word_1_273' title='bbox 975 2983 1233 3059; x_wconf 79' lang='lat' dir='ltr'><strong>[Agapes]</strong></span> <span class='ocrx_word' id='word_1_274' title='bbox 1266 2986 1494 3058; x_wconf 73' lang='lat' dir='ltr'><strong>virginis</strong></span> <span class='ocrx_word' id='word_1_275' title='bbox 1518 2995 1571 3041; x_wconf 92' lang='lat' dir='ltr'><strong>et</strong></span> <span class='ocrx_word' id='word_1_276' title='bbox 1604 2987 1841 3044; x_wconf 69' lang='lat' dir='ltr'><strong>Marium.</strong></span> 
     </span>
    </p>
   </div>
   <div class='ocr_carea' id='block_1_46' title="bbox 333 3072 1847 3154">
    <p class='ocr_par' dir='ltr' id='par_1_46' title="bbox 333 3072 1847 3154">
     <span class='ocr_line' id='line_1_46' title="bbox 333 3072 1847 3154; baseline 0.003 -24"><span class='ocrx_word' id='word_1_277' title='bbox 333 3075 393 3130; x_wconf 92' lang='lat' dir='ltr'><strong>ln</strong></span> <span class='ocrx_word' id='word_1_278' title='bbox 438 3072 771 3142; x_wconf 88' lang='lat' dir='ltr'><strong>Nicomedia,</strong></span> <span class='ocrx_word' id='word_1_279' title='bbox 799 3075 1050 3143; x_wconf 89' lang='lat' dir='ltr'><strong>Palatini,</strong></span> <span class='ocrx_word' id='word_1_280' title='bbox 1080 3077 1320 3134; x_wconf 87' lang='lat' dir='ltr'><strong>Firmani</strong></span> <span class='ocrx_word' id='word_1_281' title='bbox 1362 3088 1420 3135; x_wconf 90' lang='lat' dir='ltr'><strong>et</strong></span> <span class='ocrx_word' id='word_1_282' title='bbox 1457 3080 1663 3135; x_wconf 82' lang='lat' dir='ltr'><strong>Rustici</strong></span> <span class='ocrx_word' id='word_1_283' title='bbox 1688 3081 1847 3154; x_wconf 79' lang='lat' dir='ltr'><strong>[mar-</strong></span> 
     </span>
    </p>
   </div>
   <div class='ocr_carea' id='block_1_47' title="bbox 262 3176 463 3238">
    <p class='ocr_par' dir='ltr' id='par_1_47' title="bbox 262 3176 463 3238">
     <span class='ocr_line' id='line_1_47' title="bbox 262 3176 463 3238; baseline 0.005 -16"><span class='ocrx_word' id='word_1_284' title='bbox 262 3176 463 3238; x_wconf 83' lang='lat' dir='ltr'><strong>tyrum.</strong></span> 
     </span>
    </p>
   </div>
   <div class='ocr_carea' id='block_1_48' title="bbox 332 3258 1845 3329">
    <p class='ocr_par' dir='ltr' id='par_1_48' title="bbox 332 3258 1845 3329">
     <span class='ocr_line' id='line_1_48' title="bbox 332 3258 1845 3329; baseline 0.005 -16"><span class='ocrx_word' id='word_1_285' title='bbox 332 3258 387 3313; x_wconf 86' lang='lat' dir='ltr'><strong>In</strong></span> <span class='ocrx_word' id='word_1_286' title='bbox 433 3259 785 3327; x_wconf 75' lang='lat' dir='ltr'><strong>Alexandria,</strong></span> <span class='ocrx_word' id='word_1_287' title='bbox 817 3259 1093 3328; x_wconf 84' lang='lat' dir='ltr'><strong>Heraclii,</strong></span> <span class='ocrx_word' id='word_1_288' title='bbox 1148 3262 1393 3329; x_wconf 88' lang='lat' dir='ltr'><strong>Zosimi,</strong></span> <span class='ocrx_word' id='word_1_289' title='bbox 1440 3262 1735 3320; x_wconf 80' lang='lat' dir='ltr'><strong>Alexandri</strong></span> <span class='ocrx_word' id='word_1_290' title='bbox 1792 3274 1845 3320; x_wconf 91' lang='lat' dir='ltr'><strong>et</strong></span> 
     </span>
    </p>
   </div>
   <div class='ocr_carea' id='block_1_49' title="bbox 259 3350 404 3405">
    <p class='ocr_par' dir='ltr' id='par_1_49' title="bbox 259 3350 404 3405">
     <span class='ocr_line' id='line_1_49' title="bbox 259 3350 404 3405; baseline -0.007 0"><span class='ocrx_word' id='word_1_291' title='bbox 259 3350 404 3405; x_wconf 88' lang='lat' dir='ltr'><strong>Gaii.</strong></span> 
     </span>
    </p>
   </div>
   <div class='ocr_carea' id='block_1_50' title="bbox 331 3441 1845 3511">
    <p class='ocr_par' dir='ltr' id='par_1_50' title="bbox 331 3441 1845 3511">
     <span class='ocr_line' id='line_1_50' title="bbox 331 3441 1845 3511; baseline 0.004 -16"><span class='ocrx_word' id='word_1_292' title='bbox 331 3441 388 3495; x_wconf 90' lang='lat' dir='ltr'><strong>ln</strong></span> <span class='ocrx_word' id='word_1_293' title='bbox 417 3442 594 3511; x_wconf 87' lang='lat' dir='ltr'><strong>Italia,</strong></span> <span class='ocrx_word' id='word_1_294' title='bbox 621 3444 675 3499; x_wconf 95' lang='lat' dir='ltr'><strong>in</strong></span> <span class='ocrx_word' id='word_1_295' title='bbox 704 3444 1038 3501; x_wconf 87' lang='lat' dir='ltr'><strong>monasterio</strong></span> <span class='ocrx_word' id='word_1_296' title='bbox 1066 3444 1258 3511; x_wconf 86' lang='lat' dir='ltr'><strong>Bobio,</strong></span> <span class='ocrx_word' id='word_1_297' title='bbox 1282 3445 1456 3499; x_wconf 89' lang='lat' dir='ltr'><strong>sancti</strong></span> <span class='ocrx_word' id='word_1_298' title='bbox 1487 3445 1657 3501; x_wconf 74' lang='lat' dir='ltr'><strong>Atala:</strong></span> <span class='ocrx_word' id='word_1_299' title='bbox 1677 3447 1845 3502; x_wconf 89' lang='lat' dir='ltr'><strong>abba-</strong></span> 
     </span>
    </p>
   </div>
   <div class='ocr_carea' id='block_1_51' title="bbox 259 3531 1846 3605">
    <p class='ocr_par' dir='ltr' id='par_1_51' title="bbox 259 3531 1846 3605">
     <span class='ocr_line' id='line_1_51' title="bbox 259 3531 1846 3605; baseline 0.004 -20"><span class='ocrx_word' id='word_1_300' title='bbox 259 3531 354 3597; x_wconf 86' lang='lat' dir='ltr'><strong>tis,</strong></span> <span class='ocrx_word' id='word_1_301' title='bbox 398 3533 731 3591; x_wconf 78' lang='lat' dir='ltr'><strong>admiranda:</strong></span> <span class='ocrx_word' id='word_1_302' title='bbox 771 3535 1080 3591; x_wconf 87' lang='lat' dir='ltr'><strong>sanctitatis</strong></span> <span class='ocrx_word' id='word_1_303' title='bbox 1124 3534 1227 3589; x_wconf 88' lang='lat' dir='ltr'><strong>viri</strong></span> <span class='ocrx_word' id='word_1_304' title='bbox 1278 3535 1526 3605; x_wconf 91' lang='lat' dir='ltr'><strong>discipuli</strong></span> <span class='ocrx_word' id='word_1_305' title='bbox 1570 3534 1713 3592; x_wconf 89' lang='lat' dir='ltr'><strong>beati</strong></span> <span class='ocrx_word' id='word_1_306' title='bbox 1742 3534 1846 3592; x_wconf 90' lang='lat' dir='ltr'><strong>Go-</strong></span> 
     </span>
    </p>
   </div>
   <div class='ocr_carea' id='block_1_52' title="bbox 280 3625 521 3681">
    <p class='ocr_par' dir='ltr' id='par_1_52' title="bbox 280 3625 521 3681">
     <span class='ocr_line' id='line_1_52' title="bbox 280 3625 521 3681; baseline 0.004 -2"><span class='ocrx_word' id='word_1_307' title='bbox 280 3625 521 3681; x_wconf 89' lang='lat' dir='ltr'><strong>umbani.</strong></span> 
     </span>
    </p>
   </div>
   <div class='ocr_carea' id='block_1_53' title="bbox 329 3713 1845 3791">
    <p class='ocr_par' dir='ltr' id='par_1_53' title="bbox 329 3713 1845 3791">
     <span class='ocr_line' id='line_1_53' title="bbox 329 3713 1845 3791; baseline 0.009 -25"><span class='ocrx_word' id='word_1_308' title='bbox 329 3713 373 3766; x_wconf 77' lang='grc' dir='ltr'><strong><em>ν</em></strong></span> <span class='ocrx_word' id='word_1_309' title='bbox 404 3715 480 3769; x_wconf 86' lang='lat' dir='ltr'><strong>lo.</strong></span> <span class='ocrx_word' id='word_1_310' title='bbox 514 3716 693 3775; x_wconf 76' lang='lat' dir='ltr'><strong>MART.</strong></span> <span class='ocrx_word' id='word_1_311' title='bbox 716 3749 787 3760; x_wconf 94' lang='lat'><strong>—-</strong></span> <span class='ocrx_word' id='word_1_312' title='bbox 810 3720 988 3791; x_wconf 65' lang='lat' dir='ltr'><strong>Apud‘</strong></span> <span class='ocrx_word' id='word_1_313' title='bbox 1014 3719 1279 3777; x_wconf 88' lang='lat' dir='ltr'><strong>Sebasten</strong></span> <span class='ocrx_word' id='word_1_314' title='bbox 1326 3722 1595 3778; x_wconf 65' lang='lat' dir='ltr'><strong>Armeniae</strong></span> <span class='ocrx_word' id='word_1_315' title='bbox 1622 3723 1845 3780; x_wconf 86' lang='lat' dir='ltr'><strong>Minoris</strong></span> 
     </span>
    </p>
   </div>
   <div class='ocr_carea' id='block_1_54' title="bbox 259 3809 1844 3885">
    <p class='ocr_par' dir='ltr' id='par_1_54' title="bbox 259 3809 1844 3885">
     <span class='ocr_line' id='line_1_54' title="bbox 259 3809 1844 3885; baseline 0.006 -23"><span class='ocrx_word' id='word_1_316' title='bbox 259 3809 520 3865; x_wconf 89' lang='lat' dir='ltr'><strong>nativitas</strong></span> <span class='ocrx_word' id='word_1_317' title='bbox 570 3821 869 3884; x_wconf 83' lang='lat' dir='ltr'><strong>martyrum</strong></span> <span class='ocrx_word' id='word_1_318' title='bbox 917 3814 1308 3885; x_wconf 76' lang='lat' dir='ltr'><strong>quadraginta,</strong></span> <span class='ocrx_word' id='word_1_319' title='bbox 1363 3815 1454 3885; x_wconf 91' lang='lat' dir='ltr'><strong>qui</strong></span> <span class='ocrx_word' id='word_1_320' title='bbox 1511 3816 1844 3885; x_wconf 85' lang='lat' dir='ltr'><strong>tempOribus</strong></span> 
     </span>
    </p>
   </div>
   <div class='ocr_carea' id='block_1_55' title="bbox 255 3898 1845 3973">
    <p class='ocr_par' dir='ltr' id='par_1_55' title="bbox 255 3898 1845 3973">
     <span class='ocr_line' id='line_1_55' title="bbox 255 3898 1845 3973; baseline 0.005 -20"><span class='ocrx_word' id='word_1_321' title='bbox 255 3898 467 3954; x_wconf 88' lang='lat' dir='ltr'><strong>Lucinii</strong></span> <span class='ocrx_word' id='word_1_322' title='bbox 498 3898 739 3973; x_wconf 88' lang='lat' dir='ltr'><strong>[Licinii]</strong></span> <span class='ocrx_word' id='word_1_323' title='bbox 768 3903 1113 3972; x_wconf 90' lang='lat' dir='ltr'><strong>imperatoris</strong></span> <span class='ocrx_word' id='word_1_324' title='bbox 1141 3914 1194 3958; x_wconf 90' lang='lat' dir='ltr'><strong>et</strong></span> <span class='ocrx_word' id='word_1_325' title='bbox 1216 3904 1483 3973; x_wconf 89' lang='lat' dir='ltr'><strong>Agricolai</strong></span> <span class='ocrx_word' id='word_1_326' title='bbox 1516 3906 1760 3973; x_wconf 77' lang='lat' dir='ltr'><strong>pnesidis</strong></span> <span class='ocrx_word' id='word_1_327' title='bbox 1789 3914 1845 3961; x_wconf 89' lang='lat' dir='ltr'><strong>et</strong></span> 
     </span>
    </p>
   </div>
   <div class='ocr_carea' id='block_1_56' title="bbox 258 3986 1841 4064">
    <p class='ocr_par' dir='ltr' id='par_1_56' title="bbox 258 3986 1841 4064">
     <span class='ocr_line' id='line_1_56' title="bbox 258 3986 1841 4064; baseline 0.004 -23"><span class='ocrx_word' id='word_1_328' title='bbox 258 3986 433 4057; x_wconf 67' lang='lat' dir='ltr'><strong>Lysire</strong></span> <span class='ocrx_word' id='word_1_329' title='bbox 459 3989 633 4055; x_wconf 86' lang='lat' dir='ltr'><strong>ducis,</strong></span> <span class='ocrx_word' id='word_1_330' title='bbox 663 4006 761 4060; x_wconf 93' lang='lat' dir='ltr'><strong>pro</strong></span> <span class='ocrx_word' id='word_1_331' title='bbox 787 3993 1007 4047; x_wconf 90' lang='lat' dir='ltr'><strong>nomine</strong></span> <span class='ocrx_word' id='word_1_332' title='bbox 1027 3992 1227 4047; x_wconf 90' lang='lat' dir='ltr'><strong>Christi</strong></span> <span class='ocrx_word' id='word_1_333' title='bbox 1251 3993 1510 4064; x_wconf 85' lang='lat' dir='ltr'><strong>martyrio</strong></span> <span class='ocrx_word' id='word_1_334' title='bbox 1532 4004 1654 4046; x_wconf 89' lang='lat' dir='ltr'><strong>sunt</strong></span> <span class='ocrx_word' id='word_1_335' title='bbox 1683 4008 1812 4047; x_wconf 92' lang='lat' dir='ltr'><strong>coro</strong></span> <span class='ocrx_word' id='word_1_336' title='bbox 1837 4028 1841 4035; x_wconf 68' lang='grc' dir='ltr'><strong><em>ι</em></strong></span> 
     </span>
    </p>
   </div>
   <div class='ocr_carea' id='block_1_57' title="bbox 258 4079 1817 4153">
    <p class='ocr_par' dir='ltr' id='par_1_57' title="bbox 258 4079 1817 4153">
     <span class='ocr_line' id='line_1_57' title="bbox 258 4079 1817 4153; baseline 0.004 -21"><span class='ocrx_word' id='word_1_337' title='bbox 258 4079 394 4133; x_wconf 90' lang='lat' dir='ltr'><strong>nati.</strong></span> <span class='ocrx_word' id='word_1_338' title='bbox 427 4080 572 4148; x_wconf 89' lang='lat' dir='ltr'><strong>Quos</strong></span> <span class='ocrx_word' id='word_1_339' title='bbox 595 4082 914 4153; x_wconf 86' lang='lat' dir='ltr'><strong>Agricolaus</strong></span> <span class='ocrx_word' id='word_1_340' title='bbox 944 4098 1145 4153; x_wconf 72' lang='lat' dir='ltr'><strong>prteses</strong></span> <span class='ocrx_word' id='word_1_341' title='bbox 1181 4099 1302 4139; x_wconf 92' lang='lat' dir='ltr'><strong>eum</strong></span> <span class='ocrx_word' id='word_1_342' title='bbox 1341 4083 1407 4137; x_wconf 90' lang='lat' dir='ltr'><strong>ad</strong></span> <span class='ocrx_word' id='word_1_343' title='bbox 1439 4083 1700 4137; x_wconf 90' lang='lat' dir='ltr'><strong>culturam</strong></span> <span class='ocrx_word' id='word_1_344' title='bbox 1730 4084 1817 4139; x_wconf 89' lang='lat' dir='ltr'><strong>ido</strong></span> 
     </span>
    </p>
   </div>
   <div class='ocr_carea' id='block_1_58' title="bbox 258 4153 1845 4245">
    <p class='ocr_par' dir='ltr' id='par_1_58' title="bbox 258 4153 1845 4245">
     <span class='ocr_line' id='line_1_58' title="bbox 258 4153 1845 4245; baseline 0.003 -21"><span class='ocrx_word' id='word_1_345' title='bbox 258 4169 435 4226; x_wconf 86' lang='lat' dir='ltr'><strong>lorum</strong></span> <span class='ocrx_word' id='word_1_346' title='bbox 479 4183 796 4229; x_wconf 89' lang='lat' dir='ltr'><strong>convertere</strong></span> <span class='ocrx_word' id='word_1_347' title='bbox 828 4190 933 4228; x_wconf 91' lang='lat' dir='ltr'><strong>non</strong></span> <span class='ocrx_word' id='word_1_348' title='bbox 979 4153 1183 4245; x_wconf 77' lang='lat' dir='ltr'><strong>posset,</strong></span> <span class='ocrx_word' id='word_1_349' title='bbox 1216 4175 1484 4244; x_wconf 89' lang='lat' dir='ltr'><strong>lapidibus</strong></span> <span class='ocrx_word' id='word_1_350' title='bbox 1512 4174 1665 4228; x_wconf 88' lang='lat' dir='ltr'><strong>obrui</strong></span> <span class='ocrx_word' id='word_1_351' title='bbox 1708 4189 1845 4243; x_wconf 78' lang='lat' dir='ltr'><strong>pra:-</strong></span> 
     </span>
    </p>
   </div>
   <div class='ocr_carea' id='block_1_59' title="bbox 258 4261 1844 4334">
    <p class='ocr_par' dir='ltr' id='par_1_59' title="bbox 258 4261 1844 4334">
     <span class='ocr_line' id='line_1_59' title="bbox 258 4261 1844 4334; baseline 0.001 -16"><span class='ocrx_word' id='word_1_352' title='bbox 258 4261 418 4330; x_wconf 89' lang='lat' dir='ltr'><strong>cepit.</strong></span> <span class='ocrx_word' id='word_1_353' title='bbox 460 4261 566 4317; x_wconf 91' lang='lat' dir='ltr'><strong>Sed</strong></span> <span class='ocrx_word' id='word_1_354' title='bbox 599 4272 840 4319; x_wconf 83' lang='lat' dir='ltr'><strong>tortores</strong></span> <span class='ocrx_word' id='word_1_355' title='bbox 878 4278 1086 4330; x_wconf 86' lang='lat' dir='ltr'><strong>eorum,</strong></span> <span class='ocrx_word' id='word_1_356' title='bbox 1135 4264 1453 4319; x_wconf 90' lang='lat' dir='ltr'><strong>alterutrum</strong></span> <span class='ocrx_word' id='word_1_357' title='bbox 1482 4280 1540 4319; x_wconf 88' lang='lat' dir='ltr'><strong>se</strong></span> <span class='ocrx_word' id='word_1_358' title='bbox 1579 4263 1844 4334; x_wconf 89' lang='lat' dir='ltr'><strong>lapidibus</strong></span> 
     </span>
    </p>
   </div>
   <div class='ocr_carea' id='block_1_60' title="bbox 257 4354 1844 4425">
    <p class='ocr_par' dir='ltr' id='par_1_60' title="bbox 257 4354 1844 4425">
     <span class='ocr_line' id='line_1_60' title="bbox 257 4354 1844 4425; baseline 0 -16"><span class='ocrx_word' id='word_1_359' title='bbox 257 4354 548 4419; x_wconf 66' lang='lat' dir='ltr'><strong>credentes,</strong></span> <span class='ocrx_word' id='word_1_360' title='bbox 573 4355 907 4425; x_wconf 90' lang='lat' dir='ltr'><strong>martyribus</strong></span> <span class='ocrx_word' id='word_1_361' title='bbox 933 4370 1127 4410; x_wconf 87' lang='lat' dir='ltr'><strong>nocere</strong></span> <span class='ocrx_word' id='word_1_362' title='bbox 1152 4370 1255 4411; x_wconf 94' lang='lat' dir='ltr'><strong>non</strong></span> <span class='ocrx_word' id='word_1_363' title='bbox 1277 4364 1545 4425; x_wconf 90' lang='lat' dir='ltr'><strong>poterant.</strong></span> <span class='ocrx_word' id='word_1_364' title='bbox 1574 4355 1685 4408; x_wconf 80' lang='lat' dir='ltr'><strong>Dux</strong></span> <span class='ocrx_word' id='word_1_365' title='bbox 1714 4369 1844 4410; x_wconf 75' lang='lat' dir='ltr'><strong>vero</strong></span> 
     </span>
    </p>
   </div>
   <div class='ocr_carea' id='block_1_61' title="bbox 254 4446 1843 4517">
    <p class='ocr_par' dir='ltr' id='par_1_61' title="bbox 254 4446 1843 4517">
     <span class='ocr_line' id='line_1_61' title="bbox 254 4446 1843 4517; baseline -0.001 -16"><span class='ocrx_word' id='word_1_366' title='bbox 254 4446 468 4517; x_wconf 85' lang='lat' dir='ltr'><strong>Lysias,</strong></span> <span class='ocrx_word' id='word_1_367' title='bbox 503 4447 862 4501; x_wconf 85' lang='lat' dir='ltr'><strong>exardescens</strong></span> <span class='ocrx_word' id='word_1_368' title='bbox 893 4447 993 4512; x_wconf 89' lang='lat' dir='ltr'><strong>ira,</strong></span> <span class='ocrx_word' id='word_1_369' title='bbox 1024 4448 1143 4500; x_wconf 90' lang='lat' dir='ltr'><strong>tulit</strong></span> <span class='ocrx_word' id='word_1_370' title='bbox 1182 4448 1412 4517; x_wconf 89' lang='lat' dir='ltr'><strong>lapidem</strong></span> <span class='ocrx_word' id='word_1_371' title='bbox 1451 4455 1507 4500; x_wconf 95' lang='lat' dir='ltr'><strong>ut</strong></span> <span class='ocrx_word' id='word_1_372' title='bbox 1537 4454 1843 4515; x_wconf 88' lang='lat' dir='ltr'><strong>percuteret</strong></span> 
     </span>
    </p>
   </div>
   <div class='ocr_carea' id='block_1_62' title="bbox 256 4536 1839 4607">
    <p class='ocr_par' dir='ltr' id='par_1_62' title="bbox 256 4536 1839 4607">
     <span class='ocr_line' id='line_1_62' title="bbox 256 4536 1839 4607; baseline 0 -18"><span class='ocrx_word' id='word_1_373' title='bbox 256 4537 493 4604; x_wconf 82' lang='lat' dir='ltr'><strong>aliquem</strong></span> <span class='ocrx_word' id='word_1_374' title='bbox 525 4548 856 4592; x_wconf 80' lang='lat' dir='ltr'><strong>sanctorum.</strong></span> <span class='ocrx_word' id='word_1_375' title='bbox 892 4538 1000 4591; x_wconf 89' lang='lat' dir='ltr'><strong>Sed</strong></span> <span class='ocrx_word' id='word_1_376' title='bbox 1024 4538 1161 4591; x_wconf 89' lang='lat' dir='ltr'><strong>miro</strong></span> <span class='ocrx_word' id='word_1_377' title='bbox 1194 4537 1283 4592; x_wconf 85' lang='lat' dir='ltr'><strong>Dei</strong></span> <span class='ocrx_word' id='word_1_378' title='bbox 1314 4546 1445 4591; x_wconf 91' lang='lat' dir='ltr'><strong>nutu</strong></span> <span class='ocrx_word' id='word_1_379' title='bbox 1483 4538 1596 4607; x_wconf 90' lang='lat' dir='ltr'><strong>ipse</strong></span> <span class='ocrx_word' id='word_1_380' title='bbox 1620 4536 1755 4607; x_wconf 90' lang='lat' dir='ltr'><strong>lapis</strong></span> <span class='ocrx_word' id='word_1_381' title='bbox 1784 4537 1839 4590; x_wconf 92' lang='lat' dir='ltr'><strong>in</strong></span> 
     </span>
    </p>
   </div>
   <div class='ocr_carea' id='block_1_63' title="bbox 254 4624 1842 4695">
    <p class='ocr_par' dir='ltr' id='par_1_63' title="bbox 254 4624 1842 4695">
     <span class='ocr_line' id='line_1_63' title="bbox 254 4624 1842 4695; baseline 0.001 -17"><span class='ocrx_word' id='word_1_382' title='bbox 254 4624 451 4679; x_wconf 79' lang='lat' dir='ltr'><strong>faciem</strong></span> <span class='ocrx_word' id='word_1_383' title='bbox 478 4626 724 4694; x_wconf 74' lang='lat' dir='ltr'><strong>prmsidis</strong></span> <span class='ocrx_word' id='word_1_384' title='bbox 751 4627 1013 4695; x_wconf 87' lang='lat' dir='ltr'><strong>pervenit.</strong></span> <span class='ocrx_word' id='word_1_385' title='bbox 1044 4626 1143 4693; x_wconf 90' lang='lat' dir='ltr'><strong>Qui</strong></span> <span class='ocrx_word' id='word_1_386' title='bbox 1173 4626 1353 4683; x_wconf 80' lang='lat' dir='ltr'><strong>furore</strong></span> <span class='ocrx_word' id='word_1_387' title='bbox 1376 4634 1678 4685; x_wconf 89' lang='lat' dir='ltr'><strong>commotus</strong></span> <span class='ocrx_word' id='word_1_388' title='bbox 1718 4642 1842 4681; x_wconf 90' lang='lat' dir='ltr'><strong>sau-</strong></span> 
     </span>
    </p>
   </div>
   <div class='ocr_carea' id='block_1_64' title="bbox 254 4713 1840 4787">
    <p class='ocr_par' dir='ltr' id='par_1_64' title="bbox 254 4713 1840 4787">
     <span class='ocr_line' id='line_1_64' title="bbox 254 4713 1840 4787; baseline 0.003 -19"><span class='ocrx_word' id='word_1_389' title='bbox 254 4722 373 4769; x_wconf 91' lang='lat' dir='ltr'><strong>ctos</strong></span> <span class='ocrx_word' id='word_1_390' title='bbox 404 4713 501 4785; x_wconf 87' lang='lat' dir='ltr'><strong>Dei</strong></span> <span class='ocrx_word' id='word_1_391' title='bbox 548 4715 601 4769; x_wconf 93' lang='lat' dir='ltr'><strong>in</strong></span> <span class='ocrx_word' id='word_1_392' title='bbox 640 4724 890 4787; x_wconf 86' lang='lat' dir='ltr'><strong>stagnum</strong></span> <span class='ocrx_word' id='word_1_393' title='bbox 921 4717 1091 4787; x_wconf 89' lang='lat' dir='ltr'><strong>glaeie</strong></span> <span class='ocrx_word' id='word_1_394' title='bbox 1135 4718 1485 4772; x_wconf 88' lang='lat' dir='ltr'><strong>constrictum</strong></span> <span class='ocrx_word' id='word_1_395' title='bbox 1516 4718 1654 4772; x_wconf 91' lang='lat' dir='ltr'><strong>mitti</strong></span> <span class='ocrx_word' id='word_1_396' title='bbox 1700 4732 1840 4786; x_wconf 69' lang='lat' dir='ltr'><strong>prte-</strong></span> 
     </span>
    </p>
   </div>
   <div class='ocr_carea' id='block_1_65' title="bbox 253 4805 1845 4879">
    <p class='ocr_par' dir='ltr' id='par_1_65' title="bbox 253 4805 1845 4879">
     <span class='ocr_line' id='line_1_65' title="bbox 253 4805 1845 4879; baseline 0.003 -20"><span class='ocrx_word' id='word_1_397' title='bbox 253 4806 419 4875; x_wconf 82' lang='lat' dir='ltr'><strong>cepit.</strong></span> <span class='ocrx_word' id='word_1_398' title='bbox 443 4805 636 4863; x_wconf 85' lang='lat' dir='ltr'><strong>Divino</strong></span> <span class='ocrx_word' id='word_1_399' title='bbox 656 4817 837 4863; x_wconf 92' lang='lat' dir='ltr'><strong>autem</strong></span> <span class='ocrx_word' id='word_1_400' title='bbox 868 4817 999 4862; x_wconf 92' lang='lat' dir='ltr'><strong>nutu</strong></span> <span class='ocrx_word' id='word_1_401' title='bbox 1028 4808 1224 4879; x_wconf 88' lang='lat' dir='ltr'><strong>glacies</strong></span> <span class='ocrx_word' id='word_1_402' title='bbox 1250 4808 1508 4863; x_wconf 88' lang='lat' dir='ltr'><strong>dissoluta</strong></span> <span class='ocrx_word' id='word_1_403' title='bbox 1528 4817 1583 4863; x_wconf 90' lang='lat' dir='ltr'><strong>et</strong></span> <span class='ocrx_word' id='word_1_404' title='bbox 1607 4807 1845 4878; x_wconf 86' lang='lat' dir='ltr'><strong>frigidis-</strong></span> 
     </span>
    </p>
   </div>
   <div class='ocr_carea' id='block_1_66' title="bbox 252 4896 1839 4969">
    <p class='ocr_par' dir='ltr' id='par_1_66' title="bbox 252 4896 1839 4969">
     <span class='ocr_line' id='line_1_66' title="bbox 252 4896 1839 4969; baseline 0.001 -18"><span class='ocrx_word' id='word_1_405' title='bbox 252 4896 393 4951; x_wconf 89' lang='lat' dir='ltr'><strong>sima</strong></span> <span class='ocrx_word' id='word_1_406' title='bbox 441 4912 581 4967; x_wconf 92' lang='lat' dir='ltr'><strong>aqua</strong></span> <span class='ocrx_word' id='word_1_407' title='bbox 626 4898 679 4952; x_wconf 91' lang='lat' dir='ltr'><strong>in</strong></span> <span class='ocrx_word' id='word_1_408' title='bbox 728 4898 1040 4954; x_wconf 89' lang='lat' dir='ltr'><strong>balnearum</strong></span> <span class='ocrx_word' id='word_1_409' title='bbox 1092 4900 1400 4969; x_wconf 80' lang='lat' dir='ltr'><strong>temperiem</strong></span> <span class='ocrx_word' id='word_1_410' title='bbox 1445 4914 1706 4954; x_wconf 82' lang='lat' dir='ltr'><strong>conversa</strong></span> <span class='ocrx_word' id='word_1_411' title='bbox 1734 4906 1839 4963; x_wconf 89' lang='lat' dir='ltr'><strong>est,</strong></span> 
     </span>
    </p>
   </div>
   <div class='ocr_carea' id='block_1_67' title="bbox 255 4988 1838 5062">
    <p class='ocr_par' dir='ltr' id='par_1_67' title="bbox 255 4988 1838 5062">
     <span class='ocr_line' id='line_1_67' title="bbox 255 4988 1838 5062; baseline 0.004 -22"><span class='ocrx_word' id='word_1_412' title='bbox 255 4988 332 5041; x_wconf 89' lang='lat' dir='ltr'><strong>ita</strong></span> <span class='ocrx_word' id='word_1_413' title='bbox 381 4996 442 5042; x_wconf 93' lang='lat' dir='ltr'><strong>ut</strong></span> <span class='ocrx_word' id='word_1_414' title='bbox 494 4989 548 5043; x_wconf 94' lang='lat' dir='ltr'><strong>in</strong></span> <span class='ocrx_word' id='word_1_415' title='bbox 598 4988 809 5044; x_wconf 91' lang='lat' dir='ltr'><strong>laudem</strong></span> <span class='ocrx_word' id='word_1_416' title='bbox 862 4990 980 5055; x_wconf 92' lang='lat' dir='ltr'><strong>Dei,</strong></span> <span class='ocrx_word' id='word_1_417' title='bbox 1031 5000 1219 5046; x_wconf 90' lang='lat' dir='ltr'><strong>sancto</strong></span> <span class='ocrx_word' id='word_1_418' title='bbox 1268 4990 1470 5062; x_wconf 89' lang='lat' dir='ltr'><strong>Spiritu</strong></span> <span class='ocrx_word' id='word_1_419' title='bbox 1529 4989 1838 5055; x_wconf 89' lang='lat' dir='ltr'><strong>confortati,</strong></span> 
     </span>
    </p>
   </div>
   <div class='ocr_carea' id='block_1_68' title="bbox 251 5080 1842 5155">
    <p class='ocr_par' dir='ltr' id='par_1_68' title="bbox 251 5080 1842 5155">
     <span class='ocr_line' id='line_1_68' title="bbox 251 5080 1842 5155; baseline 0.003 -22"><span class='ocrx_word' id='word_1_420' title='bbox 251 5090 622 5150; x_wconf 87' lang='lat' dir='ltr'><strong>erumperent.</strong></span> <span class='ocrx_word' id='word_1_421' title='bbox 654 5080 804 5137; x_wconf 87' lang='lat' dir='ltr'><strong>Unus</strong></span> <span class='ocrx_word' id='word_1_422' title='bbox 832 5090 1011 5137; x_wconf 87' lang='lat' dir='ltr'><strong>autem</strong></span> <span class='ocrx_word' id='word_1_423' title='bbox 1051 5098 1119 5138; x_wconf 89' lang='lat' dir='ltr'><strong>ex</strong></span> <span class='ocrx_word' id='word_1_424' title='bbox 1155 5098 1346 5138; x_wconf 90' lang='lat' dir='ltr'><strong>eorum</strong></span> <span class='ocrx_word' id='word_1_425' title='bbox 1388 5098 1633 5149; x_wconf 91' lang='lat' dir='ltr'><strong>numero,</strong></span> <span class='ocrx_word' id='word_1_426' title='bbox 1676 5084 1842 5155; x_wconf 86' lang='lat' dir='ltr'><strong>pusil-</strong></span> 
     </span>
    </p>
   </div>
   <div class='ocr_carea' id='block_1_69' title="bbox 252 5168 1839 5248">
    <p class='ocr_par' dir='ltr' id='par_1_69' title="bbox 252 5168 1839 5248">
     <span class='ocr_line' id='line_1_69' title="bbox 252 5168 1839 5248; baseline 0.005 -25"><span class='ocrx_word' id='word_1_427' title='bbox 252 5168 472 5226; x_wconf 86' lang='lat' dir='ltr'><strong>lanimis</strong></span> <span class='ocrx_word' id='word_1_428' title='bbox 501 5171 746 5239; x_wconf 80' lang='lat' dir='ltr'><strong>eﬂ&#39;ectus,</strong></span> <span class='ocrx_word' id='word_1_429' title='bbox 785 5172 1056 5244; x_wconf 90' lang='lat' dir='ltr'><strong>refugiens</strong></span> <span class='ocrx_word' id='word_1_430' title='bbox 1099 5176 1167 5229; x_wconf 89' lang='lat' dir='ltr'><strong>ad</strong></span> <span class='ocrx_word' id='word_1_431' title='bbox 1214 5176 1464 5231; x_wconf 88' lang='lat' dir='ltr'><strong>balneum</strong></span> <span class='ocrx_word' id='word_1_432' title='bbox 1492 5177 1642 5248; x_wconf 87' lang='lat' dir='ltr'><strong>juxta</strong></span> <span class='ocrx_word' id='word_1_433' title='bbox 1681 5192 1839 5248; x_wconf 86' lang='lat' dir='ltr'><strong>para-</strong></span> 
     </span>
    </p>
   </div>
   <div class='ocr_carea' id='block_1_70' title="bbox 252 5268 1839 5339">
    <p class='ocr_par' dir='ltr' id='par_1_70' title="bbox 252 5268 1839 5339">
     <span class='ocr_line' id='line_1_70' title="bbox 252 5268 1839 5339; baseline 0.005 -21"><span class='ocrx_word' id='word_1_434' title='bbox 252 5273 393 5329; x_wconf 89' lang='lat' dir='ltr'><strong>tum,</strong></span> <span class='ocrx_word' id='word_1_435' title='bbox 422 5281 546 5321; x_wconf 81' lang='lat' dir='ltr'><strong>mox</strong></span> <span class='ocrx_word' id='word_1_436' title='bbox 579 5276 641 5322; x_wconf 91' lang='lat' dir='ltr'><strong>ut</strong></span> <span class='ocrx_word' id='word_1_437' title='bbox 666 5268 841 5339; x_wconf 90' lang='lat' dir='ltr'><strong>attigit</strong></span> <span class='ocrx_word' id='word_1_438' title='bbox 865 5268 1119 5333; x_wconf 87' lang='lat' dir='ltr'><strong>calorem,</strong></span> <span class='ocrx_word' id='word_1_439' title='bbox 1171 5269 1462 5325; x_wconf 89' lang='lat' dir='ltr'><strong>dissolutus</strong></span> <span class='ocrx_word' id='word_1_440' title='bbox 1505 5278 1558 5326; x_wconf 89' lang='lat' dir='ltr'><strong>et</strong></span> <span class='ocrx_word' id='word_1_441' title='bbox 1594 5279 1839 5326; x_wconf 87' lang='lat' dir='ltr'><strong>mortuus</strong></span> 
     </span>
    </p>
   </div>
   <div class='ocr_carea' id='block_1_71' title="bbox 252 5357 1841 5432">
    <p class='ocr_par' dir='ltr' id='par_1_71' title="bbox 252 5357 1841 5432">
     <span class='ocr_line' id='line_1_71' title="bbox 252 5357 1841 5432; baseline 0.003 -22"><span class='ocrx_word' id='word_1_442' title='bbox 252 5364 360 5411; x_wconf 89' lang='lat' dir='ltr'><strong>est.</strong></span> <span class='ocrx_word' id='word_1_443' title='bbox 396 5357 564 5412; x_wconf 87' lang='lat' dir='ltr'><strong>Porro</strong></span> <span class='ocrx_word' id='word_1_444' title='bbox 594 5361 806 5414; x_wconf 91' lang='lat' dir='ltr'><strong>cunctis</strong></span> <span class='ocrx_word' id='word_1_445' title='bbox 846 5359 938 5429; x_wconf 93' lang='lat' dir='ltr'><strong>qui</strong></span> <span class='ocrx_word' id='word_1_446' title='bbox 969 5375 1064 5413; x_wconf 86' lang='lat' dir='ltr'><strong>eos</strong></span> <span class='ocrx_word' id='word_1_447' title='bbox 1094 5360 1476 5415; x_wconf 85' lang='lat' dir='ltr'><strong>custodiendos</strong></span> <span class='ocrx_word' id='word_1_448' title='bbox 1519 5371 1841 5432; x_wconf 87' lang='lat' dir='ltr'><strong>acceperant</strong></span> 
     </span>
    </p>
   </div>
   <div class='ocr_carea' id='block_1_72' title="bbox 259 5451 1839 5525">
    <p class='ocr_par' dir='ltr' id='par_1_72' title="bbox 259 5451 1839 5525">
     <span class='ocr_line' id='line_1_72' title="bbox 259 5451 1839 5525; baseline 0.004 -24"><span class='ocrx_word' id='word_1_449' title='bbox 259 5462 454 5503; x_wconf 90' lang='lat' dir='ltr'><strong>somno</strong></span> <span class='ocrx_word' id='word_1_450' title='bbox 476 5452 732 5520; x_wconf 74' lang='lat' dir='ltr'><strong>gravatis,</strong></span> <span class='ocrx_word' id='word_1_451' title='bbox 765 5451 1141 5507; x_wconf 86' lang='lat' dir='ltr'><strong>clavicularius</strong></span> <span class='ocrx_word' id='word_1_452' title='bbox 1183 5460 1390 5507; x_wconf 90' lang='lat' dir='ltr'><strong>tantum</strong></span> <span class='ocrx_word' id='word_1_453' title='bbox 1428 5454 1706 5525; x_wconf 88' lang='lat' dir='ltr'><strong>vigilabat.</strong></span> <span class='ocrx_word' id='word_1_454' title='bbox 1738 5454 1839 5520; x_wconf 91' lang='lat' dir='ltr'><strong>Qui</strong></span> 
     </span>
    </p>
   </div>
   <div class='ocr_carea' id='block_1_73' title="bbox 256 5540 1837 5614">
    <p class='ocr_par' dir='ltr' id='par_1_73' title="bbox 256 5540 1837 5614">
     <span class='ocr_line' id='line_1_73' title="bbox 256 5540 1837 5614; baseline 0.004 -20"><span class='ocrx_word' id='word_1_455' title='bbox 256 5540 484 5596; x_wconf 88' lang='lat' dir='ltr'><strong>audiens</strong></span> <span class='ocrx_word' id='word_1_456' title='bbox 529 5556 623 5598; x_wconf 91' lang='lat' dir='ltr'><strong>eos</strong></span> <span class='ocrx_word' id='word_1_457' title='bbox 669 5552 906 5607; x_wconf 86' lang='lat' dir='ltr'><strong>orantes,</strong></span> <span class='ocrx_word' id='word_1_458' title='bbox 951 5543 1248 5614; x_wconf 89' lang='lat' dir='ltr'><strong>vidensque</strong></span> <span class='ocrx_word' id='word_1_459' title='bbox 1291 5544 1466 5599; x_wconf 93' lang='lat' dir='ltr'><strong>lucem</strong></span> <span class='ocrx_word' id='word_1_460' title='bbox 1516 5545 1837 5600; x_wconf 89' lang='lat' dir='ltr'><strong>immensam</strong></span> 
     </span>
    </p>
   </div>
   <div class='ocr_carea' id='block_1_74' title="bbox 256 5632 1839 5706">
    <p class='ocr_par' dir='ltr' id='par_1_74' title="bbox 256 5632 1839 5706">
     <span class='ocr_line' id='line_1_74' title="bbox 256 5632 1839 5706; baseline 0.003 -21"><span class='ocrx_word' id='word_1_461' title='bbox 256 5640 420 5701; x_wconf 87' lang='lat' dir='ltr'><strong>atque</strong></span> <span class='ocrx_word' id='word_1_462' title='bbox 441 5632 663 5703; x_wconf 89' lang='lat' dir='ltr'><strong>glaciem</strong></span> <span class='ocrx_word' id='word_1_463' title='bbox 700 5635 1012 5701; x_wconf 89' lang='lat' dir='ltr'><strong>resolutam,</strong></span> <span class='ocrx_word' id='word_1_464' title='bbox 1051 5636 1347 5706; x_wconf 88' lang='lat' dir='ltr'><strong>respiciens</strong></span> <span class='ocrx_word' id='word_1_465' title='bbox 1377 5636 1519 5689; x_wconf 90' lang='lat' dir='ltr'><strong>unde</strong></span> <span class='ocrx_word' id='word_1_466' title='bbox 1542 5644 1721 5690; x_wconf 88' lang='lat' dir='ltr'><strong>ortum</strong></span> <span class='ocrx_word' id='word_1_467' title='bbox 1747 5636 1839 5691; x_wconf 71' lang='lat' dir='ltr'><strong>lux</strong></span> 
     </span>
    </p>
   </div>
   <div class='ocr_carea' id='block_1_75' title="bbox 256 5710 1841 5797">
    <p class='ocr_par' dir='ltr' id='par_1_75' title="bbox 256 5710 1841 5797">
     <span class='ocr_line' id='line_1_75' title="bbox 256 5710 1841 5797; baseline 0.004 -19"><span class='ocrx_word' id='word_1_468' title='bbox 256 5710 372 5794; x_wconf 88' lang='lat' dir='ltr'><strong>ipsa</strong></span> <span class='ocrx_word' id='word_1_469' title='bbox 426 5725 668 5790; x_wconf 85' lang='lat' dir='ltr'><strong>haberet,</strong></span> <span class='ocrx_word' id='word_1_470' title='bbox 723 5727 856 5781; x_wconf 83' lang='lat' dir='ltr'><strong>vidit</strong></span> <span class='ocrx_word' id='word_1_471' title='bbox 899 5743 1064 5797; x_wconf 90' lang='lat' dir='ltr'><strong>super</strong></span> <span class='ocrx_word' id='word_1_472' title='bbox 1106 5737 1324 5784; x_wconf 91' lang='lat' dir='ltr'><strong>sanctos</strong></span> <span class='ocrx_word' id='word_1_473' title='bbox 1352 5743 1580 5784; x_wconf 91' lang='lat' dir='ltr'><strong>coronas</strong></span> <span class='ocrx_word' id='word_1_474' title='bbox 1619 5729 1841 5785; x_wconf 90' lang='lat' dir='ltr'><strong>descen-</strong></span> 
     </span>
    </p>
   </div>
   <div class='ocr_carea' id='block_1_76' title="bbox 257 5817 1835 5893">
    <p class='ocr_par' dir='ltr' id='par_1_76' title="bbox 257 5817 1835 5893">
     <span class='ocr_line' id='line_1_76' title="bbox 257 5817 1835 5893; baseline 0.004 -25"><span class='ocrx_word' id='word_1_475' title='bbox 257 5817 448 5873; x_wconf 80' lang='lat' dir='ltr'><strong>dentes</strong></span> <span class='ocrx_word' id='word_1_476' title='bbox 495 5834 722 5875; x_wconf 85' lang='lat' dir='ltr'><strong>numcro</strong></span> <span class='ocrx_word' id='word_1_477' title='bbox 754 5820 997 5890; x_wconf 71' lang='lat' dir='ltr'><strong>triginta</strong></span> <span class='ocrx_word' id='word_1_478' title='bbox 1046 5838 1278 5891; x_wconf 76' lang='lat' dir='ltr'><strong>novem;</strong></span> <span class='ocrx_word' id='word_1_479' title='bbox 1337 5822 1499 5893; x_wconf 84' lang='lat' dir='ltr'><strong>coepit</strong></span> <span class='ocrx_word' id='word_1_480' title='bbox 1552 5820 1835 5893; x_wconf 83' lang='lat' dir='ltr'><strong>cogitare:</strong></span> 
     </span>
    </p>
   </div>
   <div class='ocr_carea' id='block_1_77' title="bbox 1950 1977 3534 2047">
    <p class='ocr_par' dir='ltr' id='par_1_77' title="bbox 1950 1977 3534 2047">
     <span class='ocr_line' id='line_1_77' title="bbox 1950 1977 3534 2047; baseline 0.001 -16"><span class='ocrx_word' id='word_1_481' title='bbox 1950 1977 2147 2043; x_wconf 88' lang='lat' dir='ltr'><strong>decim,</strong></span> <span class='ocrx_word' id='word_1_482' title='bbox 2179 1992 2391 2031; x_wconf 89' lang='lat' dir='ltr'><strong>menses</strong></span> <span class='ocrx_word' id='word_1_483' title='bbox 2426 1977 2579 2041; x_wconf 91' lang='lat' dir='ltr'><strong>duos,</strong></span> <span class='ocrx_word' id='word_1_484' title='bbox 2610 1978 2724 2032; x_wconf 89' lang='lat' dir='ltr'><strong>dies</strong></span> <span class='ocrx_word' id='word_1_485' title='bbox 2761 1978 2949 2047; x_wconf 87' lang='lat' dir='ltr'><strong>viginti</strong></span> <span class='ocrx_word' id='word_1_486' title='bbox 2975 1987 3028 2032; x_wconf 91' lang='lat' dir='ltr'><strong>et</strong></span> <span class='ocrx_word' id='word_1_487' title='bbox 3067 1994 3253 2033; x_wconf 91' lang='lat' dir='ltr'><strong>unum.</strong></span> <span class='ocrx_word' id='word_1_488' title='bbox 3285 1979 3382 2033; x_wconf 85' lang='lat' dir='ltr'><strong>Hic</strong></span> <span class='ocrx_word' id='word_1_489' title='bbox 3405 1993 3534 2034; x_wconf 84' lang='lat' dir='ltr'><strong>con-</strong></span> 
     </span>
    </p>
   </div>
   <div class='ocr_carea' id='block_1_78' title="bbox 1950 2066 3537 2140">
    <p class='ocr_par' dir='ltr' id='par_1_78' title="bbox 1950 2066 3537 2140">
     <span class='ocr_line' id='line_1_78' title="bbox 1950 2066 3537 2140; baseline 0 -18"><span class='ocrx_word' id='word_1_490' title='bbox 1950 2069 2197 2123; x_wconf 90' lang='lat' dir='ltr'><strong>stitutum</strong></span> <span class='ocrx_word' id='word_1_491' title='bbox 2243 2066 2371 2121; x_wconf 89' lang='lat' dir='ltr'><strong>fecit</strong></span> <span class='ocrx_word' id='word_1_492' title='bbox 2401 2068 2465 2122; x_wconf 90' lang='lat' dir='ltr'><strong>de</strong></span> <span class='ocrx_word' id='word_1_493' title='bbox 2499 2068 2740 2123; x_wconf 89' lang='lat' dir='ltr'><strong>Ecclesia</strong></span> <span class='ocrx_word' id='word_1_494' title='bbox 2790 2069 2907 2134; x_wconf 91' lang='lat' dir='ltr'><strong>Dei,</strong></span> <span class='ocrx_word' id='word_1_495' title='bbox 2954 2079 3008 2125; x_wconf 90' lang='lat' dir='ltr'><strong>et</strong></span> <span class='ocrx_word' id='word_1_496' title='bbox 3055 2069 3325 2140; x_wconf 88' lang='lat' dir='ltr'><strong>Pelagium</strong></span> <span class='ocrx_word' id='word_1_497' title='bbox 3374 2078 3537 2138; x_wconf 87' lang='lat' dir='ltr'><strong>atque</strong></span> 
     </span>
    </p>
   </div>
   <div class='ocr_carea' id='block_1_79' title="bbox 1947 2157 3537 2224">
    <p class='ocr_par' dir='ltr' id='par_1_79' title="bbox 1947 2157 3537 2224">
     <span class='ocr_line' id='line_1_79' title="bbox 1947 2157 3537 2224; baseline 0.001 -11"><span class='ocrx_word' id='word_1_498' title='bbox 1947 2157 2299 2214; x_wconf 75' lang='lat' dir='ltr'><strong>C(elestinum</strong></span> <span class='ocrx_word' id='word_1_499' title='bbox 2354 2160 2643 2213; x_wconf 69' lang='lat' dir='ltr'><strong>ltrercticos</strong></span> <span class='ocrx_word' id='word_1_500' title='bbox 2688 2160 2987 2224; x_wconf 82' lang='lat' dir='ltr'><strong>damnavit,</strong></span> <span class='ocrx_word' id='word_1_501' title='bbox 3038 2169 3094 2215; x_wconf 89' lang='lat' dir='ltr'><strong>et</strong></span> <span class='ocrx_word' id='word_1_502' title='bbox 3150 2161 3432 2215; x_wconf 90' lang='lat' dir='ltr'><strong>constituit</strong></span> <span class='ocrx_word' id='word_1_503' title='bbox 3478 2169 3537 2214; x_wconf 91' lang='lat' dir='ltr'><strong>ut</strong></span> 
     </span>
    </p>
   </div>
   <div class='ocr_carea' id='block_1_80' title="bbox 1950 2247 3538 2319">
    <p class='ocr_par' dir='ltr' id='par_1_80' title="bbox 1950 2247 3538 2319">
     <span class='ocr_line' id='line_1_80' title="bbox 1950 2247 3538 2319; baseline 0.001 -16"><span class='ocrx_word' id='word_1_504' title='bbox 1950 2249 2043 2319; x_wconf 89' lang='lat' dir='ltr'><strong>qui</strong></span> <span class='ocrx_word' id='word_1_505' title='bbox 2085 2258 2245 2301; x_wconf 90' lang='lat' dir='ltr'><strong>natus</strong></span> <span class='ocrx_word' id='word_1_506' title='bbox 2303 2247 2495 2303; x_wconf 88' lang='lat' dir='ltr'><strong>fuisset</strong></span> <span class='ocrx_word' id='word_1_507' title='bbox 2549 2250 2616 2304; x_wconf 91' lang='lat' dir='ltr'><strong>de</strong></span> <span class='ocrx_word' id='word_1_508' title='bbox 2671 2249 2998 2303; x_wconf 87' lang='lat' dir='ltr'><strong>Christianis</strong></span> <span class='ocrx_word' id='word_1_509' title='bbox 3046 2250 3385 2319; x_wconf 88' lang='lat' dir='ltr'><strong>parentibus,</strong></span> <span class='ocrx_word' id='word_1_510' title='bbox 3441 2266 3538 2319; x_wconf 87' lang='lat' dir='ltr'><strong>per</strong></span> 
     </span>
    </p>
   </div>
   <div class='ocr_carea' id='block_1_81' title="bbox 1949 2341 3531 2413">
    <p class='ocr_par' dir='ltr' id='par_1_81' title="bbox 1949 2341 3531 2413">
     <span class='ocr_line' id='line_1_81' title="bbox 1949 2341 3531 2413; baseline -0.001 -17"><span class='ocrx_word' id='word_1_511' title='bbox 1949 2343 2273 2413; x_wconf 88' lang='lat' dir='ltr'><strong>baptismum</strong></span> <span class='ocrx_word' id='word_1_512' title='bbox 2302 2351 2738 2413; x_wconf 86' lang='lat' dir='ltr'><strong>regeneraretur.</strong></span> <span class='ocrx_word' id='word_1_513' title='bbox 2764 2342 2916 2409; x_wconf 91' lang='lat' dir='ltr'><strong>Quod</strong></span> <span class='ocrx_word' id='word_1_514' title='bbox 2944 2341 3191 2413; x_wconf 84' lang='lat' dir='ltr'><strong>Pelagius</strong></span> <span class='ocrx_word' id='word_1_515' title='bbox 3220 2342 3531 2395; x_wconf 90' lang='lat' dir='ltr'><strong>damnabat.</strong></span> 
     </span>
    </p>
   </div>
   <div class='ocr_carea' id='block_1_82' title="bbox 1949 2430 3527 2511">
    <p class='ocr_par' dir='ltr' id='par_1_82' title="bbox 1949 2430 3527 2511">
     <span class='ocr_line' id='line_1_82' title="bbox 1949 2430 3527 2511; baseline 0 -25"><span class='ocrx_word' id='word_1_516' title='bbox 1949 2432 2062 2487; x_wconf 80' lang='lat' dir='ltr'><strong>Hoc</strong></span> <span class='ocrx_word' id='word_1_517' title='bbox 2104 2432 2468 2487; x_wconf 88' lang='lat' dir='ltr'><strong>Innocentius.</strong></span> <span class='ocrx_word' id='word_1_518' title='bbox 2500 2430 2792 2503; x_wconf 88' lang='lat' dir='ltr'><strong>Gregorius</strong></span> <span class='ocrx_word' id='word_1_519' title='bbox 2835 2446 2966 2487; x_wconf 91' lang='lat' dir='ltr'><strong>vero</strong></span> <span class='ocrx_word' id='word_1_520' title='bbox 3011 2432 3395 2511; x_wconf 87' lang='lat' dir='ltr'><strong>augmentavit,</strong></span> <span class='ocrx_word' id='word_1_521' title='bbox 3429 2431 3527 2486; x_wconf 91' lang='lat' dir='ltr'><strong>sed</strong></span> 
     </span>
    </p>
   </div>
   <div class='ocr_carea' id='block_1_83' title="bbox 1950 2523 3535 2597">
    <p class='ocr_par' dir='ltr' id='par_1_83' title="bbox 1950 2523 3535 2597">
     <span class='ocr_line' id='line_1_83' title="bbox 1950 2523 3535 2597; baseline -0.001 -19"><span class='ocrx_word' id='word_1_522' title='bbox 1950 2524 2014 2597; x_wconf 65' lang='grc' dir='ltr'><strong>[Γ.</strong></span> <span class='ocrx_word' id='word_1_523' title='bbox 2044 2523 2268 2597; x_wconf 90' lang='lat' dir='ltr'><strong>addens]</strong></span> <span class='ocrx_word' id='word_1_524' title='bbox 2295 2525 2347 2578; x_wconf 93' lang='lat' dir='ltr'><strong>in</strong></span> <span class='ocrx_word' id='word_1_525' title='bbox 2373 2525 2681 2593; x_wconf 88' lang='lat' dir='ltr'><strong>precatione</strong></span> <span class='ocrx_word' id='word_1_526' title='bbox 2708 2523 2942 2580; x_wconf 91' lang='lat' dir='ltr'><strong>Canonis</strong></span> <span class='ocrx_word' id='word_1_527' title='bbox 2970 2541 2983 2579; x_wconf 90' lang='lat'><strong>:</strong></span> <span class='ocrx_word' id='word_1_528' title='bbox 3011 2524 3223 2593; x_wconf 76' lang='lat' dir='ltr'><strong>diesque</strong></span> <span class='ocrx_word' id='word_1_529' title='bbox 3254 2533 3457 2578; x_wconf 75' lang='lat' dir='ltr'><strong>nostros</strong></span> <span class='ocrx_word' id='word_1_530' title='bbox 3479 2526 3535 2577; x_wconf 84' lang='lat' dir='ltr'><strong>in</strong></span> 
     </span>
    </p>
   </div>
   <div class='ocr_carea' id='block_1_84' title="bbox 1948 2615 2443 2685">
    <p class='ocr_par' dir='ltr' id='par_1_84' title="bbox 1948 2615 2443 2685">
     <span class='ocr_line' id='line_1_84' title="bbox 1948 2615 2443 2685; baseline -0.004 -16"><span class='ocrx_word' id='word_1_531' title='bbox 1948 2625 2038 2669; x_wconf 86' lang='lat' dir='ltr'><strong>tua</strong></span> <span class='ocrx_word' id='word_1_532' title='bbox 2065 2631 2189 2683; x_wconf 84' lang='lat' dir='ltr'><strong>pace</strong></span> <span class='ocrx_word' id='word_1_533' title='bbox 2211 2615 2443 2685; x_wconf 83' lang='lat' dir='ltr'><strong>dispone.</strong></span> 
     </span>
    </p>
   </div>
   <div class='ocr_carea' id='block_1_85' title="bbox 2016 2708 3536 2781">
    <p class='ocr_par' dir='ltr' id='par_1_85' title="bbox 2016 2708 3536 2781">
     <span class='ocr_line' id='line_1_85' title="bbox 2016 2708 3536 2781; baseline -0.004 -16"><span class='ocrx_word' id='word_1_534' title='bbox 2016 2711 2169 2781; x_wconf 87' lang='lat' dir='ltr'><strong>Apud</strong></span> <span class='ocrx_word' id='word_1_535' title='bbox 2198 2709 2587 2775; x_wconf 83' lang='lat' dir='ltr'><strong>Nicomediam,</strong></span> <span class='ocrx_word' id='word_1_536' title='bbox 2619 2708 2764 2763; x_wconf 87' lang='lat' dir='ltr'><strong>beati</strong></span> <span class='ocrx_word' id='word_1_537' title='bbox 2787 2708 2935 2765; x_wconf 89' lang='lat' dir='ltr'><strong>Petri</strong></span> <span class='ocrx_word' id='word_1_538' title='bbox 2970 2709 3245 2780; x_wconf 88' lang='lat' dir='ltr'><strong>martyris,</strong></span> <span class='ocrx_word' id='word_1_539' title='bbox 3273 2708 3365 2778; x_wconf 93' lang='lat' dir='ltr'><strong>qui</strong></span> <span class='ocrx_word' id='word_1_540' title='bbox 3396 2721 3536 2762; x_wconf 92' lang='lat' dir='ltr'><strong>unus</strong></span> 
     </span>
    </p>
   </div>
   <div class='ocr_carea' id='block_1_86' title="bbox 1946 2800 3536 2873">
    <p class='ocr_par' dir='ltr' id='par_1_86' title="bbox 1946 2800 3536 2873">
     <span class='ocr_line' id='line_1_86' title="bbox 1946 2800 3536 2873; baseline -0.004 -14"><span class='ocrx_word' id='word_1_541' title='bbox 1946 2804 2050 2859; x_wconf 92' lang='lat' dir='ltr'><strong>fuit</strong></span> <span class='ocrx_word' id='word_1_542' title='bbox 2076 2819 2142 2858; x_wconf 82' lang='lat' dir='ltr'><strong>ex</strong></span> <span class='ocrx_word' id='word_1_543' title='bbox 2185 2802 2438 2859; x_wconf 89' lang='lat' dir='ltr'><strong>Dorothei</strong></span> <span class='ocrx_word' id='word_1_544' title='bbox 2488 2811 2544 2856; x_wconf 91' lang='lat' dir='ltr'><strong>et</strong></span> <span class='ocrx_word' id='word_1_545' title='bbox 2582 2801 2841 2873; x_wconf 89' lang='lat' dir='ltr'><strong>Gorgonii</strong></span> <span class='ocrx_word' id='word_1_546' title='bbox 2890 2810 3189 2873; x_wconf 88' lang='lat' dir='ltr'><strong>martyrum</strong></span> <span class='ocrx_word' id='word_1_547' title='bbox 3236 2800 3536 2864; x_wconf 85' lang='lat' dir='ltr'><strong>sodalibus,</strong></span> 
     </span>
    </p>
   </div>
   <div class='ocr_carea' id='block_1_87' title="bbox 1947 2891 3534 2966">
    <p class='ocr_par' dir='ltr' id='par_1_87' title="bbox 1947 2891 3534 2966">
     <span class='ocr_line' id='line_1_87' title="bbox 1947 2891 3534 2966; baseline -0.003 -17"><span class='ocrx_word' id='word_1_548' title='bbox 1947 2896 2039 2966; x_wconf 90' lang='lat' dir='ltr'><strong>qui</strong></span> <span class='ocrx_word' id='word_1_549' title='bbox 2071 2896 2123 2949; x_wconf 91' lang='lat' dir='ltr'><strong>in</strong></span> <span class='ocrx_word' id='word_1_550' title='bbox 2155 2893 2402 2950; x_wconf 91' lang='lat' dir='ltr'><strong>cubiculo</strong></span> <span class='ocrx_word' id='word_1_551' title='bbox 2434 2893 2577 2964; x_wconf 90' lang='lat' dir='ltr'><strong>regis</strong></span> <span class='ocrx_word' id='word_1_552' title='bbox 2602 2905 2776 2949; x_wconf 85' lang='lat' dir='ltr'><strong>erant.</strong></span> <span class='ocrx_word' id='word_1_553' title='bbox 2802 2894 2900 2949; x_wconf 85' lang='lat' dir='ltr'><strong>Hie</strong></span> <span class='ocrx_word' id='word_1_554' title='bbox 2922 2892 3146 2964; x_wconf 89' lang='lat' dir='ltr'><strong>jubente</strong></span> <span class='ocrx_word' id='word_1_555' title='bbox 3176 2891 3534 2956; x_wconf 88' lang='lat' dir='ltr'><strong>Diocletiano,</strong></span> 
     </span>
    </p>
   </div>
   <div class='ocr_carea' id='block_1_88' title="bbox 1947 2981 3541 3055">
    <p class='ocr_par' dir='ltr' id='par_1_88' title="bbox 1947 2981 3541 3055">
     <span class='ocr_line' id='line_1_88' title="bbox 1947 2981 3541 3055; baseline -0.005 -12"><span class='ocrx_word' id='word_1_556' title='bbox 1947 3002 2013 3043; x_wconf 91' lang='lat' dir='ltr'><strong>eo</strong></span> <span class='ocrx_word' id='word_1_557' title='bbox 2037 2985 2181 3055; x_wconf 92' lang='lat' dir='ltr'><strong>quod</strong></span> <span class='ocrx_word' id='word_1_558' title='bbox 2222 2985 2289 3041; x_wconf 90' lang='lat' dir='ltr'><strong>de</strong></span> <span class='ocrx_word' id='word_1_559' title='bbox 2324 2984 2600 3055; x_wconf 90' lang='lat' dir='ltr'><strong>suppliciis</strong></span> <span class='ocrx_word' id='word_1_560' title='bbox 2645 2984 2977 3054; x_wconf 88' lang='lat' dir='ltr'><strong>martyribus</strong></span> <span class='ocrx_word' id='word_1_561' title='bbox 3030 2983 3283 3054; x_wconf 87' lang='lat' dir='ltr'><strong>irrogatis</strong></span> <span class='ocrx_word' id='word_1_562' title='bbox 3312 2981 3541 3036; x_wconf 86' lang='lat' dir='ltr'><strong>liberius</strong></span> 
     </span>
    </p>
   </div>
   <div class='ocr_carea' id='block_1_89' title="bbox 1950 3075 3535 3149">
    <p class='ocr_par' dir='ltr' id='par_1_89' title="bbox 1950 3075 3535 3149">
     <span class='ocr_line' id='line_1_89' title="bbox 1950 3075 3535 3149; baseline -0.004 -13"><span class='ocrx_word' id='word_1_563' title='bbox 1950 3079 2289 3136; x_wconf 89' lang='lat' dir='ltr'><strong>clausaretur</strong></span> <span class='ocrx_word' id='word_1_564' title='bbox 2328 3075 2719 3149; x_wconf 90' lang='lat' dir='ltr'><strong>[causaretur],</strong></span> <span class='ocrx_word' id='word_1_565' title='bbox 2764 3077 2815 3130; x_wconf 93' lang='lat' dir='ltr'><strong>in</strong></span> <span class='ocrx_word' id='word_1_566' title='bbox 2857 3076 3089 3146; x_wconf 91' lang='lat' dir='ltr'><strong>equuleo</strong></span> <span class='ocrx_word' id='word_1_567' title='bbox 3128 3090 3445 3146; x_wconf 88' lang='lat' dir='ltr'><strong>suspensus,</strong></span> <span class='ocrx_word' id='word_1_568' title='bbox 3479 3084 3535 3129; x_wconf 93' lang='lat' dir='ltr'><strong>ct</strong></span> 
     </span>
    </p>
   </div>
   <div class='ocr_carea' id='block_1_90' title="bbox 1952 3165 3538 3243">
    <p class='ocr_par' dir='ltr' id='par_1_90' title="bbox 1952 3165 3538 3243">
     <span class='ocr_line' id='line_1_90' title="bbox 1952 3165 3538 3243; baseline -0.004 -18"><span class='ocrx_word' id='word_1_569' title='bbox 1952 3172 2137 3243; x_wconf 87' lang='lat' dir='ltr'><strong>flagris</strong></span> <span class='ocrx_word' id='word_1_570' title='bbox 2166 3180 2277 3225; x_wconf 89' lang='lat' dir='ltr'><strong>toto</strong></span> <span class='ocrx_word' id='word_1_571' title='bbox 2304 3170 2536 3224; x_wconf 89' lang='lat' dir='ltr'><strong>laniatus</strong></span> <span class='ocrx_word' id='word_1_572' title='bbox 2565 3182 2812 3237; x_wconf 91' lang='lat' dir='ltr'><strong>corpore,</strong></span> <span class='ocrx_word' id='word_1_573' title='bbox 2842 3182 2906 3222; x_wconf 90' lang='lat' dir='ltr'><strong>ac</strong></span> <span class='ocrx_word' id='word_1_574' title='bbox 2934 3166 3238 3223; x_wconf 90' lang='lat' dir='ltr'><strong>visceribus</strong></span> <span class='ocrx_word' id='word_1_575' title='bbox 3264 3166 3369 3234; x_wconf 87' lang='lat' dir='ltr'><strong>jam</strong></span> <span class='ocrx_word' id='word_1_576' title='bbox 3398 3165 3538 3234; x_wconf 89' lang='lat' dir='ltr'><strong>pelle</strong></span> 
     </span>
    </p>
   </div>
   <div class='ocr_carea' id='block_1_91' title="bbox 1874 3235 3538 3328">
    <p class='ocr_par' dir='ltr' id='par_1_91' title="bbox 1874 3235 3538 3328">
     <span class='ocr_line' id='line_1_91' title="bbox 1874 3235 3538 3328; baseline -0.005 -9"><span class='ocrx_word' id='word_1_577' title='bbox 1874 3235 1919 3299; x_wconf 62' lang='grc' dir='ltr'><strong>θ</strong></span> <span class='ocrx_word' id='word_1_578' title='bbox 1952 3235 2258 3328; x_wconf 76' lang='lat' dir='ltr'><strong>denudatis,</strong></span> <span class='ocrx_word' id='word_1_579' title='bbox 2291 3271 2447 3316; x_wconf 86' lang='lat' dir='ltr'><strong>aceto</strong></span> <span class='ocrx_word' id='word_1_580' title='bbox 2493 3270 2547 3315; x_wconf 92' lang='lat' dir='ltr'><strong>et</strong></span> <span class='ocrx_word' id='word_1_581' title='bbox 2593 3235 2704 3314; x_wconf 80' lang='lat' dir='ltr'><strong>sale</strong></span> <span class='ocrx_word' id='word_1_582' title='bbox 2753 3258 3114 3328; x_wconf 84' lang='lat' dir='ltr'><strong>perfunditur.</strong></span> <span class='ocrx_word' id='word_1_583' title='bbox 3148 3257 3391 3326; x_wconf 87' lang='lat' dir='ltr'><strong>Cumque</strong></span> <span class='ocrx_word' id='word_1_584' title='bbox 3433 3257 3538 3312; x_wconf 88' lang='lat' dir='ltr'><strong>hoc</strong></span> 
     </span>
    </p>
   </div>
   <div class='ocr_carea' id='block_1_92' title="bbox 1952 3346 3534 3424">
    <p class='ocr_par' dir='ltr' id='par_1_92' title="bbox 1952 3346 3534 3424">
     <span class='ocr_line' id='line_1_92' title="bbox 1952 3346 3534 3424; baseline -0.007 -16"><span class='ocrx_word' id='word_1_585' title='bbox 1952 3354 2204 3408; x_wconf 90' lang='lat' dir='ltr'><strong>tormenti</strong></span> <span class='ocrx_word' id='word_1_586' title='bbox 2257 3367 2427 3424; x_wconf 91' lang='lat' dir='ltr'><strong>genus</strong></span> <span class='ocrx_word' id='word_1_587' title='bbox 2482 3357 2797 3405; x_wconf 90' lang='lat' dir='ltr'><strong>constanter</strong></span> <span class='ocrx_word' id='word_1_588' title='bbox 2852 3363 2915 3402; x_wconf 89' lang='lat' dir='ltr'><strong>ac</strong></span> <span class='ocrx_word' id='word_1_589' title='bbox 2964 3346 3181 3402; x_wconf 91' lang='lat' dir='ltr'><strong>fortiter</strong></span> <span class='ocrx_word' id='word_1_590' title='bbox 3230 3346 3534 3409; x_wconf 86' lang='lat' dir='ltr'><strong>tolerasset,</strong></span> 
     </span>
    </p>
   </div>
   <div class='ocr_carea' id='block_1_93' title="bbox 1949 3435 3532 3513">
    <p class='ocr_par' dir='ltr' id='par_1_93' title="bbox 1949 3435 3532 3513">
     <span class='ocr_line' id='line_1_93' title="bbox 1949 3435 3532 3513; baseline -0.006 -14"><span class='ocrx_word' id='word_1_591' title='bbox 1949 3444 2209 3500; x_wconf 89' lang='lat' dir='ltr'><strong>craticula</strong></span> <span class='ocrx_word' id='word_1_592' title='bbox 2247 3442 2435 3513; x_wconf 89' lang='lat' dir='ltr'><strong>prunis</strong></span> <span class='ocrx_word' id='word_1_593' title='bbox 2466 3439 2842 3495; x_wconf 88' lang='lat' dir='ltr'><strong>subtcrstratis</strong></span> <span class='ocrx_word' id='word_1_594' title='bbox 2866 3438 2991 3509; x_wconf 92' lang='lat' dir='ltr'><strong>poni</strong></span> <span class='ocrx_word' id='word_1_595' title='bbox 3016 3437 3237 3509; x_wconf 87' lang='lat' dir='ltr'><strong>jubetur</strong></span> <span class='ocrx_word' id='word_1_596' title='bbox 3258 3436 3309 3490; x_wconf 90' lang='lat' dir='ltr'><strong>in</strong></span> <span class='ocrx_word' id='word_1_597' title='bbox 3334 3435 3532 3497; x_wconf 92' lang='lat' dir='ltr'><strong>medio,</strong></span> 
     </span>
    </p>
   </div>
   <div class='ocr_carea' id='block_1_94' title="bbox 1950 3528 3534 3604">
    <p class='ocr_par' dir='ltr' id='par_1_94' title="bbox 1950 3528 3534 3604">
     <span class='ocr_line' id='line_1_94' title="bbox 1950 3528 3534 3604; baseline -0.006 -14"><span class='ocrx_word' id='word_1_598' title='bbox 1950 3535 2132 3604; x_wconf 91' lang='lat' dir='ltr'><strong>ibique</strong></span> <span class='ocrx_word' id='word_1_599' title='bbox 2174 3534 2318 3602; x_wconf 92' lang='lat' dir='ltr'><strong>quod</strong></span> <span class='ocrx_word' id='word_1_600' title='bbox 2365 3532 2633 3603; x_wconf 89' lang='lat' dir='ltr'><strong>reliquum</strong></span> <span class='ocrx_word' id='word_1_601' title='bbox 2682 3532 2859 3587; x_wconf 90' lang='lat' dir='ltr'><strong>fuerat</strong></span> <span class='ocrx_word' id='word_1_602' title='bbox 2906 3529 3221 3585; x_wconf 89' lang='lat' dir='ltr'><strong>verberibus</strong></span> <span class='ocrx_word' id='word_1_603' title='bbox 3268 3528 3534 3597; x_wconf 90' lang='lat' dir='ltr'><strong>absumpti</strong></span> 
     </span>
    </p>
   </div>
   <div class='ocr_carea' id='block_1_95' title="bbox 1947 3619 3534 3695">
    <p class='ocr_par' dir='ltr' id='par_1_95' title="bbox 1947 3619 3534 3695">
     <span class='ocr_line' id='line_1_95' title="bbox 1947 3619 3534 3695; baseline -0.006 -13"><span class='ocrx_word' id='word_1_604' title='bbox 1947 3626 2191 3695; x_wconf 90' lang='lat' dir='ltr'><strong>corporis</strong></span> <span class='ocrx_word' id='word_1_605' title='bbox 2221 3626 2531 3695; x_wconf 89' lang='lat' dir='ltr'><strong>superponi,</strong></span> <span class='ocrx_word' id='word_1_606' title='bbox 2564 3633 2619 3678; x_wconf 93' lang='lat' dir='ltr'><strong>et</strong></span> <span class='ocrx_word' id='word_1_607' title='bbox 2666 3639 2772 3678; x_wconf 91' lang='lat' dir='ltr'><strong>non</strong></span> <span class='ocrx_word' id='word_1_608' title='bbox 2818 3624 2883 3678; x_wconf 90' lang='lat' dir='ltr'><strong>ad</strong></span> <span class='ocrx_word' id='word_1_609' title='bbox 2925 3622 3163 3677; x_wconf 90' lang='lat' dir='ltr'><strong>subitum</strong></span> <span class='ocrx_word' id='word_1_610' title='bbox 3209 3620 3303 3676; x_wconf 91' lang='lat' dir='ltr'><strong>sed</strong></span> <span class='ocrx_word' id='word_1_611' title='bbox 3334 3619 3534 3675; x_wconf 88' lang='lat' dir='ltr'><strong>sensim</strong></span> 
     </span>
    </p>
   </div>
   <div class='ocr_carea' id='block_1_96' title="bbox 1946 3709 3535 3792">
    <p class='ocr_par' dir='ltr' id='par_1_96' title="bbox 1946 3709 3535 3792">
     <span class='ocr_line' id='line_1_96' title="bbox 1946 3709 3535 3792; baseline -0.008 -17"><span class='ocrx_word' id='word_1_612' title='bbox 1946 3720 2316 3792; x_wconf 89' lang='lat' dir='ltr'><strong>paulatimque</strong></span> <span class='ocrx_word' id='word_1_613' title='bbox 2370 3717 2645 3779; x_wconf 90' lang='lat' dir='ltr'><strong>succendi,</strong></span> <span class='ocrx_word' id='word_1_614' title='bbox 2693 3730 2801 3785; x_wconf 91' lang='lat' dir='ltr'><strong>quo</strong></span> <span class='ocrx_word' id='word_1_615' title='bbox 2845 3713 3052 3769; x_wconf 90' lang='lat' dir='ltr'><strong>scilicet</strong></span> <span class='ocrx_word' id='word_1_616' title='bbox 3096 3726 3253 3782; x_wconf 74' lang='lat' dir='ltr'><strong>pcena</strong></span> <span class='ocrx_word' id='word_1_617' title='bbox 3302 3709 3535 3781; x_wconf 83' lang='lat' dir='ltr'><strong>protela-</strong></span> 
     </span>
    </p>
   </div>
   <div class='ocr_carea' id='block_1_97' title="bbox 1947 3806 3532 3880">
    <p class='ocr_par' dir='ltr' id='par_1_97' title="bbox 1947 3806 3532 3880">
     <span class='ocr_line' id='line_1_97' title="bbox 1947 3806 3532 3880; baseline -0.007 -12"><span class='ocrx_word' id='word_1_618' title='bbox 1947 3820 2101 3868; x_wconf 91' lang='lat' dir='ltr'><strong>retur</strong></span> <span class='ocrx_word' id='word_1_619' title='bbox 2144 3812 2197 3865; x_wconf 91' lang='lat' dir='ltr'><strong>in</strong></span> <span class='ocrx_word' id='word_1_620' title='bbox 2236 3810 2474 3880; x_wconf 87' lang='lat' dir='ltr'><strong>longum.</strong></span> <span class='ocrx_word' id='word_1_621' title='bbox 2535 3808 2648 3863; x_wconf 86' lang='lat' dir='ltr'><strong>Hoc</strong></span> <span class='ocrx_word' id='word_1_622' title='bbox 2696 3807 2890 3861; x_wconf 90' lang='lat' dir='ltr'><strong>Petrus</strong></span> <span class='ocrx_word' id='word_1_623' title='bbox 2921 3806 3186 3877; x_wconf 83' lang='lat' dir='ltr'><strong>martyrio</strong></span> <span class='ocrx_word' id='word_1_624' title='bbox 3218 3811 3532 3867; x_wconf 91' lang='lat' dir='ltr'><strong>coronatus,</strong></span> 
     </span>
    </p>
   </div>
   <div class='ocr_carea' id='block_1_98' title="bbox 1947 3897 3319 3957">
    <p class='ocr_par' dir='ltr' id='par_1_98' title="bbox 1947 3897 3319 3957">
     <span class='ocr_line' id='line_1_98' title="bbox 1947 3897 3319 3957; baseline -0.004 -2"><span class='ocrx_word' id='word_1_625' title='bbox 1947 3916 2077 3957; x_wconf 89' lang='lat' dir='ltr'><strong>vere</strong></span> <span class='ocrx_word' id='word_1_626' title='bbox 2104 3900 2251 3957; x_wconf 88' lang='lat' dir='ltr'><strong>Petri</strong></span> <span class='ocrx_word' id='word_1_627' title='bbox 2289 3900 2500 3955; x_wconf 78' lang='lat' dir='ltr'><strong>exstitit</strong></span> <span class='ocrx_word' id='word_1_628' title='bbox 2522 3909 2578 3954; x_wconf 90' lang='lat' dir='ltr'><strong>et</strong></span> <span class='ocrx_word' id='word_1_629' title='bbox 2609 3900 2729 3954; x_wconf 76' lang='lat' dir='ltr'><strong>fidei</strong></span> <span class='ocrx_word' id='word_1_630' title='bbox 2764 3900 2940 3953; x_wconf 63' lang='lat' dir='ltr'><strong>haeres</strong></span> <span class='ocrx_word' id='word_1_631' title='bbox 2975 3906 3031 3951; x_wconf 90' lang='lat' dir='ltr'><strong>et</strong></span> <span class='ocrx_word' id='word_1_632' title='bbox 3066 3897 3319 3952; x_wconf 87' lang='lat' dir='ltr'><strong>nominis.</strong></span> 
     </span>
    </p>
   </div>
   <div class='ocr_carea' id='block_1_99' title="bbox 2016 3988 3539 4057">
    <p class='ocr_par' dir='ltr' id='par_1_99' title="bbox 2016 3988 3539 4057">
     <span class='ocr_line' id='line_1_99' title="bbox 2016 3988 3539 4057; baseline -0.006 -8"><span class='ocrx_word' id='word_1_633' title='bbox 2016 3994 2149 4050; x_wconf 87' lang='lat' dir='ltr'><strong>Item</strong></span> <span class='ocrx_word' id='word_1_634' title='bbox 2181 3993 2506 4049; x_wconf 75' lang='lat' dir='ltr'><strong>Nicomedia:</strong></span> <span class='ocrx_word' id='word_1_635' title='bbox 2534 3992 2811 4057; x_wconf 86' lang='lat' dir='ltr'><strong>nativitas,</strong></span> <span class='ocrx_word' id='word_1_636' title='bbox 2837 3999 3148 4046; x_wconf 89' lang='lat' dir='ltr'><strong>sanctorum</strong></span> <span class='ocrx_word' id='word_1_637' title='bbox 3184 3988 3388 4057; x_wconf 89' lang='lat' dir='ltr'><strong>Egduni</strong></span> <span class='ocrx_word' id='word_1_638' title='bbox 3416 4002 3539 4057; x_wconf 85' lang='lat' dir='ltr'><strong>pre-</strong></span> 
     </span>
    </p>
   </div>
   <div class='ocr_carea' id='block_1_100' title="bbox 1946 4079 3539 4161">
    <p class='ocr_par' dir='ltr' id='par_1_100' title="bbox 1946 4079 3539 4161">
     <span class='ocr_line' id='line_1_100' title="bbox 1946 4079 3539 4161; baseline -0.009 -16"><span class='ocrx_word' id='word_1_639' title='bbox 1946 4090 2148 4161; x_wconf 89' lang='lat' dir='ltr'><strong>sbyteri</strong></span> <span class='ocrx_word' id='word_1_640' title='bbox 2180 4096 2235 4142; x_wconf 89' lang='lat' dir='ltr'><strong>et</strong></span> <span class='ocrx_word' id='word_1_641' title='bbox 2280 4086 2507 4140; x_wconf 89' lang='lat' dir='ltr'><strong>aliorum</strong></span> <span class='ocrx_word' id='word_1_642' title='bbox 2553 4093 2780 4155; x_wconf 90' lang='lat' dir='ltr'><strong>septem,</strong></span> <span class='ocrx_word' id='word_1_643' title='bbox 2831 4085 2922 4154; x_wconf 87' lang='lat' dir='ltr'><strong>qui</strong></span> <span class='ocrx_word' id='word_1_644' title='bbox 2961 4082 3155 4152; x_wconf 87' lang='lat' dir='ltr'><strong>singuli</strong></span> <span class='ocrx_word' id='word_1_645' title='bbox 3192 4080 3380 4135; x_wconf 88' lang='lat' dir='ltr'><strong>diebus</strong></span> <span class='ocrx_word' id='word_1_646' title='bbox 3425 4079 3539 4134; x_wconf 87' lang='lat' dir='ltr'><strong>sin-</strong></span> 
     </span>
    </p>
   </div>
   <div class='ocr_carea' id='block_1_101' title="bbox 1946 4174 3463 4251">
    <p class='ocr_par' dir='ltr' id='par_1_101' title="bbox 1946 4174 3463 4251">
     <span class='ocr_line' id='line_1_101' title="bbox 1946 4174 3463 4251; baseline -0.007 -18"><span class='ocrx_word' id='word_1_647' title='bbox 1946 4181 2085 4251; x_wconf 92' lang='lat' dir='ltr'><strong>gulis</strong></span> <span class='ocrx_word' id='word_1_648' title='bbox 2116 4178 2546 4243; x_wconf 75' lang='lat' dir='ltr'><strong>sutfoeabantur,</strong></span> <span class='ocrx_word' id='word_1_649' title='bbox 2572 4187 2630 4231; x_wconf 95' lang='lat' dir='ltr'><strong>ut</strong></span> <span class='ocrx_word' id='word_1_650' title='bbox 2665 4177 2879 4232; x_wconf 66' lang='lat' dir='ltr'><strong>caeteris</strong></span> <span class='ocrx_word' id='word_1_651' title='bbox 2906 4183 3083 4230; x_wconf 90' lang='lat' dir='ltr'><strong>metus</strong></span> <span class='ocrx_word' id='word_1_652' title='bbox 3108 4174 3463 4227; x_wconf 89' lang='lat' dir='ltr'><strong>incnteretnr.</strong></span> 
     </span>
    </p>
   </div>
   <div class='ocr_carea' id='block_1_102' title="bbox 2018 4261 3533 4339">
    <p class='ocr_par' dir='ltr' id='par_1_102' title="bbox 2018 4261 3533 4339">
     <span class='ocr_line' id='line_1_102' title="bbox 2018 4261 3533 4339; baseline -0.009 -13"><span class='ocrx_word' id='word_1_653' title='bbox 2018 4272 2221 4327; x_wconf 84' lang='lat' dir='ltr'><strong>Eodem</strong></span> <span class='ocrx_word' id='word_1_654' title='bbox 2254 4272 2339 4326; x_wconf 91' lang='lat' dir='ltr'><strong>die</strong></span> <span class='ocrx_word' id='word_1_655' title='bbox 2368 4270 2551 4339; x_wconf 89' lang='lat' dir='ltr'><strong>passio</strong></span> <span class='ocrx_word' id='word_1_656' title='bbox 2576 4266 2926 4323; x_wconf 83' lang='lat' dir='ltr'><strong>Maximiliani</strong></span> <span class='ocrx_word' id='word_1_657' title='bbox 2952 4264 3208 4335; x_wconf 91' lang='lat' dir='ltr'><strong>martyris</strong></span> <span class='ocrx_word' id='word_1_658' title='bbox 3233 4271 3285 4316; x_wconf 93' lang='lat' dir='ltr'><strong>ct</strong></span> <span class='ocrx_word' id='word_1_659' title='bbox 3307 4261 3533 4315; x_wconf 89' lang='lat' dir='ltr'><strong>aliorum</strong></span> 
     </span>
    </p>
   </div>
   <div class='ocr_carea' id='block_1_103' title="bbox 1944 4367 2322 4438">
    <p class='ocr_par' dir='ltr' id='par_1_103' title="bbox 1944 4367 2322 4438">
     <span class='ocr_line' id='line_1_103' title="bbox 1944 4367 2322 4438; baseline -0.005 -18"><span class='ocrx_word' id='word_1_660' title='bbox 1944 4367 2322 4438; x_wconf 89' lang='lat' dir='ltr'><strong>plurimorum.</strong></span> 
     </span>
    </p>
   </div>
   <div class='ocr_carea' id='block_1_104' title="bbox 2018 4448 3533 4524">
    <p class='ocr_par' dir='ltr' id='par_1_104' title="bbox 2018 4448 3533 4524">
     <span class='ocr_line' id='line_1_104' title="bbox 2018 4448 3533 4524; baseline -0.007 -13"><span class='ocrx_word' id='word_1_661' title='bbox 2018 4458 2082 4511; x_wconf 95' lang='lat' dir='ltr'><strong>lll</strong></span> <span class='ocrx_word' id='word_1_662' title='bbox 2108 4458 2182 4511; x_wconf 84' lang='lat' dir='ltr'><strong>In.</strong></span> <span class='ocrx_word' id='word_1_663' title='bbox 2218 4456 2395 4510; x_wconf 73' lang='lat' dir='ltr'><strong>MART.</strong></span> <span class='ocrx_word' id='word_1_664' title='bbox 2426 4486 2498 4496; x_wconf 94' lang='lat'><strong>—</strong></span> <span class='ocrx_word' id='word_1_665' title='bbox 2527 4454 2679 4524; x_wconf 90' lang='lat' dir='ltr'><strong>Apud</strong></span> <span class='ocrx_word' id='word_1_666' title='bbox 2721 4450 3089 4507; x_wconf 86' lang='lat' dir='ltr'><strong>Nicomediam</strong></span> <span class='ocrx_word' id='word_1_667' title='bbox 3126 4448 3378 4503; x_wconf 87' lang='lat' dir='ltr'><strong>nativitas</strong></span> <span class='ocrx_word' id='word_1_668' title='bbox 3407 4462 3533 4502; x_wconf 86' lang='lat' dir='ltr'><strong>san-</strong></span> 
     </span>
    </p>
   </div>
   <div class='ocr_carea' id='block_1_105' title="bbox 1948 4539 3532 4615">
    <p class='ocr_par' dir='ltr' id='par_1_105' title="bbox 1948 4539 3532 4615">
     <span class='ocr_line' id='line_1_105' title="bbox 1948 4539 3532 4615; baseline -0.006 -11"><span class='ocrx_word' id='word_1_669' title='bbox 1948 4558 2159 4605; x_wconf 91' lang='lat' dir='ltr'><strong>ctorum</strong></span> <span class='ocrx_word' id='word_1_670' title='bbox 2216 4546 2512 4601; x_wconf 79' lang='lat' dir='ltr'><strong>Macedonii</strong></span> <span class='ocrx_word' id='word_1_671' title='bbox 2572 4543 2903 4615; x_wconf 80' lang='lat' dir='ltr'><strong>presbyteri,</strong></span> <span class='ocrx_word' id='word_1_672' title='bbox 2957 4551 3011 4596; x_wconf 91' lang='lat' dir='ltr'><strong>et</strong></span> <span class='ocrx_word' id='word_1_673' title='bbox 3062 4539 3291 4595; x_wconf 66' lang='lat' dir='ltr'><strong>Patricze</strong></span> <span class='ocrx_word' id='word_1_674' title='bbox 3344 4539 3532 4594; x_wconf 80' lang='lat' dir='ltr'><strong>uxoris</strong></span> 
     </span>
    </p>
   </div>
   <div class='ocr_carea' id='block_1_106' title="bbox 1946 4637 2616 4712">
    <p class='ocr_par' dir='ltr' id='par_1_106' title="bbox 1946 4637 2616 4712">
     <span class='ocr_line' id='line_1_106' title="bbox 1946 4637 2616 4712; baseline -0.006 -17"><span class='ocrx_word' id='word_1_675' title='bbox 1946 4642 2083 4712; x_wconf 84' lang='lat' dir='ltr'><strong>ejus,</strong></span> <span class='ocrx_word' id='word_1_676' title='bbox 2113 4648 2169 4694; x_wconf 90' lang='lat' dir='ltr'><strong>et</strong></span> <span class='ocrx_word' id='word_1_677' title='bbox 2197 4638 2318 4692; x_wconf 75' lang='lat' dir='ltr'><strong>filiae</strong></span> <span class='ocrx_word' id='word_1_678' title='bbox 2346 4637 2616 4693; x_wconf 64' lang='lat' dir='ltr'><strong>Modeslaa.</strong></span> 
     </span>
    </p>
   </div>
   <div class='ocr_carea' id='block_1_107' title="bbox 2023 4724 3537 4787">
    <p class='ocr_par' dir='ltr' id='par_1_107' title="bbox 2023 4724 3537 4787">
     <span class='ocr_line' id='line_1_107' title="bbox 2023 4724 3537 4787; baseline -0.007 -1"><span class='ocrx_word' id='word_1_679' title='bbox 2023 4732 2203 4787; x_wconf 63' lang='lat' dir='ltr'><strong>Nicaea</strong></span> <span class='ocrx_word' id='word_1_680' title='bbox 2233 4731 2455 4785; x_wconf 88' lang='lat' dir='ltr'><strong>civitate</strong></span> <span class='ocrx_word' id='word_1_681' title='bbox 2504 4728 2759 4783; x_wconf 90' lang='lat' dir='ltr'><strong>nativitas</strong></span> <span class='ocrx_word' id='word_1_682' title='bbox 2809 4736 3122 4782; x_wconf 89' lang='lat' dir='ltr'><strong>sanctorum</strong></span> <span class='ocrx_word' id='word_1_683' title='bbox 3176 4724 3437 4779; x_wconf 69' lang='lat' dir='ltr'><strong>Theusere</strong></span> <span class='ocrx_word' id='word_1_684' title='bbox 3482 4730 3537 4777; x_wconf 89' lang='lat' dir='ltr'><strong>et</strong></span> 
     </span>
    </p>
   </div>
   <div class='ocr_carea' id='block_1_108' title="bbox 1949 4816 3531 4895">
    <p class='ocr_par' dir='ltr' id='par_1_108' title="bbox 1949 4816 3531 4895">
     <span class='ocr_line' id='line_1_108' title="bbox 1949 4816 3531 4895; baseline -0.006 -17"><span class='ocrx_word' id='word_1_685' title='bbox 1949 4824 2110 4879; x_wconf 86' lang='lat' dir='ltr'><strong>Horis</strong></span> <span class='ocrx_word' id='word_1_686' title='bbox 2152 4821 2479 4895; x_wconf 75' lang='lat' dir='ltr'><strong>[Theuseue</strong></span> <span class='ocrx_word' id='word_1_687' title='bbox 2503 4828 2558 4875; x_wconf 93' lang='lat' dir='ltr'><strong>et</strong></span> <span class='ocrx_word' id='word_1_688' title='bbox 2597 4819 2873 4892; x_wconf 83' lang='lat' dir='ltr'><strong>llorrisae]</strong></span> <span class='ocrx_word' id='word_1_689' title='bbox 2919 4819 3011 4873; x_wconf 82' lang='lat' dir='ltr'><strong>lilii</strong></span> <span class='ocrx_word' id='word_1_690' title='bbox 3055 4819 3193 4890; x_wconf 85' lang='lat' dir='ltr'><strong>ejus,</strong></span> <span class='ocrx_word' id='word_1_691' title='bbox 3217 4816 3531 4875; x_wconf 65' lang='lat' dir='ltr'><strong>Theodorm,</strong></span> 
     </span>
    </p>
   </div>
   <div class='ocr_carea' id='block_1_109' title="bbox 1945 4906 3534 4987">
    <p class='ocr_par' dir='ltr' id='par_1_109' title="bbox 1945 4906 3534 4987">
     <span class='ocr_line' id='line_1_109' title="bbox 1945 4906 3534 4987; baseline -0.007 -17"><span class='ocrx_word' id='word_1_692' title='bbox 1945 4915 2358 4987; x_wconf 69' lang='lat' dir='ltr'><strong>Nymphodorte,</strong></span> <span class='ocrx_word' id='word_1_693' title='bbox 2374 4914 2558 4979; x_wconf 89' lang='lat' dir='ltr'><strong>Marci,</strong></span> <span class='ocrx_word' id='word_1_694' title='bbox 2580 4913 2776 4969; x_wconf 70' lang='lat' dir='ltr'><strong>Arabte</strong></span> <span class='ocrx_word' id='word_1_695' title='bbox 2802 4912 3081 4986; x_wconf 64' lang='lat' dir='ltr'><strong>[Arabiae],</strong></span> <span class='ocrx_word' id='word_1_696' title='bbox 3098 4912 3188 4983; x_wconf 91' lang='lat' dir='ltr'><strong>qui</strong></span> <span class='ocrx_word' id='word_1_697' title='bbox 3214 4923 3403 4965; x_wconf 90' lang='lat' dir='ltr'><strong>omnes</strong></span> <span class='ocrx_word' id='word_1_698' title='bbox 3426 4906 3534 4979; x_wconf 89' lang='lat' dir='ltr'><strong>igni</strong></span> 
     </span>
    </p>
   </div>
   <div class='ocr_carea' id='block_1_110' title="bbox 1945 5004 2306 5060">
    <p class='ocr_par' dir='ltr' id='par_1_110' title="bbox 1945 5004 2306 5060">
     <span class='ocr_line' id='line_1_110' title="bbox 1945 5004 2306 5060; baseline -0.003 -1"><span class='ocrx_word' id='word_1_699' title='bbox 1945 5014 2071 5060; x_wconf 91' lang='lat' dir='ltr'><strong>sunt</strong></span> <span class='ocrx_word' id='word_1_700' title='bbox 2099 5004 2306 5059; x_wconf 91' lang='lat' dir='ltr'><strong>traditi.</strong></span> 
     </span>
    </p>
   </div>
   <div class='ocr_carea' id='block_1_111' title="bbox 2015 5094 2999 5167">
    <p class='ocr_par' dir='ltr' id='par_1_111' title="bbox 2015 5094 2999 5167">
     <span class='ocr_line' id='line_1_111' title="bbox 2015 5094 2999 5167; baseline -0.006 -14"><span class='ocrx_word' id='word_1_701' title='bbox 2015 5099 2148 5153; x_wconf 90' lang='lat' dir='ltr'><strong>ltem</strong></span> <span class='ocrx_word' id='word_1_702' title='bbox 2184 5097 2311 5151; x_wconf 83' lang='lat' dir='ltr'><strong>Julii</strong></span> <span class='ocrx_word' id='word_1_703' title='bbox 2338 5096 2573 5167; x_wconf 89' lang='lat' dir='ltr'><strong>epise0pi</strong></span> <span class='ocrx_word' id='word_1_704' title='bbox 2599 5107 2655 5149; x_wconf 91' lang='lat' dir='ltr'><strong>et</strong></span> <span class='ocrx_word' id='word_1_705' title='bbox 2684 5094 2999 5149; x_wconf 84' lang='lat' dir='ltr'><strong>Alexandri.</strong></span> 
     </span>
    </p>
   </div>
   <div class='ocr_carea' id='block_1_112' title="bbox 2014 5185 3177 5253">
    <p class='ocr_par' dir='ltr' id='par_1_112' title="bbox 2014 5185 3177 5253">
     <span class='ocr_line' id='line_1_112' title="bbox 2014 5185 3177 5253; baseline -0.007 -12"><span class='ocrx_word' id='word_1_706' title='bbox 2014 5187 2146 5242; x_wconf 91' lang='lat' dir='ltr'><strong>ltem</strong></span> <span class='ocrx_word' id='word_1_707' title='bbox 2172 5185 2497 5241; x_wconf 64' lang='lat' dir='ltr'><strong>Nicomediae</strong></span> <span class='ocrx_word' id='word_1_708' title='bbox 2528 5186 2825 5240; x_wconf 89' lang='lat' dir='ltr'><strong>multorum</strong></span> <span class='ocrx_word' id='word_1_709' title='bbox 2857 5191 3177 5253; x_wconf 87' lang='lat' dir='ltr'><strong>martyrum.</strong></span> 
     </span>
    </p>
   </div>
   <div class='ocr_carea' id='block_1_113' title="bbox 2017 5270 3503 5343">
    <p class='ocr_par' dir='ltr' id='par_1_113' title="bbox 2017 5270 3503 5343">
     <span class='ocr_line' id='line_1_113' title="bbox 2017 5270 3503 5343; baseline -0.006 -10"><span class='ocrx_word' id='word_1_710' title='bbox 2017 5279 2207 5333; x_wconf 75' lang='lat' dir='ltr'><strong>Putate</strong></span> <span class='ocrx_word' id='word_1_711' title='bbox 2261 5279 2337 5332; x_wconf 85' lang='lat' dir='ltr'><strong>In.</strong></span> <span class='ocrx_word' id='word_1_712' title='bbox 2388 5278 2565 5333; x_wconf 72' lang='lat' dir='ltr'><strong>MART.</strong></span> <span class='ocrx_word' id='word_1_713' title='bbox 2604 5308 2670 5318; x_wconf 91' lang='lat'><strong>—</strong></span> <span class='ocrx_word' id='word_1_714' title='bbox 2718 5277 2904 5330; x_wconf 64' lang='lat' dir='ltr'><strong>Romae</strong></span> <span class='ocrx_word' id='word_1_715' title='bbox 2953 5282 3254 5343; x_wconf 88' lang='lat' dir='ltr'><strong>martyrum</strong></span> <span class='ocrx_word' id='word_1_716' title='bbox 3302 5270 3503 5340; x_wconf 90' lang='lat' dir='ltr'><strong>quadra</strong></span> 
     </span>
    </p>
   </div>
   <div class='ocr_carea' id='block_1_114' title="bbox 1945 5361 3527 5440">
    <p class='ocr_par' dir='ltr' id='par_1_114' title="bbox 1945 5361 3527 5440">
     <span class='ocr_line' id='line_1_114' title="bbox 1945 5361 3527 5440; baseline -0.005 -18"><span class='ocrx_word' id='word_1_717' title='bbox 1945 5368 2092 5440; x_wconf 89' lang='lat' dir='ltr'><strong>ginta</strong></span> <span class='ocrx_word' id='word_1_718' title='bbox 2128 5378 2360 5438; x_wconf 89' lang='lat' dir='ltr'><strong>septem,</strong></span> <span class='ocrx_word' id='word_1_719' title='bbox 2388 5368 2477 5438; x_wconf 90' lang='lat' dir='ltr'><strong>qui</strong></span> <span class='ocrx_word' id='word_1_720' title='bbox 2500 5366 2759 5437; x_wconf 89' lang='lat' dir='ltr'><strong>baptizati</strong></span> <span class='ocrx_word' id='word_1_721' title='bbox 2789 5374 2913 5419; x_wconf 90' lang='lat' dir='ltr'><strong>sunt</strong></span> <span class='ocrx_word' id='word_1_722' title='bbox 2954 5379 2983 5418; x_wconf 91' lang='lat' dir='ltr'><strong>a</strong></span> <span class='ocrx_word' id='word_1_723' title='bbox 3029 5365 3189 5419; x_wconf 87' lang='lat' dir='ltr'><strong>beato</strong></span> <span class='ocrx_word' id='word_1_724' title='bbox 3214 5361 3373 5416; x_wconf 90' lang='lat' dir='ltr'><strong>Petro</strong></span> <span class='ocrx_word' id='word_1_725' title='bbox 3398 5375 3527 5431; x_wconf 88' lang='lat' dir='ltr'><strong>apo-</strong></span> 
     </span>
    </p>
   </div>
   <div class='ocr_carea' id='block_1_115' title="bbox 1946 5454 3529 5525">
    <p class='ocr_par' dir='ltr' id='par_1_115' title="bbox 1946 5454 3529 5525">
     <span class='ocr_line' id='line_1_115' title="bbox 1946 5454 3529 5525; baseline -0.006 -9"><span class='ocrx_word' id='word_1_726' title='bbox 1946 5461 2109 5525; x_wconf 89' lang='lat' dir='ltr'><strong>stolo,</strong></span> <span class='ocrx_word' id='word_1_727' title='bbox 2159 5475 2281 5514; x_wconf 90' lang='lat' dir='ltr'><strong>cum</strong></span> <span class='ocrx_word' id='word_1_728' title='bbox 2334 5467 2614 5514; x_wconf 90' lang='lat' dir='ltr'><strong>teneretur</strong></span> <span class='ocrx_word' id='word_1_729' title='bbox 2660 5458 2712 5512; x_wconf 92' lang='lat' dir='ltr'><strong>in</strong></span> <span class='ocrx_word' id='word_1_730' title='bbox 2770 5457 3016 5512; x_wconf 90' lang='lat' dir='ltr'><strong>custodia</strong></span> <span class='ocrx_word' id='word_1_731' title='bbox 3060 5454 3366 5511; x_wconf 84' lang='lat' dir='ltr'><strong>Mamertini</strong></span> <span class='ocrx_word' id='word_1_732' title='bbox 3408 5469 3529 5509; x_wconf 90' lang='lat' dir='ltr'><strong>emn</strong></span> 
     </span>
    </p>
   </div>
   <div class='ocr_carea' id='block_1_116' title="bbox 1945 5546 3530 5625">
    <p class='ocr_par' dir='ltr' id='par_1_116' title="bbox 1945 5546 3530 5625">
     <span class='ocr_line' id='line_1_116' title="bbox 1945 5546 3530 5625; baseline -0.006 -15"><span class='ocrx_word' id='word_1_733' title='bbox 1945 5555 2254 5625; x_wconf 85' lang='lat' dir='ltr'><strong>coapostolo</strong></span> <span class='ocrx_word' id='word_1_734' title='bbox 2279 5570 2377 5610; x_wconf 91' lang='lat' dir='ltr'><strong>suo</strong></span> <span class='ocrx_word' id='word_1_735' title='bbox 2405 5553 2598 5618; x_wconf 86' lang='lat' dir='ltr'><strong>Paulo,</strong></span> <span class='ocrx_word' id='word_1_736' title='bbox 2633 5551 2723 5606; x_wconf 92' lang='lat' dir='ltr'><strong>ubi</strong></span> <span class='ocrx_word' id='word_1_737' title='bbox 2754 5565 2947 5606; x_wconf 90' lang='lat' dir='ltr'><strong>novem</strong></span> <span class='ocrx_word' id='word_1_738' title='bbox 2974 5564 3188 5606; x_wconf 90' lang='lat' dir='ltr'><strong>menses</strong></span> <span class='ocrx_word' id='word_1_739' title='bbox 3218 5549 3269 5610; x_wconf 89' lang='lat' dir='ltr'><strong>in</strong></span> <span class='ocrx_word' id='word_1_740' title='bbox 3299 5546 3530 5602; x_wconf 90' lang='lat' dir='ltr'><strong>vinculis</strong></span> 
     </span>
    </p>
   </div>
   <div class='ocr_carea' id='block_1_117' title="bbox 1943 5645 2321 5700">
    <p class='ocr_par' dir='ltr' id='par_1_117' title="bbox 1943 5645 2321 5700">
     <span class='ocr_line' id='line_1_117' title="bbox 1943 5645 2321 5700; baseline -0.013 0"><span class='ocrx_word' id='word_1_741' title='bbox 1943 5645 2142 5700; x_wconf 84' lang='lat' dir='ltr'><strong>detenti</strong></span> <span class='ocrx_word' id='word_1_742' title='bbox 2175 5652 2321 5699; x_wconf 88' lang='lat' dir='ltr'><strong>sunt.</strong></span> 
     </span>
    </p>
   </div>
   <div class='ocr_carea' id='block_1_118' title="bbox 2019 5732 3529 5805">
    <p class='ocr_par' dir='ltr' id='par_1_118' title="bbox 2019 5732 3529 5805">
     <span class='ocr_line' id='line_1_118' title="bbox 2019 5732 3529 5805; baseline -0.005 -15"><span class='ocrx_word' id='word_1_743' title='bbox 2019 5736 2147 5790; x_wconf 89' lang='lat' dir='ltr'><strong>Item</strong></span> <span class='ocrx_word' id='word_1_744' title='bbox 2176 5734 2454 5789; x_wconf 70' lang='lat' dir='ltr'><strong>Zachariae</strong></span> <span class='ocrx_word' id='word_1_745' title='bbox 2487 5736 2782 5805; x_wconf 84' lang='lat' dir='ltr'><strong>ponlilteis,</strong></span> <span class='ocrx_word' id='word_1_746' title='bbox 2828 5735 2917 5804; x_wconf 93' lang='lat' dir='ltr'><strong>qui</strong></span> <span class='ocrx_word' id='word_1_747' title='bbox 2969 5733 3107 5789; x_wconf 91' lang='lat' dir='ltr'><strong>sedit</strong></span> <span class='ocrx_word' id='word_1_748' title='bbox 3146 5732 3331 5787; x_wconf 66' lang='lat' dir='ltr'><strong>Romae</strong></span> <span class='ocrx_word' id='word_1_749' title='bbox 3359 5745 3529 5785; x_wconf 71' lang='lat' dir='ltr'><strong>annos</strong></span> 
     </span>
    </p>
   </div>
   <div class='ocr_carea' id='block_1_119' title="bbox 1948 5820 3529 5899">
    <p class='ocr_par' dir='ltr' id='par_1_119' title="bbox 1948 5820 3529 5899">
     <span class='ocr_line' id='line_1_119' title="bbox 1948 5820 3529 5899; baseline -0.004 -14"><span class='ocrx_word' id='word_1_750' title='bbox 1948 5830 2159 5886; x_wconf 86' lang='lat' dir='ltr'><strong>decem.</strong></span> <span class='ocrx_word' id='word_1_751' title='bbox 2214 5827 2312 5883; x_wconf 87' lang='lat' dir='ltr'><strong>llic</strong></span> <span class='ocrx_word' id='word_1_752' title='bbox 2355 5826 2407 5882; x_wconf 90' lang='lat' dir='ltr'><strong>iu</strong></span> <span class='ocrx_word' id='word_1_753' title='bbox 2459 5827 2794 5899; x_wconf 82' lang='lat' dir='ltr'><strong>patriarehio</strong></span> <span class='ocrx_word' id='word_1_754' title='bbox 2826 5826 2967 5891; x_wconf 82' lang='lat' dir='ltr'><strong>beati</strong></span> <span class='ocrx_word' id='word_1_755' title='bbox 3003 5826 3246 5897; x_wconf 86' lang='lat' dir='ltr'><strong>Gregorii</strong></span> <span class='ocrx_word' id='word_1_756' title='bbox 3290 5820 3529 5897; x_wconf 82' lang='lat' dir='ltr'><strong>[Georgii</strong></span> 
     </span>
    </p>
   </div>
  </div>
