3956 5336
494 407 629 464 ωδε

1401 405 1462 463 Β.
1503 407 1805 476 NOTKERI
1841 408 2135 470 BALBULI
2175 410 2232 468 S.
2269 411 2476 469 GALLI
2509 411 2816 471 MONACHI

3643 410 3772 468 ηδε

490 517 716 592 Darem]
742 517 996 590 Martyris
1015 528 1177 592 caput
1200 521 1401 591 reperit
1427 523 1480 576 in
1505 537 1666 592 capsa
1701 523 2070 590 reconditum;
2105 529 2150 586 Α
2182 539 2279 579 suo
2308 525 2543 582 lacerata
2597 534 2700 581 est.
2735 525 2840 580 Sed
2897 539 3019 579 cum
3073 538 3176 577 non
3226 527 3415 592 posset
3441 533 3540 591 per
3573 519 3675 574 hoc
3695 520 3766 574 ab

494 613 548 666 in
569 627 676 682 qua
704 620 759 666 et
780 613 1030 682 pitatium
1053 614 1258 685 pariter
1279 615 1502 679 invenit,
1534 617 1638 672 hoc
1670 616 1844 687 ipsum
1875 615 2079 673 Graecis

493 703 689 760 litteris
720 705 928 761 habens
973 715 1276 763 exaratum.
1312 705 1566 778 Sepultus
1613 718 1696 764 est
1743 709 1797 762 in
1851 708 2080 765 ecclesia

493 794 636 850 beati
665 797 893 866 apostoli
917 797 1082 853 Petri.

565 886 721 956 Apud
748 887 1158 959 Carthaginem,
1177 889 1392 955 Donati,
1410 889 1664 955 Eufrosii,
1694 890 1957 947 Fronimi.

567 977 623 1032 In
653 977 986 1044 Nicomedia,
1013 979 1358 1046 Felicissimi,
1391 981 1587 1047 Dativi,
1611 981 1905 1036 Frontiuar.

571 1067 630 1120 lu
667 1067 849 1122 Africa
898 1069 1101 1133 Dionae,
1133 1070 1447 1138 Alexandri,
1491 1071 1659 1140 Petri,
1693 1073 1993 1129 Mammarii
2030 1082 2088 1130 et

498 1158 724 1215 Nabotis
755 1171 1072 1234 martyrum.

569 1251 646 1304 le.
680 1250 861 1306 Manr.
893 1283 962 1292 —
989 1252 1044 1307 lu
1076 1252 1414 1324 Cappadocia
1457 1255 1628 1310 sancti
1668 1254 1894 1326 Longini
1942 1271 2087 1310 mar-

501 1342 635 1412 tyris
664 1360 676 1396 :
709 1343 800 1412 qui
834 1358 954 1398 cum
979 1345 1032 1398 iu
1068 1333 1321 1415 passione
1353 1347 1565 1402 Domini
1596 1348 1780 1404 lancea
1807 1348 1946 1404 latus
1969 1345 2088 1416 ejus

498 1436 733 1502 aperuit,
757 1433 876 1490 viso
907 1443 1216 1491 terrarmotu
1247 1446 1300 1491 et
1344 1438 1510 1508 signis
1541 1454 1660 1508 quzr
1703 1438 1924 1505 ﬁebant,
1967 1455 2094 1496 crc-

501 1523 635 1578 didit
666 1524 718 1578 in
770 1523 1066 1590 Christum,
1119 1529 1492 1598 paenitentiam
1540 1545 1705 1601 agens
1743 1532 1808 1586 de
1845 1531 2086 1600 pristinis

500 1616 778 1685 operibus,
809 1626 863 1671 et
886 1633 986 1688 per
1012 1619 1230 1690 triginta
1259 1629 1313 1675 et
1343 1631 1465 1675 octo
1494 1637 1666 1677 annos
1691 1621 1910 1678 Christo
1940 1621 2086 1676 mili-

500 1714 646 1770 tans,
678 1707 982 1777 multosque
1012 1707 1075 1761 ad
1113 1708 1270 1764 fidem
1302 1709 1397 1765 Dei
1432 1721 1774 1776 com-crtens,
1808 1714 1874 1766 ad
1907 1720 2088 1766 extre-

506 1813 656 1852 mum
707 1800 759 1852 in
787 1799 1124 1869 Cappadocia
1175 1803 1275 1856 sub
1302 1801 1529 1858 Octavio
1578 1803 1806 1874 praeside
1837 1818 2088 1859 consum-

2180 615 2436 670 instantia
2482 616 2684 671 Christi
2733 614 2939 670 servitii
2970 614 3036 668 ad
3083 613 3352 668 idolorum
3385 611 3596 666 cultum
3625 623 3768 664 revo-

2180 709 2315 774 cari,
2339 708 2507 780 judici
2542 707 2759 780 publico
2786 707 2854 762 ad
2907 706 3238 777 puniendum
3287 703 3492 758 tradita
3529 709 3636 756 est.
3669 698 3768 755 Ubi

2180 804 2308 858 dum
2335 802 2620 858 carnifices
2642 816 2759 857 eam
2788 800 3039 856 incendio
3061 801 3278 854 tradere
3309 795 3770 862 voluissent,pre-

2181 895 2334 949 eilms
2382 893 2562 963 populi
2602 892 2740 948 datae
2774 900 2902 946 sunt
2943 889 2993 945 ei
3040 889 3271 944 inducias
3321 886 3491 940 trium
3545 883 3767 936 dierum.

2183 984 2386 1040 Triduo
2411 999 2540 1056 ergo
2561 983 2851 1054 completo,
2878 997 3000 1038 cum
3044 981 3236 1036 iterum
3262 992 3388 1033 eam
3415 974 3619 1045 punire
3644 987 3769 1027 una.

2185 1079 2405 1132 uimitcr
2431 1077 2715 1140 instarent,
2746 1074 3066 1130 mirabiliter
3103 1072 3195 1126 Dei
3241 1067 3630 1125 misericordia
3668 1077 3773 1119 ere.

2184 1179 2273 1240 pta
2311 1177 2412 1224 est.
2440 1167 2577 1223 Nam
2609 1183 2732 1224 cum
2759 1167 3062 1223 orationem
3088 1166 3155 1220 ad
3187 1165 3360 1218 Deum
3391 1159 3648 1219 fudisset,
3675 1169 3772 1210 una

2186 1273 2337 1335 petra
2385 1263 2596 1332 ingens,
2648 1271 2769 1330 qua:
2815 1268 2940 1314 ante
2975 1256 3351 1320 eam'fuerat,
3402 1268 3510 1324 per
3551 1248 3774 1305 medium

2186 1356 2374 1417 scissa,
2401 1352 2548 1408 illam
2578 1353 2630 1408 in
2659 1367 2718 1406 se
2739 1350 3054 1421 recipiebat,
3081 1356 3136 1402 et
3158 1347 3404 1416 undique
3429 1340 3772 1404 concludens,

2187 1443 2422 1499 hostium
2450 1441 2618 1496 furori
2661 1438 2968 1494 resistebat.
3000 1437 3082 1492 Ad
3107 1451 3270 1506 quam
3301 1434 3550 1504 populus
3570 1444 3775 1486 concur-

2189 1550 2335 1598 rens,
2359 1548 2490 1590 cum
2511 1532 2673 1587 vellet
2701 1531 2995 1586 secundum
3020 1527 3233 1598 jussum
3287 1521 3569 1597 principis
3620 1522 3776 1590 ipsum

2188 1626 2420 1697 Lapidem
2442 1626 2741 1685 destruere,
2761 1621 2982 1677 fulmine
3004 1636 3066 1675 ac
3082 1619 3282 1676 tonitru
3311 1615 3547 1672 caelitus
3575 1613 3775 1672 eruissri,

2187 1715 2406 1787 plurimi
2437 1729 2624 1770 eorum
2662 1712 3008 1776 interierunt,
3065 1709 3248 1764 itaut
3273 1708 3386 1761 duo
3436 1703 3614 1758 millia
3643 1710 3779 1756 etse-

2191 1805 2454 1878 ptingenti
2486 1820 2552 1859 ex
2605 1803 2735 1874 ipsis
2766 1801 2946 1856 divino
2992 1799 3199 1870 judicio
3247 1795 3521 1851 exstincti
3577 1792 3784 1854 fuerint,

507 1891 694 1944 movit.
727 1890 895 1959 Quem
940 1903 1162 1964 propter
1197 1895 1571 1953 inﬁdelitatem
1617 1896 1781 1950 animi
1829 1911 2087 1967 corporea
2121 1868 2166 1927 Β
2194 1899 2351 1970 pauci
2373 1912 2503 1952 vero
2529 1896 2626 1966 qui.
2652 1901 3046 1957 remanserant,
3073 1891 3330 1947 conversi
3373 1889 3446 1943 ad
3480 1887 3781 1946 Dominum.

506 1981 747 2037 excitate
795 1999 1112 2054 percussum
1163 1995 1286 2056 post
1339 1988 1658 2059 martyrium
1697 2003 1855 2043 suum
1896 1987 2092 2044 illumi-

503 2073 671 2130 navit.

577 2166 731 2236 Apud
759 2167 1224 2239 Thessalonicam,
1261 2183 1462 2230 saneta:
1490 2174 1750 2231 Matronae
1775 2194 1790 2230 :
1815 2190 1935 2246 qum
1968 2192 2092 2232 cum

507 2265 653 2312 esset
700 2257 961 2316 Plautina:
1011 2261 1288 2331 cujusdam
1336 2265 1512 2318 vidua:
1549 2265 1742 2321 ancilla
1786 2274 1843 2322 et
1881 2267 2093 2323 occulte

503 2347 778 2404 Christum
814 2352 1018 2419 colens,
1043 2355 1283 2423 quotidie
1319 2355 1535 2412 furtivis
1555 2358 1901 2414 orationibus
1925 2359 2092 2415 eccle-

507 2445 642 2497 siam
695 2441 1086 2512 frequentaret,
1139 2447 1475 2516 deprehensa
1525 2464 1555 2502 a
1602 2449 1822 2503 domina
1873 2464 1990 2514 sua,
2039 2450 2093 2505 in

509 2550 734 2590 scamno
757 2543 978 2614 extenta
1005 2547 1168 2606 atque
1204 2537 1388 2608 ligata,
1416 2548 1470 2594 et
1500 2555 1637 2608 pene
1664 2555 1837 2611 usque
1857 2540 1924 2595 ad
1955 2556 2096 2595 mor-

514 2637 620 2681 tem
664 2625 952 2697 ﬂagellata,
999 2637 1162 2697 atque
1192 2630 1370 2684 vincta
1417 2630 1467 2684 in
1517 2644 1761 2696 scamno,
1798 2631 2096 2702 obsignatis

511 2715 925 2785 diligentissime
958 2715 1142 2784 januis
1167 2733 1265 2787 per
1290 2727 1506 2774 noctem
1550 2719 1758 2788 relicta,
1792 2721 1877 2776 die
1922 2721 2095 2776 altera

509 2804 770 2862 divinitus
813 2806 1009 2872 soluta,
1059 2816 1115 2863 et
1154 2823 1276 2863 cum
1323 2808 1527 2880 ingenti
1571 2809 1684 2864 oris
1727 2810 1902 2879 gratia
1931 2825 2097 2865 orans

513 2898 729 2952 inventa
785 2908 886 2954 est.
934 2899 1284 2970 Rursumque
1337 2901 1522 2957 crudis
1567 2901 1752 2958 nervis
1803 2903 1857 2958 in
1904 2901 2096 2958 eodem

509 3004 732 3045 scamno
761 2991 1080 3056 constricta,
1123 3002 1179 3047 et
1221 2992 1354 3047 loris
1393 3007 1676 3063 quousque
1698 2993 2099 3070 obmutesceret

511 3095 672 3146 caesa,
708 3081 887 3152 ibique
932 3097 1030 3151 per
1080 3082 1314 3137 triduum
1359 3083 1661 3152 obsignatis
1694 3084 1878 3154 januis
1902 3093 1985 3138 est
2014 3099 2100 3139 re—

509 3172 656 3228 licta.
685 3173 854 3229 Facta
879 3185 1060 3229 autem
1085 3175 1172 3230 die
1201 3176 1380 3242 tertia,
1409 3178 1608 3231 iterum
1639 3177 1898 3234 divinitus
1921 3177 2096 3234 soluta

509 3275 567 3322 et
589 3281 754 3322 orans
785 3267 1001 3322 inventa
1031 3276 1136 3323 est.
1177 3266 1330 3324 Tunc
1362 3270 1609 3327 robustis
1655 3269 1886 3327 fustibus
1923 3286 2098 3342 usque

513 3357 580 3410 ad
609 3367 836 3411 mortem
865 3373 1004 3413 caesa
1046 3366 1150 3414 est.
1201 3358 1257 3414 In
1297 3358 1644 3416 confessione
1687 3361 1891 3418 Christi
1923 3354 2100 3420 incer-

513 3456 727 3516 ruptum
766 3448 1017 3517 spiritum
1044 3449 1298 3504 reddidit.

586 3539 641 3592 In
670 3537 1004 3605 Nicomedia,
1029 3539 1180 3595 Lucii
1211 3542 1449 3612 episcopi
1476 3551 1531 3598 et
1558 3545 1834 3615 martyris.

583 3627 933 3700 Carthagine,
965 3630 1136 3696 Pauli,
1167 3630 1456 3688 Salutaris.

583 3719 714 3774 Item
746 3721 1064 3787 Alexandri,
1094 3723 1402 3794 Theophili.

589 3811 726 3868 XVII
758 3813 893 3868 KAL.
921 3813 1111 3870 APRIL.
1143 3845 1212 3855 —-
1241 3815 1446 3881 Romm,
1465 3816 1679 3888 Cyriaci
1713 3819 1986 3890 martyris,
2009 3819 2102 3888 qui

519 3921 549 3957 a
576 3903 738 3958 beato
767 3904 1020 3960 Marcello
1043 3921 1178 3976 papa
1208 3907 1468 3962 diaconus
1490 3906 1772 3962 ordinatus
1797 3908 1958 3962 simul
1978 3923 2100 3967 cum

518 3993 759 4048 Sisinnio
808 3995 978 4050 multa
1028 3995 1296 4051 mirabilia
1346 3996 1474 4052 fecit
1525 3997 1625 4052 sub
1672 3997 2006 4053 Diocletiano
2050 4007 2105 4054 et

517 4085 844 4142 Maximiano
891 4087 1327 4156 imperatoribus,
1377 4097 1433 4142 et
1458 4088 1732 4145 daemones
1761 4091 1829 4146 ab
1867 4090 2106 4146 obsessis

518 4177 840 4247 corporibus
866 4178 1097 4248 expulit,
1125 4187 1181 4233 et
1210 4188 1329 4250 post
1365 4181 1531 4235 multa
1555 4196 1619 4237 ac
1645 4182 1810 4236 nimia
1833 4192 2104 4239 tormenta

517 4283 638 4336 qua:
682 4269 941 4338 pertulit,
990 4271 1286 4327 novissime
1332 4287 1432 4343 per
1474 4273 1794 4344 Carpasium
1841 4277 2104 4333 vicarium

511 4358 667 4427 jussu
698 4359 1011 4416 Maximiani
1041 4362 1340 4418 decollatus
1367 4371 1473 4417 est.

589 4450 646 4504 In
675 4451 982 4525 Aquilegia,
1012 4454 1222 4510 Hilarii.

588 4541 645 4596 In
681 4541 1015 4612 Nicomedia,
1040 4545 1306 4624 Castoris,
1336 4549 1576 4621 Dionysii
1600 4559 1657 4605 et
1678 4547 1874 4606 Nonni.

589 4637 646 4689 ln
672 4637 901 4704 Graecia,
933 4639 1195 4710 Cyriacm,
1224 4642 1482 4710 Florentii
1505 4653 1561 4716 et
1581 4641 1814 4698 Joviani.

590 4725 708 4780 XVI
733 4727 867 4782 KAL.
905 4729 1095 4784 APRIL.
1123 4762 1192 4773 —
1219 4731 1278 4787 ln
1317 4733 1599 4805 Aquilegia
1642 4733 1825 4803 Largi,
1863 4732 2102 4799 Tatiani,

517 4819 742 4874 Catonis
765 4829 822 4875 et
845 4820 1044 4876 Dativi.

594 4908 804 4975 Romae,
835 4909 1128 4966 Alexandri
1158 4913 1395 4983 episcopi
1424 4925 1480 4972 et
1507 4915 1768 4971 Theoduli
1798 4914 2030 4972 diaconi.

591 4998 650 5052 In
679 4998 860 5054 Scotia
893 4999 1148 5057 nativitas
1177 5006 1346 5059 sancti
1373 5005 1590 5062 Patricii
1610 5007 1868 5077 episcopi,
1893 5008 2112 5063 natione

522 5089 804 5158 Britanni,
853 5093 948 5162 qui
1002 5093 1057 5147 in
1110 5093 1364 5150 Hibernia
1420 5097 1592 5150 insula
1645 5097 1823 5152 Sectis
1874 5099 2107 5167 primum

523 5182 906 5235 evangelimvir
1188 5187 1216 5194 ’
1591 5189 1602 5194 ‘
1652 5189 1672 5204 '
1807 5190 1872 5210 ἠν

1890 5191 2002 5220 “hu:
2056 5199 2105 5228 μη

2124 3220 2171 3282 C

2195 1989 2250 2044 in
2276 1987 2584 2044 Christiana
2616 1985 2876 2057 religione
2909 1989 3352 2056 permanserunt.

2265 2080 2468 2135 Eodem
2508 2079 2596 2134 die
2649 2075 2904 2133 nativitas
2957 2082 3159 2129 sanctae
3197 2067 3503 2127 Gertrudis
3553 2065 3783 2136 virginis,

2194 2172 2263 2226 dc
2297 2172 2454 2240 cujus
2498 2166 2773 2223 miraculis
2806 2165 2910 2220 hoc
2934 2162 3378 2222 celeberrimunt
3417 2157 3616 2220 fertur,
3657 2153 3782 2222 quod

2195 2278 2316 2317 cum
2346 2262 2398 2316 in
2445 2260 2536 2314 dies
2573 2258 2768 2312 natalis
2810 2257 2929 2327 ejus
2953 2255 3199 2325 quaedam
3232 2267 3375 2306 anus
3407 2263 3587 2320 nuper
3615 2260 3795 2300 manas

2194 2356 2419 2410 sterium
2482 2351 2728 2422 ingressa
2797 2355 3018 2420 propter
3076 2345 3464 2400 imminentem
3523 2334 3787 2394 Paschalis

2196 2443 2318 2500 festi
2342 2439 2801 2514 propinquitatem
2851 2435 3116 2509 jejunium
3151 2433 3370 2490 solvere
3398 2431 3524 2501 cogi
3575 2443 3680 2483 non
3705 2437 3787 2495 po-

2197 2536 2385 2601 tuerit,
2419 2534 2529 2589 tilia
2564 2533 2734 2604 ipsius
2783 2532 2850 2586 ad
2882 2528 3239 2586 hauriendam
3290 2539 3499 2594 aquam
3541 2522 3609 2576 de
3640 2527 3788 2590 puteo

2195 2629 2417 2685 claustri
2443 2628 2668 2690 directa,
2689 2625 2853 2681 sediu
2878 2623 3127 2679 eumdem
3157 2621 3277 2691 ipsa
3298 2617 3559 2674 demersa
3589 2620 3788 2668 marina

2196 2731 2462 2786 extracta,
2495 2719 2706 2775 meritis
2757 2726 2962 2773 sanctae
3008 2713 3243 2786 virginis
3284 2709 3640 2781 resuscitata,

2198 2816 2345 2872 dium
2375 2827 2478 2868 non
2507 2809 2678 2867 solum
2713 2808 2895 2872 matri,
2927 2805 3022 2862 sed
3059 2813 3116 2860 et
3141 2809 3362 2858 cunctae
3387 2795 3790 2869 congregationi

2199 2908 2266 2963 ad
2314 2905 2590 2961 cumulum
2647 2899 3009 2958 solemnitatis
3059 2897 3118 2952 S.
3149 2893 3378 2950 Patricii
3424 2899 3592 2960 atque
3638 2885 3793 2954 ipsius

2199 2998 2479 3056 Certruda:
2505 3011 2601 3052 sua
2636 2991 3051 3065 recuperatioue
3082 2985 3476 3060 triplieaverit.

2215 3119 2218 3125 -
2272 3091 2368 3147 XV
2419 3090 2554 3145 Kac.
2595 3087 2784 3142 APRIL.
2833 3116 2904 3126 -—
2950 3082 3215 3138 Nativitas
3274 3076 3456 3134 sancti
3505 3069 3792 3130 Alexandri

2201 3183 2458 3254 episcopi.
2487 3181 2586 3249 Qui
2634 3180 2702 3234 de
2746 3175 3086 3248 Cappadocia
3129 3173 3360 3229 civitate
3399 3184 3502 3224 sua
3552 3168 3792 3225 veniens,

2201 3287 2326 3330 eum
2373 3269 2643 3328 desiderio
2707 3275 3017 3324 sanctorum
3071 3264 3320 3321 locorum
3366 3256 3794 3326 Hierosolymam

2201 3375 2474 3437 pergeret,
2503 3371 2557 3418 et
2581 3362 2872 3419 Narcissus
2900 3359 3184 3430 episcopus
3223 3353 3474 3424 ejusdem
3511 3349 3669 3404 urbis
3689 3347 3792 3415 jam

2202 3474 2369 3516 senex
2397 3465 2610 3529 regeret
2633 3454 2958 3518 Ecclesium,
2989 3460 3043 3506 et
3082 3449 3187 3521 ipsi
3232 3446 3497 3502 Narcisso
3521 3452 3581 3499 et
3617 3440 3793 3496 multis

2203 3551 2526 3606 clericorum
2562 3545 2678 3617 ejus
2703 3545 3004 3600 revelatum
3025 3550 3108 3598 est
3136 3541 3314 3596 altera
3369 3538 3464 3593 die
3512 3550 3676 3590 mane
3723 3533 3795 3586 in.

2206 3653 2354 3699 trare
2381 3639 2696 3710 episcopum
2717 3678 2733 3702 ,
2765 3637 2858 3708 qui
2888 3634 3104 3704 adiutor
3129 3629 3494 3689 sacerdotalis
3531 3623 3802 3698 catheer

2204 3749 2324 3789 esse
2367 3731 2608 3788 deberet.
2652 3731 2836 3800 Itaque
2875 3743 2933 3784 re
2977 3728 3050 3782 ita
3093 3724 3364 3795 completa
3423 3731 3488 3776 ut
3544 3718 3794 3791 praedicta

2205 3820 2402 3882 fuerat,
2453 3811 2669 3872 cunctis
2717 3817 2770 3871 in
2809 3814 3098 3870 Palaestina
3146 3812 3201 3868 in
3232 3823 3402 3865 unum
3439 3802 3793 3877 congregatis,

2206 3909 2488 3966 adnitente
2535 3907 2621 3962 vel
2673 3906 2910 3961 maxime
2961 3902 3240 3969 Narcisso,
3295 3895 3800 3967 Hierosolymitana

2206 3999 2448 4057 ecclesiae
2505 4013 2628 4054 cum
2671 4012 2736 4054 eo
2787 3993 3212 4068 gubernaculum
3254 3989 3528 4058 suscepit.
3594 3985 3789 4053 Quique

2206 4091 2583 4163 persecutione
2630 4088 2777 4143 Decii
2827 4103 2950 4143 cum
2990 4084 3103 4154 jam
3132 4083 3396 4153 longaevae
3433 4079 3624 4136 aetatis
3655 4088 3795 4130 vene-

2211 4183 2378 4238 randa
2403 4181 2603 4237 canitie
2624 4177 2989 4250 prmful’geret,
3009 4177 3201 4231 ductus
3225 4171 3579 4234 Caesaream,
3602 4176 3658 4223 et
3672 4164 3798 4220 chl-

2207 4287 2302 4329 sus
2331 4285 2576 4335 carcere,
2603 4270 2672 4324 ob
2693 4267 3092 4324 confessionem
3120 4261 3330 4318 Christi
3361 4259 3642 4329 martyrio
3662 4268 3796 4311 core-

2211 4373 2372 4420 natus
2390 4371 2494 4417 εει.

2279 4455 2335 4510 In
2363 4451 2712 4517 Alexandria,
2751 4447 2975 4519 Collegii
3007 4456 3060 4504 et
3092 4445 3268 4517 Colyti
3309 4443 3696 4499 diaeonomm.

2135 4573 2184 4633 ι)
2281 4546 2337 4602 in
2362 4543 2698 4609 Nicomedia,
2733 4541 2935 4633 Aprilis
2961 4550 3019 4633 et
3041 4537 3278 4633 Servuli.

2282 4637 2339 4694 In
2367 4635 2689 4706 Campania,
2721 4632 2932 4701 Quinti,
2959 4629 3150 4700 Rogati
3184 4636 3239 4683 et
3265 4627 3554 4702 ingenuae.

2280 4729 2336 4783 ln
2363 4726 2707 4790 Mauritania,
2733 4722 3002 4778 Timothei
3030 4729 3085 4776 et
3106 4718 3305 4774 Saltim.

2285 4817 2400 4875 XIV
2442 4818 2577 4872 Kac.
2601 4817 2789 4871 APRIL.
2826 4843 2899 4856 —-
2927 4811 3081 4882 Apud
3137 4809 3508 4865 Pinarensem
3557 4805 3793 4876 [Pinneov

2214 4907 2351 4981 sem]
2379 4909 2590 4971 urbem,
2637 4905 2781 4960 beati
2827 4900 3072 4964 Joannis,
3107 4911 3318 4966 magna:
3348 4893 3672 4951 sanctitatis
3691 4889 3793 4981 viri.

2217 5001 2318 5068 Qui
2334 4979 2413 5056 fde
2443 4997 2600 5070 Syria
2621 4996 2883 5069 oriundus
2905 4991 3154 5078 pervenit
3177 4989 3246 5044 ad
3267 4987 3518 5043 Italiam.
3544 4993 3602 5040 et
3630 4979 3796 5078 angelo

2214 5093 2332 5158 Dei,
2376 5106 2484 5146 non
2515 5090 2676 5160 longe
2702 5088 2770 5144 ab
2795 5086 2985 5146 eadem
3012 5071 3149 5138 urbe
3197 5080 3379 5136 locum
3411 5071 3796 5148 permansionis

2215 5186 2317 5238 sibi
2349 5184 2776 5234 demonstrante.
2806 5179 2899 5231 sed
2926 5184 2982 5224 et
3009 5189 3042 5226 a
3067 5171 3426 5225 venatoribus
3449 5167 3653 5225 Mentis
3677 5175 3796 5218 tem-
