4046 6424
212 358 351 419 1057

1212 360 1841 420 MARTYROLOGIUM.
1882 348 1951 404 έ-
1990 360 2195 418 MENS.
2240 361 2455 417 MART.

3346 359 3483 417 1058

277 470 339 526 ιιι
364 468 611 525 Caesarea
640 467 1014 540 Cappadocim,
1044 469 1312 527 Theodori
1348 473 1646 543 presbyteri
1679 487 1802 527 sau-
1833 477 1878 536 Α
1907 471 2227 539 Victoriani,
2256 470 2555 525 Frumentii
2600 479 2652 527 et
2683 470 2905 531 alterius
2935 473 3234 531 Prumentii
3265 484 3321 532 et
3343 476 3482 531 duo-

209 560 286 617 cti
315 570 369 616 et
391 560 487 631 pii.

278 656 339 709 ln
370 652 575 719 Africa,
633 653 836 719 Basszc,
891 652 1129 722 Lucillae,
1178 655 1432 712 Fusciani
1460 666 1520 711 et
1566 637 1793 711 aliorum

208 748 527 804 multorum.

280 841 399 898 Xlll
435 840 567 896 KAL.
604 840 1029 912 Armt..—Apud
1078 841 1356 907 Colossos,
1387 842 1649 913 Archippi
1681 841 1794 911 epi-

208 934 386 1003 scopi,
415 931 798 988 commilitonis
822 930 965 986 beati
997 932 1223 1002 apostoli
1251 931 1425 987 Pauli.

281 1024 339 1079 ln
372 1022 681 1087 Antiochia,
714 1022 886 1076 sancti
926 1021 1148 1092 Josepb.

284 1114 338 1169 In
368 1114 544 1186 Syria,
577 1112 748 1177 Pauli,
776 1112 984 1183 Cyrilli,
1030 1113 1277 1184 Eugenii,
1312 1113 1647 1185 Serapionis,
1671 1113 1792 1168 Vic-

208 1203 368 1262 torici
400 1212 453 1257 et
472 1203 720 1257 aliorum.

280 1295 337 1349 ln
369 1293 674 1359 Britannia,
709 1294 882 1350 sancti
909 1294 1192 1359 Cudberti,
1218 1295 1310 1365 qui
1354 1310 1421 1350 ex
1466 1297 1793 1352 anachoreza

210 1383 466 1439 Ecclesia:
495 1383 949 1440 Lindisfernensis
978 1385 1227 1450 antistes,
1255 1393 1423 1441 totam
1472 1386 1541 1440 ab
1570 1388 1793 1441 infantia

208 1490 384 1545 usque
412 1474 480 1530 ad
507 1476 716 1530 senium
738 1476 903 1531 vitam
931 1476 1315 1532 miraculorum
1338 1478 1505 1549 signis
1538 1478 1792 1550 inclytam
1836 1532 1839 1537 λ

209 1567 383 1620 duxit.
414 1566 581 1636 Cujus
610 1564 737 1620 dum
774 1567 1024 1621 undecim
1074 1582 1244 1622 annos
1300 1577 1551 1623 maneret
1600 1582 1795 1637 corpus

209 1658 511 1723 humatum,
541 1657 917 1726 incorruptum
949 1666 1072 1728 post
1100 1658 1236 1723 haec,
1258 1658 1415 1729 quasi
1441 1660 1629 1713 eadem
1659 1660 1791 1713 hora

206 1750 545 1818 defunctum,
602 1749 763 1803 simul
808 1764 931 1805 cum
962 1760 1112 1807 veste
1143 1767 1249 1822 qua
1290 1753 1571 1823 tegebatur
1605 1753 1793 1807 inven-

1900 583 2019 622 rum
2043 582 2450 639 germanorum;
2481 568 2570 636 qui
2616 582 2806 625 omnes
2839 573 3214 640 persecutione
3243 570 3484 625 Wanda-

1896 656 2020 719 lica,
2055 657 2154 711 sub
2182 656 2416 712 Henrico
2440 655 2794 729 [llunnerico]
2828 673 2951 728 rege
2979 659 3199 723 Ariano,
3233 675 3330 729 pro
3349 674 3484 714 con-

1895 744 2090 805 stantia
2124 746 2407 802 catholica:
2434 747 2791 802 confessionis
2821 748 3233 805 immanissimis
3278 749 3486 820 suppli-

1896 837 1996 892 ciis
2023 836 2346 902 excruciati,
2400 837 2616 909 egregie
2664 839 2910 905 coronati
2960 848 3086 895 sunt
3137 841 3189 895 in
3241 841 3485 910 partibus

1894 926 2109 983 Africae.

1967 1019 2096 1073 Item
2131 1020 2180 1073 in
2210 1018 2414 1084 Africa,
2454 1018 2655 1074 Fidelis
2686 1028 2741 1074 et
2764 1019 2991 1075 aliorum
3019 1021 3229 1092 viginti.

1969 1108 2023 1163 ln
2054 1109 2363 1176 Antiochia,
2391 1109 2663 1164 Theodori
2694 1111 3020 1182 presbyteri.

1966 1199 2021 1252 In
2062 1199 2326 1264 Cazsarea,
2351 1200 2563 1254 Acbatii
2591 1209 2645 1255 et
2671 1200 2984 1257 Alexandri.

1966 1289 2039 1344 1X
2075 1289 2208 1344 KAL.
2238 1292 2428 1344 APRIL.
2452 1322 2520 1330 —
2546 1291 2602 1346 lu
2624 1291 2831 1359 Africa,
2856 1294 3070 1365 Agapili
3094 1304 3147 1348 et
3179 1294 3408 1350 Romuli.

1966 1382 2021 1436 lu
2054 1382 2398 1449 Mauritania,
2429 1382 2746 1450 Seeunduli,
2781 1384 2985 1450 Veruli,
3041 1386 3258 1451 Felicis,
3297 1387 3482 1443 Satur-

1899 1473 2008 1527 nini
2038 1482 2091 1527 et
2124 1473 2351 1528 aliorum
2383 1473 2699 1528 multorum.

1951 1564 2182 1630 Romae,
2209 1563 2266 1619 S.
2298 1563 2560 1635 Pigmeuii
2595 1565 2918 1637 presbyteri.
2953 1566 3003 1621 ls
3028 1566 3304 1622 lulianum
3350 1584 3483 1639 apo-

1896 1667 2092 1713 sialam
2119 1666 2173 1711 et
2200 1656 2423 1725 impium
2454 1672 2483 1710 a
2525 1673 2694 1727 puero
2716 1659 2961 1724 nutrivit,
3010 1668 3063 1713 el
3106 1659 3300 1716 litteris
3322 1663 3485 1715 etiam

1898 1750 2070 1802 sacris
2097 1747 2348 1801 erudivit.
2381 1746 2481 1814 Qui
2519 1747 2693 1803 factus
2724 1749 3040 1817 imperator,
3074 1750 3343 1803 culturam
3373 1750 3489 1819 pie—

209 1849 321 1893 tum
352 1848 454 1911 est.
491 1839 694 1894 Scribit
727 1840 790 1895 S.
844 1839 988 1895 Beda
1048 1843 1330 1913 presbyter
1377 1842 1431 1896 in
1489 1842 1670 1897 libello
1726 1843 1793 1898 de
1829 1830 1865 1885 Ιῖ
1897 1838 2024 1893 tatis
2071 1840 2403 1908 relinquens,
2457 1840 2642 1895 audito
2692 1842 2835 1910 quod
2888 1857 3117 1912 corpora
3172 1852 3487 1898 sanctorum

208 1931 329 1987 \‘ita
356 1932 546 2001 ipsius.

278 2024 371 2078 Xll
398 2024 529 2079 ΚΑι.
560 2025 833 2079 Αιιιιιι..-
855 2026 1011 2097 Apud
1050 2026 1457 2093 Alexandriam,
1488 2028 1658 2082 sancti
1694 2026 1791 2083 Se-

207 2118 450 2187 rapionis
475 2118 745 2173 monachi.
1172 2114 1175 2119 ⁴

278 2207 410 2262 ltem
435 2206 677 2279 Josephi,
706 2207 997 2273 Volutiani,
1028 2207 1310 2264 Philocali.

277 2303 430 2372 Apud
480 2310 718 2357 castrum
764 2301 1047 2357 Cassinum
1080 2302 1472 2356 Beneventanze
1524 2301 1787 2366 civitatis,

210 2394 387 2449 sancti
413 2394 687 2448 Benedicti
718 2394 954 2461 abbatis.
983 2396 1148 2465 Cujus
1196 2396 1385 2460 vitam,
1434 2396 1719 2452 virtutibus
1740 2408 1795 2451 et

206 2482 485 2537 miraculis
531 2482 841 2554 gloriosam,
894 2484 947 2538 in
1002 2484 1349 2555 Dialogorum
1396 2485 1550 2540 libris
1599 2485 1791 2541 beatus

205 2588 346 2644 papa
377 2573 567 2628 scribit
619 2572 937 2644 Gregorius.
984 2575 1153 2642 Quem
1187 2577 1349 2630 etiam
1399 2576 1635 2647 regulam
1676 2594 1793 2631 mo-

204 2664 504 2718 nachorum
536 2679 657 2717 cum
686 2681 879 2735 magna
913 2668 1238 2722 discretione
1275 2675 1326 2721 et
1372 2666 1646 2723 luculento
1672 2684 1791 2723 ser-

202 2770 365 2811 mone
395 2754 676 2826 scripsisse
714 2758 1076 2811 commendat.

277 2845 335 2899 lu
370 2846 637 2901 territorio
672 2846 1037 2919 Lugdunensi,
1066 2849 1238 2905 sancti
1286 2849 1531 2921 Lupicini
1580 2849 1791 2907 abbatis

205 2938 537 2994 Virensium.
565 2940 666 3007 Qui
696 2957 820 2996 cum
857 2943 1027 2997 fratre
1059 2945 1304 3001 Romano
1331 2954 1452 3016 post
1495 2947 1765 3002 auacbore

203 3030 368 3084 ticam
398 3032 585 3096 vitam,
611 3048 774 3101 quam
820 3034 886 3087 ab
934 3034 1298 3091 adolescentia
1351 3038 1784 3093 austeriSsimam

200 3122 489 3201 duxerant,
524 3122 779 3178 fundator
810 3127 1259 3182 monasteriorum
1312 3137 1367 3183 et
1410 3139 1592 3184 rector
1621 3131 1790 3184 exsti-

203 3211 271 3266 tit
297 3211 619 3275 animarum,
654 3222 882 3283 uterque
935 3232 1066 3271 vero
1096 3216 1319 3272 effector
1377 3219 1785 3273 miraculorum.

200 3301 448 3372 Cumque
499 3314 619 3371 post
661 3319 863 3376 agones
908 3307 1193 3375 plurimos,
1227 3323 1365 3377 quos
1394 3319 1582 3363 contra
1607 3309 1793 3363 diabe-

204 3393 314 3447 lum
338 3404 392 3447 et
420 3395 639 3466 angelos
691 3396 808 3466 ejus
860 3398 1144 3453 visibiliter
1173 3398 1597 3469 desudaverunt,
1629 3409 1793 3470 atque

202 3484 453 3537 militiam
487 3500 647 3554 quam
697 3486 916 3542 Christo
938 3503 1037 3558 per
1071 3505 1242 3544 annos
1270 3489 1533 3561 plurimos
1566 3490 1794 3546 fideliter

205 3573 586 3642 impenderunt
640 3577 800 3631 finem
850 3578 953 3632 sibi
1011 3578 1255 3634 laborum
1306 3590 1360 3635 et
1391 3582 1791 3651 perceptionem

202 3665 548 3734 prazmiorum
599 3669 1033 3738 appropinquare
1088 3682 1497 3742 cognoscerent,
1553 3672 1794 3727 decrevit

202 3755 498 3824 Lupicinus
528 3767 587 3812 ut
611 3758 665 3812 in
699 3762 973 3831 remotiori
1006 3762 1315 3818 solitudinis
1366 3766 1694 3818 monasterio
1738 3766 1793 3819 in

204 3860 316 3900 uno
342 3847 707 3902 conderentur
735 3850 1003 3920 sepulcro.
1050 3851 1201 3919 Quod
1230 3853 1531 3919 Romanus,
1568 3855 1658 3924 qui
1694 3856 1797 3910 mi-

206 3942 365 3996 tioris
406 3952 526 3997 erat
584 3945 804 4014 ingenii,
858 3946 1053 4000 intuitu
1089 3947 1307 4015 pietatis
1338 3947 1602 4013 abnuens,
1643 3948 1794 4001 salva

206 4034 470 4089 charitate
494 4036 805 4104 impetravit
840 4038 907 4093 ab
939 4053 1006 4093 eo
1028 4048 1107 4103 ut,
1144 4038 1262 4109 ipso
1291 4036 1357 4092 ad
1387 4039 1651 4093 tutionem
1687 4040 1794 4092 fra-

208 4135 349 4183 trum
375 4128 426 4182 in
454 4130 785 4185 monasterio
811 4130 1091 4195 tumulato,
1124 4146 1184 4186 se
1223 4131 1291 4186 ad
1339 4130 1636 4186 remedium
1663 4146 1795 4198 pau-

208 4234 396 4289 perum
425 4228 478 4272 et
510 4219 744 4274 maxime
776 4218 1097 4274 feminarum
1146 4220 1489 4275 incommodo
1543 4219 1797 4275 laborau-

210 4310 365 4371 tium,
396 4308 449 4362 in
480 4310 719 4363 oratorio
746 4309 811 4363 ad
845 4310 1130 4365 introitum
1174 4310 1367 4365 salutis
1414 4310 1541 4380 poni
1590 4322 1796 4379 patere-

210 4408 316 4453 tur.
343 4398 495 4466 Quod
519 4416 641 4455 cum
670 4401 842 4469 primo
872 4402 944 4455 ita
982 4401 1185 4457 factum
1232 4401 1448 4466 fuisset,
1481 4418 1624 4456 nunc
1668 4419 1792 4457 cor-

209 4506 308 4560 pus
341 4490 398 4543 B.
433 4488 713 4561 Lupicini,
747 4492 1012 4546 incertum
1044 4508 1110 4546 ex
1153 4507 1257 4562 qua
1300 4507 1485 4558 causa,
1516 4491 1567 4546 in
1600 4493 1795 4549 finibus

195 4580 598 4662 ﬁVesontionum
620 4583 760 4651 apud
791 4582 1102 4638 Laconense
1127 4583 1517 4638 monasterium
1550 4583 1792 4639 celeber-

209 4672 347 4726 rime
384 4671 781 4741 frequentatur.

196 4746 203 4851 ξ
282 4764 351 4819 XI
379 4764 513 4821 ΚΑι.
542 4766 733 4820 APRIL.
761 4798 831 4807 —
862 4767 1018 4835 Apud
1074 4765 1381 4821 Narbonem
1431 4767 1730 4833 civitatem,
1766 4783 1796 4822 a

192 4864 314 4925 iqua
342 4853 512 4909 Gallia
546 4855 913 4913 Narbonensis
944 4874 1141 4912 nomen
1184 4858 1497 4929 assumpsit,
1542 4860 1797 4915 nativitas

208 4947 269 5003 S.
303 4946 475 5012 Pauli,
506 4963 665 5016 quem
691 4949 835 5003 beati
876 4950 1102 5019 apostoli
1134 4950 1441 5005 ordinatum
1473 4950 1647 5005 eidem
1678 4952 1795 5005 urbi

210 5041 525 5110 episcopum
548 5041 885 5096 direxerunt.
916 5044 1085 5109 Quem
1105 5044 1587 5099 traduntcumdem
1621 5044 1794 5113 ipsum

212 5136 379 5188 fuisse
434 5132 684 5204 Sergium
737 5135 957 5190 Paulum
1020 5139 1425 5206 proconsulem,
1458 5139 1633 5193 virmn
1663 5155 1795 5208 pru-

211 5226 451 5292 dentem,
482 5244 511 5280 a
542 5243 648 5297 quo
700 5228 812 5299 ipse
858 5228 1059 5284 Paulus
1106 5232 1387 5299 apostolus
1437 5232 1664 5289 sortitus
1717 5242 1799 5288 est

211 5333 436 5385 nomen,
467 5320 591 5389 quia
624 5319 774 5373 illum
832 5320 955 5375 fidei
1011 5320 1214 5377 Christi
1267 5324 1574 5394 subegerat.
1609 5325 1710 5391 Qui
1744 5326 1796 5380 in

210 5409 407 5464 eadem
464 5410 681 5479 regione
737 5411 1138 5480 praedicationis
1188 5410 1371 5468 ofﬁcio
1416 5429 1521 5469 non
1563 5417 1800 5485 segniter

212 5500 460 5572 impleto,
512 5501 691 5557 clarus
738 5503 1012 5558 miraculis
1042 5502 1387 5575 confessione
1415 5504 1616 5560 Christi
1648 5522 1801 5561 coro-

216 5603 377 5648 natus
400 5584 677 5664 sepelitur.

286 5688 343 5742 lu
372 5687 573 5751 Africa,
599 5688 878 5744 Saturnini
912 5699 961 5744 el
995 5690 1225 5745 aliorum
1260 5706 1471 5745 novem.
1508 5764 1513 5767 _

288 5779 337 5833 Χ
364 5777 496 5833 ΚΑι..
528 5780 716 5835 Arare.
749 5812 817 5821 -—
845 5780 1105 5839 Nativitas
1146 5792 1455 5838 sanctorum
1498 5796 1795 5852 martyrum

1897 1937 2195 2001 martyrum
2226 1934 2317 2000 qui
2368 1930 2437 1983 ab
2486 1946 2551 1985 eo
2584 1931 2921 1986 necabantur
2976 1933 3117 1988 idem
3172 1933 3487 2004 Pigmeuius

1894 2019 2167 2088 sepeliret,
2216 2021 2492 2075 mandavit
2520 2022 2569 2075 ei
2602 2039 2613 2074 :
2648 2038 2665 2071 ι
2703 2021 2872 2092 Perge
2923 2038 3031 2092 quo
3081 2023 3183 2088 vis,
3225 2026 3311 2078 hic
3339 2025 3485 2079 enim

1894 2129 2001 2168 non
2030 2114 2362 2169 mercabitur
2385 2113 2495 2168 vita
2539 2123 2647 2167 tua.
2684 2114 2885 2168 Tamen
2942 2114 3044 2170 hoc
3088 2116 3330 2171 servitiis
3378 2117 3487 2171 tuis

1896 2208 2083 2272 reddo,
2110 2222 2215 2261 non
2242 2207 2360 2262 tibi.
2398 2226 2415 2259 ι
2452 2206 2603 2262 Tune
2659 2206 2717 2261 S.
2773 2206 3084 2278 Pigmenius
3132 2207 3373 2277 perrexit
3417 2209 3487 2262 ad

1893 2298 2191 2354 Persidem.
2223 2298 2467 2368 Cumque
2493 2307 2729 2369 quatuor
2756 2314 2970 2353 menses
2999 2315 3251 2355 reversus
3281 2300 3483 2355 clivuin

1894 2389 2074 2446 Sacrae
2090 2392 2189 2444 vim
2212 2407 2334 2445 eum
2366 2407 2473 2446 uno
2514 2407 2683 2461 puero
2714 2391 2911 2460 stipem
2957 2392 3186 2460 petendo
3216 2406 3483 2447 consecu-

1892 2479 2066 2545 deret,
2099 2480 2296 2535 factum
2328 2492 2411 2536 est
2455 2490 2514 2535 ut
2547 2480 2846 2537 offenderet
2888 2480 3162 2536 lulianum
3195 2483 3487 2551 imperato-

1894 2585 2007 2624 rem
2060 2572 2111 2625 in
2164 2572 2327 2626 rheda
2356 2587 2517 2625 aurea
2564 2571 2866 2625 sedentem.
2903 2572 3005 2638 Qui
3036 2573 3248 2627 eminus
3277 2573 3487 2643 prospi-

1891 2664 2042 2718 ciens
2063 2662 2419 2733 Pigmenium,
2450 2663 2629 2717 vorari
2661 2677 2786 2717 eum
2815 2664 3360 2733 prmrepit,dixitque
3386 2664 3435 2718 ei
3465 2680 3480 2719 :

1899 2770 1915 2801 ‹
1952 2750 2133 2806 Gloria
2168 2752 2290 2817 diis,
2324 2752 2635 2821 deabusque
2688 2753 2845 2817 meis,
2880 2754 3007 2822 quia
3040 2766 3089 2808 te
3122 2755 3298 2809 video.
3336 2771 3358 2808 ι
3386 2754 3487 2812 Cui

1894 2844 1977 2897 vir
2024 2844 2115 2898 Dei
2165 2844 2475 2913 Pigmenius
2528 2842 2671 2899 illico
2730 2845 3053 2914 respondit:
3088 2863 3109 2909 ¹ι
3145 2846 3327 2900 Gloria
3375 2845 3490 2901 Deo

1895 2954 2017 2994 meo
2050 2938 2175 2994 Jesu
2221 2938 2439 2994 Christo
2485 2936 2766 2993 Nazarene
2803 2939 3085 3004 erucifixo,
3140 2941 3266 3009 quia
3316 2950 3370 2996 te
3411 2942 3489 2995 vi-

1894 3032 2013 3087 deo.
2048 3052 2066 3083 ›
2104 3031 2183 3086 Ad
2232 3032 2373 3085 hanc
2426 3046 2611 3084 vocem
2641 3031 2812 3085 iratus
2862 3030 3112 3087 Julianus
3151 3030 3315 3101 jussit
3360 3049 3487 3088 eum

1894 3139 1989 3193 per
2017 3132 2233 3193 pontem
2260 3123 2311 3175 in
2344 3121 2579 3176 Tibezim
2612 3122 2960 3191 praecipitari.
2992 3121 3158 3191 Cujus
3179 3138 3376 3193 corpus
3400 3123 3487 3177 in-

1895 3225 2110 3269 ventum
2160 3224 2215 3270 et
2278 3214 2561 3269 collectum
2621 3214 2890 3283 sepultum
2945 3226 3028 3271 est
3070 3216 3122 3270 in
3171 3216 3487 3271 cmmeterio

1891 3304 2161 3369 Pontiani,
2188 3320 2291 3359 non
2322 3305 2477 3372 longe
2504 3320 2531 3357 a
2558 3304 2763 3358 sanctis
2796 3305 2987 3359 Abdon
3019 3315 3074 3360 et
3104 3304 3342 3361 Sennen.

1964 3396 2073 3451 \‘lll
2100 3396 2231 3451 KAL.
2265 3396 2456 3450 ArnIL.
2482 3425 2551 3433 —
2573 3395 2725 3463 Apud
2754 3395 3030 3450 civitatem
3057 3395 3290 3451 Galilaea:
3312 3395 3488 3452 Naza-

1892 3490 2033 3553 rcth,
2064 3488 2495 3543 annuntiationis
2531 3488 2847 3543 Dominicar.

1964 3579 2129 3632 Extra
2176 3588 2384 3648 portam
2425 3577 2922 3648 Hierosolymorum
2968 3578 3230 3634 Dominus
3295 3591 3487 3636 noster

1890 3668 2046 3725 lesus
2114 3670 2365 3724 Christus
2432 3670 2747 3735 crucifixus,
2822 3670 3035 3725 occulta
3100 3671 3489 3742 prophetarum

1892 3763 2127 3817 maxima
2158 3778 2223 3815 ex
2252 3770 2407 3831 parte
2435 3760 2711 3816 revelavit.

1963 3854 2019 3907 ln
2049 3861 2229 3908 lliOlllc
2253 3852 2471 3907 visionis
2495 3851 2792 3906 immolatio
2823 3850 2995 3908 Isaac.

1962 3945 2093 3999 ltem
2116 3942 2506 4014 Hierosolymis
2528 3943 2709 4013 passio
2736 3942 2794 3997 S.
2824 3941 3008 3998 Jacobi
3039 3942 3224 4000 fratris
3248 3945 3488 4010 Domini,

1894 4038 1985 4106 qui
2013 4038 2063 4091 in
2090 4035 2676 4105 Paschaasolemnitate
2701 4034 2904 4090 Judmis
2929 4035 3203 4091 Christum
3231 4038 3489 4093 testiﬁca-

1898 4140 2005 4197 tus,
2053 4132 2119 4188 de
2150 4129 2333 4200 templi
2365 4138 2449 4184 est
2475 4128 2711 4184 culmine
2741 4128 3113 4199 praecipitatus
3159 4145 3223 4184 ac
3270 4129 3493 4185 fullonis

1895 4232 2050 4279 vecte
2077 4237 2389 4293 percussus.

1968 4316 2159 4371 Romae
2199 4314 2403 4385 Cyrini,
2437 4312 2527 4381 qui
2556 4310 2876 4365 interfectus
2906 4324 2937 4362 a
2975 4308 3200 4363 Claudio
3226 4318 3279 4362 et
3308 4310 3360 4362 in
3390 4308 3483 4362 Τί-

1896 4407 2068 4462 berim
2095 4405 2349 4474 jactatus,
2399 4403 2453 4456 in
2503 4400 2678 4456 insula
2723 4400 2997 4470 Lycaonia
3046 4399 3318 4465 inventus,
3351 4409 3406 4454 et
3434 4401 3492 4453 in

1900 4498 2213 4553 cmmeterio
2249 4493 2498 4549 Pontiani
2531 4492 2782 4547 conditus
2825 4500 2926 4546 est.
2973 4491 3249 4560 Scriptum
3282 4492 3334 4546 in
3365 4508 3488 4561 pas-

1900 4591 2050 4645 sione
2080 4588 2136 4644 S.
2174 4586 2463 4643 Valentini.

1970 4682 2125 4753 Apud
2181 4678 2472 4750 Smyrnam
2534 4676 2846 4748 {Sirmium}
2897 4676 3151 4731 nativitas
3192 4675 3249 4730 S.
3302 4676 3493 4731 lrena‘i

1905 4774 2184 4845 episcopi:
2220 4772 2311 4841 qui
2370 4780 2611 4840 tempore
2662 4767 2973 4822 Maximiani
3023 4767 3366 4838 imperatoris
3388 4770 3492 4822 sub

1906 4865 2133 4937 praeside
2166 4862 2342 4917 Probo
2370 4862 2547 4930 primo
2599 4861 2881 4914 tormentis
2930 4859 3212 4914 acerrimis
3242 4869 3489 4925 vexatus,

1906 4956 2098 5010 deinde
2119 4954 2306 5011 diebus
2326 4950 2575 5020 plurimis
2598 4950 2651 5003 in
2697 4965 2917 5004 carcere
2945 4957 3285 5016 maceratus;
3311 4949 3495 5003 noris-

1896 5044 2033 5100 sime
2053 5044 2295 5099 abscisso
2318 5041 2495 5111 capite
2522 5050 2930 5095 consummatus
2966 5047 3069 5095 est.

1972 5137 2060 5191 Vll
2083 5134 2215 5190 ΚΑι..
2245 5135 2431 5187 Arare.
2467 5131 2756 5197 —Rom:e,
2787 5131 2870 5185 via
2893 5130 3184 5194 Lavicana,
3210 5128 3263 5181 in
3287 5142 3491 5183 cmme-

1908 5231 2047 5286 terio
2081 5228 2341 5297 ejusdem,
2372 5226 2624 5280 nativitas
2656 5222 2713 5279 S.
2756 5221 2981 5278 Castuli.
3022 5220 3122 5287 Qui
3176 5234 3297 5273 cum
3344 5229 3490 5274 esset

1906 5323 2148 5378 notarius
2178 5316 2463 5393 [zctarius]
2498 5315 2684 5386 palatii
2735 5322 2789 5369 et
2824 5314 3022 5381 hospes
3063 5318 3395 5374 sanctorum,
3430 5320 3491 5364 ut

1907 5416 1958 5469 in
2011 5414 2073 5468 B.
2125 5410 2430 5467 Sebastiani
2477 5409 2641 5479 gestis
2692 5406 2905 5476 legitur,
2962 5418 2991 5456 a
3048 5402 3489 5473 persecutoribus

1904 5516 2163 5569 arctatus,
2188 5515 2239 5559 et
2270 5503 2427 5557 tertio
2457 5513 2750 5569 appensus,
2788 5496 2950 5550 tertio
2979 5496 3215 5559 auditus,
3254 5494 3304 5548 in
3352 5509 3486 5548 con-

1904 5598 2137 5655 fessione
2166 5593 2376 5651 Domini
2406 5604 2781 5661 perseverans,
2819 5588 3015 5640 missus
3044 5594 3129 5639 est
3174 5585 3226 5637 in
3258 5583 3483 5647 foveam,

1902 5701 1955 5745 ct
1985 5690 2206 5746 dimissa
2232 5695 2315 5741 est
2351 5697 2513 5751 super
2552 5696 2673 5736 eum
2707 5694 2883 5734 massa
2908 5692 3187 5734 arenaria:
3222 5684 3382 5747 atque
3410 5675 3490 5730 ita

1903 5797 2025 5839 cum
2058 5779 2237 5848 palma
2266 5773 2511 5845 martyrii
2539 5771 2785 5840 migravit
2814 5769 2879 5825 ad
2906 5768 3202 5825 Cltt‘lSiutll.
