4046 6418
540 362 678 426 1059

1446 361 1506 416 B.
1547 350 1851 417 NO'I'KERI
1887 349 2183 413 BALBULI
2223 353 2280 414 S.
2321 355 2528 414 GALLI
2563 347 2869 416 MONACHI

3671 355 3813 418 1060

606 483 809 540 Eodem
833 481 920 539 die
948 479 1088 552 apud
1115 477 1452 549 Pentapolim
1478 478 1684 550 Libyae,
1702 475 1972 532 Theodori
2006 477 2121 546 cpi-
2149 486 2195 542 Α
2225 475 2360 531 dixit
2394 476 2583 532 beatus
2612 475 2919 533 Alexander
2948 494 2961 531 :
3001 496 3018 528 ι
3049 455 3197 533 Tolle
3218 467 3396 534 boiam
3426 479 3494 536 de
3518 477 3665 535 collo
3692 495 3815 537 meo

537 574 707 645 scOpi,
754 573 941 629 Irenazi
988 571 1220 636 diaconi,
1264 568 1574 640 Serapionis
1621 577 1677 624 et
1723 567 1995 622 Ammonii
2044 566 2123 622 le-

540 675 774 734 ctprnm.

607 757 738 813 Item
765 755 905 827 apud
935 754 1244 826 Smyrnium
1279 750 1584 825 [Sirmium]
1610 750 1863 806 nativitas
1888 750 1944 806 S.
1971 750 2120 805 Mon-

539 851 650 905 tani
682 849 1006 921 presbyteri,
1037 848 1126 918 qni
1153 863 1272 901 cum
1312 846 1544 900 Maxima
1577 860 1744 900 uxore
1769 854 1950 900 tentus
1978 853 2034 899 et
2065 845 2118 900 in

539 943 756 998 ﬁuvium
783 942 1152 1013 praecipitatus
1184 948 1286 995 est.
1325 937 1564 1006 Quorum
1608 954 1835 1008 corpora
1866 951 2009 993 nono
2053 937 2121 992 ab

538 1036 670 1090 urbe
699 1033 873 1103 lapide
909 1033 1125 1086 inventa
1153 1038 1298 1086 sunt.

607 1125 674 1181 Vl
702 1123 835 1178 KAL.
864 1123 1052 1177 APRIL.
1099 1151 1156 1160 —
1201 1106 1585 1190 Hierosolymis
1633 1119 1960 1176 resurrectio
2015 1119 2122 1174 Do-‘-

536 1217 666 1272 mini
691 1216 859 1270 nostri
886 1213 1013 1268 Jesu
1043 1213 1267 1268 Christi.

605 1307 664 1362 In
693 1306 896 1371 Africa,
924 1303 1157 1369 Romuli,
1185 1302 1387 1370 Acutii,
1430 1301 1653 1367 Pinarii,
1682 1299 1908 1372 .Missiw,
1952 1299 2124 1354 Matu-

537 1400 662 1455 tinze
681 1407 735 1454 et
766 1399 1020 1452 aliorum.

606 1488 740 1542 Item
771 1485 985 1552 Donati,
1021 1483 1298 1539 Saturnini
1326 1490 1381 1537 et
1406 1481 1676 1535 Martiani.

605 1579 661 1632 ln
721 1577 972 1647 Egypto,
1007 1575 1150 1629 beati
1203 1573 1426 1629 Joannis
1477 1573 1737 1638 eremitre,
1790 1571 2122 1628 admirandae

535 1668 839 1725 sanctitatis
869 1667 990 1721 viri.
1023 1664 1125 1732 Qui
1157 1673 1350 1736 prreter
1373 1663 1540 1718 multa
1569 1661 1825 1718 miracula
1851 1678 1970 1733 quae
1995 1677 2119 1734 ges-

535 1761 625 1826 sit,
659 1759 820 1814 etiaiu
849 1757 1166 1828 prophetico
1196 1755 1388 1826 spiritu
1420 1755 1630 1824 plenus,
1669 1754 1974 1810 Theodosio
2015 1755 2121 1809 im-

2224 577 2280 624 et
2326 569 2541 638 impone
2569 568 2656 625 ei.
2681 588 2700 621 ι
2751 569 2905 637 Quod
2936 585 3058 625 cum
3089 569 3404 626 obedienter
3451 581 3611 643 pater
3648 588 3811 628 exse-

2221 670 2500 732 queretur,
2529 660 2712 716 divino
2736 669 2868 715 nutu
2901 661 3080 715 subito
3109 670 3298 716 sanata
3340 669 3446 716 est.
3497 661 3816 716 Vocabatur

2223 763 2400 808 autem
2429 754 2542 824 ipsa
2565 753 2805 809 Balbina.
2837 757 3016 823 Atque
3039 754 3112 808 ita
3140 763 3298 824 pater
3325 755 3442 824 ejus
3471 754 3827 822 Quirinuset

2210 838 2338 914 ipsa
2373 859 2496 898 cum
2521 843 2790 899 universis
2819 844 2914 915 qui
2940 844 2996 898 in
3025 845 3271 900 custodia
3297 846 3623 900 tenebantur
3644 851 3821 901 omni-

2222 953 2326 1008 que
2366 938 2525 992 domo
2565 952 2662 992 sua
2716 937 3022 1007 baptizatus
3069 945 3170 992 est.
3230 936 3384 1004 Quod
3432 944 3490 989 ut
3538 935 3817 989 nuntiavit

2222 1029 2728 1086 commentariensis
2767 1029 3058 1084 Aureliano
3085 1027 3287 1094 Iudici,
3333 1028 3502 1081 iratus
3541 1025 3713 1094 jussit
3746 1024 3814 1078 ad

2221 1129 2281 1175 se
2302 1119 2491 1174 adduci
2519 1117 2799 1186 Quirinum
2821 1127 2876 1173 et
2902 1119 3036 1173 dixit
3062 1119 3110 1173 ei
3138 1135 3150 1172 :
3183 1135 3202 1168 ‹
3241 1117 3352 1186 Ego
3375 1127 3426 1172 te
3453 1117 3608 1186 quasi
3641 1114 3813 1168 ﬁlium

2221 1211 2407 1266 dilexi.
2433 1211 2511 1265 Tu
2538 1221 2716 1266 autem
2741 1211 2933 1266 irrides
2954 1212 3330 1280 mc,deceptus
3352 1210 3418 1264 ab
3431 1208 3768 1264 Alexandro.
3787 1223 3810 1258 ι

2221 1299 2434 1355 Dixitei
2461 1299 2720 1366 Quirinus
2752 1317 2765 1353 :
2797 1320 2812 1350 I
2848 1299 2961 1371 Ego
2992 1298 3334 1354 Christianus
3362 1314 3480 1353 sum
3514 1297 3718 1362 factus,
3736 1295 3816 1352 vis

2221 1392 2503 1447 occidere?
2534 1393 2616 1446 vis
2666 1392 2970 1463 instigare?
3019 1392 3100 1447 vis
3154 1390 3476 1446 incendere?
3513 1389 3664 1444 aliud
3707 1403 3813 1443 non

2221 1495 2335 1536 ero.
2366 1479 2501 1534 Nam
2535 1494 2724 1536 omnes
2746 1482 2834 1550 qui
2863 1491 3018 1536 erant
3046 1481 3098 1535 in
3130 1489 3349 1535 carcere
3371 1478 3473 1535 feci
3505 1479 3625 1533 ﬁeri
3655 1477 3814 1534 Chri-

2221 1575 2448 1641 stianos,
2473 1583 2528 1628 et
2551 1574 2840 1629 noluerunt
2862 1575 3215 1644 usquam'ire.
3245 1593 3264 1626 ι
3291 1572 3466 1628 Iratus
3485 1571 3816 1627 Aurelianus

2220 1668 2348 1724 fecit
2378 1667 2428 1722 ei
2477 1666 2716 1738 linguam
2764 1666 3029 1733 abscindi,
3062 1665 3254 1721 deinde
3310 1665 3364 1720 in
3411 1663 3647 1735 equuleo
3696 1678 3818 1718 sus-

2221 1761 2402 1832 pendi.
2437 1758 2691 1828 Quidum
2717 1759 2997 1815 Aureliani
3045 1774 3152 1814 non
3181 1758 3400 1814 cederet
3440 1756 3680 1828 injuriis,
3706 1753 3819 1823 jus-

535 1852 770 1924 peratori
821 1849 1286 1907 Cltristianissimo
1345 1847 1597 1904 victorias
1643 1847 1711 1903 de
1769 1857 2120 1920 tyrannorum
2151 1832 2201 1895 Β
2226 1853 2297 1908 sit
2329 1853 2379 1907 ei
2404 1867 2597 1908 manus
2621 1867 2686 1906 ac
2704 1852 2868 1922 pedes
2898 1850 3164 1915 abscindi,
3190 1859 3247 1905 et
3284 1849 3363 1904 sic
3395 1863 3521 1903 eum
3555 1845 3817 1901 decollari

537 1945 874 1998 immanitate
908 1943 1178 2014 praedixit.

611 2035 652 2089 V
682 2035 813 2090 KAL.
845 2035 1035 2089 APRIL.
1065 2064 1131 2074 —-
1154 2033 1308 2104 Apud
1331 2032 1634 2089 Caesaream
1661 2033 1959 2089 Palaestina:
1986 2033 2126 2088 nati-3

534 2129 676 2182 vitas
702 2127 801 2182 SS.
828 2137 1123 2198 martyrum
1146 2125 1340 2190 Prisci,
1377 2125 1570 2180 Malchi
1596 2133 1650 2180 et
1677 2124 1990 2180 Alexandri.
2022 2124 2126 2192 Qui

535 2219 916 2290 persecutione
961 2216 1246 2272 Valeriana
1298 2231 1422 2270 cum
1471 2216 1843 2270 suburbanum
1893 2217 2124 2287 agellum

535 2311 860 2380 supradictae
891 2309 1042 2363 urbis
1089 2307 1417 2371 habitarent,
1449 2315 1612 2374 atque
1665 2307 1716 2359 in
1767 2321 1831 2361 ea
1877 2306 2126 2362 caelestes

537 2402 785 2472 martyrii
831 2407 1259 2471 pr0ponerentur
1287 2413 1521 2464 coronaa,
1553 2397 1736 2453 diviuo
1782 2398 1908 2454 ﬁdei
1947 2399 2127 2454 calore

537 2490 804 2556 succensi,
855 2490 997 2544 ultro
1044 2489 1282 2560 judicem
1315 2489 1600 2553 adeuntes,
1660 2505 1759 2543 cur
1810 2498 2019 2545 tantum
2071 2491 2124 2545 in

537 2579 854 2652 sanguinem
885 2580 1095 2649 piorum
1145 2577 1446 2643 desa'virct,
1483 2577 1790 2649 objurgant.
1842 2579 1990 2647 Quos
2037 2578 2126 2634 ille

537 2672 793 2726 continuo
828 2685 928 2742 pro
969 2669 1173 2726 Christi
1213 2669 1432 2725 nomine
1461 2669 1650 2725 bestiis
1694 2669 1916 2727 tradidit
1960 2671 2122 2726 devo-

537 2765 737 2821 randos

608 2857 760 2911 Item.
805 2895 820 2909 .
860 2894 874 2910 .
918 2895 932 2908 .
975 2891 991 2910 .
1030 2855 1236 2920 Romae,
1264 2852 1430 2924 nyti
1478 2867 1650 2924 papae,
1700 2855 1790 2922 qui
1832 2853 1970 2908 sedit
1999 2860 2124 2908 octo

537 2962 728 3002 annos.
759 2945 808 3001 Is
840 2945 1242 3000 criminatorem
1283 2957 1440 2997 suum
1471 2941 1718 3007 Bassum,
1761 2951 1893 2997 nutu
1941 2943 2125 2999 divino

538 3045 834 3101 mortuum,
862 3035 1111 3090 manibus
1140 3033 1253 3088 suis
1287 3048 1410 3088 cum
1458 3027 1864 3088 linteaminibus
1904 3041 1959 3088 et
1995 3048 2122 3090 aro-

539 3129 774 3182 Iuatibus
803 3136 1058 3190 tractans,
1082 3124 1326 3194 sepelivit
1351 3125 1492 3194 apud
1516 3123 1576 3177 Β.
1608 3123 1848 3178 Petrum.

609 3217 764 3288 Apud
778 3216 1232 3272 Cabilloueusium
1248 3215 1544 3279 civitatein,
1562 3214 1940 3270 Cundcrammi
1959 3215 2128 3286 [Gun-

541 3307 783 3381 thrauni]
821 3309 964 3379 regis
997 3307 1353 3372 Francorum,
1398 3306 1502 3360 viri
1533 3306 1788 3377 religiosi,
1819 3310 1911 3378 qui
1953 3309 2030 3363 ita
2069 3324 2128 3366 sc

545 3397 918 3469 spiritualibus
948 3397 1252 3452 actionibus
1294 3396 1644 3466 mancipavit,
1676 3407 1754 3463 ut,
1806 3398 2005 3454 relictis
2031 3414 2130 3454 soe-

539 3489 646 3546 culi
683 3489 912 3562 pompis,
944 3490 1228 3545 thesauros
1269 3502 1396 3544 suos
1424 3486 1670 3543 ecclesiis
1715 3497 1770 3544 et
1803 3490 2130 3562 pauperibus

541 3592 815 3654 erogaret.

612 3676 679 3732 IV
709 3676 843 3731 KIL.
876 3674 1066 3730 APRIL.
1103 3702 1172 3714 —
1199 3672 1258 3728 In
1281 3671 1620 3739 Nicomedia,
1661 3671 1924 3740 Pastoris,
1947 3671 2132 3728 Victo-

541 3770 667 3836 rini,
695 3766 998 3832 Saturnini,
1020 3763 1239 3820 Iuliani.

614 3859 672 3914 In
721 3855 926 3922 Africa,
959 3863 1269 3911 sanctorum
1321 3850 1694 3909 confessorum
1748 3852 2128 3924 Armogastis,

543 3949 864 4008 Archimimi
895 3959 948 4005 et
992 3948 1194 4018 Satyri.
1227 3946 1327 4014 Qui
1359 3954 1601 4016 tempore
1627 3943 1958 4000 Wandalica:
2003 3959 2130 4015 per-

544 4042 841 4101 secutionis
889 4041 990 4095 sub
1025 4038 1304 4094 Geiserico
1355 4053 1480 4108 rege
1521 4037 1745 4100 Ariano,
1794 4051 1915 4091 cum
1953 4042 2135 4091 essent

543 4133 875 4192 lucidissima
907 4131 1149 4186 membra
1183 4129 1434 4184 Ecclesiae
1473 4127 1696 4193 Christi,
1729 4137 1782 4182 et
1807 4128 2130 4197 pravitatem

542 4226 864 4283 Arianorum
894 4223 1142 4278 libertate
1170 4219 1433 4276 catholica
1466 4217 1785 4290 frequenter
1816 4229 2132 4292 arguerent,

545 4335 644 4391 pro
688 4317 1029 4374 confessione
1055 4313 1298 4369 veritatis
1349 4311 1516 4368 multa
1561 4321 1618 4367 et
1665 4312 1848 4382 gravia
1889 4312 2133 4382 perpessi

544 4408 805 4480 supplicia
827 4417 990 4478 atque
1009 4403 1316 4476 opprobria,
1335 4416 1553 4458 cursum
1576 4401 1792 4474 gloriosi
1819 4401 2132 4457 certaminis

544 4500 926 4572 impleverunt.

618 4591 676 4645 In
703 4587 1010 4660 Burgundia
1032 4585 1296 4656 depositio
1317 4583 1460 4640 beati
1485 4582 1718 4638 Eustasii
1734 4581 1946 4637 abbatis
1971 4580 2135 4636 disci-

548 4680 658 4752 puli
709 4679 768 4734 S.
810 4676 1146 4734 Columbani.
1195 4676 1296 4742 Qui
1350 4673 1510 4728 Pater
1549 4673 1719 4728 ferme
1751 4681 2130 4739 sexcentorum

545 4775 755 4835 exstitit
777 4773 1186 4836 monachorum,
1214 4781 1270 4826 et
1307 4771 1428 4824 vita:
1456 4767 1746 4824 sanctitate
1781 4766 2128 4838 conspicuus,

548 4871 713 4930 etiam
736 4866 1012 4924 miraculis
1033 4864 1214 4919 clarus
1239 4859 1454 4918 effulsit.

617 4962 676 5018 In
706 4961 924 5017 civitate
943 4958 1160 5021 Pisaua,
1187 4955 1362 5010 sancti
1392 4953 1644 5024 Torpctis
1678 4951 1954 5024 martyris.

617 5055 684 5111 III
721 5052 857 5108 ΚΑι..
887 5053 1078 5106 Αριιιι..
1112 5079 1185 5089 ——
1214 5047 1415 5109 Romae,
1447 5046 1654 5114 Quirini
1686 5045 1884 5101 tribuni
1913 5051 1968 5099 et
1991 5058 2132 5098 mar.

550 5147 685 5219 tyris
710 5145 809 5201 sub
835 5142 1070 5214 Trajano
1094 5140 1438 5210 imperatore.
1471 5137 1573 5204 Qui
1601 5151 1725 5192 cum
1752 5151 1817 5191 ex
1861 5142 2132 5205 praecepto

550 5239 666 5310 ejus
692 5238 753 5293 Il.
784 5235 1149 5292 Alexandrum
1179 5245 1371 5302 papam
1394 5237 1447 5285 et
1475 5228 1708 5285 Hermen
1731 5226 2043 5298 pmfectum
2076 5226 2130 5280 in

550 5331 763 5388 vincula
791 5327 1127 5396 coniecisset,
1175 5325 1509 5393 haberetque
1556 5321 1718 5376 ﬁliam
1748 5322 1900 5392 cujus
1935 5320 2132 5376 collum

551 5432 759 5478 struma
775 5417 1226 5482 circumdederat,
1254 5413 1521 5470 exauditis
1544 5412 1880 5467 orationibus
1906 5412 1966 5466 Β.
2000 5411 2134 5467 Iler-

554 5527 669 5568 mes
701 5511 768 5566 de
796 5510 900 5564 ﬁde
925 5507 1148 5573 Christi,
1176 5515 1229 5563 et
1258 5506 1388 5560 visis
1413 5504 1582 5576 signis
1621 5517 1742 5573 qua:
1777 5501 2037 5559 Dominus
2079 5501 2132 5555 in

555 5600 883 5673 martyribus
935 5599 1048 5653 suis
1094 5597 1398 5652 Alexandro
1441 5607 1498 5651 et
1551 5593 1748 5649 Herme
1787 5593 2132 5663 operabatur,

555 5690 800 5747 eamdem
829 5689 995 5744 ﬁliam
1038 5703 1192 5743 suam
1233 5686 1429 5744 obtulit
1464 5685 1544 5740 eis
1582 5683 1648 5739 ad
1689 5681 2008 5738 sanandum.
2039 5677 2138 5734 Cui

629 5794 656 5822 ι
697 5780 810 5837 Hoc
831 5789 934 5847 est,
966 5779 1198 5836 vincula.
1229 5777 1572 5843 SCRIVERIUS,
1600 5783 1711 5832 not.
1744 5788 1846 5827 ms.
1887 5771 1941 5826 in
1967 5769 2100 5827 CAN.

2225 1954 2280 2002 et
2321 1945 2545 2001 canibus
2593 1944 2803 2015 projici.
2846 1942 2954 1999 Sed
2995 1941 3286 1999 Christiani
3331 1955 3528 2009 corpus
3571 1937 3694 2006 ejus
3735 1951 3820 1992 ra-

2224 2045 2374 2110 ptum
2405 2036 2460 2091 in
2485 2035 2570 2090 via
2609 2035 2780 2107 Appia
2822 2034 3188 2108 sepeliverunt
3229 2034 3284 2088 in
3317 2030 3640 2088 cmmeterio
3671 2028 3820 2083 Prai-

2227 2127 2440 2185 textati.

2295 2219 2352 2274 In
2417 2215 2805 2273 Thessalonica
2862 2216 3103 2272 civitate.
3167 2212 3439 2280 Domnini,
3502 2209 3817 2282 Philopoli,

2223 2309 2472 2375 Achaici,
2511 2307 2768 2363 Palatini.

2294 2400 2434 2455 Alibi
2466 2399 2722 2462 Victoris,
2759 2395 3029 2468 Aquilium
3058 2395 3306 2467 virginis.

2294 2491 2622 2556 Aurelianis,
2653 2489 2918 2560 depositio
2943 2489 3114 2544 sancti
3141 2487 3402 2542 Pastoris.

2294 2585 2338 2640 Il
2364 2585 2498 2641 KAL.
2526 2584 2715 2638 APRIL.
2758 2613 2826 2623 —
2848 2583 3052 2648 Romae,
3077 2590 3279 2636 sanctae
3303 2579 3540 2635 Balbinze
3561 2577 3814 2647 virginis,

2226 2677 2348 2733 ﬁlia:
2397 2675 2609 2743 Quirini
2671 2674 2946 2746 martyris.
2997 2673 3127 2741 Qua:
3180 2687 3304 2728 cum
3354 2670 3540 2724 Boiam
3591 2683 3618 2710 ι
3673 2671 3818 2724 beati

2224 2766 2542 2832 Alexandri,
2560 2779 2656 2835 per
2671 2779 2830 2834 quam
2848 2771 3038 2818 sanata
3065 2762 3260 2828 fuerat,
3293 2758 3634 2829 frequentius
3659 2773 3821 2813 oscu-

2224 2861 2448 2925 laretur,
2479 2858 2756 2913 admonita
2789 2857 2856 2912 ab
2883 2871 2949 2910 eo
2976 2864 3036 2909 ut
3075 2851 3487 2909 illamosculari
3517 2851 3819 2912 desineret,

2225 2963 2279 3010 et
2299 2951 2471 3022 magis
2495 2950 2711 3006 vincula
2742 2948 2884 3004 beati
2915 2947 3060 3002 Petri
3083 2946 3446 3017 perquireret,
3476 2951 3532 2998 et
3567 2957 3635 2997 ea
3660 2957 3818 2997 oscu-

2226 3047 2325 3102 lari
2352 3053 2590 3108 curaret,
2619 3056 2832 3098 summo
2863 3041 3042 3096 studio
3069 3055 3165 3110 per
3189 3037 3522 3094 desiderium
3557 3049 3820 3106 magnum

2153 3177 2198 3239 Ο
2229 3137 2474 3210 pervenit
2509 3135 2576 3190 ad
2610 3135 2742 3204 ipsa,
2778 3132 3105 3199 tradiditque
3132 3140 3332 3184 sancta:
3363 3127 3668 3182 Theodore
3696 3125 3823 3181 reli-

2270 3231 2279 3239 -
2352 3229 2363 3239 .
2429 3227 2440 3239 .
2752 3225 2762 3235 .
2927 3223 2962 3239 ..
3305 3217 3542 3239 ___,._-..
3578 3226 3622 3239 ,.
3677 3231 3796 3239 μ,-

2231 3227 2569 3302 giosissimze,
2592 3225 2766 3282 sorori
2791 3223 2965 3278 sancti
3003 3220 3277 3276 Hermetis
3304 3217 3545 3290 praefecti
3572 3226 3628 3272 et
3677 3231 3823 3271 mar-

2232 3321 2386 3392 tyris.
2427 3317 2549 3388 Ipsa
2591 3331 2719 3373 vero
2765 3315 3006 3380 Balbina,
3045 3315 3304 3369 instructa
3333 3326 3366 3365 a
3396 3311 3560 3366 beato
3587 3308 3826 3363 Alexan-

2231 3412 2349 3476 dro,
2382 3409 2436 3463 in
2455 3406 2788 3478 virginitate,
2819 3404 2974 3476 plena
3002 3402 3158 3458 bonis
3191 3399 3465 3472 operibus,
3494 3396 3821 3468 permansit.

2231 3501 2297 3557 Et
2338 3508 2460 3570 post
2491 3497 2762 3554 devictum
2802 3494 3059 3551 saeculum
3082 3491 3236 3562 juxta
3269 3501 3480 3562 patrem
3510 3505 3673 3545 suum
3696 3486 3824 3555 Qui-

2233 3591 2408 3646 rinum
2450 3597 2742 3660 martyrem
2776 3586 3055 3655 sepelitur.

2303 3681 2358 3734 lu
2380 3680 2586 3744 Africa,
2611 3685 2921 3733 sanctorum
2940 3675 3143 3740 Auesii,
3157 3673 3374 3738 Felicis,
3391 3669 3630 3734 Dioduli,
3648 3667 3824 3734 Proti,

2231 3769 2476 3828 Cornelii.
2496 3777 2551 3825 et
2576 3767 2806 3824 Valeriae
2832 3782 2954 3822 cum
2978 3765 3140 3820 sociis
3168 3777 3379 3820 eorum.

2849 3896 3180 3958 APRILIS.

2271 4019 2506 4081 Mensis
2539 4015 2784 4097 Aprilis
2823 4014 3002 4076 habet
3049 4011 3178 4074 dies
3225 4027 3374 4085 xxx,
3431 4008 3563 4070 Iun.
3600 4025 3778 4070 xxix.

2305 4141 2437 4195 ΚΑι..
2461 4139 2649 4194 APRIL.
2674 4167 2745 4179 —
2772 4136 2961 4191 Romae
2989 4133 3242 4189 nativitas
3271 4129 3604 4187 beatissima:
3647 4129 3827 4184 Theo-

2234 4234 2398 4298 durae,
2429 4231 2630 4287 sororis
2664 4226 3007 4284 illustrissimi
3037 4223 3289 4295 martyris
3318 4221 3612 4276 Hermetis.
3645 4219 3821 4286 Quam

2233 4322 2422 4379 beatus
2441 4319 2746 4376 Alexander
2766 4331 2901 4387 papa
2929 4324 2984 4370 et
3005 4311 3500 4384 martyrinstruxit,
3524 4310 3825 4380 baptizavit

2234 4427 2398 4486 atque
2447 4415 2502 4469 in
2547 4411 2652 4467 ﬁde
2693 4410 2891 4466 Clu-isti
2923 4408 3156 4464 edocuit.
3193 4405 3323 4471 Quae
3375 4405 3475 4459 sub
3526 4402 3823 4457 Aureliano

2161 4539 2213 4600 ι)
2233 4507 2475 4579 principe
2504 4502 2898 4574 martyrizavit,
2927 4499 3132 4568 sepulta
3163 4495 3317 4565 juxta
3345 4495 3569 4549 fratrem
3607 4503 3822 4564 marty-

2238 4617 2353 4656 rem
2383 4599 2469 4654 via
2499 4596 2726 4661 Salaria,
2755 4610 2860 4649 non
2883 4593 3039 4663 longe
3062 4593 3130 4647 ab
3150 4589 3283 4645 urbe
3302 4588 3494 4643 Roma.

2307 4695 2365 4750 In
2409 4691 2688 4756 Armenia,
2727 4685 3026 4752 Parthenii,
3069 4682 3376 4750 Quintiani.
3418 4679 3682 4748 Victoris,
3728 4677 3826 4735 Se-

2237 4785 2420 4842 eundi.

2310 4876 2510 4931 Eodem
2541 4873 2629 4928 die
2652 4869 2710 4927 S.
2747 4868 2996 4925 Venantii
3025 4866 3264 4938 episcopi
3287 4872 3342 4919 et
3365 4863 3646 4934 martyris.

2309 4969 2365 5024 In
2393 4981 2530 5038 pago
2569 4964 2898 5020 Jumnoense
2936 4960 2995 5015 S.
3033 4957 3312 5013 Wiolarici
3347 4955 3656 5028 [Walerici]
3693 4971 3825 5012 cou-

2239 5061 2482 5125 fessoris,
2523 5055 2676 5122 cujus
2722 5053 3031 5126 sepulcrum
3086 5049 3296 5105 crebris
3354 5045 3639 5102 miraculis
3705 5047 3825 5100 illu-

2238 5164 2347 5210 slra
2357 5164 2461 5207 [111⁸.
3591 5149 3594 5152 ’

2308 5243 2374 5299 IV
2419 5241 2552 5298 Non.
2583 5240 2772 5295 Αριιιι..
2806 5268 2879 5279 -
2922 5235 3076 5307 Apud
3127 5235 3430 5290 Caesaream
3468 5230 3827 5302 Cappadocia:

2237 5337 2418 5410 passio
2478 5343 2678 5390 sanctae
2735 5329 3050 5386 Theodosia:
3102 5326 3346 5395 virginis.
3401 5323 3535 5390 Quae
3578 5330 3827 5410 tempore

2242 5398 2552 5484 Diocletiani
2581 5437 2703 5477 cum
2732 5427 2876 5476 esset
2915 5432 3180 5473 annorqu
3205 5416 3390 5469 decem
3419 5420 3476 5467 et
3507 5423 3655 5473 octo,
3671 5398 3827 5463 'ultro

2241 5535 2300 5576 se
2339 5516 2544 5575 sanctis
2571 5511 2973 5570 confessoribus
3016 5508 3068 5563 in
3116 5505 3358 5561 custodia
3402 5504 3644 5567 socians,
3681 5510 3826 5557 tenta

2241 5613 2308 5668 ab
2333 5610 2555 5667 Urbano
2577 5605 2855 5679 praefecto,
2885 5612 2939 5660 et
2968 5603 3022 5658 in
3067 5599 3298 5672 equuleo
3327 5598 3593 5659 cruciata,
3630 5596 3826 5651 deinde

2241 5706 2386 5764 ferro
2423 5710 2647 5761 onerata
2676 5709 2734 5756 et
2761 5699 2813 5753 in
2849 5708 3122 5755 carcerem
3151 5700 3298 5748 trusa
3327 5698 3432 5756 est,
3459 5687 3545 5742 ubi
3578 5688 3672 5742 Dei
3711 5685 3826 5739 vir-
