3956 5680
77 341 165 397 061
1004 336 1632 396 MARTYROLOGIUM.
1674 368 1740 377 —
1778 334 1985 393 MENS.
2022 336 2249 393 APRIL.

3134 341 3274 401 1062

65 468 145 513 nte
170 459 330 514 omnia
373 459 585 517 vincula
637 457 752 528 ejus
790 456 1031 526 disrupta
1085 462 1231 509 sunt.
1286 452 1417 508 Post
1468 452 1584 507 lucc
1613 452 1763 517 Aris
1812 452 2192 509 dilaceratione
2244 468 2350 508 non
2407 461 2628 525 possent
2689 452 2989 521 ambulare,
3043 454 3273 513 militum

65 564 161 602 axo
183 550 398 620 alligata,
423 550 476 604 in
508 564 658 604 mare
679 550 922 603 demersa
954 553 1054 598 est.
1100 542 1205 597 Sed
1233 557 1358 596 mox
1398 541 1593 596 littori-

66 659 131 696 us
166 641 426 697 incolumis
479 642 684 696 reddita
741 649 796 695 et
842 638 1029 693 bestiis
1083 636 1135 690 in
1192 634 1594 705 amphitheatro

70 732 272 801 rojecta,
316 733 407 788 sed
451 732 519 787 ab
553 732 638 787 his
664 732 885 796 intacta,
916 727 1234 798 martyrium
1259 724 1452 795 capitis
1472 724 1594 779 abs—

66 822 250 876 issione
284 822 584 891 complevit.

102 911 152 964 lu
176 910 340 967 Africa
372 905 628 965 nativitas
662 917 975 964 sanctorum
1007 903 1316 977 Amphiani,
1359 902 1593 958 Victoris

65 1010 81 1054 t
110 1002 315 1055 aliorum
350 1002 786 1070 quatuordecim.

98 1090 239 1159 Apud
274 1090 587 1160 Lugdunum
625 1088 812 1143 Gallia:
846 1086 1112 1156 depositio
1148 1082 1206 1139 S.
1250 1082 1441 1138 Nicetii
1479 1083 1591 1152 epi-

66 1179 169 1247 Topi
209 1188 258 1233 et
297 1178 640 1235 confessoris.
685 1176 849 1245 Cujus
898 1186 951 1231 et
1002 1178 1110 1228 vita
1163 1174 1435 1228 miraculis
1482 1172 1592 1227 cla-

75 1269 149 1331 ιὶι,
182 1269 240 1323 'ct
275 1269 505 1339 pretiosa
544 1283 690 1324 mors
730 1267 1081 1323 nihilominus
1120 1265 1395 1319 miraculis
1442 1279 1594 1319 coru-

66 1361 318 1415 tendatur.

94 1451 155 1504 Ill
187 1452 310 1507 Non.
337 1451 525 1507 Apan.
569 1483 637 1492 —
665 1451 1063 1507 Thessalonicae
1093 1449 1345 1504 nativitas
1376 1456 1591 1503 sancta-

68 1558 136 1595 nn
160 1544 413 1614 virginum
430 1546 664 1615 Agapcs,
684 1544 908 1598 Hirenes
924 1541 1148 1615 [lrenes]
1164 1541 1469 1596 etChionire
1492 1544 1593 1595 sub

68 1631 351 1687 iocletiano.
380 1632 509 1699 Quae
542 1634 716 1703 primo
741 1633 793 1686 in
822 1646 1040 1686 carcere
1070 1638 1378 1694 maceratae,
1406 1637 1591 1699 postea

66 1746 68 1774 ι
103 1724 271 1793 ignem
311 1726 487 1780 missm
542 1734 685 1779 sunt.
731 1724 837 1780 Sed
890 1725 1109 1779 intactae
1135 1738 1163 1778 a
1193 1722 1427 1779 flammis
1469 1734 1591 1794 post

66 1814 304 1869 'alionem
333 1816 400 1869 ad
428 1815 596 1870 Deum
629 1814 825 1879 fusam,
855 1814 1064 1869 animas
1088 1814 1456 1869 reddiderunt.

84 1902 136 1956 In
169 1903 400 1976 Scythia,
450 1906 670 1962 civitate
722 1905 929 1973 Tomis,
976 1906 1230 1961 nativitas
1271 1914 1585 1961 sanctorum

65 1993 222 2063 vagrii
252 2002 303 2047 et
330 1994 572 2065 Benigni.

79 2085 228 2156 Apud
257 2085 661 2140 Tauromiuium
698 2084 921 2152 Siciliae,
951 2085 1125 2141 sancti
1149 2083 1446 2141 Pancratii.

77 2176 134 2229 In
166 2175 489 2241 Nicomedia,
524 2175 717 2231 Donati
750 2185 805 2230 et
828 2176 1120 2247 Ampliani.

80 2270 267 2326 Pmms
292 2271 431 2326 Non.
474 2270 662 2325 Arare.
693 2301 765 2311 —
804 2271 863 2326 In
913 2269 1299 2326 Thessalonica
1331 2269 1587 2325 nativitas

66 2373 319 2418 inctorum
357 2362 652 2433 Agathonis
679 2362 892 2416 diaconi
923 2372 978 2416 et
1005 2360 1287 2417 Theoduli.

76 2453 215 2506 Alibi
261 2451 429 2516 Pauli,
471 2450 738 2513 Matutini,
767 2450 992 2513 Urbani,
1034 2450 1331 2515 Saturnini,
1370 2448 1585 2517 Quinti-

65 2544 159 2604 mi,
188 2543 379 2607 Publii,
411 2541 665 2605 Victoris,
699 2541 947 2596 Successi
969 2550 1025 2595 et
1046 2541 1263 2595 Juliani.

75 2630 362 2686 Mediolani
401 2631 663 2702 depositio
694 2630 756 2684 Β.
797 2629 1068 2685 Ambrosii
1113 2630 1349 2700 episcopi
1377 2639 1430 2685 et
1460 2646 1586 2685 con-

65 2722 247 2775 ssoris.
275 2720 441 2791 Cujus
474 2722 672 2787 studio,
708 2722 851 2776 inter
876 2730 1072 2776 czetera
1117 2722 1375 2776 doctrinae
1403 2730 1459 2776 et
1487 2722 1587 2777 mi-

66 2816 310 2869 culorum
362 2817 615 2886 insignia,
651 2824 890 2885 tempore
936 2815 1153 2869 Arianae
1182 2814 1440 2882 perfidiae,
1475 2824 1587 2871 tota

65 2910 157 2963 ilia
194 2911 258 2963 ad
300 2910 455 2965 fidem
488 2906 814 2965 catholicam
867 2924 1128 2963 conversa
1172 2918 1272 2963 est.
1317 2908 1414 2976 Qui
1451 2924 1591 2978 prae-

65 3008 224 3054 :turre
247 3000 420 3070 gratia
449 3000 513 3055 ad
536 3001 782 3055 eumdem
813 3000 987 3055 locum
1010 3000 1309 3055 destinatus
1334 3010 1437 3066 est,
1465 3016 1585 3055 cunt

66 3092 177 3144 huc
206 3099 349 3144 esset
375 3091 815 3153 cateclmmenus,
845 3088 899 3143 in
923 3089 1254 3159 depositione
1279 3089 1522 3144 albarum
1551 3105 1583 3144 a

1687 540 1842 609 jussu
1874 542 2295 611 deportarentur
2325 542 2377 597 in
2429 543 2884 614 amphitheatrum
2916 553 2977 600 ut
3014 559 3045 599 a
3089 545 3276 603 bestiis

1693 639 2181 686 consumerentur:
2233 647 2462 700 quarum
2521 648 2642 687 cum
2694 632 2837 686 nulla
2911 648 2943 687 a
3001 650 3272 705 quoquam

1692 720 1967 775 hominum
1996 721 2080 776 vel
2111 722 2176 776 ab
2205 722 2335 793 ipsis
2376 724 2705 795 martyribus
2746 723 2813 778 ad
2843 722 3111 781 laasionem
3146 743 3272 781 san-

1694 822 1901 867 ctorum
1927 815 2207 883 provocari
2242 815 2525 884 quivisset,
2571 815 2736 887 jussit
2783 816 3050 873 Maximus
3076 835 3276 888 prmer

1693 902 1960 956 introduci
2010 903 2338 974 gladiatores
2379 916 2435 958 ut
2475 916 2689 961 sanctos
2729 907 2821 962 Dei
2867 918 3133 980 martyres
3164 911 3276 980 gla-

1692 992 1779 1045 dio
1808 993 2192 1050 interﬁcerent.
2219 995 2371 1062 Quod
2396 1012 2516 1051 eum
2543 998 2742 1053 factum
2769 999 2977 1067 fui-set,
3006 1001 3275 1058 Maximus

1693 1082 1757 1136 de
1800 1084 2202 1153 amphitheatro
2254 1102 2311 1140 se
2364 1088 2646 1158 recipiens,
2703 1090 2915 1160 reliquit
2966 1093 3038 1147 ibi
3087 1094 3276 1148 decem

1692 1171 1912 1239 milites,
1952 1176 2039 1243 qui
2070 1190 2296 1245 corpora
2327 1186 2623 1247 martyrum
2659 1180 3029 1236 immiscerent
3074 1196 3275 1253 corpo-

1694 1263 1841 1318 ribus
1893 1264 2267 1335 gladiatorum.
2309 1266 2423 1321 Nou
2472 1278 2589 1337 post
2629 1270 2854 1323 multum
2913 1286 3043 1327 vero
3073 1281 3268 1328 terra:-

1692 1364 1870 1410 motus
1903 1358 2077 1412 lactus
2104 1367 2205 1425 est,
2246 1370 2298 1413 et
2332 1362 2566 1415 tonitrua
2598 1371 2653 1417 et
2692 1362 2901 1436 fulgura
2934 1374 2986 1421 et
3014 1382 3268 1422 corusca-
3299 1385 3303 1388 ’

1692 1446 1790 1511 tio,
1848 1456 1901 1502 et
1963 1450 2128 1504 nimia
2185 1460 2476 1521 tempestas
2530 1454 2783 1511 imbrium
2826 1457 3278 1516 descendentibus

1695 1537 1769 1610 [Γ.
1827 1540 2312 1615 descendentium].
2348 1544 2671 1602 Custodibus
2721 1558 2899 1602 autem
2946 1549 3068 1605 inde
3109 1551 3276 1607 nimio

1694 1636 1901 1683 terrore
1931 1628 2149 1700 fugatis,
2196 1633 2516 1689 accedentes
2546 1636 2765 1705 quidam
2794 1636 3029 1708 religiosi
3071 1638 3271 1695 fratres

1691 1721 1783 1789 qui
1839 1722 1891 1775 in
1923 1723 2170 1791 proximo
2214 1723 2520 1791 latitabant,
2565 1728 2762 1783 indicio
2792 1730 2960 1784 stella:
2989 1746 3047 1786 se
3074 1746 3275 1801 przece-

1612 1814 1662 1875 B
1690 1812 1863 1866 dentis
1893 1822 2200 1868 sanctorum
2230 1831 2457 1886 corpora
2483 1829 2821 1887 repererunt,
2851 1830 2907 1875 et
2935 1821 2988 1875 in
3014 1823 3273 1893 spelunca

1692 1904 1857 1958 vicini
1891 1906 2089 1961 montis
2124 1907 2545 1964 absconderant.
2592 1910 2669 1966 De
2698 1926 2926 1981 quorum
2958 1913 3275 1986 longissima

1688 1996 1935 2063 historia,
1978 1999 2102 2067 quia
2152 2001 2477 2071 paucissima
2539 2012 2666 2058 sunt
2725 2005 3000 2070 adnotata,
3039 2005 3169 2062 libet
3218 2008 3272 2062 in

1687 2100 1873 2142 eorum
1905 2090 2333 2160 supplementum
2371 2092 2677 2163 gladiatorii
2722 2095 2831 2149 ludi
2885 2096 3270 2153 exhibitionem

1688 2177 1844 2232 simul
1873 2190 1926 2233 et
1950 2182 2332 2247 cessationem,
2369 2192 2682 2238 sanctorum
2716 2184 2927 2239 illorum
2961 2188 3267 2251 occasione,

1687 2272 1777 2342 qui
1812 2288 1841 2325 a
1869 2268 2258 2342 gladiatoribus
2289 2284 2413 2329 sunt
2446 2276 2775 2346 interempti,
2802 2268 3268 2333 commemorare.

1686 2361 1832 2416 Inter
1854 2364 2020 2418 multa
2047 2364 2229 2435 inepta
2256 2374 2310 2419 et
2336 2366 2598 2434 sacrilega
2631 2367 2827 2437 quibus
2849 2377 2976 2422 ante
3006 2369 3271 2438 cognitio-

1689 2470 1809 2507 nem
1857 2454 2015 2508 unius
2056 2456 2166 2510 veri
2215 2456 2307 2509 Dei
2366 2465 2577 2510 veteres
2638 2458 2958 2512 tenebantur
3004 2458 3273 2524 obstricti,

1687 2545 1849 2597 etiam
1919 2545 2031 2599 haec
2083 2546 2417 2600 consuetudo
2490 2546 2807 2601 mortalibus
2869 2547 3145 2613 illudebat,
3214 2558 3275 2604 ut

1686 2634 2088 2701 prmstantiores
2110 2635 2308 2704 quique
2332 2634 2383 2688 in
2408 2650 2472 2690 eo
2492 2636 2899 2705 speetabiliores
2927 2648 3271 2705 apparerent,

1686 2726 1728 2780 si
1785 2724 2045 2781 effusione
2107 2741 2285 2781 rerum
2342 2726 2590 2781 homines
2643 2725 2845 2780 diutius
2893 2728 3169 2796 saginatos
3216 2729 3270 2781 in

1687 2830 1905 2867 arenam
1956 2815 2401 2880 intromitterent,
2434 2815 2525 2885 qui
2574 2816 2807 2885 primum
2836 2816 3119 2870 sceleratis
3145 2818 3268 2886 qui-

1687 2906 1892 2974 busque
1942 2905 2025 2959 vel
2070 2907 2233 2961 etiam
2292 2906 2496 2960 sanctis
2536 2905 2866 2977 martyribus
2912 2905 3269 2976 interemptis,

1687 2998 1877 3052 deinde
1904 2998 2106 3053 mutuis
2139 2999 2451 3053 vulneribus
2484 2999 2775 3053 crudeliter
2802 2998 3106 3054 interirent.
3142 2998 3272 3065 Quae

1687 3089 1914 3145 stultitia
1961 3106 2082 3145 cum
2137 3091 2300 3145 etiam
2361 3087 2668 3145 Christiana
2727 3090 2986 3161 religione
3040 3089 3275 3160 pollente

66 3190 234 3236 :tante
288 3197 455 3250 puero
505 3182 837 3252 designatus,
875 3189 958 3236 est
1012 3181 1315 3250 episcopus,
1363 3190 1417 3235 et
1463 3197 1584 3252 sug-
1610 3174 1656 3237 (ἱ
1688 3190 1907 3251 propter
1934 3182 2309 3251 antiquitatem
2337 3181 2418 3235 sui
2448 3196 2555 3236 non
2578 3188 2762 3250 posset
2790 3180 3014 3243 aboleri,
3048 3179 3277 3249 contigit

65 3275 241 3329 stione
272 3272 513 3343 angelica
553 3273 827 3326 auditores
860 3279 977 3327 tuos
1001 3271 1284 3332 allocutus,
1314 3272 1586 3341 expulsio-

113 3364 461 3427 dzemouum,
513 3370 569 3416 et
624 3361 958 3415 exhibitione
1024 3360 1357 3425 sanitatum,
1424 3370 1586 3429 atque

66 3457 414 3511 luscitatione
466 3464 827 3518 mortuorum,
879 3468 980 3507 nec
1036 3468 1141 3507 non
1195 3461 1248 3507 et
1303 3453 1583 3508 tolerantia

66 3550 431 3603 lnimodarum
467 3547 809 3617 injuriarum,
838 3560 963 3599 vere
996 3544 1336 3615 comprobari
1365 3553 1421 3599 et
1450 3560 1586 3598 nun-

66 3638 180 3705 )ari
236 3637 440 3693 meruit
491 3636 732 3690 imitator
776 3634 1121 3703 antiquorum
1173 3642 1470 3703 martyrum
1531 3640 1586 3686 et

66 3728 390 3783 )stolorum.

65 3819 197 3873 nos.
232 3818 429 3873 APRIL.
458 3846 528 3857 —-
563 3815 621 3871 In
667 3815 1052 3871 Thessalonica
1090 3813 1345 3868 nativitas
1385 3822 1586 3867 sanctae

65 3924 222 3964 'cnes
275 3907 532 3981 [Irenes],
603 3923 724 3977 quae
780 3915 902 3976 post
957 3905 1297 3962 tolerantiam
1349 3904 1584 3958 carceris

66 4003 186 4055 ‘itta
221 4014 487 4070 percussa
530 4010 614 4054 est
655 4014 685 4052 a
737 3997 976 4053 Sisinnio
1020 3998 1240 4061 comite,
1270 3998 1369 4053 sub
1398 4012 1504 4067 quo
1531 4006 1584 4050 ct

65 4108 206 4147 ores
254 4092 378 4160 ejus
404 4091 565 4146 simul
608 4092 790 4160 Agape
828 4100 882 4143 et
917 4088 1143 4143 Chionia
1191 4087 1581 4157 martyrizave-

65 4194 129 4239 ιι.
176 4183 336 4251 Quas
364 4198 555 4238 omnes
601 4198 722 4236 cum
770 4180 1029 4234 Dulcitius
1079 4180 1441 4249 praedecessor
1468 4177 1584 4247 ejus

74 4275 547 4331 obscurissimam
578 4273 767 4327 cellam
797 4270 1090 4339 coquendis
1138 4269 1281 4323 vasis
1328 4268 1581 4323 refertam

65 4371 325 4431 lusisset,
357 4368 450 4423 sed
475 4375 595 4435 post
621 4380 716 4419 eas
741 4362 1118 4417 ardentissima
1146 4359 1581 4429 concupiscentia

70 4459 316 4524 erisset,
352 4456 597 4511 clanculo
628 4456 904 4525 ingressus
928 4453 979 4506 in
1007 4467 1126 4505 eam
1151 4467 1248 4521 per
1277 4460 1445 4505 totam
1479 4466 1578 4503 uo—

72 4570 111 4606 ιι
179 4566 318 4606 cum
378 4549 521 4613 ollis,
584 4546 800 4602 cacabis
850 4559 912 4599 ac
971 4541 1224 4598 caldariis
1291 4540 1581 4605 volutatus,

65 4658 137 4698 ue
182 4660 215 4697 a
272 4651 591 4699 sanctarum
618 4638 885 4709 virginum
937 4634 1182 4690 illusione
1213 4632 1583 4698 defraudatus,

66 4756 84 4793 ι
120 4739 386 4808 primum
419 4752 447 4790 a
477 4734 681 4790 familia
713 4733 797 4787 vel
835 4730 1189 4786 familiaribus
1213 4728 1325 4783 suis
1354 4741 1453 4797 pro
1481 4726 1583 4780 hac

66 4835 329 4892 )itudine
377 4828 755 4886 abominabilis
800 4827 1111 4890 haberetur,
1170 4821 1581 4893 imperatorium

65 4927 239 4981 ilium
272 4931 491 4994 petens,
521 4932 578 4974 ut
606 4918 689 4973 vel
714 4918 786 4971 ibi
820 4930 1038 4973 suarum
1070 4912 1387 4983 injuriarum
1418 4910 1579 4965 ultio-

65 5034 79 5071 I
149 5022 502 5077 mereretur,
551 5018 773 5080 propter
821 5005 1212 5063 intolerabilem
1260 5003 1575 5065 fotditatem,

68 5124 125 5161 In
156 5105 356 5161 oculis
406 5101 604 5157 clausis
633 5114 738 5153 non
766 5097 1110 5167 agnoscebat,
1144 5104 1200 5151 et
1229 5096 1354 5152 inde
1396 5092 1580 5163 expul-

101 5200 178 5253 de
212 5196 441 5263 reliquo
471 5190 613 5245 omni
649 5191 853 5244 honore
880 5196 963 5243 est
987 5187 1248 5256 privatus.

69 5288 195 5359 pud
242 5285 546 5355 {Egyptum
577 5278 828 5333 nativitas
853 5282 1161 5333 sanctorum
1192 5274 1465 5339 Martiani,
1490 5273 1579 5327 Ni-

66 5380 212 5445 )ris,
246 5372 557 5446 Apollonii.

66 5476 195 5546 pud
228 5474 555 5529 Caesaream
576 5464 769 5536 Lycire,
806 5465 1060 5521 nativitas
1091 5460 1149 5515 S.
1180 5457 1485 5532 Amphiani.

1689 3274 1977 3344 quemdam
2027 3273 2350 3328 monachum
2400 3273 2468 3327 de
2522 3270 2741 3325 Oriente
2789 3270 3049 3324 orationis
3098 3269 3273 3338 gratia

1690 3364 1914 3419 Romam
1945 3365 2149 3429 venire,
2192 3372 2247 3419 et
2278 3362 2603 3433 gladiatores
2633 3376 2753 3415 sese
2797 3360 3064 3415 cadentes
3104 3360 3277 3429 in0pi-

1690 3464 1817 3510 nato
1870 3456 2170 3509 incurrere.
2226 3454 2372 3521 Quos
2405 3468 2524 3507 cum
2578 3451 2869 3505 miseratus
2900 3450 2969 3503 ab
3017 3449 3276 3503 alterutra

1688 3548 1833 3601 mede
1860 3545 2147 3616 prohibere
2191 3553 2501 3611 conaretur,
2531 3559 2560 3597 a
2587 3541 3017 3613 Specmculorum
3048 3541 3274 3596 editori-

1687 3638 1788 3693 bus
1847 3637 2083 3708 lapidum
2162 3638 2317 3691 ruina
2371 3645 2458 3691 est
2530 3643 2900 3706 consumptus.
2962 3634 3067 3687 Pro
3123 3634 3278 3704 cujus

1688 3727 1903 3794 indigna
1941 3734 2116 3782 morte
2158 3725 2439 3797 religiosus
2483 3724 2779 3793 imperator
2819 3723 2937 3801 zelo
2986 3722 3079 3777 Dei
3125 3738 3273 3777 com-

1686 3824 1917 3886 punctus
1986 3816 2141 3872 ludos
2209 3815 2330 3871 illos
2404 3815 2670 3870 infaustos
2734 3813 2959 3869 ulterius
3032 3813 3276 3870 exhiberi

1686 3906 1983 3977 prohibuit.

1756 3996 1909 4066 Apud
1940 3996 2318 4051 Alexandriam
2351 3995 2408 4051 S.
2440 3996 2649 4068 Didymi
2686 3998 3006 4070 presbyteri.

1757 4088 1869 4144 Vlll
1906 4089 1983 4143 In.
2030 4088 2218 4143 Arare.
2244 4118 2315 4128 --
2342 4087 2527 4142 Roma:
2553 4089 2689 4142 Sixti
2722 4106 2873 4159 papa:
2904 4097 2957 4142 et
3001 4088 3275 4158 martyris,

1686 4179 1779 4249 qui
1826 4180 1966 4235 rexit
2021 4179 2319 4235 Ecclesiam
2367 4194 2540 4234 annos
2584 4179 2793 4245 decem,
2855 4194 3069 4233 menses
3120 4180 3275 4244 duos,

1686 4271 1830 4325 diem
1876 4288 2062 4335 unmn,
2092 4286 2283 4340 passus
2315 4278 2397 4324 est
2445 4270 2777 4338 temporibus
2821 4269 3043 4323 Adriani
3096 4268 3264 4335 impe-

1688 4361 1907 4415 ratoris.
1937 4360 2034 4415 llic
2072 4359 2351 4415 constituit
2378 4368 2436 4412 ut
2464 4373 2618 4413 sacra
2654 4357 2909 4428 mysteria
2938 4373 3042 4412 non
3080 4365 3280 4411 tracta-

1686 4462 1874 4510 rentur
1903 4454 2004 4507 nisi
2032 4470 2061 4507 a
2106 4453 2276 4508 sacris
2306 4452 2589 4517 ministris,
2634 4461 2687 4507 et
2716 4452 3023 4521 quicunque
3069 4450 3278 4521 episco-

1615 4531 1789 4614 υνυς
1841 4552 2095 4598 evocatus
2145 4542 2210 4598 ad
2274 4543 2456 4598 sedem
2518 4541 2871 4611 apostolicam
2934 4542 3148 4597 rediens
3207 4542 3276 4597 ad

1688 4635 2025 4705 parochiam,
2067 4649 2172 4689 non
2214 4634 2581 4703 susciperetur
2621 4633 2725 4688 nisi
2756 4632 3098 4688 salutationis
3135 4632 3281 4687 litte-

1693 4744 1804 4795 ras,
1864 4728 1963 4783 hoc
2019 4736 2103 4781 est
2158 4726 2435 4790 formatas,
2484 4739 2516 4779 a
2578 4726 2704 4781 sede
2771 4724 3067 4795 apostolica
3134 4724 3280 4794 plebi

1689 4820 1989 4877 detulisset.
2019 4818 2084 4872 Et
2116 4819 2206 4874 hic
2252 4817 2488 4874 instituit
2535 4827 2595 4873 ut
2642 4818 2783 4872 intra
2830 4816 3097 4870 actionem
3147 4816 3282 4872 mis-

1689 4928 1876 4969 sarum
1906 4912 2149 4972 Sanctus,
2188 4919 2423 4971 sanctus,
2459 4919 2697 4974 sanctus,
2730 4909 3133 4963 decantaretur.

1764 5008 1822 5063 ιιι
1856 5000 2087 5074 Syrmio,
2116 4998 2176 5053 S.
2205 4998 2395 5057 lrcnaei
2422 4999 2661 5071 episcopi
2683 4997 2917 5069 ejusdem
2944 4993 3069 5047 loci.

1764 5102 1824 5161 In
1890 5092 2090 5156 Africa,
2145 5104 2463 5151 sanctorum
2528 5089 2813 5165 Epiphanii
2866 5082 3126 5151 θυῖεεοβῆ
3188 5084 3277 5141 Do

1683 5200 1879 5260 naris,
1928 5183 2097 5248 Sixti,
2149 5184 2375 5251 Rufini,
2420 5180 2673 5253 Modesti,
2730 5190 2784 5235 et
2849 5174 3077 5227 aliorum
3130 5176 3317 5232 unde-

1685 5290 1836 5359 (tim.
2859 5354 2871 5365 .

1774 5397 1837 5453 ln
1856 5369 2185 5439 Nicomedia.
2224 5365 2497 5431 Timothei
2526 5378 2585 5422 et
2607 5368 2926 5459 Theogctns.

1782 5461 2057 5544 Pentapoli
2106 5461 2297 5539 Lll)y;n
2340 5458 2652 5527 superiori:
2701 5460 2880 5498 mecm

2932 5438 2963 5456 Γ
3044 5434 3103 5442 .-,

65 5591 71 5620 l
111 5565 333 5621 Cilicia
365 5558 618 5615 nativitas
670 5566 977 5612 sanctorum
1018 5553 1230 5619 Taraci,
1278 5548 1568 5608 Andronici
1672 5560 1952 5634 enispnni
1982 5564 2024 5580 ~-

307 5651 498 5680 -.ι-,Ιιέρ
545 5649 821 5680 Inv-manlio
853 5646 1276 5680 nrnrnninlnnnm
1335 5661 1356 5670 ’-
