4046 6420
241 438 383 501 1065

1250 450 1875 518 MARTYROLOGIUM.
1913 430 1984 503 —'
2020 458 2225 520 unus.
2263 464 2486 524 arma.

3363 478 3505 540 ιοεσ

307 553 442 610 Item
473 562 672 612 sanctae
698 556 919 616 Domnat
960 559 1209 633 virginis,
1235 578 1359 622 cum
1388 568 1553 625 sociis
1592 571 1818 642 virgini-
1840 581 1895 642 Α
1990 573 2048 629 ln
2102 573 2411 647 Hispaniis,
2468 579 2688 637 civitate
2736 581 3184 662 Caesaraugusta,
3245 597 3503 663 nativitas

176 614 187 625 ’
232 645 339 701 bus
362 657 661 704 coronatae.

1920 674 2232 722 sanctorum
2271 670 2570 726 octodecim
2623 682 2954 746 martyrum,
2993 678 3207 752 Optatl,
3244 680 3498 759 Luperci,

224 770 225 773 γ
302 734 459 805 Apud
490 736 873 795 Alexandriam
916 741 1062 798 beati
1106 741 1402 803 Frontonis
1438 751 1691 807 monachi
1730 753 1825 810 Ni-
1921 752 2198 823 successi,
2229 756 2509 826 Martialis,
2541 734 2978 834 Urbani,'tuiiaé,
3010 734 3357 842 Quintiliani:
3392 734 3499 834 Ρῖιῖ

231 824 474 880 triensis.
504 825 607 893 Qui
656 831 996 901 septuaginta
1037 836 1332 893 monachos
1375 854 1558 896 secum
1600 843 1654 898 in
1703 858 1824 903 ere-
1918 843 2038 910 blii,
2069 844 2380 915 Frontonis,
2422 848 2641 917 Felicis,
2666 851 2950 923 Ceciliani,
2981 856 3180 928 EvOtii,
3207 861 3495 938 Primitivi,

231 926 378 938 ..ιι-..ν-
432 913 649 938 ..ι-,Ιηηξι
704 927 759 938 --ι
812 934 961 938 --μη
1008 931 1019 938 .
1095 924 1127 938 ,ο
1194 925 1209 938 1
1255 927 1267 938 ι
1384 929 1396 938 .
1445 931 1477 938 .-
1640 934 1672 938 --
1722 937 1728 938 ,
1933 933 1944 938 -
2056 935 2067 938 _
2166 936 2193 938 η

228 926 380 966 mum
431 913 675 981 abduxit,
704 927 764 973 ut
807 924 1129 991 sequestrati
1160 925 1228 982 ab
1254 927 1585 998 hominibus,
1622 934 1821 994 divinae

225 1005 671 1076 contemplationi
740 1022 1019 1069 vacarent.
1077 1014 1186 1073 Sed
1240 1034 1365 1075 cum
1421 1022 1501 1079 eis
1562 1024 1818 1086 alimenta

223 1091 515 1160 deessent,
574 1098 856 1154 admonuit
918 1101 1182 1161 Dominus
1236 1109 1526 1178 quemdam
1592 1114 1817 1172 divitem

220 1183 694 1253 patremfamilias,
760 1200 820 1244 ut
885 1194 1058 1250 servis
1104 1197 1220 1253 suis
1261 1198 1403 1255 fame
1445 1201 1815 1264 laborantibus

221 1271 479 1328 alimenta
527 1276 761 1348 dirigere
807 1292 1044 1339 curaret.
1068 1286 1173 1353 Qui
1208 1303 1330 1343 cum
1375 1289 1552 1346 locum
1601 1294 1815 1351 habita-

218 1361 387 1417 tionis
418 1377 606 1419 eorum
663 1368 960 1438 ignoraret,
992 1375 1220 1431 consilio
1250 1378 1549 1435 amicorum
1578 1384 1813 1453 pruden-

219 1449 357 1505 tium
387 1454 630 1521 edoctus,
663 1461 1004 1531 septuaginta
1047 1466 1285 1522 camelos
1311 1449 1638 1529 victualibus
1673 1490 1807 1531 one-

218 1549 371 1597 ratos
412 1544 618 1616 absque
664 1548 771 1604 ullo
822 1552 1061 1610 humano
1106 1557 1306 1613 ducatu
1349 1560 1402 1615 in
1448 1577 1691 1621 eremum
1730 1569 1809 1624 di-

216 1635 384 1700 rexit,
419 1644 477 1690 ut
511 1637 654 1694 Deus
680 1643 1026 1713 omnipotens
1069 1663 1163 1704 eos
1191 1665 1301 1721 quo
1337 1654 1498 1711 vellet
1541 1672 1638 1714 sua
1681 1676 1807 1732 pro-

215 1723 455 1779 videntia
482 1729 824 1797 perduceret.
855 1733 925 1789 At
955 1736 1054 1804 illi,
1083 1752 1180 1807 per
1218 1742 1373 1798 devia
1403 1753 1459 1801 et
1485 1747 1628 1815 avia,
1658 1723 1807 1809 recto

216 1812 417 1871 itinere
464 1831 633 1888 usque
682 1820 751 1877 ad
797 1822 987 1880 cellam
1047 1838 1358 1887 sanctorum
1419 1849 1800 1905 pervenerunt.

1915 933 2197 1005 Apodemii
2227 945 2285 994 et
2311 938 2643 1010 reliquorum
2672 954 2929 1015 quatuor,
2958 949 3051 1021 qui
3079 967 3268 1012 omnes
3301 933 3496 1018 Satur;

1917 1022 2030 1076 nini
2059 1026 2232 1080 vocati
2262 1040 2383 1082 esse
2413 1028 2738 1087 referuntur.

1985 1112 2104 1168 XVI
2142 1114 2277 1171 ΚΑΙ..
2308 1117 2453 1172 Mm.
2482 1150 2553 1160 —
2581 1120 2639 1176 In
2683 1123 2906 1192 Achaia,
2949 1127 3167 1188 civitate
3208 1131 3491 1204 Corintho,

1912 1202 2169 1260 nativitas
2225 1215 2538 1264 sanctorum
2589 1210 2840 1282 Callixti,
2886 1215 3157 1288 Charisii,
3214 1202 3490 1294 Leonidis,

1911 1292 2265 1363 Christianae,
2293 1297 2488 1368 Gallae,
2518 1301 2822 1373 Theodori,
2861 1308 2954 1380 qui
3000 1325 3189 1370 omnes
3237 1316 3294 1371 iu
3338 1292 3492 1377 mare

1910 1393 2038 1440 sunt
2062 1386 2318 1444 demersi.
2958 1399 2991 1427 ‘

1979 1473 2036 1528 ln
2064 1474 2406 1545 Mauritania,
2438 1490 2640 1539 sanctze
2669 1482 2901 1542 Basilite.

1979 1562 2186 1633 Romae,
2212 1566 2424 1624 Aniceti
2450 1586 2602 1642 papae
2624 1574 2742 1644 :qui
2764 1578 2902 1633 sedit
2924 1578 2977 1633 in
2999 1580 3306 1654 episcopatu
3332 1590 3491 1647 annis

1907 1656 2180 1723 undecim,
2220 1668 2275 1713 et
2320 1663 2652 1737 temporibus
2687 1664 2874 1722 Severi
2916 1680 2972 1725 et
3015 1672 3178 1730 Marci
3228 1681 3489 1751 martyrio

1906 1756 2230 1815 coronatus,
2267 1750 2511 1821 sepultus
2551 1761 2636 1809 est
2682 1756 2737 1812 in
2780 1764 3092 1819 cmmeterio
3120 1750 3489 1829 Callirti.llic

1904 1837 2188 1894 constituit
2221 1848 2281 1894 ut
2308 1840 2489 1899 clerus
2522 1858 2733 1901 comam
2774 1863 2881 1903 non
2919 1853 3155 1910 nutriret
3189 1861 3487 1918 secundum

210 1901 426 1969 Quibus
452 1906 876 1969 discretissimus
900 1913 1106 1974 Fronto
1129 1901 1443 2008 conspectis
1464 1926 1574 1983 Deo
1601 1932 1804 2000 gratias
1834 1939 1879 2001 Β
1905 1937 2233 2001 praeceptum
2264 1933 2641 2002 apostolicum.

206 2009 405 2065 agens,
435 2005 491 2052 et
518 2000 804 2056 avaritiam
845 2018 1064 2073 cavens,
1097 2008 1378 2069 dimidium
1413 2000 1653 2075 omnium
1696 2023 1803 2080 sibi

204 2096 267 2140 et
312 2088 428 2143 suis
473 2093 790 2164 assumpsit,
822 2095 1103 2154 dimidium
1144 2116 1274 2159 vero
1312 2108 1536 2166 camelis
1582 2110 1805 2183 imposi-

204 2183 322 2229 tum
368 2176 587 2233 domino
633 2195 733 2237 suo
780 2198 878 2255 per
924 2184 1070 2257 ipsos
1122 2192 1357 2248 remisit.
1393 2194 1497 2263 Qui
1540 2176 1800 2260 miraculo

203 2268 366 2322 simul
408 2279 464 2325 et
502 2273 766 2331 beneficio
808 2279 1166 2349 stupefactus,
1207 2287 1461 2345 omnibus
1494 2292 1651 2348 annis
1679 2295 1799 2366 pari

202 2358 369 2413 modo
410 2364 612 2417 sanctis
643 2363 736 2420 Dei
766 2381 1041 2425 annonam
1070 2372 1528 2433 subministravit.
1560 2379 1678 2449 Qua
1712 2400 1798 2441 re-

198 2449 374 2504 creati
430 2460 487 2507 et
540 2453 771 2511 aliorum
821 2459 987 2516 etiam
1042 2463 1416 2533 religiosorum
1470 2471 1797 2534 adminiculo

197 2541 516 2608 sustentati,
549 2543 601 2598 in
635 2545 728 2600 Dei
756 2549 981 2604 servitio
1008 2555 1299 2622 perstitere
1326 2558 1528 2616 devoti.
1585 2572 1591 2576 ’

272 2628 414 2684 XVII
455 2631 586 2686 Kac.
620 2633 770 2691 Man.
801 2668 871 2678 —
903 2639 962 2694 In
1000 2641 1239 2712 Perside,
1280 2648 1502 2706 civitate
1535 2651 1791 2726 Cordula,

196 2716 458 2801 nativitas
494 2720 830 2794 Olympiadis
868 2738 929 2785 et
951 2729 1171 2788 Maximi
1206 2737 1493 2794 nobilium.
1527 2742 1660 2812 Qui,
1703 2716 1795 2819 ju;

193 2798 359 2862 bente
395 2808 554 2867 Decio
585 2812 817 2882 Cassarc,
850 2818 1083 2878 fustibus
1126 2825 1274 2895 caesi,
1317 2828 1511 2887 deinde
1534 2798 1789 2904 plumba-

196 2896 290 2961 tis,
317 2899 385 2952 ad
414 2899 661 2959 ultimum
690 2907 869 2977 capita
899 2923 1092 2969 eorum
1133 2917 1418 2977 securibus
1445 2896 1608 2980 tunsa
1637 2936 1787 2997 sunt,

193 2987 369 3043 donec
403 2990 652 3060 spiritum
680 2996 990 3056 redderent.

1977 2020 2070 2077 XV
2101 2023 2235 2078 Kac.
2264 2024 2414 2081 Man.
2443 2055 2515 2067 —
2540 2026 2599 2082 lu
2628 2028 2918 2087 Antiochia
2965 2035 3220 2095 nativitas
3268 2054 3485 2103 sancto-

1902 2126 2024 2167 rum
2060 2111 2208 2169 Petri
2250 2113 2464 2171 diaconi
2497 2124 2555 2172 et
2592 2116 2966 2194 Hermogenis,
3002 2123 3171 2197 Petri,
3204 2129 3486 2192 Fortunati

1900 2206 1955 2257 et
1983 2202 2257 2261 Martiani.

1968 2291 2029 2349 In
2049 2292 2253 2362 Africa,
2278 2297 2453 2354 sancti
2483 2297 2789 2383 Mappalici,
2825 2306 2916 2376 qui
2941 2322 3065 2365 cum
3087 2311 3209 2369 aliis
3235 2314 3485 2385 plurimis

1897 2394 1981 2443 est
2009 2396 2323 2457 coronatus,
2351 2399 2411 2446 ut
2448 2392 2515 2449 de
2550 2393 2657 2451 illis
2699 2394 2892 2456 beatus
2919 2399 3245 2475 Cyprianus,
3281 2408 3336 2464 in
3366 2412 3488 2481 epi-

1896 2476 2036 2533 stola
2063 2480 2131 2535 ad
2167 2491 2437 2553 martyres
2473 2493 2533 2540 et
2569 2486 2936 2557 eonfessores,
2968 2493 3073 2549 hoc
3100 2497 3261 2553 modo
3291 2476 3485 2557 scribit

1894 2566 2037 2624 inter
2071 2568 2175 2625 alia
2208 2585 2223 2624 :
2259 2589 2279 2623 ς
2308 2571 2475 2628 Istum
2504 2590 2651 2633 nunc
2678 2570 3053 2638 beatissimum
3082 2595 3396 2659 martyrem,
3424 2601 3486 2647 et

1892 2658 2029 2715 alios
2053 2658 2326 2733 principes
2350 2663 2590 2735 ejusdem
2615 2671 3050 2743 congregationis
3071 2684 3129 2731 et
3151 2658 3395 2749 comites,
3422 2682 3480 2739 in

1893 2751 1998 2811 fide
2024 2756 2266 2825 stabiles,
2296 2758 2349 2815 in
2373 2759 2558 2818 dolore
2584 2764 2879 2834 patientes,
2902 2768 2956 2823 in
2985 2772 3283 2840 quaestione
3302 2777 3481 2835 victo-

1891 2857 2000 2910 res,
2028 2854 2089 2901 ut
2128 2847 2312 2904 caeteri
2348 2863 2566 2922 quoque
2598 2857 2900 2923 sectemini,
2931 2867 2989 2914 et
3026 2870 3153 2931 Opto
3182 2865 3393 2936 pariter
3418 2860 3478 2926 et

1890 2936 2172 2992 exhortor.
2206 2936 2276 2994 Ut
2304 2954 2440 3009 quos
2468 2942 2741 2999 vinculum
2779 2942 3161 3018 confessionis,
3192 2964 3250 3010 et
3291 2957 3479 3029 hospi-

1886 3024 2023 3081 tium
2051 3029 2288 3085 carceris
2312 3030 2474 3086 simul
2494 3031 2698 3103 junxit,
2717 3035 2913 3110 jungat
2937 3040 3103 3099 etiam
3127 3024 3477 3108 consumma-

1888 3120 1965 3177 tio
1999 3122 2219 3181 virtutis
2244 3133 2301 3181 et
2327 3140 2527 3184 corona
2553 3130 2810 3188 caelestis.
2844 3152 2866 3187 ι

1955 3210 2074 3270 XIV
2116 3210 2253 3272 KAL.
2298 3215 2447 3273 Mm.
2485 3221 2752 3313 —AApud
2778 3224 3052 3288 Mesenam
3092 3231 3472 3313 [Messanam],

1738 3256 1741 3257 ,
1957 3256 2025 3267 ...
2048 3256 2061 3270 ,
2116 3256 2253 3272 ...πη
2298 3256 2447 3273 ..υ-ιιι
2485 3256 2558 3261 -
2593 3256 2752 3293 ηγυυ
2778 3256 3052 3288 uacuam
3092 3256 3472 3313 lmessanamj,

192 3256 384 3313 mitilla
426 3264 567 3331 apud
615 3265 849 3325 insulam
893 3271 1213 3334 Pontianam
1258 3280 1474 3356 longum
1522 3288 1779 3349 ducentes
1807 3302 1852 3366 ο
1883 3301 2090 3372 Apuliae
2142 3306 2440 3376 civitatem,
2475 3311 2733 3371 nativitas
2792 3328 3106 3379 sanctorum
3166 3338 3473 3401 martyrum

193 3349 466 3401 exsiliunL
494 3367 723 3401 eammm.
749 3360 801 3401 in
827 3360 1028 3401 Chl-icti
1069 3370 1407 3401 nnn'M-in-e
1431 3378 1511 3401 -⁵·
1539 3380 1669 3401 "ne
1704 3394 1715 3401 ‘
1885 3392 1943 3401 "‘
2046 3394 2057 3401 ‘
2146 3395 2178 3401 “
2298 3397 2309 3401 ’
2453 3399 2463 3401 “

1351 3349 1378 3356 ν
1809 3349 1852 3366 υ
1883 3349 1923 3357 --
1970 3349 2089 3360 *ην*
2144 3349 2440 3376 vum-ww:
2475 3349 2733 3371 unua-ao
2792 3349 3106 3379 κιιυιυωιιι
3166 3349 3310 3383 utart
3350 3349 3473 3388 rum

193 3349 466 3418 “summa
494 3367 724 3428 θεηκιυθ
747 3360 801 3416 in
827 3360 1029 3423 Christi
1068 3370 1409 3432 confessione
1428 3378 1516 3448 pio
1538 3380 1783 3442 foventes
1882 3349 2181 3451 Elreutherii
2228 3397 2468 3471 episcopi
2520 3409 2576 3458 et
2617 3402 2832 3461 Authia:
2872 3409 3066 3466 matris
3098 3411 3236 3483 ejus.
3272 3349 3375 3485 Qyui
3416 3420 3473 3475 in

193 3440 401 3485 ﬁttlnlin
436 3444 637 3485 invidia
670 3459 830 3485 alr-nn
869 3455 1223 3485 ςηοηηοηιε---
1281 3465 1452 3485 nuc-.-
1532 3471 1545 3484 .
1765 3477 1778 3485 .

192 3440 404 3507 solatio,
436 3444 641 3503 invidia
669 3459 831 3523 atque
867 3455 1227 3519 insectatione
1268 3440 1547 3525 Aurel-iani
1596 3477 1780 3545 sponsi

187 3541 246 3586 et
296 3540 660 3603 persecutoris
715 3542 852 3613 ejus,
880 3563 1043 3619 quem
1087 3552 1181 3608 illa
1224 3556 1295 3612 ob
1332 3557 1607 3617 Christum
1624 3540 1779 3622 con-

186 3636 508 3698 tempserat,
535 3637 878 3703 postmodum
905 3657 934 3696 a
962 3638 1204 3717 principe
1245 3648 1421 3706 Nerva
1463 3654 1637 3711 eidem
1670 3658 1779 3714 Au-

185 3720 397 3778 reliano
441 3724 495 3779 in
526 3731 841 3788 servitutem
876 3736 1057 3792 traditi
1083 3748 1229 3794 sunt.
1256 3741 1404 3809 Quos
1430 3744 1518 3801 ille
1541 3749 1776 3818 primum

182 3813 343 3880 quasi
382 3829 566 3872 servos
605 3834 703 3889 per
733 3835 829 3877 sua
859 3827 1057 3895 praedia
1091 3830 1332 3901 singulos
1365 3813 1562 3903 divisit,
1587 3840 1778 3911 jussit-

182 3916 295 3971 que
323 3918 419 3960 eos
446 3914 649 3964 terram
681 3910 867 3970 fodere
910 3931 1008 3987 per
1043 3920 1206 3987 diem,
1237 3924 1303 3978 ad
1332 3910 1615 3997 vesperum
1648 3949 1776 3990 vero

182 3994 506 4050 cantabrum
538 4000 636 4069 (ita
666 4012 790 4075 ms.)
822 4009 1165 4067 manducare.
1202 4014 1407 4072 Deinde
1428 3994 1773 4093 quampluri-

182 4096 309 4137 mos
346 4085 412 4139 ad
448 4087 608 4142 tidem
635 4089 837 4149 Christi
862 4109 986 4152 cum
1013 4112 1412 4173 converterent,
1440 4085 1494 4163 et
1519 4085 1772 4182 populum

182 4172 525 4231 credentium
551 4181 897 4252 ampliarent,
926 4190 1162 4260 repletus
1188 4194 1266 4249 ira
1298 4212 1329 4252 a
1357 4172 1605 4269 diabolo;
1626 4205 1774 4263 misit

180 4261 282 4332 qui
308 4265 458 4320 vario
485 4282 683 4338 genere
710 4287 995 4342 pinnarum
1025 4280 1411 4343 interficerent.
1445 4290 1577 4348 Nam
1608 4296 1774 4370 Euty-

182 4354 324 4408 chen
368 4354 746 4434 [Eutycheten]
780 4365 833 4419 in
873 4369 1046 4424 media
1078 4372 1163 4427 via
1214 4378 1398 4433 tandiu
1429 4385 1559 4439 caedi
1583 4354 1768 4457 jussit,

178 4441 359 4500 donec
398 4449 646 4518 spiritum
687 4455 980 4515 exhalaret.
1018 4461 1181 4531 Cujus

177 4533 344 4602 pnIus
373 4536 826 4600 Christianorum.
860 4548 1190 4610 Victorinum
1230 4533 1361 4615 vero
1404 4533 1546 4632 apud
1588 4533 1765 4627 locum

177 4635 345 4689 quem
387 4625 609 4685 Cotilias
656 4633 950 4703 appellant,
988 4640 1078 4696 ubi
1123 4657 1279 4715 aquae
1320 4625 1573 4718 putentes
1616 4625 1764 4714 ema:
1801 4651 1847 4710 Β

179 4721 315 4766 nant
340 4715 618 4786 sulphure,
640 4724 813 4794 capite
834 4727 1085 4787 deorsum
1107 4750 1206 4805 per
1229 4715 1391 4796 horas
1414 4752 1525 4801 tres
1547 4762 1769 4821 suspen-

178 4815 323 4867 sum,
355 4801 517 4871 jussit
564 4814 825 4881 torqueri.
876 4816 1028 4883 Quod
1074 4801 1197 4879 cum
1245 4842 1343 4897 per
1389 4801 1767 4912 triduumrpro

177 4895 399 4951 nomine
425 4897 625 4956 Christi
650 4920 939 4977 perpessus
968 4913 1179 4984 fuisset,
1203 4895 1455 4991 migravit
1482 4926 1549 4983 ad
1583 4895 1767 4990 Domi-

177 4998 330 5037 nuni.
363 4986 606 5060 Cumque
637 5009 740 5050 una
784 4999 872 5055 die
901 5001 1057 5070 jussu
1098 5007 1609 5103 Aureliani'corpus
1647 5021 1765 5092 ejus

177 5070 516 5103 inlunem-ﬂ...
550 5079 796 5103 :----s__c.
1166 5097 1177 5103 -
1260 5101 1269 5103 _

176 5070 516 5131 inhumatum
541 5079 824 5152 jacuisset,
858 5104 1123 5150 venerunt
1149 5070 1556 5163 Amitern‘euses
1577 5070 1758 5183 populi

176 5157 472 5183 m_,__,__.
540 5179 573 5183 ,_
703 5173 715 5183 .
901 5179 913 5183 -

174 5157 497 5233 Christiani,
526 5179 579 5224 et
604 5173 874 5243 rapientes
897 5179 953 5235 in
981 5196 1136 5241 suum
1170 5191 1501 5253 territorium
1532 5157 1761 5261 transtu-

173 5250 377 5309 lerunt.
420 5257 697 5320 Maronem
734 5278 938 5335 autem,
967 5275 1135 5334 misso
1177 5284 1355 5340 amico
1398 5303 1497 5345 suo
1540 5298 1784 5354 nomine

176 5343 403 5419 Turgio,
421 5352 586 5422 jussit
625 5359 765 5417 idem
795 5363 1119 5426 Aurelianus
1157 5374 1281 5431 duci
1310 5386 1363 5434 et
1389 5395 1520 5440 saxo
1553 5386 1757 5460 ingenti

173 5442 429 5538 tipprimi.
460 5445 589 5516 Sed,
615 5463 927 5527 protegente
966 5461 1216 5534 Domino,
1248 5468 1301 5522 in
1344 5472 1489 5530 nullo
1517 5442 1758 5538 eun:

176 5527 308 5585 dere
334 5543 643 5602 potuerunt.
671 5541 840 5611 Quem
871 5552 1197 5623 consularis,
1226 5571 1449 5631 accepto
1482 5566 1551 5622 ab
1584 5570 1755 5629 Aure-

176 5617 325 5732 liano
354 5638 638 5697 prmeepto,
673 5632 963 5696 interfecit.
992 5617 1200 5716 Corpus
1228 5617 1500 5725 vero‘ejus
1528 5662 1758 5732 populus

174 5707 518 5819 Ehristianus
554 5726 753 5794 rapuit,
787 5737 839 5784 et
869 5707 1136 5805 condigne
1167 5739 1371 5800 honore
1400 5707 1755 5819 apudru;bem

172 5797 433 5865 Picatum
457 5810 512 5866 in
540 5824 724 5872 monte
751 5818 931 5881 Aureo
958 5797 1224 5895 sepelivit.

538 5929 813 6010 Parnm.
864 5936 1151 6009 CXXXI.

1881 3485 2128 3556 Aquileia
2176 3489 2465 3561 episcopus
2510 3493 2811 3564 ordinatus,
2844 3498 3080 3569 primum
3127 3504 3361 3564 Felicem
3412 3520 3470 3567 et

1880 3575 2181 3635 Correnum
2230 3580 2548 3659 [Corebum]
2590 3588 3136 3652 comitesconvcrtit
3185 3599 3255 3654 ad
3302 3601 3467 3658 iidem

1878 3668 2105 3729 Christi.
2132 3671 2236 3741 Qui
2284 3674 2387 3731 sub
2421 3675 2663 3734 Adriano
2705 3680 3031 3751 imperatore
3076 3686 3303 3746 Romam
3342 3709 3473 3765 per-

1878 3760 2092 3828 ductus,
2121 3777 2246 3818 cum
2276 3774 2421 3820 esset
2458 3775 2512 3822 et
2555 3769 2915 3827 sanctimonia
2944 3775 3067 3831 vitae
3096 3786 3150 3833 et
3179 3780 3469 3840 miraculo-

1879 3866 1997 3905 rum
2028 3852 2229 3908 virtute
2260 3852 2505 3923 illustris,
2538 3857 2595 3912 in
2632 3859 2975 3919 confessione
3016 3865 3217 3924 Christi
3264 3870 3467 3930 lectum

1877 3938 2115 3997 ferreum
2144 3943 2394 4013 ignitum,
2424 3947 2745 4003 craticulam
2774 3951 2883 4021 igni
2916 3958 3214 4026 supposito,
3250 3970 3306 4017 et
3342 3978 3464 4018 sar-

1879 4030 2118 4101 taginem
2166 4032 2286 4088 oleo
2338 4034 2458 4103 pice
2502 4051 2565 4091 ac
2608 4038 2787 4094 resina
2827 4040 3124 4099 ferventem
3169 4061 3459 4118 superans,

1874 4121 2117 4180 leonibus
2154 4141 2371 4197 quoque
2416 4127 2724 4198 projectus,
2762 4136 2856 4190 sed
2903 4137 2984 4193 eis
3040 4139 3305 4212 mitigatis
3350 4160 3459 4199 non

1873 4212 2052 4283 laesus,
2082 4217 2378 4275 novissime
2407 4236 2516 4275 una
2543 4238 2668 4279 cum
2693 4236 2867 4282 matre
2890 4229 3066 4301 gladio
3087 4233 3384 4303 jugulatur.

1942 4304 2147 4374 Roma),
2176 4307 2453 4365 Parthenii
2484 4320 2539 4366 et
2566 4313 2827 4371 Calocerii
2858 4318 3170 4394 [Caloceri].
3304 4316 3307 4317 ⁷

1940 4397 2074 4452 Item
2119 4398 2321 4467 Roma,
2347 4401 2620 4472 Apollonii
2664 4410 2974 4465 senatoris:
3006 4413 3095 4481 qui
3142 4416 3243 4473 sub
3289 4417 3456 4477 Com-

1222 4482 1419 4539 corpus
1458 4478 1636 4547 rapuit
1675 4490 1770 4550 po-
1851 4489 2031 4549 .modo
2069 4491 2311 4561 principe
2356 4507 2385 4546 a
2436 4510 2595 4551 servo
2641 4501 2885 4569 proditus
2932 4478 3074 4573 quod
3113 4506 3457 4572 Christianus

1872 4588 2036 4647 esset,
2070 4582 2413 4652 imperatoris
2442 4595 2501 4643 ut
2544 4590 2809 4647 rationem
2860 4595 2983 4653 fidei
3026 4615 3137 4656 sua:
3184 4605 3454 4677 redderet,

1874 4668 2083 4741 insigne
2114 4672 2361 4729 volumen
2386 4680 2709 4748 composuit,
2737 4686 2883 4752 quod
2917 4686 2970 4742 in
3005 4700 3196 4748 senatu
3222 4694 3370 4768 legit,
3398 4712 3456 4756 et

1867 4760 2219 4819 nihilominus
2270 4769 2541 4824 sententia
2601 4781 2821 4830 senatus
2863 4783 2966 4846 pro
3008 4778 3227 4839 Christo
3274 4760 3454 4857 capite

1867 4862 2182 4919 truncatur;
2226 4858 2399 4913 veteri
2439 4862 2581 4931 apud
2623 4878 2718 4921 eos
2759 4866 2877 4940 lege
2915 4871 3212 4938 obtinente,
3247 4878 3454 4950 absque

1864 4946 2151 5017 negatione
2175 4962 2283 5003 non
2319 4950 2516 5008 dimitti
2546 4946 2887 5019 Christianos
2913 4967 3005 5036 qui
3050 4968 3217 5025 semel
3252 4973 3317 5026 ad
3356 4991 3450 5032 eo-

1864 5054 1982 5095 rum
2003 5038 2264 5109 judicium
2291 5049 2552 5115 protracti
2587 5047 2837 5110 fuissent.

1932 5149 1991 5205 ln
2023 5149 2271 5210 Salonica
2297 5154 2517 5215 civitate
2552 5162 2808 5222 nativitas
2842 5170 3018 5226 sancti
3042 5166 3289 5243 jSeplimi
3319 5179 3436 5234 dia-

1862 5241 2007 5299 coni.
2076 5246 2079 5247 ⁷

1931 5358 1990 5414 In
2015 5358 2219 5429 Africa,
2251 5360 2486 5423 Victoris
2513 5382 2635 5425 cum
2663 5371 2828 5428 sociis
2853 5376 2989 5432 suis.

1933 5467 2046 5525 Xlll
2069 5471 2203 5529 ΚΑι..
2232 5474 2379 5533 Mm.
2402 5508 2472 5519 —
2492 5480 2644 5552 Apud
2668 5484 2988 5542 Corinthum
3020 5493 3273 5554 nativitas
3294 5500 3441 5561 beati

1866 5556 2107 5617 Timonis
2133 5563 2200 5619 de
2236 5564 2344 5621 illis
2368 5578 2572 5639 septem
2602 5575 2792 5642 primis
2817 5578 3156 5639 diacouibus.

1931 5648 1989 5725 in
2024 5671 2303 5745 Armenia,
2334 5678 2555 5738 civitate
2585 5683 2824 5744 Militana
2873 5690 3197 5771 [Melinum],
3241 5706 3437 5761 nativi-

1863 5770 1949 5821 ιθθ
1984 5767 2294 5830 “multum
2324 5768 2692 5850 Hermogenis.
2742 5779 2883 5852 can,
2929 5767 3437 5869 ΕξροόίιῖνΔτὶειο-

2024 5856 2142 5879 ..__..
2194 5859 2294 5879 ,τι
2492 5874 2506 5879 ,
2596 5872 2625 5879 Α.
3272 5874 3275 5879 .

1864 5855 1991 5925 uici,
2024 5856 2169 5928 Ruﬁ,
2191 5859 2423 5933 Galatia;
2442 5874 2549 5925 uno
2572 5872 2667 5929 die.
2693 5855 3089 6026 coronam'éign.
