4046 6454
486 467 489 470 '
569 445 710 504 £067

1471 442 1533 500 Β.
1573 439 1878 501 NOTKEIH
1915 439 2208 501 BALBULI
2249 440 2307 498 S.
2348 439 2550 501 GALLI
2592 441 2893 507 MONACHI

3703 450 3843 509 i068

634 553 979 617 Caucoliberi
1014 553 1293 625 Hispania
1312 553 1570 611 nativitas
1601 553 1661 611 S.
1698 552 1969 617 Vincentii
2003 569 2150 609 mar-
2180 562 2223 620 Α
2255 566 2413 612 erant
2445 559 2773 630 presbyteri,
2815 562 2905 619 alii
2947 562 3286 621 diversorum
3335 562 3588 620 Ordinum
3629 564 3842 630 clerici,

577 651 735 721 tyris.
1187 697 1191 700 .

530 754 545 781 δ
639 740 735 797 χιι
758 740 894 799 Κιιι.
925 736 1383 803 Mam—Roma,
1414 733 1471 791 S.
1505 733 1742 792 Victoris
1764 733 2027 806 episcopi,
2061 736 2153 805 qui

569 838 764 894 tertius
813 836 1055 892 decimus
1082 842 1206 904 post
1252 834 1467 888 beatum
1514 832 1740 897 Petrum
1778 833 1921 888 rexit
1960 833 2152 890 Eccle-

568 931 706 987 siam
736 944 910 985 annos
938 929 1148 1005 decem,
1179 933 1234 981 et
1263 924 1365 981 sub
1391 923 1595 981 Severo
1618 926 1864 1001 principe
1892 927 2154 997 martyrio

569 1029 861 1077 coronatus
883 1027 986 1076 est.
1027 1018 1127 1073 llic
1154 1017 1437 1073 constituit
1463 1025 1524 1073 ut
1547 1026 1793 1074 sanctum
1833 1014 2038 1073 Pascha
2067 1019 2154 1074 die

567 1111 854 1170 Dominico
908 1108 1298 1173 celebraretur,
1344 1116 1400 1163 et
1445 1124 1476 1164 a
1520 1109 1709 1179 quinta
1764 1109 1975 1165 decima
2027 1110 2154 1165 luna

567 1200 730 1272 primi
767 1199 970 1265 mensis
996 1209 1168 1269 usque
1211 1198 1265 1254 in
1303 1198 1616 1254 vicesimam
1643 1199 1875 1268 primam
1903 1197 2158 1255 observa-

570 1297 741 1346 retur.
785 1288 941 1358 Quod
978 1298 1208 1344 eatenus
1246 1295 1403 1344 sexta
1432 1289 1520 1345 die
1560 1288 1681 1344 Kal.
1723 1288 1927 1358 Aprilis
1955 1289 2159 1359 absque

569 1380 731 1436 ullius
759 1381 867 1436 diei
904 1380 1232 1435 discretione
1279 1380 1364 1436 vel
1410 1380 1549 1434 lunae
1593 1380 1976 1436 observatione
2018 1380 2160 1435 cele-

569 1470 788 1524 bratum
820 1475 924 1523 est.
978 1469 1045 1522 Et
1091 1468 1379 1524 constituit
1417 1476 1497 1535 ut,
1534 1463 1858 1525 necessitate
1907 1479 2157 1540 cogente,

568 1561 688 1617 sive
719 1561 771 1614 in
808 1559 1033 1615 ﬂumine
1078 1559 1197 1614 sive
1233 1560 1286 1615 in
1319 1561 1476 1626 mari,
1513 1560 1628 1616 sive
1673 1560 1729 1614 in
1781 1553 2160 1616 fontibns'snb

570 1651 882 1707 Christiana
911 1648 1281 1717 confessione,
1321 1651 1633 1721 quicunque
1656 1650 1909 1707 homines
1933 1665 2000 1706 ex
2027 1666 2163 1719 gen-

569 1742 758 1799 tilibus
786 1743 1062 1797 venientes
1087 1742 1516 1811 baptizarentur.
1878 1778 1885 1785 ο

644 1831 781 1887 ltem
806 1831 1015 1898 Romus,
1043 1841 1357 1887 sanctorum
1381 1837 1680 1902 martyrum
1706 1828 1923 1900 Sulpitii
1952 1837 2008 1884 et
2034 1829 2160 1885 Ser-

2253 645 2414 716 longo
2441 657 2683 716 tempore
2710 661 3023 706 maceratus
3049 662 3155 707 est.
3186 653 3388 708 Deinde
3423 652 3682 709 omnibus
3711 664 3840 712 ante

2244 752 2311 795 se
2340 739 2644 804 trucidatis,
2682 740 2749 793 ad
2775 749 3080 796 extremum
3109 753 3165 797 et
3202 743 3317 813 ipse
3346 743 3558 798 lictoris
3588 744 3699 799 ictu
3727 761 3846 815 per-

2252 839 2466 890 cussus,
2508 828 2748 897 martyrii
2778 828 3016 899 palmam
3050 840 3331 899 assecutus
3363 841 3469 888 est.
3495 831 3627 887 Erat
3659 843 3843 890 autem

2242 924 2405 974 ,sexta
2448 914 2581 969 feria
2620 918 2935 986 septimana:
2964 919 3207 990 majoris,
3236 919 3291 975 in
3334 937 3441 992 qua
3470 932 3600 979 ante
3640 922 3845 979 Resur—

2248 1005 2512 1065 rectionis
2545 1004 2917 1072 festivitatem,
2949 1024 3127 1074 annua
3177 1010 3446 1078 passionis
3472 1008 3679 1065 Christi
3732 1026 3843 1066 tne-

2256 1096 2428 1151 moria
2454 1097 2783 1152 celebratur.
2816 1097 2966 1154 Passi
3015 1110 3141 1155 sunt
3175 1117 3299 1155 cum
3325 1117 3393 1155 eo
3417 1103 3584 1157 etiam
3614 1100 3848 1157 Ustaza-

2256 1189 2340 1267 dis
2360 1189 2619 1245 nutritius
2647 1186 2790 1262 regis
2814 1187 3065 1259 et'majnr
3089 1193 3253 1262 regia:
3279 1194 3491 1260 domus,
3524 1203 3583 1248 et
3618 1194 3847 1250 Abdella

2250 1290 2421 1352 atque
2468 1281 2712 1338 Ananias
2738 1283 3076 1339 venerabiles
3107 1299 3288 1351 senes,
3336 1294 3392 1340 et
3418 1284 3666 1341 Pusitius
3699 1286 3851 1356 prin-

2257 1388 2386 1443 ceps
2427 1373 2697 1429 artiﬁcum
2728 1375 3011 1446 regalium,
3060 1390 3129 1431 eo
3158 1378 3301 1445 quod
3334 1377 3525 1432 videns
3554 1376 3847 1447 pmfatnm

2256 1478 2442 1520 senem
2486 1462 2753 1519 Ananiam
2788 1466 2888 1521 sub
2936 1467 3043 1521 ictu
3074 1467 3236 1538 gladii
3281 1478 3634 1536 trementem,
3666 1468 3851 1525 excla-

2258 1555 2488 1610 maverit
2514 1554 2867 1623 confidenter,
2913 1557 3137 1613 dicens:
3171 1576 3190 1611 ι
3219 1559 3527 1625 Paululum,
3572 1575 3608 1615 o
3652 1576 3848 1627 senex,

2258 1646 2450 1702 claude
2487 1646 2694 1712 oculos,
2724 1656 2779 1703 et
2821 1663 3047 1704 securus
3070 1658 3211 1714 esto,
3258 1665 3383 1706 mox
3408 1650 3615 1706 Christi
3638 1653 3852 1708 videbis

2259 1746 2562 1807 aspectum.
2596 1755 2614 1789 ι
2675 1737 2811 1792 Filia
2859 1752 3073 1810 quoque
3119 1738 3357 1809 ejusdem
3408 1740 3643 1808 Pusitii,
3697 1743 3852 1815 virgo

2260 1843 2437 1893 sacra,
2469 1837 2745 1899 perempta
2773 1840 2879 1886 est.
3159 1844 3161 1847 '
3304 1840 3311 1849 '
3578 1856 3581 1859 λ

567 1921 777 1977 viliani.
806 1920 908 1986 Qui
938 1920 1323 1989 praedicatione
1353 1926 1409 1974 et
1440 1919 1718 1975 miraculis
1758 1919 1929 1974 beata:
1958 1918 2159 1974 Flavia:
2193 1905 2235 1963 Β
2332 1920 2381 1975 Χ
2422 1919 2555 1974 Κλι..
2587 1919 2735 1976 Mm.
2757 1952 2829 1961 —
2854 1921 3065 1987 Romae,
3100 1923 3186 1978 via
3223 1924 3422 1995 Appia,
3450 1924 3506 1978 in
3532 1928 3851 1982 cmmeterio

574 2008 865 2066 Domitillae
920 2008 988 2064 ad
1035 2007 1194 2064 ﬁdem
1250 2007 1451 2064 Christi
1491 2008 1763 2073 conversi,
1818 2022 1938 2076 quae
1989 2008 2155 2062 etiam

570 2116 802 2172 sponsas
850 2114 1041 2156 eorum
1104 2098 1447 2161 Theodoram
1510 2107 1566 2154 et
1622 2098 2034 2170 Euphrosynam
2090 2098 2159 2162 ad

571 2205 723 2262 spem
756 2190 882 2245 vita:
920 2197 1138 2245 αξιοι-πω
1171 2197 1227 2244 et
1261 2186 1729 2258 perseverantiam
1766 2198 1971 2267 sancta:
1999 2188 2158 2258 virgi-

569 2281 760 2337 nitatis
802 2279 1015 2336 lucrata
1072 2279 1290 2346 luerat,~
1318 2279 1702 2349 persecutione
1747 2277 1991 2349 Trajani,
2035 2292 2158 2334 cum

569 2370 780 2427 nollent
829 2369 988 2426 idolis
1029 2369 1334 2435 immolare,
1377 2384 1407 2424 a
1445 2367 1703 2439 praelecto
1740 2367 1906 2426 Urbis
1947 2369 2161 2426 Aniano

570 2461 750 2532 capite
773 2461 898 2516 cazsi
925 2469 1074 2517 sunt.
1098 2459 1339 2529 Quorum
1365 2476 1593 2532 corpora
1618 2461 1912 2519 Christiani
1942 2463 2159 2535 rapieno

498 2554 501 2559 λ
573 2559 684 2616 tes,
724 2560 1027 2623 posuerunt
1072 2551 1126 2608 in
1161 2552 1365 2624 praedio
1401 2567 1613 2621 eorum,
1646 2553 1734 2611 via
1779 2552 1996 2621 Latina,
2038 2555 2161 2610 mil-

571 2641 730 2697 liario
756 2644 1011 2699 secundo.

641 2732 843 2789 Eodem
873 2733 958 2788 die
981 2734 1034 2787 in
1059 2731 1269 2800 Galliis,
1298 2733 1522 2789 civitate
1544 2732 1938 2797 Ebreounenst,
1964 2732 2162 2788 nativi-

570 2830 657 2878 tas
687 2823 859 2878 sancti
884 2821 1144 2889 Marcelli,
1174 2823 1335 2893 primi
1378 2821 1622 2892 ejusdem
1657 2822 1807 2879 urbis
1834 2822 2074 2896 episcopi
2103 2831 2158 2880 et

568 2912 923 2968 confessoris.
986 2905 1089 2980 Qu'l
1142 2913 1326 2969 divino
1359 2912 1514 2981 jussu
1560 2929 1685 2969 cum
1736 2916 1943 2971 sanctis
1995 2916 2161 2972 sociis

571 3001 860 3058 Vincentio
888 3010 943 3057 et
994 3001 1230 3058 Domnio
1256 3017 1323 3057 ex
1364 3002 1549 3059 Africa
1575 3003 1820 3071 veniens,
1867 3006 2159 3061 maximam

568 3104 783 3166 partem
821 3093 1038 3166 Alpium
1081 3094 1494 3163 Maritimarum,
1519 3094 1687 3152 verbo
1710 3104 1766 3152 et
1789 3096 1957 3168 signis
1995 3097 2160 3153 admi-

508 3186 511 3189 ’
569 3186 778 3252 randis,
818 3186 1015 3256 quibus
1044 3200 1217 3256 usque
1244 3184 1405 3240 hodie
1440 3184 1690 3259 refulget,
1722 3186 1791 3241 ad
1817 3186 1976 3243 ﬁdem
1999 3186 2160 3243 Chri—

571 3279 642 3336 sti
691 3279 980 3355 convertit.
1027 3277 1109 3333 lta
1136 3286 1195 3333 ut
1242 3257 1622 3350 baptisterium
1667 3278 1809 3350 quod
1854 3280 1970 3350 ipse
2011 3280 2153 3351 apud
2184 3257 2228 3319 ε

567 3369 850 3444 praefatam
878 3369 1067 3428 urbem
1097 3369 1357 3437 condidit,
1389 3370 1445 3426 in
1490 3371 1857 3428 sacrosanctis
1884 3369 2160 3427 Paschalis

572 3464 701 3520 festi
731 3462 955 3535 vigiliis,
1003 3462 1185 3517 divina
1203 3462 1403 3519 virtute
1432 3462 1656 3535 singulis
1684 3462 1844 3517 annis
1880 3461 2036 3531 aquis
2072 3478 2162 3517 su-

569 3554 704 3610 bitis
737 3552 1116 3619 inundaretur,
1162 3561 1218 3608 et
1247 3567 1344 3624 per
1381 3561 1586 3624 septem
1626 3553 1865 3625 ejusdem
1909 3552 2161 3608 solemni-

572 3644 703 3700 tatis
727 3643 841 3700 dies
867 3643 1045 3716 gratia
1074 3629 1412 3699 exuberante
1439 3651 1776 3714 permaneat.
1809 3641 2161 3699 Venerabiles

568 3735 710 3809 socii
733 3734 870 3805 ejus,
912 3735 1054 3806 apud
1095 3735 1432 3791 Dimensium
1475 3736 1662 3791 urbem
1704 3733 1926 3801 conditi,
1964 3732 2161 3805 glorio-

573 3827 652 3884 sis
680 3827 1035 3883 nihilominus
1068 3825 1349 3882 miraculis
1374 3826 1847 3882 commendantur.

643 3917 872 3973 XIKAL.
899 3916 1048 3972 Man.
1076 3947 1145 3957 —
1172 3916 1232 3972 In
1278 3917 1408 3972 Asia
1453 3917 1710 3971 nativitas
1757 3914 1933 3971 sancti
1983 3912 2159 3969 Maxi-

574 4008 709 4063 mini
749 4009 1028 4080 martyris,
1060 4008 1152 4078 qui
1185 4017 1427 4079 tempore
1457 4008 1606 4065 Decii
1637 4006 1984 4078 imperatoris
2008 4005 2162 4060 obla-

571 4106 665 4166 tus
709 4106 793 4155 est
815 4098 1149 4171 proconsuli,
1173 4099 1393 4153 nomine
1440 4098 1677 4168 Optimo.
1703 4098 1805 4164 Qui
1831 4096 2161 4170 cumabeo

576 4188 865 4244 tormentis
884 4196 1167 4260 cogeretur
1194 4186 1261 4242 ad
1289 4185 1708 4242 sacriﬁcandum
1744 4185 1921 4250 idolis,
1951 4192 2007 4239 et
2046 4185 2161 4239 nol—

574 4281 684 4348 let,
717 4281 794 4336 ~in
843 4279 1073 4351 equuleo
1109 4279 1202 4336 diu
1244 4287 1437 4347 tortus,
1468 4277 1533 4334 ad
1563 4285 1861 4333 extremum
1894 4277 2162 4349 lapidibus

570 4382 663 4449 est
691 4386 1005 4444 oppressus.

643 4464 801 4534 Apud
827 4462 1215 4520 Alexandriam
1241 4461 1503 4517 nativitas
1526 4468 1837 4516 sanctorum
1855 4458 2159 4526 Fortunati,

2261 2009 2496 2074 Callisti,
2535 2011 2790 2069 nativitas
2814 2014 2993 2069 sancti
3019 2012 3137 2069 Gaii
3169 2030 3341 2084 papae.
3368 2014 3471 2082 Qui
3503 2030 3629 2070 cum
3664 2016 3855 2072 Eccle-

2260 2099 2394 2156 siam
2418 2100 2668 2156 undecim
2692 2117 2887 2170 annos,
2913 2117 3126 2160 menses
3150 2114 3403 2175 quatuor,
3429 2105 3546 2160 dies
3565 2105 3854 2162 duodecim

2266 2192 2521 2257 rexisset,
2558 2194 2835 2266 martyrio
2884 2203 3179 2263 coronatus
3238 2205 3325 2251 est
3367 2197 3470 2251 sub
3515 2198 3855 2255 Diocletiano

2261 2281 2613 2353 imperatore.
2662 2283 2862 2347 Frater
2909 2294 3093 2341 autem
3150 2286 3267 2356 ejus
3336 2286 3532 2343 beatus
3580 2287 3852 2348 Gabinius

2260 2373 2566 2444 presbyter,
2611 2375 2666 2431 in
2721 2377 2906 2433 multis
2961 2377 3299 2433 clarissimus
3343 2380 3693 2448 passionihus
3734 2381 3848 2451 jam

2263 2464 2479 2520 ﬁnierat
2508 2465 2838 2537 triumphum
2866 2468 3106 2524 victoria:
3140 2480 3277 2533 sum,
3307 2469 3408 2523 sub
3443 2470 3643 2526 eodem
3685 2470 3856 2541 impio

2268 2553 2538 2624 principe,
2571 2555 2860 2611 undecimo
2889 2555 3162 2614 Kalendas
3209 2556 3412 2613 Martii.
3445 2557 3548 2613 llic
3568 2561 3857 2614 constituit

2261 2651 2323 2700 ut
2360 2658 2469 2715 per
2504 2658 2698 2701 omnes
2738 2646 2977 2716 primum
3013 2648 3215 2715 gradus
3261 2650 3589 2705 ascenderet
3624 2650 3673 2705 si
3729 2653 3851 2721 quis

2259 2734 2547 2810 episcopus
2569 2734 2688 2791 ﬁeri
2730 2745 3052 2804 mereretur,
3078 2737 3131 2793 id
3156 2748 3262 2801 est,
3300 2747 3359 2794 ut
3391 2750 3541 2795 esset
3561 2741 3850 2805 ostiarius,

2260 2824 2454 2891 lector,
2484 2827 2779 2893 exorcista,
2810 2826 3197 2895 subdiaconus,
3228 2830 3510 2896 diaconus,
3529 2833 3848 2903 presbyter,

2262 2926 2320 2975 et
2361 2917 2605 2979 libellum
2647 2919 2805 2977 valde
2848 2920 3035 2977 utilem
3082 2922 3151 2978 de
3190 2909 3578 2986 lucarnatione
3633 2924 3847 2979 Domini

2261 3008 2609 3076 conscripsit.
3076 3028 3084 3037 ·
3346 3028 3351 3033 ~

2331 3096 2461 3155 Item
2486 3098 2702 3169 Agapiti
2744 3098 3040 3170 pontiﬁcis,
3079 3100 3171 3171 qui
3203 3101 3344 3157 sedit
3368 3099 3558 3157 Romae
3595 3103 3849 3159 undecim

2263 3200 2497 3245 menses.
2528 3187 2595 3243 Et
2625 3188 2906 3260 ingressus
2935 3190 3458 3263 Constantinopolim
3486 3193 3561 3247 ad
3584 3193 3849 3251 Iustinia-

2260 3293 2389 3333 num
2408 3277 2831 3347 imperatorem,
2849 3280 3201 3339 Anthemium
3240 3282 3556 3353 episcopum
3586 3282 3853 3340 Constan-

2263 3369 2701 3440 tinopolitanum,
2745 3370 2837 3440 qui
2883 3371 3022 3428 duas
3067 3378 3291 3428 naturas
3330 3372 3385 3427 in
3416 3373 3647 3430 Christo
3697 3389 3855 3446 nega-

2261 3459 2373 3525 bat,
2427 3460 2695 3529 deposuit,
2743 3469 2801 3517 et
2852 3462 2907 3518 in
2929 3462 3051 3534 ejus
3094 3463 3218 3519 loco
3270 3463 3485 3521 Menam
3520 3466 3852 3523 catholicum

2260 3550 2619 3607 consecravit.
2762 3569 2767 3573 '
2996 3590 3001 3595 -

2332 3638 2388 3694 lu
2416 3639 2661 3707 Perside,
2708 3641 2932 3698 civitate
2960 3642 3217 3710 Cordula,
3253 3645 3509 3701 nativitas
3536 3658 3850 3701 sanctorum

2260 3729 2556 3797 Parmenii,
2595 3730 2800 3809 Helinae
2834 3731 3177 3808 [llelimentr]
3215 3744 3270 3799 et
3293 3736 3603 3807 Chrysoteli
3631 3738 3853 3809 presby-

2256 3831 2528 3889 terorum,
2551 3832 2607 3879 et
2639 3808 2801 3880 Luca:
2828 3834 2884 3882 et
2927 3825 3095 3882 Marci
3140 3828 3491 3885 diaconorum
3517 3828 3589 3883 de
3616 3808 3849 3901 Babylo-

2262 3912 2373 3966 nia.
2405 3910 2646 3979 Quorum
2673 3914 2883 3983 primus
2910 3915 3135 3984 praecisa
3164 3917 3548 3989 etiamlingua
3593 3917 3849 3988 loqueba-

2266 4012 2372 4059 tur.
2406 4003 2610 4060 Omnes
2639 4004 2694 4060 in
2732 4007 2966 4076 equuleo
3007 4010 3255 4080 suspensi
3284 4018 3340 4065 et
3367 4011 3601 4066 nexibus
3632 4012 3848 4067 attracti

2262 4100 2406 4148 sunt.
2440 4093 2642 4149 Deinde
2672 4093 2890 4151 laminis
2912 4096 3229 4154 ardentibus
3257 4098 3402 4154 circa
3432 4098 3606 4155 latera
3634 4102 3852 4171 apposi-

2264 4182 2333 4236 tis
2356 4181 2598 4249 ustulati,
2625 4192 2680 4238 et
2711 4185 2981 4253 unguibus
3005 4185 3254 4254 lacerati,
3283 4188 3351 4241 ad
3386 4188 3639 4243 ultimum
3674 4191 3849 4260 gladio

2264 4273 2520 4349 trucidati
2570 4284 2718 4341 sunt,
2756 4286 3027 4347 prasente
3076 4287 3431 4351 persecutore
3474 4279 3665 4336 Decio.
3706 4280 3848 4337 Serio

2264 4373 2421 4436 ptum
2444 4365 2550 4421 hoc
2582 4374 2668 4420 est
2694 4367 2748 4421 in
2780 4367 3038 4437 passione
3058 4369 3234 4425 sancti
3262 4368 3567 4426 Laurentii.

2331 4456 2464 4514 ltetn
2511 4458 2564 4512 in
2596 4457 2844 4524 Perside,
2886 4468 3200 4515 sanctorum
3239 4468 3548 4530 martyrum
3589 4460 3849 4532 plurimo-

574 4554 824 4611 Aratoris
852 4553 1176 4626 presbyteri,
1226 4552 1445 4620 Felicis,
1493 4551 1671 4616 Silvii,
1716 4551 1925 4617 Vitalis,
1972 4551 2064 4620 qui
2106 4550 2162 4605 in
2197 4602 2240 4626 η
2267 4566 2409 4617 rum,
2437 4548 2797 4621 qui,jubente
2832 4549 3077 4620 Saphore
3100 4548 3355 4623 [Sapore]
3384 4549 3674 4607 Persarum
3702 4565 3846 4621 rege.

575 4660 799 4701 carcere
822 4645 1162 4715 quieverunt.

647 4734 854 4801 Romae,
884 4734 1056 4791 sancti
1091 4732 1342 4790 Sotheris
1368 4746 1542 4804 papae,
1575 4730 1666 4802 qui
1697 4729 1836 4787 sedit
1862 4729 1916 4784 in
1945 4730 2158 4801 episco-

571 4835 702 4901 patu
741 4840 911 4882 annos
957 4840 1172 4893 novem,
1222 4826 1574 4897 sepultusque
1618 4831 1701 4879 est
1747 4823 1802 4877 in
1842 4824 2159 4878 cmnieterio

571 4921 720 4978 beati
748 4918 988 4977 Callixti.
1022 4917 1124 4974 Hic
1151 4918 1434 4975 constituit
1462 4925 1523 4973 ut
1551 4916 1701 4989 nulla
1744 4915 2008 4987 monacha
2047 4915 2159 4985 pal-

570 5009 683 5067 lam
709 5018 984 5066 sacratam
1017 5008 1355 5080 contingeret
1396 5008 1452 5064 in
1474 5005 1729 5073 ecclesia,
1758 5020 1934 5079 neque
1976 5006 2157 5061 inccn-

564 5116 694 5160 sum
723 5107 969 5175 poneret.
1362 5162 1365 5163 ν

639 5192 699 5247 1η
727 5191 944 5249 Perside
970 5188 1224 5245 nativitas
1263 5188 1440 5244 sancti
1483 5185 1756 5243 Simeoms
1777 5186 2015 5257 episcopi
2049 5184 2152 5242 Se-

563 5283 780 5349 leucire,
809 5291 864 5337 et
886 5280 1263 5351 Ctesiphontis
1287 5279 1551 5352 regalium
1581 5279 1886 5333 civitatum.
1918 5275 2019 5345 Qui
2042 5293 2162 5348 per-

574 5374 858 5431 secutione
904 5371 1168 5443 Saphu’ris
1217 5368 1489 5445 [Saporis]
1540 5369 1684 5441 regis
1730 5362 2042 5434 Persarum,
2068 5366 2158 5436 ju-

568 5468 677 5525 ben
688 5477 740 5524 te
765 5468 956 5524 eodem
998 5476 1247 5538 tyranno,
1278 5465 1719 5535 comprehensus
1738 5461 2000 5532 ferroque
2024 5476 2159 5517 onu-

571 5568 710 5627 stus,
762 5574 887 5616 cum
943 5558 1145 5628 iniquis
1198 5557 1644 5635 tribulationibus
1672 5554 1808 5625 ;ejus
1851 5554 2160 5624 aspectibus

571 5651 868 5718 exhibitus,
912 5650 981 5706 de
1024 5649 1255 5706 Domino
1296 5648 1422 5704 Jesu
1468 5647 1684 5721 Christo
1729 5646 1897 5702 libera
1938 5650 2073 5721 voce
2108 5651 2163 5699 et

572 5740 1011 5796 constantissima
1066 5749 1378 5805 teSIaretur,
1427 5720 1661 5809 primum
1698 5722 1967 5791 carcerali
2008 5720 2166 5805 erga-

579 5818 721 5887 stulo
747 5834 870 5887 eum
912 5829 1034 5887 aliis
1060 5841 1298 5899 centum,
1343 5828 1599 5913 e’quihus
1639 5810 1731 5883 alii
1773 5816 2015 5898 episcopi
2069 5824 2162 5910 alii

2188 4602 2242 4661 Ι)

2266 4656 2447 4696 annuo
2492 4641 2580 4697 die
2618 4644 3030 4721 cumpassionis
3073 4644 3370 4713 Dominica:
3413 4646 3679 4700 memoria
3714 4646 3847 4701 cele-

2265 4731 2473 4798 bratur,
2521 4746 2619 4804 per
2656 4741 2824 4790 totam
2870 4734 3111 4793 Persidis
3152 4736 3429 4807 regionem
3470 4737 3605 4791 tcnti
3645 4751 3710 4791 ac
3749 4751 3846 4806 pro

2263 4821 2465 4878 Christi
2511 4823 2730 4879 nomine
2776 4822 2956 4895 gladio
3001 4833 3129 4880 sunt
3161 4822 3431 4896 jugulati.~
3460 4824 3520 4879 ln
3557 4840 3669 4894 quo
3723 4823 3843 4877 ﬁdei

2264 4911 2565 4968 certamine
2591 4926 2787 4983 passus
2806 4920 2892 4968 est
2918 4914 3083 4969 etiam
3118 4913 3362 4970 Milesius
3388 4912 3612 4986 [Milles]
3640 4914 3845 4984 θρίω».

2263 5018 2384 5074 pus,
2413 5003 2705 5060 sanctitate
2728 5013 2785 5059 et
2810 5004 3195 5065 miraculorum
3225 5004 3393 5077 gloria
3428 5005 3680 5075 insignis.
3714 5007 3847 5059 Ace-

2262 5091 2466 5169 psimas
2502 5109 2718 5163 quoque
2764 5094 3054 5164 episcopus
3093 5110 3220 5151 cum
3252 5096 3577 5167 presbytero
3624 5112 3724 5151 suo
3750 5095 3840 5147 Ja-

2259 5186 2417 5251 cobo,
2449 5195 2503 5241 et
2551 5185 2761 5243 Mareas
2792 5197 2848 5242 et
2885 5187 3045 5245 Bicor
3072 5184 3428 5245 nihilominus
3451 5188 3692 5258 episcopi
3721 5202 3842 5241 cum

2259 5276 2472 5333 clericis
2523 5275 2638 5333 fere
2685 5276 2956 5341 ducentis,
2995 5285 3048 5333 et
3097 5277 3491 5347 quinquaginta
3542 5276 3844 5339 monachis,

2258 5366 2427 5443 etiam
2453 5365 2686 5421 sacratis
2712 5364 3015 5436 virginibus
3037 5363 3307 5434 plurimis.
3345 5365 3493 5419 Inter
3524 5379 3662 5434 quas
3682 5365 3843 5418 etiam

2260 5465 2316 5525 et
2360 5471 2606 5512 sororem
2655 5455 2832 5511 sancti
2881 5455 3123 5525 episcopi
3165 5463 3222 5510 et
3250 5455 3511 5526 martyris
3554 5452 3843 5515 Simeonis.

2262 5549 2481 5603 nomine
2512 5546 2783 5602 Tarbuam
2835 5545 3203 5619 [Tarbulam],
3253 5561 3381 5603 cum
3420 5545 3717 5616 pedisequa
3753 5558 3845 5598 sua

2256 5641 2540 5713 .stipitibus
2601 5639 2907 5712 alligaxntes,
2948 5653 3223 5709 scrraquze
3248 5637 3535 5711 ﬁndentes
3584 5636 3844 5693 crudelis-

2262 5734 2401 5791 sime
2431 5741 2789 5803 necaverunt.

2335 5828 2596 5900 Lugduno
2621 5826 2806 5889 Galliae
2836 5828 3013 5886 sancti
3038 5823 3314 5900 Epipodii,
3350 5824 3445 5898 qui
3473 5822 3847 5897 persecutio»
