3956 5458
155 470 279 525 1069

1152 463 1772 523 MARTYROLOGIUM.
1814 494 1884 504 —
1920 463 2125 522 MENS.
2169 467 2390 523 APRIL.

3255 475 3391 534 1070

153 579 383 636 Antonini
414 579 560 646 Veri,
593 585 713 650 post
743 577 1007 649 gloriosos
1031 578 1388 648 quadraginta
1415 585 1539 632 octo
1567 592 1708 630 mar-
1738 579 1786 638 Α
1815 574 2020 645 primus
2057 573 2396 631 Alexandriae
2436 575 2711 633 Christum
2760 580 3114 636 annuntiavit.
3154 557 3400 641 Memini‘

101 729 106 732 ,
152 689 312 745 .yrum
355 686 580 743 agones,
624 671 714 740 qui
747 671 800 724 in
831 670 1022 726 eadem
1055 670 1188 723 urhe
1217 669 1363 739 passi
1416 677 1561 734 sunt,
1595 682 1718 722 cum

149 764 442 818 Alexandro
487 761 810 816 charissimo
859 761 1063 831 collega
1103 768 1301 825 tentus,
1349 761 1465 830 ipso
1496 760 1714 814 interim

146 872 196 910 an
227 871 487 911 carcerem
515 864 688 919 truso,
718 855 988 924 primo‘os
1009 852 1157 907 duris
1189 868 1486 923 pugnorum
1517 852 1714 907 ictibus

150 963 330 1010 caesus,
357 946 547 1001 deinde
576 944 786 1014 equulei
821 943 1135 998 extensione
1161 953 1408 1008 vexatus,
1447 951 1719 1012 postremo

145 1036 448 1106 martyrium
480 1034 671 1103 capitis
693 1034 1025 1089 abscissione
1056 1031 1364 1102 complevit.

209 1129 271 1183 ΙΧ
311 1129 440 1183 Kac.
478 1129 628 1182 Matt.
653 1159 724 1168 —
750 1140 775 1168 ει
805 1129 857 1182 In
884 1129 1128 1192 Perside,
1179 1127 1404 1183 civitate
1451 1123 1710 1196 Diospoli,

142 1222 314 1291 passio
357 1222 529 1274 sancti
584 1220 800 1291 Georgii
855 1221 1130 1292 martyris,
1183 1219 1276 1289 qui
1323 1219 1421 1274 sub
1468 1218 1712 1284 Datiano,

140 1325 260 1382 rege
304 1311 692 1380 potentissimo,
731 1311 822 1380 qui
868 1311 1252 1366 dominabatur
1305 1325 1470 1378 super
1498 1316 1716 1379 septua-

137 1403 277 1472 ginta
321 1417 493 1471 reges,
545 1401 727 1455 multis
757 1401 1042 1457 miraculis
1081 1400 1299 1463 claruit,
1349 1399 1715 1469 plurimosque

141 1494 211 1548 ad
258 1493 406 1547 ﬁdem
442 1493 642 1547 Christi
688 1493 977 1556 convertit,
1025 1491 1183 1545 simul
1230 1501 1285 1546 et
1326 1490 1710 1554 Alexandrum,

134 1583 300 1650 ipsius
342 1581 556 1635 Datiani
611 1597 856 1645 uxorem,
885 1595 1055 1650 usque
1107 1579 1176 1632 ad
1223 1578 1540 1648 martyrium
1581 1591 1711 1630 con-

132 1672 363 1726 l’ortavit.
412 1671 529 1742 ipse
561 1686 689 1725 vero
716 1680 838 1740 post
882 1671 1081 1724 multos
1108 1679 1162 1724 et
1194 1669 1465 1723 inauditos
1511 1681 1710 1738 agones

132 1765 412 1819 novissime
439 1764 749 1830 decollatus,
777 1764 1097 1835 martyrium
1130 1778 1286 1817 suum
1315 1761 1596 1832 sanguinis
1625 1759 1707 1816 ef-

1821 676 1875 723 et
1894 666 2052 736 hujus
2077 667 2240 722 Marci
2263 668 2458 724 Petrus
2492 671 2542 724 in
2573 671 2746 740 prima
2768 669 3028 742 Epistola,
3057 675 3158 728 sub
3182 679 3400 732 nomine

1819 757 2109 830 Babylonis
2144 758 2369 827 ﬁgurate
2409 761 2633 815 Romam
2673 761 2981 831 significans
3017 778 3032 818 :
3069 763 3279 820 Salutat
3311 785 3398 826 vos

1816 863 1932 910 qua:
1947 858 2020 902 est
2036 849 2089 902 in
2119 847 2382 919 Babylone
2409 849 2665 916 Ecclesia,
2679 862 2725 905 et
2744 852 2956 908 Marcus
2971 855 3114 923 ﬁlius
3134 859 3398 915 maximus

1819 937 2028 1012 [meus].
2059 939 2159 1006 Qui
2206 942 2515 997 constitutis
2552 952 2605 997 et
2646 944 2981 1000 confirmatis
3018 947 3270 1005 Ecciesiis
3300 965 3400 1021 per

1816 1027 2062 1100 Libyam,
2087 1029 2462 1087 Marmaricam
2481 1073 2494 1096 ,
2523 1033 2963 1091 l-lammoniacam
2981 1078 2996 1104 ,
3022 1036 3354 1109 Pentapolim
3375 1080 3392 1105 ,

1814 1119 2196 1174 Alexandriam
2242 1130 2405 1190 atque
2443 1121 2737 1195 Egyptutn
2777 1126 3119 1195 universam,
3153 1131 3219 1184 ad
3267 1131 3393 1186 ulti-

1814 1225 1960 1264 mum
1994 1218 2172 1265 tentus
2205 1222 2286 1266 est
2312 1227 2341 1266 a
2367 1218 2610 1284 paganis,
2638 1215 2729 1284 qui
2761 1229 3132 1273 remanserant
3162 1220 3399 1277 Alexan-

1815 1289 1963 1355 driae.
2011 1299 2112 1368 Qui
2151 1301 2394 1358 videntes
2437 1320 2559 1359 eum
2603 1298 2705 1362 die'
2740 1317 2930 1364 sancto
2968 1325 3064 1364 vm
3116 1311 3236 1369 Kal.
3271 1313 3397 1370 Maii

1814 1393 2008 1448 missas
2045 1393 2364 1463 facientem,
2407 1399 2670 1454 miserunt
2709 1401 2890 1458 funem
2939 1406 2992 1460 in
3034 1408 3168 1463 collo
3200 1410 3317 1479 ejus
3339 1422 3396 1468 et

1815 1484 2101 1541 trahebant
2120 1502 2241 1542 eum
2264 1489 2328 1542 ad
2345 1489 2460 1544 loca
2485 1491 2734 1559 Bucoliae,
2751 1511 2870 1564 qua:
2891 1493 3046 1553 erant
3066 1499 3220 1568 juxta
3245 1520 3396 1561 mare

1811 1577 1910 1629 sub
1950 1577 2172 1646 rupibus
2215 1578 2304 1632 ubi
2341 1580 2458 1634 erat
2495 1582 2720 1636 ecclesia
2761 1596 3092 1644 constructa.
3123 1591 3202 1646 .Et
3255 1593 3396 1650 inter

1811 1666 2130 1720 trahendum
2155 1668 2475 1725 insultantes
2504 1673 2790 1748 dicebant:
2821 1673 3115 1734 Tro/tamus
3141 1681 3392 1738 bubulum

1809 1755 1878 1807 ad
1908 1755 2023 1809 loca
2050 1758 2244 1842 baculi.
2271 1759 2382 1815 lIoc
2406 1771 2584 1817 autem
2611 1761 2730 1820 ideo
2751 1766 2875 1835 quia
2900 1777 3106 1823 statura
3137 1787 3394 1842 procerus

129 1856 333 1911 ςιιςίοηο
379 1856 794 1910 consummavit.
849 1831 1013 1923 Cujus
1062 1862 1210 1924 gesta
1261 1851 1548 1922 passionis,
1602 1850 1703 1905 etsi
1735 1925 1774 1935 ﬁ
1806 1854 1943 1899 erat.
1982 1846 2044 1899 Et
2075 1831 2195 1917 pne
2211 1850 2376 1904 nimio
2404 1854 2676 1919 cruciatu,
2705 1855 3012 1912 deﬂuebant
3046 1877 3238 1918 carnes
3274 1865 3392 1935 ejus

127 1956 266 2001 inter
300 1947 632 2018 apocryphas
667 1955 1124 2001 connumerantur
1159 1945 1478 2014 scripturas,
1521 1952 1700 1996 tamen
1735 1925 1777 1984 Β
1806 1937 1860 1991 in
1895 1945 2115 2004 terram,
2150 1956 2213 1995 ac
2243 1958 2372 1996 saxa
2407 1945 2784 2000 inliciebantur
2826 1953 3106 2021 sanguine.
3151 1954 3392 2028 Vespere

126 2036 538 2091 illustrissimum
562 2036 680 2105 ejus
715 2035 1034 2106 martyrium
1069 2035 1209 2089 inter
1244 2048 1474 2089 coronas
1502 2041 1703 2102 marty-

126 2144 244 2182 rum
273 2126 506 2182 Ecclesia
539 2127 634 2180 Dei
663 2125 1047 2181 venerabiliter
1073 2124 1324 2179 honorat.

197 2216 394 2281 Romae,
411 2216 584 2273 sancti
608 2215 855 2271 Naboris.
883 2215 939 2269 ln
963 2213 1286 2269 Alexandria
1303 2212 1528 2269 Coronae
1549 2224 1697 2264 mar-

125 2307 281 2377 tyris.

197 2395 250 2449 In
300 2393 491 2457 Gallia,
544 2392 766 2448 civitate
815 2391 1087 2458 Valentia,
1130 2389 1327 2446 Felicis
1375 2389 1698 2460 presbyteri,

119 2484 398 2540 Fortunati
429 2494 485 2540 et
524 2483 749 2538 Achillei
785 2484 1157 2538 diaconorum.
1196 2481 1300 2549 Qui
1345 2494 1376 2535 a
1409 2482 1564 2535 beato
1591 2479 1701 2534 Ire-

120 2590 240 2628 meo
267 2573 603 2645 Lugdunensi
649 2574 904 2644 episcopo
929 2582 982 2626 et
1027 2582 1265 2644 martyre
1296 2571 1362 2626 ad
1401 2570 1700 2642 prmdican-

118 2665 248 2719 dum
277 2663 498 2718 verbum
527 2663 621 2739 Dei
653 2663 826 2728 missi,
871 2677 992 2718 cum
1038 2663 1328 2716 maximam
1357 2670 1564 2730 partem
1610 2675 1701 2716 su-

115 2755 375 2825 pradicta:
416 2755 566 2810 urbis
608 2755 675 2809 ad
737 2755 899 2809 ﬁdem
951 2753 1152 2809 Christi
1205 2742 1620 2818 convertissem,
1668 2768 1700 2808 a

113 2850 255 2914 duce
284 2847 537 2902 Cornelio
585 2847 636 2900 in
668 2862 944 2903 carcerem
977 2845 1139 2911 trusi,
1177 2845 1374 2899 deinde
1409 2844 1698 2899 durissima

111 2952 407 2992 nervorum
468 2937 827 3009 ﬂagellatione
877 2937 1179 2991 diutissime
1225 2936 1494 2990 verberati
1550 2945 1695 2990 sunt.

108 3027 248 3084 Post
291 3029 455 3085 etiam
503 3031 761 3085 revinctis
809 3038 933 3100 post
979 3038 1127 3100 terga
1168 3028 1436 3093 manibus,
1481 3029 1698 3083 renibus

107 3119 472 3189 cruribusque
514 3122 808 3177 eonfractis
834 3161 850 3188 ,
894 3121 1041 3178 circa
1088 3129 1326 3174 rotarum
1378 3120 1698 3190 vertiginem

107 3208 351 3274 astricti,
392 3210 521 3264 fumi
548 3226 763 3280 quoque
811 3208 1168 3264 amaritudine
1207 3210 1480 3280 supposita
1518 3209 1606 3266 die
1635 3213 1698 3264 ac

103 3310 275 3356 nocte
315 3277 650 3364 continuata,
674 3277 917 3372 _cquulei
959 3299 1276 3355 extensione
1318 3301 1587 3369 suspensi,
1617 3301 1694 3355 ‘ad
1724 3277 1767 3339 C

96 3399 416 3445 extremum
448 3391 626 3461 gladio
653 3392 915 3461 perempti
962 3399 1106 3445 sunt.
1135 3390 1190 3444 In
1223 3389 1535 3445 Fonteuella
1580 3389 1696 3445 mo?

96 3482 358 3535 nasterio
397 3483 568 3536 sancti
597 3481 881 3537 Wolframi
914 3481 1174 3552 episcopi,
1207 3480 1449 3549 prmi-lari
1496 3482 1550 3535 in
1591 3481 1695 3535 mi-

98 3572 319 3628 raculis
348 3581 402 3628 et
429 3574 674 3628 doctrina
705 3575 830 3629 viri.

175 3663 294 3718 Vlll
343 3664 479 3720 Kac.
510 3664 658 3719 Man.
686 3667 832 3720 -—ln
885 3665 1175 3738 Babylone,
1213 3666 1494 3736 metrOpoli
1536 3665 1700 3722 Chal-

85 3755 374 3818 dzeorum,
404 3756 668 3822 Ananias,
699 3757 944 3820 Azarias,
978 3757 1184 3821 Misaei,
1212 3757 1302 3826 qui
1343 3758 1411 3812 ab
1439 3758 1568 3827 ipsis
1597 3775 1696 3812 no-

79 3846 347 3898 minibus
387 3845 688 3901 immutatis
726 3845 990 3917 Sydracb,
1044 3845 1264 3916 Mysach
1309 3854 1362 3900 et
1398 3845 1696 3916 Abdenago

74 3937 406 4006 nuticupati
436 3947 580 4003 sunt,
609 3939 675 3993 de
702 3939 918 3994 camino
961 3937 1100 4009 ignis
1130 3937 1373 3994 ardentis
1397 3949 1524 3993 sunt
1562 3939 1699 3994 libe-

73 4027 228 4080 rati.

160 4117 225 4171 In
255 4118 614 4186 Alexandria,
640 4120 897 4186 Victoris,
926 4121 1096 4178 Zotici
1131 4139 1250 4178 cutn
1283 4124 1402 4181 aliis
1426 4123 1691 4196 plurimis.

75 4203 84 4206 ’
159 4208 225 4262 In
269 4207 488 4276 Africa,
518 4209 787 4276 Faustini,
813 4210 1078 4267 Victorini
1107 4222 1158 4268 et
1183 4213 1412 4269 aliorum
1436 4214 1697 4286 plurimo-

71 4316 148 4355 ΓΙ]
159 4317 217 4354 Ill
259 4311 591 4372 martyrum.

72 4378 78 4384 ’
151 4388 330 4458 Apud
361 4387 678 4460 Lugdunum
702 4391 1005 4454 Clavatum,
1033 4393 1292 4450 nativitas
1314 4395 1370 4451 S.
1400 4396 1694 4452 Alexandri

71 4475 321 4544 medici,
362 4481 492 4535 civis
527 4483 920 4554 Pergamensis,
944 4485 1033 4554 qui
1062 4486 1221 4540 tertio
1248 4497 1366 4556 post
1386 4489 1693 4557 passionem

71 4570 352 4640 Epipodii
384 4572 471 4627 die
501 4575 798 4644 productus
823 4590 854 4629 e
885 4591 1126 4641 carcere,
1152 4578 1326 4646 primo
1353 4579 1426 4634 ita
1459 4580 1693 4636 laniatus

71 4672 163 4716 est
193 4663 534 4719 crudelitate
561 4667 984 4733 verberantium,
1032 4677 1092 4721 ut
1121 4683 1284 4725 carne
1311 4671 1484 4727 soluta
1515 4682 1691 4727 costa-

71 4767 243 4815 rum,
281 4752 574 4822 patefactis
616 4755 945 4822 visceribus,
982 4769 1188 4814 secreta
1221 4761 1442 4816 omnino
1486 4763 1696 4831 pande-

71 4851 305 4896 rentur.
347 4844 476 4898 Dein
502 4847 680 4902 crucis
711 4846 904 4903 afﬁxus
925 4850 1165 4918 patibulo
1197 4852 1412 4907 beatum
1440 4853 1689 4924 spiritum

71 4933 446 4987 exanimatus
483 4936 686 4991 emisit.
729 4936 881 4994 Passi
922 4951 1050 4996 sunt
1082 4958 1203 4998 cum
1250 4958 1316 4999 eo
1349 4943 1436 4998 alii
1464 4960 1693 5004 numero

71 5025 322 5094 triginta
351 5034 606 5093 quatuor.
697 5089 702 5094 η

1802 2035 1980 2082 autem
2007 2028 2179 2096 facto,
2218 2033 2483 2090 miserunt
2521 2050 2642 2090 eum
2679 2038 2731 2091 in
2767 2054 3040 2105 carcerem
3068 2084 3082 2109 ,
3121 2046 3208 2101 tibi
3238 2048 3384 2103 circa

1801 2117 2032 2171 mediam
2064 2131 2308 2186 noctem,
2338 2124 2514 2192 primo
2545 2127 2782 2197 angelica
2825 2131 3139 2190 visitatione
3174 2139 3388 2192 confor-

1800 2212 1963 2272 tatus,
1998 2207 2188 2264 deinde
2217 2210 2333 2280 ipso
2359 2213 2581 2268 Domino
2608 2217 2708 2270 sibi
2740 2231 3032 2288 apparente
3055 2225 3119 2278 ad
3145 2227 3389 2282 caelestia

1801 2310 1965 2367 regna
1992 2311 2214 2355 vocatus
2252 2311 2352 2356 est.
2386 2304 2455 2358 At
2479 2320 2659 2372 mane,
2687 2308 2812 2362 dum
2842 2312 3152 2369 traheretur
3174 2319 3239 2372 ad
3269 2317 3389 2372 loca

1799 2385 2056 2455 Bucolim,
2082 2393 2285 2462 gratias
2313 2411 2476 2464 agens
2503 2407 2556 2452 et
2579 2399 2760 2454 dicens
2800 2419 2812 2454 :
2845 2401 3085 2473 Domine,
3116 2408 3170 2462 in
3197 2426 3386 2466 manus

1801 2487 1918 2534 tuas
1956 2485 2258 2537 commendo
2294 2488 2538 2554 spiritum
2578 2507 2748 2542 meum
2771 2531 2786 2556 ,
2813 2492 3099 2552 defunctus
3129 2508 3245 2566 est,
3280 2511 3387 2558 cla

1800 2569 1930 2624 viris
1964 2571 2234 2643 religiosis
2275 2576 2514 2645 sepultus
2559 2579 2611 2630 in
2658 2579 2778 2634 loco
2825 2582 3019 2653 lapidis
3053 2590 3222 2644 excisi
3263 2608 3387 2647 cum

1799 2658 1986 2735 gloria.
2027 2661 2381 2718 Ordinaverat
2420 2675 2598 2720 autem
2643 2683 2838 2738 pro_se
2877 2673 3219 2732 Alexandria:
3271 2682 3388 2751 epi-

1801 2765 2023 2822 scopum
2055 2754 2344 2809 Anianum.
2389 2758 2541 2814 Alios
2576 2775 2791 2831 quoque
2823 2763 2981 2836 longe
3021 2767 3234 2841 lateque
3271 2776 3385 2843 epi-

1800 2855 1994 2912 sc0pos
2021 2852 2075 2897 et
2102 2846 2448 2917 presbyteros
2483 2857 2540 2903 et
2567 2850 2822 2907 diaconos
2851 2855 3108 2914 Ecciesiis
3138 2861 3380 2918 dederat.

1797 2931 1996 2991 Passus
2017 2944 2103 2989 est
2129 2941 2312 2990 autem
2335 2947 2530 2994 octavo
2559 2939 2788 2997 Neronis
2820 2959 2980 2999 anno.

1868 3023 1924 3078 lu
1967 3025 2235 3096 Syracusa
2269 3029 2489 3086 civitate
2537 3030 2737 3089 Sicilite
2776 3038 3030 3094 nativitas
3071 3050 3380 3100 sanctorum

1798 3113 2005 3180 Evodii,
2034 3116 2388 3191 ilermogenis
2419 3130 2471 3176 et
2503 3121 2762 3180 Cailixtaa.

1868 3207 1924 3261 in
1957 3207 2175 3266 Perside
2197 3210 2252 3266 S.
2283 3213 2497 3284 Georgii
2525 3219 2797 3288 martyris,
2817 3218 2972 3289 juxta
3002 3221 3383 3282 Kalendarium

1799 3302 2130 3370 sagacissimi
2171 3304 2504 3382 llieronymi.
2535 3307 2698 3378 Cujus
2720 3311 2899 3380 passio
2933 3313 3075 3381 apud
3103 3313 3381 3373 Romanos

1797 3401 1851 3446 et
1873 3408 2006 3461 pene
2031 3394 2164 3450 alios
2194 3411 2382 3451 omnes
2412 3414 2462 3473 rx
2492 3397 2855 3454 Kalendarum
2888 3401 3179 3471 Maiarum,
3207 3416 3266 3460 ut
3290 3422 3385 3461 su-

1799 3487 1980 3556 perius
2011 3497 2256 3542 notatum
2298 3498 2400 3555 est,
2435 3491 2688 3546 celebris
2712 3493 2955 3548 habetur.
2993 3495 3142 3563 Quod
3183 3501 3385 3557 idcirco

1799 3565 2210 3649 signiﬁcandum
2264 3586 2488 3652 putavi,
2540 3594 2597 3639 ut
2635 3587 2942 3655 patriarcha
2994 3602 3178 3647 noster
3222 3594 3383 3650 liatto

1800 3669 2268 3741 Magotitiacensis,
2297 3675 2386 3744 qui
2429 3677 2531 3731 hoc
2573 3693 2714 3730 anno
2753 3678 2880 3732 item
2911 3681 2978 3735 ab
3007 3681 3381 3740 incarnatione

1798 3760 2076 3829 Dominib,
2112 3775 2274 3834 caput
2308 3765 2424 3833 ejus
2469 3778 2522 3821 et
2567 3767 2709 3822 aliud
2759 3770 3028 3838 quoddam
3081 3774 3382 3828 membrum

1797 3867 1918 3907 cum
1965 3851 2212 3922 plurimis
2258 3866 2312 3910 et
2361 3859 2610 3914 maximis
2652 3869 2964 3915 sanctorum
3017 3863 3259 3933 reliquiis
3325 3867 3380 3921 in

1796 3941 2169 3997 Alemanniam
2185 3945 2252 4000 ad
2267 3962 2462 4001 novum
2490 3950 2877 4004 monasterium
2896 3967 3051 4007 suum
3075 3969 3101 4006 a
3122 3953 3384 4012 Formoso

1799 4037 2093 4104 apostolico
2117 4037 2420 4108 impetratis
2443 4043 2763 4111 asportavit.
2793 4042 2847 4097 ln
2871 4043 2987 4114 ejus
3007 4044 3376 4111 solemnitate,

1799 4124 1855 4180 S.
1898 4125 2114 4198 (.corgii
2143 4128 2427 4197 videlicet,
2470 4131 2751 4186 indicenda
2771 4175 2785 4199 ,
2814 4143 2970 4190 caute
2994 4151 3054 4191 se
3081 4147 3225 4208 agat,
3255 4141 3382 4208 quia

1796 4227 1851 4272 et
1881 4217 2061 4288 plures
2098 4221 2149 4274 in
2189 4221 2289 4277 hac
2331 4223 2416 4278 die
2460 4224 2624 4293 ipsius
2665 4227 2907 4282 natalitia
2939 4229 3215 4286 celebrare
3245 4247 3380 4287 con-

1797 4320 2107 4365 suevcrunt.
2152 4312 2216 4366 Et
2248 4311 2510 4369 festivitas
2551 4313 2608 4369 S.
2656 4315 2820 4371 Marci
2862 4319 3203 4389 evangelista
3234 4337 3264 4375 a
3293 4338 3384 4377 su-

1797 4399 2038 4468 pradicto
2067 4399 2391 4471 llieronymo
2419 4413 2626 4468 sancto,
2652 4405 2820 4474 priori
2851 4404 2956 4470 die,
2993 4405 3044 4458 id
3075 4419 3158 4462 est
3187 4416 3384 4466 octavo

1799 4489 2154 4543 Kalendarum
2184 4490 2464 4558 Maiarum,
2493 4495 2814 4569 auctoritate
2839 4495 3057 4551 Eusebii
3087 4497 3386 4558 Caesarien-

1799 4583 1871 4636 sis
1904 4584 2184 4652 designata
2208 4591 2312 4638 est.

1869 4673 2040 4728 Roma
2105 4673 2319 4730 Litania
2382 4673 2573 4742 major.
2628 4675 2793 4744 Cujus
2849 4692 3026 4732 causae
3093 4685 3185 4751 qui
3247 4699 3384 4750 nos,

1801 4775 1986 4836 utpote
2025 4767 2240 4822 Larbari
2279 4775 2333 4822 et
2365 4767 2420 4820 in
2458 4775 2702 4823 extremo
2731 4760 2912 4825 mundi
2949 4769 3170 4828 climate
3194 4777 3388 4844 positi,

1799 4873 1986 4911 smnus
2018 4856 2224 4927 ignari,
2262 4858 2345 4913 vel
2391 4857 2507 4926 ejus
2539 4874 2657 4929 qua:
2706 4871 2832 4917 ante
2867 4864 3246 4920 ascensionem
3292 4867 3396 4918 Do-

1801 4948 1928 5001 mini
1962 4947 2239 5017 religionis
2289 4949 2471 5021 gratia’
2500 4949 2713 5006 videtur
2756 4953 3038 5015 instituta,
3093 4967 3159 5011 ut
3192 4954 3240 5007 si
3272 4952 3402 5020 quid

1798 5037 1966 5108 culpa:
1993 5037 2324 5095 sordidantis
2354 5039 2405 5092 in
2437 5038 2627 5095 diebus
2668 5039 3016 5114 indulgentia:
3060 5048 3416 5102 comractum

139 5115 207 5170 In
251 5117 546 5197 Britannia
580 5119 840 5191 depositio
869 5122 1054 5185 Melliti
1082 5127 1346 5201 episcopi,
1373 5129 1463 5198 qui
1499 5133 1694 5193 tertius

71 5219 190 5254 \ncI
249 5193 656 5277 Augustinum,
715 5214 940 5283 primum
991 5223 1289 5297 Anglorum
1345 5223 1693 5298 episcopum,

733 5303 957 5350 ""“M‘n
972 5329 1051 5371 m.

1802 5131 2066 5190 videatur,
2104 5130 2185 5184 vel
2235 5134 2337 5188 hoc
2372 5131 2620 5188 triduano
2652 5134 2863 5206 jejunio
2904 5129 3208 5205 diluatur,
3235 5127 3326 5180 \xic
3350 5139 3435 5174 va-

1801 5225 1998 5280 tionem
2026 5230 2327 5285 secundum
2365 5226 2711 5284 traditionem
2751 5227 3023 5294 majorum
3065 5214 3451 5286 ςοιηιῐιοιῖίιιη

2523 5318 2608 5338 Α--.
2739 5322 2796 5328 ___
3262 5313 3270 5322 .

1801 5317 2051 5358 rlnvimnc
2105 5324 2323 5358 anan-inn
2397 5315 2428 5338 ο
