4046 6444
526 399 659 459 10³71

1420 396 1483 454 Β.
1523 395 1825 458 NOTKERI
1858 390 2151 455 DALBULI
2191 393 2252 453 S.
2288 397 2494 458 GALLI
2531 394 2836 462 MONACHI

3656 406 3796 465 103

522 525 787 595 praeerat,
820 515 1093 573 institutas
1130 512 1326 584 fuisse,
1351 516 1479 572 dum
1510 512 1641 575 urbs
1669 509 1759 573 illa
1788 514 1968 571 multis
1994 524 2100 570 ter-
2128 515 2178 576 Α
2207 516 2479 575 civitatem
2509 529 2636 577 tnnc
2666 522 2925 593 temporis
2950 520 3424 596 residens,.gladio
3450 523 3791 594 obtruncari.

522 619 737 668 reretur
761 605 1041 679 prodigiis.
1082 606 1216 662 Nam
1247 616 1551 663 terrmmotu
1590 600 1855 677 frequenti
1884 604 2102 676 quatie-

520 702 704 767 batur,
744 700 840 756 sed
878 714 1162 755 cervorum
1202 708 1363 770 atque
1402 699 1647 769 luporum
1684 698 1872 754 feritas
1917 706 2103 768 portas

520 782 791 865 ingressa,
814 808 908 863 per
937 800 1126 855 totam,
1152 799 1209 845 ut
1230 790 1466 860 scripsit,
1492 790 1681 845 urbem
1702 788 1835 844 nihil
1864 796 2105 844 metuens

521 886 834 941 oberrabat.
865 882 1107 952 Cumque
1146 883 1259 937 hmc
1289 897 1385 952 per
1409 882 1535 936 anni
1565 880 1827 937 circulum
1850 895 2104 951 gereren-

522 985 633 1042 tur,
674 972 1081 1030 advenientibus
1114 971 1394 1027 Paschalis
1428 971 1859 1028 solemnitatibus
1907 984 2099 1038 exspe-

522 1068 705 1123 Ctabat
730 1064 1157 1122 misericordiam
1187 1062 1282 1119 Dei
1310 1062 1465 1133 plebs
1494 1069 1604 1116 tota
1627 1060 1840 1126 devote,
1865 1069 1924 1114 ut
1944 1059 2024 1114 vel
2048 1059 2101 1114 hi

522 1175 731 1230 magna:
757 1155 1117 1215 solemnitatis
1144 1155 1259 1209 dies
1297 1153 1421 1208 huic
1462 1151 1653 1208 terrori
1686 1151 1972 1207 terminum
2004 1150 2101 1204 da-

520 1261 660 1306 rent.
690 1249 796 1305 Sed
820 1249 871 1302 in
902 1248 1016 1318 ipsa
1046 1246 1295 1317 gloriosae
1323 1245 1496 1301 noctis
1518 1243 1697 1315 vigilia
1717 1282 1733 1310 ,
1764 1243 1888 1298 dum
1912 1242 2102 1297 missa-

518 1356 640 1396 rum
671 1338 1077 1395 celebrarentur
1105 1335 1391 1400 solemnia,
1427 1334 1609 1390 subito
1632 1334 1888 1404 palatium
1922 1331 2102 1404 regale

518 1432 659 1486 intra
701 1444 1021 1485 muraneum
1073 1427 1257 1482 divino
1294 1426 1419 1497 igne
1468 1423 1831 1481 succenditur.
1894 1421 2101 1477 Pavore

517 1524 771 1578 omnibus
798 1519 1104 1592 perterritis
1131 1526 1186 1574 et
1213 1516 1440 1573 ecclesia
1466 1514 1722 1587 egressis,
1753 1512 2101 1569 credentibus

517 1630 589 1670 ne
632 1623 725 1669 aut
772 1614 876 1669 hoc
922 1610 1171 1667 incendio
1220 1608 1351 1663 urbs
1393 1616 1501 1664 tota
1540 1612 1975 1669 consumeretur,
2007 1593 2101 1657 aut

517 1716 666 1762 certe
706 1706 948 1775 disrupta
993 1703 1179 1759 tellure
1215 1701 1518 1757 dehisceret
1556 1705 1777 1753 sanctus
1811 1693 2096 1758 sacerdos,

516 1810 822 1872 prostratus
853 1809 982 1855 ante
1009 1797 1179 1853 altare
1197 1837 1213 1863 ,
1240 1811 1363 1852 cum
1392 1794 1592 1867 gemitu
1627 1801 1683 1847 et
1707 1789 1962 1862 lacrymis
1988 1788 2095 1842 Do-

2205 604 2343 664 alios
2388 608 2602 680 ignibus
2625 610 2980 684 conﬁagrari,
3009 613 3144 669 alios
3174 613 3439 670 naviculis
3465 613 3753 685 impositos
3772 658 3789 682 ,

2204 696 2393 770 pelago
2426 698 2555 755 fecit
2584 701 2853 773 immergi,
2889 702 3020 773 ipsis
3048 703 3284 760 ﬁdelium
3314 706 3486 760 turbis
3515 714 3666 761 tanta
3698 722 3796 778 per

2205 788 2299 843 Dei
2328 791 2556 860 gratiam
2596 793 2701 848 ﬁde
2739 793 3117 861 inﬂammatis,
3147 804 3207 850 ut
3230 811 3331 851 nec
3378 796 3710 869 interrogari
3736 814 3796 853 se

2204 888 2542 951 paterentur,
2573 884 2667 939 sed
2696 883 2837 939 ultro
2871 885 2956 941 vel
2987 884 3220 943 ﬂammis
3248 887 3538 953 irruerent,
3572 889 3659 941 vel
3687 904 3797 944 ca:-

2205 970 2457 1027 dentibus
2501 971 2694 1044 gladiis
2740 974 2980 1030 cervices
3018 975 3372 1047 objectarent.
3404 975 3686 1047 Scriptor!)
3737 978 3795 1034 in

2204 1059 2438 1117 Historia
2469 1063 2857 1131 ecclesiastica,
2885 1066 3025 1121 libro
3050 1067 3302 1137 septimo.

2272 1150 2330 1206 lu
2371 1150 2579 1209 Tharso
2619 1154 2842 1220 Ciliciae,
2866 1156 3123 1211 nativitas
3166 1155 3223 1212 S.
3254 1156 3515 1213 Castoris.
3543 1156 3601 1211 ln
3624 1156 3797 1230 Lydia

2203 1246 2438 1313 Genesii,
2473 1248 2705 1317 Sodalis,
2735 1251 2930 1319 Zotici,
2958 1250 3153 1323 Elpidii
3178 1259 3233 1306 et
3264 1250 3538 1323 Eutychii.

2275 1336 2345 1393 lV
2387 1336 2521 1393 ΚΜ..
2552 1338 2702 1394 MA".
2727 1370 2798 1380 —
2823 1340 2977 1410 Apud
3004 1338 3316 1395 Ravennam
3343 1341 3603 1396 nativitas
3632 1339 3797 1396 5.Ῡί-

2205 1426 2328 1482 talis
2356 1429 2629 1501 martyris,
2661 1445 2782 1486 cum
2807 1429 3028 1504 [patris]
3050 1429 3149 1487 SS.
3178 1429 3422 1487 Gervasii
3448 1441 3503 1487 et
3534 1431 3795 1488 Protasii.

2203 1515 2303 1584 Qui
2328 1516 2579 1574 militaris
2598 1534 2719 1573 cum
2741 1516 2966 1574 Paulino
2982 1517 3162 1588 judice
3183 1518 3498 1576 Ravennam
3517 1520 3799 1591 ingressus

2202 1618 2311 1676 est,
2336 1618 2392 1664 et
2419 1626 2541 1666 cum
2565 1610 2773 1666 videret
2799 1611 2852 1666 in
2881 1621 3170 1683 conspectu
3191 1611 3388 1680 judicis
3414 1611 3496 1667 sui
3530 1610 3799 1667 Christia-

2202 1717 2331 1757 num
2360 1703 2579 1759 nomine
2610 1702 2955 1770 Ursicinum,
2987 1712 3104 1759 arte
3132 1705 3421 1769 medicum,
3454 1704 3680 1759 natione
3706 1702 3799 1758 Li‘

2203 1793 2439 1863 gul-ium,
2490 1800 2612 1864 post
2656 1794 2823 1848 nimia
2873 1802 3140 1849 tormenta
3189 1794 3471 1864 capitalem
3520 1795 3801 1865 accepisse

516 1864 649 1948 inini
689 1890 1115 1948 misericordiam
1149 1864 1491 1960 deprecatur.
1520 1885 1658 1953 Quid
1690 1882 1888 1955 plura?
1924 1880 2098 1937 Pene-
2130 1864 2179 1927 Β
2207 1884 2528 1940 sententiam
2558 1884 2729 1957 (locus
2752 1892 2931 1941 autem
2954 1886 3045 1941 ubi
3067 1885 3473 1942 decollabantur
3493 1864 3799 1942 Christiani

517 1984 678 2038 travit
698 1982 907 2037 excelsa
923 1980 1031 2051 poli
1052 1979 1226 2035 oratio
1241 1976 1509 2049 pontiﬁcis
1524 1974 1729 2047 inclyti,
1746 1971 2103 2040 restituitque

515 2076 708 2130 domus
730 2071 1037 2129 incendium
1068 2071 1285 2125 ﬂumine
1306 2067 1682 2139 proﬁuentiurn
1715 2065 2100 2136 lacrymarum.

516 2165 759 2234 Cumque
782 2164 899 2219 haec
923 2170 1235 2234 agerentur,
1264 2159 1732 2229 appropinquante
1758 2153 2099 2220 ascensione,
2138 2160 2141 2161 '

514 2265 575 2310 ut
595 2254 709 2324 jam
738 2254 993 2317 diximus,
1015 2250 1314 2319 majestatis
1335 2247 1645 2312 Dominicae,
1678 2243 1871 2298 indixit
1890 2240 2102 2313 populis

510 2344 778 2416 jejunium
799 2383 813 2409 ,
844 2342 1079 2398 instituit
1123 2340 1315 2395 orandi
1357 2338 1575 2394 modum
1595 2376 1610 2402 ,
1651 2333 1845 2391 edendi
1878 2331 2100 2399 seriem,

507 2434 773 2505 erogandi
806 2431 1033 2487 hilarem
1075 2426 1550 2498 dispensationem.
1588 2422 1939 2480 Cessantibus
1978 2420 2102 2476 inde

515 2539 730 2595 quoque
752 2520 1072 2586 terroribus,
1100 2533 1199 2588 per
1240 2526 1466 2573 cunctas
1506 2512 1813 2586 provincias
1857 2510 2100 2581 dispersa

512 2619 643 2674 facti
684 2616 829 2672 fama
878 2623 1103 2671 cunctos
1144 2610 1455 2667 sacerdotes
1498 2605 1702 2663 imitari
1744 2602 2099 2669 commonuit,

515 2710 659 2780 quod
680 2705 935 2767 sacerdos
963 2702 1089 2760 fecit
1109 2716 1176 2757 ex
1201 2701 1326 2756 ﬁde.
1364 2699 1497 2767 Quae
1516 2695 1734 2752 Litania
1765 2705 1936 2763 usque
1957 2705 2101 2747 nunc

516 2804 569 2857 in
600 2797 701 2857 Dei
718 2800 934 2855 nomine
955 2812 1051 2867 per
1075 2809 1268 2851 omnes
1297 2791 1559 2853 ecclesias
1596 2789 1650 2844 in
1680 2784 2100 2857 compunctioue

507 2894 693 2950 cordis
722 2900 776 2946 et
801 2890 1128 2948 contritione
1148 2887 1372 2959 spiritus
1395 2884 1724 2942 celebratur.

583 2982 653 3036 Vl
706 2982 840 3037 ΚΜ..
889 2979 1040 3034 Mm.
1096 3006 1169 3017 —-
1210 2976 1395 3033 Roma:
1445 2972 1702 3029 nativitas
1748 2969 1806 3025 S.
1855 2965 2099 3023 Anacleti

511 3088 667 3145 papa:
707 3088 722 3127 :
755 3070 846 3141 qui
871 3070 1080 3124 duobus
1107 3065 1309 3140 [Beda,
1345 3072 1570 3135 quartus
1631 3068 1753 3133 post
1785 3059 1845 3113 Β.
1877 3057 2098 3112 Petrum

514 3181 638 3221 cum
665 3162 966 3218 Ecclesiam
991 3161 1221 3217 rexisset
1244 3159 1402 3213 annis
1423 3156 1611 3230 [Beda,
1646 3150 1864 3223 novem]
1891 3150 2097 3206 duode-

514 3258 645 3322 Cim,
660 3254 1042 3327 persecutione
1063 3250 1376 3317 Domitiani,
1392 3247 1653 3320 martyrio
1678 3252 1971 3302 coronatus
1992 3249 2095 3298 est.
2126 3217 2173 3282 ο

513 3347 617 3405 [lic
664 3347 980 3405 memoriam
1013 3345 1077 3401 Β.
1119 3344 1266 3399 Petri
1313 3340 1657 3405 construxit,
1705 3346 1761 3393 et
1795 3333 2103 3406 composuit

513 3437 634 3495 loca
664 3438 754 3494 ubi
784 3434 1021 3508 episcopi
1048 3433 1495 3490 reconderentur.
1528 3428 1628 3484 Hic
1656 3427 1940 3499 presbyter
1979 3439 2008 3477 a
2036 3422 2098 3480 Β.

515 3530 677 3586 Petro
699 3536 782 3585 est
801 3527 1100 3583 ordinatus.
1126 3522 1225 3579 Hic
1254 3524 1321 3578 ad
1350 3518 1765 3577 sacriﬁcandum
1791 3514 1948 3571 idolis
1970 3513 2102 3568 duc-

516 3632 626 3687 tus,
648 3618 1009 3683 sacriﬁcavit;
1037 3614 1233 3672 deinde
1261 3611 1579 3683 poenitentia
1607 3609 1819 3674 ductus,
1850 3621 1947 3677 pro
1970 3620 2101 3660 con—

513 3713 750 3785 fossione
782 3724 927 3766 verae
951 3708 1074 3763 ﬁdei
1104 3707 1282 3777 capite
1309 3710 1590 3759 truncatus
1620 3708 1723 3755 est.

585 3802 706 3871 ipso
753 3801 842 3857 die
884 3799 1141 3854 nativitas
1183 3795 1242 3851 S.
1281 3792 1578 3850 Marcellini
1618 3804 1806 3861 papae,
1846 3787 1938 3859 qui
1976 3800 2100 3842 cum

513 3893 815 3950 Ecclesiam
850 3904 1042 3945 novem
1073 3900 1245 3942 annos
1265 3895 1322 3941 et
1350 3897 1563 3939 menses
1591 3890 1826 3952 quatuor
1847 3878 2099 3944 rexisset,

516 3983 850 4053 temporibus
904 3978 1224 4035 Diocletiani
1272 3985 1328 4031 et
1375 3973 1727 4038 Maximiani,
1781 3972 1851 4028 ab
1909 3969 2100 4024 eodem

516 4074 872 4139 Diocletiano,
906 4087 1005 4143 pro
1040 4071 1143 4126 ﬁde
1183 4068 1386 4125 Christi
1415 4082 1535 4122 cum
1565 4062 1791 4120 Claudio
1812 4072 1866 4117 et
1899 4060 2099 4131 Cyrino

514 4180 571 4226 et
593 4167 829 4223 Antonio
859 4164 1037 4235 capite
1066 4168 1347 4216 truncatus
1367 4166 1473 4223 est,
1504 4166 1559 4212 et
1589 4164 1711 4226 post
1738 4153 1853 4207 dies
1877 4151 2100 4219 triginta

514 4260 753 4331 quinque
789 4254 1029 4326 sepultus
1052 4252 1139 4307 via
1164 4249 1396 4315 Salaria,
1431 4248 1483 4301 in
1505 4244 1774 4308 cubiculo,
1797 4258 1826 4296 a
1850 4240 2100 4296 Marcello

513 4352 831 4423 presbytero
857 4356 913 4402 et
933 4343 1250 4401 diaconibus
1279 4356 1403 4396 cmn
1436 4336 1671 4411 hymnis.
1712 4333 1830 4402 Quo
1856 4342 2101 4402 tempore

512 4443 618 4498 fuit
661 4456 855 4512 magna
904 4436 1248 4507 persecutio,
1280 4433 1355 4487 ita
1381 4440 1439 4489 ut
1469 4433 1611 4484 intra
1641 4441 1880 4483 mensem
1910 4425 2099 4480 decem

513 4544 572 4589 et
595 4543 800 4603 septem
831 4530 997 4585 millia
1028 4525 1288 4597 martyrio
1312 4530 1722 4579 coronarentur.

585 4623 644 4678 ln
674 4622 848 4677 Gallia
873 4618 1114 4674 Richarii
1137 4615 1376 4686 episcopi
1403 4624 1457 4669 et
1485 4610 1831 4668 confessoris.

588 4710 631 4765 V
675 4711 812 4764 ΚΑΙ..
852 4709 1001 4764 Mm.
1047 4737 1119 4748 ——
1156 4705 1343 4761 Romae
1397 4703 1654 4758 nativitas
1708 4699 1767 4755 S.
1819 4698 2098 4753 Anastasii

514 4816 666 4873 papae
703 4818 715 4853 :
747 4800 839 4870 qui
892 4806 1013 4869 post
1037 4796 1100 4850 Β.
1134 4796 1354 4851 Petrum
1382 4791 1827 4866 quadragesimus
1856 4790 2096 4859 primus,

516 4895 655 4949 sedit
680 4893 735 4948 in
759 4893 1075 4963 episcopatu
1106 4904 1276 4944 annos
1300 4898 1440 4954 tres,
1474 4887 1590 4945 dies
1618 4887 1826 4942 decem.
1858 4884 1957 4939 Hic
1988 4882 2095 4937 Ma-

516 4984 755 5040 nichaeos
782 4982 836 5038 in
859 4982 990 5037 urbe
1017 4982 1187 5037 Roma
1218 4979 1497 5034 inveniens
1522 4977 1819 5043 damnavit,
1851 4984 1908 5031 et
1935 4990 2095 5031 cons-

516 5074 736 5130 titutum
782 5072 907 5129 fecit
953 5081 1012 5128 ut
1052 5070 1229 5127 nullus
1263 5067 1655 5125 transmarinus
1698 5068 1750 5123 in
1783 5067 2096 5122 clericatum

516 5166 913 5236 susciperetur,
948 5165 1051 5220 nisi
1089 5164 1327 5234 quinque
1374 5161 1748 5231 episcoporum
1791 5159 2100 5231 designaret

515 5258 959 5329 cbirOgraphum.

584 5351 644 5405 lu
666 5348 997 5423 Nicomedia,
1019 5347 1078 5401 S.
1103 5345 1342 5401 Anthimi
1366 5344 1603 5416 episc0pi
1627 5353 1681 5399 et
1705 5341 1978 5413 martyris,
2006 5340 2096 5412 qui

516 5446 891 5515 persecutione
946 5443 1262 5500 Diocletiani
1321 5443 1391 5497 ob
1443 5438 1835 5496 confessionem
1893 5435 2096 5493 Christi

517 5538 766 5609 martyrii
834 5536 1064 5608 gloriam
1128 5534 1324 5605 capitis
1386 5530 1801 5588 obtruncatione
1867 5527 2093 5596 accepit.

517 5631 685 5697 Quem
742 5638 995 5700 tanquam
1058 5628 1255 5684 bonum
1316 5635 1590 5697 pastorem
1647 5623 1790 5677 viam
1849 5618 2095 5690 martyrii

515 5731 871 5791 praeeuntem,
921 5720 1170 5775 universa
1224 5734 1359 5789 pene
1388 5719 1566 5790 gregis
1594 5714 1880 5771 multitudo
1910 5719 2096 5767 secuta

519 5823 622 5868 est.
654 5814 893 5880 Quorum
923 5812 1055 5871 alios
1088 5811 1342 5885 praefatus
1383 5822 1644 5883 tyrannus
1672 5807 1812 5880 apud
1845 5805 2090 5863 eamdem

2204 1976 2308 2031 hoc
2333 1975 2569 2031 habebat
2599 1975 2919 2032 vocabulum
2964 1984 3024 2031 ut
3061 1977 3366 2043 diceretur,
3408 1976 3475 2031 ad
3510 1974 3754 2031 Palmam
3782 2017 3802 2042 ,

2201 2081 2269 2123 eo
2310 2067 2452 2137 quod
2493 2068 2717 2123 arbores
2753 2068 2991 2138 antiquae
3025 2067 3217 2138 palma:
3257 2067 3367 2123 illic
3407 2068 3615 2136 essent)
3657 2083 3675 2121 :
3707 2067 3802 2122 ille

2204 2157 2389 2229 igitur,
2416 2166 2477 2213 ut
2501 2157 2756 2225 diximus,
2793 2166 2913 2228 post
2943 2158 3112 2213 nimia
3143 2166 3411 2214 tormenta
3439 2158 3799 2214 decollandus

2202 2260 2325 2300 cum
2368 2245 2578 2301 veniret
2616 2245 2685 2300 ad
2715 2246 2999 2313 Palmam,
3029 2247 3291 2317 expavit,
3338 2254 3393 2301 et
3436 2245 3564 2300 dum
3611 2247 3804 2301 mallet

2201 2337 2343 2392 male
2370 2337 2624 2402 evadere,
2640 2336 2965 2393 exclamavit
2989 2352 3122 2394 voce
3146 2351 3340 2409 magna
3353 2336 3549 2393 Vitalis
3570 2336 3765 2392 dicens
3782 2375 3798 2391 .

2205 2445 2225 2480 ι
2257 2425 2399 2494 Noli,
2429 2427 2561 2496 noli,
2586 2427 2835 2485 Ursicine
2867 2428 3108 2496 medice,
3140 2428 3233 2500 qui
3262 2428 3395 2483 alios
3429 2444 3630 2484 curare
3659 2444 3797 2483 con-

2200 2521 2450 2588 suevisti,
2472 2522 2703 2593 teipsum
2729 2529 2949 2579 aeternae
2969 2523 3162 2578 mortis
3196 2522 3378 2592 jaculo
3407 2522 3718 2588 vulnerare,
3745 2532 3802 2578 et

2200 2613 2292 2684 qui
2318 2627 2415 2683 per
2438 2613 2720 2684 passiones
2751 2614 2946 2669 nimias
2978 2615 3169 2671 venisti
3221 2615 3288 2669 ad
3320 2614 3563 2670 Palmam
3586 2657 3603 2679 ,
3638 2630 3800 2670 coro-

2202 2716 2326 2756 nam
2352 2703 2580 2772 perdere
2615 2717 2647 2757 a
2681 2703 2909 2759 Domino
2955 2704 3050 2761 tibi
3080 2714 3464 2777 praeparatam.
3496 2725 3514 2759 ι
3550 2706 3802 2762 Audiens

2203 2790 2319 2847 haec
2331 2789 2621 2847 Ursicinus
2638 2807 2776 2863 genu
2803 2795 3005 2863 posuit,
3023 2804 3077 2849 et
3103 2795 3490 2865 spiculatorem
3515 2805 3573 2849 ut
3605 2794 3802 2852 feriret

2202 2884 2555 2951 hortabatur,
2590 2900 2757 2957 agens
2797 2886 3170 2956 paenitentiam
3199 2886 3341 2956 quod
3380 2888 3721 2957 expavisset,
3744 2896 3800 2943 et

2200 2976 2282 3032 sic
2309 2976 2511 3032 Christi
2539 2985 2835 3047 martyrem
2872 2992 2931 3033 se
2973 2974 3122 3033 fecit.
3158 2976 3464 3046 Statimque
3504 2974 3567 3029 Β.
3600 2976 3797 3031 Vitalis

2201 3080 2398 3137 corpus
2425 3067 2545 3137 ejus
2571 3066 2821 3137 rapiens,
2863 3074 2920 3121 et
2970 3067 3114 3121 intra
3156 3065 3558 3122 Ravennatium
3603 3065 3797 3121 urbem

2203 3160 2489 3231 sepeliens,
2518 3160 2583 3214 ad
2602 3158 2839 3230 judicem
2869 3158 3013 3214 ultro
3043 3159 3228 3215 venire
3262 3158 3611 3229 contempsit.
3636 3158 3795 3213 Ideo.

2202 3268 2307 3324 que
2342 3267 2372 3307 a
2408 3250 2637 3306 Paulino
2685 3249 2957 3306 consulari
3012 3260 3223 3315 tentus,
3269 3258 3390 3322 post
3430 3250 3651 3321 equulei
3690 3260 3797 3305 tor-

2203 3353 2385 3400 menta
2419 3342 2606 3414 jussus
2633 3351 2717 3398 est
2745 3342 2967 3414 perduci
2998 3342 3065 3398 ad
3094 3342 3358 3408 Palmam,
3384 3353 3438 3397 et
3464 3341 3613 3397 facta
3639 3341 3795 3397 fovea

2200 3435 2486 3507 profunda,
2519 3449 2800 3504 quousque
2830 3434 3208 3505 perveniretur
3240 3434 3305 3489 ad
3336 3447 3532 3503 aquam
3554 3471 3571 3498 ,
3606 3432 3680 3487 ibi
3709 3448 3799 3487 suo

2201 3531 2360 3601 pinus
2399 3528 2753 3598 depositus‘et
2789 3535 2933 3582 terra
2969 3542 3035 3582 ac
3072 3526 3338 3598 lapidibus
3366 3533 3453 3580 est
3471 3540 3794 3597 oppressus.

2200 3620 2363 3676 Beata
2406 3634 2538 3675 vero
2566 3618 2775 3675 Valeria
2822 3633 2960 3672 uxor
3000 3617 3157 3687 ejus,
3218 3632 3343 3672 cum
3388 3626 3510 3688 post
3562 3628 3797 3673 mortem

2201 3710 2300 3766 viri
2354 3708 2711 3765 Mediolanum
2774 3708 3060 3775 tenderet,
3122 3706 3358 3778 Sylvano
3416 3707 3795 3763 sacriﬁcantes

2201 3802 2449 3857 incurrit.
2493 3802 2593 3870 Qui
2647 3816 2772 3856 cum
2816 3816 2936 3855 eam
2996 3800 3328 3870 deponentes
3387 3800 3455 3855 de
3515 3801 3797 3855 saumario

2201 3895 2549 3949 hortarentur
2584 3893 2650 3948 de
2690 3891 3004 3962 idolothytis
3034 3890 3387 3957 manducare,
3416 3906 3519 3945 nec
3549 3891 3653 3946 sibi
3686 3906 3799 3945 om.

2200 3984 2327 4039 uino
2366 3983 2575 4037 licitum
2620 3997 2740 4038 esse
2776 3990 3090 4057 testaretur,
3123 3982 3249 4053 quia
3280 3989 3424 4037 esset
3453 3980 3795 4047 Christiana,

2200 4083 2348 4129 tanta
2380 4075 2447 4129 ab
2492 4074 2577 4130 eis
2623 4074 2772 4129 caede
2818 4080 3055 4127 mactata
3094 4081 3212 4139 est,
3240 4080 3298 4126 ut
3325 4073 3415 4127 vix
3457 4073 3795 4128 seminecem

2198 4180 2317 4218 eam
2346 4164 2428 4218 sui
2460 4162 2709 4218 homines
2734 4162 2800 4216 ad
2828 4162 3283 4217 Mediolanensem
3315 4161 3503 4217 urbem
3529 4162 3797 4231 perduce-

2198 4264 2339 4319 rent,
2366 4254 2439 4308 ita
2470 4261 2527 4308 ut
2558 4255 2695 4309 intra
2735 4254 2958 4308 biduum
2990 4253 3249 4324 migraret
3280 4252 3349 4306 ad
3376 4252 3689 4306 Dominum.
3786 4316 3789 4323 ἱ

2267 4348 2627 4413 Alexandriae,
2655 4347 2714 4403 S.
2741 4347 3038 4402 Theodora:
3054 4345 3301 4417 virginis.
3328 4345 3457 4412 Qua:
3478 4344 3795 4399 saeriﬁcare

2199 4451 2572 4506 contemnens,
2596 4441 2649 4495 in
2681 4440 2910 4509 lupanar
2943 4439 3161 4501 tradita,
3184 4437 3321 4491 miro
3348 4436 3441 4488 Dei
3468 4434 3655 4491 favore
3675 4450 3795 4490 ere-

2204 4544 2294 4604 pta
2326 4540 2427 4589 est.
2458 4532 2685 4587 Astante
2717 4534 2914 4600 quippe
2940 4527 3050 4597 jam
3095 4529 3161 4584 ad
3207 4528 3406 4583 ostium
3435 4526 3584 4582 cellae
3610 4514 3794 4581 multi;

2207 4625 2388 4680 tudine
2433 4622 2691 4692 juvenum
2741 4620 3170 4690 impudicorum,
3219 4627 3436 4689 repente
3484 4619 3706 4688 quidam
3760 4633 3793 4673 τι

2205 4716 2463 4771 fratribus
2489 4716 2747 4785 Didymus
2772 4712 3012 4777 nomine,
3049 4712 3240 4783 plenus
3269 4711 3395 4777 ﬁde,
3425 4711 3687 4765 divinitus
3711 4710 3796 4763 iu-

2202 4807 2464 4877 spiratus,
2516 4814 2730 4874 sumpto
2775 4802 2993 4857 militari
3041 4801 3259 4866 habitu,
3307 4799 3519 4871 primus
3561 4798 3795 4869 lupanar

2203 4900 2417 4971 irrupit,
2448 4906 2502 4953 et
2531 4906 2733 4953 sanctae
2763 4894 2957 4966 virgini
2988 4909 3086 4950 cur
3109 4892 3347 4949 venisset
3378 4906 3681 4960 exponens,
3713 4889 3789 4943 illi

2202 4990 2462 5045 militares
2488 4987 2744 5058 imposuit
2766 4985 3013 5050 exuvias,
3038 4985 3151 5054 ipse
3173 4982 3421 5054 virginali
3444 4992 3595 5037 veste
3624 4981 3793 5035 indui-

2206 5090 2312 5135 tur.
2365 5080 2457 5135 Sic
2488 5079 2642 5149 virgo
2664 5091 2882 5148 egressa
2912 5085 2968 5131 et
3000 5089 3030 5129 a
3063 5073 3212 5129 nullo
3239 5072 3451 5141 agnita,
3495 5072 3562 5125 ad
3599 5071 3793 5125 civita-

2206 5181 2310 5226 tem
2342 5170 2571 5239 fugiens,
2604 5166 2796 5223 evasit.
2840 5165 3099 5236 Didymus
3135 5161 3349 5235 praesidi
3390 5160 3700 5225 exhibitus,
3736 5167 3792 5225 et

2202 5260 2362 5318 Omne
2393 5260 2592 5314 factum
2625 5268 2938 5312 conSIanter
2981 5269 3291 5325 exponens,
3327 5250 3694 5308 Christianum
3731 5264 3793 5305 se

2200 5368 2322 5408 esse
2368 5350 2685 5415 confessus,
2734 5347 2976 5402 abscisso
3025 5347 3202 5415 capite
3246 5344 3356 5415 igni
3406 5344 3639 5397 traditus
3682 5353 3789 5396 eat.

2207 5442 2373 5496 Beata
2417 5453 2632 5510 quoque
2666 5437 2839 5508 virgo,
2869 5452 2988 5507 quae
3024 5451 3123 5505 pro
3156 5434 3348 5488 tuenda
3381 5431 3691 5502 virginitate
3721 5448 3790 5487 ex

2206 5532 2448 5605 lupanari
2479 5531 2706 5601 fugerat,
2731 5544 2913 5583 amore
2942 5540 3155 5583 corona:
3180 5525 3437 5581 continuo
3463 5524 3531 5577 ad
3553 5523 3790 5577 stadium

2208 5640 2452 5697 regressa
2474 5665 2487 5690 ,
2529 5621 2690 5679 simul
2731 5636 2853 5676 cum
2898 5619 3125 5681 Didyme
3156 5630 3414 5689 percussa
3438 5624 3493 5670 et
3517 5613 3678 5669 simul
3708 5624 3787 5669 est

2206 5723 2460 5771 coronata
2469 5752 2483 5767 .
2928 5728 2931 5731 ’

2274 5807 2330 5863 in
2359 5803 2656 5873 Pannonia,
2678 5801 2891 5861 Eusebii
2919 5801 3177 5875 episcopi,
3198 5798 3391 5859 Tibulli
3421 5809 3477 5858 et
3502 5798 3785 5856 Pollionis.
