4046 6422
214 475 356 535 ὶο73

1264 474 1889 536 MARTYROLOGIUM.
1927 506 1998 519 —
2034 476 2236 535 MENS.
2268 477 2431 536 MAI].

3336 481 3476 538 1078

224 661 233 671 ο
287 588 348 644 In
377 588 583 654 Africa,
614 586 889 660 provincia
929 580 1197 657 Numidia,
1229 601 1539 648 sanctorum
1564 590 1800 657 Manilii,
1831 596 1879 654 A
1906 591 2140 659 Christo,
2171 594 2446 651 laboribus
2485 592 2589 664 piis
2613 592 2843 666 [semper
2877 592 3178 650 inserviens
3197 636 3211 662 ,
3237 595 3481 653 lucratus

222 678 441 746 Donati,
470 679 722 745 Maurilii,
755 680 1000 747 Luciani,
1030 682 1318 750 Victorini,
1347 683 1556 739 Narciae
1583 682 1807 752 virginis

222 779 279 827 et
306 771 532 826 aliorum
564 774 904 843 septuaginta
927 774 1173 829 duorum.

296 861 429 916 ltem
457 861 683 917 Luciani
724 879 845 919 cum
875 864 996 920 aliis
1029 865 1245 920 ducenti
1274 877 1329 921 et
1359 862 1720 938 septuaginta.

295 950 353 1005 In
379 951 553 1007 Tarso
579 952 801 1019 Ciliciae,
824 954 1036 1009 Malina:
1056 970 1180 1011 cum
1207 954 1327 1011 aliis
1352 965 1569 1012 centum
1592 964 1810 1026 septua-

224 1042 377 1113 ginta
412 1051 467 1097 et
490 1042 721 1099 aliorum
748 1044 1067 1100 multorum.

298 1132 361 1186 Ill
389 1132 522 1188 Kac.
552 1132 701 1189 Mm.
725 1164 795 1174 —
832 1135 889 1190 In
918 1134 1103 1205 Papho
1132 1134 1328 1203 insula,
1364 1136 1621 1193 nativitas
1642 1135 1810 1191 sancti

229 1221 452 1292 Tychici
480 1223 847 1294 apostolorum
871 1225 1144 1295 discipuli.

220 1346 225 1349 λ
306 1312 463 1383 Apud
504 1312 888 1370 Alexandriam
922 1316 1178 1373 nativitas
1212 1325 1520 1372 sanctorum
1558 1314 1814 1372 Germani

235 1403 562 1473 presbyteri,
589 1403 842 1461 Prosdoci
870 1406 1103 1463 diaconi.

304 1493 361 1549 In
390 1495 614 1551 Perusia
639 1495 867 1562 Tusciae,
895 1496 1162 1553 Valentini
1186 1507 1241 1554 et
1263 1498 1533 1553 Martiani.

301 1591 361 1647 In
389 1591 650 1660 Bononia,
675 1594 869 1650 Vitalis
899 1604 954 1649 et
978 1595 1259 1667 Agricolas.

301 1682 360 1738 In
394 1682 664 1751 Numidia,
699 1686 840 1755 apud
870 1686 1169 1743 Cirtensem
1193 1686 1483 1751 coloniam,
1509 1695 1821 1744 sanctorum

233 1784 534 1849 martyrum
582 1778 774 1850 Agapii
828 1789 884 1836 et
932 1780 1224 1836 Secundini
1271 1781 1668 1852 episc0porum.
1722 1778 1823 1846 Qui

232 1866 607 1935 persecutione
654 1867 924 1923 Valeriani
972 1877 1093 1937 post
1132 1868 1349 1940 longum
1389 1869 1639 1925 exsilium
1681 1867 1824 1938 apud

233 1953 519 2024 praefatam
566 1955 776 2021 urbem,
828 1956 881 2011 in
932 1971 1038 2026 qua
1091 1939 1495 2013 tuncrmaxime
1544 1956 1823 2028 gentilium
1858 1939 1900 1999 Β

234 2045 612 2101 caecO'furore
660 2054 715 2101 et
758 2046 950 2102 olliciis
1002 2048 1325 2104 militaribus
1376 2048 1443 2103 ad
1505 2046 1824 2103 tentandum

235 2134 506 2203 iustorum
552 2136 711 2193 fidem
750 2138 931 2194 rabies
971 2139 1169 2195 diaboli
1201 2140 1511 2196 infestantis
1552 2140 1825 2206 inhiabat,

234 2243 306 2285 ex
352 2227 546 2282 illustri
579 2229 882 2285 sacerdotio
909 2228 1089 2287 effecti
1126 2240 1253 2286 sunt
1292 2240 1556 2304 martyres
1583 2232 1824 2304 gloriosi.

241 2318 394 2375 Passi
424 2327 552 2375 sunt
577 2320 631 2374 in
657 2335 847 2377 eorum
876 2320 1106 2393 collegio
1135 2321 1459 2379 [Emilianus
1487 2322 1665 2388 miles,
1696 2320 1827 2377 Ter-

240 2410 375 2467 tulla
401 2420 454 2467 et
479 2411 715 2468 Antonia
746 2427 915 2469 sacra:
940 2413 1211 2487 virgines,
1256 2422 1312 2470 et
1352 2414 1598 2485 quadam
1638 2412 1833 2469 mulier

243 2515 370 2557 cum
400 2500 515 2555 suis
545 2502 793 2573 geminis.

319 2591 364 2646 ll
396 2590 531 2647 Kac.
562 2591 713 2648 Mm.
740 2624 807 2634 —
833 2593 890 2649 ln
918 2593 1138 2651 civitate
1166 2592 1459 2651 Sanctonis
1493 2592 1746 2649 nativitas
1773 2591 1832 2649 S.

240 2681 495 2753 Eutropii
523 2683 800 2755 martyris.
840 2685 942 2753 Qui
974 2701 1005 2740 a
1032 2686 1192 2741 beato
1213 2684 1522 2750 Clemente,
1568 2684 1841 2755 apostolo-

246 2788 371 2828 rum
409 2788 751 2843 successore,
784 2775 850 2830 ad
885 2774 1253 2847 episcopatum
1292 2784 1640 2831 consecratus
1684 2782 1741 2828 et
1786 2774 1840 2829 in

252 2862 459 2920 Gallias
501 2864 827 2934 praedicandi
874 2865 1045 2937 gratia
1092 2865 1365 2930 directus,
1418 2864 1638 2936 impleto
1682 2861 1843 2933 hujus

246 2952 415 3009 ollicii
452 2969 711 3022 munere,
749 2956 1153 3028 insurgentibus
1193 2956 1440 3027 paganis,
1477 2970 1615 3026 quos
1655 2963 1846 3011 auctor

253 3043 475 3099 invidia:
496 3045 719 3101 credere
741 3061 847 3102 non
875 3046 1145 3118 permisit,
1175 3046 1283 3102 ictu
1310 3046 1519 3104 securis
1546 3046 1732 3103 colliso
1756 3062 1848 3102 ca-

256 3136 370 3207 pite
395 3138 567 3193 victor
591 3139 866 3194 occubuit.

258 3266 261 3267 ν
332 3227 390 3283 In
416 3229 746 3285 Alexandria
775 3231 1032 3288 nativitas
1060 3233 1232 3290 sancti
1270 3223 1579 3304 Aphrodisii
1620 3232 1849 3305 presby-

264 3317 369 3373 teri
402 3327 455 3372 et
486 3318 713 3374 aliorum
746 3321 989 3392 triginta.

340 3404 525 3461 Romae.
549 3406 815 3476 depositio
839 3408 1048 3475 Quirini
1076 3410 1332 3482 episc0pi.

335 3496 527 3553 Passio
549 3508 862 3555 sanctorum
899 3500 1125 3557 Mariani
1147 3512 1201 3557 et
1222 3500 1429 3568 Jacobi,
1451 3518 1681 3573 quorum
1705 3503 1853 3574 prior

263 3586 466 3652 lector,
505 3602 737 3658 sequens
766 3588 1027 3645 diaconus
1054 3599 1194 3647 erat.
1226 3591 1294 3646 Et
1335 3582 1456 3646 eum
1490 3591 1601 3661 jam
1644 3592 1851 3662 pridem

263 3678 646 3735 infestationes
679 3680 928 3737 Deciana:
963 3682 1360 3753 persecutionis
1410 3684 1463 3736 in
1513 3682 1855 3739 confessione

261 3768 467 3825 Christi
494 3770 769 3837 evicisset,
795 3772 991 3828 iterum
1020 3788 1141 3827 cum
1163 3772 1484 3828 charissima
1510 3773 1711 3845 collega
1740 3782 1857 3827 ten-

263 3870 377 3923 tus,
405 3863 545 3932 apud
573 3860 873 3918 Cirtensem
903 3863 1192 3928 coloniam,
1218 3872 1340 3934 post
1369 3864 1485 3919 dira
1512 3872 1564 3921 et
1591 3866 1857 3935 exquisita

268 3948 556 4019 supplicia,
586 3950 662 4005 ita
702 3960 763 4006 ut
797 3951 1071 4010 Marianus
1096 3964 1195 4024 per
1228 3968 1470 4009 summos
1499 3954 1681 4024 apices
1704 3954 1859 4024 polli-

271 4053 395 4093 cum
426 4055 739 4111 suspensus,
782 4052 840 4098 et
877 4043 1026 4114 gravi
1060 4043 1299 4115 pondere
1338 4044 1567 4114 pedibus
1592 4045 1856 4109 innexus,

272 4130 650 4188 crudelissime
678 4141 1041 4202 torqueretur,
1073 4145 1184 4190 tum
1209 4135 1388 4191 caeteri
1418 4136 1470 4190 in
1499 4150 1718 4192 carcere
1746 4150 1861 4190 ma-

273 4221 445 4275 cerati
490 4231 650 4288 sunt,
699 4222 795 4278 sed
841 4224 1039 4280 divinis
1086 4226 1504 4282 revelationihus
1547 4225 1864 4281 mirabiliter

274 4309 607 4378 confortati;
646 4312 841 4368 deinde
866 4312 1350 4371 Lambelisitanam
1390 4317 1581 4372 urbem
1619 4317 1686 4371 ad
1719 4331 1861 4386 pra:-

277 4400 450 4458 sidem
480 4402 693 4470 directi,
737 4411 795 4458 et
838 4419 1054 4459 rursum
1098 4404 1258 4477 longo
1306 4414 1548 4475 tempore
1597 4405 1864 4460 careerali

277 4492 553 4564 ergastulo
580 4493 896 4565 mancipati,
934 4496 1028 4551 sed
1059 4495 1254 4549 iterum
1285 4494 1482 4549 divinis
1520 4494 1865 4550 revelationi-

279 4586 384 4641 bus
407 4583 646 4648 allevati,
676 4584 968 4643 novissime
998 4600 1120 4642 cum
1156 4584 1341 4641 multis
1367 4583 1488 4641 aliis
1526 4584 1703 4655 gladio
1741 4599 1869 4639 con-

286 4674 542 4735 summati
568 4683 713 4730 sunt.

944 4838 1213 4903 MAIUS.

286 4978 523 5041 Mensis
582 4978 745 5043 Maii
803 4981 981 5044 habet
1044 4982 1174 5044 dies
1240 5000 1449 5057 xxxx,
1515 4981 1646 5043 Iun.
1709 5000 1875 5044 xxx.

359 5141 494 5196 ΚΑι..
528 5140 677 5198 Mm.
702 5173 773 5184 —
792 5142 1051 5201 Pausatio
1072 5144 1319 5201 Ieremia:
1339 5144 1634 5217 prophetae.
1660 5142 1877 5199 Initium

292 5232 690 5303 praedicationis
710 5232 923 5289 Domini
951 5235 1120 5289 nostri
1146 5233 1271 5290 Jesu
1292 5236 1513 5291 Christi.
1537 5235 1726 5290 Natale
1747 5249 1879 5304 apo-

294 5323 555 5379 stolarum
580 5322 810 5394 Philippi
833 5334 887 5379 et
906 5324 1111 5379 Jacobi.
1138 5324 1217 5378 Ex
1239 5326 1435 5393 quibus
1460 5325 1738 5394 Philippus
1758 5340 1881 5378 cum

300 5425 469 5471 totam
499 5431 636 5485 pene
667 5416 945 5488 Scythiam
972 5417 1039 5472 ad
1071 5416 1228 5471 fidem
1258 5416 1458 5471 Christi
1492 5416 1880 5481 convertisset,

299 5506 642 5571 diaconibus,
672 5508 1005 5579 presbyteris
1038 5514 1094 5561 et
1130 5505 1401 5577 episcopis
1440 5506 1510 5561 ibi
1540 5506 1881 5571 constitutis,

300 5613 553 5655 reversus
578 5607 663 5654 est
708 5599 775 5653 ad
813 5599 1022 5653 Asiam.
1070 5595 1174 5654 Ubi
1217 5597 1486 5652 continua:
1514 5597 1883 5667 praedicationi

1906 694 2010 740 est.
2046 684 2254 755 Quique
2282 685 2421 756 apud
2458 683 2785 757 Hierapolim
2818 686 2963 742 Asia:
2998 687 3272 743 civitatem
3297 701 3323 729 α
3354 689 3482 744 dor-

1906 775 2061 830 mivit
2086 791 2207 831 cum
2237 774 2480 846 patribus
2517 775 2650 840 suis,
2685 776 2953 831 exStincta
2984 778 3175 832 haeresi
3209 777 3488 834 Ebionita-

1907 880 2048 931 rum,
2078 865 2169 935 qui
2193 864 2465 920 Christum
2495 863 2679 921 Jesum
2707 874 2832 921 ante
2860 865 3248 922 incarnationis
3274 876 3503 937 tempus.

1909 956 2075 1012 fuisse
2120 957 2424 1027 negabant,
2468 964 2523 1012 et
2567 955 2808 1026 sepultus
2845 964 2929 1012 est
2970 955 3024 1011 in
3069 972 3221 1027 pace.
3257 955 3492 1014 Iacobus

1909 1061 2041 1101 vero
2064 1046 2155 1115 qui
2182 1055 2237 1102 et
2264 1044 2433 1101 frater
2460 1044 2673 1101 Domini
2712 1044 2930 1112 dicitur,
2961 1060 3061 1116 pro
3084 1060 3150 1102 eo
3179 1046 3322 1116 quod
3348 1046 3496 1101 ﬁlius

1911 1146 2214 1195 materterae
2236 1136 2352 1206 eius
2365 1136 2548 1192 Marice
2568 1134 2899 1206 perhibetur,
2918 1145 3273 1207 cognomento
3286 1134 3494 1200 Justus,

1911 1235 2035 1298 post
2063 1227 2375 1298 passionem
2410 1225 2621 1280 Domini
2649 1225 2833 1279 statim
2863 1224 2931 1279 ab
2961 1224 3216 1295 apostolis
3243 1224 3499 1281 Hieroso-

1914 1319 2181 1391 lymorum
2205 1317 2491 1389 episcopus
2527 1322 2609 1371 est
2647 1315 2951 1371 ordinatus.
2978 1314 3077 1369 Hic
3105 1316 3170 1372 de
3197 1324 3351 1370 utero
3389 1328 3502 1368 ma-

1917 1414 2017 1469 tris
2042 1421 2263 1468 sanctus
2291 1410 2410 1467 fuit.
2445 1409 2640 1464 Vinum
2685 1417 2741 1464 et
2785 1409 3015 1464 siceram
3046 1423 3152 1464 non
3184 1407 3339 1473 bibit,
3380 1420 3504 1461 car.-

1920 1519 2043 1561 nem
2089 1503 2292 1559 nullam
2333 1501 2600 1566 comedit,
2644 1514 2918 1568 nunquam
2965 1508 3212 1555 attonsus
3249 1508 3355 1564 est,
3402 1511 3525 1553 nee~

1920 1604 2117 1651 unctus
2145 1603 2443 1665 unguento,
2471 1609 2571 1650 nec
2597 1608 2727 1648 usus
2750 1591 2979 1648 balneo-
2998 1591 3135 1646 Huic
3163 1592 3262 1647 soli
3296 1591 3506 1647 licitum

1922 1696 2042 1743 erat
2087 1686 2291 1757 ingredi
2345 1685 2542 1741 Sancta
2583 1691 2919 1740 sanctorum.
2961 1681 3239 1753 Siquidem
3268 1680 3509 1737 vestibus

1923 1778 2096 1833 laneis
2124 1792 2233 1832 non
2262 1776 2541 1841 utebatur,
2570 1775 2666 1832 sed
2696 1774 2875 1830 lineis.
2925 1772 3031 1829 Sed
3068 1789 3191 1829 cum
3217 1773 3428 1843 publice
3442 1771 3511 1827 in

1927 1868 2157 1924 concilio
2182 1866 2693 1937 compelleretur,ut
2711 1864 2997 1919 Dominum
3020 1863 3205 1920 Jesum
3234 1863 3513 1919 Christum

1930 1968 1986 2015 et
2016 1956 2215 2012 Filium
2262 1957 2357 2012 Dei
2400 1971 2520 2012 esse
2562 1957 2883 2026 denegaret,
2919 1962 2976 2011 et
3003 1953 3091 2009 ille
3118 1968 3252 2009 voce
3275 1952 3525 2009 maxima,

1923 2055 2321 2121 protestaretur
2343 2048 2409 2104 ad
2436 2046 2692 2118 populum
2730 2045 2955 2102 dicens:
3004 2044 3145 2111 Quid
3180 2062 3263 2100 me
3294 2046 3519 2099 interro-

1926 2143 2061 2214 gatis
2086 2142 2149 2195 de
2173 2138 2315 2194 Filio
2340 2140 2567 2194 hominis
2591 2139 2617 2193 Γ
2653 2136 2792 2192 Ecce
2822 2138 2930 2208 ipse
2962 2139 3101 2193 sedet
3132 2155 3165 2192 a
3192 2137 3389 2193 dextris
3413 2135 3521 2190 vir.-

1928 2230 2073 2294 tutis,
2099 2240 2148 2285 et
2183 2239 2429 2285 venturus
2454 2237 2529 2284 est
2554 2228 2608 2282 in
2636 2228 2857 2282 nubibus
2884 2228 3034 2292 coeli;
3062 2228 3439 2299 praecipitatus
3454 2225 3541 2280 de'

1930 2322 2094 2395 pinna
2125 2321 2328 2391 templi,
2350 2319 2645 2377 confractis
2665 2320 2937 2385 cruribus,
2962 2320 3139 2375 adhuc
3164 2317 3522 2382 semianimis,

1935 2412 2129 2469 tollens
2154 2411 2222 2467 ad
2260 2411 2459 2467 caelum
2504 2424 2699 2466 manus
2736 2409 2979 2465 diceret:
3021 2408 3272 2473 Domine,
3317 2408 3528 2477 ignosce

1932 2504 2029 2569 eis,
2055 2502 2196 2574 quod
2221 2503 2359 2556 enim
2387 2503 2591 2573 faciunt
2622 2502 2881 2566 nesciunt,
2911 2500 3130 2557 fullonis
3167 2499 3309 2555 fuste
3344 2499 3397 2553 in
3437 2511 3533 2553 ce-

1937 2591 2098 2648 rebro
2121 2606 2434 2662 percussus,
2466 2580 2740 2648 occubuit.
2774 2590 2872 2646 Hic
2891 2598 2977 2646 est
3004 2592 3071 2646 de
3098 2606 3206 2660 quo
3232 2598 3287 2647 et
3310 2598 3531 2660 aposto-

1938 2682 2022 2737 lus
2046 2680 2247 2737 Paulus
2269 2681 2458 2737 scribit
2484 2682 2553 2735 ad
2584 2680 2839 2736 Galatas:
2861 2679 3037 2735 Alium
3059 2690 3234 2735 autem
3264 2679 3535 2751 apostolo-

1940 2791 2057 2829 rum
2114 2773 2220 2829 uidi
2274 2773 2530 2828 neminem
2588 2771 2690 2825 nisi
2739 2769 2997 2826 Iacobum
3044 2772 3264 2841 fratrem
3318 2769 3535 2823 Domini

1943 2864 2088 2939 (Gal.
2133 2866 2197 2937 ι).
2245 2864 2314 2920 Ει
2358 2862 2727 2934 apostolorum
2770 2863 3071 2933 superbae
3112 2862 3246 2917 Acta
3283 2859 3575 2915 crebrius.

1946 2966 2232 3015 testantur.
2261 2955 2612 3028 Evangelium
2638 2969 2854 3026 quoque
2875 2994 2890 3021 ,
2928 2954 3072 3025 quod
3112 2951 3412 3024 appellatur
3449 2964 3547 3005 se-

1944 3049 2181 3107 cundum
2216 3047 2490 3111 Hebraeos,
2523 3055 2580 3103 et
2608 3060 2637 3101 a
2666 3047 2829 3102 beato
2856 3044 3184 3117 Hieronymo
3208 3043 3262 3098 in
3286 3041 3538 3097 Graacntn

1946 3124 2257 3197 sermonem
2282 3137 2647 3208 Latinumque
2670 3135 2993 3192 translatum
3020 3144 3125 3201 est,
3152 3143 3275 3204 post
3297 3146 3540 3189 resurre-

1950 3233 2188 3288 ctionem
2227 3230 2531 3287 Salvatoris
2565 3228 2634 3285 de
2661 3243 2727 3284 eu
2761 3226 2969 3283 refert:
3011 3245 3031 3279 ι
3069 3226 3329 3283 Dominus
3358 3231 3541 3278 autem

1876 3305 1922 3367 (ἶ
1955 3324 2103 3382 venit
2133 3324 2202 3379 ad
2232 3322 2493 3380 Jacobum
2529 3320 2764 3389 Iustum,
2794 3327 2850 3375 et
2874 3318 3126 3389 apparuit
3153 3317 3223 3373 ei.
3253 3315 3543 3371 iuraverat

1953 3426 2137 3473 autem
2174 3415 2412 3473 Jaeobus
2442 3427 2503 3471 se
2532 3429 2640 3470 non
2686 3421 3053 3469 eomesturum
3095 3424 3288 3481 panem
3335 3408 3403 3463 ab
3448 3406 3542 3461 illa

1955 3513 2092 3568 hora
2140 3525 2249 3580 qua
2293 3508 2519 3565 calicem
2566 3506 2780 3563 Domini
2824 3504 3069 3569 biberat,
3117 3502 3289 3557 donec
3334 3498 3550 3555 videret

1955 3617 2079 3657 eum
2107 3607 2481 3671 resurgentem
2506 3612 2536 3652 a
2562 3595 2807 3652 mortuis.
2844 3613 2864 3648 ι
2898 3593 3243 3661 Rursumque
3270 3597 3390 3661 post
3413 3604 3547 3660 pau-

1955 3693 2161 3749 lulum:
2198 3709 2216 3743 t
2250 3689 2477 3757 Aﬂ‘erte,
2503 3689 2580 3743 ait
2608 3687 2891 3752 Dominus,
2921 3698 3165 3740 mensam
3192 3692 3250 3738 et
3279 3695 3493 3752 panem.
3518 3699 3543 3732 ι

1958 3784 2265 3853 Statimque
2282 3782 2527 3838 additur:
2552 3798 2571 3833 ε
2595 3779 2742 3835 Tulit
2760 3792 2955 3849 panem
2977 3784 3032 3831 et
3058 3774 3338 3831 benedixit
3364 3780 3419 3828 et
3439 3770 3549 3827 fre-

1959 3876 2055 3946 git,
2089 3882 2145 3929 et
2172 3872 2324 3928 dedit
2350 3870 2553 3927 Jacobo
2582 3870 2760 3936 Justo,
2788 3868 3033 3936 dixitque
3073 3865 3123 3921 ei
3156 3882 3172 3920 :
3217 3863 3413 3919 Frater
3440 3864 3547 3929 mi,

1961 3963 2183 4021 comede
2205 3978 2399 4031 panem
2424 3971 2597 4026 tuum,
2626 3960 2752 4030 quia
2783 3956 3079 4014 resurrexit
3106 3956 3277 4012 Filius
3305 3954 3545 4010 hominis

1962 4069 1993 4109 a
2023 4050 2437 4109 dormientibus.
2477 4069 2495 4102 ι
2530 4048 2657 4105 inde
2685 4056 2803 4113 est,
2846 4055 2904 4102 ut
2937 4046 3155 4118 quidam
3199 4044 3549 4105 existimant,

1963 4145 2107 4215 quod
2130 4144 2185 4199 in
2208 4142 2450 4215 Epistola
2474 4140 2628 4198 Pauli
2656 4142 2723 4197 ad
2744 4139 3055 4196 Corinthios
3082 4137 3224 4209 [ubi]
3244 4135 3552 4204 specialiter
3584 4168 3594 4179 ο

1964 4234 2015 4290 ei
2046 4233 2248 4290 dicitur
2279 4232 2615 4302 apparuisse,
2647 4231 2728 4285 sic
2753 4229 3015 4299 scriptum
3042 4235 3165 4282 est:
3190 4224 3390 4279 Deinde
3410 4224 3550 4277 visus

1965 4333 2040 4380 est
2066 4340 2097 4377 a
2124 4321 2326 4377 Iacobo
2360 4320 2411 4392 (I
2435 4320 2558 4375 Cor.
2584 4318 2698 4390 xv).
2739 4315 2983 4386 Triginta
3026 4315 3207 4383 itaque
3235 4313 3391 4366 annis
3430 4311 3556 4365 Hie-

1970 4412 2485 4483 rosolymitanorum
2530 4410 2673 4464 rexit
2712 4406 3029 4470 Ecclesiam,
3069 4404 3120 4458 id
3152 4412 3235 4459 est
3277 4416 3446 4471 usque
3486 4402 3567 4454 ad‘

1970 4506 2263 4577 septimum
2312 4501 2543 4558 Neronis
2586 4515 2827 4565 annum,
2865 4509 2920 4554 et
2957 4498 3111 4567 juxta
3159 4494 3415 4567 templum
3465 4492 3565 4548 ubi

1973 4594 2342 4668 praecipitatus
2373 4591 2583 4657 fuerat,
2618 4589 2878 4659 sepultus.
2912 4586 3141 4656 Scripsit
3176 4592 3357 4639 autem
3394 4596 3564 4637 unam

1898 4664 1954 4725 Ῑ)
1976 4664 2192 4744 tantum
2222 4682 2541 4756 Epistolam,
2569 4697 2688 4751 qua:
2714 4681 2781 4735 de
2810 4687 3014 4749 septem
3043 4675 3333 4732 Canonicis
3356 4682 3458 4731 est.

2051 4777 2112 4835 ln
2142 4775 2337 4841 Gallia,
2373 4773 2647 4831 territorio
2677 4769 3012 4834 Vivariensi,
3060 4768 3119 4824 S.
3164 4765 3390 4822 Andeoli
3436 4764 3565 4820 sub-

1983 4868 2217 4926 diaconi.
2249 4866 2420 4934 Quem
2451 4864 2601 4920 misit
2634 4864 2703 4917 ab
2729 4860 2951 4917 Oriente
2978 4869 3205 4914 sanctus
3235 4856 3567 4927 Polycarpus

1985 4959 2334 5032 Smyrnensis
2361 4956 2669 5027 episcopus,
2694 4950 2990 5020 discipulus
3016 4948 3160 5005 beati
3188 4945 3413 5002 Joannis
3441 4957 3567 5013 apo-

1983 5049 2109 5105 stoli
2127 5089 2143 5115 ,
2172 5062 2297 5103 cum
2339 5045 2501 5102 beato
2526 5044 2768 5114 Benigno
2806 5050 2862 5096 et
2888 5038 3171 5095 Andochio
3198 5036 3556 5107 presbyteris,

1982 5149 2038 5195 et
2064 5132 2274 5212 Thyrso
2302 5138 2554 5203 diacono,
2582 5137 2648 5191 ad
2686 5131 3088 5205 praedicandum
3118 5127 3342 5182 verbum
3375 5126 3472 5181 Dei
3512 5125 3555 5179 it

1982 5231 2175 5287 Gallia.
2202 5228 2366 5299 Cujus
2392 5226 2775 5298 prtedicatione
2799 5222 2980 5278 Caesar
3008 5220 3244 5274 Severus
3272 5225 3573 5298 comperta,

1984 5321 2217 5394 spinosis
2247 5318 2482 5374 fustibus
2507 5314 2885 5372 crudelissime
2922 5308 3249 5394 ﬂagellatum
3292 5307 3347 5361 in
3386 5318 3571 5359 carce-

1986 5392 2099 5468 rem
2133 5411 2271 5467 tradi
2317 5409 2595 5482 praecepit.
2627 5408 2694 5463 Et
2720 5404 2824 5459 alia
2863 5404 2951 5459 die
2985 5392 3307 5473 product'um
3336 5413 3463 5454 cum
3492 5397 3571 5451 vi-

1988 5505 2140 5561 deret
2186 5503 2432 5577 superari
2472 5516 2579 5556 non
2628 5512 2806 5569 posse,
2847 5494 3010 5565 jussit
3054 5493 3122 5548 ad
3166 5491 3579 5548 similitudinem

1991 5597 2152 5670 gladii
2188 5596 2255 5652 de
2295 5595 2440 5665 ligno
2481 5590 2771 5647 durissimo
2800 5601 2984 5643 ensem
3017 5584 3156 5651 fieri,
3194 5591 3251 5638 et
3293 5582 3348 5637 in
3395 5578 3585 5636 erucis

302 5702 402 5757 per
426 5688 630 5760 aliquot
656 5705 826 5748 annos
848 5690 1126 5757 insistens,
1150 5688 1549 5746 multitudinem
1569 5688 1887 5762 populorum
1996 5690 2214 5746 modum
2242 5685 2359 5757 ejus
2382 5692 2557 5757 caput.
2590 5681 2743 5739 findi.
2772 5679 2927 5749 Quod
2955 5694 3078 5735 cum
3108 5676 3313 5735 factum
3348 5673 3585 5738 fuisset-,.

380 5878 409 5910 ι
437 5864 795 5923 Confunditur
833 5866 921 5923 hic
965 5863 1242 5937 Philippus
1289 5865 1562 5938 apostolus
1601 5879 1723 5923 cum
1766 5863 2010 5936 Philippo
2038 5863 2281 5919 diacono.
2306 5859 2439 5917 Vide
2472 5857 2785 5915 Baroninm.
