  <div class='ocr_page' id='page_1' title='image "/cluster/home/n/w/nwhite01/storage/ocr_20150623/131/hvd.32044015471725/543.png"; bbox 0 0 3956 5396; ppageno 0'>
   <div class='ocr_carea' id='block_1_1' title="bbox 515 397 655 456">
    <p class='ocr_par' dir='ltr' id='par_1_1' title="bbox 515 397 655 456">
     <span class='ocr_line' id='line_1_1' title="bbox 515 397 655 456; baseline -0.007 0"><span class='ocrx_word' id='word_1_1' title='bbox 515 402 539 456; x_wconf 74' lang='grc'><strong>1</strong></span> <span class='ocrx_word' id='word_1_2' title='bbox 548 397 655 456; x_wconf 80' lang='grc'><strong>075</strong></span> 
     </span>
    </p>
   </div>
   <div class='ocr_carea' id='block_1_2' title="bbox 1428 372 2825 461">
    <p class='ocr_par' dir='ltr' id='par_1_2' title="bbox 1428 372 2825 461">
     <span class='ocr_line' id='line_1_2' title="bbox 1428 372 2825 461; baseline -0.007 -19"><span class='ocrx_word' id='word_1_3' title='bbox 1428 385 1488 442; x_wconf 86' lang='grc' dir='ltr'><strong>Β.</strong></span> <span class='ocrx_word' id='word_1_4' title='bbox 1517 381 1821 453; x_wconf 79' lang='lat' dir='ltr'><strong>NOTKERI</strong></span> <span class='ocrx_word' id='word_1_5' title='bbox 1856 377 2150 461; x_wconf 71' lang='lat' dir='ltr'><strong>BALBDLI</strong></span> <span class='ocrx_word' id='word_1_6' title='bbox 2187 375 2246 436; x_wconf 75' lang='grc' dir='ltr'><strong>Θ.</strong></span> <span class='ocrx_word' id='word_1_7' title='bbox 2279 375 2485 434; x_wconf 78' lang='lat' dir='ltr'><strong>GALLI</strong></span> <span class='ocrx_word' id='word_1_8' title='bbox 2521 372 2825 435; x_wconf 74' lang='lat' dir='ltr'><strong>MONACHI</strong></span> 
     </span>
    </p>
   </div>
   <div class='ocr_carea' id='block_1_3' title="bbox 3626 359 3768 416">
    <p class='ocr_par' dir='ltr' id='par_1_3' title="bbox 3626 359 3768 416">
     <span class='ocr_line' id='line_1_3' title="bbox 3626 359 3768 416; baseline 0 -2"><span class='ocrx_word' id='word_1_9' title='bbox 3626 359 3768 416; x_wconf 65' lang='lat'><strong>{016</strong></span> 
     </span>
    </p>
   </div>
   <div class='ocr_carea' id='block_1_4' title="bbox 511 482 3771 574">
    <p class='ocr_par' dir='ltr' id='par_1_4' title="bbox 511 482 3771 574">
     <span class='ocr_line' id='line_1_4' title="bbox 511 482 3771 574; baseline -0.012 -6"><span class='ocrx_word' id='word_1_10' title='bbox 511 513 646 568; x_wconf 91' lang='lat' dir='ltr'><strong>eliso</strong></span> <span class='ocrx_word' id='word_1_11' title='bbox 672 508 727 566; x_wconf 88' lang='lat' dir='ltr'><strong>in</strong></span> <span class='ocrx_word' id='word_1_12' title='bbox 755 515 956 563; x_wconf 90' lang='lat' dir='ltr'><strong>terram</strong></span> <span class='ocrx_word' id='word_1_13' title='bbox 1001 504 1261 573; x_wconf 85' lang='lat' dir='ltr'><strong>cerebro,</strong></span> <span class='ocrx_word' id='word_1_14' title='bbox 1308 498 1541 574; x_wconf 88' lang='lat' dir='ltr'><strong>gloriosa</strong></span> <span class='ocrx_word' id='word_1_15' title='bbox 1575 506 1752 557; x_wconf 91' lang='lat' dir='ltr'><strong>morte</strong></span> <span class='ocrx_word' id='word_1_16' title='bbox 1799 493 2090 553; x_wconf 81' lang='lat' dir='ltr'><strong>translatus</strong></span> <span class='ocrx_word' id='word_1_17' title='bbox 2115 494 2167 555; x_wconf 75' lang='grc' dir='ltr'>Α</span> <span class='ocrx_word' id='word_1_18' title='bbox 2194 489 2521 547; x_wconf 90' lang='lat' dir='ltr'><strong>detrimenta</strong></span> <span class='ocrx_word' id='word_1_19' title='bbox 2547 504 2655 545; x_wconf 90' lang='lat' dir='ltr'><strong>non</strong></span> <span class='ocrx_word' id='word_1_20' title='bbox 2688 487 2906 551; x_wconf 98' lang='lat' dir='ltr'><strong>sentiat,</strong></span> <span class='ocrx_word' id='word_1_21' title='bbox 2933 492 2987 543; x_wconf 89' lang='lat' dir='ltr'><strong>et</strong></span> <span class='ocrx_word' id='word_1_22' title='bbox 3010 482 3168 555; x_wconf 90' lang='lat' dir='ltr'><strong>quasi</strong></span> <span class='ocrx_word' id='word_1_23' title='bbox 3197 482 3398 537; x_wconf 81' lang='lat' dir='ltr'><strong>intacta</strong></span> <span class='ocrx_word' id='word_1_24' title='bbox 3419 486 3771 550; x_wconf 80' lang='lat' dir='ltr'><strong>permaneat,</strong></span> 
     </span>
    </p>
   </div>
   <div class='ocr_carea' id='block_1_5' title="bbox 512 575 3775 674">
    <p class='ocr_par' dir='ltr' id='par_1_5' title="bbox 512 575 3775 674">
     <span class='ocr_line' id='line_1_5' title="bbox 512 575 3775 674; baseline -0.012 -16"><span class='ocrx_word' id='word_1_25' title='bbox 512 610 597 658; x_wconf 87' lang='lat' dir='ltr'><strong>est</strong></span> <span class='ocrx_word' id='word_1_26' title='bbox 620 600 687 656; x_wconf 88' lang='lat' dir='ltr'><strong>ad</strong></span> <span class='ocrx_word' id='word_1_27' title='bbox 714 600 883 674; x_wconf 84' lang='lat' dir='ltr'><strong>vitam</strong></span> <span class='ocrx_word' id='word_1_28' title='bbox 911 605 1191 652; x_wconf 80' lang='lat' dir='ltr'><strong>:eternam.</strong></span> <span class='ocrx_word' id='word_1_29' title='bbox 1224 593 1355 649; x_wconf 82' lang='lat' dir='ltr'><strong>Item</strong></span> <span class='ocrx_word' id='word_1_30' title='bbox 1381 589 1731 661; x_wconf 81' lang='lat' dir='ltr'><strong>Jerosolymis</strong></span> <span class='ocrx_word' id='word_1_31' title='bbox 1750 586 1930 659; x_wconf 89' lang='lat' dir='ltr'><strong>passio</strong></span> <span class='ocrx_word' id='word_1_32' title='bbox 1959 599 2088 640; x_wconf 82' lang='lat' dir='ltr'><strong>san-</strong></span> <span class='ocrx_word' id='word_1_33' title='bbox 2185 577 2388 652; x_wconf 85' lang='lat' dir='ltr'><strong>jugiter</strong></span> <span class='ocrx_word' id='word_1_34' title='bbox 2410 581 2627 636; x_wconf 84' lang='lat' dir='ltr'><strong>dividua</strong></span> <span class='ocrx_word' id='word_1_35' title='bbox 2654 575 3013 641; x_wconf 87' lang='lat' dir='ltr'><strong>sumentibus,</strong></span> <span class='ocrx_word' id='word_1_36' title='bbox 3044 581 3100 630; x_wconf 89' lang='lat' dir='ltr'><strong>et</strong></span> <span class='ocrx_word' id='word_1_37' title='bbox 3128 585 3342 642; x_wconf 84' lang='lat' dir='ltr'><strong>semper</strong></span> <span class='ocrx_word' id='word_1_38' title='bbox 3369 578 3481 624; x_wconf 87' lang='lat' dir='ltr'><strong>tota</strong></span> <span class='ocrx_word' id='word_1_39' title='bbox 3510 580 3775 622; x_wconf 81' lang='lat' dir='ltr'><strong>veneran-</strong></span> 
     </span>
    </p>
   </div>
   <div class='ocr_carea' id='block_1_6' title="bbox 514 678 2093 756">
    <p class='ocr_par' dir='ltr' id='par_1_6' title="bbox 514 678 2093 756">
     <span class='ocr_line' id='line_1_6' title="bbox 514 678 2093 756; baseline -0.013 -8"><span class='ocrx_word' id='word_1_40' title='bbox 514 692 589 748; x_wconf 87' lang='lat' dir='ltr'><strong>cti</strong></span> <span class='ocrx_word' id='word_1_41' title='bbox 630 690 781 747; x_wconf 73' lang='lat' dir='ltr'><strong>Iuda:</strong></span> <span class='ocrx_word' id='word_1_42' title='bbox 827 688 940 744; x_wconf 86' lang='lat' dir='ltr'><strong>sive</strong></span> <span class='ocrx_word' id='word_1_43' title='bbox 967 685 1203 756; x_wconf 85' lang='lat' dir='ltr'><strong>Quiriaei</strong></span> <span class='ocrx_word' id='word_1_44' title='bbox 1241 682 1510 754; x_wconf 74' lang='lat' dir='ltr'><strong>episcopi,</strong></span> <span class='ocrx_word' id='word_1_45' title='bbox 1557 679 1660 736; x_wconf 58' lang='lat' dir='ltr'><strong>cui:</strong></span> <span class='ocrx_word' id='word_1_46' title='bbox 1687 678 1981 734; x_wconf 88' lang='lat' dir='ltr'><strong>revelatum</strong></span> <span class='ocrx_word' id='word_1_47' title='bbox 2009 681 2093 730; x_wconf 86' lang='lat' dir='ltr'><strong>est</strong></span> 
     </span>
    </p>
   </div>
   <div class='ocr_carea' id='block_1_7' title="bbox 513 767 2092 854">
    <p class='ocr_par' dir='ltr' id='par_1_7' title="bbox 513 767 2092 854">
     <span class='ocr_line' id='line_1_7' title="bbox 513 767 2092 854; baseline -0.011 -17"><span class='ocrx_word' id='word_1_48' title='bbox 513 782 722 854; x_wconf 87' lang='lat' dir='ltr'><strong>lignum</strong></span> <span class='ocrx_word' id='word_1_49' title='bbox 754 779 1048 834; x_wconf 67' lang='lat' dir='ltr'><strong>Dominicte</strong></span> <span class='ocrx_word' id='word_1_50' title='bbox 1074 775 1272 841; x_wconf 90' lang='lat' dir='ltr'><strong>crucis,</strong></span> <span class='ocrx_word' id='word_1_51' title='bbox 1308 781 1363 829; x_wconf 90' lang='lat' dir='ltr'><strong>et</strong></span> <span class='ocrx_word' id='word_1_52' title='bbox 1397 773 1566 828; x_wconf 65' lang='lat' dir='ltr'><strong>Annae</strong></span> <span class='ocrx_word' id='word_1_53' title='bbox 1591 770 1780 826; x_wconf 85' lang='lat' dir='ltr'><strong>matris</strong></span> <span class='ocrx_word' id='word_1_54' title='bbox 1805 767 1942 838; x_wconf 83' lang='lat' dir='ltr'><strong>ejus,</strong></span> <span class='ocrx_word' id='word_1_55' title='bbox 1971 780 2092 822; x_wconf 89' lang='lat' dir='ltr'><strong>om-</strong></span> 
     </span>
    </p>
   </div>
   <div class='ocr_carea' id='block_1_8' title="bbox 518 865 1418 939">
    <p class='ocr_par' dir='ltr' id='par_1_8' title="bbox 518 865 1418 939">
     <span class='ocr_line' id='line_1_8' title="bbox 518 865 1418 939; baseline -0.01 -14"><span class='ocrx_word' id='word_1_56' title='bbox 518 871 752 926; x_wconf 87' lang='lat' dir='ltr'><strong>nimodis</strong></span> <span class='ocrx_word' id='word_1_57' title='bbox 776 866 1118 939; x_wconf 83' lang='lat' dir='ltr'><strong>passionibus</strong></span> <span class='ocrx_word' id='word_1_58' title='bbox 1145 865 1418 920; x_wconf 74' lang='lat' dir='ltr'><strong>crueiatae.</strong></span> 
     </span>
    </p>
   </div>
   <div class='ocr_carea' id='block_1_9' title="bbox 478 946 2091 1023">
    <p class='ocr_par' dir='ltr' id='par_1_9' title="bbox 478 946 2091 1023">
     <span class='ocr_line' id='line_1_9' title="bbox 478 946 2091 1023; baseline -0.011 -7"><span class='ocrx_word' id='word_1_59' title='bbox 478 993 483 1006; x_wconf 70' lang='grc' dir='ltr'>ι</span> <span class='ocrx_word' id='word_1_60' title='bbox 536 1014 544 1023; x_wconf 84' lang='lat'><em>_</em></span> <span class='ocrx_word' id='word_1_61' title='bbox 587 959 720 1015; x_wconf 83' lang='lat' dir='ltr'><strong>Item</strong></span> <span class='ocrx_word' id='word_1_62' title='bbox 748 959 801 1012; x_wconf 89' lang='lat' dir='ltr'><strong>in</strong></span> <span class='ocrx_word' id='word_1_63' title='bbox 831 956 1040 1021; x_wconf 85' lang='lat' dir='ltr'><strong>Galliis,</strong></span> <span class='ocrx_word' id='word_1_64' title='bbox 1071 953 1348 1009; x_wconf 88' lang='lat' dir='ltr'><strong>territorio</strong></span> <span class='ocrx_word' id='word_1_65' title='bbox 1373 950 1680 1016; x_wconf 90' lang='lat' dir='ltr'><strong>Siduneusi,</strong></span> <span class='ocrx_word' id='word_1_66' title='bbox 1711 948 1827 1003; x_wconf 89' lang='lat' dir='ltr'><strong>loco</strong></span> <span class='ocrx_word' id='word_1_67' title='bbox 1848 946 2091 1017; x_wconf 83' lang='lat' dir='ltr'><strong>Agauno,</strong></span> 
     </span>
    </p>
   </div>
   <div class='ocr_carea' id='block_1_10' title="bbox 476 1033 2095 1126">
    <p class='ocr_par' dir='ltr' id='par_1_10' title="bbox 476 1033 2095 1126">
     <span class='ocr_line' id='line_1_10' title="bbox 476 1033 2095 1126; baseline -0.012 -17"><span class='ocrx_word' id='word_1_68' title='bbox 476 1042 699 1126; x_wconf 56' lang='lat' dir='ltr'><strong>“passio</strong></span> <span class='ocrx_word' id='word_1_69' title='bbox 730 1049 1011 1121; x_wconf 87' lang='lat' dir='ltr'><strong>Sigmundi</strong></span> <span class='ocrx_word' id='word_1_70' title='bbox 1036 1042 1415 1120; x_wconf 74' lang='lat' dir='ltr'><strong>[Sigismundi]</strong></span> <span class='ocrx_word' id='word_1_71' title='bbox 1448 1042 1605 1113; x_wconf 90' lang='lat' dir='ltr'><strong>regis,</strong></span> <span class='ocrx_word' id='word_1_72' title='bbox 1630 1039 1725 1095; x_wconf 92' lang='lat' dir='ltr'><strong>ﬁlii</strong></span> <span class='ocrx_word' id='word_1_73' title='bbox 1745 1033 2095 1126; x_wconf 64' lang='lat' dir='ltr'><strong>Gundewaldi</strong></span> 
     </span>
    </p>
   </div>
   <div class='ocr_carea' id='block_1_11' title="bbox 506 1122 2097 1213">
    <p class='ocr_par' dir='ltr' id='par_1_11' title="bbox 506 1122 2097 1213">
     <span class='ocr_line' id='line_1_11' title="bbox 506 1122 2097 1213; baseline -0.012 -15"><span class='ocrx_word' id='word_1_74' title='bbox 506 1122 661 1213; x_wconf 60' lang='lat' dir='ltr'><strong>regis</strong></span> <span class='ocrx_word' id='word_1_75' title='bbox 704 1139 1165 1212; x_wconf 74' lang='lat' dir='ltr'><strong>Burgundionum.</strong></span> <span class='ocrx_word' id='word_1_76' title='bbox 1211 1134 1462 1203; x_wconf 92' lang='lat' dir='ltr'><strong>Quicum</strong></span> <span class='ocrx_word' id='word_1_77' title='bbox 1500 1147 1559 1187; x_wconf 91' lang='lat' dir='ltr'><strong>se</strong></span> <span class='ocrx_word' id='word_1_78' title='bbox 1586 1135 1833 1186; x_wconf 87' lang='lat' dir='ltr'><strong>cerneret</strong></span> <span class='ocrx_word' id='word_1_79' title='bbox 1874 1122 2097 1180; x_wconf 80' lang='lat' dir='ltr'><strong>Francis</strong></span> 
     </span>
    </p>
   </div>
   <div class='ocr_carea' id='block_1_12' title="bbox 517 1214 2094 1300">
    <p class='ocr_par' dir='ltr' id='par_1_12' title="bbox 517 1214 2094 1300">
     <span class='ocr_line' id='line_1_12' title="bbox 517 1214 2094 1300; baseline -0.013 -12"><span class='ocrx_word' id='word_1_80' title='bbox 517 1233 774 1288; x_wconf 78' lang='lat' dir='ltr'><strong>resiStere</strong></span> <span class='ocrx_word' id='word_1_81' title='bbox 817 1244 923 1284; x_wconf 91' lang='lat' dir='ltr'><strong>non</strong></span> <span class='ocrx_word' id='word_1_82' title='bbox 954 1242 1136 1300; x_wconf 88' lang='lat' dir='ltr'><strong>posse,</strong></span> <span class='ocrx_word' id='word_1_83' title='bbox 1166 1226 1314 1283; x_wconf 91' lang='lat' dir='ltr'><strong>solus</strong></span> <span class='ocrx_word' id='word_1_84' title='bbox 1345 1222 1588 1294; x_wconf 79' lang='lat' dir='ltr'><strong>fugiens,</strong></span> <span class='ocrx_word' id='word_1_85' title='bbox 1624 1234 1779 1276; x_wconf 90' lang='lat' dir='ltr'><strong>coma</strong></span> <span class='ocrx_word' id='word_1_86' title='bbox 1816 1214 2057 1286; x_wconf 90' lang='lat' dir='ltr'><strong>deposita</strong></span> <span class='ocrx_word' id='word_1_87' title='bbox 2078 1254 2094 1281; x_wconf 89' lang='lat'><strong>,</strong></span> 
     </span>
    </p>
   </div>
   <div class='ocr_carea' id='block_1_13' title="bbox 515 1307 2099 1392">
    <p class='ocr_par' dir='ltr' id='par_1_13' title="bbox 515 1307 2099 1392">
     <span class='ocr_line' id='line_1_13' title="bbox 515 1307 2099 1392; baseline -0.014 -13"><span class='ocrx_word' id='word_1_88' title='bbox 515 1323 765 1379; x_wconf 85' lang='lat' dir='ltr'><strong>habitum</strong></span> <span class='ocrx_word' id='word_1_89' title='bbox 792 1319 1074 1392; x_wconf 80' lang='lat' dir='ltr'><strong>religionis</strong></span> <span class='ocrx_word' id='word_1_90' title='bbox 1095 1317 1350 1387; x_wconf 77' lang='lat' dir='ltr'><strong>suscepit,</strong></span> <span class='ocrx_word' id='word_1_91' title='bbox 1374 1324 1428 1368; x_wconf 92' lang='lat' dir='ltr'><strong>et</strong></span> <span class='ocrx_word' id='word_1_92' title='bbox 1448 1312 1687 1384; x_wconf 89' lang='lat' dir='ltr'><strong>jejuuiis,</strong></span> <span class='ocrx_word' id='word_1_93' title='bbox 1716 1307 1916 1379; x_wconf 80' lang='lat' dir='ltr'><strong>vigiliis</strong></span> <span class='ocrx_word' id='word_1_94' title='bbox 1936 1314 2099 1375; x_wconf 89' lang='lat' dir='ltr'><strong>atque</strong></span> 
     </span>
    </p>
   </div>
   <div class='ocr_carea' id='block_1_14' title="bbox 518 1395 2097 1477">
    <p class='ocr_par' dir='ltr' id='par_1_14' title="bbox 518 1395 2097 1477">
     <span class='ocr_line' id='line_1_14' title="bbox 518 1395 2097 1477; baseline -0.012 -9"><span class='ocrx_word' id='word_1_95' title='bbox 518 1410 859 1468; x_wconf 89' lang='lat' dir='ltr'><strong>orationibus</strong></span> <span class='ocrx_word' id='word_1_96' title='bbox 903 1409 989 1466; x_wconf 91' lang='lat' dir='ltr'><strong>die</strong></span> <span class='ocrx_word' id='word_1_97' title='bbox 1025 1416 1298 1477; x_wconf 88' lang='lat' dir='ltr'><strong>noctuque</strong></span> <span class='ocrx_word' id='word_1_98' title='bbox 1323 1418 1553 1469; x_wconf 85' lang='lat' dir='ltr'><strong>vacans,</strong></span> <span class='ocrx_word' id='word_1_99' title='bbox 1596 1407 1786 1471; x_wconf 89' lang='lat' dir='ltr'><strong>captus</strong></span> <span class='ocrx_word' id='word_1_100' title='bbox 1813 1413 1844 1452; x_wconf 93' lang='lat' dir='ltr'><strong>a</strong></span> <span class='ocrx_word' id='word_1_101' title='bbox 1870 1395 2097 1451; x_wconf 84' lang='lat' dir='ltr'><strong>Francis</strong></span> 
     </span>
    </p>
   </div>
   <div class='ocr_carea' id='block_1_15' title="bbox 502 1485 2095 1569">
    <p class='ocr_par' dir='ltr' id='par_1_15' title="bbox 502 1485 2095 1569">
     <span class='ocr_line' id='line_1_15' title="bbox 502 1485 2095 1569; baseline -0.011 -12"><span class='ocrx_word' id='word_1_102' title='bbox 502 1516 641 1557; x_wconf 77' lang='lat' dir='ltr'><strong>cum</strong></span> <span class='ocrx_word' id='word_1_103' title='bbox 672 1515 843 1556; x_wconf 86' lang='lat' dir='ltr'><strong>uxore</strong></span> <span class='ocrx_word' id='word_1_104' title='bbox 872 1515 937 1555; x_wconf 90' lang='lat' dir='ltr'><strong>ac</strong></span> <span class='ocrx_word' id='word_1_105' title='bbox 970 1498 1099 1555; x_wconf 89' lang='lat' dir='ltr'><strong>ﬁliis</strong></span> <span class='ocrx_word' id='word_1_106' title='bbox 1143 1497 1197 1553; x_wconf 89' lang='lat' dir='ltr'><strong>in</strong></span> <span class='ocrx_word' id='word_1_107' title='bbox 1241 1503 1464 1569; x_wconf 85' lang='lat' dir='ltr'><strong>puteum</strong></span> <span class='ocrx_word' id='word_1_108' title='bbox 1500 1493 1780 1549; x_wconf 89' lang='lat' dir='ltr'><strong>demersus</strong></span> <span class='ocrx_word' id='word_1_109' title='bbox 1823 1485 2095 1544; x_wconf 90' lang='lat' dir='ltr'><strong>occubuit.</strong></span> 
     </span>
    </p>
   </div>
   <div class='ocr_carea' id='block_1_16' title="bbox 513 1580 2099 1647">
    <p class='ocr_par' dir='ltr' id='par_1_16' title="bbox 513 1580 2099 1647">
     <span class='ocr_line' id='line_1_16' title="bbox 513 1580 2099 1647; baseline -0.011 0"><span class='ocrx_word' id='word_1_110' title='bbox 513 1588 711 1647; x_wconf 83' lang='lat' dir='ltr'><strong>Postea</strong></span> <span class='ocrx_word' id='word_1_111' title='bbox 732 1602 868 1646; x_wconf 83' lang='lat' dir='ltr'><strong>vero</strong></span> <span class='ocrx_word' id='word_1_112' title='bbox 894 1588 1107 1644; x_wconf 88' lang='lat' dir='ltr'><strong>cuidam</strong></span> <span class='ocrx_word' id='word_1_113' title='bbox 1136 1586 1316 1643; x_wconf 88' lang='lat' dir='ltr'><strong>abbati</strong></span> <span class='ocrx_word' id='word_1_114' title='bbox 1344 1582 1636 1647; x_wconf 79' lang='lat' dir='ltr'><strong>revelatus,</strong></span> <span class='ocrx_word' id='word_1_115' title='bbox 1664 1590 1719 1636; x_wconf 91' lang='lat' dir='ltr'><strong>et</strong></span> <span class='ocrx_word' id='word_1_116' title='bbox 1753 1580 1822 1634; x_wconf 91' lang='lat' dir='ltr'><strong>ab</strong></span> <span class='ocrx_word' id='word_1_117' title='bbox 1852 1593 1919 1634; x_wconf 91' lang='lat' dir='ltr'><strong>eo</strong></span> <span class='ocrx_word' id='word_1_118' title='bbox 1945 1591 2099 1631; x_wconf 90' lang='lat' dir='ltr'><strong>reve-</strong></span> 
     </span>
    </p>
   </div>
   <div class='ocr_carea' id='block_1_17' title="bbox 501 1669 2097 1751">
    <p class='ocr_par' dir='ltr' id='par_1_17' title="bbox 501 1669 2097 1751">
     <span class='ocr_line' id='line_1_17' title="bbox 501 1669 2097 1751; baseline -0.009 -14"><span class='ocrx_word' id='word_1_119' title='bbox 501 1688 706 1739; x_wconf 67' lang='lat' dir='ltr'><strong>renter</strong></span> <span class='ocrx_word' id='word_1_120' title='bbox 749 1681 1023 1751; x_wconf 90' lang='lat' dir='ltr'><strong>sepultus,</strong></span> <span class='ocrx_word' id='word_1_121' title='bbox 1071 1678 1367 1735; x_wconf 88' lang='lat' dir='ltr'><strong>etiamnum</strong></span> <span class='ocrx_word' id='word_1_122' title='bbox 1413 1674 1691 1732; x_wconf 87' lang='lat' dir='ltr'><strong>miraculis</strong></span> <span class='ocrx_word' id='word_1_123' title='bbox 1719 1672 1923 1727; x_wconf 90' lang='lat' dir='ltr'><strong>claret:</strong></span> <span class='ocrx_word' id='word_1_124' title='bbox 1962 1669 2097 1723; x_wconf 88' lang='lat' dir='ltr'><strong>adeo</strong></span> 
     </span>
    </p>
   </div>
   <div class='ocr_carea' id='block_1_18' title="bbox 506 1759 2093 1846">
    <p class='ocr_par' dir='ltr' id='par_1_18' title="bbox 506 1759 2093 1846">
     <span class='ocr_line' id='line_1_18' title="bbox 506 1759 2093 1846; baseline -0.008 -19"><span class='ocrx_word' id='word_1_125' title='bbox 506 1783 576 1829; x_wconf 77' lang='lat' dir='ltr'><strong>ut</strong></span> <span class='ocrx_word' id='word_1_126' title='bbox 622 1772 918 1846; x_wconf 87' lang='lat' dir='ltr'><strong>frigoretiei</strong></span> <span class='ocrx_word' id='word_1_127' title='bbox 952 1772 1020 1828; x_wconf 91' lang='lat' dir='ltr'><strong>ab</strong></span> <span class='ocrx_word' id='word_1_128' title='bbox 1042 1786 1108 1827; x_wconf 91' lang='lat' dir='ltr'><strong>eo</strong></span> <span class='ocrx_word' id='word_1_129' title='bbox 1138 1768 1297 1841; x_wconf 84' lang='lat' dir='ltr'><strong>quasi</strong></span> <span class='ocrx_word' id='word_1_130' title='bbox 1342 1766 1627 1839; x_wconf 84' lang='lat' dir='ltr'><strong>specialem</strong></span> <span class='ocrx_word' id='word_1_131' title='bbox 1658 1771 1912 1834; x_wconf 79' lang='lat' dir='ltr'><strong>expetere</strong></span> <span class='ocrx_word' id='word_1_132' title='bbox 1952 1759 2093 1816; x_wconf 88' lang='lat' dir='ltr'><strong>soliti</strong></span> 
     </span>
    </p>
   </div>
   <div class='ocr_carea' id='block_1_19' title="bbox 514 1859 2096 1931">
    <p class='ocr_par' dir='ltr' id='par_1_19' title="bbox 514 1859 2096 1931">
     <span class='ocr_line' id='line_1_19' title="bbox 514 1859 2096 1931; baseline -0.01 -12"><span class='ocrx_word' id='word_1_133' title='bbox 514 1864 627 1921; x_wconf 86' lang='lat' dir='ltr'><strong>sint</strong></span> <span class='ocrx_word' id='word_1_134' title='bbox 672 1864 1020 1931; x_wconf 85' lang='lat' dir='ltr'><strong>medicinam,</strong></span> <span class='ocrx_word' id='word_1_135' title='bbox 1053 1869 1108 1917; x_wconf 89' lang='lat' dir='ltr'><strong>et</strong></span> <span class='ocrx_word' id='word_1_136' title='bbox 1152 1859 1384 1917; x_wconf 90' lang='lat' dir='ltr'><strong>ﬁdeliter</strong></span> <span class='ocrx_word' id='word_1_137' title='bbox 1412 1865 1727 1930; x_wconf 78' lang='lat' dir='ltr'><strong>expetentes</strong></span> <span class='ocrx_word' id='word_1_138' title='bbox 1754 1860 2096 1925; x_wconf 87' lang='lat' dir='ltr'><strong>nequaquam</strong></span> 
     </span>
    </p>
   </div>
   <div class='ocr_carea' id='block_1_20' title="bbox 512 1955 1036 2025">
    <p class='ocr_par' dir='ltr' id='par_1_20' title="bbox 512 1955 1036 2025">
     <span class='ocr_line' id='line_1_20' title="bbox 512 1955 1036 2025; baseline -0.006 -14"><span class='ocrx_word' id='word_1_139' title='bbox 512 1955 798 2025; x_wconf 86' lang='lat' dir='ltr'><strong>priventur</strong></span> <span class='ocrx_word' id='word_1_140' title='bbox 824 1955 1036 2010; x_wconf 85' lang='lat' dir='ltr'><strong>eadem.</strong></span> 
     </span>
    </p>
   </div>
   <div class='ocr_carea' id='block_1_21' title="bbox 587 2035 2098 2104">
    <p class='ocr_par' dir='ltr' id='par_1_21' title="bbox 587 2035 2098 2104">
     <span class='ocr_line' id='line_1_21' title="bbox 587 2035 2098 2104; baseline -0.009 -2"><span class='ocrx_word' id='word_1_141' title='bbox 587 2045 657 2103; x_wconf 78' lang='lat' dir='ltr'><strong>Vl</strong></span> <span class='ocrx_word' id='word_1_142' title='bbox 690 2046 830 2104; x_wconf 66' lang='lat' dir='ltr'><strong>Non.</strong></span> <span class='ocrx_word' id='word_1_143' title='bbox 857 2036 1005 2102; x_wconf 69' lang='lat' dir='ltr'><strong>Mitti.</strong></span> <span class='ocrx_word' id='word_1_144' title='bbox 1035 2074 1108 2085; x_wconf 89' lang='lat'><strong>-—</strong></span> <span class='ocrx_word' id='word_1_145' title='bbox 1132 2042 1397 2099; x_wconf 86' lang='lat' dir='ltr'><strong>Nativitas</strong></span> <span class='ocrx_word' id='word_1_146' title='bbox 1426 2039 1690 2097; x_wconf 85' lang='lat' dir='ltr'><strong>S.Patris</strong></span> <span class='ocrx_word' id='word_1_147' title='bbox 1729 2036 1898 2093; x_wconf 88' lang='lat' dir='ltr'><strong>nostri</strong></span> <span class='ocrx_word' id='word_1_148' title='bbox 1924 2035 2098 2091; x_wconf 74' lang='lat' dir='ltr'><strong>Atha-</strong></span> 
     </span>
    </p>
   </div>
   <div class='ocr_carea' id='block_1_22' title="bbox 514 2127 2099 2208">
    <p class='ocr_par' dir='ltr' id='par_1_22' title="bbox 514 2127 2099 2208">
     <span class='ocr_line' id='line_1_22' title="bbox 514 2127 2099 2208; baseline -0.009 -11"><span class='ocrx_word' id='word_1_149' title='bbox 514 2141 651 2197; x_wconf 89' lang='lat' dir='ltr'><strong>nasii</strong></span> <span class='ocrx_word' id='word_1_150' title='bbox 679 2141 1063 2197; x_wconf 75' lang='lat' dir='ltr'><strong>Alexandrinze</strong></span> <span class='ocrx_word' id='word_1_151' title='bbox 1089 2139 1242 2194; x_wconf 84' lang='lat' dir='ltr'><strong>urbis</strong></span> <span class='ocrx_word' id='word_1_152' title='bbox 1270 2136 1505 2208; x_wconf 86' lang='lat' dir='ltr'><strong>episcopi</strong></span> <span class='ocrx_word' id='word_1_153' title='bbox 1534 2142 1589 2189; x_wconf 89' lang='lat' dir='ltr'><strong>et</strong></span> <span class='ocrx_word' id='word_1_154' title='bbox 1615 2131 1974 2196; x_wconf 89' lang='lat' dir='ltr'><strong>confessoris;</strong></span> <span class='ocrx_word' id='word_1_155' title='bbox 2006 2127 2099 2199; x_wconf 90' lang='lat' dir='ltr'><strong>qui</strong></span> 
     </span>
    </p>
   </div>
   <div class='ocr_carea' id='block_1_23' title="bbox 511 2220 2100 2299">
    <p class='ocr_par' dir='ltr' id='par_1_23' title="bbox 511 2220 2100 2299">
     <span class='ocr_line' id='line_1_23' title="bbox 511 2220 2100 2299; baseline -0.008 -13"><span class='ocrx_word' id='word_1_156' title='bbox 511 2231 680 2286; x_wconf 88' lang='lat' dir='ltr'><strong>multa</strong></span> <span class='ocrx_word' id='word_1_157' title='bbox 736 2231 1060 2286; x_wconf 81' lang='lat' dir='ltr'><strong>Arianorum</strong></span> <span class='ocrx_word' id='word_1_158' title='bbox 1118 2243 1410 2299; x_wconf 87' lang='lat' dir='ltr'><strong>perpessus</strong></span> <span class='ocrx_word' id='word_1_159' title='bbox 1466 2225 1713 2289; x_wconf 82' lang='lat' dir='ltr'><strong>insidiis,</strong></span> <span class='ocrx_word' id='word_1_160' title='bbox 1764 2231 1820 2277; x_wconf 88' lang='lat' dir='ltr'><strong>et</strong></span> <span class='ocrx_word' id='word_1_161' title='bbox 1863 2220 2100 2276; x_wconf 80' lang='lat' dir='ltr'><strong>maxime</strong></span> 
     </span>
    </p>
   </div>
   <div class='ocr_carea' id='block_1_24' title="bbox 504 2310 2100 2391">
    <p class='ocr_par' dir='ltr' id='par_1_24' title="bbox 504 2310 2100 2391">
     <span class='ocr_line' id='line_1_24' title="bbox 504 2310 2100 2391; baseline -0.008 -12"><span class='ocrx_word' id='word_1_162' title='bbox 504 2322 820 2379; x_wconf 72' lang='lat' dir='ltr'><strong>Constantii</strong></span> <span class='ocrx_word' id='word_1_163' title='bbox 865 2321 1209 2391; x_wconf 87' lang='lat' dir='ltr'><strong>imperatoris</strong></span> <span class='ocrx_word' id='word_1_164' title='bbox 1229 2360 1243 2384; x_wconf 91' lang='lat'><strong>,</strong></span> <span class='ocrx_word' id='word_1_165' title='bbox 1271 2319 1405 2373; x_wconf 89' lang='lat' dir='ltr'><strong>adeo</strong></span> <span class='ocrx_word' id='word_1_166' title='bbox 1430 2326 1490 2372; x_wconf 90' lang='lat' dir='ltr'><strong>ut</strong></span> <span class='ocrx_word' id='word_1_167' title='bbox 1523 2330 1619 2372; x_wconf 91' lang='lat' dir='ltr'><strong>sex</strong></span> <span class='ocrx_word' id='word_1_168' title='bbox 1650 2314 1920 2372; x_wconf 89' lang='lat' dir='ltr'><strong>coutinuis</strong></span> <span class='ocrx_word' id='word_1_169' title='bbox 1943 2310 2100 2367; x_wconf 87' lang='lat' dir='ltr'><strong>annis</strong></span> 
     </span>
    </p>
   </div>
   <div class='ocr_carea' id='block_1_25' title="bbox 516 2409 2099 2479">
    <p class='ocr_par' dir='ltr' id='par_1_25' title="bbox 516 2409 2099 2479">
     <span class='ocr_line' id='line_1_25' title="bbox 516 2409 2099 2479; baseline -0.007 -10"><span class='ocrx_word' id='word_1_170' title='bbox 516 2415 573 2470; x_wconf 86' lang='lat' dir='ltr'><strong>in</strong></span> <span class='ocrx_word' id='word_1_171' title='bbox 605 2415 725 2471; x_wconf 92' lang='lat' dir='ltr'><strong>lacu</strong></span> <span class='ocrx_word' id='word_1_172' title='bbox 750 2415 1001 2471; x_wconf 65' lang='lat' dir='ltr'><strong>cisternae</strong></span> <span class='ocrx_word' id='word_1_173' title='bbox 1041 2427 1145 2468; x_wconf 92' lang='lat' dir='ltr'><strong>non</strong></span> <span class='ocrx_word' id='word_1_174' title='bbox 1186 2409 1439 2467; x_wconf 88' lang='lat' dir='ltr'><strong>habentis</strong></span> <span class='ocrx_word' id='word_1_175' title='bbox 1465 2423 1681 2479; x_wconf 88' lang='lat' dir='ltr'><strong>aquam,</strong></span> <span class='ocrx_word' id='word_1_176' title='bbox 1712 2419 1986 2475; x_wconf 86' lang='lat' dir='ltr'><strong>nunquam</strong></span> <span class='ocrx_word' id='word_1_177' title='bbox 2013 2418 2099 2459; x_wconf 89' lang='lat' dir='ltr'><strong>so-</strong></span> 
     </span>
    </p>
   </div>
   <div class='ocr_carea' id='block_1_26' title="bbox 513 2493 2099 2576">
    <p class='ocr_par' dir='ltr' id='par_1_26' title="bbox 513 2493 2099 2576">
     <span class='ocr_line' id='line_1_26' title="bbox 513 2493 2099 2576; baseline -0.007 -17"><span class='ocrx_word' id='word_1_178' title='bbox 513 2506 623 2559; x_wconf 87' lang='lat' dir='ltr'><strong>lem</strong></span> <span class='ocrx_word' id='word_1_179' title='bbox 651 2506 1025 2576; x_wconf 88' lang='lat' dir='ltr'><strong>conspiciens,</strong></span> <span class='ocrx_word' id='word_1_180' title='bbox 1076 2502 1403 2565; x_wconf 88' lang='lat' dir='ltr'><strong>latitaverit,</strong></span> <span class='ocrx_word' id='word_1_181' title='bbox 1434 2499 1580 2557; x_wconf 90' lang='lat' dir='ltr'><strong>.totis</strong></span> <span class='ocrx_word' id='word_1_182' title='bbox 1626 2498 1777 2567; x_wconf 80' lang='lat' dir='ltr'><strong>regni</strong></span> <span class='ocrx_word' id='word_1_183' title='bbox 1811 2496 2015 2552; x_wconf 92' lang='lat' dir='ltr'><strong>viribus</strong></span> <span class='ocrx_word' id='word_1_184' title='bbox 2044 2493 2099 2549; x_wconf 89' lang='lat' dir='ltr'><strong>in</strong></span> 
     </span>
    </p>
   </div>
   <div class='ocr_carea' id='block_1_27' title="bbox 502 2588 2099 2666">
    <p class='ocr_par' dir='ltr' id='par_1_27' title="bbox 502 2588 2099 2666">
     <span class='ocr_line' id='line_1_27' title="bbox 502 2588 2099 2666; baseline -0.007 -15"><span class='ocrx_word' id='word_1_185' title='bbox 502 2595 638 2666; x_wconf 75' lang='lat' dir='ltr'><strong>‘ejus</strong></span> <span class='ocrx_word' id='word_1_186' title='bbox 664 2609 849 2652; x_wconf 85' lang='lat' dir='ltr'><strong>necem</strong></span> <span class='ocrx_word' id='word_1_187' title='bbox 878 2594 1334 2665; x_wconf 82' lang='lat' dir='ltr'><strong>conspirantibus.</strong></span> <span class='ocrx_word' id='word_1_188' title='bbox 1367 2589 1472 2646; x_wconf 91' lang='lat' dir='ltr'><strong>Sed</strong></span> <span class='ocrx_word' id='word_1_189' title='bbox 1502 2599 1556 2646; x_wconf 91' lang='lat' dir='ltr'><strong>et</strong></span> <span class='ocrx_word' id='word_1_190' title='bbox 1587 2589 1660 2646; x_wconf 87' lang='lat' dir='ltr'><strong>ibi</strong></span> <span class='ocrx_word' id='word_1_191' title='bbox 1687 2606 1716 2644; x_wconf 89' lang='lat' dir='ltr'><strong>a</strong></span> <span class='ocrx_word' id='word_1_192' title='bbox 1742 2588 1974 2660; x_wconf 91' lang='lat' dir='ltr'><strong>quadam</strong></span> <span class='ocrx_word' id='word_1_193' title='bbox 2002 2600 2099 2640; x_wconf 89' lang='lat' dir='ltr'><strong>an-</strong></span> 
     </span>
    </p>
   </div>
   <div class='ocr_carea' id='block_1_28' title="bbox 504 2682 2101 2760">
    <p class='ocr_par' dir='ltr' id='par_1_28' title="bbox 504 2682 2101 2760">
     <span class='ocr_line' id='line_1_28' title="bbox 504 2682 2101 2760; baseline -0.008 -15"><span class='ocrx_word' id='word_1_194' title='bbox 504 2688 632 2745; x_wconf 77' lang='lat' dir='ltr'><strong>‘cilla</strong></span> <span class='ocrx_word' id='word_1_195' title='bbox 658 2687 1092 2760; x_wconf 83' lang='lat' dir='ltr'><strong>patrisfamilias,</strong></span> <span class='ocrx_word' id='word_1_196' title='bbox 1140 2686 1230 2757; x_wconf 91' lang='lat' dir='ltr'><strong>qui</strong></span> <span class='ocrx_word' id='word_1_197' title='bbox 1273 2687 1321 2742; x_wconf 84' lang='lat' dir='ltr'><strong>ei</strong></span> <span class='ocrx_word' id='word_1_198' title='bbox 1363 2685 1625 2740; x_wconf 90' lang='lat' dir='ltr'><strong>latebram</strong></span> <span class='ocrx_word' id='word_1_199' title='bbox 1678 2682 1918 2754; x_wconf 74' lang='lat' dir='ltr'><strong>prtebere</strong></span> <span class='ocrx_word' id='word_1_200' title='bbox 1941 2693 2101 2736; x_wconf 86' lang='lat' dir='ltr'><strong>cura-</strong></span> 
     </span>
    </p>
   </div>
   <div class='ocr_carea' id='block_1_29' title="bbox 508 2775 2095 2852">
    <p class='ocr_par' dir='ltr' id='par_1_29' title="bbox 508 2775 2095 2852">
     <span class='ocr_line' id='line_1_29' title="bbox 508 2775 2095 2852; baseline -0.007 -17"><span class='ocrx_word' id='word_1_201' title='bbox 508 2788 621 2847; x_wconf 70' lang='lat' dir='ltr'><strong>‘ret,</strong></span> <span class='ocrx_word' id='word_1_202' title='bbox 646 2779 920 2852; x_wconf 83' lang='lat' dir='ltr'><strong>proditus,</strong></span> <span class='ocrx_word' id='word_1_203' title='bbox 948 2779 1042 2834; x_wconf 91' lang='lat' dir='ltr'><strong>sed</strong></span> <span class='ocrx_word' id='word_1_204' title='bbox 1065 2777 1243 2833; x_wconf 89' lang='lat' dir='ltr'><strong>divina</strong></span> <span class='ocrx_word' id='word_1_205' title='bbox 1279 2790 1337 2832; x_wconf 90' lang='lat' dir='ltr'><strong>se</strong></span> <span class='ocrx_word' id='word_1_206' title='bbox 1365 2775 1537 2848; x_wconf 88' lang='lat' dir='ltr'><strong>gratia</strong></span> <span class='ocrx_word' id='word_1_207' title='bbox 1574 2782 1891 2846; x_wconf 80' lang='lat' dir='ltr'><strong>protegente</strong></span> <span class='ocrx_word' id='word_1_208' title='bbox 1916 2784 2095 2825; x_wconf 81' lang='lat' dir='ltr'><strong>serva-</strong></span> 
     </span>
    </p>
   </div>
   <div class='ocr_carea' id='block_1_30' title="bbox 502 2859 2100 2937">
    <p class='ocr_par' dir='ltr' id='par_1_30' title="bbox 502 2859 2100 2937">
     <span class='ocr_line' id='line_1_30' title="bbox 502 2859 2100 2937; baseline -0.007 -12"><span class='ocrx_word' id='word_1_209' title='bbox 502 2881 627 2937; x_wconf 74' lang='lat' dir='ltr'><strong>‘tus,</strong></span> <span class='ocrx_word' id='word_1_210' title='bbox 654 2877 709 2925; x_wconf 91' lang='lat' dir='ltr'><strong>et</strong></span> <span class='ocrx_word' id='word_1_211' title='bbox 738 2870 795 2924; x_wconf 90' lang='lat' dir='ltr'><strong>in</strong></span> <span class='ocrx_word' id='word_1_212' title='bbox 821 2869 1004 2925; x_wconf 88' lang='lat' dir='ltr'><strong>sedem</strong></span> <span class='ocrx_word' id='word_1_213' title='bbox 1032 2883 1206 2935; x_wconf 89' lang='lat' dir='ltr'><strong>suam,</strong></span> <span class='ocrx_word' id='word_1_214' title='bbox 1230 2868 1523 2933; x_wconf 77' lang='lat' dir='ltr'><strong>Constante</strong></span> <span class='ocrx_word' id='word_1_215' title='bbox 1542 2863 1834 2921; x_wconf 86' lang='lat' dir='ltr'><strong>Galliarum</strong></span> <span class='ocrx_word' id='word_1_216' title='bbox 1858 2859 2100 2935; x_wconf 85' lang='lat' dir='ltr'><strong>principe</strong></span> 
     </span>
    </p>
   </div>
   <div class='ocr_carea' id='block_1_31' title="bbox 504 2951 2093 3031">
    <p class='ocr_par' dir='ltr' id='par_1_31' title="bbox 504 2951 2093 3031">
     <span class='ocr_line' id='line_1_31' title="bbox 504 2951 2093 3031; baseline -0.006 -17"><span class='ocrx_word' id='word_1_217' title='bbox 504 2960 659 3031; x_wconf 81' lang='lat' dir='ltr'><strong>apud</strong></span> <span class='ocrx_word' id='word_1_218' title='bbox 704 2958 927 3016; x_wconf 87' lang='lat' dir='ltr'><strong>fratrem</strong></span> <span class='ocrx_word' id='word_1_219' title='bbox 960 2957 1335 3014; x_wconf 85' lang='lat' dir='ltr'><strong>Constantium</strong></span> <span class='ocrx_word' id='word_1_220' title='bbox 1378 2956 1737 3027; x_wconf 88' lang='lat' dir='ltr'><strong>impetraute,</strong></span> <span class='ocrx_word' id='word_1_221' title='bbox 1788 2951 2093 3007; x_wconf 86' lang='lat' dir='ltr'><strong>restitutus.</strong></span> 
     </span>
    </p>
   </div>
   <div class='ocr_carea' id='block_1_32' title="bbox 506 3042 2098 3122">
    <p class='ocr_par' dir='ltr' id='par_1_32' title="bbox 506 3042 2098 3122">
     <span class='ocr_line' id='line_1_32' title="bbox 506 3042 2098 3122; baseline -0.006 -17"><span class='ocrx_word' id='word_1_222' title='bbox 506 3049 856 3122; x_wconf 78' lang='lat' dir='ltr'><strong>Rursumque</strong></span> <span class='ocrx_word' id='word_1_223' title='bbox 876 3057 999 3122; x_wconf 88' lang='lat' dir='ltr'><strong>post</strong></span> <span class='ocrx_word' id='word_1_224' title='bbox 1021 3057 1250 3106; x_wconf 90' lang='lat' dir='ltr'><strong>mortem</strong></span> <span class='ocrx_word' id='word_1_225' title='bbox 1274 3047 1418 3103; x_wconf 90' lang='lat' dir='ltr'><strong>illius</strong></span> <span class='ocrx_word' id='word_1_226' title='bbox 1436 3045 1507 3102; x_wconf 90' lang='lat' dir='ltr'><strong>ob</strong></span> <span class='ocrx_word' id='word_1_227' title='bbox 1525 3043 1884 3101; x_wconf 88' lang='lat' dir='ltr'><strong>constantiam</strong></span> <span class='ocrx_word' id='word_1_228' title='bbox 1911 3042 2098 3097; x_wconf 86' lang='lat' dir='ltr'><strong>catho-</strong></span> 
     </span>
    </p>
   </div>
   <div class='ocr_carea' id='block_1_33' title="bbox 504 3131 2093 3210">
    <p class='ocr_par' dir='ltr' id='par_1_33' title="bbox 504 3131 2093 3210">
     <span class='ocr_line' id='line_1_33' title="bbox 504 3131 2093 3210; baseline -0.006 -15"><span class='ocrx_word' id='word_1_229' title='bbox 504 3140 629 3196; x_wconf 61' lang='lat' dir='ltr'><strong>licae</strong></span> <span class='ocrx_word' id='word_1_230' title='bbox 656 3140 779 3195; x_wconf 87' lang='lat' dir='ltr'><strong>ﬁdei</strong></span> <span class='ocrx_word' id='word_1_231' title='bbox 806 3140 1040 3210; x_wconf 78' lang='lat' dir='ltr'><strong>fugatus,</strong></span> <span class='ocrx_word' id='word_1_232' title='bbox 1068 3153 1239 3209; x_wconf 91' lang='lat' dir='ltr'><strong>usque</strong></span> <span class='ocrx_word' id='word_1_233' title='bbox 1274 3136 1339 3192; x_wconf 89' lang='lat' dir='ltr'><strong>ad</strong></span> <span class='ocrx_word' id='word_1_234' title='bbox 1371 3136 1654 3208; x_wconf 89' lang='lat' dir='ltr'><strong>imperium</strong></span> <span class='ocrx_word' id='word_1_235' title='bbox 1681 3132 1890 3190; x_wconf 85' lang='lat' dir='ltr'><strong>Joviani</strong></span> <span class='ocrx_word' id='word_1_236' title='bbox 1918 3131 2093 3187; x_wconf 87' lang='lat' dir='ltr'><strong>latuit.</strong></span> 
     </span>
    </p>
   </div>
   <div class='ocr_carea' id='block_1_34' title="bbox 509 3223 2095 3301">
    <p class='ocr_par' dir='ltr' id='par_1_34' title="bbox 509 3223 2095 3301">
     <span class='ocr_line' id='line_1_34' title="bbox 509 3223 2095 3301; baseline -0.006 -14"><span class='ocrx_word' id='word_1_237' title='bbox 509 3232 557 3287; x_wconf 84' lang='lat' dir='ltr'><strong>A</strong></span> <span class='ocrx_word' id='word_1_238' title='bbox 584 3245 693 3301; x_wconf 92' lang='lat' dir='ltr'><strong>quo</strong></span> <span class='ocrx_word' id='word_1_239' title='bbox 719 3230 1032 3287; x_wconf 89' lang='lat' dir='ltr'><strong>honoriﬁcis</strong></span> <span class='ocrx_word' id='word_1_240' title='bbox 1050 3241 1105 3286; x_wconf 88' lang='lat' dir='ltr'><strong>et</strong></span> <span class='ocrx_word' id='word_1_241' title='bbox 1124 3228 1533 3286; x_wconf 82' lang='lat' dir='ltr'><strong>oﬁiciosissimis</strong></span> <span class='ocrx_word' id='word_1_242' title='bbox 1560 3226 1758 3282; x_wconf 84' lang='lat' dir='ltr'><strong>litteris</strong></span> <span class='ocrx_word' id='word_1_243' title='bbox 1780 3223 2095 3295; x_wconf 83' lang='lat' dir='ltr'><strong>requisitos,</strong></span> 
     </span>
    </p>
   </div>
   <div class='ocr_carea' id='block_1_35' title="bbox 504 3317 2097 3391">
    <p class='ocr_par' dir='ltr' id='par_1_35' title="bbox 504 3317 2097 3391">
     <span class='ocr_line' id='line_1_35' title="bbox 504 3317 2097 3391; baseline -0.006 -15"><span class='ocrx_word' id='word_1_244' title='bbox 504 3320 863 3377; x_wconf 80' lang='lat' dir='ltr'><strong>ecclesiarum</strong></span> <span class='ocrx_word' id='word_1_245' title='bbox 892 3320 1351 3391; x_wconf 90' lang='lat' dir='ltr'><strong>disponendarum</strong></span> <span class='ocrx_word' id='word_1_246' title='bbox 1382 3328 1618 3374; x_wconf 89' lang='lat' dir='ltr'><strong>statutus</strong></span> <span class='ocrx_word' id='word_1_247' title='bbox 1647 3318 1698 3371; x_wconf 95' lang='lat' dir='ltr'><strong>in</strong></span> <span class='ocrx_word' id='word_1_248' title='bbox 1722 3317 1848 3371; x_wconf 87' lang='lat' dir='ltr'><strong>sede</strong></span> <span class='ocrx_word' id='word_1_249' title='bbox 1876 3329 1971 3388; x_wconf 87' lang='lat' dir='ltr'><strong>sua</strong></span> <span class='ocrx_word' id='word_1_250' title='bbox 2002 3329 2097 3385; x_wconf 87' lang='lat' dir='ltr'><strong>po-</strong></span> 
     </span>
    </p>
   </div>
   <div class='ocr_carea' id='block_1_36' title="bbox 510 3404 2097 3481">
    <p class='ocr_par' dir='ltr' id='par_1_36' title="bbox 510 3404 2097 3481">
     <span class='ocr_line' id='line_1_36' title="bbox 510 3404 2097 3481; baseline -0.004 -16"><span class='ocrx_word' id='word_1_251' title='bbox 510 3419 764 3467; x_wconf 81' lang='lat' dir='ltr'><strong>testatem</strong></span> <span class='ocrx_word' id='word_1_252' title='bbox 795 3411 1020 3481; x_wconf 86' lang='lat' dir='ltr'><strong>accepit.</strong></span> <span class='ocrx_word' id='word_1_253' title='bbox 1051 3411 1209 3465; x_wconf 83' lang='lat' dir='ltr'><strong>Anno</strong></span> <span class='ocrx_word' id='word_1_254' title='bbox 1231 3419 1411 3465; x_wconf 89' lang='lat' dir='ltr'><strong>autem</strong></span> <span class='ocrx_word' id='word_1_255' title='bbox 1433 3406 1722 3464; x_wconf 86' lang='lat' dir='ltr'><strong>sacerdotii</strong></span> <span class='ocrx_word' id='word_1_256' title='bbox 1746 3406 1827 3461; x_wconf 91' lang='lat' dir='ltr'><strong>sui</strong></span> <span class='ocrx_word' id='word_1_257' title='bbox 1860 3404 2097 3477; x_wconf 86' lang='lat' dir='ltr'><strong>quadra-</strong></span> 
     </span>
    </p>
   </div>
   <div class='ocr_carea' id='block_1_37' title="bbox 506 3496 2100 3573">
    <p class='ocr_par' dir='ltr' id='par_1_37' title="bbox 506 3496 2100 3573">
     <span class='ocr_line' id='line_1_37' title="bbox 506 3496 2100 3573; baseline -0.005 -16"><span class='ocrx_word' id='word_1_258' title='bbox 506 3502 720 3572; x_wconf 83' lang='lat' dir='ltr'><strong>gesimo</strong></span> <span class='ocrx_word' id='word_1_259' title='bbox 747 3509 804 3557; x_wconf 91' lang='lat' dir='ltr'><strong>et</strong></span> <span class='ocrx_word' id='word_1_260' title='bbox 838 3501 1003 3567; x_wconf 87' lang='lat' dir='ltr'><strong>ultra,</strong></span> <span class='ocrx_word' id='word_1_261' title='bbox 1035 3510 1156 3573; x_wconf 91' lang='lat' dir='ltr'><strong>post</strong></span> <span class='ocrx_word' id='word_1_262' title='bbox 1200 3499 1397 3555; x_wconf 88' lang='lat' dir='ltr'><strong>multos</strong></span> <span class='ocrx_word' id='word_1_263' title='bbox 1434 3512 1633 3571; x_wconf 87' lang='lat' dir='ltr'><strong>agones</strong></span> <span class='ocrx_word' id='word_1_264' title='bbox 1662 3496 1966 3565; x_wconf 89' lang='lat' dir='ltr'><strong>multasque</strong></span> <span class='ocrx_word' id='word_1_265' title='bbox 2004 3509 2100 3564; x_wconf 87' lang='lat' dir='ltr'><strong>pa-</strong></span> 
     </span>
    </p>
   </div>
   <div class='ocr_carea' id='block_1_38' title="bbox 508 3585 2099 3663">
    <p class='ocr_par' dir='ltr' id='par_1_38' title="bbox 508 3585 2099 3663">
     <span class='ocr_line' id='line_1_38' title="bbox 508 3585 2099 3663; baseline -0.003 -17"><span class='ocrx_word' id='word_1_266' title='bbox 508 3591 715 3647; x_wconf 67' lang='lat' dir='ltr'><strong>tientiae</strong></span> <span class='ocrx_word' id='word_1_267' title='bbox 749 3606 1011 3658; x_wconf 88' lang='lat' dir='ltr'><strong>coronas,</strong></span> <span class='ocrx_word' id='word_1_268' title='bbox 1056 3591 1261 3663; x_wconf 77' lang='lat' dir='ltr'><strong>quievit</strong></span> <span class='ocrx_word' id='word_1_269' title='bbox 1289 3590 1340 3644; x_wconf 93' lang='lat' dir='ltr'><strong>in</strong></span> <span class='ocrx_word' id='word_1_270' title='bbox 1369 3587 1881 3662; x_wconf 86' lang='lat' dir='ltr'><strong>pace,.temporihus</strong></span> <span class='ocrx_word' id='word_1_271' title='bbox 1903 3585 2099 3641; x_wconf 81' lang='lat' dir='ltr'><strong>Valen-</strong></span> 
     </span>
    </p>
   </div>
   <div class='ocr_carea' id='block_1_39' title="bbox 512 3676 2098 3753">
    <p class='ocr_par' dir='ltr' id='par_1_39' title="bbox 512 3676 2098 3753">
     <span class='ocr_line' id='line_1_39' title="bbox 512 3676 2098 3753; baseline -0.003 -16"><span class='ocrx_word' id='word_1_272' title='bbox 512 3682 705 3737; x_wconf 87' lang='lat' dir='ltr'><strong>tiniani</strong></span> <span class='ocrx_word' id='word_1_273' title='bbox 735 3691 789 3738; x_wconf 88' lang='lat' dir='ltr'><strong>et</strong></span> <span class='ocrx_word' id='word_1_274' title='bbox 811 3682 1054 3739; x_wconf 79' lang='lat' dir='ltr'><strong>Valentis</strong></span> <span class='ocrx_word' id='word_1_275' title='bbox 1080 3682 1489 3753; x_wconf 86' lang='lat' dir='ltr'><strong>imperatorum,</strong></span> <span class='ocrx_word' id='word_1_276' title='bbox 1527 3681 1701 3736; x_wconf 82' lang='lat' dir='ltr'><strong>Vitam</strong></span> <span class='ocrx_word' id='word_1_277' title='bbox 1736 3678 1905 3735; x_wconf 90' lang='lat' dir='ltr'><strong>sancti</strong></span> <span class='ocrx_word' id='word_1_278' title='bbox 1935 3676 2098 3732; x_wconf 87' lang='lat' dir='ltr'><strong>Anto-</strong></span> 
     </span>
    </p>
   </div>
   <div class='ocr_carea' id='block_1_40' title="bbox 510 3767 2096 3843">
    <p class='ocr_par' dir='ltr' id='par_1_40' title="bbox 510 3767 2096 3843">
     <span class='ocr_line' id='line_1_40' title="bbox 510 3767 2096 3843; baseline -0.008 -12"><span class='ocrx_word' id='word_1_279' title='bbox 510 3774 590 3831; x_wconf 82' lang='lat' dir='ltr'><strong>nii</strong></span> <span class='ocrx_word' id='word_1_280' title='bbox 617 3774 961 3830; x_wconf 67' lang='lat' dir='ltr'><strong>anachoreta:</strong></span> <span class='ocrx_word' id='word_1_281' title='bbox 989 3772 1189 3828; x_wconf 85' lang='lat' dir='ltr'><strong>futuris</strong></span> <span class='ocrx_word' id='word_1_282' title='bbox 1241 3770 1683 3843; x_wconf 87' lang='lat' dir='ltr'><strong>generationibus</strong></span> <span class='ocrx_word' id='word_1_283' title='bbox 1728 3767 2096 3840; x_wconf 89' lang='lat' dir='ltr'><strong>profuturam,</strong></span> 
     </span>
    </p>
   </div>
   <div class='ocr_carea' id='block_1_41' title="bbox 510 3856 2096 3932">
    <p class='ocr_par' dir='ltr' id='par_1_41' title="bbox 510 3856 2096 3932">
     <span class='ocr_line' id='line_1_41' title="bbox 510 3856 2096 3932; baseline -0.004 -16"><span class='ocrx_word' id='word_1_284' title='bbox 510 3861 745 3932; x_wconf 86' lang='lat' dir='ltr'><strong>eleganti</strong></span> <span class='ocrx_word' id='word_1_285' title='bbox 793 3876 1073 3927; x_wconf 89' lang='lat' dir='ltr'><strong>sermone,</strong></span> <span class='ocrx_word' id='word_1_286' title='bbox 1123 3868 1179 3917; x_wconf 91' lang='lat' dir='ltr'><strong>et</strong></span> <span class='ocrx_word' id='word_1_287' title='bbox 1223 3861 1451 3932; x_wconf 89' lang='lat' dir='ltr'><strong>plurima</strong></span> <span class='ocrx_word' id='word_1_288' title='bbox 1497 3858 1756 3930; x_wconf 88' lang='lat' dir='ltr'><strong>sapientia</strong></span> <span class='ocrx_word' id='word_1_289' title='bbox 1804 3856 2096 3920; x_wconf 86' lang='lat' dir='ltr'><strong>refertam,</strong></span> 
     </span>
    </p>
   </div>
   <div class='ocr_carea' id='block_1_42' title="bbox 513 3951 1130 4022">
    <p class='ocr_par' dir='ltr' id='par_1_42' title="bbox 513 3951 1130 4022">
     <span class='ocr_line' id='line_1_42' title="bbox 513 3951 1130 4022; baseline -0.002 -15"><span class='ocrx_word' id='word_1_290' title='bbox 513 3952 774 4022; x_wconf 67' lang='lat' dir='ltr'><strong>scriptam</strong></span> <span class='ocrx_word' id='word_1_291' title='bbox 802 3951 1130 4021; x_wconf 87' lang='lat' dir='ltr'><strong>relinquens.</strong></span> 
     </span>
    </p>
   </div>
   <div class='ocr_carea' id='block_1_43' title="bbox 583 4028 2098 4109">
    <p class='ocr_par' dir='ltr' id='par_1_43' title="bbox 583 4028 2098 4109">
     <span class='ocr_line' id='line_1_43' title="bbox 583 4028 2098 4109; baseline -0.003 -14"><span class='ocrx_word' id='word_1_292' title='bbox 583 4040 715 4095; x_wconf 87' lang='lat' dir='ltr'><strong>Item</strong></span> <span class='ocrx_word' id='word_1_293' title='bbox 759 4040 1105 4095; x_wconf 61' lang='lat' dir='ltr'><strong>Alexandriae</strong></span> <span class='ocrx_word' id='word_1_294' title='bbox 1152 4039 1429 4096; x_wconf 75' lang='lat' dir='ltr'><strong>Saturnini</strong></span> <span class='ocrx_word' id='word_1_295' title='bbox 1473 4046 1526 4096; x_wconf 91' lang='lat' dir='ltr'><strong>et</strong></span> <span class='ocrx_word' id='word_1_296' title='bbox 1572 4028 1992 4109; x_wconf 30' lang='lat' dir='ltr'><strong>NcOpolis.‘qui</strong></span> <span class='ocrx_word' id='word_1_297' title='bbox 2044 4035 2098 4091; x_wconf 88' lang='lat' dir='ltr'><strong>in</strong></span> 
     </span>
    </p>
   </div>
   <div class='ocr_carea' id='block_1_44' title="bbox 470 4133 1101 4205">
    <p class='ocr_par' dir='ltr' id='par_1_44' title="bbox 470 4133 1101 4205">
     <span class='ocr_line' id='line_1_44' title="bbox 470 4133 1101 4205; baseline -0.005 -17"><span class='ocrx_word' id='word_1_298' title='bbox 470 4156 475 4161; x_wconf 88' lang='grc'><strong>·</strong></span> <span class='ocrx_word' id='word_1_299' title='bbox 513 4147 738 4189; x_wconf 84' lang='lat' dir='ltr'><strong>carcere</strong></span> <span class='ocrx_word' id='word_1_300' title='bbox 766 4133 1101 4205; x_wconf 89' lang='lat' dir='ltr'><strong>requierunt.</strong></span> 
     </span>
    </p>
   </div>
   <div class='ocr_carea' id='block_1_45' title="bbox 580 4218 2102 4295">
    <p class='ocr_par' dir='ltr' id='par_1_45' title="bbox 580 4218 2102 4295">
     <span class='ocr_line' id='line_1_45' title="bbox 580 4218 2102 4295; baseline -0.004 -15"><span class='ocrx_word' id='word_1_301' title='bbox 580 4225 980 4291; x_wconf 85' lang='lat' dir='ltr'><strong>Antissiodoro,</strong></span> <span class='ocrx_word' id='word_1_302' title='bbox 1010 4222 1192 4294; x_wconf 89' lang='lat' dir='ltr'><strong>Optati</strong></span> <span class='ocrx_word' id='word_1_303' title='bbox 1222 4220 1458 4293; x_wconf 84' lang='lat' dir='ltr'><strong>episcopi</strong></span> <span class='ocrx_word' id='word_1_304' title='bbox 1488 4228 1542 4276; x_wconf 92' lang='lat' dir='ltr'><strong>et</strong></span> <span class='ocrx_word' id='word_1_305' title='bbox 1564 4219 1838 4277; x_wconf 90' lang='lat' dir='ltr'><strong>Sanctiani</strong></span> <span class='ocrx_word' id='word_1_306' title='bbox 1874 4218 2102 4295; x_wconf 78' lang='lat' dir='ltr'><strong>presby-</strong></span> 
     </span>
    </p>
   </div>
   <div class='ocr_carea' id='block_1_46' title="bbox 513 4316 1936 4373">
    <p class='ocr_par' dir='ltr' id='par_1_46' title="bbox 513 4316 1936 4373">
     <span class='ocr_line' id='line_1_46' title="bbox 513 4316 1936 4373; baseline -0.01 0"><span class='ocrx_word' id='word_1_307' title='bbox 513 4317 639 4373; x_wconf 83' lang='lat' dir='ltr'><strong>teri.</strong></span> <span class='ocrx_word' id='word_1_308' title='bbox 1932 4316 1936 4323; x_wconf 76' lang='lat'><em>‘</em></span> 
     </span>
    </p>
   </div>
   <div class='ocr_carea' id='block_1_47' title="bbox 588 4405 2099 4477">
    <p class='ocr_par' dir='ltr' id='par_1_47' title="bbox 588 4405 2099 4477">
     <span class='ocr_line' id='line_1_47' title="bbox 588 4405 2099 4477; baseline -0.003 -14"><span class='ocrx_word' id='word_1_309' title='bbox 588 4407 630 4463; x_wconf 71' lang='grc' dir='ltr'><strong>ν</strong></span> <span class='ocrx_word' id='word_1_310' title='bbox 667 4408 805 4466; x_wconf 71' lang='lat' dir='ltr'><strong>Non.</strong></span> <span class='ocrx_word' id='word_1_311' title='bbox 854 4410 1004 4465; x_wconf 78' lang='lat' dir='ltr'><strong>Mm.</strong></span> <span class='ocrx_word' id='word_1_312' title='bbox 1057 4440 1130 4451; x_wconf 91' lang='grc'><strong>--</strong></span> <span class='ocrx_word' id='word_1_313' title='bbox 1167 4406 1579 4477; x_wconf 82' lang='lat' dir='ltr'><strong>Hierosolymis,</strong></span> <span class='ocrx_word' id='word_1_314' title='bbox 1611 4405 1853 4461; x_wconf 86' lang='lat' dir='ltr'><strong>inventio</strong></span> <span class='ocrx_word' id='word_1_315' title='bbox 1898 4413 2099 4460; x_wconf 71' lang='lat' dir='ltr'><strong>sancta:</strong></span> 
     </span>
    </p>
   </div>
   <div class='ocr_carea' id='block_1_48' title="bbox 2191 657 3777 740">
    <p class='ocr_par' dir='ltr' id='par_1_48' title="bbox 2191 657 3777 740">
     <span class='ocr_line' id='line_1_48' title="bbox 2191 657 3777 740; baseline -0.011 -14"><span class='ocrx_word' id='word_1_316' title='bbox 2191 672 2366 738; x_wconf 89' lang='lat' dir='ltr'><strong>tibus;</strong></span> <span class='ocrx_word' id='word_1_317' title='bbox 2392 672 2485 728; x_wconf 89' lang='lat' dir='ltr'><strong>sed</strong></span> <span class='ocrx_word' id='word_1_318' title='bbox 2512 671 2671 726; x_wconf 90' lang='lat' dir='ltr'><strong>istam</strong></span> <span class='ocrx_word' id='word_1_319' title='bbox 2704 666 3088 740; x_wconf 90' lang='lat' dir='ltr'><strong>imputribilem</strong></span> <span class='ocrx_word' id='word_1_320' title='bbox 3115 664 3372 719; x_wconf 82' lang='lat' dir='ltr'><strong>virtutem</strong></span> <span class='ocrx_word' id='word_1_321' title='bbox 3403 669 3462 716; x_wconf 93' lang='lat' dir='ltr'><strong>et</strong></span> <span class='ocrx_word' id='word_1_322' title='bbox 3499 657 3777 713; x_wconf 80' lang='lat' dir='ltr'><strong>indetribi-</strong></span> 
     </span>
    </p>
   </div>
   <div class='ocr_carea' id='block_1_49' title="bbox 2191 754 3777 830">
    <p class='ocr_par' dir='ltr' id='par_1_49' title="bbox 2191 754 3777 830">
     <span class='ocr_line' id='line_1_49' title="bbox 2191 754 3777 830; baseline -0.007 -12"><span class='ocrx_word' id='word_1_323' title='bbox 2191 763 2296 820; x_wconf 91' lang='lat' dir='ltr'><strong>lem</strong></span> <span class='ocrx_word' id='word_1_324' title='bbox 2327 764 2650 820; x_wconf 90' lang='lat' dir='ltr'><strong>soliditatem</strong></span> <span class='ocrx_word' id='word_1_325' title='bbox 2696 764 2763 818; x_wconf 89' lang='lat' dir='ltr'><strong>de</strong></span> <span class='ocrx_word' id='word_1_326' title='bbox 2802 762 2944 816; x_wconf 93' lang='lat' dir='ltr'><strong>illius</strong></span> <span class='ocrx_word' id='word_1_327' title='bbox 2966 758 3206 830; x_wconf 87' lang='lat' dir='ltr'><strong>profecto</strong></span> <span class='ocrx_word' id='word_1_328' title='bbox 3233 755 3501 826; x_wconf 83' lang='lat' dir='ltr'><strong>sanguine</strong></span> <span class='ocrx_word' id='word_1_329' title='bbox 3539 754 3777 808; x_wconf 85' lang='lat' dir='ltr'><strong>creditur</strong></span> 
     </span>
    </p>
   </div>
   <div class='ocr_carea' id='block_1_50' title="bbox 2192 845 3775 926">
    <p class='ocr_par' dir='ltr' id='par_1_50' title="bbox 2192 845 3775 926">
     <span class='ocr_line' id='line_1_50' title="bbox 2192 845 3775 926; baseline -0.009 -15"><span class='ocrx_word' id='word_1_330' title='bbox 2192 855 2467 926; x_wconf 83' lang='lat' dir='ltr'><strong>accepisse</strong></span> <span class='ocrx_word' id='word_1_331' title='bbox 2488 855 2577 924; x_wconf 84' lang='lat' dir='ltr'><strong>qui</strong></span> <span class='ocrx_word' id='word_1_332' title='bbox 2599 868 2789 925; x_wconf 91' lang='lat' dir='ltr'><strong>passus</strong></span> <span class='ocrx_word' id='word_1_333' title='bbox 2812 860 3039 908; x_wconf 83' lang='lat' dir='ltr'><strong>mortem</strong></span> <span class='ocrx_word' id='word_1_334' title='bbox 3069 866 3172 904; x_wconf 89' lang='lat' dir='ltr'><strong>non</strong></span> <span class='ocrx_word' id='word_1_335' title='bbox 3197 845 3775 913; x_wconf 83' lang='lat' dir='ltr'><strong>viditcorruptionem,</strong></span> 
     </span>
    </p>
   </div>
   <div class='ocr_carea' id='block_1_51' title="bbox 2194 935 3780 1005">
    <p class='ocr_par' dir='ltr' id='par_1_51' title="bbox 2194 935 3780 1005">
     <span class='ocr_line' id='line_1_51' title="bbox 2194 935 3780 1005; baseline -0.012 -2"><span class='ocrx_word' id='word_1_336' title='bbox 2194 947 2304 1003; x_wconf 90' lang='lat' dir='ltr'><strong>imo</strong></span> <span class='ocrx_word' id='word_1_337' title='bbox 2342 947 2551 1002; x_wconf 91' lang='lat' dir='ltr'><strong>cunctis</strong></span> <span class='ocrx_word' id='word_1_338' title='bbox 2591 946 2644 1000; x_wconf 92' lang='lat' dir='ltr'><strong>in</strong></span> <span class='ocrx_word' id='word_1_339' title='bbox 2691 960 2750 1000; x_wconf 92' lang='lat' dir='ltr'><strong>se</strong></span> <span class='ocrx_word' id='word_1_340' title='bbox 2794 941 3138 999; x_wconf 88' lang='lat' dir='ltr'><strong>credentibus</strong></span> <span class='ocrx_word' id='word_1_341' title='bbox 3165 935 3637 994; x_wconf 81' lang='lat' dir='ltr'><strong>immortalitatem</strong></span> <span class='ocrx_word' id='word_1_342' title='bbox 3662 949 3780 1005; x_wconf 82' lang='lat' dir='ltr'><strong>pro-</strong></span> 
     </span>
    </p>
   </div>
   <div class='ocr_carea' id='block_1_52' title="bbox 2194 1034 2911 1104">
    <p class='ocr_par' dir='ltr' id='par_1_52' title="bbox 2194 1034 2911 1104">
     <span class='ocr_line' id='line_1_52' title="bbox 2194 1034 2911 1104; baseline -0.01 -12"><span class='ocrx_word' id='word_1_343' title='bbox 2194 1036 2331 1092; x_wconf 90' lang='lat' dir='ltr'><strong>vidit</strong></span> <span class='ocrx_word' id='word_1_344' title='bbox 2351 1044 2405 1092; x_wconf 87' lang='lat' dir='ltr'><strong>et</strong></span> <span class='ocrx_word' id='word_1_345' title='bbox 2430 1034 2911 1104; x_wconf 84' lang='lat' dir='ltr'><strong>incorruptionem.</strong></span> 
     </span>
    </p>
   </div>
   <div class='ocr_carea' id='block_1_53' title="bbox 2265 1132 3782 1206">
    <p class='ocr_par' dir='ltr' id='par_1_53' title="bbox 2265 1132 3782 1206">
     <span class='ocr_line' id='line_1_53' title="bbox 2265 1132 3782 1206; baseline -0.008 -7"><span class='ocrx_word' id='word_1_346' title='bbox 2265 1143 2466 1199; x_wconf 85' lang='lat' dir='ltr'><strong>Eodem</strong></span> <span class='ocrx_word' id='word_1_347' title='bbox 2495 1142 2582 1198; x_wconf 90' lang='lat' dir='ltr'><strong>die</strong></span> <span class='ocrx_word' id='word_1_348' title='bbox 2608 1140 2905 1206; x_wconf 78' lang='lat' dir='ltr'><strong>Romae,via</strong></span> <span class='ocrx_word' id='word_1_349' title='bbox 2932 1137 3290 1199; x_wconf 80' lang='lat' dir='ltr'><strong>Nomentana,</strong></span> <span class='ocrx_word' id='word_1_350' title='bbox 3322 1133 3586 1195; x_wconf 85' lang='lat' dir='ltr'><strong>milliario</strong></span> <span class='ocrx_word' id='word_1_351' title='bbox 3625 1132 3782 1202; x_wconf 80' lang='lat' dir='ltr'><strong>septi-</strong></span> 
     </span>
    </p>
   </div>
   <div class='ocr_carea' id='block_1_54' title="bbox 2196 1225 3783 1301">
    <p class='ocr_par' dir='ltr' id='par_1_54' title="bbox 2196 1225 3783 1301">
     <span class='ocr_line' id='line_1_54' title="bbox 2196 1225 3783 1301; baseline -0.008 -12"><span class='ocrx_word' id='word_1_352' title='bbox 2196 1249 2310 1301; x_wconf 86' lang='lat' dir='ltr'><strong>mo,</strong></span> <span class='ocrx_word' id='word_1_353' title='bbox 2340 1232 2594 1289; x_wconf 88' lang='lat' dir='ltr'><strong>nativitas</strong></span> <span class='ocrx_word' id='word_1_354' title='bbox 2623 1231 2684 1288; x_wconf 89' lang='lat' dir='ltr'><strong>S.</strong></span> <span class='ocrx_word' id='word_1_355' title='bbox 2714 1230 3011 1287; x_wconf 87' lang='lat' dir='ltr'><strong>Alexandri</strong></span> <span class='ocrx_word' id='word_1_356' title='bbox 3038 1244 3209 1300; x_wconf 64' lang='lat' dir='ltr'><strong>papae.</strong></span> <span class='ocrx_word' id='word_1_357' title='bbox 3239 1227 3345 1294; x_wconf 91' lang='lat' dir='ltr'><strong>Qui</strong></span> <span class='ocrx_word' id='word_1_358' title='bbox 3375 1225 3646 1281; x_wconf 72' lang='lat' dir='ltr'><strong>Romana:</strong></span> <span class='ocrx_word' id='word_1_359' title='bbox 3688 1225 3783 1279; x_wconf 78' lang='lat' dir='ltr'><strong>Ec-</strong></span> 
     </span>
    </p>
   </div>
   <div class='ocr_carea' id='block_1_55' title="bbox 2196 1315 3780 1395">
    <p class='ocr_par' dir='ltr' id='par_1_55' title="bbox 2196 1315 3780 1395">
     <span class='ocr_line' id='line_1_55' title="bbox 2196 1315 3780 1395; baseline -0.008 -14"><span class='ocrx_word' id='word_1_360' title='bbox 2196 1325 2375 1382; x_wconf 76' lang='lat' dir='ltr'><strong>clesi&#39;e</strong></span> <span class='ocrx_word' id='word_1_361' title='bbox 2412 1324 2813 1395; x_wconf 91' lang='lat' dir='ltr'><strong>episcopatum,</strong></span> <span class='ocrx_word' id='word_1_362' title='bbox 2858 1320 3081 1391; x_wconf 86' lang='lat' dir='ltr'><strong>quintus</strong></span> <span class='ocrx_word' id='word_1_363' title='bbox 3126 1330 3246 1390; x_wconf 86' lang='lat' dir='ltr'><strong>post</strong></span> <span class='ocrx_word' id='word_1_364' title='bbox 3288 1321 3515 1374; x_wconf 84' lang='lat' dir='ltr'><strong>beatum</strong></span> <span class='ocrx_word' id='word_1_365' title='bbox 3546 1315 3780 1377; x_wconf 68' lang='lat' dir='ltr'><strong>Petrum,</strong></span> 
     </span>
    </p>
   </div>
   <div class='ocr_carea' id='block_1_56' title="bbox 2198 1406 3785 1478">
    <p class='ocr_par' dir='ltr' id='par_1_56' title="bbox 2198 1406 3785 1478">
     <span class='ocr_line' id='line_1_56' title="bbox 2198 1406 3785 1478; baseline -0.008 -8"><span class='ocrx_word' id='word_1_366' title='bbox 2198 1430 2371 1471; x_wconf 82' lang='lat' dir='ltr'><strong>annos</strong></span> <span class='ocrx_word' id='word_1_367' title='bbox 2396 1415 2609 1478; x_wconf 87' lang='lat' dir='ltr'><strong>decem,</strong></span> <span class='ocrx_word' id='word_1_368' title='bbox 2639 1428 2854 1469; x_wconf 89' lang='lat' dir='ltr'><strong>menses</strong></span> <span class='ocrx_word' id='word_1_369' title='bbox 2882 1411 3039 1476; x_wconf 88' lang='lat' dir='ltr'><strong>duos,</strong></span> <span class='ocrx_word' id='word_1_370' title='bbox 3071 1410 3187 1471; x_wconf 87' lang='lat' dir='ltr'><strong>dies</strong></span> <span class='ocrx_word' id='word_1_371' title='bbox 3215 1412 3406 1464; x_wconf 87' lang='lat' dir='ltr'><strong>decem</strong></span> <span class='ocrx_word' id='word_1_372' title='bbox 3435 1448 3452 1472; x_wconf 93' lang='lat'><strong>,</strong></span> <span class='ocrx_word' id='word_1_373' title='bbox 3502 1406 3785 1461; x_wconf 74' lang='lat' dir='ltr'><strong>sanctitate</strong></span> 
     </span>
    </p>
   </div>
   <div class='ocr_carea' id='block_1_57' title="bbox 2199 1497 3785 1574">
    <p class='ocr_par' dir='ltr' id='par_1_57' title="bbox 2199 1497 3785 1574">
     <span class='ocr_line' id='line_1_57' title="bbox 2199 1497 3785 1574; baseline -0.006 -16"><span class='ocrx_word' id='word_1_374' title='bbox 2199 1502 2657 1574; x_wconf 90' lang='lat' dir='ltr'><strong>iucomparabilis,</strong></span> <span class='ocrx_word' id='word_1_375' title='bbox 2691 1502 2857 1566; x_wconf 85' lang='lat' dir='ltr'><strong>rexit,</strong></span> <span class='ocrx_word' id='word_1_376' title='bbox 2888 1510 2943 1557; x_wconf 90' lang='lat' dir='ltr'><strong>et</strong></span> <span class='ocrx_word' id='word_1_377' title='bbox 2968 1500 3072 1556; x_wconf 92' lang='lat' dir='ltr'><strong>ﬁde</strong></span> <span class='ocrx_word' id='word_1_378' title='bbox 3118 1500 3459 1563; x_wconf 84' lang='lat' dir='ltr'><strong>clarissimus</strong></span> <span class='ocrx_word' id='word_1_379' title='bbox 3500 1497 3785 1553; x_wconf 82' lang='lat' dir='ltr'><strong>maximam</strong></span> 
     </span>
    </p>
   </div>
   <div class='ocr_carea' id='block_1_58' title="bbox 2198 1590 3783 1668">
    <p class='ocr_par' dir='ltr' id='par_1_58' title="bbox 2198 1590 3783 1668">
     <span class='ocr_line' id='line_1_58' title="bbox 2198 1590 3783 1668; baseline -0.006 -18"><span class='ocrx_word' id='word_1_380' title='bbox 2198 1605 2409 1668; x_wconf 90' lang='lat' dir='ltr'><strong>partem</strong></span> <span class='ocrx_word' id='word_1_381' title='bbox 2454 1604 2764 1651; x_wconf 83' lang='lat' dir='ltr'><strong>senatorum</strong></span> <span class='ocrx_word' id='word_1_382' title='bbox 2822 1592 2982 1649; x_wconf 88' lang='lat' dir='ltr'><strong>Urbis</strong></span> <span class='ocrx_word' id='word_1_383' title='bbox 3031 1592 3307 1648; x_wconf 85' lang='lat' dir='ltr'><strong>convertit</strong></span> <span class='ocrx_word' id='word_1_384' title='bbox 3346 1591 3426 1657; x_wconf 54' lang='lat' dir='ltr'><strong>,ad</strong></span> <span class='ocrx_word' id='word_1_385' title='bbox 3478 1590 3783 1646; x_wconf 79' lang='lat' dir='ltr'><strong>Dominum.</strong></span> 
     </span>
    </p>
   </div>
   <div class='ocr_carea' id='block_1_59' title="bbox 2201 1677 3785 1755">
    <p class='ocr_par' dir='ltr' id='par_1_59' title="bbox 2201 1677 3785 1755">
     <span class='ocr_line' id='line_1_59' title="bbox 2201 1677 3785 1755; baseline -0.005 -14"><span class='ocrx_word' id='word_1_386' title='bbox 2201 1685 2301 1742; x_wconf 81' lang='lat' dir='ltr'><strong>llic</strong></span> <span class='ocrx_word' id='word_1_387' title='bbox 2327 1685 2608 1741; x_wconf 88' lang='lat' dir='ltr'><strong>constituit</strong></span> <span class='ocrx_word' id='word_1_388' title='bbox 2655 1700 2852 1753; x_wconf 79' lang='lat' dir='ltr'><strong>aquam</strong></span> <span class='ocrx_word' id='word_1_389' title='bbox 2894 1684 3191 1755; x_wconf 85' lang='lat' dir='ltr'><strong>sparsiouis</strong></span> <span class='ocrx_word' id='word_1_390' title='bbox 3221 1697 3347 1739; x_wconf 92' lang='lat' dir='ltr'><strong>cum</strong></span> <span class='ocrx_word' id='word_1_391' title='bbox 3387 1681 3509 1737; x_wconf 86' lang='lat' dir='ltr'><strong>sale</strong></span> 
     </span>
    </p>
   </div>
   <div class='ocr_carea' id='block_1_60' title="bbox 2204 1770 3787 1843">
    <p class='ocr_par' dir='ltr' id='par_1_60' title="bbox 2204 1770 3787 1843">
     <span class='ocr_line' id='line_1_60' title="bbox 2204 1770 3787 1843; baseline -0.006 -13"><span class='ocrx_word' id='word_1_392' title='bbox 2204 1777 2257 1832; x_wconf 91' lang='lat' dir='ltr'><strong>in</strong></span> <span class='ocrx_word' id='word_1_393' title='bbox 2292 1775 2616 1832; x_wconf 87' lang='lat' dir='ltr'><strong>habitaculis</strong></span> <span class='ocrx_word' id='word_1_394' title='bbox 2660 1774 2918 1838; x_wconf 86' lang='lat' dir='ltr'><strong>ﬁdelium,</strong></span> <span class='ocrx_word' id='word_1_395' title='bbox 2966 1783 3025 1829; x_wconf 86' lang='lat' dir='ltr'><strong>et</strong></span> <span class='ocrx_word' id='word_1_396' title='bbox 3068 1773 3378 1843; x_wconf 84' lang='lat' dir='ltr'><strong>passionem</strong></span> <span class='ocrx_word' id='word_1_397' title='bbox 3422 1770 3646 1825; x_wconf 81' lang='lat' dir='ltr'><strong>Domini</strong></span> <span class='ocrx_word' id='word_1_398' title='bbox 3695 1770 3787 1822; x_wconf 42' lang='lat' dir='ltr'><strong>mi,</strong></span> 
     </span>
    </p>
   </div>
   <div class='ocr_carea' id='block_1_61' title="bbox 2201 1861 3788 1937">
    <p class='ocr_par' dir='ltr' id='par_1_61' title="bbox 2201 1861 3788 1937">
     <span class='ocr_line' id='line_1_61' title="bbox 2201 1861 3788 1937; baseline -0.008 -11"><span class='ocrx_word' id='word_1_399' title='bbox 2201 1869 2342 1927; x_wconf 90' lang='lat' dir='ltr'><strong>scuit</strong></span> <span class='ocrx_word' id='word_1_400' title='bbox 2383 1868 2436 1924; x_wconf 93' lang='lat' dir='ltr'><strong>in</strong></span> <span class='ocrx_word' id='word_1_401' title='bbox 2469 1868 2853 1937; x_wconf 64' lang='lat' dir='ltr'><strong>praedicatione</strong></span> <span class='ocrx_word' id='word_1_402' title='bbox 2891 1865 3232 1931; x_wconf 83' lang='lat' dir='ltr'><strong>sacerdotem</strong></span> <span class='ocrx_word' id='word_1_403' title='bbox 3273 1879 3395 1919; x_wconf 90' lang='lat' dir='ltr'><strong>cum</strong></span> <span class='ocrx_word' id='word_1_404' title='bbox 3442 1862 3631 1921; x_wconf 68' lang='lat' dir='ltr'><strong>missa:</strong></span> <span class='ocrx_word' id='word_1_405' title='bbox 3657 1861 3788 1915; x_wconf 58' lang='grc' dir='ltr'><strong>θὼν</strong></span> 
     </span>
    </p>
   </div>
   <div class='ocr_carea' id='block_1_62' title="bbox 2198 1954 3788 2029">
    <p class='ocr_par' dir='ltr' id='par_1_62' title="bbox 2198 1954 3788 2029">
     <span class='ocr_line' id='line_1_62' title="bbox 2198 1954 3788 2029; baseline -0.007 -12"><span class='ocrx_word' id='word_1_406' title='bbox 2198 1960 2445 2017; x_wconf 85' lang='lat' dir='ltr'><strong>brantur.</strong></span> <span class='ocrx_word' id='word_1_407' title='bbox 2471 1958 2597 2027; x_wconf 91' lang='lat' dir='ltr'><strong>Qui,</strong></span> <span class='ocrx_word' id='word_1_408' title='bbox 2614 1959 2838 2029; x_wconf 90' lang='lat' dir='ltr'><strong>jubente</strong></span> <span class='ocrx_word' id='word_1_409' title='bbox 2859 1955 3096 2024; x_wconf 86' lang='lat' dir='ltr'><strong>Trajano</strong></span> <span class='ocrx_word' id='word_1_410' title='bbox 3117 1957 3358 2020; x_wconf 66' lang='lat' dir='ltr'><strong>Caesare,</strong></span> <span class='ocrx_word' id='word_1_411' title='bbox 3385 1955 3459 2009; x_wconf 86' lang='lat' dir='ltr'><strong>ab</strong></span> <span class='ocrx_word' id='word_1_412' title='bbox 3476 1954 3788 2017; x_wconf 76' lang='lat' dir='ltr'><strong>Aureliano,</strong></span> 
     </span>
    </p>
   </div>
   <div class='ocr_carea' id='block_1_63' title="bbox 2199 2044 3789 2119">
    <p class='ocr_par' dir='ltr' id='par_1_63' title="bbox 2199 2044 3789 2119">
     <span class='ocr_line' id='line_1_63' title="bbox 2199 2044 3789 2119; baseline -0.004 -16"><span class='ocrx_word' id='word_1_413' title='bbox 2199 2050 2399 2105; x_wconf 88' lang='lat' dir='ltr'><strong>comite</strong></span> <span class='ocrx_word' id='word_1_414' title='bbox 2445 2049 2723 2119; x_wconf 89' lang='lat' dir='ltr'><strong>utriusque</strong></span> <span class='ocrx_word' id='word_1_415' title='bbox 2780 2047 2989 2103; x_wconf 71' lang='lat' dir='ltr'><strong>militia)</strong></span> <span class='ocrx_word' id='word_1_416' title='bbox 3014 2087 3030 2112; x_wconf 93' lang='lat'><strong>,</strong></span> <span class='ocrx_word' id='word_1_417' title='bbox 3069 2046 3276 2103; x_wconf 87' lang='lat' dir='ltr'><strong>carceri</strong></span> <span class='ocrx_word' id='word_1_418' title='bbox 3316 2044 3702 2114; x_wconf 79' lang='lat' dir='ltr'><strong>mancipatus,</strong></span> <span class='ocrx_word' id='word_1_419' title='bbox 3737 2051 3789 2096; x_wconf 81' lang='lat' dir='ltr'><strong>et</strong></span> 
     </span>
    </p>
   </div>
   <div class='ocr_carea' id='block_1_64' title="bbox 2195 2130 3789 2214">
    <p class='ocr_par' dir='ltr' id='par_1_64' title="bbox 2195 2130 3789 2214">
     <span class='ocr_line' id='line_1_64' title="bbox 2195 2130 3789 2214; baseline -0.006 -18"><span class='ocrx_word' id='word_1_420' title='bbox 2195 2130 2329 2197; x_wconf 78' lang='lat' dir='ltr'><strong>inde</strong></span> <span class='ocrx_word' id='word_1_421' title='bbox 2355 2158 2452 2214; x_wconf 87' lang='lat' dir='ltr'><strong>per</strong></span> <span class='ocrx_word' id='word_1_422' title='bbox 2480 2142 2757 2198; x_wconf 80' lang='lat' dir='ltr'><strong>ctelestem</strong></span> <span class='ocrx_word' id='word_1_423' title='bbox 2786 2140 3054 2204; x_wconf 90' lang='lat' dir='ltr'><strong>nuntium,</strong></span> <span class='ocrx_word' id='word_1_424' title='bbox 3098 2140 3166 2194; x_wconf 88' lang='lat' dir='ltr'><strong>ad</strong></span> <span class='ocrx_word' id='word_1_425' title='bbox 3193 2138 3417 2195; x_wconf 88' lang='lat' dir='ltr'><strong>domum</strong></span> <span class='ocrx_word' id='word_1_426' title='bbox 3456 2135 3671 2203; x_wconf 90' lang='lat' dir='ltr'><strong>Quirini</strong></span> <span class='ocrx_word' id='word_1_427' title='bbox 3698 2133 3789 2188; x_wconf 82' lang='lat' dir='ltr'><strong>tri-</strong></span> 
     </span>
    </p>
   </div>
   <div class='ocr_carea' id='block_1_65' title="bbox 2198 2222 3791 2300">
    <p class='ocr_par' dir='ltr' id='par_1_65' title="bbox 2198 2222 3791 2300">
     <span class='ocr_line' id='line_1_65' title="bbox 2198 2222 3791 2300; baseline -0.008 -11"><span class='ocrx_word' id='word_1_428' title='bbox 2198 2234 2350 2299; x_wconf 87' lang='lat' dir='ltr'><strong>buni,</strong></span> <span class='ocrx_word' id='word_1_429' title='bbox 2384 2233 2473 2289; x_wconf 89' lang='lat' dir='ltr'><strong>ubi</strong></span> <span class='ocrx_word' id='word_1_430' title='bbox 2523 2233 2717 2289; x_wconf 87' lang='lat' dir='ltr'><strong>beatus</strong></span> <span class='ocrx_word' id='word_1_431' title='bbox 2749 2222 2979 2286; x_wconf 79' lang='lat' dir='ltr'><strong>Hermes</strong></span> <span class='ocrx_word' id='word_1_432' title='bbox 3019 2228 3309 2300; x_wconf 66' lang='lat' dir='ltr'><strong>praefectus</strong></span> <span class='ocrx_word' id='word_1_433' title='bbox 3336 2228 3399 2282; x_wconf 88' lang='lat' dir='ltr'><strong>in</strong></span> <span class='ocrx_word' id='word_1_434' title='bbox 3442 2226 3690 2285; x_wconf 72' lang='lat' dir='ltr'><strong>custodia</strong></span> <span class='ocrx_word' id='word_1_435' title='bbox 3715 2233 3791 2277; x_wconf 78' lang='lat' dir='ltr'><strong>te-</strong></span> 
     </span>
    </p>
   </div>
   <div class='ocr_carea' id='block_1_66' title="bbox 2200 2317 3791 2396">
    <p class='ocr_par' dir='ltr' id='par_1_66' title="bbox 2200 2317 3791 2396">
     <span class='ocr_line' id='line_1_66' title="bbox 2200 2317 3791 2396; baseline -0.006 -14"><span class='ocrx_word' id='word_1_436' title='bbox 2200 2327 2452 2392; x_wconf 86' lang='lat' dir='ltr'><strong>nebatur,</strong></span> <span class='ocrx_word' id='word_1_437' title='bbox 2490 2327 2805 2396; x_wconf 89' lang='lat' dir='ltr'><strong>perductus,</strong></span> <span class='ocrx_word' id='word_1_438' title='bbox 2835 2336 3119 2394; x_wconf 87' lang='lat' dir='ltr'><strong>postquam</strong></span> <span class='ocrx_word' id='word_1_439' title='bbox 3167 2321 3334 2379; x_wconf 85' lang='lat' dir='ltr'><strong>ﬁliam</strong></span> <span class='ocrx_word' id='word_1_440' title='bbox 3376 2320 3555 2390; x_wconf 78' lang='lat' dir='ltr'><strong>ipsius</strong></span> <span class='ocrx_word' id='word_1_441' title='bbox 3590 2317 3791 2386; x_wconf 73' lang='lat' dir='ltr'><strong>Quirini</strong></span> 
     </span>
    </p>
   </div>
   <div class='ocr_carea' id='block_1_67' title="bbox 2199 2405 3791 2473">
    <p class='ocr_par' dir='ltr' id='par_1_67' title="bbox 2199 2405 3791 2473">
     <span class='ocr_line' id='line_1_67' title="bbox 2199 2405 3791 2473; baseline -0.006 -1"><span class='ocrx_word' id='word_1_442' title='bbox 2199 2417 2421 2473; x_wconf 89' lang='lat' dir='ltr'><strong>nomine</strong></span> <span class='ocrx_word' id='word_1_443' title='bbox 2468 2415 2748 2471; x_wconf 86' lang='lat' dir='ltr'><strong>Balbinam</strong></span> <span class='ocrx_word' id='word_1_444' title='bbox 2798 2414 2854 2468; x_wconf 89' lang='lat' dir='ltr'><strong>in</strong></span> <span class='ocrx_word' id='word_1_445' title='bbox 2899 2413 3118 2469; x_wconf 89' lang='lat' dir='ltr'><strong>nomine</strong></span> <span class='ocrx_word' id='word_1_446' title='bbox 3164 2409 3388 2469; x_wconf 86' lang='lat' dir='ltr'><strong>Domini</strong></span> <span class='ocrx_word' id='word_1_447' title='bbox 3441 2409 3624 2466; x_wconf 80' lang='lat' dir='ltr'><strong>nostri</strong></span> <span class='ocrx_word' id='word_1_448' title='bbox 3670 2405 3791 2462; x_wconf 64' lang='lat' dir='ltr'><strong>leae</strong></span> 
     </span>
    </p>
   </div>
   <div class='ocr_carea' id='block_1_68' title="bbox 2198 2499 3793 2570">
    <p class='ocr_par' dir='ltr' id='par_1_68' title="bbox 2198 2499 3793 2570">
     <span class='ocr_line' id='line_1_68' title="bbox 2198 2499 3793 2570; baseline -0.008 -2"><span class='ocrx_word' id='word_1_449' title='bbox 2198 2508 2402 2568; x_wconf 86' lang='lat' dir='ltr'><strong>Christi</strong></span> <span class='ocrx_word' id='word_1_450' title='bbox 2450 2523 2482 2563; x_wconf 91' lang='lat' dir='ltr'><strong>a</strong></span> <span class='ocrx_word' id='word_1_451' title='bbox 2531 2516 2741 2563; x_wconf 90' lang='lat' dir='ltr'><strong>struma</strong></span> <span class='ocrx_word' id='word_1_452' title='bbox 2773 2505 2896 2561; x_wconf 89' lang='lat' dir='ltr'><strong>colli</strong></span> <span class='ocrx_word' id='word_1_453' title='bbox 2942 2504 3199 2570; x_wconf 84' lang='lat' dir='ltr'><strong>sanavit,</strong></span> <span class='ocrx_word' id='word_1_454' title='bbox 3257 2512 3314 2561; x_wconf 92' lang='lat' dir='ltr'><strong>et</strong></span> <span class='ocrx_word' id='word_1_455' title='bbox 3362 2503 3642 2559; x_wconf 83' lang='lat' dir='ltr'><strong>nutricem</strong></span> <span class='ocrx_word' id='word_1_456' title='bbox 3685 2499 3793 2566; x_wconf 78' lang='lat' dir='ltr'><strong>eius</strong></span> 
     </span>
    </p>
   </div>
   <div class='ocr_carea' id='block_1_69' title="bbox 2202 2588 3790 2668">
    <p class='ocr_par' dir='ltr' id='par_1_69' title="bbox 2202 2588 3790 2668">
     <span class='ocr_line' id='line_1_69' title="bbox 2202 2588 3790 2668; baseline -0.006 -15"><span class='ocrx_word' id='word_1_457' title='bbox 2202 2596 2571 2664; x_wconf 84' lang='lat' dir='ltr'><strong>illuminavit,</strong></span> <span class='ocrx_word' id='word_1_458' title='bbox 2623 2597 2907 2668; x_wconf 86' lang='lat' dir='ltr'><strong>ipsumque</strong></span> <span class='ocrx_word' id='word_1_459' title='bbox 2961 2593 3254 2661; x_wconf 89' lang='lat' dir='ltr'><strong>Quirinum</strong></span> <span class='ocrx_word' id='word_1_460' title='bbox 3315 2593 3373 2648; x_wconf 86' lang='lat' dir='ltr'><strong>in</strong></span> <span class='ocrx_word' id='word_1_461' title='bbox 3427 2591 3544 2648; x_wconf 86' lang='lat' dir='ltr'><strong>ﬁde</strong></span> <span class='ocrx_word' id='word_1_462' title='bbox 3601 2588 3790 2645; x_wconf 62' lang='lat' dir='ltr'><strong>Cbriﬂi</strong></span> 
     </span>
    </p>
   </div>
   <div class='ocr_carea' id='block_1_70' title="bbox 2199 2679 3791 2756">
    <p class='ocr_par' dir='ltr' id='par_1_70' title="bbox 2199 2679 3791 2756">
     <span class='ocr_line' id='line_1_70' title="bbox 2199 2679 3791 2756; baseline -0.008 -11"><span class='ocrx_word' id='word_1_463' title='bbox 2199 2688 2553 2753; x_wconf 89' lang='lat' dir='ltr'><strong>confortavit,</strong></span> <span class='ocrx_word' id='word_1_464' title='bbox 2584 2694 2639 2744; x_wconf 89' lang='lat' dir='ltr'><strong>et</strong></span> <span class='ocrx_word' id='word_1_465' title='bbox 2663 2701 2759 2741; x_wconf 90' lang='lat' dir='ltr'><strong>eos</strong></span> <span class='ocrx_word' id='word_1_466' title='bbox 2787 2701 2924 2756; x_wconf 91' lang='lat' dir='ltr'><strong>quos</strong></span> <span class='ocrx_word' id='word_1_467' title='bbox 2949 2697 3137 2742; x_wconf 89' lang='lat' dir='ltr'><strong>carcer</strong></span> <span class='ocrx_word' id='word_1_468' title='bbox 3166 2682 3471 2741; x_wconf 83' lang='lat' dir='ltr'><strong>incluserat</strong></span> <span class='ocrx_word' id='word_1_469' title='bbox 3497 2679 3791 2750; x_wconf 71' lang='lat' dir='ltr'><strong>baptizatus</strong></span> 
     </span>
    </p>
   </div>
   <div class='ocr_carea' id='block_1_71' title="bbox 2201 2773 3790 2855">
    <p class='ocr_par' dir='ltr' id='par_1_71' title="bbox 2201 2773 3790 2855">
     <span class='ocr_line' id='line_1_71' title="bbox 2201 2773 3790 2855; baseline -0.007 -19"><span class='ocrx_word' id='word_1_470' title='bbox 2201 2779 2327 2836; x_wconf 90' lang='lat' dir='ltr'><strong>inde</strong></span> <span class='ocrx_word' id='word_1_471' title='bbox 2351 2780 2647 2855; x_wconf 84' lang='lat' dir='ltr'><strong>liberavit:</strong></span> <span class='ocrx_word' id='word_1_472' title='bbox 2692 2781 2836 2835; x_wconf 86' lang='lat' dir='ltr'><strong>inter</strong></span> <span class='ocrx_word' id='word_1_473' title='bbox 2864 2793 3002 2849; x_wconf 86' lang='lat' dir='ltr'><strong>quos</strong></span> <span class='ocrx_word' id='word_1_474' title='bbox 3034 2777 3200 2833; x_wconf 90' lang='lat' dir='ltr'><strong>etiam</strong></span> <span class='ocrx_word' id='word_1_475' title='bbox 3243 2778 3385 2835; x_wconf 82' lang='lat' dir='ltr'><strong>duos</strong></span> <span class='ocrx_word' id='word_1_476' title='bbox 3421 2773 3790 2830; x_wconf 76' lang='lat' dir='ltr'><strong>sanctissimos</strong></span> 
     </span>
    </p>
   </div>
   <div class='ocr_carea' id='block_1_72' title="bbox 2199 2861 3790 2943">
    <p class='ocr_par' dir='ltr' id='par_1_72' title="bbox 2199 2861 3790 2943">
     <span class='ocr_line' id='line_1_72' title="bbox 2199 2861 3790 2943; baseline -0.006 -19"><span class='ocrx_word' id='word_1_477' title='bbox 2199 2870 2544 2943; x_wconf 84' lang='lat' dir='ltr'><strong>presbyteros</strong></span> <span class='ocrx_word' id='word_1_478' title='bbox 2572 2870 2854 2926; x_wconf 89' lang='lat' dir='ltr'><strong>Eventium</strong></span> <span class='ocrx_word' id='word_1_479' title='bbox 2896 2878 2953 2924; x_wconf 92' lang='lat' dir='ltr'><strong>et</strong></span> <span class='ocrx_word' id='word_1_480' title='bbox 2978 2866 3340 2930; x_wconf 83' lang='lat' dir='ltr'><strong>&#39;l‘heodulum,</strong></span> <span class='ocrx_word' id='word_1_481' title='bbox 3367 2866 3521 2920; x_wconf 86' lang='lat' dir='ltr'><strong>idem</strong></span> <span class='ocrx_word' id='word_1_482' title='bbox 3545 2861 3790 2931; x_wconf 74' lang='lat' dir='ltr'><strong>Quirinus</strong></span> 
     </span>
    </p>
   </div>
   <div class='ocr_carea' id='block_1_73' title="bbox 2201 2952 3788 3036">
    <p class='ocr_par' dir='ltr' id='par_1_73' title="bbox 2201 2952 3788 3036">
     <span class='ocr_line' id='line_1_73' title="bbox 2201 2952 3788 3036; baseline -0.008 -18"><span class='ocrx_word' id='word_1_483' title='bbox 2201 2964 2379 3019; x_wconf 89' lang='lat' dir='ltr'><strong>adhuc</strong></span> <span class='ocrx_word' id='word_1_484' title='bbox 2403 2964 2620 3036; x_wconf 89' lang='lat' dir='ltr'><strong>gentilis</strong></span> <span class='ocrx_word' id='word_1_485' title='bbox 2647 2962 2975 3019; x_wconf 88' lang='lat' dir='ltr'><strong>constrictos</strong></span> <span class='ocrx_word' id='word_1_486' title='bbox 3021 2959 3249 3024; x_wconf 89' lang='lat' dir='ltr'><strong>habuit;</strong></span> <span class='ocrx_word' id='word_1_487' title='bbox 3295 2967 3423 3029; x_wconf 87' lang='lat' dir='ltr'><strong>post</strong></span> <span class='ocrx_word' id='word_1_488' title='bbox 3468 2957 3591 3010; x_wconf 65' lang='lat' dir='ltr'><strong>hac</strong></span> <span class='ocrx_word' id='word_1_489' title='bbox 3620 2952 3788 3009; x_wconf 78' lang='lat' dir='ltr'><strong>omnia</strong></span> 
     </span>
    </p>
   </div>
   <div class='ocr_carea' id='block_1_74' title="bbox 2201 3044 3788 3124">
    <p class='ocr_par' dir='ltr' id='par_1_74' title="bbox 2201 3044 3788 3124">
     <span class='ocr_line' id='line_1_74' title="bbox 2201 3044 3788 3124; baseline -0.01 -14"><span class='ocrx_word' id='word_1_490' title='bbox 2201 3062 2256 3110; x_wconf 89' lang='lat' dir='ltr'><strong>et</strong></span> <span class='ocrx_word' id='word_1_491' title='bbox 2286 3054 2454 3110; x_wconf 87' lang='lat' dir='ltr'><strong>multa</strong></span> <span class='ocrx_word' id='word_1_492' title='bbox 2480 3053 2585 3109; x_wconf 88' lang='lat' dir='ltr'><strong>alia</strong></span> <span class='ocrx_word' id='word_1_493' title='bbox 2611 3052 2906 3124; x_wconf 84' lang='lat' dir='ltr'><strong>apostolice</strong></span> <span class='ocrx_word' id='word_1_494' title='bbox 2934 3051 3100 3116; x_wconf 85' lang='lat' dir='ltr'><strong>facta,</strong></span> <span class='ocrx_word' id='word_1_495' title='bbox 3132 3049 3415 3105; x_wconf 85' lang='lat' dir='ltr'><strong>exbibitus</strong></span> <span class='ocrx_word' id='word_1_496' title='bbox 3442 3054 3535 3102; x_wconf 83' lang='lat' dir='ltr'><strong>est</strong></span> <span class='ocrx_word' id='word_1_497' title='bbox 3561 3044 3664 3114; x_wconf 85' lang='lat' dir='ltr'><strong>ipsi</strong></span> <span class='ocrx_word' id='word_1_498' title='bbox 3693 3044 3788 3096; x_wconf 79' lang='lat' dir='ltr'><strong>Ao-</strong></span> 
     </span>
    </p>
   </div>
   <div class='ocr_carea' id='block_1_75' title="bbox 2201 3132 3788 3212">
    <p class='ocr_par' dir='ltr' id='par_1_75' title="bbox 2201 3132 3788 3212">
     <span class='ocr_line' id='line_1_75' title="bbox 2201 3132 3788 3212; baseline -0.009 -11"><span class='ocrx_word' id='word_1_499' title='bbox 2201 3146 2409 3203; x_wconf 89' lang='lat' dir='ltr'><strong>reliano</strong></span> <span class='ocrx_word' id='word_1_500' title='bbox 2440 3160 2560 3202; x_wconf 90' lang='lat' dir='ltr'><strong>cum</strong></span> <span class='ocrx_word' id='word_1_501' title='bbox 2609 3143 2820 3200; x_wconf 89' lang='lat' dir='ltr'><strong>duobus</strong></span> <span class='ocrx_word' id='word_1_502' title='bbox 2865 3141 3190 3212; x_wconf 84' lang='lat' dir='ltr'><strong>supradictis</strong></span> <span class='ocrx_word' id='word_1_503' title='bbox 3238 3137 3625 3211; x_wconf 80' lang='lat' dir='ltr'><strong>presbyteris,</strong></span> <span class='ocrx_word' id='word_1_504' title='bbox 3654 3142 3707 3190; x_wconf 88' lang='lat' dir='ltr'><strong>et</strong></span> <span class='ocrx_word' id='word_1_505' title='bbox 3741 3132 3788 3184; x_wconf 83' lang='lat' dir='ltr'><strong>ia</strong></span> 
     </span>
    </p>
   </div>
   <div class='ocr_carea' id='block_1_76' title="bbox 2201 3223 3788 3308">
    <p class='ocr_par' dir='ltr' id='par_1_76' title="bbox 2201 3223 3788 3308">
     <span class='ocr_line' id='line_1_76' title="bbox 2201 3223 3788 3308; baseline -0.011 -12"><span class='ocrx_word' id='word_1_506' title='bbox 2201 3236 2491 3308; x_wconf 85' lang='lat' dir='ltr'><strong>equuleum</strong></span> <span class='ocrx_word' id='word_1_507' title='bbox 2522 3235 2750 3301; x_wconf 82' lang='lat' dir='ltr'><strong>levatus,</strong></span> <span class='ocrx_word' id='word_1_508' title='bbox 2781 3243 2952 3289; x_wconf 90' lang='lat' dir='ltr'><strong>tortus</strong></span> <span class='ocrx_word' id='word_1_509' title='bbox 2979 3230 3192 3303; x_wconf 88' lang='lat' dir='ltr'><strong>ungulis</strong></span> <span class='ocrx_word' id='word_1_510' title='bbox 3213 3270 3229 3296; x_wconf 93' lang='lat'><strong>,</strong></span> <span class='ocrx_word' id='word_1_511' title='bbox 3259 3239 3428 3299; x_wconf 84' lang='lat' dir='ltr'><strong>atque</strong></span> <span class='ocrx_word' id='word_1_512' title='bbox 3456 3223 3788 3295; x_wconf 61' lang='lat' dir='ltr'><strong>lampadibu</strong></span> 
     </span>
    </p>
   </div>
   <div class='ocr_carea' id='block_1_77' title="bbox 2198 3316 3786 3401">
    <p class='ocr_par' dir='ltr' id='par_1_77' title="bbox 2198 3316 3786 3401">
     <span class='ocr_line' id='line_1_77' title="bbox 2198 3316 3786 3401; baseline -0.011 -17"><span class='ocrx_word' id='word_1_513' title='bbox 2198 3328 2518 3401; x_wconf 78' lang='lat' dir='ltr'><strong>gravissime</strong></span> <span class='ocrx_word' id='word_1_514' title='bbox 2567 3335 2651 3381; x_wconf 83' lang='lat' dir='ltr'><strong>est</strong></span> <span class='ocrx_word' id='word_1_515' title='bbox 2712 3331 3053 3379; x_wconf 84' lang='lat' dir='ltr'><strong>attrectatus.</strong></span> <span class='ocrx_word' id='word_1_516' title='bbox 3105 3321 3351 3390; x_wconf 81' lang='lat' dir='ltr'><strong>Cumque</strong></span> <span class='ocrx_word' id='word_1_517' title='bbox 3408 3316 3595 3372; x_wconf 85' lang='lat' dir='ltr'><strong>nullas</strong></span> <span class='ocrx_word' id='word_1_518' title='bbox 3642 3327 3786 3368; x_wconf 68' lang='lat' dir='ltr'><strong>voces</strong></span> 
     </span>
    </p>
   </div>
   <div class='ocr_carea' id='block_1_78' title="bbox 2198 3402 3783 3483">
    <p class='ocr_par' dir='ltr' id='par_1_78' title="bbox 2198 3402 3783 3483">
     <span class='ocr_line' id='line_1_78' title="bbox 2198 3402 3783 3483; baseline -0.014 -7"><span class='ocrx_word' id='word_1_519' title='bbox 2198 3420 2512 3483; x_wconf 80' lang='lat' dir='ltr'><strong>emitteret,</strong></span> <span class='ocrx_word' id='word_1_520' title='bbox 2542 3418 2679 3474; x_wconf 81' lang='lat' dir='ltr'><strong>dixit</strong></span> <span class='ocrx_word' id='word_1_521' title='bbox 2717 3417 2765 3472; x_wconf 90' lang='lat' dir='ltr'><strong>ei</strong></span> <span class='ocrx_word' id='word_1_522' title='bbox 2817 3413 3139 3470; x_wconf 86' lang='lat' dir='ltr'><strong>Aurelianus</strong></span> <span class='ocrx_word' id='word_1_523' title='bbox 3186 3429 3201 3467; x_wconf 84' lang='lat'><strong>;</strong></span> <span class='ocrx_word' id='word_1_524' title='bbox 3254 3429 3272 3461; x_wconf 74' lang='grc' dir='ltr'>ι</span> <span class='ocrx_word' id='word_1_525' title='bbox 3311 3408 3501 3476; x_wconf 85' lang='lat' dir='ltr'><strong>Quare</strong></span> <span class='ocrx_word' id='word_1_526' title='bbox 3552 3402 3734 3461; x_wconf 78' lang='lat' dir='ltr'><strong>taces!</strong></span> <span class='ocrx_word' id='word_1_527' title='bbox 3764 3421 3783 3453; x_wconf 74' lang='grc' dir='ltr'><strong><em>ι</em></strong></span> 
     </span>
    </p>
   </div>
   <div class='ocr_carea' id='block_1_79' title="bbox 2200 3500 3787 3575">
    <p class='ocr_par' dir='ltr' id='par_1_79' title="bbox 2200 3500 3787 3575">
     <span class='ocr_line' id='line_1_79' title="bbox 2200 3500 3787 3575; baseline -0.014 -7"><span class='ocrx_word' id='word_1_528' title='bbox 2200 3510 2434 3568; x_wconf 87' lang='lat' dir='ltr'><strong>Sanctus</strong></span> <span class='ocrx_word' id='word_1_529' title='bbox 2460 3507 2771 3564; x_wconf 82' lang='lat' dir='ltr'><strong>Alexander</strong></span> <span class='ocrx_word' id='word_1_530' title='bbox 2795 3504 3111 3575; x_wconf 87' lang='lat' dir='ltr'><strong>respondit:</strong></span> <span class='ocrx_word' id='word_1_531' title='bbox 3148 3520 3168 3553; x_wconf 67' lang='grc' dir='ltr'>ί</span> <span class='ocrx_word' id='word_1_532' title='bbox 3206 3500 3346 3568; x_wconf 85' lang='lat' dir='ltr'><strong>Quia</strong></span> <span class='ocrx_word' id='word_1_533' title='bbox 3389 3509 3645 3568; x_wconf 76' lang='lat' dir='ltr'><strong>tempore</strong></span> <span class='ocrx_word' id='word_1_534' title='bbox 3678 3509 3787 3548; x_wconf 81' lang='lat' dir='ltr'><strong>ora-</strong></span> 
     </span>
    </p>
   </div>
   <div class='ocr_carea' id='block_1_80' title="bbox 2201 3586 3786 3673">
    <p class='ocr_par' dir='ltr' id='par_1_80' title="bbox 2201 3586 3786 3673">
     <span class='ocr_line' id='line_1_80' title="bbox 2201 3586 3786 3673; baseline -0.013 -15"><span class='ocrx_word' id='word_1_535' title='bbox 2201 3603 2366 3658; x_wconf 88' lang='lat' dir='ltr'><strong>tionis</strong></span> <span class='ocrx_word' id='word_1_536' title='bbox 2395 3600 2741 3657; x_wconf 87' lang='lat' dir='ltr'><strong>Christiauus</strong></span> <span class='ocrx_word' id='word_1_537' title='bbox 2766 3598 2928 3653; x_wconf 88' lang='lat' dir='ltr'><strong>homo</strong></span> <span class='ocrx_word' id='word_1_538' title='bbox 2954 3610 3081 3673; x_wconf 82' lang='lat' dir='ltr'><strong>cum</strong></span> <span class='ocrx_word' id='word_1_539' title='bbox 3115 3594 3226 3648; x_wconf 84' lang='lat' dir='ltr'><strong>Deo</strong></span> <span class='ocrx_word' id='word_1_540' title='bbox 3274 3590 3548 3660; x_wconf 87' lang='lat' dir='ltr'><strong>loquitur.</strong></span> <span class='ocrx_word' id='word_1_541' title='bbox 3586 3606 3607 3639; x_wconf 75' lang='grc' dir='ltr'><strong><em>ι</em></strong></span> <span class='ocrx_word' id='word_1_542' title='bbox 3647 3586 3786 3641; x_wconf 72' lang='lat' dir='ltr'><strong>Tunc</strong></span> 
     </span>
    </p>
   </div>
   <div class='ocr_carea' id='block_1_81' title="bbox 2198 3674 3785 3762">
    <p class='ocr_par' dir='ltr' id='par_1_81' title="bbox 2198 3674 3785 3762">
     <span class='ocr_line' id='line_1_81' title="bbox 2198 3674 3785 3762; baseline -0.015 -13"><span class='ocrx_word' id='word_1_543' title='bbox 2198 3708 2267 3750; x_wconf 90' lang='lat' dir='ltr'><strong>eo</strong></span> <span class='ocrx_word' id='word_1_544' title='bbox 2299 3691 2565 3762; x_wconf 78' lang='lat' dir='ltr'><strong>deposito,</strong></span> <span class='ocrx_word' id='word_1_545' title='bbox 2605 3690 2771 3761; x_wconf 88' lang='lat' dir='ltr'><strong>jussit</strong></span> <span class='ocrx_word' id='word_1_546' title='bbox 2810 3685 3069 3758; x_wconf 89' lang='lat' dir='ltr'><strong>applicari</strong></span> <span class='ocrx_word' id='word_1_547' title='bbox 3118 3682 3410 3739; x_wconf 71' lang='lat' dir='ltr'><strong>Eventium</strong></span> <span class='ocrx_word' id='word_1_548' title='bbox 3443 3686 3503 3733; x_wconf 87' lang='lat' dir='ltr'><strong>ct</strong></span> <span class='ocrx_word' id='word_1_549' title='bbox 3548 3674 3785 3732; x_wconf 71' lang='lat' dir='ltr'><strong>Theodo-</strong></span> 
     </span>
    </p>
   </div>
   <div class='ocr_carea' id='block_1_82' title="bbox 2200 3766 3785 3851">
    <p class='ocr_par' dir='ltr' id='par_1_82' title="bbox 2200 3766 3785 3851">
     <span class='ocr_line' id='line_1_82' title="bbox 2200 3766 3785 3851; baseline -0.013 -12"><span class='ocrx_word' id='word_1_550' title='bbox 2200 3784 2334 3849; x_wconf 87' lang='lat' dir='ltr'><strong>lutu,</strong></span> <span class='ocrx_word' id='word_1_551' title='bbox 2362 3792 2419 3840; x_wconf 89' lang='lat' dir='ltr'><strong>et</strong></span> <span class='ocrx_word' id='word_1_552' title='bbox 2448 3781 2805 3851; x_wconf 76' lang='lat' dir='ltr'><strong>interrogavit</strong></span> <span class='ocrx_word' id='word_1_553' title='bbox 2834 3794 2960 3835; x_wconf 91' lang='lat' dir='ltr'><strong>eum</strong></span> <span class='ocrx_word' id='word_1_554' title='bbox 2986 3794 3000 3832; x_wconf 89' lang='lat'>:</span> <span class='ocrx_word' id='word_1_555' title='bbox 3052 3796 3072 3829; x_wconf 73' lang='grc' dir='ltr'>ι</span> <span class='ocrx_word' id='word_1_556' title='bbox 3100 3774 3204 3842; x_wconf 87' lang='lat' dir='ltr'><strong>Qui</strong></span> <span class='ocrx_word' id='word_1_557' title='bbox 3249 3782 3377 3828; x_wconf 88' lang='lat' dir='ltr'><strong>sunt</strong></span> <span class='ocrx_word' id='word_1_558' title='bbox 3424 3770 3567 3826; x_wconf 78' lang='lat' dir='ltr'><strong>isti?</strong></span> <span class='ocrx_word' id='word_1_559' title='bbox 3597 3790 3617 3820; x_wconf 76' lang='grc' dir='ltr'><strong><em>ι</em></strong></span> <span class='ocrx_word' id='word_1_560' title='bbox 3662 3766 3785 3821; x_wconf 77' lang='lat' dir='ltr'><strong>Sau-</strong></span> 
     </span>
    </p>
   </div>
   <div class='ocr_carea' id='block_1_83' title="bbox 2199 3860 3786 3933">
    <p class='ocr_par' dir='ltr' id='par_1_83' title="bbox 2199 3860 3786 3933">
     <span class='ocr_line' id='line_1_83' title="bbox 2199 3860 3786 3933; baseline -0.013 -1"><span class='ocrx_word' id='word_1_561' title='bbox 2199 3884 2323 3933; x_wconf 88' lang='lat' dir='ltr'><strong>ctus</strong></span> <span class='ocrx_word' id='word_1_562' title='bbox 2376 3873 2683 3930; x_wconf 76' lang='lat' dir='ltr'><strong>Alexander</strong></span> <span class='ocrx_word' id='word_1_563' title='bbox 2731 3871 2912 3926; x_wconf 81' lang='lat' dir='ltr'><strong>dixit:</strong></span> <span class='ocrx_word' id='word_1_564' title='bbox 2973 3888 2993 3921; x_wconf 72' lang='grc' dir='ltr'>ι</span> <span class='ocrx_word' id='word_1_565' title='bbox 3023 3867 3199 3922; x_wconf 82' lang='lat' dir='ltr'><strong>Ambo</strong></span> <span class='ocrx_word' id='word_1_566' title='bbox 3242 3864 3353 3920; x_wconf 85' lang='lat' dir='ltr'><strong>viri</strong></span> <span class='ocrx_word' id='word_1_567' title='bbox 3392 3860 3597 3923; x_wconf 85' lang='lat' dir='ltr'><strong>sancti.</strong></span> <span class='ocrx_word' id='word_1_568' title='bbox 3637 3860 3786 3912; x_wconf 73' lang='lat' dir='ltr'><strong>ambo</strong></span> 
     </span>
    </p>
   </div>
   <div class='ocr_carea' id='block_1_84' title="bbox 2198 3948 3788 4039">
    <p class='ocr_par' dir='ltr' id='par_1_84' title="bbox 2198 3948 3788 4039">
     <span class='ocr_line' id='line_1_84' title="bbox 2198 3948 3788 4039; baseline -0.013 -17"><span class='ocrx_word' id='word_1_569' title='bbox 2198 3966 2526 4039; x_wconf 79' lang='lat' dir='ltr'><strong>presbyteri.</strong></span> <span class='ocrx_word' id='word_1_570' title='bbox 2563 3984 2582 4018; x_wconf 72' lang='grc' dir='ltr'><strong><em>ι</em></strong></span> <span class='ocrx_word' id='word_1_571' title='bbox 2623 3962 2769 4030; x_wconf 90' lang='lat' dir='ltr'><strong>Quos</strong></span> <span class='ocrx_word' id='word_1_572' title='bbox 2797 3961 2961 4019; x_wconf 87' lang='lat' dir='ltr'><strong>etiam</strong></span> <span class='ocrx_word' id='word_1_573' title='bbox 3007 3960 3151 4029; x_wconf 93' lang='lat' dir='ltr'><strong>ipsos</strong></span> <span class='ocrx_word' id='word_1_574' title='bbox 3194 3970 3319 4012; x_wconf 86' lang='lat' dir='ltr'><strong>cum</strong></span> <span class='ocrx_word' id='word_1_575' title='bbox 3350 3953 3409 4009; x_wconf 87' lang='lat' dir='ltr'><strong>in</strong></span> <span class='ocrx_word' id='word_1_576' title='bbox 3453 3948 3788 4007; x_wconf 70' lang='lat' dir='ltr'><strong>confessione</strong></span> 
     </span>
    </p>
   </div>
   <div class='ocr_carea' id='block_1_85' title="bbox 2200 4040 3784 4115">
    <p class='ocr_par' dir='ltr' id='par_1_85' title="bbox 2200 4040 3784 4115">
     <span class='ocr_line' id='line_1_85' title="bbox 2200 4040 3784 4115; baseline -0.015 -1"><span class='ocrx_word' id='word_1_577' title='bbox 2200 4058 2402 4115; x_wconf 85' lang='lat' dir='ltr'><strong>Christi</strong></span> <span class='ocrx_word' id='word_1_578' title='bbox 2461 4052 2936 4112; x_wconf 71' lang='lat' dir='ltr'><strong>constantissimae</strong></span> <span class='ocrx_word' id='word_1_579' title='bbox 2988 4048 3295 4111; x_wconf 86' lang='lat' dir='ltr'><strong>inveniret,</strong></span> <span class='ocrx_word' id='word_1_580' title='bbox 3346 4042 3521 4111; x_wconf 80' lang='lat' dir='ltr'><strong>jussit</strong></span> <span class='ocrx_word' id='word_1_581' title='bbox 3577 4040 3784 4094; x_wconf 67' lang='lat' dir='ltr'><strong>furum</strong></span> 
     </span>
    </p>
   </div>
   <div class='ocr_carea' id='block_1_86' title="bbox 2200 4131 3784 4212">
    <p class='ocr_par' dir='ltr' id='par_1_86' title="bbox 2200 4131 3784 4212">
     <span class='ocr_line' id='line_1_86' title="bbox 2200 4131 3784 4212; baseline -0.015 -4"><span class='ocrx_word' id='word_1_582' title='bbox 2200 4152 2403 4208; x_wconf 87' lang='lat' dir='ltr'><strong>acriter</strong></span> <span class='ocrx_word' id='word_1_583' title='bbox 2429 4148 2667 4212; x_wconf 86' lang='lat' dir='ltr'><strong>incendi,</strong></span> <span class='ocrx_word' id='word_1_584' title='bbox 2700 4156 2756 4201; x_wconf 91' lang='lat' dir='ltr'><strong>et</strong></span> <span class='ocrx_word' id='word_1_585' title='bbox 2786 4146 2975 4202; x_wconf 86' lang='lat' dir='ltr'><strong>beatos</strong></span> <span class='ocrx_word' id='word_1_586' title='bbox 2998 4139 3368 4197; x_wconf 83' lang='lat' dir='ltr'><strong>Alexandrum</strong></span> <span class='ocrx_word' id='word_1_587' title='bbox 3411 4144 3470 4199; x_wconf 83' lang='lat' dir='ltr'><strong>et</strong></span> <span class='ocrx_word' id='word_1_588' title='bbox 3510 4131 3784 4189; x_wconf 72' lang='lat' dir='ltr'><strong>Eventinn</strong></span> 
     </span>
    </p>
   </div>
   <div class='ocr_carea' id='block_1_87' title="bbox 2202 4222 3787 4313">
    <p class='ocr_par' dir='ltr' id='par_1_87' title="bbox 2202 4222 3787 4313">
     <span class='ocr_line' id='line_1_87' title="bbox 2202 4222 3787 4313; baseline -0.015 -15"><span class='ocrx_word' id='word_1_589' title='bbox 2202 4242 2398 4313; x_wconf 90' lang='lat' dir='ltr'><strong>ligatos</strong></span> <span class='ocrx_word' id='word_1_590' title='bbox 2448 4240 2502 4295; x_wconf 89' lang='lat' dir='ltr'><strong>in</strong></span> <span class='ocrx_word' id='word_1_591' title='bbox 2567 4237 2747 4293; x_wconf 89' lang='lat' dir='ltr'><strong>medio</strong></span> <span class='ocrx_word' id='word_1_592' title='bbox 2803 4228 3301 4306; x_wconf 65' lang='lat' dir='ltr'><strong>prmipitari.’Ad</strong></span> <span class='ocrx_word' id='word_1_593' title='bbox 3360 4239 3508 4297; x_wconf 84' lang='lat' dir='ltr'><strong>quos</strong></span> <span class='ocrx_word' id='word_1_594' title='bbox 3568 4222 3787 4277; x_wconf 69' lang='lat' dir='ltr'><strong>invictas</strong></span> 
     </span>
    </p>
   </div>
   <div class='ocr_carea' id='block_1_88' title="bbox 2203 4321 3785 4401">
    <p class='ocr_par' dir='ltr' id='par_1_88' title="bbox 2203 4321 3785 4401">
     <span class='ocr_line' id='line_1_88' title="bbox 2203 4321 3785 4401; baseline -0.016 -10"><span class='ocrx_word' id='word_1_595' title='bbox 2203 4332 2513 4391; x_wconf 85' lang='lat' dir='ltr'><strong>&#39;l‘heodulus</strong></span> <span class='ocrx_word' id='word_1_596' title='bbox 2542 4339 2734 4401; x_wconf 90' lang='lat' dir='ltr'><strong>sponte</strong></span> <span class='ocrx_word' id='word_1_597' title='bbox 2763 4326 3009 4397; x_wconf 84' lang='lat' dir='ltr'><strong>prosiluit</strong></span> <span class='ocrx_word' id='word_1_598' title='bbox 3036 4325 3089 4380; x_wconf 91' lang='lat' dir='ltr'><strong>iu</strong></span> <span class='ocrx_word' id='word_1_599' title='bbox 3115 4321 3390 4381; x_wconf 72' lang='lat' dir='ltr'><strong>ﬂammas,</strong></span> <span class='ocrx_word' id='word_1_600' title='bbox 3428 4329 3668 4385; x_wconf 81' lang='lat' dir='ltr'><strong>cumque</strong></span> <span class='ocrx_word' id='word_1_601' title='bbox 3689 4326 3785 4366; x_wconf 70' lang='lat' dir='ltr'><strong>non</strong></span> 
     </span>
    </p>
   </div>
   <div class='ocr_carea' id='block_1_89' title="bbox 2201 4408 3783 4490">
    <p class='ocr_par' dir='ltr' id='par_1_89' title="bbox 2201 4408 3783 4490">
     <span class='ocr_line' id='line_1_89' title="bbox 2201 4408 3783 4490; baseline -0.015 -7"><span class='ocrx_word' id='word_1_602' title='bbox 2201 4426 2529 4482; x_wconf 75' lang='lat' dir='ltr'><strong>lmderentur</strong></span> <span class='ocrx_word' id='word_1_603' title='bbox 2570 4423 2638 4478; x_wconf 89' lang='lat' dir='ltr'><strong>ab</strong></span> <span class='ocrx_word' id='word_1_604' title='bbox 2678 4421 2826 4490; x_wconf 89' lang='lat' dir='ltr'><strong>igne,</strong></span> <span class='ocrx_word' id='word_1_605' title='bbox 2876 4416 3010 4473; x_wconf 88' lang='lat' dir='ltr'><strong>fecit</strong></span> <span class='ocrx_word' id='word_1_606' title='bbox 3045 4414 3379 4471; x_wconf 81' lang='lat' dir='ltr'><strong>Aurelianus</strong></span> <span class='ocrx_word' id='word_1_607' title='bbox 3417 4408 3783 4465; x_wconf 67' lang='lat' dir='ltr'><strong>beatissimum</strong></span> 
     </span>
    </p>
   </div>
   <div class='ocr_carea' id='block_1_90' title="bbox 512 4494 3783 4582">
    <p class='ocr_par' dir='ltr' id='par_1_90' title="bbox 512 4494 3783 4582">
     <span class='ocr_line' id='line_1_90' title="bbox 512 4494 3783 4582; baseline -0.006 -28"><span class='ocrx_word' id='word_1_608' title='bbox 512 4501 1092 4559; x_wconf 79' lang='lat' dir='ltr'><strong>crucisDominiuostri</strong></span> <span class='ocrx_word' id='word_1_609' title='bbox 1107 4500 1231 4557; x_wconf 80' lang='lat' dir='ltr'><strong>Jesu</strong></span> <span class='ocrx_word' id='word_1_610' title='bbox 1248 4500 1447 4556; x_wconf 89' lang='lat' dir='ltr'><strong>Cluisti</strong></span> <span class='ocrx_word' id='word_1_611' title='bbox 1464 4501 1530 4555; x_wconf 89' lang='lat' dir='ltr'><strong>ab</strong></span> <span class='ocrx_word' id='word_1_612' title='bbox 1549 4498 1747 4555; x_wconf 84' lang='lat' dir='ltr'><strong>lleleua</strong></span> <span class='ocrx_word' id='word_1_613' title='bbox 1763 4499 1965 4569; x_wconf 88' lang='lat' dir='ltr'><strong>regina,</strong></span> <span class='ocrx_word' id='word_1_614' title='bbox 1978 4503 2100 4567; x_wconf 91' lang='lat' dir='ltr'><strong>post</strong></span> <span class='ocrx_word' id='word_1_615' title='bbox 2130 4556 2176 4582; x_wconf 54' lang='grc' dir='ltr'><strong>ῃ</strong></span> <span class='ocrx_word' id='word_1_616' title='bbox 2202 4515 2572 4573; x_wconf 58' lang='lat' dir='ltr'><strong>Alexandrum</strong></span> <span class='ocrx_word' id='word_1_617' title='bbox 2622 4509 2837 4582; x_wconf 48' lang='lat' dir='ltr'><strong>punctis</strong></span> <span class='ocrx_word' id='word_1_618' title='bbox 2871 4504 3220 4564; x_wconf 60' lang='lat' dir='ltr'><strong>creberrimis</strong></span> <span class='ocrx_word' id='word_1_619' title='bbox 3258 4518 3360 4574; x_wconf 55' lang='lat' dir='ltr'><strong>per</strong></span> <span class='ocrx_word' id='word_1_620' title='bbox 3388 4510 3589 4557; x_wconf 61' lang='grc' dir='ltr'><strong>αιτιοι,</strong></span> <span class='ocrx_word' id='word_1_621' title='bbox 3633 4494 3783 4567; x_wconf 61' lang='grc' dir='ltr'><strong>μυεῖ</strong></span> 
     </span>
    </p>
   </div>
   <div class='ocr_carea' id='block_1_91' title="bbox 508 4587 2094 4661">
    <p class='ocr_par' dir='ltr' id='par_1_91' title="bbox 508 4587 2094 4661">
     <span class='ocr_line' id='line_1_91' title="bbox 508 4587 2094 4661; baseline -0.003 -17"><span class='ocrx_word' id='word_1_622' title='bbox 508 4590 819 4661; x_wconf 86' lang='lat' dir='ltr'><strong>passionem</strong></span> <span class='ocrx_word' id='word_1_623' title='bbox 843 4590 1052 4647; x_wconf 81' lang='lat' dir='ltr'><strong>Domitii</strong></span> <span class='ocrx_word' id='word_1_624' title='bbox 1073 4608 1214 4647; x_wconf 88' lang='lat' dir='ltr'><strong>anno</strong></span> <span class='ocrx_word' id='word_1_625' title='bbox 1231 4592 1602 4647; x_wconf 84' lang='lat' dir='ltr'><strong>ducentesimo</strong></span> <span class='ocrx_word' id='word_1_626' title='bbox 1617 4588 1892 4644; x_wconf 89' lang='lat' dir='ltr'><strong>tricesimo</strong></span> <span class='ocrx_word' id='word_1_627' title='bbox 1914 4587 2094 4653; x_wconf 90' lang='lat' dir='ltr'><strong>tertio,</strong></span> 
     </span>
    </p>
   </div>
   <div class='ocr_carea' id='block_1_92' title="bbox 515 4678 2097 4754">
    <p class='ocr_par' dir='ltr' id='par_1_92' title="bbox 515 4678 2097 4754">
     <span class='ocr_line' id='line_1_92' title="bbox 515 4678 2097 4754; baseline -0.001 -21"><span class='ocrx_word' id='word_1_628' title='bbox 515 4689 780 4751; x_wconf 86' lang='lat' dir='ltr'><strong>regnante</strong></span> <span class='ocrx_word' id='word_1_629' title='bbox 845 4682 1197 4737; x_wconf 88' lang='lat' dir='ltr'><strong>Constantino</strong></span> <span class='ocrx_word' id='word_1_630' title='bbox 1256 4683 1622 4754; x_wconf 87' lang='lat' dir='ltr'><strong>imperatore,</strong></span> <span class='ocrx_word' id='word_1_631' title='bbox 1681 4678 1791 4735; x_wconf 90' lang='lat' dir='ltr'><strong>ﬁlio</strong></span> <span class='ocrx_word' id='word_1_632' title='bbox 1851 4678 2097 4749; x_wconf 81' lang='lat' dir='ltr'><strong>ejusdem</strong></span> 
     </span>
    </p>
   </div>
   <div class='ocr_carea' id='block_1_93' title="bbox 511 4769 2095 4843">
    <p class='ocr_par' dir='ltr' id='par_1_93' title="bbox 511 4769 2095 4843">
     <span class='ocr_line' id='line_1_93' title="bbox 511 4769 2095 4843; baseline -0.006 -11"><span class='ocrx_word' id='word_1_633' title='bbox 511 4775 749 4832; x_wconf 80' lang='lat' dir='ltr'><strong>lleleute.</strong></span> <span class='ocrx_word' id='word_1_634' title='bbox 790 4773 962 4842; x_wconf 88' lang='lat' dir='ltr'><strong>Quam</strong></span> <span class='ocrx_word' id='word_1_635' title='bbox 1010 4785 1131 4843; x_wconf 86' lang='lat' dir='ltr'><strong>post</strong></span> <span class='ocrx_word' id='word_1_636' title='bbox 1179 4784 1287 4829; x_wconf 86' lang='lat' dir='ltr'><strong>tam</strong></span> <span class='ocrx_word' id='word_1_637' title='bbox 1334 4777 1586 4831; x_wconf 88' lang='lat' dir='ltr'><strong>diuturna</strong></span> <span class='ocrx_word' id='word_1_638' title='bbox 1632 4781 1874 4842; x_wconf 90' lang='lat' dir='ltr'><strong>tempora</strong></span> <span class='ocrx_word' id='word_1_639' title='bbox 1916 4769 2095 4825; x_wconf 89' lang='lat' dir='ltr'><strong>divina</strong></span> 
     </span>
    </p>
   </div>
   <div class='ocr_carea' id='block_1_94' title="bbox 511 4859 2098 4935">
    <p class='ocr_par' dir='ltr' id='par_1_94' title="bbox 511 4859 2098 4935">
     <span class='ocr_line' id='line_1_94' title="bbox 511 4859 2098 4935; baseline -0.005 -13"><span class='ocrx_word' id='word_1_640' title='bbox 511 4865 844 4922; x_wconf 83' lang='lat' dir='ltr'><strong>revelatione</strong></span> <span class='ocrx_word' id='word_1_641' title='bbox 866 4872 1169 4935; x_wconf 72' lang='lat' dir='ltr'><strong>repertam,</strong></span> <span class='ocrx_word' id='word_1_642' title='bbox 1200 4873 1255 4919; x_wconf 92' lang='lat' dir='ltr'><strong>et</strong></span> <span class='ocrx_word' id='word_1_643' title='bbox 1279 4864 1691 4919; x_wconf 86' lang='lat' dir='ltr'><strong>resuscitatione</strong></span> <span class='ocrx_word' id='word_1_644' title='bbox 1718 4859 1916 4916; x_wconf 88' lang='lat' dir='ltr'><strong>mortui</strong></span> <span class='ocrx_word' id='word_1_645' title='bbox 1949 4875 2098 4915; x_wconf 86' lang='lat' dir='ltr'><strong>eom-</strong></span> 
     </span>
    </p>
   </div>
   <div class='ocr_carea' id='block_1_95' title="bbox 509 4950 2095 5029">
    <p class='ocr_par' dir='ltr' id='par_1_95' title="bbox 509 4950 2095 5029">
     <span class='ocr_line' id='line_1_95' title="bbox 509 4950 2095 5029; baseline -0.004 -16"><span class='ocrx_word' id='word_1_646' title='bbox 509 4958 827 5029; x_wconf 86' lang='lat' dir='ltr'><strong>probatam,</strong></span> <span class='ocrx_word' id='word_1_647' title='bbox 858 4971 925 5010; x_wconf 90' lang='lat' dir='ltr'><strong>ac</strong></span> <span class='ocrx_word' id='word_1_648' title='bbox 949 4970 1049 5026; x_wconf 90' lang='lat' dir='ltr'><strong>per</strong></span> <span class='ocrx_word' id='word_1_649' title='bbox 1090 4955 1325 5010; x_wconf 89' lang='lat' dir='ltr'><strong>medium</strong></span> <span class='ocrx_word' id='word_1_650' title='bbox 1357 4956 1605 5019; x_wconf 78' lang='lat' dir='ltr'><strong>divisam,</strong></span> <span class='ocrx_word' id='word_1_651' title='bbox 1646 4953 1718 5007; x_wconf 88' lang='lat' dir='ltr'><strong>ita</strong></span> <span class='ocrx_word' id='word_1_652' title='bbox 1754 4958 1950 5007; x_wconf 91' lang='lat' dir='ltr'><strong>cuncto</strong></span> <span class='ocrx_word' id='word_1_653' title='bbox 1976 4950 2095 5007; x_wconf 88' lang='lat' dir='ltr'><strong>orbi</strong></span> 
     </span>
    </p>
   </div>
   <div class='ocr_carea' id='block_1_96' title="bbox 513 5043 2093 5117">
    <p class='ocr_par' dir='ltr' id='par_1_96' title="bbox 513 5043 2093 5117">
     <span class='ocr_line' id='line_1_96' title="bbox 513 5043 2093 5117; baseline -0.006 -12"><span class='ocrx_word' id='word_1_654' title='bbox 513 5051 725 5106; x_wconf 81' lang='lat' dir='ltr'><strong>curavit</strong></span> <span class='ocrx_word' id='word_1_655' title='bbox 757 5049 1016 5105; x_wconf 83' lang='lat' dir='ltr'><strong>exhibere</strong></span> <span class='ocrx_word' id='word_1_656' title='bbox 1042 5047 1335 5112; x_wconf 83' lang='lat' dir='ltr'><strong>salubrem,</strong></span> <span class='ocrx_word' id='word_1_657' title='bbox 1368 5055 1426 5100; x_wconf 88' lang='lat' dir='ltr'><strong>ut</strong></span> <span class='ocrx_word' id='word_1_658' title='bbox 1468 5063 1593 5117; x_wconf 87' lang='lat' dir='ltr'><strong>pars</strong></span> <span class='ocrx_word' id='word_1_659' title='bbox 1623 5043 2013 5115; x_wconf 67' lang='lat' dir='ltr'><strong>Hierosolymis</strong></span> <span class='ocrx_word' id='word_1_660' title='bbox 2040 5044 2093 5097; x_wconf 90' lang='lat' dir='ltr'><strong>in</strong></span> 
     </span>
    </p>
   </div>
   <div class='ocr_carea' id='block_1_97' title="bbox 513 5136 2097 5212">
    <p class='ocr_par' dir='ltr' id='par_1_97' title="bbox 513 5136 2097 5212">
     <span class='ocr_line' id='line_1_97' title="bbox 513 5136 2097 5212; baseline -0.003 -17"><span class='ocrx_word' id='word_1_661' title='bbox 513 5141 634 5199; x_wconf 87' lang='lat' dir='ltr'><strong>loco</strong></span> <span class='ocrx_word' id='word_1_662' title='bbox 681 5142 973 5197; x_wconf 67' lang='lat' dir='ltr'><strong>Dominicae</strong></span> <span class='ocrx_word' id='word_1_663' title='bbox 1018 5139 1286 5212; x_wconf 86' lang='lat' dir='ltr'><strong>passionis</strong></span> <span class='ocrx_word' id='word_1_664' title='bbox 1336 5137 1557 5203; x_wconf 86' lang='lat' dir='ltr'><strong>relicta,</strong></span> <span class='ocrx_word' id='word_1_665' title='bbox 1617 5136 1984 5193; x_wconf 81' lang='lat' dir='ltr'><strong>Orientalibus</strong></span> <span class='ocrx_word' id='word_1_666' title='bbox 2041 5143 2097 5190; x_wconf 92' lang='lat' dir='ltr'><strong>et</strong></span> 
     </span>
    </p>
   </div>
   <div class='ocr_carea' id='block_1_98' title="bbox 509 5222 2095 5302">
    <p class='ocr_par' dir='ltr' id='par_1_98' title="bbox 509 5222 2095 5302">
     <span class='ocr_line' id='line_1_98' title="bbox 509 5222 2095 5302; baseline -0.003 -15"><span class='ocrx_word' id='word_1_667' title='bbox 509 5233 781 5288; x_wconf 85' lang='lat' dir='ltr'><strong>Austriuis</strong></span> <span class='ocrx_word' id='word_1_668' title='bbox 811 5248 916 5288; x_wconf 92' lang='lat' dir='ltr'><strong>non</strong></span> <span class='ocrx_word' id='word_1_669' title='bbox 961 5222 1127 5288; x_wconf 23' lang='lat' dir='ltr'><strong>ﬁeret.</strong></span> <span class='ocrx_word' id='word_1_670' title='bbox 1154 5231 1426 5302; x_wconf 83' lang='lat' dir='ltr'><strong>elongata,</strong></span> <span class='ocrx_word' id='word_1_671' title='bbox 1458 5240 1512 5283; x_wconf 89' lang='lat' dir='ltr'><strong>et</strong></span> <span class='ocrx_word' id='word_1_672' title='bbox 1554 5244 1683 5300; x_wconf 87' lang='lat' dir='ltr'><strong>pars</strong></span> <span class='ocrx_word' id='word_1_673' title='bbox 1716 5227 2095 5284; x_wconf 83' lang='lat' dir='ltr'><strong>Constantino-</strong></span> 
     </span>
    </p>
   </div>
   <div class='ocr_carea' id='block_1_99' title="bbox 509 5317 2091 5374">
    <p class='ocr_par' dir='ltr' id='par_1_99' title="bbox 509 5317 2091 5374">
     <span class='ocr_line' id='line_1_99' title="bbox 509 5317 2091 5374; baseline -0.01 1"><span class='ocrx_word' id='word_1_674' title='bbox 509 5321 673 5366; x_wconf 69' lang='grc' dir='ltr'><strong>Πηιίηὶ</strong></span> <span class='ocrx_word' id='word_1_675' title='bbox 703 5320 768 5362; x_wconf 72' lang='grc' dir='ltr'><strong>εδιῖ</strong></span> <span class='ocrx_word' id='word_1_676' title='bbox 802 5321 965 5372; x_wconf 78' lang='lat' dir='ltr'><strong>lilium</strong></span> <span class='ocrx_word' id='word_1_677' title='bbox 989 5323 1272 5372; x_wconf 73' lang='lat' dir='ltr'><strong>tlennrlnm</strong></span> <span class='ocrx_word' id='word_1_678' title='bbox 1299 5361 1313 5368; x_wconf 82' lang='lat'><strong>-</strong></span> <span class='ocrx_word' id='word_1_679' title='bbox 1344 5318 1866 5372; x_wconf 66' lang='lat' dir='ltr'><strong>Settlmtlrinnalibus</strong></span> <span class='ocrx_word' id='word_1_680' title='bbox 1896 5327 1949 5371; x_wconf 73' lang='grc' dir='ltr'>ει</span> <span class='ocrx_word' id='word_1_681' title='bbox 1988 5317 2091 5374; x_wconf 79' lang='lat' dir='ltr'><strong>Oc-</strong></span> 
     </span>
    </p>
   </div>
   <div class='ocr_carea' id='block_1_100' title="bbox 2130 4556 2178 4615">
    <p class='ocr_par' dir='ltr' id='par_1_100' title="bbox 2130 4556 2178 4615">
     <span class='ocr_line' id='line_1_100' title="bbox 2130 4556 2178 4615; baseline 0 0"><span class='ocrx_word' id='word_1_682' title='bbox 2130 4556 2178 4615; x_wconf 90' lang='lat' dir='ltr'><strong>D</strong></span> 
     </span>
    </p>
   </div>
   <div class='ocr_carea' id='block_1_101' title="bbox 2205 4590 3781 4662">
    <p class='ocr_par' dir='ltr' id='par_1_101' title="bbox 2205 4590 3781 4662">
     <span class='ocr_line' id='line_1_101' title="bbox 2205 4590 3781 4662; baseline -0.013 0"><span class='ocrx_word' id='word_1_683' title='bbox 2205 4606 2450 4662; x_wconf 89' lang='lat' dir='ltr'><strong>membra</strong></span> <span class='ocrx_word' id='word_1_684' title='bbox 2480 4603 2654 4659; x_wconf 91' lang='lat' dir='ltr'><strong>donec</strong></span> <span class='ocrx_word' id='word_1_685' title='bbox 2690 4599 2949 4655; x_wconf 78' lang='lat' dir='ltr'><strong>deﬁceret</strong></span> <span class='ocrx_word' id='word_1_686' title='bbox 2975 4637 2990 4662; x_wconf 95' lang='lat'><strong>,</strong></span> <span class='ocrx_word' id='word_1_687' title='bbox 3019 4604 3239 4651; x_wconf 89' lang='lat' dir='ltr'><strong>sanctos</strong></span> <span class='ocrx_word' id='word_1_688' title='bbox 3268 4601 3458 4647; x_wconf 88' lang='lat' dir='ltr'><strong>autem</strong></span> <span class='ocrx_word' id='word_1_689' title='bbox 3498 4590 3636 4645; x_wconf 84' lang='lat' dir='ltr'><strong>duos</strong></span> <span class='ocrx_word' id='word_1_690' title='bbox 3670 4599 3781 4656; x_wconf 62' lang='grc' dir='ltr'><strong>ρης</strong></span> 
     </span>
    </p>
   </div>
   <div class='ocr_carea' id='block_1_102' title="bbox 2203 4675 3782 4787">
    <p class='ocr_par' dir='ltr' id='par_1_102' title="bbox 2203 4675 3782 4787">
     <span class='ocr_line' id='line_1_102' title="bbox 2203 4675 3782 4787; baseline -0.014 -34"><span class='ocrx_word' id='word_1_691' title='bbox 2203 4698 2451 4787; x_wconf 61' lang='lat' dir='ltr'><strong>sbyteros</strong></span> <span class='ocrx_word' id='word_1_692' title='bbox 2477 4692 2655 4764; x_wconf 87' lang='lat' dir='ltr'><strong>gladio</strong></span> <span class='ocrx_word' id='word_1_693' title='bbox 2691 4686 3079 4746; x_wconf 89' lang='lat' dir='ltr'><strong>consummari.</strong></span> <span class='ocrx_word' id='word_1_694' title='bbox 3132 4684 3377 4753; x_wconf 90' lang='lat' dir='ltr'><strong>Quorum</strong></span> <span class='ocrx_word' id='word_1_695' title='bbox 3422 4694 3656 4750; x_wconf 86' lang='lat' dir='ltr'><strong>corpora</strong></span> <span class='ocrx_word' id='word_1_696' title='bbox 3697 4675 3782 4731; x_wconf 54' lang='grc' dir='ltr'><strong>δεμ</strong></span> 
     </span>
    </p>
   </div>
   <div class='ocr_carea' id='block_1_103' title="bbox 2202 4771 3783 4852">
    <p class='ocr_par' dir='ltr' id='par_1_103' title="bbox 2202 4771 3783 4852">
     <span class='ocr_line' id='line_1_103' title="bbox 2202 4771 3783 4852; baseline -0.015 -6"><span class='ocrx_word' id='word_1_697' title='bbox 2202 4771 2389 4845; x_wconf 67' lang='grc' dir='ltr'><strong>νῖξτίηει</strong></span> <span class='ocrx_word' id='word_1_698' title='bbox 2420 4786 2668 4852; x_wconf 73' lang='lat' dir='ltr'><strong>religiosa</strong></span> <span class='ocrx_word' id='word_1_699' title='bbox 2716 4781 2918 4838; x_wconf 89' lang='lat' dir='ltr'><strong>femina</strong></span> <span class='ocrx_word' id='word_1_700' title='bbox 2946 4778 3206 4850; x_wconf 87' lang='lat' dir='ltr'><strong>colligens</strong></span> <span class='ocrx_word' id='word_1_701' title='bbox 3232 4818 3247 4843; x_wconf 93' lang='lat'><strong>,</strong></span> <span class='ocrx_word' id='word_1_702' title='bbox 3294 4777 3526 4831; x_wconf 87' lang='lat' dir='ltr'><strong>beatum</strong></span> <span class='ocrx_word' id='word_1_703' title='bbox 3567 4771 3783 4826; x_wconf 76' lang='lat' dir='ltr'><strong>Alexan-</strong></span> 
     </span>
    </p>
   </div>
   <div class='ocr_carea' id='block_1_104' title="bbox 2203 4866 3781 4950">
    <p class='ocr_par' dir='ltr' id='par_1_104' title="bbox 2203 4866 3781 4950">
     <span class='ocr_line' id='line_1_104' title="bbox 2203 4866 3781 4950; baseline -0.016 -12"><span class='ocrx_word' id='word_1_704' title='bbox 2203 4885 2359 4939; x_wconf 89' lang='lat' dir='ltr'><strong>drum</strong></span> <span class='ocrx_word' id='word_1_705' title='bbox 2396 4887 2556 4950; x_wconf 88' lang='lat' dir='ltr'><strong>atque</strong></span> <span class='ocrx_word' id='word_1_706' title='bbox 2605 4874 2890 4931; x_wconf 83' lang='lat' dir='ltr'><strong>Eventium</strong></span> <span class='ocrx_word' id='word_1_707' title='bbox 2941 4873 2993 4926; x_wconf 92' lang='lat' dir='ltr'><strong>in</strong></span> <span class='ocrx_word' id='word_1_708' title='bbox 3043 4886 3151 4926; x_wconf 92' lang='lat' dir='ltr'><strong>uno</strong></span> <span class='ocrx_word' id='word_1_709' title='bbox 3196 4866 3491 4938; x_wconf 88' lang='lat' dir='ltr'><strong>sepulcro,</strong></span> <span class='ocrx_word' id='word_1_710' title='bbox 3546 4872 3781 4919; x_wconf 68' lang='lat' dir='ltr'><strong>sant-tim</strong></span> 
     </span>
    </p>
   </div>
   <div class='ocr_carea' id='block_1_105' title="bbox 2200 4952 3781 5032">
    <p class='ocr_par' dir='ltr' id='par_1_105' title="bbox 2200 4952 3781 5032">
     <span class='ocr_line' id='line_1_105' title="bbox 2200 4952 3781 5032; baseline -0.013 -5"><span class='ocrx_word' id='word_1_711' title='bbox 2200 4990 2330 5031; x_wconf 86' lang='lat' dir='ltr'><strong>vero</strong></span> <span class='ocrx_word' id='word_1_712' title='bbox 2352 4969 2685 5028; x_wconf 89' lang='lat' dir='ltr'><strong>Theodulum</strong></span> <span class='ocrx_word' id='word_1_713' title='bbox 2715 4967 2771 5022; x_wconf 90' lang='lat' dir='ltr'><strong>in</strong></span> <span class='ocrx_word' id='word_1_714' title='bbox 2799 4965 2971 5021; x_wconf 89' lang='lat' dir='ltr'><strong>altero</strong></span> <span class='ocrx_word' id='word_1_715' title='bbox 2992 4958 3233 5032; x_wconf 74' lang='lat' dir='ltr'><strong>diligenti</strong></span> <span class='ocrx_word' id='word_1_716' title='bbox 3266 4952 3623 5015; x_wconf 77' lang='lat' dir='ltr'><strong>accuratione</strong></span> <span class='ocrx_word' id='word_1_717' title='bbox 3646 4968 3781 5008; x_wconf 75' lang='lat' dir='ltr'><strong>cem—</strong></span> 
     </span>
    </p>
   </div>
   <div class='ocr_carea' id='block_1_106' title="bbox 2201 5064 3263 5131">
    <p class='ocr_par' dir='ltr' id='par_1_106' title="bbox 2201 5064 3263 5131">
     <span class='ocr_line' id='line_1_106' title="bbox 2201 5064 3263 5131; baseline -0.01 -9"><span class='ocrx_word' id='word_1_718' title='bbox 2201 5064 2496 5131; x_wconf 82' lang='lat' dir='ltr'><strong>mendavit.</strong></span> <span class='ocrx_word' id='word_1_719' title='bbox 3260 5072 3263 5073; x_wconf 68' lang='lat'><strong><em>&#39;</em></strong></span> 
     </span>
    </p>
   </div>
   <div class='ocr_carea' id='block_1_107' title="bbox 2270 5138 3600 5228">
    <p class='ocr_par' dir='ltr' id='par_1_107' title="bbox 2270 5138 3600 5228">
     <span class='ocr_line' id='line_1_107' title="bbox 2270 5138 3600 5228; baseline -0.017 -16"><span class='ocrx_word' id='word_1_720' title='bbox 2270 5158 2389 5228; x_wconf 89' lang='lat' dir='ltr'><strong>Ipso</strong></span> <span class='ocrx_word' id='word_1_721' title='bbox 2410 5154 2516 5219; x_wconf 90' lang='lat' dir='ltr'><strong>die,</strong></span> <span class='ocrx_word' id='word_1_722' title='bbox 2544 5150 2805 5208; x_wconf 86' lang='lat' dir='ltr'><strong>nativitas</strong></span> <span class='ocrx_word' id='word_1_723' title='bbox 2827 5146 2999 5204; x_wconf 88' lang='lat' dir='ltr'><strong>sancti</strong></span> <span class='ocrx_word' id='word_1_724' title='bbox 3024 5141 3307 5202; x_wconf 69' lang='lat' dir='ltr'><strong>Iuvenalis</strong></span> <span class='ocrx_word' id='word_1_725' title='bbox 3334 5138 3600 5210; x_wconf 81' lang='lat' dir='ltr'><strong>episcopi.</strong></span> 
     </span>
    </p>
   </div>
   <div class='ocr_carea' id='block_1_108' title="bbox 2267 5234 3467 5314">
    <p class='ocr_par' dir='ltr' id='par_1_108' title="bbox 2267 5234 3467 5314">
     <span class='ocr_line' id='line_1_108' title="bbox 2267 5234 3467 5314; baseline -0.015 -10"><span class='ocrx_word' id='word_1_726' title='bbox 2267 5250 2325 5305; x_wconf 90' lang='lat' dir='ltr'><strong>ln</strong></span> <span class='ocrx_word' id='word_1_727' title='bbox 2352 5246 2502 5314; x_wconf 88' lang='lat' dir='ltr'><strong>Asia,</strong></span> <span class='ocrx_word' id='word_1_728' title='bbox 2534 5244 2706 5301; x_wconf 89' lang='lat' dir='ltr'><strong>sancti</strong></span> <span class='ocrx_word' id='word_1_729' title='bbox 2733 5238 3093 5311; x_wconf 85' lang='lat' dir='ltr'><strong>Hermogenis</strong></span> <span class='ocrx_word' id='word_1_730' title='bbox 3117 5237 3183 5301; x_wconf 87' lang='lat' dir='ltr'><strong>de</strong></span> <span class='ocrx_word' id='word_1_731' title='bbox 3204 5234 3467 5303; x_wconf 85' lang='lat' dir='ltr'><strong>antiquis.</strong></span> 
     </span>
    </p>
   </div>
   <div class='ocr_carea' id='block_1_109' title="bbox 2274 5338 3778 5396">
    <p class='ocr_par' dir='ltr' id='par_1_109' title="bbox 2274 5338 3778 5396">
     <span class='ocr_line' id='line_1_109' title="bbox 2274 5338 3778 5396; baseline 0 0"><span class='ocrx_word' id='word_1_732' title='bbox 2274 5362 2302 5396; x_wconf 76' lang='grc' dir='ltr'><strong>Δ</strong></span> <span class='ocrx_word' id='word_1_733' title='bbox 2317 5357 2661 5396; x_wconf 69' lang='grc' dir='ltr'><strong>ηιῐεαίηδηιιη,</strong></span> <span class='ocrx_word' id='word_1_734' title='bbox 2693 5351 2960 5396; x_wconf 67' lang='grc' dir='ltr'><strong>Λρηηςίιίη</strong></span> <span class='ocrx_word' id='word_1_735' title='bbox 2979 5357 3294 5396; x_wconf 67' lang='lat' dir='ltr'><strong>sanctorum</strong></span> <span class='ocrx_word' id='word_1_736' title='bbox 3316 5343 3540 5396; x_wconf 77' lang='lat' dir='ltr'><strong>Eusebii</strong></span> <span class='ocrx_word' id='word_1_737' title='bbox 3566 5338 3778 5396; x_wconf 51' lang='lat' dir='ltr'><strong>etesia.</strong></span> 
     </span>
    </p>
   </div>
  </div>
