4046 6418
268 342 404 402 {077

1317 342 1943 406 MARTYROLOGIUM.
1989 373 2058 384 -—
2097 341 2302 402 MENS.
2345 345 2505 404 MAN.

263 459 644 531 persecutione
697 458 1012 516 Diocletiani
1061 473 1184 517 cum
1235 461 1480 534 plurimis
1527 461 1848 519 clericorum
1879 464 1923 526 Α
1955 447 2169 517 cletiani
2214 474 2268 518 ct
2315 463 2624 519 Maximiani
2672 466 3098 537 imperatorum,
3152 469 3405 541 smviente
3440 472 3541 528 ini'

263 564 489 606 suorum
513 552 769 621 martyrio
796 560 1086 608 comnatus
1111 562 1214 608 est.

337 639 469 693 Item
516 638 568 692 in
613 637 824 693 Mclallu
859 640 1086 698 Fanensi
1138 641 1513 714 [Phennensi].
1546 652 1858 698 sanctorum

266 727 629 798 quadraginta
669 739 986 798 martyrum,
1024 731 1114 800 qui
1142 732 1301 786 simul
1330 733 1507 801 capite
1530 735 1650 788 cassi
1679 740 1823 788 sunt.

341 817 749 889 Hierosolymis,
766 818 1003 885 Quiriaci
1020 821 1166 892 episc
1201 823 1276 892 pi,
1302 833 1658 895 cognomento
1683 823 1856 890 Judzc,

266 912 358 979 qui
402 921 756 980 posteaquam
803 913 1135 968 Dominicam
1181 930 1395 968 crucem
1446 915 1680 984 reperit,
1711 925 1766 970 et
1805 914 1856 969 in

267 1002 377 1057 fide
422 1001 626 1058 Christi
675 1002 944 1072 profecit,
995 1019 1025 1059 a
1077 1006 1234 1060 beato
1281 1006 1550 1072 Eusebio,
1604 1006 1858 1062 Romanu:

270 1095 426 1150 urbis
469 1095 724 1165 epiSCOpo
747 1135 759 1155 ,
798 1094 1292 1169 Hierosolymorum
1331 1107 1416 1154 est
1456 1100 1684 1153 antistes
1707 1100 1856 1154 ordi-

266 1195 452 1241 natus.
485 1184 652 1255 Cujus
695 1185 837 1239 fama
873 1185 1116 1242 Julianus
1153 1189 1412 1257 Apostata
1451 1189 1664 1259 cognita
1690 1231 1703 1251 ,
1735 1204 1857 1243 cum

266 1277 334 1330 ad
368 1263 570 1331 bellum
617 1275 936 1343 Persicum,
965 1279 1054 1333 ubi
1090 1288 1146 1335 et
1185 1280 1446 1335 divinitus
1473 1289 1556 1336 est
1603 1281 1857 1334 interem-

266 1377 411 1436 ptus.
449 1366 711 1427 tenderet,
736 1365 901 1436 jussit
929 1383 1051 1422 cum
1088 1369 1154 1422 ad
1185 1385 1244 1423 se
1271 1369 1512 1439 perduci.
1539 1367 1707 1435 Quem
1735 1383 1856 1423 cum

263 1458 430 1513 nullis
462 1457 766 1522 terroribus
811 1467 904 1513 aut
949 1460 1401 1529 promissionibus
1436 1475 1466 1514 a
1517 1457 1858 1515 confessione

265 1547 470 1602 Christi
495 1557 673 1617 posset
699 1549 1005 1618 immutare,
1015 1547 1182 1617 jussit
1201 1549 1446 1603 dextram
1475 1547 1592 1615 ejus
1615 1547 1856 1602 abscindi

263 1651 485 1691 manum
513 1677 529 1702 ,
574 1638 806 1694 dicens:
854 1657 872 1690 ί
901 1638 957 1692 In
1005 1639 1110 1694 hac
1157 1654 1321 1693 manu
1373 1639 1570 1700 multas
1611 1638 1857 1714 scribens

259 1729 541 1798 epistolas,
587 1729 784 1784 multos
821 1728 1096 1798 separavit
1147 1744 1178 1784 a
1222 1728 1508 1784 sacrificiis
1555 1727 1800 1783 deorum.
1833 1745 1852 1777 ι

1960 553 2222 621 qnissimo
2242 555 2470 624 pra-side
2493 556 2768 624 Aquilino,
2784 558 2968 627 jussus
2988 567 3072 613 est
3096 562 3162 613 ad
3185 559 3378 616 collum
3406 577 3539 618 saxo
3597 574 3609 601 ε

1959 643 2120 709 ligato
2151 653 2271 713 post
2311 645 2507 700 nimias
2536 647 2709 701 etedes
2750 656 2805 702 et
2849 647 3203 704 lacerationes
3248 650 3301 704 in
3342 650 3542 707 flumen
3601 693 3606 700 .

1957 732 2180 786 Auisum
2229 735 2578 805 praecipitari.
2608 734 2849 806 Cumque
2879 737 3097 793 lictores
3121 778 3135 803 ,
3171 740 3352 795 divino
3393 751 3545 797 metu

1957 821 2265 890 pavefacti,
2314 823 2533 892 impiutn
2576 823 2785 880 facinus
2832 827 3272 892 exhorruissent,
3324 831 3546 898 quidam

1953 911 2166 980 juvenis
2208 913 2465 968 audacior
2491 923 2546 968 et
2576 915 2844 972 infelicior
2887 918 3097 972 caeteris
3125 959 3140 983 ,
3187 920 3546 989 praecipitavit

1956 1017 2078 1056 eum
2102 1002 2169 1058 de
2195 1012 2355 1071 ponte
2385 1004 2438 1058 in
2468 1002 2710 1069 ﬂuvium,
2732 1014 2791 1060 et
2804 1005 2987 1062 statim
3011 1008 3150 1064 oculi
3180 1007 3296 1077 ejus
3318 1023 3546 1079 crepue—
3619 1067 3622 1070 .

1958 1101 2082 1146 runt
2115 1110 2128 1146 :
2161 1095 2300 1149 unda
2340 1110 2468 1148 vero
2497 1095 2808 1150 famulatrix
2838 1113 3034 1169 corpus
3081 1101 3253 1154 sancti
3285 1100 3546 1171 martyris

1959 1181 2010 1234 iu
2051 1182 2280 1251 quodam
2317 1184 2598 1238 secretiori
2651 1185 2766 1241 loco
2810 1201 2942 1243 sano
2985 1188 3327 1244 enminentiori
3373 1189 3542 1259 depo-

1959 1274 2084 1340 suit,
2118 1275 2206 1328 ubi
2237 1275 2284 1330 ei
2316 1275 2498 1328 tandiu
2530 1278 2707 1347 aquila
2736 1281 2979 1336 exhibuit
3013 1283 3338 1347 custodiam,
3368 1283 3543 1340 donec

1957 1363 2073 1432 ipse
2094 1363 2307 1418 cuidam
2332 1365 2596 1435 religiosa:
2621 1366 2834 1422 fentinze
2856 1371 3104 1426 eumdem
3127 1371 3542 1438 demonstravit,

1956 1462 2011 1508 et
2047 1453 2094 1506 ei
2125 1455 2190 1508 de
2221 1454 2597 1510 transferendo
2627 1471 2853 1527 corpore
2891 1474 2988 1514 suo
3017 1460 3315 1516 mandavit.

2015 1539 2091 1597 ἸΙΙ
2130 1543 2262 1598 Non.
2296 1545 2444 1600 Man.
2491 1577 2560 1586 ——-
2601 1548 2645 1600 A
2679 1548 2935 1604 Bethania
2960 1589 2975 1615 ,
3020 1551 3072 1605 in
3124 1560 3305 1608 monte
3346 1552 3546 1608 Oliveti

1949 1632 2103 1701 juxta
2127 1633 2562 1706 Hierosolymam
2618 1637 2720 1690 sita
2749 1678 2763 1702 ,
2819 1639 3063 1694 ascensio
3111 1639 3322 1694 Domini
3372 1641 3545 1695 nostri

1955 1723 2082 1780 .lcsu
2111 1725 2310 1781 Christi
2346 1727 2396 1780 in
2427 1725 2641 1782 coelum.
2676 1727 2776 1784 Ubi
2804 1744 2924 1784 cum
2963 1729 3191 1785 ecclesia
3222 1731 3369 1801 regio
3393 1731 3572 1785 cultu.

263 1822 371 1876 Sed
399 1822 588 1878 videns
617 1838 742 1878 eum
772 1822 1101 1877 immobilem
1126 1829 1182 1877 et
1217 1821 1380 1875 fixum
1413 1821 1464 1875 in
1489 1821 1706 1875 Christo
1729 1833 1854 1887 per-
1888 1805 1932 1864 Β
1961 1827 2271 1872 constructa
2300 1819 2510 1872 visatur
2540 1827 2592 1871 et
2617 1827 2778 1884 tecta,
2809 1821 3023 1889 proprie
3047 1820 3198 1876 locus
3225 1819 3333 1885 ille,
3359 1821 3411 1874 in
3435 1834 3568 1890 quo-

262 1929 535 1980 severare,
553 1915 719 1983 jussit
747 1913 1024 1984 plumbum
1055 1913 1290 1968 bulliens
1312 1914 1365 1968 in
1390 1928 1453 1968 os
1481 1912 1598 1982 ejus
1627 1910 1854 1976 infundi,

261 2014 321 2059 ut
348 2011 404 2060 et
428 2005 684 2059 interiora
709 2005 917 2060 viscera
943 2002 1059 2071 ejus
1102 2003 1484 2058 Conﬂarentur.
1515 2001 1762 2071 Cumque
1790 2016 1857 2056 ne

264 2096 346 2152 sic
404 2097 622 2166 quidem
679 2095 797 2165 ejus
847 2095 1210 2151 constantiam
1258 2094 1506 2150 emollire
1558 2093 1853 2159 valuisset,

261 2187 422 2257 jussit
455 2187 734 2258 grabatum
761 2201 960 2241 aereum
991 2184 1201 2251 afferri,
1235 2194 1291 2240 et
1319 2185 1372 2239 in
1405 2200 1470 2239 eo
1501 2191 1748 2238 sanctum
1771 2183 1854 2237 vi-

268 2291 390 2330 rum
416 2275 633 2332 extendi
659 2316 673 2341 ,
703 2283 760 2331 et
799 2273 1074 2330 substerni
1099 2275 1365 2329 carbones
1405 2273 1565 2342 ignis,
1591 2281 1646 2326 et
1675 2272 1855 2342 spargi

263 2381 430 2437 super
453 2381 576 2422 eum
607 2365 686 2420 sal
724 2372 782 2421 et
824 2366 1071 2435 adipem,
1117 2373 1173 2420 et
1218 2365 1451 2435 desuper
1491 2364 1658 2434 virgis
1699 2361 1854 2418 ctedi.

261 2457 490 2512 Matrem
518 2465 698 2511 autem
729 2455 850 2526 ejus
887 2456 1002 2511 haec
1049 2456 1230 2510 omnia
1258 2465 1673 2527 perseveranter
1701 2470 1858 2526 aspe-

259 2557 516 2610 ctantem,
546 2558 602 2602 et
641 2563 748 2602 non
792 2547 964 2603 solum
1007 2547 1368 2616 impavidam,
1402 2549 1494 2603 sed
1526 2547 1687 2602 etiam
1731 2561 1858 2602 con-

261 2639 651 2693 stantissimam
682 2648 1093 2708 permanentem
1114 2679 1129 2702 ,
1157 2653 1222 2693 ac
1273 2639 1438 2694 filium
1473 2649 1719 2694 materno
1767 2639 1848 2693 af-

261 2728 402 2783 fectu
434 2729 849 2792 confortantem,
878 2729 1040 2800 jussit
1078 2729 1425 2799 impiissimus
1459 2738 1724 2800 tyrannus
1756 2744 1854 2800 per

260 2834 291 2874 c
313 2821 484 2888 ileOS
530 2837 884 2892 suspensam,
916 2837 1052 2893 pene
1095 2823 1270 2896 tribus
1297 2823 1448 2878 horis
1482 2823 1726 2894 ungulari
1754 2865 1769 2887 ,
1801 2833 1856 2880 et

261 2911 535 2980 tampades
570 2928 813 2983 magnas,
843 2913 1061 2969 ﬂamma
1111 2916 1401 2980 ardentes,
1447 2915 1708 2970 lateribus
1739 2915 1857 2984 ejus

261 3002 544 3069 applicari.
578 3003 709 3069 Quze
738 3004 790 3058 in
829 3005 1129 3075 gratiarum
1178 3007 1390 3062 actione
1436 3007 1575 3062 inter
1605 3016 1712 3062 tam
1756 3008 1856 3062 im-

261 3108 452 3148 manes
499 3096 774 3152 cruciatus
823 3112 1178 3168 perseverans
1207 3139 1222 3164 ,
1282 3099 1686 3154 immaculatum
1742 3099 1852 3155 Deo
1885 3158 1922 3176 ﬁ

261 3183 493 3238 reddidit
516 3185 785 3254 spiritum.
819 3162 970 3242 'l‘unc
1002 3162 1258 3258 praacepit
1302 3187 1548 3244 Julianus
1580 3189 1848 3259 ncquissi-
1881 3162 1924 3218 ϐ

263 3287 382 3327 mus
419 3271 620 3328 fossam
663 3274 780 3330 fieri
810 3275 997 3342 altam,
1022 3285 1077 3331 et
1114 3278 1329 3332 vocavit
1375 3277 1636 3347 plurimos
1666 3277 1852 3332 incan-

263 3370 464 3418 tatores
475 3365 830 3434 serpentium,
845 3367 1070 3437 etjussit
1082 3383 1176 3422 eos
1193 3369 1554 3438 nequissimos
1573 3378 1855 3438 serpentes

261 3454 476 3521 afferre,
491 3465 544 3511 et
557 3457 698 3511 mitti
713 3456 764 3510 in
781 3456 980 3512 fossam
1009 3465 1064 3512 et
1077 3469 1322 3514 sanctum
1339 3458 1647 3526 Quiriacum
1665 3458 1852 3529 projici

263 3563 315 3601 tu
338 3547 516 3600 medio
541 3562 750 3602 eorum.
770 3545 1013 3618 Cumque
1042 3559 1326 3620 serpentes
1341 3550 1523 3604 divino
1550 3558 1681 3604 nutu
1711 3565 1854 3604 moro

265 3636 451 3692 tilicati
483 3636 734 3704 fuissent,
767 3646 821 3692 et
850 3637 1082 3694 Ammon
1123 3640 1496 3710 serpentarius
1533 3640 1599 3695 ad
1645 3649 1852 3694 tantum

263 3726 589 3782 miraculum
619 3728 955 3791 credidisset,
989 3729 1168 3800 capite
1203 3719 1394 3799 plexus
1438 3737 1539 3784 est.
1586 3729 1735 3784 Tunc
1762 3727 1855 3784 Ju-

265 3818 438 3872 Iianus
464 3828 725 3876 consueto
756 3819 859 3874 sibi
910 3833 1062 3873 more
1093 3821 1311 3874 beatum
1360 3818 1673 3886 Quiriacum
1705 3835 1851 3874 com-

264 3907 492 3978 pellans,
522 3915 582 3962 ut
607 3907 937 3962 Crucilixum
966 3917 1220 3977 negaret,
1250 3917 1305 3964 et
1330 3909 1398 3964 ab
1428 3923 1494 3963 eo
1520 3907 1677 3978 digna
1706 3908 1854 3964 inve-

262 4001 446 4056 ctione
467 4000 759 4066 coercitus,
797 4001 961 4072 jussit
1002 4003 1262 4057 cacabum
1294 4016 1546 4071 magnum
1575 4000 1852 4070 impletum

263 4090 386 4148 oleo
413 4090 670 4152 caleﬁeri,
703 4093 837 4147 etin
881 4107 1004 4147 eum
1046 4102 1294 4149 sanctum
1335 4091 1650 4160 Quiriacum
1686 4090 1847 4146 mitti.

267 4179 378 4236 Sed
410 4197 533 4236 cum
562 4181 793 4237 nimium
820 4180 1110 4238 ferbuisset
1138 4184 1395 4249 cacabus,
1421 4183 1493 4238 ita
1527 4190 1587 4238 ut
1612 4191 1853 4238 astantes

265 4271 504 4325 calorem
564 4269 835 4326 sustinere
895 4286 1004 4325 non
1057 4281 1315 4342 possent,
1377 4272 1515 4327 dixit
1563 4281 1786 4328 sanctus
1836 4287 1849 4326 :

267 4379 290 4414 ι
323 4361 506 4432 Longe
533 4361 787 4428 recedite,
813 4361 982 4427 filioli,
1007 4372 1065 4417 ut
1088 4377 1248 4417 nemo
1267 4362 1608 4417 coulleturex
1631 4363 1801 4427 vobis,
1829 4382 1846 4415 ι

263 4463 320 4510 et
347 4455 550 4510 faciens
580 4455 632 4509 in
666 4456 842 4510 fronte
872 4471 970 4510 sua
994 4457 1205 4526 signum
1233 4455 1434 4520 crucis,
1467 4455 1740 4524 ingressus
1767 4464 1849 4510 est

262 4546 318 4604 iu
349 4548 610 4602 cacabum
637 4547 792 4617 quasi
824 4549 891 4600 ad
913 4546 1208 4602 lavacrum.
1240 4544 1482 4614 Cumque
1508 4560 1608 4600 nec
1646 4545 1726 4600 sic
1753 4561 1848 4599 no-

263 4639 406 4692 citus
436 4637 649 4704 fuisset,
673 4637 838 4706 jussit
863 4650 986 4691 eum
1026 4646 1286 4708 tyrannus
1328 4637 1394 4692 de
1424 4645 1768 4692 macroconto
1795 4636 1848 4691 in

263 4736 454 4798 pectus
489 4727 716 4796 percuti.
752 4725 854 4794 Qui
898 4740 1190 4797 percussus
1238 4725 1291 4779 in
1337 4740 1467 4780 voce
1498 4725 1852 4781 confessionis

264 4815 452 4868 emisit
475 4814 746 4884 spiritum,
781 4822 834 4869 et
865 4829 986 4868 cum
1026 4813 1300 4883 triumpho
1327 4814 1568 4884 martyrii
1607 4815 1852 4882 pervenit

267 4905 334 4958 ad
359 4903 654 4960 Christum.
682 4904 808 4960 Dies
829 4905 1097 4974 passionis
1123 4903 1237 4975 ejus
1263 4905 1556 4959 secundum
1584 4905 1716 4960 alios
1742 4905 1851 4970 hic,

266 4996 565 5052 secundum
596 4995 1038 5069 Martyrologium
1061 5013 1194 5054 vero
1221 4996 1280 5053 S.
1313 4996 1622 5070 Hieronymi
1654 4997 1850 5052 Kalen-

272 5087 354 5141 dis
383 5074 505 5139 Maii
535 5085 763 5142 celebris
795 5087 1040 5142 habetur.
1109 5129 1112 5132 -

340 5175 472 5231 Item
515 5176 602 5232 die
633 5179 1022 5247 suprascripto,
1055 5178 1405 5245 Nicomedim,
1453 5190 1654 5234 sancta:
1685 5179 1852 5234 Anto-

269 5266 434 5321 ninaz.
467 5264 596 5332 Quze
633 5268 855 5321 nimium
906 5277 1042 5323 torta
1069 5309 1083 5334 ,
1129 5280 1185 5324 et
1211 5272 1378 5326 variis
1407 5272 1736 5327 cruciatibus
1768 5273 1850 5327 af-

269 5355 438 5423 ﬂicta,
463 5357 687 5413 brachio
717 5359 889 5414 tribus
918 5361 1106 5415 diebus
1151 5377 1431 5433 suspensa,
1473 5372 1525 5418 et
1561 5363 1611 5417 in
1636 5378 1854 5420 carvere

270 5445 489 5500 biennio
527 5445 745 5501 detrusa
776 5489 790 5512 ,
826 5464 854 5502 a
884 5447 1228 5504 Priscilliano
1256 5451 1482 5520 przeside
1509 5450 1574 5504 ad
1607 5452 1851 5507 ultinmm

273 5533 504 5592 flammis
526 5546 713 5592 exusta
743 5547 844 5592 est.

346 5630 542 5686 Eodem
573 5633 659 5688 die
685 5633 738 5687 in
773 5632 988 5690 Nicorio
1016 5633 1260 5707 [Norico]
1299 5637 1537 5705 htpcnsi,
1567 5635 1683 5692 loco
1715 5635 1851 5690 Lan-

277 5719 447 5780 riaco.
485 5723 737 5778 nativitas
789 5725 959 5781 sancti
1009 5725 1283 5780 Floriani:
1317 5726 1405 5794 qui
1440 5735 1676 5797 tempore
1727 5726 1848 5780 Dio-

1880 4505 1928 4566 D

1957 1907 2250 1962 novissime
2283 1908 2432 1962 stetit
2457 1915 2512 1960 et
2535 1909 2675 1962 umle
2702 1909 2767 1962 ad
2796 1909 2962 1964 coelos
2984 1925 3182 1980 corpus
3223 1910 3546 1979 incorrupti-

1956 2016 2080 2055 vum
2136 1999 2394 2065 libravit,
2445 2000 2517 2054 ita
2567 2011 2812 2054 sacratus
2851 2000 3046 2056 divinae
3096 2000 3395 2069 majestatis
3445 2001 3546 2066 im:-

1955 2092 2236 2160 pressione
2263 2090 2522 2155 creditur,
2554 2091 2705 2145 etab
2753 2091 3232 2146 iucrcdulisietiam
3269 2090 3538 2155 cernitur,

1957 2191 2017 2235 ut
2045 2197 2316 2251 nunquam
2349 2182 2581 2250 desuper
2611 2190 2809 2236 tectum
2838 2183 3138 2246 sustinuere,
3171 2189 3264 2234 aut
3293 2181 3543 2244 deorsum

1955 2286 2216 2334 marmor,
2263 2281 2356 2325 aut
2402 2271 2546 2326 aliud
2593 2273 2960 2343 pavimentum
3004 2273 3244 2344 recipere
3286 2274 3544 2343 patiatur,

1961 2363 2056 2418 sed
2088 2361 2141 2416 in
2172 2361 2359 2431 media
2379 2362 2602 2418 basilica
2639 2363 2734 2418 Dei
2763 2372 2818 2416 et
2844 2363 3080 2432 hominis
3111 2363 3298 2418 ultima
3323 2365 3548 2434 vestigia

1957 2470 2136 2510 arente
2171 2465 2466 2510 cernantur
2492 2456 2640 2512 omni
2687 2464 2928 2526 tempore
2958 2456 3218 2526 impressa
3238 2497 3252 2522 ,
3282 2464 3342 2510 ut
3367 2455 3545 2512 locum

1957 2545 2134 2614 ipsum
2163 2544 2425 2600 adeuntes
2452 2561 2556 2600 non
2597 2547 2872 2602 immerito
2900 2545 3112 2616 possint
3142 2547 3194 2602 in
3241 2547 3385 2606 banc
3421 2560 3546 2616 pro-

1955 2637 2186 2708 phetica:
2232 2636 2560 2692 laudationis
2606 2652 2794 2694 vocem
2836 2653 3168 2708 erumpere:
3198 2636 3544 2691 Adoravimus

1956 2729 2010 2782 in
2041 2727 2177 2790 loco,
2207 2726 2294 2781 ubi
2317 2735 2568 2781 steterunt
2591 2727 2745 2797 pedes
2780 2727 2896 2798 ejus
2927 2726 3099 2797 (Psal.
3127 2723 3338 2797 cxxxt.)

2027 2819 2180 2890 Apud
2249 2817 2630 2873 Alexandriam
2697 2818 2960 2885 nativitas
3029 2817 3204 2872 sancti
3267 2815 3545 2887 Euthyutii

1957 2909 2168 2966 diaconi
2191 2951 2205 2976 ,
2233 2909 2284 2964 in
2305 2923 2525 2966 carcere
2545 2908 2892 2979 quiescentis.

2029 3001 2453 3066 Thessalonica.
2493 3000 2681 3057 lrenaei
2733 3007 2788 3062 et
2816 2999 3097 3070 Peregrini
3147 3009 3311 3070 atque
3361 2998 3544 3054 [renes

1961 3091 2070 3161 igni
2099 3092 2526 3168 combustorum.

2026 3171 2276 3240 ln‘Gallia
2310 3198 2430 3252 quae
2474 3182 2673 3239 dicitur
2709 3182 2992 3238 Provincia
3025 3223 3038 3246 .
3087 3183 3306 3239 civitate
3353 3181 3540 3238 Arela-

1959 3275 2122 3340 tensi,
2154 3274 2327 3331 sancti
2358 3273 2549 3329 llilarii
2577 3275 2842 3345 episcopi,
2874 3275 3086 3346 magni,
3126 3275 3270 3330 ducti
3314 3283 3368 3329 et
3412 3289 3544 3344 prae-

1955 3366 2249 3421 clarissimi
2297 3365 2420 3419 viri.
2455 3364 2559 3432 Qui
2612 3366 2950 3436 paupertatis
3000 3375 3210 3421 amator
3240 3405 3255 3430 ,
3313 3375 3368 3420 et
3415 3379 3542 3435 erga

1956 3455 2177 3525 inopum
2226 3455 2590 3524 provisionem
2622 3496 2636 3520 ,
2689 3471 2794 3510 non
2833 3455 3004 3510 solum
3060 3456 3259 3511 mentis
3309 3456 3541 3526 pietate,

1953 3549 2048 3603 sed
2081 3558 2132 3604 et
2160 3547 2406 3617 corporis
2435 3547 2518 3603 sui
2565 3547 2749 3610 labore
2787 3547 3048 3603 sollicitus
3083 3555 3220 3601 erat.
3272 3546 3404 3599 Nam
3445 3561 3541 3616 pro

1955 3637 2266 3692 reficiendis
2305 3637 2633 3708 panperibus
2674 3638 2838 3692 etiam
2897 3637 3304 3693 rusticationem
3348 3647 3541 3692 contra

1957 3729 2099 3785 vires
2128 3744 2256 3797 suas
2300 3739 2356 3784 et
2403 3744 2580 3796 usum,
2629 3729 2790 3783 homo
2830 3742 3026 3800 genere
3062 3727 3239 3783 clarus
3278 3734 3333 3782 et
3383 3727 3543 3798 longe

1954 3823 2111 3876 aliter
2148 3822 2408 3877 educatus
2435 3860 2450 3887 ,
2483 3821 2746 3875 exercuit.
2783 3819 2888 3875 Sed
2937 3835 3034 3874 nec
3067 3820 3120 3874 in
3172 3818 3542 3890 spiritualibus

1954 3911 2238 3982 neglexit:
2272 3925 2398 3964 nam
2441 3917 2496 3965 et
2542 3910 2884 3982 inldoceudo
2928 3911 3155 3981 gratiam
3202 3910 3427 3976 habuit,
3478 3919 3536 3968 et

1954 4004 2158 4072 absque
2215 4015 2571 4072 personarunt
2638 4001 2953 4073 acceptione
3005 4002 3254 4057 omnibus
3307 4001 3540 4072 castiga-

1956 4095 2155 4148 tionem
2214 4091 2461 4162 ingessit.
2517 4090 2859 4162 Pelagianam
2914 4107 3127 4163 quoque
3183 4092 3430 4147 haeresim
3483 4091 3538 4147 in

1952 4184 2225 4240 Collatore
2269 4183 2506 4238 maxime
2534 4183 2887 4256 deprehendit
2917 4194 2973 4239 et
3018 4185 3291 4254 corrigere
3321 4183 3538 4254 sategit.

1953 4274 2099 4328 Inter
2127 4289 2224 4329 sua
2265 4288 2394 4327 vero
2422 4272 2598 4342 Opera
2628 4273 2694 4338 ad
2745 4273 3035 4327 multorum
3084 4273 3394 4337 utilitatem,
3440 4287 3534 4327 ne-

1952 4366 2194 4421 cessario
2247 4380 2435 4434 opere,
2481 4365 2656 4419 Vitam
2709 4366 2882 4420 sancti
2933 4365 3192 4421 l-lonorati
3234 4367 3536 4430 decessoris

1955 4457 2037 4510 sui
2081 4457 2297 4527 ingenio
2344 4456 2637 4511 immortali
2683 4457 3006 4528 composuit.
3041 4456 3269 4512 Moritur
3300 4457 3536 4514 Valenti-

1954 4546 2116 4601 niano
2141 4555 2195 4602 et
2217 4546 2479 4601 Martiano
2504 4547 2939 4617 imperatoribus.

2023 4635 2244 4692 Vienna:
2269 4636 2504 4692 Nectarii
2534 4646 2590 4692 et
2622 4637 2813 4692 Nicetii
2843 4639 3242 4708 episcoporum.

2022 4727 2402 4783 Antissiodoro
2437 4728 2618 4797 passio
2645 4729 2819 4786 sancti
2845 4727 3056 4784 Joviaui
3089 4731 3437 4786 confessoris.

2024 4817 2066 4872 ll
2152 4817 2285 4873 Nos.
2315 4817 2466 4872 Matt.
2487 4818 2782 4883 —-Romae,
2812 4828 2938 4876 ante
2980 4830 3193 4890 portam
3250 4821 3526 4886 Latinam,

1956 4908 2138 4978 passio
2173 4909 2349 4965 sancti
2393 4907 2619 4965 Joannis
2648 4910 2896 4980 apostoli.
2936 4911 3037 4978 Qui
3067 4912 3135 4966 ab
3165 4912 3396 4980 Epheso,
3437 4911 3525 4966 ubi

1958 5015 2180 5055 manere
2221 5008 2595 5066 consueverat,
2640 5001 2794 5072 jussu
2825 5003 3154 5080 Domitiani,
3188 5002 3372 5057 fratris
3399 5003 3528 5068 'l‘iti,

1956 5091 2192 5148 secunda
2238 5091 2291 5145 in
2343 5090 2682 5147 Christianos
2751 5096 3128 5164 persecutione
3183 5109 3344 5162 quam
3415 5094 3532 5164 ipse

1955 5189 2075 5252 post
2126 5181 2393 5238 Neronem
2438 5184 2700 5251 exercuit,
2749 5185 2818 5239 ad
2863 5187 3049 5240 urbem
3081 5185 3305 5240 Romam
3333 5186 3530 5254 perdu-

1952 5287 2091 5337 ctus,
2117 5282 2381 5344 praesente
2411 5284 2602 5330 senatu
2639 5285 2764 5330 ante
2789 5285 3002 5345 portam
3047 5275 3296 5332 Latinam
3331 5277 3384 5332 in
3418 5276 3526 5332 fer-

1957 5363 2132 5419 ventis
2177 5363 2282 5419 olei
2333 5363 2533 5420 dolium
2579 5365 2777 5421 missus
2823 5373 2939 5430 est,
2985 5376 3175 5437 agente
3209 5367 3311 5424 hoc
3358 5367 3526 5438 impio

1956 5454 2198 5524 principe
2242 5454 2332 5524 qui
2379 5454 2808 5511 Christianorum
2843 5456 3228 5512 infestissimus
3268 5473 3521 5528 persecu-

1957 5551 2042 5597 tor
2068 5552 2204 5608 erat,
2241 5553 2299 5597 ut
2330 5552 2436 5596 tam
2461 5543 2638 5599 valido
2659 5545 2836 5614 capite
2859 5545 3197 5614 detrimento,
3226 5547 3524 5602 infirmiora

1955 5636 2213 5691 cederent
2259 5635 2514 5692 Ecclesiae
2554 5637 2812 5693 membra.
2856 5637 2962 5697 Sed
3010 5641 3202 5696 beatus
3245 5639 3521 5710 apostolus

1959 5739 2063 5782 tam
2115 5727 2310 5782 illaesus
2356 5742 2384 5781 a
2437 5743 2594 5798 pmna
2639 5727 3024 5787 immanissima
3064 5730 3233 5791 exiit,
3288 5746 3522 5810 quam}

3409 357 3538 412 1078
3579 355 3624 398 3'
