4046 6430
600 350 738 406 1079

1458 346 1520 403 Β.
1559 343 1886 404 NOTKERII
1923 342 2218 403 BALBULI
2254 345 2313 403 S.
2350 345 2555 405 GALLI
2592 347 2896 411 MONACUI

3679 363 3787 424 1080

593 467 941 551 corruptione
973 465 1154 523 carnis
1201 464 1501 539 permansit
1559 463 1835 521 immanis.
1911 460 2064 519 Tunc
2110 462 2165 519 in
2192 462 2371 528 Λευὶ)
2394 464 2774 534 persecutione
2820 461 3063 534 Traiani.
3118 460 3307 523 Altera
3354 481 3480 525 vero
3509 470 3588 526 die
3606 482 3789 543 sanan

592 558 881 615 Pathmum
927 558 1155 613 insulam
1206 557 1482 629 relegatus
1537 556 1762 624 exsilio,
1806 556 2168 629 Apocalypsin

590 651 729 706 vidit
775 658 831 706 et
864 649 1102 721 scripsit.
1157 648 1239 705 Ad
1283 647 1772 705 commendandam
1819 663 1955 721 ergo
1997 648 2170 719 ipsius

593 740 812 811 dignam
839 740 1153 796 memoriam
1182 746 1237 794 et
1264 738 1614 809 apostolicam
1650 739 1702 795 in
1734 738 1838 794 fide
1864 747 1922 794 et
1954 738 2169 795 confes-

591 832 749 887 sione
772 832 984 886 Dominl
1009 831 1178 889 nostri
1208 828 1335 885 Jesu
1362 829 1564 885 Christi
1593 830 1978 895 constantiam,
2006 828 2168 886 Chri-

592 923 755 979 stiani
788 922 1089 988 basilicam,
1133 922 1303 992 ipsius
1337 922 1555 978 nomine
1586 937 1651 977 ac
1679 923 1940 977 memoria
1971 921 2171 992 glorio-

591 1029 732 1079 sam,
758 1014 811 1067 in
842 1028 1006 1084 supra
1034 1014 1178 1070 dicto
1206 1014 1325 1071 loco
1357 1022 1487 1071 ante
1511 1024 1723 1085 portam
1759 1014 2008 1070 Latinam
2031 1028 2170 1084 prae-

590 1104 740 1157 claro
767 1117 932 1173 opere
979 1104 1359 1170 condiderunt,
1403 1105 1493 1160 ubi
1544 1102 1797 1159 festivum
1828 1116 2165 1159 'concursum

584 1193 764 1264 pridie
812 1208 984 1249 nonas
1032 1193 1201 1251 Maias
1246 1194 1526 1250 annuatim
1569 1208 1742 1263 usque
1781 1193 1941 1247 hodie
1987 1191 2169 1248 facere

588 1302 696 1340 non
729 1287 1032 1351 desistant;
1060 1288 1202 1357 quod
1231 1296 1286 1342 et
1318 1288 1370 1341 in
1415 1286 1663 1356 plurimis
1705 1285 1962 1340 Ecclesiae
1984 1284 2169 1340 catho-

586 1376 707 1432 lica:
733 1377 864 1432 locis
896 1377 1150 1448 religiose
1178 1377 1313 1432 solet
1342 1377 1579 1431 actitari.
1620 1375 1749 1430 Post
1782 1383 2011 1430 mortem
2042 1388 2168 1430 vero

586 1466 915 1533 Domitiani,
942 1468 1195 1539 omnibus
1216 1466 1334 1536 ejus
1362 1466 1671 1521 constitutis
1700 1474 1923 1521 senatus
1961 1464 2168 1534 judicio

585 1559 839 1625 cassatis,
870 1558 1011 1613 inter
1036 1558 1171 1613 aiios
1200 1558 1428 1613 diversis
1457 1573 1523 1612 ex
1548 1556 1729 1612 causis
1762 1556 1830 1611 ab
1855 1570 1921 1611 eo
1948 1556 2171 1611 damna-

586 1660 671 1706 tos
696 1659 753 1707 et
802 1651 855 1705 in
901 1651 1087 1705 exsilia
1131 1651 1424 1716 detrusus,
1469 1650 1634 1705 etiam
1677 1649 1867 1703 beatus
1896 1648 2171 1720 apostolus

585 1741 821 1798 Joannes
851 1743 1181 1813 indulgentia
1211 1742 1401 1798 Nervae
1428 1742 1771 1813 imperatoris
1796 1741 2085 1809 dimissus,
2116 1748 2172 1798 et

2270 552 2533 611 diaconus
2575 552 2795 612 nomine
2831 554 3103 611 Caesarius
3130 555 3339 614 invenit
3379 574 3593 632 corpora
3617 576 3789 626 sancta-

2269 657 2391 698 rum
2420 642 2629 700 illaesa:
2660 645 2717 700 in
2742 644 2910 701 facies
2939 644 3084 700 enim
3116 661 3255 702 suas
3278 656 3552 719 prostrata:
3571 692 3587 718 ,
3613 667 3787 714 orantes

2272 730 2563 789 Dominum
2613 744 2976 791 recesserunt.
3035 735 3279 804 Quarum
3308 752 3528 808 corpora
3552 741 3785 800 idemsan-

2268 831 2389 878 ctus
2438 824 2702 881 diaconus
2753 835 2809 882 et
2864 837 3075 899 martyr
3125 828 3363 898 inclytus
3420 831 3470 884 in
3514 834 3786 906 sarcophago

2269 932 2409 973 novo
2437 919 2599 975 simul
2643 922 2922 987 condiens,
2973 921 3028 976 in
3059 921 3331 991 profundo
3377 932 3529 978 terra:
3552 924 3783 997 infodiens,

2268 1010 2535 1079 sepelivit.
2593 1010 2892 1066 Luxuriam
2927 1026 3057 1068 vero
3088 1013 3213 1068 dum
3261 1013 3330 1067 ad
3377 1014 3655 1069 convivium
3692 1032 3785 1087 pro-

2268 1109 2520 1170 peraret,
2571 1102 2795 1158 coluber
2819 1105 2886 1158 tle
2938 1118 3092 1159 ramo
3131 1104 3348 1159 arboris
3372 1119 3467 1174 per
3489 1106 3708 1176 capitium
3730 1111 3781 1164 ad

2267 1206 2366 1247 cor
2386 1192 2504 1262 ejus
2534 1192 2835 1265 ingressus,
2866 1202 3117 1251 enectum
3144 1204 3199 1248 et
3247 1195 3514 1264 turgidum
3539 1197 3599 1250 ad
3621 1208 3781 1267 specta—

2268 1281 2450 1337 culum
2477 1291 2532 1337 et
2553 1284 2859 1353 exemplum
2890 1283 3187 1339 inﬁdelium
3212 1284 3516 1355 dereliquit.

2338 1374 2471 1428 item
2502 1374 2688 1430 Romae
2708 1378 2974 1446 depositio
2996 1377 3274 1432 Benedicti
3304 1378 3595 1447 pontificis,
3626 1381 3699 1449 qui
3721 1395 3784 1435 se-

2271 1465 2350 1522 dit
2378 1479 2595 1520 menses
2620 1466 2827 1532 decem,
2862 1468 3164 1536 imperante
3213 1468 3579 1525 Constantino.
3636 1469 3713 1525 ilic
3733 1472 3783 1525 ab

2271 1557 2495 1611 ineunte
2520 1566 2680 1611 aetate
2706 1558 2759 1611 in
2788 1558 3027 1614 Ecclesia
3060 1559 3339 1625 militavit,
3362 1563 3666 1631 paupertatis
3679 1578 3781 1617 sem.

2275 1660 2375 1716 per
2405 1656 2636 1702 amator.
2680 1648 2937 1719 Sepultus
2960 1651 3044 1705 est
3066 1650 3208 1720 apud
3235 1651 3451 1705 beatum
3479 1651 3687 1707 Petrum.

2342 1743 2500 1814 Apud
2542 1743 2910 1800 Nicomediam
2959 1746 3139 1815 passio
3195 1754 3504 1801 sanctorum
3547 1755 3781 1826 martyrum

581 1833 653 1887 'ad
676 1833 945 1902 Ephesum
995 1833 1173 1888 redire
1202 1832 1523 1904 permissus,
1555 1831 1887 1899 Ecclesiam,
1920 1832 1987 1886 ad
2031 1839 2166 1887 tem-
2194 1827 2244 1887 B
2272 1831 2443 1886 Flavii
2491 1841 2549 1887 et
2594 1833 2903 1903 Augustini,
2953 1844 3008 1890 et
3055 1836 3219 1888 trium
3264 1834 3492 1890 fratrum
3528 1834 3780 1901 Marcellini,

580 1938 687 1993 pus
713 1923 955 1979 absentia
985 1937 1081 1978 sua
1105 1924 1416 1980 destitutam
1438 1932 1493 1978 et
1513 1922 1911 1989 contristatam,
1935 1923 2169 1978 adventu

584 2028 684 2069 suo
711 2012 1046 2080 lmtiﬂcavit,
1103 2022 1161 2069 et
1204 2013 1468 2084 exemplis
1523 2013 1841 2069 instructam
1904 2013 2063 2068 dictis
2114 2019 2172 2069 et

584 2100 801 2170 scriptis
839 2102 894 2157 in
941 2088 1260 2173 perpetuum
1305 2101 1654 2159 confortavit.
1725 2101 1897 2158 Porro
1945 2110 2169 2173 propter

582 2190 809 2246 nimiam
848 2190 1261 2258 crudelitatem,
1328 2200 1385 2247 et
1434 2191 1742 2261 impiissimi
1800 2191 2169 2262 persecutoris

583 2280 702 2353 ejus
727 2280 1018 2337 Domitiani
1044 2282 1313 2349 facinora,
1342 2283 1398 2337 in
1432 2297 1521 2349 eo,
1546 2293 1603 2338 at
1634 2282 2054 2356 historiograpbi
2083 2298 2170 2339 re-

581 2374 787 2441 ferunt,
816 2383 871 2430 et
917 2375 1109 2432 domus
1155 2384 1213 2432 et
1253 2390 1450 2431 nomen
1497 2374 1773 2431 Caesarum
1819 2374 2035 2431 defecit.
2097 2373 2169 2431 Ut

582 2479 716 2519 vero
757 2464 922 2520 etiam
955 2473 1143 2538 postea
1200 2480 1356 2539 reges
1396 2466 1764 2522 Romanorum
1803 2465 2049 2522 Caesares
2072 2480 2169 2537 ap-

579 2553 935 2626 pellarentur,
984 2556 1208 2627 antiqua
1261 2557 1594 2614 consuetudo
1640 2566 1696 2614 et
1749 2557 1985 2614 maxime
2025 2556 2168 2630 apud

580 2645 849 2701 barbaras
874 2645 1122 2704 nationes
1144 2647 1400 2703 obtinuit.

653 2734 861 2790 Eodem
887 2735 984 2792 die
1005 2736 1262 2793 nativitas
1295 2736 1442 2794 beati
1470 2736 1657 2794 Evodii
1687 2736 2041 2794 Antiocheam
2058 2738 2168 2815 Ec-

583 2822 763 2882 clesiae
790 2825 1026 2897 episcopi
1053 2864 1069 2892 ,
1098 2826 1191 2897 qui
1221 2827 1430 2897 primus
1477 2827 1546 2882 ab
1576 2826 1833 2897 apostolis
1867 2827 1938 2882 ibi
1964 2836 2047 2883 est
2072 2843 2166 2883 οτι

583 2915 804 2971 dinatus
823 2916 1129 2987 episcopus.
1169 2917 1248 2973 De
1272 2931 1382 2988 quo
1418 2917 1534 2987 ipse
1558 2915 1759 2973 Paulus
1800 2915 2164 2988 Philippensi-

582 3006 688 3063 bus
711 3006 956 3064 scribens
981 3007 1097 3063 ait:
1128 3007 1390 3065 Evodium
1438 3024 1586 3080 rogo,
1634 3018 1682 3064 et
1732 3008 2032 3080 Syntychen
2077 3010 2167 3065 de-

582 3116 786 3171 precor,
811 3101 1039 3172 idipsum
1068 3117 1250 3171 sapere
1273 3102 1329 3157 in
1358 3100 1584 3157 Domino
1624 3100 1753 3156 Iesu
1774 3100 1983 3158 Christo
2014 3099 2169 3173 (Phi-

584 3192 712 3264 lipp.
755 3192 854 3265 tv).

656 3286 791 3340 item
841 3285 1098 3343 nativitas
1137 3284 1279 3342 beati
1322 3284 1478 3342 Lucii
1525 3284 1873 3357 Cyrenensis,
1905 3282 1997 3355 qui
2029 3283 2170 3354 apud

583 3374 835 3451 Cyrenen
874 3376 1081 3447 primus
1127 3376 1416 3447 episcopus
1466 3391 1498 3431 a
1545 3375 1751 3431 sanctis
1794 3374 2051 3446 apostolis
2085 3380 2170 3428 est

583 3467 932 3523 constitutus.
993 3465 1163 3534 Quem
1204 3469 1369 3523 etiam
1420 3467 1474 3522 in
1530 3465 1757 3522 Actibus
1800 3464 2167 3536 apostolorum

586 3561 726 3631 (cap.
770 3559 889 3632 xui)
936 3567 1158 3616 sanctus
1216 3558 1394 3615 Lucas
1437 3558 1769 3631 evangelista
1819 3557 1880 3613 in
1921 3556 2168 3627 catalogo

586 3652 828 3707 virorum
855 3663 1251 3708 commemorat
1275 3650 1820 3723 perfectissimorum.

656 3743 789 3799 item
821 3743 1053 3799 Mariani
1080 3752 1136 3799 et
1180 3742 1367 3800 Jacobi
1413 3742 1573 3813 juxta
1616 3743 1917 3816 quosdam,
1947 3752 2003 3800 et
2031 3743 2167 3800 alio-

582 3849 706 3891 rum
735 3835 1111 3906 plurimorum.

656 3925 1033 3983 Antissiodoro
1058 3926 1324 3998 depositio
1348 3926 1408 3983 S.
1443 3925 1645 3983 Valerii
1673 3927 1932 4001 episcopi.

657 4012 793 4069 Non.
820 4013 971 4069 Man.
993 4045 1063 4055 --
1083 4014 1349 4072 Nativitas
1378 4017 1552 4073 sancti
1591 4016 1868 4075 Iuvenalis
1909 4018 2168 4090 martyris

584 4114 641 4163 et
667 4106 999 4162 beatissimte
1023 4116 1188 4177 atque
1221 4107 1607 4165 illustrissimze
1634 4108 1732 4164 Dei
1773 4109 2006 4176 famulae,
2037 4110 2166 4165 Fla-

584 4196 688 4250 via:
732 4195 1037 4252 Domitillae.
1099 4196 1230 4263 Quae
1272 4212 1395 4253 cum
1446 4205 1595 4254 esset
1652 4196 1826 4253 Flavii
1872 4197 2167 4257 Clementis

585 4286 824 4342 consulis
847 4302 914 4342 ex
942 4302 1130 4343 sorore
1159 4288 1357 4358 neptis,
1393 4294 1448 4343 et
1482 4304 1513 4342 a
1542 4295 1733 4344 sancto
1770 4289 2050 4346 Clemente
2078 4305 2167 4347 sa-

588 4394 684 4435 cro
714 4379 981 4435 velamine
1025 4382 1094 4436 ad
1138 4380 1463 4452 integritatis
1498 4381 1962 4453 persevcrantiam
1988 4382 2168 4438 consi-

2273 1920 2535 1976 Macrobii
2560 1931 2615 1977 et
2641 1922 2910 1993 Eutychii.

2340 2015 2397 2069 in
2423 2015 2609 2072 Africa
2640 2016 2896 2085 Celerini,
2946 2017 3192 2085 Maximi,
3240 2018 3484 2085 Victuri,
3529 2018 3777 2082 Potentille,

2269 2103 2543 2160 Faustina:
2567 2115 2623 2161 et
2660 2107 2889 2163 aliorum
2923 2109 3423 2164 innumerabilium.
3467 2110 3782 2181 Augustoduno

2269 2195 2539 2266 depositio
2567 2196 2711 2252 beati
2738 2197 2928 2253 Piaciti
2953 2200 3218 2270 episcopi.

2340 2287 2455 2344 Vill
2498 2288 2575 2343 lo.
2608 2289 2761 2345 Mm.
2804 2290 3187 2347 —Mediolani
3227 2292 3425 2349 natalis
3462 2300 3615 2350 sancti
3647 2294 3781 2349 Victo-

2268 2378 2368 2437 ris.
2408 2379 2511 2448 Qui
2536 2382 2759 2438 natione
2786 2381 3031 2451 Maurus,
3066 2393 3122 2438 et
3159 2399 3191 2439 a
3218 2386 3477 2455 primteva
3500 2395 3639 2442 :etate
3664 2384 3781 2440 Chri-

2268 2471 2502 2538 stianus,
2560 2488 2682 2529 cum
2730 2484 2877 2531 esset
2905 2474 2961 2530 in
3008 2475 3210 2531 castris
3260 2476 3610 2547 imperialibus
3645 2477 3778 2541 miles,

2266 2566 2434 2621 etiam
2468 2567 2669 2624 canitie
2712 2568 3006 2625 decoratus
3031 2607 3048 2636 ,
3118 2569 3477 2640 compellente
3521 2567 3780 2623 Maximiano

2269 2661 2602 2731 imperatore
2628 2671 2689 2718 ut
2715 2661 3054 2719 sacriﬁcaret
3080 2662 3265 2730 idolis,
3295 2663 3347 2719 in
3372 2663 3672 2720 confessione
3699 2660 3777 2714 Do-

2268 2752 2403 2809 mini
2456 2752 2750 2811 fortissime
2794 2769 3154 2827 perseverans
3180 2794 3197 2823 ,
3227 2763 3352 2826 post
3377 2754 3670 2826 ergastulum
3692 2764 3778 2807 car-

2268 2844 2448 2901 cerale
2473 2885 2489 2910 ,
2529 2845 2623 2901 ubi
2664 2860 2762 2901 sex
2809 2845 2927 2901 dies
2969 2845 3091 2901 sine
3128 2846 3258 2901 cibo
3290 2855 3352 2901 et
3384 2855 3505 2916 pota
3528 2840 3775 2914 permansit,

2266 2936 2445 3006 primo
2491 2938 2730 3006 graviter
2781 2936 3020 2994 fustibus
3068 2947 3125 2993 et
3170 2937 3405 3009 ﬂagellis
3431 2951 3604 2999 caesus,
3633 2930 3777 2988 deinde

2269 3028 2497 3099 liquenti
2528 3028 2748 3100 plumbo
2796 3028 3049 3101 perfusus
3069 3069 3087 3097 ,
3142 3031 3239 3085 sed
3268 3028 3404 3085 nihil
3427 3028 3618 3099 penitus
3643 3023 3773 3083 ιωδιιδ,

2271 3121 2567 3175 novissime
2596 3120 2818 3192 gloriosi
2853 3121 3101 3192 martyrii
3150 3135 3373 3176 cursum
3411 3117 3585 3188 capitis
3620 3113 3775 3169 abscis-

2270 3212 2421 3267 sione
2446 3211 2755 3281 complevit.
2800 3211 2969 3283 Cujus
2997 3225 3202 3282 corpus
3228 3212 3371 3282 apud
3400 3210 3583 3266 Silvam
3615 3219 3708 3276 qum
3726 3201 3774 3255 ad

2270 3301 2456 3358 Ulmos
2484 3311 2710 3357 vocatur
2736 3302 2929 3358 bestiis
2957 3311 3013 3358 et
3049 3302 3369 3357 volucribus
3406 3300 3685 3372 projectum,
3707 3290 3775 3347 sed

2266 3407 2366 3463 per
2391 3392 2658 3464 integram
2695 3393 3089 3449 hebdomadam
3123 3408 3153 3446 a
3184 3392 3330 3446 nulia
3371 3405 3547 3447 earum
3573 3380 3776 3441 contami-

2268 3495 2486 3551 natum,
2539 3501 2569 3540 a
2623 3494 2813 3543 sancto
2859 3485 3107 3541 Materno
3156 3485 3413 3556 episcopo
3461 3481 3700 3538 collectum
3736 3480 3777 3526 et

2267 3574 2572 3631 honorifice
2599 3574 2873 3646 sepultum
2920 3584 3022 3630 est.
3077 3573 3213 3628 Erat
3240 3583 3418 3629 autem
3457 3570 3581 3627 civis
3611 3572 3772 3624 sancto-

2267 3680 2393 3723 rum
2435 3665 2701 3723 Narboris
2747 3675 2806 3722 et
2852 3666 3069 3729 Felicis,
3117 3666 3250 3736 qui,
3284 3666 3336 3720 in
3376 3663 3545 3719 Africa
3567 3654 3774 3719 decollali.

2270 3756 2432 3813 simul
2469 3771 2592 3812 cum
2621 3755 2882 3815 Januario
2923 3765 2979 3812 et
3019 3755 3232 3811 Marino
3282 3753 3615 3812 Mediolanum
3639 3757 3773 3803 trans-

2266 3844 2364 3901 lati
2392 3854 2541 3902 sunt.

2339 3936 2815 4010 Constantinopoli
2845 3935 3044 4009 Agathi
3091 3935 3286 3993 militis
3327 3942 3382 3991 et
3421 3931 3625 3988 aliorum
3662 3920 3775 3979 valde

2270 4027 2585 4083 multorum.

2340 4119 2398 4175 in
2426 4117 2690 4190 Egypto,
2725 4118 2964 4175 Victoris
2998 4128 3055 4176 et
3078 4118 3392 4190 Stephanae.

2339 4210 2400 4266 ln
2427 4210 2759 4266 Sanctonico
2789 4211 3056 4281 depositio
3084 4210 3141 4267 S.
3176 4208 3395 4264 Martini
3423 4196 3699 4277 presbyteri.

2339 4300 2724 4357 Antissiodoro
2750 4300 2981 4355 Heiladii
3008 4301 3273 4371 episcopi.

2343 4390 2435 4446 Vll
2512 4390 2589 4446 In.
2630 4389 2958 4446 Mam—In
3003 4391 3282 4458 Axionoli,
3330 4384 3547 4456 Quirilli,
3576 4373 3769 4447 Quindei,

585 4480 745 4541 gnata
774 4513 787 4537 ,
840 4473 1219 4543 persecutione
1265 4473 1592 4540 Domitiani,
1641 4488 1782 4531 anno
1832 4474 2167 4545 principatus
2201 4525 2242 4545 ,ι
2271 4483 2526 4539 Zenonis.

585 4559 703 4628 ejus
730 4561 938 4616 decimo
964 4563 1179 4633 quinto,
1220 4563 1290 4619 ob
1336 4563 1709 4619 testimonium
1756 4562 1900 4633 quod
1946 4562 2166 4619 Christo

585 4652 925 4722 perhibebat,
956 4669 1081 4709 cum
1104 4654 1226 4711 aliis
1254 4655 1537 4727 plurimis,
1589 4654 1642 4710 in
1673 4656 1903 4710 insulam
1944 4655 2169 4712 Pontia-

588 4756 717 4796 nam
747 4742 937 4798 exsilio
963 4744 1267 4814 deportata,
1293 4746 1515 4818 longum
1546 4746 1678 4803 inibi
1721 4748 2043 4819 martyrium
2074 4748 2169 4804 du-

587 4834 687 4915 xit.
728 4833 1035 4890 Novissime
1065 4851 1186 4891 cum
1210 4839 1277 4893 ab
1300 4838 1598 4894 Aureliano
1627 4854 1826 4910 sponso
1853 4854 1972 4906 suo,
2007 4856 2168 4911 quem

586 4942 688 4997 pro
732 4927 949 4983 Christo
1004 4937 1445 5002 contempserat,
1516 4940 1571 4988 et
1621 4931 1775 5001 cujus
1826 4933 2168 4990 accusatione

589 5022 781 5078 exsilio
812 5021 990 5077 fuerat
1020 5022 1257 5095 relegata
1282 5064 1299 5090 ,
1349 5024 1610 5079 translata
1643 5032 1784 5081 esset
1816 5026 1882 5081 ad
1913 5024 2164 5081 Terraci-

589 5126 741 5178 nam,
772 5111 958 5166 urbcm
1004 5110 1352 5183 Campaniae,
1400 5122 1457 5167 et
1500 5114 1744 5168 doctrina
1779 5131 1845 5169 ac
1888 5114 2168 5171 miraculis

587 5200 766 5270 primo
812 5200 1225 5274 Euphrosynam
1255 5214 1310 5260 et
1350 5204 1688 5260 Theodoram
1727 5206 2089 5264 collactaneas
2114 5217 2171 5263 et

589 5291 933 5361 convirgines
978 5309 1129 5361 suas,
1171 5295 1367 5352 deinde
1409 5297 1572 5352 etiam
1612 5296 1747 5353 alios
1773 5297 1840 5353 ad
1868 5298 2029 5355 fidem
2059 5299 2168 5355 Do-

588 5387 722 5443 mini
766 5390 1160 5458 convertisset;
1210 5393 1354 5449 inter
1397 5410 1518 5466 qua:
1563 5395 1831 5467 magnalia
1879 5397 2169 5467 praedictus

586 5476 916 5537 Aurelianus
941 5522 958 5546 ,
1003 5481 1391 5541 infestissimus
1433 5496 1750 5558 persecutor
1796 5485 1935 5557 ejus,
1986 5488 2171 5542 divina

588 5567 795 5625 virtute
823 5568 1127 5633 exstinctus
1147 5584 1234 5630 est
1260 5592 1274 5629 :
1300 5590 1331 5630 a
1352 5576 1593 5634 Laxario
1617 5576 1786 5634 fratre
1809 5577 1925 5649 ejus
1948 5578 2171 5634 incenso

591 5660 844 5719 cubiculo
870 5664 925 5720 in
944 5679 1053 5736 quo
1072 5666 1233 5722 simul
1254 5681 1380 5725 cum
1400 5667 1645 5739 pmfatis
1665 5669 1965 5741 virginibus
1987 5668 2171 5725 clausa

595 5757 934 5827 lic-rebatur,
968 5757 1188 5817 cursum
1216 5758 1438 5832 gloriosi
1483 5759 1730 5832 martyrii
1772 5759 2173 5820 consummavit

2346 4574 2402 4629 in
2432 4573 2645 4629 Tharso
2671 4572 2897 4639 Ciliciae,
2934 4570 3217 4628 Afrodisii.

2345 4662 2814 4732 ConStantinopoli
2845 4661 3129 4716 translatio
3162 4659 3221 4716 S.
3252 4654 3531 4715 Timothei.

2344 4755 2402 4810 in
2428 4754 2673 4821 Perside,
2702 4761 3016 4809 sanctorum
3042 4763 3406 4808 trecentorum
3419 4758 3471 4804 et
3485 4747 3646 4801 decem
3668 4746 3771 4791 mal“

2276 4856 2475 4920 tyrum.
3747 4908 3769 4920 η

2343 4936 2501 5008 Apud
2530 4935 2768 4991 Nazanzi
2806 4933 3087 5006 oppidum,
3128 4920 3771 5013 depositiobeatiGregoril

2274 5029 2537 5102 episcopi,
2587 5027 2681 5098 qui
2727 5026 3034 5098 Theologas
3077 5025 3295 5091 dicitur,
3346 5019 3559 5082 nobilis,
3601 5009 3773 5105 Athenis

2274 5099 2542 5188 eruditus,
2571 5120 2775 5191 collega
2808 5119 2951 5175 beati
2982 5117 3191 5184 Basilii,
3218 5117 3470 5172 Cmsarea:
3493 5099 3771 5199 Οερρδδθξίξέ

2274 5221 2461 5286 postea
2493 5213 2755 5284 episcopi.
2794 5211 3007 5282 Quique
3050 5226 3173 5266 cum
3210 5224 3268 5265 se
3307 5216 3468 5262 totum
3496 5200 3580 5256 Dei
3605 5197 3771 5286 servili0

2276 5285 2663 5373 mancipasset,
2692 5311 2905 5356 tantum
2933 5303 3000 5358 de
3034 5300 3252 5372 collegae
3282 5310 3458 5353 amore
3479 5285 3769 5364 prtesumPSl‘v

2278 5405 2340 5451 ut
2369 5396 2648 5452 sedentem
2677 5394 2938 5449 Basiliam
2972 5394 3040 5450 de
3065 5393 3304 5450 doctoris
3328 5386 3566 5446 cathedra
3593 5380 3770 5445 ἀεροειθ·

2276 5495 2363 5542 ret
2390 5502 2457 5541 ac
2478 5500 2664 5541 secum
2696 5485 2764 5541 ad
2804 5486 3196 5542 monasterium
3239 5496 3395 5539 manu
3430 5476 3603 5547 injecta
3625 5460 3770 5537 perdu‘

2274 5586 2448 5643 ceret,
2485 5577 2669 5648 ibique
2694 5593 2793 5648 per
2820 5592 2992 5641 annos
3039 5576 3295 5634 tredecim
3319 5616 3333 5641 ,
3363 5568 3582 5628 omnium
3603 5560 3767 5651 Greco:

2278 5685 2398 5727 rum
2427 5645 2767 5726 smeularium
2814 5669 2969 5727 libris
3014 5669 3256 5732 remotis,
3304 5664 3429 5721 solis
3469 5655 3637 5715 divinae
3661 5645 3769 5699 δεη-

2278 5772 2449 5836 Plura!
2518 5761 2881 5820 voluminibus
2944 5777 3167 5835 operam
3232 5758 3441 5818 dabant.
3490 5736 3767 5808 Ροειωοάυω
