4046 6416
228 386 364 448 1081

1248 382 1875 447 MARTYROLOGIUM.
1917 416 1986 426 —
2025 382 2228 442 MENS.
2271 382 2432 441 MA".

3336 385 3478 450 ωδε

220 518 357 560 vero
386 488 531 578 apud
558 497 867 555 Nazanzum
898 497 1152 573 oppidum
1184 500 1471 570 episcopus
1491 499 1798 562 ordinatus,
1826 497 1877 558 Α
1904 492 2171 550 mirabilia
2218 510 2339 566 quae
2366 508 2463 564 per
2488 508 2612 551 eum
2637 492 2778 555 facta
2802 499 2950 562 sunt,
2987 482 3212 554 credidit
3230 497 3468 569 Christo,

220 592 608 650 hereticorum
673 590 946 645 turbinem
1010 588 1137 644 fidei
1198 591 1494 644 serenitate
1562 587 1803 658 dispulit.

222 685 434 741 Deinde
456 683 620 740 etiam
649 682 1172 752 Constantinopolim
1199 683 1265 736 ad
1293 678 1667 749 corrigendam
1710 694 1806 733 vo-

224 784 407 840 catus,
433 774 516 830 ire
542 782 597 839 et
625 773 743 843 ejus
766 788 956 828 curam
986 773 1266 842 suscipere
1290 787 1397 826 non
1430 771 1637 827 abnuit.
1689 768 1806 837 Qua

223 865 284 921 in
334 865 440 920 fide
478 864 746 920 catholica
786 865 1083 928 roborata,
1137 878 1206 919 ne
1254 864 1549 933 cupiditate
1596 862 1807 917 illectus

226 956 445 1011 ditioris
492 956 710 1009 invasor
753 953 1138 1020 aestimaretur,
1187 953 1254 1008 ad
1292 954 1693 1024 pauperrimam
1725 968 1810 1009 se-

228 1046 353 1101 dem
383 1060 535 1100 suam
565 1059 838 1107 reversus,
869 1045 1013 1114 quod
1042 1043 1311 1114 superfuit
1339 1047 1463 1100 vita:
1499 1046 1550 1099 in
1576 1061 1637 1100 ea
1670 1052 1810 1099 tem-

222 1149 330 1206 pus
354 1136 552 1206 exegit.
592 1136 658 1189 Et
683 1135 938 1206 quoniam
966 1135 1110 1191 fessa
1130 1135 1244 1204 jam
1280 1145 1439 1192 aetate
1483 1145 1538 1190 et
1578 1151 1808 1205 corpore

225 1227 497 1282 invalidus
521 1235 664 1294 erat,
696 1241 1066 1282 successorem
1099 1227 1198 1282 sibi
1225 1227 1458 1298 delegit,
1494 1243 1601 1296 quo
1622 1227 1807 1283 Eccle-

225 1317 367 1374 siam
394 1318 729 1390 gubernante
757 1317 1054 1373 debilitatis
1079 1326 1135 1373 et
1162 1320 1458 1375 senectutis
1498 1320 1611 1376 otio
1656 1318 1804 1375 frue-

226 1419 402 1466 retur.

305 1501 369 1555 VI
422 1501 500 1556 In.
556 1501 707 1557 Man.
735 1532 804 1542 —
824 1501 1098 1570 Depositio
1130 1501 1273 1557 beati
1308 1501 1408 1557 Job
1434 1502 1728 1572 prephetze.

298 1590 488 1646 Romae
541 1591 806 1657 Faltonis,
866 1591 1105 1646 Piniante
1155 1600 1209 1646 et
1252 1592 1493 1658 Anitiaa,
1560 1592 1797 1657 Lucinae,

228 1680 475 1753 conjugis
505 1680 641 1750 ejus,
677 1696 801 1737 cum
827 1680 945 1735 aliis
970 1680 1217 1750 plurimis
1244 1676 1595 1754 martyribus.

300 1771 457 1836 Item,
506 1770 992 1841 Roma:_Calepndii
1026 1772 1171 1827 senis
1214 1773 1515 1843 presbyteri
1558 1773 1659 1828 sub
1684 1771 1810 1828 Ale-

1906 582 1980 637 ita
2005 593 2064 637 ut
2089 584 2251 639 etiam
2277 593 2554 654 pateretur
2589 600 2688 655 pro
2726 584 2834 641 illo.

1978 671 2185 739 Romae,
2206 673 2295 727 via
2321 671 2553 739 Salaria,
2581 672 2832 730 milliaria
2852 674 3109 733 vicesimo
3130 678 3390 747 secundo,
3410 679 3470 737 Β.

1905 760 2147 816 Anthim'

1975 851 2033 905 lu
2075 850 2279 921 Africa,
2301 849 2501 924 Majoli,
2530 853 2814 922 Victorini,
2843 855 3130 912 Fortunati
3160 865 3215 914 et
3244 856 3474 915 aliorum

1908 944 2229 1000 multorum.

1976 1032 2033 1087 In
2061 1033 2190 1089 Asia
2234 1036 2497 1097 nativitas
2526 1044 2838 1091 sanctorum
2868 1037 3125 1093 Demetrii
3155 1048 3211 1094 et
3236 1038 3475 1095 Thadaei.

1979 1121 2223 1192 Viennae,
2268 1127 2549 1183 beatorum
2603 1129 2976 1200 episc0porum
3024 1131 3237 1186 Martini
3271 1141 3320 1187 et
3370 1132 3480 1188 Ma-

1910 1218 2069 1271 terni.
2116 1218 2285 1285 Quem
2336 1220 2636 1275 Maternum
2662 1220 2732 1275 ob
2770 1221 2952 1277 clades
2972 1211 3365 1290 'imminentes,
3394 1238 3481 1280 so-

1910 1304 2072 1360 lemni
2103 1316 2228 1363 ante
2248 1307 2635 1366 Ascensionem
2685 1310 2896 1365 Domini
2934 1311 3152 1370 litanias
3182 1312 3482 1369 instituisse

1909 1395 2214 1453 retulimus.

1978 1484 2109 1541 ltem
2149 1487 2415 1559 depositio
2470 1488 2754 1560 Nepotiani
2786 1490 3109 1565 presbyteri,
3141 1493 3350 1564 nepotis
3378 1493 3483 1549 lle-

1908 1573 2099 1630 liodori
2121 1577 2357 1647 episcopi
2395 1580 2460 1634 de
2487 1595 2693 1646 sorore,
2736 1596 2789 1635 m
2817 1582 2971 1651 cujus
2998 1583 3255 1653 epitaphii
3286 1598 3481 1638 conso-

1908 1665 2111 1722 latione
2135 1666 2192 1722 S.
2225 1669 2583 1751 Hieronymus
2611 1680 2781 1725 totum
2829 1674 3110 1739 mundum,
3140 1688 3239 1743 pro
3259 1675 3338 1729 eis
3366 1690 3488 1744 quae

1908 1759 1965 1815 in
2002 1774 2069 1814 eo
2114 1759 2249 1815 fiunt
2278 1761 2434 1816 malis
2476 1771 2531 1818 et
2575 1764 2830 1818 accidunt
2878 1766 3295 1833 calamitatibus,
3326 1767 3378 1821 in
3406 1767 3487 1820 lu-

236 1860 448 1915 xandro
476 1861 824 1930 imperatore,
853 1860 945 1930 qui
970 1876 1093 1916 eum
1118 1860 1245 1916 fecit
1268 1860 1441 1917 occidi
1473 1877 1501 1915 a
1527 1861 1805 1927 Laodicia,
1837 1846 1883 1906 Β
1910 1858 2058 1906 Clum
2080 1859 2136 1905 θι
2162 1851 2917 1909 lamemauoncmconvert“-

230 1963 288 2009 et
316 1969 515 2024 corpus
566 1955 704 2008 trahi
752 1969 851 2025 per
893 1954 1168 2009 civitatem
1194 1993 1209 2019 ,
1260 1964 1423 2023 atque
1465 1955 1520 2008 in
1569 1953 1809 2009 Tiberim

224 2041 439 2112 jactari,
469 2045 554 2099 die
581 2044 943 2101 Kalendarum
966 2044 1111 2098 Maii.
1154 2044 1305 2112 Quod
1334 2046 1609 2102 inventum
1634 2046 1811 2117 pisea-

231 2145 378 2192 tores
402 2136 719 2194 levaverunt
761 2145 819 2193 et
864 2144 1227 2193 narraverunt
1279 2136 1509 2195 Callixto
1534 2139 1809 2208 episcopo.

230 2225 305 2281 At
337 2226 428 2280 ille
455 2234 738 2298 acceptum
764 2226 1004 2283 condivit
1042 2243 1163 2283 cum
1209 2229 1569 2294 aromatibus,
1614 2238 1670 2284 et
1711 2229 1813 2283 lin-

230 2316 561 2373 teaminibus
592 2317 892 2373 involutum
935 2318 1185 2389 sepelivit
1225 2319 1278 2374 in
1309 2319 1626 2375 cmmeterio
1658 2318 1809 2390 ejus-

231 2407 376 2473 dem,
400 2408 485 2462 via
521 2408 761 2475 Aurelia,
790 2410 1046 2466 milliario
1068 2410 1136 2467 ab
1151 2408 1295 2467 Urbe
1319 2411 1497 2477 tertio,
1517 2411 1569 2465 in
1599 2420 1809 2482 crypta,

230 2506 388 2553 sexto
415 2498 538 2553 ldus
568 2497 715 2554 Maii.
774 2498 929 2556 Tune
954 2500 1254 2557 deeollatus
1294 2509 1377 2556 est
1406 2502 1473 2557 ab
1500 2501 1812 2557 Alexandro

232 2586 535 2643 Palmatius
581 2588 771 2644 consul
814 2604 939 2645 cum
991 2604 1162 2646 uxore
1197 2597 1252 2645 et
1280 2589 1426 2657 filiis,
1458 2598 1513 2646 et
1541 2590 1661 2645 aliis
1687 2605 1812 2661 pro-

233 2678 428 2733 miscui
473 2693 637 2735 sexus
685 2679 1051 2751 quadraginta
1102 2680 1335 2747 duobus,
1380 2696 1502 2737 cum
1531 2681 1727 2750 quibus
1757 2688 1815 2735 et

234 2770 546 2840 Simplicius
570 2781 813 2838 senator,
836 2773 928 2843 qui
961 2786 1059 2842 per
1082 2772 1388 2830 doctrinam
1415 2771 1631 2829 Callixti
1660 2787 1814 2843 papae

231 2868 292 2916 et
343 2854 617 2932 Galepodii
665 2863 971 2935 presbyteri
1022 2877 1196 2933 nuper
1259 2862 1474 2919 fuerant
1527 2862 1812 2933 baptizati.

234 2950 507 3022 Scriptum
535 2953 589 3006 in
618 2952 870 3023 passione
896 2953 1040 3008 beati
1068 2952 1283 3008 Callixti
1312 2968 1482 3024 papae.

309 3040 511 3095 Eodem
542 3040 631 3096 die
674 3040 855 3097 natale
901 3042 1045 3098 beati
1095 3040 1354 3098 Gordiani
1398 3042 1677 3115 martyris,
1720 3042 1813 3113 qui

234 3130 338 3187 sub
367 3128 583 3186 Juliano
612 3130 933 3201 impiissimo
960 3132 1288 3204 imperatore
1309 3147 1502 3203 passus
1528 3141 1635 3189 est.
1672 3131 1809 3187 Nam

1982 1938 2051 1993 IV
2076 1939 2151 1992 ln.
2185 1939 2333 1995 Man.
2355 1971 2427 1981 -—
2476 1940 2679 2008 Romar,
2712 1945 2763 1998 in
2811 1947 3123 2002 cmmeterio
3152 1945 3486 2015 Praetextati,

1914 2031 2172 2087 nativitas
2201 2041 2514 2088 sanctorum
2556 2033 2711 2089 Nerei
2754 2044 2810 2089 et
2856 2037 3079 2093 Achillei
3111 2038 3359 2092 fratrum.
3386 2038 3487 2105 Qui

1911 2121 2132 2177 fuerunt
2166 2123 2397 2177 eunuchi
2452 2123 2623 2179 beatae
2671 2124 2869 2180 Flaviae
2908 2128 3209 2194 Domitillaz,
3254 2144 3374 2183 cum
3424 2143 3488 2183 ea

1912 2212 2055 2281 apud
2083 2211 2315 2267 insulam
2344 2211 2593 2268 Pontiam
2617 2212 2833 2285 longum
2860 2232 2960 2287 pro
2983 2215 3200 2272 Christo
3221 2217 3492 2272 duxerunt

1912 2297 2182 2353 exsilium.
2216 2298 2565 2355 Postmodum
2602 2315 2732 2358 vero
2753 2304 2821 2359 ab
2857 2304 3146 2360 Aureliano
3166 2319 3363 2375 sponso
3387 2304 3493 2360 Do-

1912 2386 2141 2452 mitillae,
2186 2401 2345 2456 quem
2385 2388 2501 2457 ipsa
2528 2389 2597 2445 ob
2645 2404 2885 2446 amorem
2939 2393 3144 2448 Christi
3191 2400 3490 2462 spreverat,

1910 2476 2090 2547 primo
2145 2477 2464 2535 verberibus
2525 2482 2863 2549 gravissimis
2912 2485 3105 2539 arctati
3147 2483 3490 2556 [attrectati],

1913 2566 2106 2623 deinde
2140 2567 2375 2625 Moninic
2398 2570 2555 2627 Ruﬂ‘o
2578 2571 2853 2643 [Memmio
2873 2574 3037 2647 Rufo]
3072 2574 3343 2631 consulari
3369 2584 3495 2630 sunt

1915 2658 2120 2714 traditi.
2147 2659 2193 2713 A
2221 2676 2330 2731 quo
2351 2678 2476 2716 cum
2506 2663 2737 2734 equuleo
2766 2676 2819 2720 et
2843 2667 3075 2722 flammis
3099 2666 3494 2737 compelleren-

1915 2757 2005 2803 tur
2057 2750 2125 2806 ad
2179 2751 2587 2818 immolandum,
2618 2762 2676 2807 et
2698 2754 2939 2809 dicerent
2967 2770 3027 2811 se
3071 2772 3101 2811 a
3151 2757 3312 2812 beato
3333 2754 3493 2810 Petro

1914 2838 2161 2907 apostolo
2208 2841 2532 2911 baptizatos,
2576 2841 2721 2896 nulla
2766 2844 2977 2899 ratione
3005 2843 3163 2899 idolis
3187 2842 3492 2907 immolare,

1915 2930 2094 3001 capite
2126 2932 2251 2987 caesi
2278 2942 2423 2988 sunt.
2457 2932 2698 3001 Quorum
2725 2948 2951 3006 corpora
2980 2935 3159 3007 rapuit
3204 2934 3494 3005 Auspicius

1916 3020 2211 3090 discipulus
2231 3038 2443 3089 eorum,
2472 3025 2710 3080 nutritor
2731 3035 2932 3080 sancta:
2954 3026 3175 3098 virginis
3206 3016 3494 3096 Domitilla:

1920 3112 1972 3167 in
2001 3123 2191 3184 crypta
2235 3118 2506 3187 arenaria,
2538 3117 2625 3172 via
2667 3119 2957 3173 Ardeatina
2983 3118 3247 3191 sepelivit,
3285 3134 3316 3173 a
3340 3133 3497 3174 muro

233 3233 360 3273 cum
408 3191 706 3290 praedm“;
744 3228 1008 3292 tyrannus
1038 3191 1401 3292 'pmepis'set
1456 3222 1631 3279 eidem
1677 3221 1817 3278 cor.
1840 3191 1887 3257 C
1921 3200 2083 3258 Urbis
2113 3204 2373 3260 milliario
2403 3222 2509 3261 uno
2533 3216 2588 3262 et
2612 3208 2858 3288 semisse.

234 3305 398 3361 diano
424 3307 627 3363 vicario
655 3323 753 3364 suo
792 3309 968 3364 adhuc
1010 3310 1194 3380 gentili
1234 3318 1292 3365 ut
1331 3309 1644 3365 Januarium
1691 3324 1819 3380 pre-

234 3395 512 3466 sbyterum
537 3396 821 3468 diligenter
865 3398 1227 3466 examinaret,
1257 3400 1302 3455 si
1334 3415 1441 3470 quo
1475 3401 1635 3457 modo
1664 3400 1816 3457 illum

235 3498 420 3560 posset
464 3498 714 3553 avertere
760 3506 790 3545 a
833 3490 938 3547 fide
983 3490 1207 3558 Christi,
1255 3504 1478 3549 sanctus
1503 3503 1687 3549 autem
1727 3492 1821 3549 Ja-

238 3582 464 3637 nuarius
484 3595 610 3637 eum
636 3583 808 3654 magis
828 3581 1071 3639 lucratus
1089 3593 1236 3640 esset
1258 3570 1475 3641 Christo
1495 3600 1617 3641 cum
1646 3600 1820 3642 uxore

238 3672 411 3742 ipsius
438 3672 656 3727 nomine
685 3672 917 3738 Marina,
959 3681 1016 3729 et
1062 3672 1265 3729 familia
1301 3676 1598 3745 promiscui
1629 3688 1815 3741 sexus,

240 3774 469 3815 numero
516 3760 911 3831 quinquaginta
961 3762 1135 3817 tribus
1180 3772 1233 3817 et
1264 3777 1331 3818 eo
1375 3763 1627 3835 amplius,
1657 3774 1821 3835 atque

241 3850 530 3906 universos
576 3850 924 3922 baptismatis
967 3852 1113 3907 unda
1145 3864 1560 3910 consecrasset:
1596 3856 1821 3910 audiens

242 3946 348 4000 hoc
394 3943 749 4013 impiissimus
782 3942 1031 4000 Julianus
1054 3985 1070 4011 ,
1124 3944 1401 4000 iracundia
1429 3945 1638 4016 plenus,
1688 3963 1818 4002 san-

243 4042 391 4090 ctum
412 4033 727 4091 Ianuarium
750 4038 1128 4107 presbyterum
1174 4038 1571 4108 proscriptione
1598 4040 1824 4095 damna-

242 4126 343 4192 vit,
371 4134 617 4182 sanctum
659 4142 788 4183 vero
836 4128 1169 4185 Gordianum
1221 4129 1276 4183 in
1321 4132 1565 4185 custodia
1609 4131 1823 4200 publica

244 4218 451 4288 posuit,
477 4226 641 4288 atque
666 4219 879 4274 cuidam
904 4217 1283 4275 Clementiano
1300 4260 1315 4285 ,
1366 4235 1527 4290 quem
1556 4222 1822 4276 vicarium

244 4308 363 4377 ejus
386 4309 508 4365 loco
534 4311 906 4379 deputaverat,
932 4312 1238 4377 commisit;
1273 4326 1435 4381 porro
1461 4327 1687 4367 uxorem
1709 4311 1827 4380 ejus

245 4398 513 4455 Marinam
560 4401 628 4455 ad
674 4400 859 4471 Aquas
908 4401 1118 4456 Salvias
1150 4402 1202 4454 in
1233 4402 1457 4457 servitio
1496 4405 1825 4459 rusticorum

246 4491 479 4559 opprimi
523 4490 673 4547 fecit.
736 4493 872 4547 Cum
918 4502 1097 4547 autem
1147 4492 1375 4547 vidisset
1418 4492 1827 4550 Clementianus

1990 3293 2123 3348 Item
2150 3295 2237 3349 via
2266 3296 2507 3361 Aurelia,
2550 3283 2806 3354 milliario
2842 3300 3099 3364 secundo,
3139 3298 3311 3355 Sancti
3354 3298 3498 3353 Pan-

1921 3386 2079 3440 cratii
2106 3388 2380 3458 martyris.
2407 3389 2508 3456 Qui
2536 3405 2660 3444 cum
2687 3399 2827 3446 esset
2874 3392 3520 3461 annorumquatuorde-‘

1920 3477 2049 3542 cim,
2079 3477 2180 3532 sub
2222 3478 2560 3534 Diocletiano
2608 3482 2928 3553 martyrium
2975 3483 3171 3551 capitis
3203 3484 3497 3538 detrunca-

1921 3567 2067 3623 tione
2090 3569 2398 3639 complevit.
2418 3570 2584 3642 Cujus
2613 3574 2967 3629 reverendum
2991 3589 3205 3644 corpus,
3236 3573 3498 3631 Octavilla

1922 3658 2287 3716 illustrissima
2333 3661 2532 3717 femina
2565 3664 2776 3720 occulte
2805 3673 2968 3721 noctu
2993 3666 3263 3721 sublatum
3286 3681 3501 3721 aroma-

1924 3752 2067 3806 tibus
2104 3753 2383 3807 conditum
2416 3754 2682 3823 sepelivit.

1992 3842 2193 3897 Eodem
2219 3844 2325 3909 die,
2357 3844 2501 3899 beati
2547 3846 2807 3918 Dionysii,
2859 3851 3037 3919 patrui
3063 3850 3304 3920 ejusdem
3326 3848 3502 3902 sancti

1923 3930 2215 3987 Pancratii.
2244 3932 2408 4001 Cujus
2428 3936 2606 3991 studio
2651 3937 2793 3992 idem
2823 3937 3143 3993 Pancratius
3168 3939 3501 4009 baptizatus,

1924 4033 1979 4077 et
2001 4022 2054 4076 in
2085 4022 2279 4079 timore
2304 4024 2400 4080 Dei
2426 4025 2766 4083 confortatus
2788 4029 2855 4083 ad
2881 4032 3204 4101 martyrium
3234 4030 3505 4084 animatus

1925 4122 2027 4169 est.
2075 4112 2196 4184 Ipse
2242 4129 2370 4171 vero
2416 4131 2539 4171 cum
2584 4119 2823 4187 prtemiis
2860 4120 3170 4175 caelestibus
3225 4114 3429 4174 charos
3451 4132 3506 4173 et

1926 4205 2037 4261 Deo
2076 4204 2292 4276 dignus,
2332 4206 2475 4262 diem
2512 4207 2674 4277 hujus
2706 4208 2828 4263 vitae
2856 4209 3103 4264 ultimum
3141 4210 3196 4264 in
3221 4223 3354 4279 pace
3376 4225 3506 4264 con-

1927 4298 2110 4352 clusit.

1998 4390 2132 4444 ltem
2157 4392 2339 4461 passio
2358 4391 2740 4447 sacratissima:
2763 4391 2987 4463 virginis
3016 4391 3283 4459 Sotheris,
3306 4405 3506 4459 genere

1933 4480 2151 4545 nobilis,
2185 4481 2284 4534 sub
2312 4480 2648 4535 Diocletiano
2680 4478 2943 4549 Augusto.

247 4558 376 4651 quia
424 4591 672 4637 sanctum
715 4582 1048 4639 Gordianum
1098 4582 1243 4637 nullo
1285 4583 1445 4637 modo
1471 4598 1501 4638 a
1535 4593 1679 4639 statu
1707 4586 1818 4640 fidei

1999 4569 2133 4623 Item
2178 4572 2359 4640 passio
2381 4580 2691 4626 sanctorum
2719 4572 2963 4638 Joannis,
3002 4572 3250 4640 Achillis,
3281 4574 3506 4647 Moysei,

249 4688 362 4728 suae
383 4681 567 4743 posset
612 4684 860 4729 avertere
887 4713 903 4740 ,
940 4674 1104 4745 jussit
1146 4688 1270 4728 eum
1303 4676 1482 4745 primo
1531 4675 1829 4745 plumbatis

249 4764 406 4829 caedi,
435 4764 559 4818 dein
586 4765 764 4833 capite
793 4764 1054 4830 truncari,
1088 4772 1142 4820 et
1169 4779 1367 4834 corpus
1395 4767 1513 4834 ejus
1541 4776 1666 4820 ante
1692 4775 1829 4823 tem-

248 4854 399 4925 plum
431 4854 693 4925 Apollinis
736 4854 994 4910 intellude
1039 4853 1124 4926 [f.
1149 4853 1384 4926 palude]
1415 4855 1633 4925 jactari.
1675 4854 1831 4922 Quod

248 4959 376 5000 eum
418 4944 622 4999 factum
668 4944 964 5000 Christiani
1011 4942 1424 5013 comperissent,
1465 4956 1664 5012 corpus
1710 4941 1829 5011 ejus

248 5042 518 5090 nocturno
565 5033 783 5089 silentio
827 5034 1140 5104 rapientes,
1186 5032 1442 5087 milliario
1483 5031 1604 5102 plus
1647 5032 1830 5088 minus

249 5138 362 5179 uno
389 5124 459 5179 ab
488 5123 622 5179 urbe
648 5124 820 5180 Roma
851 5132 1150 5194 posuerunt
1178 5123 1232 5179 in
1266 5133 1457 5196 crypta
1484 5124 1537 5179 in
1568 5132 1831 5181 cremete-

249 5216 337 5274 rio
387 5215 724 5282 Praetextati,
750 5216 840 5272 ubi
865 5215 980 5285 jam
1025 5215 1235 5286 pridem
1275 5232 1474 5287 corpus
1508 5216 1655 5274 beati
1686 5230 1832 5271 mar-

249 5310 391 5384 tyris
406 5310 688 5381 Epimachi
716 5309 985 5382 sepultum
1012 5309 1212 5366 fuerat.
1254 5309 1425 5377 Quem
1454 5309 1637 5366 ferunt
1664 5325 1833 5365 unum

251 5402 323 5460 de
343 5404 684 5476 septuaginta
713 5401 989 5474 discipulis
1013 5402 1222 5459 Domini
1250 5401 1379 5458 Jesu
1402 5403 1606 5459 Christi
1642 5402 1830 5460 fuisse.

324 5494 369 5551 γ
394 5492 473 5549 in.
505 5494 654 5550 Mm.
680 5524 750 5536 ——
775 5494 964 5550 Passio
1011 5494 1184 5549 sancti
1212 5493 1401 5551 Evellii
1422 5495 1699 5566 martyris.
1729 5494 1833 5562 Qui

253 5592 418 5641 antea
445 5584 791 5642 consiliarius
813 5584 1046 5642 Neronis
1086 5585 1431 5656 imperatoris
1468 5585 1601 5651 fuit;
1632 5586 1728 5641 sed
1754 5585 1836 5640 vi-

254 5674 391 5753 dens
410 5678 775 5734 constantiam
808 5676 1255 5735 Christianorum
1274 5677 1549 5749 quomodo
1576 5678 1835 5749 martyri-

256 5765 537 5841 Ia'rentur,
556 5775 613 5824 et
633 5768 902 5841 pracipue
922 5767 1239 5841 patientiam
1268 5767 1444 5825 sancti
1472 5766 1747 5842 Torpetis,
1777 5777 1833 5826 et

1931 4657 2241 4728 Aphroditi,
2276 4676 2397 4716 cum
2421 4661 2541 4717 aliis
2586 4677 2813 4717 numero
2844 4663 3154 4735 quingentis
3176 4676 3433 4734 quatuor.

2000 4754 2152 4824 Apud
2174 4756 2431 4827 Cyprum,
2457 4756 2514 4812 S.
2545 4756 2724 4813 Patris
2754 4757 2925 4812 nostri
2961 4758 3247 4830 Epiphanii
3270 4759 3508 4831 episcopi

1934 4845 2245 4903 Salaminte.

2002 4938 2069 4993 lll
2099 4940 2174 4995 lo.
2203 4939 2353 4994 Man.
2407 4970 2479 4981 ——
2505 4938 2774 4997 Nativitas
2824 4940 2883 4997 S.
2917 4942 3101 4998 Mariae
3121 4943 3189 4998 ad
3218 4941 3505 5013 Martyres.

1932 5031 2097 5102 Cujus
2124 5033 2441 5089 festivitatis
2466 5035 2569 5090 ista
2596 5044 2681 5091 est
2726 5037 2887 5091 ratio.
2923 5036 3036 5092 Sub
3064 5036 3243 5091 Phoca
3269 5035 3505 5104 impera-

1934 5129 2071 5188 tore,
2108 5120 2298 5177 beatus
2329 5122 2632 5178 Boneﬁcius
2677 5121 3030 5196 [Bonifacius]
3078 5138 3215 5193 papa
3246 5123 3299 5177 in
3340 5122 3509 5177 veteri

1931 5213 2060 5269 fano
2088 5215 2232 5284 quod
2285 5214 2562 5271 Pantheon
2598 5216 2912 5277 vocabatur,
2940 5214 3134 5268 ablatis
3189 5212 3511 5267 idololatria:

1932 5306 2201 5372 sordibus,
2225 5306 2513 5362 ecclesiam
2559 5307 2731 5362 beatae
2763 5304 2943 5358 Maria:
2966 5318 3182 5373 semper
3206 5300 3427 5372 virginis
3456 5308 3517 5355 et»

1934 5397 2178 5453 omnium
2200 5397 2501 5469 Martyrum
2530 5396 2824 5451 dedicavit.

2001 5488 2167 5560 Cujus
2210 5487 2564 5544 dedicationis
2610 5484 2976 5541 sacratissima
3028 5482 3147 5540 dies
3180 5481 3525 5538 tertiofldus-

1931 5578 2056 5635 Maii
2098 5580 2282 5637 Romae
2328 5579 2523 5649 agitur.
2563 5575 2850 5633 Festivitas
2895 5585 3077 5631 autem
3102 5572 3523 5633 omnium,San-‘

1931 5680 2142 5727 ctorum
2180 5670 2439 5726 Kalendis
2468 5669 2791 5728 Novembris
2829 5679 2942 5728 toto
2964 5669 3101 5727 orbe
3130 5676 3401 5725 terrarum
3429 5676 3514 5719 re-

1932 5765 2278 5839 ligiosissime
2315 5763 2642 5830 celebratur.
2719 5794 2731 5799 »ν
3050 5810 3053 5817 ,
3200 5804 3201 5807 η
3319 5780 3323 5801 ;
3510 5770 3513 5771 ν
