3956 5516
525 286 665 344 1083

1389 279 1447 334 Β.
1491 276 1794 335 ΝΟΤΚΕΗΙ
1835 269 2129 328 BALBULI
2170 269 2228 324 S.
2263 267 2464 324 GALLI
2508 268 2810 326 MONAClll

3655 260 3791 316 103‘

597 396 804 453 Eodem
850 392 960 460 die,
989 391 1050 448 S.
1073 390 1309 448 Servatii
1341 391 1596 446 Ecclesiae
1626 387 1958 458 Tuugrensis
1994 385 2106 454 epi-
2134 391 2181 447 Α
2211 381 2278 436 ad
2316 382 2592 439 civitatem
2641 385 2954 439 Accitanam
2988 383 3278 448 venissent,
3304 393 3360 438 et
3401 391 3628 454 propter
3651 380 3794 433 labo-

528 489 696 558 scopi.
714 487 814 554 Qui
845 494 1086 558 tempore
1107 498 1217 554 quo
1236 483 1411 538 Hunni
1434 480 1780 536 Germaniam
1804 478 2107 544 vastabant,

529 593 597 636 ne
629 577 868 636 civitatis
917 585 1082 647 atque
1136 575 1400 631 Ecclesize'
1430 588 1542 629 suae
1565 573 1776 628 videret
1813 571 2107 634 excidium,

531 671 712 727 divina
761 669 1094 725 rcvelatione
1148 665 1529 729 commonitus,
1561 664 1776 720 transiit
1825 665 1891 718 ad
1931 663 2108 718 vicum

530 761 961 832 Trajectensium
991 799 1007 825 ,
1059 759 1240 828 ibique
1288 755 1573 812 defunctus
1623 766 1784 828 atque
1833 757 1886 810 in
1935 756 2112 811 medio

532 851 733 922 publici
769 851 984 920 aggeris
1013 859 1096 904 est
1149 848 1411 918 sepultus.
1439 847 1520 904 Ob
1546 848 1699 917 cujus
1731 848 1982 902 meritum
2010 846 2109 900 bo-

531 941 775 996 miuibus
818 940 1298 996 demonstrandum
1335 953 1459 993 cum
1500 947 1738 1006 tempore
1777 937 1970 992 hiemis
1997 951 2116 989 om-

529 1032 620 1086 nia
672 1031 764 1085 nix
805 1030 859 1086 in
907 1031 1136 1086 circuitu
1191 1028 1443 1097 repleret,
1498 1007 2112 1097 nunquamsepulcrum

531 1117 649 1185 ejus
679 1120 913 1188 operuit,
943 1119 1115 1174 donec
1139 1118 1404 1173 industria
1438 1118 1660 1182 civium,
1694 1117 1927 1173 instante
1950 1114 2112 1168 etiam

529 1222 852 1265 successore
897 1209 1067 1280 ipsius
1094 1207 1353 1274 Munolfo,
1377 1207 1602 1262 basilica
1625 1222 1789 1277 super
1821 1205 1970 1261 illum
1993 1203 2118 1260 aedi-

533 1298 695 1356 ﬁcata
723 1311 827 1356 est.

604 1393 984 1449 Antissiodoro
1013 1390 1282 1459 depositio
1335 1389 1392 1444 S.
1419 1387 1746 1444 Marcelliani
1779 1389 2042 1460 episc0pi.

604 1485 664 1541 ln
695 1486 1055 1552 Alexandria,
1085 1484 1417 1555 Aphrodisii,
1448 1484 1698 1554 Agrippae
1742 1491 1798 1540 et
1826 1473 2116 1537 multorum

535 1575 859 1648 Martyrum.

608 1666 666 1721 In
697 1666 959 1724 Pollentia
984 1667 1166 1740 passio
1215 1672 1533 1723 sanctorum
1581 1662 1819 1722 Victoris
1844 1672 1897 1720 et
1925 1663 2114 1720 Satur-

537 1758 674 1814 nini.

616 1849 805 1904 Paton:
848 1847 923 1903 lu.
967 1849 1112 1904 Man.
1147 1878 1218 1889 —
1255 1846 1312 1901 In
1349 1846 1587 1918 Egypto
1635 1845 1900 1916 depositio
1948 1845 2120 1900 sancti

534 1939 716 1996 Patris
739 1941 907 1996 nostri
947 1939 1244 1996 Pachomii.
1269 1938 1371 2006 Qui
1400 1954 1522 1994 cum
1548 1947 1695 1994 esset
1717 1939 1874 1993 factis
1909 1946 2124 2009 aposto-

538 2027 656 2084 licae
679 2030 870 2101 gratia:
909 2030 1156 2100 insignis,
1199 2028 1561 2099 fundatorque
1599 2028 1814 2099 Egypti
1845 2027 2123 2082 emnobio-

538 2135 683 2185 rum,
709 2120 931 2190 scripsit
959 2119 1347 2175 monachorum
1382 2117 1636 2188 Regulas,
1660 2132 1795 2187 quas
1827 2117 2018 2187 angelo
2043 2116 2121 2172 di-

537 2221 721 2267 ctante
751 2211 1041 2276 didicerat,
1072 2210 1232 2266 simul
1263 2218 1317 2264 et
1341 2210 1407 2266 de
1438 2220 1680 2279 tempore
1713 2208 1975 2279 paschali.

611 2303 666 2356 ln
699 2300 857 2373 Syria
901 2301 1156 2356 nativitas
1196 2300 1254 2356 S.
1286 2300 1522 2356 Victoris
1546 2309 1602 2354 et
1634 2299 1859 2356 Coronae
1879 2299 1981 2355 sub
2021 2298 2125 2353 An-

541 2376 1138 2463 tonino'imperatore,
1189 2393 1326 2448 duce
1389 2391 1732 2447 Alexandriae
1778 2391 2121 2448 Sebastiano.

542 2489 674 2545 Erat
694 2499 873 2544 autem
907 2489 1096 2544 Victor
1127 2487 1281 2542 miles
1304 2501 1332 2540 a
1356 2485 1567 2540 Cilicia.
1627 2485 1725 2539 Cui
1774 2484 2126 2540 Sebastianus

538 2581 595 2637 in
622 2579 965 2635 confessione
996 2579 1120 2633 ﬁdei
1176 2578 1375 2647 digitos
1409 2576 1675 2647 confringi
1697 2584 1752 2631 et
1777 2576 1932 2632 evelli
1961 2576 2127 2647 jussit

542 2687 570 2724 a
599 2679 747 2736 cute,
800 2670 996 2726 deinde
1041 2667 1190 2724 illum
1230 2669 1282 2722 in
1327 2667 1603 2724 caminum
1649 2667 1788 2737 ignis
1843 2666 2006 2732 mitti,
2035 2666 2125 2721 ubi

540 2761 719 2817 triduo
758 2776 1083 2832 permanens
1125 2776 1233 2816 non
1273 2768 1359 2816 est
1407 2760 1584 2815 laesus.
1619 2759 1823 2814 Deinde
1858 2773 2125 2813 venenum

538 2855 574 2909 b
600 2856 728 2909 bere
746 2853 930 2924 jussus
953 2869 1059 2909 non
1081 2863 1163 2909 est
1187 2863 1456 2916 mortuus,
1487 2851 1584 2906 sed
1612 2851 1914 2906 veneﬁcum
1945 2850 2127 2920 potius

539 2945 609 3000 ad
655 2945 812 3001 ﬁdem
845 2945 1132 3000 convertit.
1172 2944 1375 3000 Deinde
1403 2942 1615 3012 jussum
1667 2950 1752 2997 est
1777 2955 1971 2996 nervos
2005 2955 2127 2996 cor-

538 3037 689 3108 poris
715 3035 832 3104 ejus
879 3037 1016 3104 tolli,
1046 3038 1241 3092 deinde
1280 3025 1459 3093 oleum
1507 3036 1739 3092 bulliens
1771 3037 1824 3090 in
1855 3019 2126 3106 pudendis

539 3125 658 3195 ejus
687 3127 847 3182 mitti.
877 3128 1007 3184 Post
1057 3129 1174 3185 hmo
1229 3129 1510 3200 lampades
1554 3130 1806 3184 ardentes
1861 3141 2124 3198 suSpcnso

541 3218 610 3272 ad
646 3215 816 3274 latera
846 3219 1129 3289 applicari.
1184 3219 1315 3275 Post
1347 3221 1464 3276 haec
1505 3228 1716 3275 acetum
1757 3227 1809 3274 et
1834 3219 2037 3274 calcem
2061 3219 2126 3274 si-

547 3307 658 3362 mul
701 3309 938 3374 misceri,
976 3320 1030 3365 et
1067 3311 1120 3366 in
1159 3327 1221 3366 os
1258 3311 1374 3379 ejus
1418 3310 1649 3365 infundi.
1683 3309 1888 3366 Deinde
1939 3308 2126 3365 oculos

543 3400 662 3470 ejus
689 3401 828 3456 erui.
863 3401 1068 3457 Deinde
1090 3417 1186 3471 per
1222 3403 1457 3456 triduum
1492 3401 1669 3471 capite
1691 3402 1947 3455 deorsum
1968 3413 2126 3453 verso

541 3490 821 3560 suspendi.
848 3490 916 3545 Et
949 3507 1072 3546 cmn
1117 3491 1294 3545 adhuc
1345 3491 1599 3561 spiraret,
1624 3490 1878 3560 praecepit
1899 3503 2021 3543 eum
2042 3487 2128 3558 ju-

545 3582 648 3633 dex
699 3579 1005 3650 iniquitatis
1051 3581 1344 3636 excoriari.
1398 3580 1550 3634 Tunc
1595 3579 1807 3635 Corona
1836 3595 1958 3634 cum
1985 3586 2128 3633 esset

544 3683 686 3723 uxor
728 3669 917 3724 militis
955 3669 1259 3737 cujusdam,
1307 3669 1474 3739 cmpit
1516 3667 1830 3723 beatiﬁcare
1879 3677 2127 3738 sanctum

545 3758 824 3814 Victorem
853 3775 952 3830 pro
996 3755 1176 3830 gloria
1209 3759 1475 3830 martyrii,
1514 3766 1568 3812 ct
1603 3759 1728 3812 dum
1768 3758 1872 3812 hoc
1903 3756 2126 3820 faceret,

547 3847 682 3902 vidit
707 3847 843 3903 duas
890 3863 1122 3904 coronas
1149 3848 1214 3903 de
1244 3848 1383 3903 coelo
1423 3848 1622 3916 lapsas,
1657 3861 1822 3901 unam
1848 3844 2052 3901 Victori
2076 3851 2130 3897 et

549 3940 780 3994 alteram
805 3941 906 3995 sibi
940 3941 1180 3995 missam.
1213 3939 1456 4009 Cumque
1489 3941 1592 3994 hoc
1619 3938 1829 3994 cunctis
1866 3934 2131 3993 audienti-

547 4031 650 4086 bus
676 4040 1089 4102 protestaretur,
1116 4040 1262 4086 tenta
1305 4041 1385 4085 est
1417 4046 1446 4083 a
1489 4031 1645 4084 duce.
1687 4029 2019 4098 Jussumque
2047 4034 2128 4081 cst

550 4125 684 4180 duas
707 4125 930 4180 arbores
957 4123 1148 4194 palma:
1195 4124 1411 4178 curvari
1446 4121 1771 4187 adinvicem,
1805 4129 1860 4176 et
1881 4119 2132 4175 cannabi-

549 4215 667 4270 neis
703 4213 922 4270 funibus
957 4213 1109 4284 ligari
1150 4212 1417 4268 Coronam
1446 4213 1497 4266 in
1536 4220 1766 4281 utraque
1813 4208 2060 4264 manibus
2079 4218 2133 4264 et

549 4305 796 4375 pedibus,
819 4313 875 4360 et
902 4305 983 4361 sic
1021 4305 1244 4360 arbores
1271 4303 1491 4358 dimitti.
1521 4301 1675 4370 Quod
1702 4288 1827 4357 dum
1865 4299 2018 4356 ﬁeret
2053 4299 2133 4354 di-

548 4396 667 4450 visa
708 4403 790 4451 est
827 4395 1037 4451 Corona
1068 4395 1119 4448 in
1162 4394 1296 4449 duas
1343 4402 1541 4463 partes.
1577 4393 1708 4447 Erat
1746 4401 1926 4446 autem
1963 4406 2125 4446 anno-

550 4499 670 4538 rum
694 4483 950 4539 sedccim.
994 4483 1145 4538 Tunc
1175 4497 1389 4552 quoque
1434 4481 1617 4536 Victor
1640 4480 1955 4545 decollatus,
1993 4490 2047 4534 et
2075 4479 2126 4534 in

552 4575 807 4630 omnibus
826 4575 1000 4630 victor
1027 4573 1272 4639 effectus,
1302 4573 1462 4630 simul
1493 4588 1615 4629 cum
1639 4573 1848 4628 Corona
1875 4587 2127 4627 coronam

551 4667 678 4722 vita:
708 4668 965 4736 perennis
987 4677 1042 4722 et
1071 4668 1314 4738 martyrii
1355 4667 1589 4738 palmam
1609 4665 1840 4736 accepit.

623 4755 680 4810 In
717 4756 870 4823 Asia,
901 4757 1043 4812 beati
1085 4757 1384 4812 Maximini.

625 4843 933 4912 Mediolani,
960 4846 1212 4912 Victoris,
1243 4847 1492 4913 Naboris,
1519 4848 1733 4910 Felicis,
1758 4847 1988 4902 Rustici.

623 4934 757 4990 Item
789 4936 1306 5006 quadringentorum
1343 4945 1682 5005 sanctorum,
1714 4939 1806 5008 qui
1836 4953 1956 4993 cum
2015 4951 2137 4992 san-

555 5037 645 5082 cto
675 5027 932 5094 Quiriaco
957 5031 1096 5099 passi
1131 5039 1277 5084 sunt.

557 5137 562 5141 ν
624 5118 683 5174 In
709 5120 917 5187 Africa,
939 5119 1266 5178 Secuniliani
1311 5131 1367 5178 et
1394 5122 1686 5178 multorum
1709 5122 2027 5194 Martyrum.

626 5208 702 5263 lo.
729 5210 877 5266 Mm.
909 5242 979 5251 —
1012 5214 1068 5267 ln
1101 5214 1379 5284 Hispaniis
1421 5214 1677 5269 nativitas
1697 5219 1978 5268 beatorum
2002 5227 2134 5268 con-

556 5295 820 5353 fessorem
862 5301 1144 5372 Torquati,
1181 5303 1566 5374 Ctesiphontis,
1617 5303 1873 5368 Secundi,
1921 5301 2134 5357 ludela-

560 5386 618 5437 tii
678 5386 998 5463 [lndalctii],
1065 5392 1288 5457 Caecilii,
1341 5394 1617 5466 llesychii,
1675 5393 1988 5464 Euphrasii.
2033 5391 2134 5458 Qui

2216 487 2332 526 rem
2381 472 2590 528 itineris
2639 473 2909 528 modicum
2965 475 3346 544 quiescentes,
3400 488 3574 528 causa
3623 471 3794 524 victus

2203 565 2428 618 emendi
2479 565 2772 635 discipulos
2821 566 2873 620 in
2906 566 3093 622 urbem
3121 567 3417 626 misissent,
3461 579 3594 618 mox
3635 577 3795 630 paga-

2213 669 2407 708 norum
2434 654 2743 721 multitudo,
2769 655 2859 725 qui
2907 663 3034 710 tunc
3086 655 3228 710 forte
3253 655 3360 710 diis
3385 655 3504 709 suis
3529 653 3666 706 festa
3703 665 3792 706 oe-

2207 742 2504 808 .lebrarent,
2547 760 2643 800 eos
2671 762 2840 815 usque
2890 747 2958 799 ad
3011 745 3232 800 ﬂuvium
3282 755 3578 816 persecuta
3618 753 3720 797 est.
3742 741 3792 796 la

2213 849 2322 903 quo
2366 849 2500 902 pons
2554 835 2707 889 mirae
2752 836 3139 906 magnitudinis
3183 844 3242 891 et
3274 835 3561 889 ﬁrmitatis
3589 841 3792 887 exstru-

2215 933 2354 989 ctus,
2390 926 2794 980 transeuntibus
2845 927 3070 991 sanctis,
3098 927 3192 980 Dei
3223 935 3359 980 nutu
3399 941 3526 979 cum
3554 923 3700 976 omni
3724 923 3770 973 is

2216 1013 2558 1082 sequentium
2612 1013 2896 1070 multidine
2957 1015 3198 1071 funditus
3259 1016 3496 1070 corruit.
3539 1012 3622 1066 Ad
3665 1010 3793 1078 quod

2215 1102 2533 1156 miraculum
2565 1104 2746 1159 caueri
2776 1105 2972 1169 territi,
2999 1106 3048 1160 ei
3082 1104 3367 1173 cujusdam
3405 1119 3626 1174 magna:
3650 1117 3792 1156 sena-

2217 1192 2370 1246 tricis
2396 1191 2662 1262 Lupariae,
2692 1209 2811 1262 qua:
2837 1195 3097 1252 divinitus
3133 1196 3557 1266 inspirata,in
3585 1193 3797 1262 benigne

2216 1285 2539 1354 suscipiens,
2572 1288 2822 1352 credidit,
2858 1289 3160 1358 exemplum
3197 1291 3397 1352 secuti,
3428 1289 3637 1344 relictis
3659 1287 3797 1341 idolis

2218 1374 2438 1429 Christo
2473 1377 2704 1432 Domino
2733 1378 3098 1434 crediderunt.
3126 1380 3251 1434 Post
3278 1382 3400 1436 hec
3423 1395 3562 1433 vero
3589 1378 3798 1432 diversis

2218 1463 2446 1520 urbibus
2492 1466 2928 1535 evangelizantes
2955 1477 3011 1522 et
3061 1469 3383 1526 innumeras
3435 1467 3798 1522 multitudines

2221 1555 2422 1611 Christi
2445 1556 2568 1612 ﬁdei
2591 1558 2964 1629 subjugantes,
2998 1561 3307 1630 Torquatus
3334 1561 3493 1624 Acci,
3521 1559 3798 1628 Ctesiphon

2221 1643 2427 1716 Vergii,
2475 1647 2758 1703 Secundus
2795 1649 3000 1712 Abulm,
3031 1649 3326 1705 lndaletius
3363 1650 3522 1713 Urei,
3570 1648 3801 1702 Caecilius

2147 1733 2483 1796 Bll‘eliberrj
2543 1736 2788 1808 [Ilibeii],
2843 1737 3144 1808 Hesychius
3191 1740 3446 1793 Cat-ceso:
3496 1735 3803 1809 [Caertesa’],

2223 1825 2557 1894 Euphrasius
2593 1828 2854 1898 lleliturgi
2899 1828 3164 1900 [llliturgi]
3219 1830 3580 1900 quieverunt.
3629 1828 3802 1881 Exstat

2223 1935 2392 1989 usque
2423 1920 2582 1975 hodie
2628 1921 2838 1976 illustre
2878 1921 3221 1984 miraculum,
3269 1922 3338 1974 ad
3378 1919 3802 1975 commandatio-

2223 2026 2344 2065 nem
2384 2011 2639 2079 pretiosa:
2685 2012 2873 2066 mortis
2919 2027 3125 2066 eorum.
3153 2011 3289 2065 Nam
3317 2012 3522 2067 eadem
3555 2009 3804 2063 solemni-

2203 2109 2333 2156 .tatc
2364 2103 2502 2172 apud
2532 2103 2811 2173 prmfatam
2835 2103 3155 2160 Accitauam
3183 2107 3380 2160 urbem
3409 2106 3481 2158 ad
3516 2105 3804 2173 Sepulcrum

2222 2196 2395 2250 sancti
2448 2195 2708 2266 Torquati
2747 2196 2909 2252 arbor
2963 2197 3116 2252 oliva:
3149 2197 3422 2251 divinitus
3469 2195 3675 2250 ﬂorens
3705 2208 3806 2248 ma-

2225 2285 2360 2340 turis
2385 2285 2648 2342 fructihus
2671 2294 2979 2343 onustatur.

2293 2377 2447 2446 Apud
2472 2378 2702 2434 insulam
2730 2378 2924 2434 Chium
2954 2378 3216 2436 nativitas.
3233 2380 3414 2435 sancti
3459 2377 3658 2433 Isidori
3685 2392 3806 2430 mar-

2226 2470 2381 2540 tyris,
2437 2471 2489 2524 in
2515 2472 2670 2540 cujus
2695 2470 2921 2526 basilica
2955 2481 3170 2540 puteus,
3203 2473 3256 2526 in
3296 2487 3408 2542 quo
3455 2479 3517 2524 et
3536 2469 3708 2523 fertur
3741 2469 3804 2520 ia-

2219 2559 2416 2630 jectus.
2453 2560 2530 2616 De
2554 2561 2711 2632 cujus
2749 2577 2887 2631 aqua
2921 2562 3276 2633 euergumeni
3306 2570 3364 2615 et
3424 2560 3802 2620 febricitantes,

2227 2651 2311 2705 vel
2340 2651 2530 2722 reliqui
2559 2651 2757 2711 inﬁrmi
2791 2653 2987 2722 saepius
3019 2653 3210 2722 potati,
3235 2651 3556 2706 salvantur.

2299 2741 2593 2803 Lamosaco
2621 2741 2962 2815 [Lampsaci]
3018 2744 3200 2812 passio
3224 2752 3556 2798 sanctorum
3603 2742 3738 2796 Petri
3761 2747 3804 2793 et

2227 2831 2476 2898 Andrem,
2509 2833 2656 2888 Pauli
2684 2842 2739 2887 et
2764 2833 3049 2903 Dionysiis.
3078 2832 3133 2885 lu
3165 2831 3430 2886 Sardinia
3457 2830 3742 2901 Simplicii.

2272 2924 2439 2979 ,XVll
2470 2924 2602 2980 ΚΜ..
2634 2923 2755 2979 Jun.
2781 2954 2855 2966 —
2878 2917 2934 2978 lu
2969 2923 3171 2979 Isauria
3199 2924 3475 2978 nativitas
3515 2931 3804 2978 sanctorum

2228 3015 2464 3084 Aquilini
2495 3024 2550 3070 et
2574 3015 2891 3070 Victoriani.

2156 3089 2198 3151 C
2297 3073 2672 3159 λιιιίεείοάοω
2698 3105 2879 3174 passio
2908 3103 3084 3159 sancti
3127 3073 3444 3175 Peregrini,
3497 3102 3666 3174 primi
3687 3099 3806 3168 ejus-

2227 3193 2350 3248 dem
2381 3194 2530 3248 urbis
2560 3193 2819 3264 episcopi.

2301 3284 2356 3338 lu
2385 3285 2606 3340 civitate
2633 3283 2851 3347 Piceno,
2892 3282 3151 3337 Florentii
3190 3292 3248 3338 ct
3280 3283 3641 3339 Diocletiani.
3678 3282 3806 3352 Apud

2204 3375 2524 3445 .Ephesum,
2553 3374 2837 3446 Miogenis,
2868 3374 3060 3428 Gaiani
3090 3384 3147 3429 et
3171 3373 3384 3430 Jovini.

2301 3466 2358 3520 lu
2385 3465 2608 3520 civitate
2637 3465 2883 3529 Cortina,
2920 3463 3185 3518 Vincentii
3219 3474 3274 3519 et
3303 3466 3569 3519 aliorum.

2301 3556 2454 3625 Apud
2479 3554 2727 3610 Castrum
2759 3555 3126 3610 Tricassinum
3165 3557 3445 3626 depositio
3490 3554 3687 3610 Fidulii
3718 3551 3806 3625 {fi-

2231 3645 2361 3718 doli]
2389 3646 2712 3716 presbyteri.

2300 3735 2356 3789 ln
2387 3749 2525 3806 pago
2551 3733 2933 3804 Forojuliensi,
2965 3733 3088 3790 vico
3118 3735 3212 3805 qui
3251 3735 3462 3790 dicitur
3489 3735 3804 3794 Calidianos,

2213 3833 2434 3880 sanctae
2481 3823 2725 3878 Maxima:
2770 3824 3016 3895 virginis,
3049 3839 3169 3894 quae
3199 3824 3392 3880 multis
3439 3825 3593 3880 clara
3623 3825 3809 3879 Virtuti-

2231 3916 2332 3972 bus
2371 3917 2421 3970 in
2460 3929 2590 3985 pace
2624 3914 2853 3984 quievit.

2305 4007 2421 4063 XVI
2453 4007 2588 4066 ΚΑΙ..
2613 4006 2736 4068 JUN.
2764 4037 2836 4047 —
2864 4006 2920 4062 lu
2957 4007 3184 4072 Tuscia,
3213 4007 3443 4062 civitate
3474 4005 3694 4072 Pisans,
3723 4022 3805 4059 na-

2235 4102 2413 4158 tis-itas
2461 4101 2636 4169 sancti
2681 4099 2930 4171 Torpetis
2976 4101 3237 4172 martyris
3271 4102 3373 4156 sub
3419 4101 3644 4156 Nerone
3686 4102 3808 4170 prin-

2235 4197 2370 4265 cipe.
2424 4194 2526 4262 Qui
2574 4210 2801 4265 magnus
2845 4193 3064 4263 quidem
3101 4193 3254 4262 prius
3305 4193 3359 4246 in
3391 4192 3576 4248 oﬁicio
3606 4193 3809 4248 Neronis

2235 4287 2464 4341 Caesaris
2503 4283 2624 4350 fuit,
2671 4284 2765 4339 sed
2811 4298 2842 4337 a
2875 4282 3033 4338 beato
3077 4282 3356 4337 Antonino
3382 4284 3705 4354 presbytero
3732 4282 3808 4335 ba-

2234 4376 2500 4444 ptizatus,
2546 4381 2603 4428 et
2631 4373 2684 4426 in
2715 4371 2819 4427 ﬁde
2843 4369 3043 4426 Christi
3071 4371 3322 4426 eruditus
3349 4381 3455 4426 est.
3507 4372 3681 4438 Quem
3707 4385 3808 4424 can

2235 4464 2376 4528 Nero
2401 4461 2742 4535 cognovisset
2762 4475 2882 4516 esse
2903 4459 3294 4525 Christianum,
3327 4459 3555 4515 tradidit
3578 4460 3808 4527 cuiquam

2235 4559 2537 4632 propinquo
2566 4569 2664 4611 suo
2695 4553 2972 4618 Satellico,
3000 4558 3058 4605 ut
3086 4567 3210 4606 eum
3243 4550 3564 4606 sacriﬁcare
3589 4547 3808 4618 compel-

2236 4651 2394 4706 leret.
2434 4648 2541 4703 Sed
2582 4662 2706 4703 cum
2752 4644 2959 4715 Spiritu
2992 4643 3083 4698 Dei
3114 4641 3460 4698 confortatus
3497 4641 3697 4695 beatus
3724 4638 3808 4696 vir.

2235 4753 2288 4799 cl
2318 4744 2368 4798 in
2402 4743 2506 4796 ﬁde
2531 4741 2786 4795 fundatus
2813 4735 3105 4792 immobilis
3133 4743 3519 4806 permaneret,
3548 4733 3684 4788 fecit
3706 4745 3808 4786 eum

2239 4836 2525 4892 Satellicus
2561 4833 2729 4903 alapis
2756 4831 2908 4896 caedi,
2941 4839 2995 4886 et
3022 4829 3248 4898 ligatum
3271 4829 3339 4883 ad
3371 4819 3684 4883 columnam
3715 4835 3811 4877 tas-

2237 4928 2325 4983 diu
2356 4925 2671 4981 verberibus
2701 4922 2862 4986 allici,
2915 4933 3197 4990 quousque
3228 4917 3457 4989 sanguis
3483 4917 3734 4988 guttatim
3757 4913 3810 4966 de

2237 5034 2465 5090 corpore
2492 5017 2662 5088 ipsius
2686 5014 2948 5070 cﬁlueret.
2982 5011 3088 5067 Sed
3115 5012 3296 5067 subito
3326 5011 3457 5065 dum
3491 5019 3699 5076 martyr
3719 5019 3805 5058 cx-

2237 5113 2476 5174 drrcttlr,
2526 5107 2776 5166 columna
2805 5105 3007 5160 cadens
3034 5103 3308 5173 oppressit
3329 5101 3597 5172 judicem,
3623 5108 3672 5152 et
3702 5109 3805 5150 cum

2237 5217 2302 5256 eo
2333 5201 2477 5255 viros
2505 5197 2916 5269 quinquaginta.
2964 5194 3090 5249 lude
3122 5201 3307 5248 tentus
3335 5207 3367 5245 a
3399 5189 3701 5248 ministris,
3729 5199 3806 5254 pe

2237 5297 2372 5350 situs
2400 5302 2482 5348 est
2515 5293 2569 5348 in
2595 5301 2732 5347 rota.
2764 5289 2892 5344 lude
2921 5287 3048 5343 feris
3074 5287 3320 5358 objectus
3347 5302 3378 5340 a
3419 5285 3532 5339 ﬁlio
3567 5280 3805 5337 Satellici.

2233 5387 2329 5444 sed
2357 5386 2580 5441 minime
2617 5384 2774 5438 laesus
2802 5382 2870 5436 ab
2897 5381 2997 5436 eis.
3031 5377 3197 5447 Cujus
3226 5375 3597 5432 constantiam
3643 5379 3697 5425 et
3721 5368 3808 5421 τίπ-

2505 5477 2516 5488 -
2544 5478 2554 5488 -
2790 5473 3013 5498 λυκιου-
3037 5469 3292 5516 momnis.
3320 5467 3563 5516 Erclﬁns
3590 5461 3805 5516 nomilt‘
