4046 6418
255 430 397 497 1085

1303 419 1920 481 MARTYROLOGIUM.
1963 451 2032 463 -—-
2068 422 2272 478 MENS.
2312 422 2470 480 MAII.

3388 440 3518 495 1986
3557 455 3562 462 '

251 554 391 595 nore
429 547 738 594 coronazus.
769 535 874 594 Sed
902 545 956 591 et
984 536 1175 592 beatus
1203 535 1428 605 Turpes,
1472 533 1695 605 jubente
1720 530 1835 602 Syl-
1866 537 1911 592 Α
1937 531 2102 588 ﬁdem
2125 533 2325 589 Christi
2349 549 2636 603 conversa,
2668 547 2918 594 accusata
2945 549 3028 597 est
3059 557 3088 597 a
3113 524 3338 614 prwfato
3361 565 3520 620 spon-

254 632 394 695 vio,
424 630 570 696 foras
619 629 898 688 civitatem
924 628 1176 683 Pisanam
1207 629 1430 689 ductus,
1483 624 1840 681 decollatioue

253 720 576 792 martyrium
626 735 783 774 suum
831 720 1121 790 complevit
1167 720 1324 774 tertio
1384 717 1650 772 Kalendas
1691 714 1835 768 Maii.

250 811 423 880 Cujus
472 811 735 867 festivitas
777 821 832 866 et
863 823 1162 866 conventus
1211 811 1407 866 civium
1438 809 1647 863 decimo
1684 815 1838 860 sexto

243 899 528 967 Kalendas
573 899 718 956 Junii
766 899 961 968 agitur.
1003 899 1080 954 De
1128 915 1234 970 quo
1273 900 1433 955 etiam
1483 899 1654 951 fertur
1693 895 1836 965 quod

249 992 449 1062 ingens
479 993 748 1058 machina,
799 1007 960 1060 quam
1001 992 1342 1047 advetssrius
1373 990 1466 1044 Dei
1495 988 1636 1043 Nero
1662 986 1727 1040 ad
1759 987 1836 1041 si-

247 1081 616 1136 militudinem
650 1081 772 1136 θα)Ιὶ
823 1083 1240 1142 commentando
1276 1081 1588 1143 fabricavit,
1629 1079 1836 1134 meritis

245 1180 308 1226 et
336 1163 673 1227 orationibus
700 1173 816 1243 ejus
863 1173 914 1226 in
959 1172 1153 1227 flumen
1182 1174 1462 1227 Auxarum
1500 1171 1834 1242 praecipitata

238 1259 434 1329 fuerit,
462 1263 536 1317 ita
569 1272 626 1317 ut
649 1278 917 1332 nusquam
949 1263 1334 1333 comparuerit.
1361 1334 1364 1336 γ

322 1353 376 1406 In
406 1354 753 1418 Alexandria,
779 1354 1031 1408 Victoriis
1059 1365 1114 1410 et
1136 1353 1339 1409 Basilii.

320 1441 530 1508 Romae,
558 1443 698 1498 beati
725 1443 1024 1498 Parthenii.

317 1535 616 1602 Leviduno,
654 1536 890 1592 Ileraelii
920 1535 1270 1609 [Νονὶοιὶιιηί9
1298 1535 1566 1608 Ileradii],
1599 1535 1746 1592 Pauli
1775 1546 1832 1592 et

236 1625 500 1696 aliorum.
911 1647 914 1650 ‘

317 1721 446 1775 Item
477 1721 741 1792 depositio
769 1721 912 1778 beati
939 1722 1006 1793 [Ῑ.
1042 1722 1340 1794 Brandani]
1372 1724 1678 1780 Praeandini
1707 1739 1831 1780 con-

237 1807 488 1867 fessoris.

1941 637 2004 677 so
2029 638 2128 679 suo
2156 624 2295 694 apud
2325 623 2627 681 Gallienum
2659 626 2982 697 Augustum,
3013 633 3155 701 quod
3180 647 3324 692 esset
3360 639 3520 697 Chri-

1939 714 2136 769 stiana.
2181 714 2282 781 Qui
2310 715 2498 770 eodem
2531 724 2772 786 tempore
2811 718 3236 780 immanissimus
3263 726 3517 788 Ecclesiae

1939 817 2269 878 perseeutor,
2320 809 2558 864 decrevit
2588 817 2645 864 ut
2675 821 2766 866 aut
2796 828 3051 882 sponsum
3079 815 3277 873 Basilla
3306 805 3518 894 repete-

1939 907 2053 964 ret,
2101 910 2192 954 aut
2223 900 2398 969 gladio
2426 902 2687 958 interiret.
2723 905 2851 970 Qum
2879 919 3146 965 conventa
3183 927 3349 983 super
3374 915 3514 984 hoc;

1937 991 2211 1060 respondit
2242 1007 2300 1046 se
2339 992 2534 1063 [legem
2571 1007 2752 1065 regum
2784 997 2982 1053 habere
3009 1014 3265 1069 sponsum
3289 1044 3303 1067 ,
3352 1002 3514 1061 Chri-

1935 1090 2078 1136 stum
2105 1083 2354 1137 videlicet
2381 1085 2495 1139 veri
2527 1086 2620 1139 Dei
2647 1085 2862 1141 Filium.
2887 1087 2953 1143 Et
2977 1104 3099 1144 cunt
3130 1092 3244 1148 haec
3265 1093 3512 1165 dixisset,

1935 1171 2112 1242 gladio
2143 1174 2576 1228 transverberata
2593 1183 2706 1230 est.

2004 1263 2060 1318 In
2089 1263 2263 1319 Gallia
2306 1265 2524 1320 civitate
2554 1265 2824 1322 Nemauso
2851 1271 3033 1339 passio
3075 1273 3249 1328 sancti
3289 1274 3514 1334 Baldelii

1934 1355 2246 1430 [Baudelii].
2280 1356 2379 1424 Qui
2414 1374 2444 1413 a
2476 1361 2706 1429 paganis
2732 1355 2960 1418 deorum
2991 1377 3213 1420 suorum
3245 1369 3515 1426 sacriﬁcia

1933 1449 2332 1505 celebrantibus
2357 1451 2803 1519 comprehensus,
2840 1469 2962 1508 cum
2993 1456 3300 1512 sacriﬁcare
3325 1459 3513 1525 nollet,

1929 1538 2027 1593 sed
2068 1538 2122 1590 in
2155 1537 2258 1592 ﬁde
2285 1537 2492 1592 Christi
2540 1540 2834 1598 immobilis
2883 1541 3026 1597 inter
3066 1546 3290 1600 verbera
3319 1555 3374 1602 et
3407 1548 3519 1603 tor;

1930 1636 2111 1682 menta
2153 1627 2493 1696 persisteret,
2537 1631 2781 1700 martyrii
2810 1631 3042 1700 palmam
3074 1635 3310 1704 pretiosa
3340 1648 3517 1694 morte

1930 1717 2189 1787 percepit,
2220 1724 2275 1771 et
2298 1717 2648 1773 creberrimis
2677 1720 2848 1790 signis
2878 1721 3059 1777 clarus
3082 1721 3300 1777 effulsit.
3503 1735 3505 1738 ‘

2003 1809 2259 1880 Biturigis
2290 1810 2556 1882 depositio
2588 1811 2934 1881 Austregisili
2961 1815 3198 1891 episcopi
3226 1824 3279 1870 et
3303 1831 3517 1872 comes-

316 1899 407 1969 XV
436 1899 573 1956 ΚΑΙ..
601 1898 722 1957 Jun.
748 1932 818 1942 -—
841 1901 896 1956 In
927 1903 1279 1969 Alexandria,
1323 1902 1658 1970 Potamonis,
1687 1902 1830 1960 Hor-
1859 1888 1903 1949 Β
1932 1898 2092 1954 soris.

243 1992 369 2046 tasii
401 2002 455 2046 et
489 1993 802 2061 Serapionis
832 1995 1296 2065 presbyterorum.
1483 2056 1486 2059 _

313 2081 446 2136 Item
473 2081 526 2135 in
550 2081 803 2152 Aigypto,
830 2083 1070 2140 Dioscori
1097 2084 1336 2149 lectoris,
1366 2085 1419 2140 in
1442 2099 1601 2154 quem
1626 2100 1827 2156 praeses

237 2173 411 2230 multi
462 2184 518 2228 et
567 2176 714 2229 varia
766 2184 1035 2240 tormenta
1079 2178 1361 2243 exercuit,
1409 2178 1484 2232 ita
1531 2187 1589 2232 ut
1621 2195 1827 2249 ungues

237 2262 358 2332 ejus
384 2262 663 2332 effoderet,
691 2274 748 2319 et
773 2253 1117 2334 lampadibus
1159 2269 1277 2338 ejus
1322 2268 1487 2323 latera
1526 2268 1826 2324 inflamma-

235 2367 342 2412 ret.
375 2355 480 2411 Sed
508 2357 744 2412 cmlestis
791 2358 1011 2412 luminis
1057 2357 1264 2429 fulgore
1316 2361 1488 2415 territi
1513 2361 1827 2418 ceciderunt

237 2445 497 2500 ministri.
569 2445 872 2502 Novissime
934 2448 1152 2526 laminis
1199 2450 1515 2508 ardentibus
1564 2453 1823 2517 adustus,

169 2548 174 2550 ·
235 2537 557 2607 martyrium
580 2538 992 2592 consummavit.
1011 2538 1472 2610 Constantinopoli
1495 2539 1750 2612 Hesychii
1771 2552 1826 2598 et

236 2624 542 2698 Eustachii.

308 2718 422 2774 XIV
446 2719 582 2774 ΚΑι..
608 2719 730 2775 Jun.
756 2749 827 2760 --
854 2721 1037 2776 Roma:
1083 2722 1340 2780 nativitas
1378 2731 1581 2777 sanctae
1611 2722 1822 2780 Pudens

233 2808 395 2863 tianae
426 2809 681 2880 virginis,
729 2825 849 2879 qua:
897 2811 1244 2867 illustrissimi
1277 2813 1492 2884 generis
1530 2811 1819 2881 Pudentis,

232 2897 483 2967 discipuli
508 2899 682 2963 sancti
712 2899 864 2954 Pauli
896 2902 1143 2970 apostoli,
1178 2903 1285 2958 ﬁlia
1313 2902 1432 2957 fuit.
1458 2902 1622 2972 Cujus
1651 2913 1823 2962 mater

233 2985 530 3057 Sabinella,
568 3007 724 3046 soror
747 2991 1026 3048 Praxedis.
1076 2993 1221 3060 Quas
1249 2995 1527 3066 piissinius
1555 3009 1709 3066 pater
1730 3012 1821 3050 ea-

231 3095 354 3135 rum
410 3080 625 3137 Pudens
669 3081 723 3136 in
783 3083 930 3138 omni
981 3085 1239 3156 religione
1299 3085 1500 3151 Christi
1552 3088 1815 3157 erudivit,

232 3167 557 3243 Christoque
593 3173 826 3245 virgines
874 3175 1112 3246 reliquit.
1161 3176 1290 3244 Quae
1326 3186 1448 3247 post
1475 3179 1681 3232 obitum
1714 3193 1817 3247 pa-

233 3263 334 3318 tris
376 3263 451 3318 ita
480 3264 534 3320 in
564 3266 710 3319 omni
759 3266 1151 3326 exercitatione
1176 3268 1394 3338 pietatis
1421 3278 1782 3326 excreveruut
1801 3310 1816 3336 ,

229 3358 297 3412 ut
337 3354 422 3410 die
448 3364 716 3426 noctuque
759 3355 1100 3413 incessanter
1145 3359 1360 3430 hymnis
1387 3368 1442 3414 et
1479 3361 1818 3417 orationibus

231 3459 356 3500 cum
387 3445 589 3500 familia
619 3462 716 3501 Sua
744 3446 974 3502 Domino
1023 3450 1372 3506 inservirent.
1425 3451 1596 3518 Quam
1651 3461 1818 3508 totam

227 3533 580 3610 beatissimus
607 3535 736 3590 Pius
764 3537 913 3592 urbis
945 3537 1128 3594 [tenue
1162 3541 1448 3610 episcopus
1473 3542 1817 3612 baptismatis

229 3625 375 3680 unda
403 3637 805 3694 consecratam,
853 3630 1168 3686 chrismatis
1223 3633 1477 3688 unctione
1527 3643 1583 3689 et
1642 3636 1818 3706 quotig

231 3715 390 3770 diana
413 3717 787 3773 exhortatione
819 3720 1180 3776 conﬁrmavit.
1223 3722 1404 3778 Beata:
1431 3739 1559 3779 vero
1583 3725 1815 3796 virgines

229 3806 432 3861 Christi
460 3815 580 3876 post
610 3809 920 3865 innumeros
951 3811 1151 3867 Christi
1180 3828 1378 3882 agones
1397 3855 1412 3880 ,
1445 3824 1500 3869 et
1527 3816 1816 3874 multorum

230 3909 529 3969 mattyrtnn
578 3900 960 3956 venerabiliter
1005 3903 1278 3958 exhibitas
1322 3904 1651 3974 sepulturas,
1695 3914 1816 3978 post

228 4001 416 4041 omnes
436 3986 716 4044 facultates
741 4006 868 4046 suas
897 3993 948 4047 in
988 3993 1288 4049 visceribus
1316 4009 1612 4066 pauperum
1645 3997 1816 4052 inclu-

229 4098 352 4151 sas,
390 4084 716 4155 Christoque
748 4087 982 4144 ﬁdeliter
1017 4090 1458 4160 commendatus,
1502 4093 1720 4147 tandem
1749 4092 1816 4150 de

229 4175 392 4229 terris
425 4175 492 4230 ad
534 4177 778 4231 cmlestia
821 4192 986 4248 regna
1034 4180 1427 4251 migraverunt.
1479 4179 1814 4235 Pudentiana

227 4265 442 4335 quidem
473 4266 681 4321 decimo
709 4279 902 4337 quarto
933 4267 1201 4326 Kalendas
1227 4269 1374 4326 Junii
1417 4261 1594 4342 posita
1620 4274 1673 4327 in
1705 4289 1814 4328 ca:-

225 4357 454 4432 meterio
477 4355 751 4432 PI‘ISClIliP,
778 4358 863 4422 via
885 4357 1120 4412 Salaria.
1150 4359 1208 4413 Ρι
1224 4361 1412 4415 axedis
1438 4377 1585 4427 vero,
1608 4361 1812 4418 duode-

225 4431 367 4500 eimo
392 4444 660 4502 Kalendas
683 4431 936 4517 Augusti.
963 4445 1092 4513 Qua:
1121 4448 1188 4502 ab
1218 4447 1476 4516 apostolis
1502 4458 1812 4518 susceptum

226 4521 285 4588 in
313 4532 529 4590 Christo
557 4533 896 4614 baptismatis
939 4536 1305 4602 candidatum,
1346 4551 1514 4606 usque
1538 4537 1607 4592 ad
1648 4538 1808 4593 ﬁnem

224 4625 346 4681 vita:
375 4626 743 4682 custodierunt
773 4628 1202 4684 immaculatum.

294 4719 428 4774 Item
457 4717 640 4773 Romae
671 4719 926 4776 nativitas
954 4728 1268 4775 sanrtorum
1294 4719 1558 4776 Calocerii
1590 4729 1646 4778 et
1674 4721 1809 4776 Par-

226 4810 418 4877 thenii,
467 4811 838 4876 cunuchorum
885 4801 1071 4868 uxoris
1101 4801 1248 4868 Decii
1294 4797 1672 4883 imperatoris.
1706 4814 1806 4882 Qui

224 4923 349 4964 cum
392 4913 595 4982 essent,
643 4922 782 4961 unus
807 4907 1127 4976 prtepositus
1163 4904 1416 4970 cubiculi,
1450 4904 1586 4959 alter
1614 4906 1805 4977 primi-

222 4998 423 5063 cerius,
455 4997 700 5066 nolentes
727 4998 1035 5053 sacriﬁcare
1083 4997 1262 5064 idolis,
1313 5014 1344 5052 a
1371 4998 1534 5054 Decio
1563 5008 1690 5054 sunt
1714 5014 1804 5060 oc—,

221 5086 347 5150 cisi,
376 5095 431 5140 et
457 5103 488 5140 a
515 5085 841 5140 Christianis
865 5087 1017 5157 juxta
1051 5089 1192 5143 viam
1232 5088 1458 5159 Appiam
1487 5088 1703 5160 sepulti.

293 5177 349 5232 In
376 5177 728 5242 Alexandria,
753 5179 922 5231 sancti
954 5177 1140 5232 Irenaei
1161 5233 1163 5235 ,
1181 5179 1413 5234 diaconi.
1685 5167 1690 5170 ⁷

291 5270 346 5338 In
375 5267 584 5334 Africa,
620 5277 928 5324 sanctorum
960 5269 1165 5336 Quinti,
1198 5270 1466 5338 Primulii,
1499 5269 1720 5328 Salustii
1754 5279 1808 5327 et

223 5336 512 5415 multorum
549 5370 872 5438 martyrum.

291 5449 404 5505 XIII
431 5451 564 5507 KAL.
594 5451 716 5508 Jun.
747 5482 820 5493 —
848 5453 1059 5516 Romae,
1110 5453 1198 5508 via
1249 5453 1493 5518 Salaria,
1546 5455 1800 5512 nativitas

222 5554 419 5598 sanctae
467 5543 681 5600 Basilla:
731 5545 959 5616 virginis
1008 5552 1063 5600 et
1097 5546 1350 5616 martyris
1401 5545 1627 5601 Christi.
1671 5547 1800 5612 Qua:

221 5647 342 5688 cum
391 5642 536 5690 esset
562 5650 628 5691 ex
662 5635 808 5706 regio
838 5650 1065 5705 genere,
1110 5643 1164 5690 et
1187 5636 1413 5692 haberet
1442 5652 1698 5706 sponsum
1732 5636 1799 5692 il-

223 5723 627 5793 lustrissimum,
652 5727 868 5783 nomine
898 5727 1232 5797 Pompeium,
1263 5721 1361 5800 per
1386 5729 1598 5784 beatam
1629 5730 1798 5800 Euge-

227 5813 366 5868 niam
399 5824 452 5870 et
481 5828 699 5874 sanctos
730 5817 821 5873 Dei
867 5817 1012 5871 viros
1058 5817 1276 5875 l’rotum
1312 5828 1366 5876 et
1393 5817 1703 5876 Jacinthum
1733 5823 1798 5879 ad

1837 4601 1886 4662 D

2004 1988 2096 2044 XII
2133 1988 2267 2044 ΚΜ..
2313 1987 2434 2044 Jun.
2463 2019 2534 2032 —-—
2560 1995 2619 2046 In
2650 1989 3010 2058 Mauritania,
3062 1993 3280 2048 civitate
3327 1994 3513 2050 Casa-

1928 2079 2117 2144 riensi,
2173 2079 2432 2135 nativitas
2463 2090 2774 2137 sanctorum
2803 2081 3111 2147 Timothei,
3144 2083 3298 2138 Pollii
3329 2095 3384 2139 et
3411 2085 3515 2139 Eu-

1930 2172 2096 2242 tyehii
2145 2172 2522 2227 diaconorum.
2573 2173 2676 2241 Qui
2717 2173 2855 2242 apud
2905 2174 3187 2243 praefatam
3237 2176 3513 2245 regionem

1926 2263 2151 2318 verbum
2183 2260 2396 2317 Domini
2427 2263 2865 2330 disseminantes,
2889 2261 3097 2332 pariter
3125 2265 3374 2318 coronari
3403 2277 3514 2318 me-

1925 2363 2175 2408 ιὐοτιιηι.

1998 2444 2155 2515 Apud
2183 2445 2488 2501 Caesaream
2518 2443 2896 2516 Cappadociaa,
2942 2453 3252 2501 sanctorum
3280 2445 3512 2520 Polyeu-

1923 2537 2019 2601 cti,
2051 2536 2296 2602 Victorii,
2328 2537 2542 2591 Donati.

1993 2627 2050 2681 In
2085 2626 2386 2692 Britannia,
2417 2627 2686 2682 Timothei
2719 2627 2955 2683 diaconi.

1991 2716 2354 2772 Antissiodori
2402 2717 2672 2787 depositio
2717 2719 2862 2773 beati
2896 2715 3045 2772 Vatis
3094 2716 3433 2788 presbyteri,
3476 2730 3509 2770 a

1922 2824 2028 2881 quo
2051 2818 2324 2865 nostrates
2362 2810 2574 2865 aestimo
2603 2823 2801 2864 nomen
2831 2807 3075 2864 Valentis
3105 2817 3401 2862 mutuatos.

1990 2900 2063 2954 XI
2089 2900 2224 2954 KAL.
2251 2898 2371 2955 Jux.
2402 2929 2474 2940 --
2501 2900 2682 2956 Roma)
2720 2901 2972 2955 nativitas
3005 2909 3317 2954 sanctorum
3365 2898 3513 2954 Fau-

1919 2993 2070 3058 stini,
2105 2991 2399 3057 Timothei,
2433 2990 2660 3047 Venusti
2691 3007 2813 3048 cum
2849 2992 3011 3047 sociis
3037 3006 3248 3046 eorum.

1989 3085 2046 3140 In
2078 3085 2324 3152 Corsica,
2347 3093 2550 3140 sancta:
2572 3083 2747 3151 Julize,
2775 3100 2894 3156 quae
2922 3083 3100 3140 crucis
3129 3081 3393 3154 supplicio
3416 3097 3508 3139 co—

1920 3185 2112 3232 rouata
2141 3183 2243 3231 est.

1991 3269 2050 3324 In
2079 3267 2261 3324 Africa
2287 3265 2433 3323 Casti
2466 3275 2519 3322 et
2545 3265 2775 3334 ίΕηιίιὶἰ,
2813 3266 2904 3338 qui
2948 3283 3048 3340 per
3076 3268 3256 3339 ignem
3298 3267 3508 3337 passio-

1921 3361 2010 3416 nis
2043 3359 2366 3432 martyrium
2396 3368 2930 3415 consummaverunt.
2962 3359 3162 3415 Scribit
3190 3360 3382 3414 beatus
3403 3358 3506 3430 Cy-

1919 3455 2140 3526 prianus
2168 3452 2221 3507 in
2252 3451 2391 3506 libro
2415 3451 2479 3505 de
2508 3450 2716 3520 Lapsis.
3161 3463 3163 3467 ‘
3407 3465 3420 3474 '

1988 3544 2046 3598 In
2077 3543 2294 3613 civitate
2319 3541 2782 3598 Antissiodorensi
2827 3540 3095 3613 depositio
3123 3541 3298 3598 beata:
3335 3538 3497 3597 lIele-

1919 3648 2003 3689 na:
2029 3631 2270 3702 virginis.

1987 3722 2036 3778 Χ
2064 3722 2197 3778 ΚΑι.
2227 3721 2346 3779 Jun.
2377 3753 2449 3765 —
2472 3723 2626 3793 Apud
2657 3723 2930 3794 Lingones
2977 3723 3162 3793 passio
3194 3722 3369 3778 sancti
3400 3721 3504 3777 De-

1917 3814 2099 3868 siderii
2129 3813 2390 3884 episcopi.
2437 3812 2538 3880 Qui
2581 3828 2705 3867 cum
2750 3813 2958 3883 plebem
2986 3828 3137 3867 suam
3165 3811 3232 3866 ab
3261 3812 3504 3867 exercitu

1914 3904 2304 3961 Wandalorum
2337 3906 2538 3961 vastari
2572 3913 2840 3970 cerneret,
2875 3906 2942 3960 ad
2971 3919 3154 3975 regem
3182 3918 3369 3958 eorum
3399 3915 3500 3974 pro

1916 4014 1978 4054 ea
2025 3998 2424 4068 supplicaturus
2468 3996 2656 4052 exivit.
2704 3997 2751 4051 A
2781 4011 2888 4067 quo
2923 3996 3107 4051 statim
3127 3994 3360 4068 jugulari
3385 3995 3506 4067 jus-

1915 4106 2028 4156 sus,
2078 4107 2176 4162 pro
2225 4090 2416 4146 ovibus
2447 4089 2549 4145 sibi
2589 4088 2817 4145 creditis
2847 4088 3120 4144 cervicem
3167 4086 3399 4143 libenter
3426 4094 3504 4142 te-

1916 4184 2105 4250 tendit,
2143 4190 2197 4238 et
2243 4197 2535 4252 percussus
2579 4181 2759 4253 gladio
2805 4180 3060 4252 migravit
3102 4179 3167 4234 ad
3198 4177 3499 4234 Christum.

1914 4271 2208 4328 Pcrcussor
2251 4287 2384 4328 vero
2411 4271 2528 4341 ejus
2562 4287 2688 4326 mox
2725 4270 2961 4326 amentia
2991 4277 3306 4336 correptus,
3358 4267 3502 4319 inte-

1916 4363 2025 4415 riit.
2076 4360 2328 4431 Sepultus
2371 4369 2456 4416 est
2489 4358 2630 4414 idem
2679 4360 2870 4413 beatus
2917 4365 3126 4426 martyr
3173 4355 3226 4409 in
3274 4354 3499 4408 basilica

1914 4455 2058 4508 intra
2089 4453 2239 4506 urbis
2272 4467 2474 4507 muros.
2509 4450 2661 4518 Quod
2691 4449 2927 4505 ﬁdelium
2962 4446 3191 4517 populus
3221 4461 3250 4500 a
3280 4445 3500 4501 Christo

1914 4545 1962 4599 ei
2013 4542 2336 4598 commissus
2381 4541 2654 4611 prtecipuo
2692 4553 2876 4594 amore
2903 4536 3104 4608 ipsius,
3153 4545 3207 4590 et.
3228 4535 3315 4605 pia
3339 4535 3499 4590 devo-

1913 4635 2055 4690 tione
2096 4633 2163 4686 ad
2216 4631 2435 4687 tutelam
2483 4631 2682 4687 civium
2739 4629 2855 4684 ﬁeri
2901 4627 3244 4698 procuravit,
3309 4633 3499 4681 contra

1911 4727 2199 4798 pessimam
2229 4723 2585 4794 quorumdam
2618 4721 3064 4778 consuetudinem
3085 4761 3099 4786 ,
3146 4719 3238 4790 qui
3272 4732 3340 4774 ne
3365 4733 3496 4774 san-

1912 4817 2182 4874 ctissimos
2225 4817 2440 4885 quidem
2491 4814 2544 4869 in
2594 4814 2820 4869 urbibus
2867 4811 3123 4867 tumulari
3174 4810 3496 4876 voluerunt,

1913 4909 2153 4963 dicentes
2199 4907 2480 4961 civitatem
2529 4903 2729 4960 civium
2758 4919 2878 4958 esse
2907 4902 3225 4967 viventium,
3273 4916 3380 4957 non
3405 4915 3498 4954 ca-

1912 4995 2170 5052 daverum
2203 4994 2601 5050 defuncmrum.
2653 4991 2804 5048 Passi
2837 5001 2962 5046 sunt
2989 5006 3112 5046 cum
3141 5004 3206 5044 eo
3233 4998 3288 5044 et
3311 4989 3500 5059 plures

1913 5087 2001 5142 alii
2029 5087 2094 5142 de
2119 5100 2346 5142 numero
2372 5085 2550 5157 gregis
2579 5084 2694 5152 sui,
2741 5093 2794 5140 et
2824 5081 2971 5154 apud
3008 5079 3254 5136 eamdem
3299 5079 3492 5135 urbem

1911 5178 2134 5235 conditi.

1982 5270 2182 5326 Eodem
2215 5268 2326 5333 die,
2353 5268 2495 5338 apud
2544 5268 2809 5324 Viennam
2852 5261 3108 5318 nativitas
3135 5259 3311 5330 sancti
3341 5259 3494 5314 Desi-

1907 5362 2043 5419 derii
2074 5359 2315 5430 ejusdem
2347 5358 2496 5415 urbis
2527 5357 2784 5430 episcopi.
2818 5355 2918 5421 Qui
2946 5367 3137 5424 passus
3151 5358 3243 5406 est
3269 5351 3490 5420 quidem

1905 5455 1959 5513 in
1989 5454 2259 5511 territorio
2287 5452 2636 5524 Lugdunensi
2683 5451 2738 5504 in
2767 5448 2891 5502 villa
2921 5437 3256 5501 Priscinlaca
3279 5484 3294 5510 ,
3327 5445 3492 5514 super

1905 5549 2124 5605 ﬂuvium
2163 5547 2485 5603 Calaronam
2513 5562 2525 5599 :
2557 5543 2715 5598 modo
2768 5550 2947 5596 autem
2995 5540 3048 5594 in
3086 5537 3377 5593 Viennensi
3402 5550 3495 5593 ec-

1904 5642 2065 5698 clesia
2106 5640 2377 5708 sepultus,
2426 5635 2725 5692 honoriﬁce
2772 5644 3038 5691 servatur.
3086 5631 3162 5686 De
3208 5643 3314 5699 quo
3360 5627 3489 5698 quia

1906 5730 2234 5788 venerabilis
2275 5727 2440 5783 Pater
2487 5728 2634 5791 Ado,
2706 5726 2946 5795 ejusdem
2999 5721 3253 5778 Ecclesiae
3298 5727 3489 5776 nostra

1909 5835 2066 5881 tetate
2097 5819 2368 5892 pointil‘ex,
2400 5827 2588 5890 utpote
2620 5821 2672 5877 in
2705 5817 2994 5889 pt-wsentia
3024 5813 3234 5886 posito,
3264 5818 3317 5868 et
3342 5811 3410 5867 ob
3437 5809 3495 5866 id
