4046 6422
598 364 625 422 Ι
636 365 739 425 087

597 572 862 643 perﬂuum
894 576 1243 646 existimavit,
1276 599 1373 639 nos
1394 585 1547 657 juxta
1576 592 1837 663 scriptum
1864 600 2007 667 quod
2032 600 2175 657 idem

600 663 930 732 apostolicus
957 667 1060 734 vir,
1112 685 1253 727 anno
1282 676 1349 729 ab
1380 676 1749 738 incarnatione
1801 663 2014 744 Domini
2045 690 2172 758 870,

591 752 890 809 indictione
921 757 1101 822 tertia,
1134 774 1231 828 per
1258 763 1432 819 virum
1460 771 1861 829 sanctissimum
1887 776 2173 836 Beroldum

588 840 957 912 presbyterum
975 846 1278 915 indigenam
1294 856 1603 912 eorumdcm
1629 859 1890 931 locorum,
1913 867 2007 923 sed
2031 885 2175 927 nunc

586 924 639 982 in
653 940 833 984 castro
845 930 1041 989 Turico
1054 935 1254 993 Christi
1270 944 1508 1001 servitiis
1523 948 1884 1019 insistentem,
1904 972 2027 1013 cum
2047 961 2172 1017 reli-

583 1018 726 1085 quiis
748 1019 913 1089 ipsius
934 1027 1108 1080 sancti
1136 1033 1392 1103 martyris
1425 1036 1687 1095 Desiderii
1708 1052 1763 1097 et
1787 1018 2015 1104 alierum
2048 1066 2172 1106 san-

580 1119 790 1165 ctorum
811 1114 1124 1185 pignoribus
1150 1131 1310 1193 atque
1329 1129 1589 1197 agonibus
1617 1172 1633 1198 ,
1669 1135 1823 1193 nobis
1844 1139 1899 1193 in
1924 1142 2172 1201 ctrnobio

582 1199 726 1256 beati
752 1201 890 1260 Galli
921 1211 1228 1269 constitutis
1262 1216 1461 1274 direxit
1489 1261 1506 1287 ,
1548 1237 1719 1293 pauca
1750 1227 1815 1282 de
1846 1244 1910 1285 eo
1932 1247 2170 1289 summa-

583 1291 680 1346 tim
712 1296 1038 1366 attingentes
1067 1341 1084 1366 ,
1113 1308 1423 1363 earumdem
1448 1291 1628 1367 rerum
1661 1316 1862 1387 ignaris
1888 1322 2163 1381 insinuare

583 1386 915 1444 curavimus.
956 1390 1123 1461 Igitur
1154 1396 1613 1460 incestuosissima
1641 1411 1825 1479 regina
1853 1411 2165 1471 Bruuicbil-

578 1473 663 1528 dis
693 1514 708 1540 ,
760 1475 1012 1546 Hispanis
1057 1487 1287 1554 superba
1332 1490 1534 1547 divitiis
1562 1532 1576 1557 ,
1626 1473 1935 1555 et'Arianis
1966 1502 2165 1560 infecta

578 1566 805 1620 venenis
831 1567 1059 1639 ideoque
1080 1578 1330 1633 omnibus
1375 1592 1629 1652 corrupta
1657 1586 1803 1642 vitiis
1828 1628 1844 1654 ,
1876 1601 2163 1663 postquam

577 1656 782 1713 electos
824 1660 1098 1729 advenas,
1148 1669 1461 1739 peregrinos
1507 1673 1724 1742 quidem
1772 1680 2001 1749 mundi,
2070 1685 2166 1740 sed

576 1748 723 1803 cives
771 1761 1082 1808 sanctorum
1129 1765 1185 1812 et
1234 1758 1563 1820 domesticos
1602 1766 1740 1833 Dei,
1771 1768 2163 1830 Columbanum

577 1837 789 1893 scilicet
826 1849 882 1895 et
940 1843 1234 1915 discipulos
1284 1851 1402 1921 ejus
1434 1893 1450 1918 ,
1499 1870 1726 1923 quorum
1768 1858 1951 1918 Gallus
1974 1873 2158 1930 noster
2194 1869 2233 1926 Β
2265 1902 2319 1948 ιο

576 1941 707 1995 pars
763 1930 1032 2001 praecipua
1092 1935 1235 2003 fuit,
1293 1939 1495 2010 ﬂagitia
1551 1959 1648 1999 sua
1682 1962 1787 2002 non
1820 1948 2094 2021 ferentes,
2126 1970 2157 2011 a

574 2016 914 2075 Francorum
966 2022 1167 2082 ﬁnibus
1221 2032 1460 2102 expulit,
1508 2043 1565 2090 et
1592 2046 1812 2096 sanctus
1850 2041 2160 2105 Desiderius

577 2108 668 2163 tali
727 2110 921 2169 solatio
974 2115 1302 2197 destitutus,
1356 2139 1461 2180 non
1483 2125 1598 2195 jam
1639 2145 1794 2187 ovem
1828 2148 2154 2207 erroneam,

574 2200 671 2254 sed
718 2202 1102 2263 iudomabilem
1153 2212 1382 2270 bestiam
1426 2208 1703 2292 cerrigere
1743 2228 2022 2297 Studeret,
2055 2232 2159 2289 hoc

573 2292 643 2346 ab
682 2308 744 2348 ea
790 2311 889 2365 pro
917 2297 1195 2359 beneficiis
1239 2310 1443 2378 recepit
1468 2321 1526 2367 ut
1565 2315 1618 2370 in
1641 2318 1890 2375 exsilium
1915 2292 2159 2382 trudere-

576 2394 688 2439 tur.
745 2386 842 2443 Ubi
902 2394 1261 2460 quadriennio
1319 2402 1550 2462 diversis
1605 2410 1822 2479 quidem
1881 2414 2158 2476 laboribus

575 2476 833 2555 fatigatus
859 2521 874 2547 ,
934 2486 1027 2539 sed
1068 2495 1245 2545 tamen
1271 2495 1443 2562 gratia
1474 2498 1568 2561 Dei
1597 2476 1725 2557 suos
1752 2504 1951 2575 ubique
1988 2511 2158 2566 comi-

573 2574 724 2624 tante
766 2570 982 2649 adjutus
1004 2584 1088 2631 est
1126 2593 1193 2634 ac
1230 2582 1525 2655 relevatus,
1569 2590 1704 2646 adeo
1745 2603 1804 2650 ut
1844 2570 1950 2653 non
1981 2600 2152 2656 solum

575 2658 693 2730 ipse
736 2668 1060 2725 necessariis
1117 2687 1226 2729 non
1273 2686 1531 2744 careret,
1596 2682 1691 2738 sed
1722 2692 1778 2739 et
1814 2690 2065 2746 omnibus
2093 2710 2153 2750 se

573 2751 768 2807 devota
839 2762 1253 2820 mansuetudine
1280 2771 1649 2837 quaerentibus
1675 2775 1913 2844 proﬁcua
1944 2780 2149 2836 submi-

569 2840 844 2899 nistraret.
898 2846 1031 2903 Nam
1082 2853 1301 2921 quidam
1356 2867 1502 2915 totus
1554 2840 1701 2931 lepra
1760 2879 2149 2937 exasperatus,

570 2942 718 2989 tactu
768 2940 942 2995 sancti
985 2942 1132 3009 viri,
1186 2946 1527 3017 inspeCtante
1564 2955 1783 3023 populo,
1832 2962 2047 3015 sanitati
2070 2970 2153 3016 est

568 3022 852 3079 restitutus
879 3064 896 3091 ,
942 3037 997 3080 et
1022 3027 1322 3087 cincindele
1351 3073 1367 3100 ,
1425 3022 1575 3105 quod,
1601 3022 1668 3093 ad
1694 3040 1928 3110 primum
1963 3044 2152 3100 insulas

568 3111 637 3164 ad
669 3125 833 3180 quam
855 3115 1048 3171 exsilio
1078 3117 1395 3190 deportatus
1420 3122 1600 3181 fuerat
1630 3169 1644 3194 ,
1670 3129 1975 3202 ingressum
1997 3176 2011 3202 ,
2036 3136 2149 3207 ipse

1510 380 1572 439 Β.
1614 380 1917 446 NOTKERI
1954 389 2249 453 BALBULI
2290 400 2346 458 S.
2376 403 2579 466 GALLI
2610 412 2922 497 MONACHI

591 484 712 539 suis
739 499 792 537 tn
818 484 1029 541 cunctis
1054 488 1361 561 notissimo,
1398 494 1600 568 aliquid
1627 504 1857 571 speciale
1882 506 2062 566 dicere
2088 526 2179 566 su-
2206 516 2253 571 A
2284 514 2345 571 Vi

2278 609 2465 666 urbem
2513 616 2568 672 in
2632 622 2861 705 ecclesia
2916 609 3355 696 beatissimorum
3407 609 3570 704 Petri.
3603 662 3664 708 et
3706 655 3863 714 Pauli

2274 706 2641 773 ³Ροδιοιοιηιιῐι
2697 716 2840 773 inter
2878 730 3257 787 antecessores
3299 749 3428 794 suos
3479 755 3751 817 martyres
3808 763 3866 808 ει

2277 795 2573 817 “es.--”
2671 813 2682 817 _
2760 807 2790 817 ,.
2878 809 2932 817 __
3048 814 3087 817 _

2274 795 2611 856 confessores
2669 807 2828 863 tertio
2875 809 3000 868 Idus
3047 814 3330 878 Februarii
3372 795 3666 899 sepultus-1
3716 795 3862 909 quo:

2274 884 2402 909 ηπ,
2590 892 2624 909 .,
2736 904 2747 909 -
2854 901 2866 909 .
2989 904 3021 909 --

2274 884 2405 942 tidie
2464 891 2636 962 signis
2699 904 2754 953 et
2815 901 3108 964 virtutibus
3170 884 3447 973 mirabilis
3501 884 3754 993 apparet“I
3808 942 3865 987 et

2271 994 2449 1037 νιγυε.

2342 1071 2545 1183 Eodem
2580 1080 2705 1183 .die',
2764 1085 2817 1139 in
2866 1086 3161 1162 Hispaniis,
3222 1096 3419 1170 Epictii
3473 1104 3763 1183 [Epitacii]
3807 1122 3863 1167 et

2271 1166 2441 1219 sancti
2468 1167 2652 1227 Basilii
2677 1172 2939 1251 [Basileij.

2340 1254 2397 1310 In
2436 1256 2643 1341 Africa,
2699 1265 2884 1334 Quinti
2923 1280 2980 1327 et
3024 1272 3175 1331 Lucii
3227 1288 3391 1351 atque
3436 1288 3669 1345 aliorum
3718 1294 3860 1348 mul-

2273 1355 2472 1404 torum.

2337 1439 2408 1493 IX
2442 1442 2574 1499 ΚΑΙ..
2607 1445 2729 1505 Jun.
2760 1480 2833 1492 --
2861 1452 3125 1514 Nativitas
3150 1466 3323 1517 sancti
3358 1464 3591 1526 Manahe
3614 1511 3628 1535 ,
3681 1471 3857 1531 Hero-

2267 1529 2351 1584 dis
2395 1538 2684 1594 tetrarchae
2729 1544 3048 1604 coliaclanei
3080 1592 3096 1614 ,
3158 1552 3400 1611 doctoris
3440 1569 3498 1614 et
3533 1564 3850 1632 prophetae,

2267 1623 2369 1677 sub
2425 1629 2602 1694 gratia
2655 1630 2791 1688 Novi
2846 1636 3181 1697 Testamcnti
3238 1648 3378 1715 apud
3419 1623 3769 1709 Antiochiam
3799 1657 3855 1712 in

2266 1710 2484 1770 Christo
2513 1719 2863 1787 quiescentis.

2337 1802 2472 1859 Item
2498 1806 2828 1869 beatissima
2848 1812 3072 1873 Joannae
3093 1823 3280 1879 uxoris
3305 1823 3505 1883 Chuzae
3526 1869 3543 1893 ,
3583 1845 3851 1901 procura-

2324 1894 2397 1950 ris
2439 1896 2707 1971 Herodis,
2751 1922 2871 1976 quae
2932 1910 2985 1965 in
3038 1911 3330 1984 Evangelio
3384 1936 3852 1983 commemoratur

2260 1984 2427 2054 (Luc.
2456 2005 2579 2058 vm,
2616 2009 2743 2049 xxtv
2759 1998 2799 2068 ).

2326 2079 2384 2134 In
2410 2081 2575 2139 Portu
2600 2087 2865 2160 Romano,
2892 2097 3069 2153 sancti
3085 2097 3354 2159 Vincentii
3384 2112 3667 2181 martyris.

2328 2170 2387 2226 In
2436 2171 2626 2233 Galliis
2666 2180 2889 2240 civitate
2936 2186 3239 2258 Nannetis,
3296 2199 3481 2266 passio
3527 2170 3849 2260 sanctorum

2256 2258 2544 2321 Donatiani
2605 2277 2661 2324 et
2709 2270 2995 2344 Rogatiaui
3048 2258 3313 2338 fratrum:
3380 2288 3485 2355 Qui
3555 2293 3631 2347 ab
3682 2258 3851 2367 impio

2257 2353 2485 2419 praeside
2513 2362 2863 2429 compedibus
2893 2365 3134 2437 impediti
3164 2412 3180 2437 ,
3221 2353 3484 2433 carcerali
3503 2390 3637 2437 sunt
3658 2353 3847 2456 ergas-

2260 2442 2373 2500 tulo
2396 2449 2712 2518 mancipati.
2736 2453 2973 2527 Indeque
3000 2464 3267 2530 producti,
3300 2481 3421 2523 cum
3440 2486 3473 2523 a
3495 2442 3850 2535 confessione

2256 2537 2489 2593 nominis
2525 2540 2729 2599 Christi
2784 2562 2891 2602 non
2943 2563 3167 2619 possent
3219 2556 3327 2612 ullo
3381 2564 3545 2618 modo
3574 2572 3847 2636 coerceri,

2247 2622 2386 2693 jussi
2435 2638 2563 2686 sunt
2606 2635 2834 2706 equuleo
2881 2644 3131 2711 suspendi
3161 2655 3217 2702 et
3265 2648 3355 2704 diu
3406 2659 3676 2725 torqueri.

2252 2734 2431 2789 neque
2455 2724 2536 2778 sic
2571 2740 2794 2795 possent
2821 2734 3052 2791 emolliri
3084 2740 3150 2794 ad
3180 2724 3636 2804 consentiendum
3661 2752 3842 2811 idolis.

2254 2809 2475 2867 militari
2536 2813 2725 2900 lancea
2774 2824 3079 2883 cervicibus
3133 2831 3400 2900 perfossi,
3453 2839 3675 2894 tandem
3701 2858 3846 2898 mar-

2254 2895 2452 2971 tyrium
2484 2898 3035 2985 consummaverunt,
3076 2895 3252 2991 gladio
3275 2895 3549 2996 capitibus
3578 2895 3841 3003 amputa-

2255 2991 2342 3048 tis.
2362 2992 2469 3051 Sed
2483 2999 2608 3067 quia
2631 3001 2835 3073 vulgari
2858 3012 3204 3073 accusatione
3218 2991 3494 3087 insperato
3513 3024 3585 3077 ad
3600 2991 3843 3082 tribunal

2252 3087 2500 3153 praesidis
2537 3095 2711 3150 sancti
2760 3097 2856 3155 Dei
2909 3111 3036 3158 sunt
3075 3110 3324 3175 evocati,
3383 3120 3444 3167 ut
3498 3114 3842 3185 Rogatianus

1148 3182 1164 3190 ·
1560 3216 1572 3229 .
1631 3182 1644 3194 ’
1674 3182 1975 3202 "‘°""""
1997 3182 2011 3202 ’
2038 3182 2149 3207 ""
2253 3193 2393 3249 aqua
2424 3182 2765 3252 baptismatis
2791 3207 2898 3248 non
2930 3205 3115 3264 posset
3155 3202 3437 3258 emundari
3462 3245 3476 3270 ,
3501 3182 3636 3276 quid
3672 3212 3744 3265 de
3775 3226 3842 3267 eo

566 3213 731 3255 manu
758 3218 855 3257 sua
880 3207 1231 3274 accenderat,
1259 3226 1357 3281 per
1376 3228 1537 3273 omne
1559 3216 1690 3274 illud
1717 3230 1929 3293 tempus
1949 3226 2148 3283 ardens
2176 3229 2225 3291 (Σ
2255 3272 2525 3293 “unum
2583 3291 2591 3293 ξ
2651 3279 2688 3293 ,η
2759 3281 2772 3293 .
2841 3284 2852 3293 .
2981 3288 2996 3293 -
3228 3292 3233 3293 ν

566 3300 623 3344 et
663 3306 768 3347 non
798 3293 1080 3362 deficiens,
1133 3301 1326 3359 incolis
1372 3315 1425 3361 et
1451 3309 1798 3367 sanctitatem
1833 3314 2019 3372 famuli
2049 3318 2145 3376 Dei

567 3381 845 3451 ostendit,
888 3395 944 3439 et
964 3388 1148 3444 multis
1171 3390 1571 3454 infirmantibus
1598 3402 1963 3462 omnimodam
2000 3409 2147 3465 salu-

568 3477 680 3525 tem
709 3486 807 3528 suo
837 3477 1072 3546 unguine
1102 3486 1461 3553 recuperavit.
1490 3488 1778 3547 Vasculum
1805 3495 1967 3552 etiam
1996 3499 2106 3556 vini
2127 3541 2143 3566 ,

565 3562 710 3629 quod
746 3564 815 3618 ad
859 3567 1269 3629 refocillaudum
1320 3592 1616 3650 pauperem
1666 3582 1865 3641 Christi
1896 3562 2146 3659 minister

564 3650 683 3719 ejus
730 3655 1006 3711 custodela
1049 3663 1361 3720 cautissima
1414 3682 1631 3728 servare
1668 3676 1879 3730 curavit
1903 3717 1919 3743 ,
1955 3679 2049 3733 sed
2079 3694 2146 3736 eo

558 3740 783 3821 jubente
835 3745 1083 3815 plurimis
1130 3754 1547 3815 adventantibus
1596 3760 1721 3817 inde
1773 3740 2063 3834 praebendo
2086 3784 2144 3827 se

563 3839 876 3898 exinanisse
923 3845 1151 3916 timuit,
1208 3850 1365 3909 laetus
1406 3855 1602 3913 iterato
1653 3858 1833 3916 divina
1890 3859 2144 3935 largitate

562 3931 827 3999 repletum
853 3935 1077 3993 invenit.
1113 3940 1219 3997 Sed
1245 3959 1367 4000 cum
1398 3946 1660 4004 industria
1690 3956 2140 4011 consacerdotum

559 4033 784 4076 suorum
828 4024 918 4079 diu
964 4027 1303 4088 desideratus
1359 4037 1427 4091 ad
1480 4040 1664 4096 sedem
1697 4060 1849 4099 suam
1888 4063 2141 4107 reversus

558 4119 748 4187 esset,
804 4129 904 4170 nec
962 4126 1141 4173 tamen
1193 4121 1327 4179 fonti
1361 4126 1646 4198 iniquitate
1686 4134 1891 4203 proauo
1919 4153 2138 4195 cursum

558 4184 792 4256 liberum
848 4207 1228 4279 permisisset,
1285 4215 1382 4271 sed
1418 4216 1558 4274 intra
1587 4220 1855 4292 legitimos
1879 4230 2139 4286 terminos

557 4303 815 4349 coercere
859 4297 1158 4354 studuisset
1188 4341 1203 4367 ,
1264 4312 1377 4359 tum
1418 4321 1548 4364 vero
1601 4312 1976 4381 rapacissimi,
2030 4316 2140 4373 imo

553 4378 787 4437 furentis
835 4382 984 4440 ﬂuvii
1016 4402 1166 4445 more
1192 4429 1208 4457 ,
1240 4407 1429 4450 omnes
1455 4378 1679 4464 iustitiae
1724 4411 1896 4458 metas
1950 4404 2139 4461 Bruni—

555 4471 750 4530 cbildis
790 4477 1076 4547 excedens,
1100 4490 1156 4535 et
1182 4486 1530 4545 committens
1552 4492 1815 4561 operariis
1838 4493 2139 4567 iniquitatis

2250 3272 2603 3333 cautissimus
2648 3279 2905 3340 Ecclesia:
2964 3288 3155 3345 doctor
3210 3272 3545 3364 Augustinus
3594 3305 3840 3369 sentiat,

2248 3364 2537 3423 sententiis
2560 3365 2678 3437 ejus
2700 3372 2753 3427 in
2802 3377 3038 3433 medium
3070 3380 3314 3450 proferre
3346 3402 3452 3441 non
3480 3388 3657 3446 solum
3688 3409 3840 3449 com-

2249 3454 2469 3509 modum
2496 3497 2511 3524 ,
2569 3460 2775 3519 sedet
2830 3466 2987 3524 valde
3040 3476 3405 3531 necessarium
3453 3481 3583 3536 duxi
3626 3500 3695 3537 τι
3734 3486 3836 3552 Qui

2247 3543 2597 3615 baptismatis
2654 3560 3017 3615 sacramentis
3079 3562 3328 3620 initiandi
3382 3579 3553 3637 sunt,
3612 3572 3832 3643 inquit,

2246 3637 2399 3702 prius
2437 3639 2824 3703 abrenuntiare
2852 3648 3029 3704 solent
3078 3652 3295 3709 diabolo
3327 3666 3382 3711 et
3419 3637 3836 3732 omnibus-ope;

2247 3724 2396 3780 ribus
2420 3734 2475 3781 et
2503 3732 2714 3801 pompis
2736 3735 2871 3805 ejus,
2890 3738 3080 3796 deinde
3101 3752 3222 3812 post
3245 3745 3642 3804 confessioniein
3672 3724 3833 3809 unius

2245 3816 2359 3869 νει-ἰ
2414 3816 2551 3887 Dei,
2598 3821 2776 3880 Patris
2825 3828 3120 3898 videlicet,
3176 3842 3230 3888 et
3279 3834 3444 3903 Filii,
3494 3847 3553 3893 et
3594 3840 3835 3909 Spiritus

2242 3908 2464 3975 sancti,
2519 3926 2656 3981 aqua
2708 3915 2899 3989 intingi
2951 3921 3034 3976 vel
3080 3922 3372 3992 perfundi;
3424 3936 3477 3982 et
3520 3908 3830 4002 martyres,

2243 4006 2568 4075 contemptis
2616 4008 2775 4067 idolis
2829 4022 2885 4069 et
2946 4016 3255 4085 abdicatis,
3307 4032 3531 4092 propter
3579 4028 3829 4083 eamdem

2242 4096 2643 4155 confessionem
2694 4102 2749 4157 in
2801 4105 2976 4176 ignem
3008 4120 3102 4164 aut
3130 4120 3280 4166 certe
3310 4113 3362 4166 in
3390 4128 3586 4183 aquam
3609 4117 3829 4172 demer-

2242 4198 2442 4259 guntur
2466 4232 2481 4256 ,
2532 4201 2626 4247 aut
2659 4198 2862 4265 proprii
2898 4201 3177 4270 sanguinis
3204 4202 3470 4261 effusione
3492 4208 3831 4276 perfundun-

2243 4288 2350 4335 tur.
2406 4280 2570 4338 Moris
2621 4297 2706 4342 est
2751 4290 2913 4344 etiam
2969 4292 3271 4363 baptizatos
3318 4310 3475 4352 sacro
3526 4300 3827 4358 chrismate

2241 4375 2464 4445 perungi
2502 4416 2516 4441 ,
2552 4380 2725 4434 sancti
2762 4381 2997 4451 Spiritus
3024 4385 3364 4444 invocatione
3384 4391 3700 4448 confirmari
3730 4414 3743 4447 :
3771 4406 3827 4451 et

2240 4474 2510 4538 martyres
2530 4470 2635 4525 nisi
2664 4472 2906 4542 ejusdem
2941 4474 3176 4547 Spiritus
3198 4482 3455 4537 unctione
3488 4484 3783 4539 confortati
3807 4527 3823 4551 ,

552 4574 1013 4641 pmpugna‘orem
1068 4574 1336 4644 vernalis,
1368 4579 1435 4635 ad
1465 4580 1878 4653 Lugdunensem
1911 4562 2133 4659 u'rbem’
2161 4585 2217 4646 Β
2242 4572 2586 4659 nequaquam
2608 4562 2692 4618 vel
2722 4564 2790 4619 ad
2817 4575 3093 4623 certamen
3120 4570 3443 4627 accederent
3468 4614 3484 4636 ,
3529 4575 3615 4629 vel
3645 4592 3824 4631 omm-

553 4656 709 4724 quasi
730 4657 799 4711 ad
829 4661 1120 4719 concilium
1151 4705 1166 4731 ,
1210 4681 1270 4721 re
1310 4678 1492 4725 autem
1524 4687 1651 4729 vera
1673 4674 1739 4729 ad
1766 4676 2086 4747 supplicium
2115 4723 2131 4748 ,

552 4742 748 4821 deduci
783 4751 1055 4819 praecepit.
1104 4753 1343 4819 Quorum
1384 4758 1506 4816 aliis
1534 4763 1713 4817 virum
1745 4742 1846 4820 Dei
1863 4742 2132 4837 perimere

550 4818 1019 4897 dissimulantibus
1048 4880 1063 4905 ,
1110 4818 1250 4913 alii,
1303 4850 1396 4919 qui
1440 4860 1495 4907 et
1539 4852 1843 4912 insaniores
1872 4858 2130 4929 fuerunt,

548 4931 796 4979 orantem
850 4925 999 4981 illum
1052 4929 1231 5000 lapide
1284 4939 1517 5006 primum
1551 4941 1604 4996 in
1641 4944 1864 4999 cerebro
1892 4925 2131 5017 graviter

548 5012 890 5072 vulneratum
923 5059 938 5084 ,
968 5019 1164 5076 deinde
1187 5023 1325 5080 vallo
1347 5032 1662 5087 acutissimo
1689 5033 1743 5088 in
1768 5038 1980 5093 cervice
2002 5055 2127 5095 con-

547 5104 795 5174 fossum,
852 5110 920 5166 ab
974 5111 1078 5167 hac
1127 5129 1429 5176 aerumnosa
1481 5124 1587 5179 vita
1609 5127 1928 5185 crudelitate
1957 5131 2124 5188 nimia

544 5195 951 5265 propulsarunt.
1002 5200 1201 5261 Passus
1247 5217 1335 5264 est
1385 5222 1605 5269 sanctus
1650 5216 1957 5276 Desiderius
1978 5224 2124 5281 nullo

544 5283 771 5341 crimine
791 5288 1063 5360 impetitus
1084 5333 1101 5361 ,
1132 5296 1228 5351 sed
1256 5300 1562 5361 criminosis
1584 5304 1818 5376 invisus,
1848 5312 1935 5366 die
1958 5328 2124 5385 supra

545 5386 848 5435 memorato
876 5421 891 5446 ,
951 5382 1005 5438 in
1056 5386 1174 5441 vico
1202 5386 1532 5450 Prisciniaco
1554 5436 1569 5462 ,
1614 5400 1945 5469 temporibus
1968 5382 2121 5481 Maus

542 5467 657 5523 ritii
689 5469 1031 5541 imperatoris
1059 5490 1113 5533 et
1138 5479 1460 5544 Theodorici
1490 5467 1922 5563 Burgundiorum
1953 5478 2119 5567 regis,

540 5557 785 5619 factione
832 5565 1198 5631 Bruuichildis
1220 5615 1237 5643 ,
1286 5594 1392 5636 non
1424 5585 1623 5655 reginae
1652 5588 1750 5644 sed
1780 5591 2085 5649 meretricis
2106 5634 2123 5661 ,

544 5652 910 5715 adnitentibus
951 5660 1180 5723 Bettone
1211 5708 1227 5735 ,

545 5744 789 5805 mitibus.
841 5747 902 5808 In
943 5754 1133 5815 diebus
1184 5768 1369 5819 autem
1412 5744 1618 5826 Etherii
1675 5778 2003 5835 successoris
2040 5782 2122 5837 sui

2238 4649 2400 4706 moda
2439 4660 2847 4711 tormentorum
2883 4674 3081 4729 genera
3121 4663 3563 4721 constantissime
3592 4682 3821 4737 supera-

2236 4749 2375 4797 rent.
2406 4742 2525 4799 Jam
2574 4745 2831 4817 baptizati
2871 4767 2936 4807 ac
2959 4751 3140 4809 fideles
3180 4756 3529 4827 perceptione
3574 4763 3823 4828 corporis

2233 4838 2291 4885 et
2310 4834 2587 4903 sanguinis
2610 4836 2821 4894 Domini
2859 4841 3032 4899 eidem
3056 4856 3453 4901 consueverunt
3476 4847 3820 4918 incorporari

2233 4928 2289 4975 et
2357 4934 2627 4995 martyres
2682 4943 2804 4984 cum
2855 4946 2957 5001 pro
3008 4932 3239 4990 Domino
3280 4937 3562 5007 patiuntur
3592 4980 3609 5003 ,
3648 4941 3821 5010 ipsius

2234 5025 2433 5084 corpus
2473 5015 2800 5075 efficiuntur.
2833 5021 3102 5097 Martyres
3144 5026 3309 5095 igitur
3341 5038 3491 5083 tanto
3518 5032 3819 5101 perfectius

2231 5105 2413 5159 omnia
2436 5106 2800 5167 ecclesiastica
2824 5126 3169 5172 sacramenta
3191 5129 3619 5189 consequuntur.
3650 5137 3820 5191 quan-

2232 5204 2286 5253 to
2316 5208 2371 5254 et
2399 5209 2522 5269 post
2568 5215 2819 5276 percepta
2848 5248 2863 5273 ,
2911 5224 3032 5265 mox
3066 5212 3183 5266 sine
3206 5212 3312 5268 ullo
3340 5215 3593 5287 contagio
3618 5216 3685 5270 ab
3713 5217 3820 5272 hac

2229 5304 2531 5348 aerumnosa
2563 5296 2672 5351 vita
2706 5300 3012 5370 rapiuntur.
3055 5322 3075 5355 ι

2310 5385 2513 5444 Eodem
2541 5388 2644 5453 die,
2682 5390 2735 5445 in
2764 5391 2925 5448 Istria
2976 5396 3235 5451 nativitas
3267 5405 3577 5453 sanctorum
3602 5398 3773 5453 Ζοεηί
3796 5440 3813 5465 ,

2224 5480 2432 5539 Servuli
2465 5481 2729 5556 [Servilii]
2759 5525 2773 5551 ,
2805 5484 3002 5541 Felicis
3025 5527 3040 5553 ,
3068 5485 3291 5559 Sylvani
3315 5496 3372 5544 et
3408 5488 3629 5544 Dioclis.

2297 5582 2410 5651 VIII
2472 5594 2606 5651 ΚΜ..
2647 5595 2769 5653 .qu.
2821 5628 2893 5639 —
2939 5598 3127 5656 Romae
3175 5602 3265 5656 via
3310 5599 3693 5667 Nomentana,
3756 5605 3810 5659 in

1276 5670 1500 5742 Ephano
1522 5684 1685 5748 atque
1718 5680 2003 5741 Gasifredo
2033 5702 2126 5743 co.
2224 5688 2540 5757 cmmeterio
2565 5687 2875 5746 Przetextati
2894 5731 2910 5757 ,
2939 5690 3198 5748 nativitas
3219 5693 3394 5748 sancti
3425 5692 3627 5750 Urbani
3654 5709 3813 5765 papa:

2225 5787 2279 5836 et
2307 5779 2561 5850 martyris
2578 5820 2593 5849 ,
2615 5780 2769 5853 cujus
2786 5783 3031 5840 doctrina
3057 5783 3157 5841 sub
3177 5785 3552 5848 persecutione
3573 5784 3811 5841 Alexan-
