4046 6416
187 360 325 422 Ιθῧθ

1224 347 1843 417 MARTYROLOGIUM.
1870 386 1940 406 --
1978 352 2181 412 MENS.
2222 353 2381 412 MA".

3302 360 3442 425 ίυυν

178 480 270 534 ari
298 475 453 532 multi
497 478 760 550 martyrio
808 476 1051 535 coronati
1082 484 1226 532 sunt.
1268 474 1367 531 llic
1386 473 1664 530 constituit
1700 482 1759 524 ut
1790 479 1830 531 Α
1863 474 1917 523 et
1945 468 2289 523 confessoris.
2322 465 2423 535 Qui
2479 465 2674 521 missus
2709 480 2739 519 a
2777 462 2941 520 beato
2974 462 3238 537 Gregorio
3265 479 3401 536 papa
3423 505 3439 530 ,

187 569 335 626 nulla
361 584 486 625 esca
538 571 917 640 repudiaretur
941 587 973 627 a
1010 569 1330 626 Christianis
1354 608 1368 635 ,
1390 581 1510 638 qua
1526 567 1761 622 rationa-

184 661 313 717 bilis
331 670 478 717 esset
501 669 557 716 et
576 662 831 717 humana.

258 750 568 817 Mediolani,
596 752 770 807 sancti
798 751 1036 823 Dionysii
1070 751 1309 822 episcopi
1336 758 1391 805 et
1410 749 1757 806 confessoris.

183 839 290 907 Qui
307 840 376 895 ab
402 841 728 911 imperatore
749 841 1065 897 Constantio
1089 843 1291 897 Ariano
1319 840 1459 911 apud
1480 839 1761 911 Cappado-

183 932 329 985 ciam
386 946 485 1001 pro
528 931 635 987 ﬁde
688 932 957 989 catholica
990 934 1280 988 damnatus
1304 932 1495 989 exsilio
1517 973 1532 998 ,
1558 932 1755 987 ibidem

185 1021 472 1090 requievit.
533 1021 811 1093 Reliquias
866 1025 1110 1095 corporis
1151 1024 1313 1094 ejus,
1356 1039 1455 1094 per
1510 1033 1759 1079 sanctum

180 1108 445 1166 Basiliam
486 1112 723 1183 praefatae
774 1115 923 1171 urbis
971 1115 1295 1186 Episcopum
1321 1124 1569 1184 receptas
1594 1155 1609 1181 ,
1632 1116 1761 1169 bea-

181 1212 274 1258 tus
315 1203 638 1260 Ambrosius
680 1206 946 1279 condigno
975 1208 1215 1264 condidit
1237 1208 1462 1263 honore.
1487 1207 1641 1264 Licet
1668 1207 1760 1264 alii

182 1292 514 1348 contendant
540 1294 682 1362 quod
710 1294 765 1349 in
812 1295 1126 1352 Armeniam
1163 1299 1303 1369 apud
1330 1284 1601 1353 Reditium
1628 1299 1762 1355 civi-

182 1389 353 1435 tatem
376 1382 659 1439 exsiliatus
677 1424 692 1448 ,
718 1383 1027 1455 ibidemque
1047 1386 1339 1443 defunctus
1353 1429 1367 1454 ,
1394 1403 1491 1458 per
1510 1397 1756 1444 sanctum

179 1469 464 1524 Aurelium
496 1470 737 1541 ejusdem
780 1474 931 1529 urbis
962 1476 1272 1547 episcopum
1302 1476 1662 1533 Mediolanum
1690 1479 1762 1534 sit

178 1562 478 1618 translatus
502 1603 518 1627 ,
575 1565 797 1634 etquod
854 1567 993 1621 idem
1019 1567 1271 1623 Aurelius
1299 1566 1496 1624 ibidem
1520 1568 1759 1624 inﬁrma-

179 1663 271 1708 tus
310 1669 373 1709 ac
425 1665 710 1723 mortuus,
758 1657 810 1712 in
853 1659 1046 1714 eodem
1087 1676 1211 1715 cum
1265 1671 1453 1718 sancto
1500 1662 1760 1735 Dionysio

179 1754 534 1801 monumento
556 1786 573 1813 ,
604 1750 742 1803 sicut
762 1748 818 1803 in
840 1748 951 1804 vita
970 1751 1326 1809 condixerant
1348 1793 1367 1822 ,
1393 1753 1557 1810 fuerit
1581 1764 1758 1811 tumu-

178 1834 341 1891 latus.

252 1927 388 1985 item
421 1929 623 1997 Romae,
660 1932 953 1993 Eleutherii
978 1953 1150 2009 papae,
1177 1939 1267 2010 qui
1296 1940 1434 1996 sedit
1460 1941 1512 1995 in
1539 1942 1756 2011 episco-

177 2025 310 2087 patu
356 2033 529 2077 annos
547 2022 851 2092 quindecim
877 2066 893 2093 ,
934 2036 990 2083 et
1018 2028 1229 2098 accepit
1256 2030 1514 2099 epistolas
1536 2046 1565 2084 a
1590 2030 1757 2088 Lucio

180 2108 567 2168 Britannorum
609 2130 735 2187 rege
761 2157 777 2183 ,
826 2126 886 2172 ut
944 2134 1041 2190 per
1094 2121 1211 2190 ejus
1255 2122 1569 2177 mandatum
1602 2122 1757 2178 ﬁeret

179 2199 542 2258 Christianus.
565 2204 717 2271 Quod
739 2216 796 2262 et
814 2206 1018 2264 factum
1042 2211 1275 2266 refertur
1294 2226 1393 2283 per
1412 2212 1758 2270 Timotheum

180 2291 358 2346 virum
387 2303 659 2359 sanctum,
714 2296 788 2351 ita
825 2306 886 2352 ut
935 2299 1072 2354 idem
1105 2298 1326 2367 Lucius,
1360 2303 1555 2372 spretis
1581 2303 1757 2359 omni-

181 2380 295 2446 bus,
340 2382 703 2441 mundialibus
752 2387 915 2444 rebus
937 2429 951 2451 ,
986 2389 1163 2444 nudus
1194 2396 1249 2445 et
1292 2392 1577 2462 expeditus
1605 2407 1761 2463 pere-

182 2471 489 2540 grinatione
512 2487 760 2546 suscepta
787 2517 804 2544 ,
855 2488 1064 2548 partem
1112 2479 1485 2550 Bajoariorum
1508 2491 1561 2537 et
1586 2491 1759 2539 totam

184 2559 437 2629 Rlietiam
465 2564 608 2619 inter
630 2565 791 2635 Alpes
825 2567 988 2623 sitam
1043 2570 1320 2626 miraculis
1341 2578 1395 2625 et
1417 2572 1760 2641 praedicatio-

186 2654 345 2711 nibus
368 2656 434 2710 ad
476 2655 638 2713 ﬁdem
692 2656 895 2714 Christi
917 2660 1253 2716 convertisse
1291 2662 1565 2717 credatur.
1596 2662 1763 2734 Cujus

182 2745 493 2816 sepulcrum
517 2786 534 2813 ,
558 2748 612 2803 id
638 2756 722 2804 est
744 2749 836 2819 qui
866 2749 922 2805 in
941 2748 1145 2805 Rhetia’
1169 2752 1495 2821 requiescit,
1520 2752 1636 2808 sive
1665 2768 1760 2817 rex

181 2840 460 2908 quondam
513 2839 601 2895 ille
629 2880 646 2907 ,
694 2841 810 2896 sive
851 2843 1161 2913 quicunque
1209 2858 1400 2899 servus
1437 2845 1533 2900 Dei
1562 2844 1759 2911 fuerit,

180 2928 535 2985 creberrimis
561 2930 852 2987 virtutibus
873 2931 1195 2987 illustratur.

255 3018 456 3074 Eodem
500 3019 589 3075 die
624 3020 766 3089 apud
802 3019 1047 3076 Moesiam
1072 3061 1088 3088 ,
1137 3022 1361 3078 civitate
1416 3020 1721 3081 DoroscOro
1748 3067 1764 3094 ,

183 3109 443 3166 nativitas
496 3120 809 3167 sanctorum
856 3122 1159 3186 martyrum
1201 3113 1533 3183 Pasicratis,
1576 3115 1768 3174 Valen-

186 3201 351 3257 tionis
379 3209 436 3257 et
463 3193 691 3257 aliorum
722 3203 950 3259 duorum
981 3204 1143 3260 simul
1173 3214 1582 3261 coronatorum.

259 3292 346 3347 γυ
378 3291 513 3347 ΚΜ..
546 3292 667 3349 Jun.
694 3322 765 3334 —
789 3293 1053 3350 Nativitas
1088 3295 1262 3351 sancti
1312 3294 1597 3364 Quadrati,
1625 3297 1769 3369 Apo-

185 3380 453 3437 stolorun‘i
495 3382 770 3452 discipuli,
822 3383 916 3454 qui
945 3384 999 3439 in
1021 3383 1198 3440 locum
1227 3384 1368 3440 beati
1394 3385 1567 3441 Publii
1600 3389 1771 3444 Athe-

186 3488 387 3527 narum
440 3473 728 3545 episcopus
783 3476 1150 3543 constitutus,
1213 3476 1510 3532 Ecclesiam
1572 3479 1793 3548 grandi

186 3575 402 3620 terrore
430 3565 729 3634 dispersam
761 3567 867 3623 ﬁde
891 3576 948 3623 et
975 3568 1237 3624 industria
1270 3584 1365 3623 sua
1396 3572 1764 3643 congregavit.

185 3654 436 3724 Cumque
459 3656 734 3712 Adrianus
754 3657 988 3713 Athenis
1011 3659 1283 3728 exegisset
1308 3658 1541 3715 hiemem
1572 3698 1588 3727 ,
1622 3661 1765 3717 invi-

184 3758 318 3798 sens
368 3743 678 3799 Eleusinum
703 3785 719 3812 ,
762 3756 818 3801 et
862 3747 1115 3803 omnibus
1166 3762 1303 3817 pene
1344 3746 1569 3804 Graeciae
1595 3749 1768 3805 sacris

187 3834 422 3889 initiatis
488 3834 725 3892 dedisset
789 3837 1132 3893 occasionem
1162 3831 1181 3904 ,
1248 3838 1330 3894 eis
1378 3840 1629 3895 videlicet
1674 3841 1767 3911 qui

186 3926 534 3983 Christianos
566 3930 798 3984 oderant
823 3948 847 3995 ,ί
896 3930 1099 3999 absque
1122 3940 1396 4001 praecepto
1423 3931 1768 4001 imperatoris

186 4035 388 4075 vexare
432 4021 716 4077 credentes
742 4062 757 4087 ,
815 4023 1056 4091 porrexit
1095 4023 1145 4077 ei
1196 4014 1406 4079 librum‘
1441 4039 1542 4095 pro
1584 4036 1768 4083 nostra

186 4111 451 4180 religione
489 4113 846 4180 compositum
871 4151 887 4175 ,
928 4112 1087 4169 valde
1114 4112 1299 4168 utilem
1323 4113 1655 4186 plenumque
1682 4133 1773 4173 ra-

189 4201 356 4256 tionis
386 4211 441 4256 et
471 4201 594 4255 ﬁdei
620 4241 637 4267 ,
682 4202 980 4271 apostolica
1006 4203 1255 4259 doctrina
1286 4205 1507 4276 dignum
1535 4224 1549 4260 :
1581 4209 1633 4262 in
1662 4223 1771 4279 quo

187 4303 246 4348 et
280 4293 660 4362 antiquitatem
687 4308 799 4347 sua:
828 4294 1003 4349 aetatis
1043 4296 1338 4351 ostendens
1363 4338 1378 4361 ,
1407 4298 1482 4352 ait
1511 4298 1773 4368 plurimos

190 4401 223 4440 a
245 4402 305 4441 se
329 4387 483 4441 vivos
504 4385 595 4456 qui
613 4426 627 4450 ,
657 4386 757 4441 sub
785 4386 1012 4441 Domino
1041 4388 1210 4442 variis
1232 4389 1288 4442 in
1314 4388 1499 4447 Judaaa
1524 4396 1770 4462 oppressi

190 4479 597 4534 calamitatibus
619 4518 635 4545 ,
676 4478 853 4532 sanati
884 4475 1120 4532 fuerant.
1144 4478 1246 4546 Qui
1274 4495 1378 4533 una
1411 4496 1534 4536 cum
1558 4483 1771 4541 ﬁliabus

188 4571 424 4641 Philippi
451 4570 503 4625 in
530 4569 851 4640 prepbetica
891 4569 1066 4638 gratia
1106 4568 1498 4627 celeberrimus
1540 4571 1659 4628 fuit.

263 4662 394 4717 Item
427 4662 479 4716 in
507 4660 721 4724 Africa,
750 4662 922 4715 sancti
956 4659 1219 4727 Quadrati
1256 4662 1510 4733 martyris
1544 4664 1595 4716 in
1616 4662 1772 4733 cujus

191 4751 535 4807 solemnitate
572 4766 853 4808 sermones
894 4752 1069 4807 sancti
1102 4751 1391 4824 Augustini
1424 4754 1774 4812 inveniuntur

189 4843 383 4898 habiti.

267 4936 478 5002 Romae,
529 4936 833 5007 Symmitrii
866 4936 1169 5010 presbyteri
1220 4943 1277 4991 et
1322 4935 1552 4991 aliorum
1578 4938 1771 5009 viginti

191 5027 423 5081 duorum
455 5066 472 5091 ,
540 5041 677 5095 quos
728 5028 1039 5082 Antoninus
1092 5028 1388 5096 imperator
1434 5027 1616 5099 gladio
1674 5044 1772 5097 pro

191 5119 415 5175 Christo
454 5118 634 5189 puniri
676 5116 807 5170 fecit
838 5132 853 5171 :
885 5133 1114 5186 quorum
1158 5132 1387 5187 corpora
1422 5129 1584 5171 noctu
1614 5118 1773 5173 beata

192 5207 457 5262 Praxedis
494 5205 725 5277 collegit
765 5215 821 5260 et
863 5208 916 5261 in
954 5208 1270 5262 cmmeterio
1315 5207 1574 5263 Priscilla:
1613 5223 1771 5278 sepe-

193 5300 335 5355 livit.

267 5395 527 5458 Tuderto,
554 5392 789 5457 Tuscizc,
820 5390 1165 5453 Felicissimi,
1197 5389 1456 5455 lleraclii,
1490 5391 1722 5448 Paulini.

268 5487 325 5540 lu
366 5485 641 5541 territorio
667 5482 1127 5559 Autissiodurensi
1166 5484 1348 5550 passio
1396 5484 1568 5537 sancti
1602 5482 1775 5539 Prisci

198 5577 458 5647 martyris
486 5590 607 5630 cum
634 5573 844 5644 ingenti
879 5571 1248 5628 multitudine.

271 5666 331 5723 ln
361 5666 637 5721 Britannia
670 5666 935 5737 depositio
969 5665 1142 5721 sancti
1200 5664 1486 5736 Augustini
1540 5666 1776 5737 episcopi

274 5794 303 5827 ι
328 5782 504 5843 Forte
533 5783 932 5840 conniventiam.
959 5780 1092 5837 CAN.
1119 5778 1195 5838 De
1224 5778 1324 5838 hac
1349 5794 1481 5859 voce
1511 5781 1630 5839 vide
1656 5780 1780 5839 Gol-

1798 4512 1848 4572 D

1859 558 2067 628 primus
2096 559 2239 629 genti
2282 557 2573 628 Anglorum
2618 556 2822 611 Christi
2865 554 3211 626 Evangelium
3252 556 3446 626 praedi-

1859 647 2003 702 i-avit
2030 689 2045 711 ,
2094 657 2258 718 atque
2311 648 2417 703 illic
2448 646 2742 706 virtutibus
2777 656 2834 702 et
2861 646 3139 703 miraculis
3170 647 3441 721 gloriosus

1861 736 1914 793 in
1948 753 2080 807 pace
2111 738 2336 808 quievit.
3430 804 3433 809 ί

1932 827 2003 882 Vl
2046 828 2178 883 ΚΜ..
2212 828 2335 884 Jun.
2371 858 2442 869 —
2468 827 2522 883 In
2576 827 2903 884 Alexandria
2946 827 3201 883 nativitas
3226 836 3443 886 sancto—

1864 932 1981 972 rum
2025 918 2204 988 Aquili
2253 919 2598 990 presbyteri,
2659 918 2914 989 Evangeli
2955 927 3011 974 et
3048 919 3277 976 aliorum
3302 920 3442 977 duo-

1860 1010 2055 1064 decim.
3438 1062 3441 1067 .

1929 1098 1988 1155 ln
2036 1100 2259 1167 Tomis,
2306 1101 2514 1172 Heliae,
2564 1100 2813 1168 Luciaui,
2873 1101 3048 1160 Zotici
3079 1143 3095 1170 ,
3154 1101 3444 1171 Martialis,

1859 1188 2097 1248 Victoris
2122 1200 2177 1247 et
2208 1192 2460 1262 Maurini.

1931 1281 1989 1336 In
2024 1280 2306 1350 Sardinia,
2341 1283 2667 1340 Salustiani.

1928 1372 1987 1428 In
2040 1374 2246 1440 Mmsia,
2275 1375 2492 1431 civitate
2539 1376 2932 1445 Doroi‘torensi,
2975 1378 3231 1436 nativitas
3275 1378 3448 1434 sancti

1859 1462 2008 1518 Julii.
2034 1462 2135 1531 Qui
2168 1474 2407 1535 tempore
2432 1469 2825 1537 persecutionis
2851 1484 2972 1524 cum
2996 1460 3139 1525 eSset
3161 1480 3449 1525 veteranus

1859 1564 1913 1609 et
1946 1555 2185 1610 emerita:
2222 1556 2449 1623 militiae,
2480 1559 2903 1627 comprehensus
2932 1558 3000 1613 ab
3028 1558 3362 1625 oﬁicialibus,
3394 1568 3451 1614 et

1860 1645 2093 1700 Maximo
2124 1648 2336 1716 praesidi
2367 1649 2596 1711 oblatus,
2629 1650 2814 1705 nolens
2840 1649 3150 1706 sacriﬁcare
3182 1650 3360 1716 idolis,
3392 1658 3449 1705 et

1862 1751 2056 1790 nomen
2086 1736 2296 1791 Domini
2318 1737 2444 1793 Jesu
2468 1738 2666 1794 Christi
2690 1739 3128 1795 constantissime
3148 1739 3450 1805 confessus,

1788 1813 1833 1873 Β
1861 1828 2075 1899 capitali
2112 1832 2377 1885 sententia
2415 1833 2632 1900 punitus
2663 1841 2764 1887 est.
2793 1832 3037 1902 Cumque
3066 1832 3356 1887 duceretur
3384 1833 3453 1887 ad

1859 1922 2034 1977 locum
2066 1923 2227 1978 caudis
2256 1924 2558 1993 implendas,
2584 1923 2881 1995 Hesychius
2904 1923 3122 1993 quidam
3149 1922 3302 1977 miles
3328 1935 3450 1975 cum

1860 2021 1915 2069 et
1946 2013 2059 2083 ipse
2094 2012 2163 2068 ob
2194 2012 2354 2068 ﬁdem
2396 2013 2597 2069 Christi
2643 2013 3063 2083 comprehensus
3094 2011 3453 2075 detineretur,

1860 2106 2087 2175 rogabat
2112 2118 2233 2158 eum
2263 2105 2449 2161 dicens
2478 2123 2491 2159 :
2530 2124 2548 2156 ί
2581 2104 2785 2161 Memor
2809 2114 2927 2158 esto
2950 2103 3077 2169 mei,
3105 2119 3228 2158 nam
3258 2114 3314 2159 et
3352 2117 3457 2173 ego

1861 2193 2163 2264 subsequar
2200 2205 2275 2251 te.
2300 2193 2597 2249 Plurimum
2626 2196 2790 2250 etiam
2819 2194 2993 2250 saluta
3034 2192 3369 2250 Pasicratem
3397 2202 3456 2249 et

1864 2286 2234 2344 Valentionem
2265 2286 2496 2342 famulos
2528 2287 2647 2353 Dei,
2672 2288 2763 2358 qui
2800 2303 2899 2343 nos
2926 2301 3024 2355 per
3051 2287 3448 2343 confessionem

1860 2376 2060 2432 bonam
2087 2377 2198 2447 jam
2224 2384 2619 2447 praecesserunt
2647 2375 2714 2430 ad
2744 2375 3049 2430 Dominum.
3080 2393 3099 2428 ι
3126 2372 3297 2430 Julius
3326 2388 3457 2431 vero

1861 2470 2113 2526 osculans
2147 2469 2473 2539 Hesychium
2507 2470 2643 2524 dixit
2668 2486 2681 2524 :
2710 2487 2728 2520 ι
2759 2466 2971 2534 Frater,
3001 2465 3197 2522 festina
3228 2465 3454 2523 venire:

1863 2561 2116 2614 mandata
2146 2568 2234 2614 tua
2261 2559 2369 2630 jam
2400 2560 2688 2615 audierunt
2711 2572 2849 2627 quos
2876 2556 3149 2612 salutasti.
3180 2575 3200 2610 ι
3237 2554 3331 2612 Sic
3359 2570 3453 2612 ac-

1863 2644 2020 2720 cepto
2065 2650 2265 2712 orario,
2297 2650 2470 2721 ligans
2522 2648 2624 2704 sibi
2670 2647 2877 2714 oculos,
2925 2647 3177 2719 martyrii
3219 2647 3457 2720 palmam

1864 2740 2042 2811 gladio
2071 2739 2311 2794 caedente
2336 2739 2596 2810 percepit.

1935 2828 1993 2884 ln
2024 2829 2212 2885 Galliis
2255 2829 2479 2885 civitate
2518 2826 2803 2895 Arausica,
2848 2826 3023 2882 sancti
3055 2825 3298 2899 Eutropii
3337 2826 3455 2898 epi-

1865 2917 2038 2987 scopi,
2089 2918 2242 2989 cujus
2292 2916 2469 2973 Vitam
2528 2916 2790 2973 illustrem
2850 2916 3144 2972 virtutibus
3184 2932 3249 2972 ac
3290 2917 3459 2972 mira-

1867 3010 2003 3067 culis
2048 3008 2223 3066 Verus
2284 3008 2568 3081 episcopus
2620 3006 2895 3064 luculento
2943 3020 3195 3063 sermone
3249 3006 3459 3063 descri-

1869 3104 1993 3174 psit.
3450 3102 3453 3105 ’

1941 3191 1985 3246 V
2041 3191 2176 3248 ΚΑι..
2230 3190 2532 3248 lum—in
2586 3189 2837 3246 Sardinia
2910 3189 3092 3261 passio
3138 3197 3457 3247 sanctorum

1869 3282 2101 3349 Emilii,
2130 3282 2344 3348 Felicis,
2373 3282 2599 3347 Priami,
2625 3280 2872 3337 Luciani.

1884 3380 1885 3383 “
1938 3377 2123 3433 Romae
2153 3376 2405 3432 nativitas
2430 3377 2605 3433 sancti
2640 3374 2866 3432 Joannis
2905 3390 3074 3448 papae.
3105 3376 3299 3444 Quem,
3329 3375 3458 3447 quia

1868 3470 2200 3526 orthodoxus
2218 3477 2355 3534 erat,
2382 3476 2435 3524 et
2457 3485 2488 3524 a
2512 3468 2745 3534 Justino,
2776 3468 3101 3537 imperatore
3128 3470 3457 3533 ortliodoxo,

1869 3558 2386 3630 ConStantinOpoiim
2415 3559 2639 3614 veniens
2662 3558 2895 3630 gloriose
2932 3567 3221 3627 susceptus
3259 3556 3459 3637 fuerat,

1870 3649 2237 3705 Theodericus
2270 3665 2367 3704 rex
2396 3648 2635 3704 Ariauus
2681 3656 3041 3704 revertentem
3090 3647 3363 3702 Ravennae
3406 3646 3461 3701 in

1869 3740 2115 3796 custodia
2145 3740 2421 3795 detentum
2447 3739 2515 3795 ad
2542 3747 2774 3795 mortem
2806 3753 2976 3809 usque
3002 3753 3127 3794 cum
3158 3737 3279 3793 aliis
3305 3742 3462 3807 mque

1870 3832 2153 3888 catholicis
2214 3831 2346 3887 viris
2399 3830 2670 3901 perduxit.
2728 3830 2899 3900 Hujus
2948 3827 3195 3884 meminit
3245 3837 3465 3884 sanctus

1870 3923 2165 3995 Gregorius
2200 3924 2253 3978 in
2280 3924 2417 3979 libro
2443 3924 2810 3994 Dialogorum.
2843 3920 3010 3990 Cujus
3032 3936 3249 3991 corpus,
3280 3930 3465 3975 trans-

1870 4013 2038 4069 latum
2067 4014 2135 4069 de
2159 4013 2436 4080 Ravenna,
2500 4013 2766 4084 sepultum
2812 4021 2897 4069 est
2943 4012 2997 4066 in
3035 4011 3258 4067 basilica
3291 4010 3467 4067 sancti

1871 4107 2016 4163 Petri
2042 4107 2289 4177 apostoli,
2316 4108 2505 4178 quinto
2534 4106 2896 4163 Kalendarum
2922 4103 3089 4165 Junii.
3112 4102 3317 4159 Olibrio
3338 4117 3468 4158 con-

1872 4199 2006 4252 sule.
2047 4198 2165 4265 Quo
2207 4209 2445 4269 tempore
2487 4196 2854 4253 Theodericus
2885 4210 2977 4248 rex
3026 4195 3160 4248 duos
3189 4201 3468 4248 senatores

1875 4288 2164 4361 pneclaros
2195 4296 2251 4342 et
2296 4287 2634 4352 exconsules,
2670 4284 3055 4355 Symmachum
3098 4291 3154 4337 ct
3196 4282 3461 4341 Boetium,

1875 4379 2095 4435 occidit.
2123 4377 2225 4445 Qui
2265 4378 2617 4447 nonagesimo
2646 4385 2838 4431 octavo
2868 4375 2955 4429 die
2989 4382 3277 4445 postquam
3302 4370 3468 4427 Joan-

1876 4487 1972 4526 nes
2010 4486 2143 4540 papa
2174 4470 2461 4525 defunctus
2499 4478 2603 4535 est,
2646 4469 2827 4524 subito
2865 4466 3089 4532 interiit,
3124 4473 3179 4522 et
3220 4465 3273 4520 in
3304 4462 3468 4520 ollam

1877 4563 2097 4619 Vulcani
2129 4562 2421 4633 projectns,
2448 4560 2587 4615 ultra
2615 4576 2717 4614 non
2743 4557 3068 4628 comparuit.

1942 4657 2074 4711 Item
2101 4654 2245 4724 apud
2272 4653 2460 4707 urbem
2482 4651 2750 4705 Parisium
2774 4648 3040 4719 depositio
3062 4646 3317 4703 Germani
3351 4646 3469 4717 epi-

1871 4747 2017 4818 scopi
2044 4758 2098 4802 et
2127 4743 2475 4801 confessoris.
2499 4741 2601 4809 Qui
2631 4757 2695 4796 ex
2731 4740 2999 4795 nobilibus
3024 4739 3243 4810 quidem
3269 4752 3468 4808 parcn-

1873 4843 2015 4897 tibus
2035 4847 2277 4903 exortus,
2298 4835 2392 4892 sed
2417 4835 2803 4889 malitiosorum
2826 4832 3153 4887 omnimodis
3171 4838 3470 4884 attentatus

1879 4930 2111 4995 insidiis,
2136 4928 2317 4983 divina
2340 4942 2397 4981 se
2417 4926 2589 4995 gratia
2617 4932 2954 4995 protegente,
2981 4937 3087 4977 non
3117 4920 3291 4976 solum
3314 4919 3470 4973 vivus

1881 5032 1938 5079 et
1974 5018 2257 5077 incolumis
2281 5018 2476 5082 evasit,
2506 5016 2600 5072 sed
2629 5025 2680 5070 et
2711 5016 2764 5069 in
2793 5012 2948 5069 virile
2986 5013 3151 5068 robur
3178 5009 3472 5065 virtutibus

1880 5124 1937 5171 et
1961 5113 2223 5184 sapientia
2252 5111 2540 5165 decoratus
2574 5108 2814 5163 excrevit
2843 5106 2897 5161 in
2929 5114 3161 5168 tantum,
3195 5111 3254 5156 ut
3278 5117 3307 5155 a
3335 5115 3465 5155 san-

1882 5216 1970 5262 cto
2003 5203 2255 5259 Nectario
2289 5200 2572 5272 presbyter
2598 5199 2902 5261 ordinatus,
2931 5194 3098 5249 abbas
3142 5191 3469 5246 monasterio

1882 5297 2054 5354 sancti
2095 5291 2473 5365 Symphoriaui
2521 5288 2888 5360 przeﬁcerctur
2936 5283 3167 5347 invitus';
3219 5282 3272 5335 in
3317 5278 3470 5346 cujus

1879 5386 2140 5457 regimine
2182 5385 2255 5438 ita
2284 5391 2339 5438 et
2362 5383 2544 5437 divino
2569 5379 2773 5447 judicio
2800 5386 2853 5430 et
2888 5376 3124 5430 humano
3153 5370 3353 5440 placuit
3380 5385 3472 5423 ar-

1876 5478 2061 5542 bitrio,
2087 5489 2146 5531 ut
2173 5475 2353 5531 claves
2383 5482 2551 5542 porta:
2576 5469 2883 5531 Parisiacae,
2910 5472 2964 5519 et
2994 5463 3143 5533 prius
3167 5462 3220 5517 iu
3252 5461 3465 5515 visione

1882 5588 1981 5644 per
2004 5570 2311 5631 Dominum,
2332 5576 2387 5620 et
2410 5563 2744 5635 postmodum
2774 5560 2825 5613 in
2846 5554 3472 5644 episcopatuseh-ctione

1885 5641 1982 5735 per
2009 5658 2369 5719 cobibentiaui
2397 5668 2422 5696 ιι
2448 5655 2719 5723 acciperet
2741 5648 3082 5721 populorum.
3110 5642 3276 5714 Cujus
3299 5641 3473 5714 digni-

1878 5782 2093 5842 dastum
2108 5779 2176 5840 ad
2203 5777 2381 5837 edicta
2411 5776 2478 5833 de
2504 5772 2846 5849 imaginibus.
2872 5767 3127 5836 Senivsa.
3163 5774 3272 5822 not.
3295 5778 3392 5819 ius.
3414 5761 3471 5863 in
