4046 6420
587 368 719 427 1031

1501 356 1556 412 Β.
1601 351 1903 411 ΝΟΤΚΕΙΠ
1941 349 2237 408 BALBULI
2275 351 2335 409 S.
2376 352 2578 410 GALLI
2621 352 2926 411 MONACHI

3731 356 3879 416 1093

586 495 752 543 tatem
801 485 950 535 tanta
1015 472 1340 530 auctoritate
1399 468 1820 532 administravit,
1868 474 1930 520 ut
1993 475 2170 520 tamen
2202 473 2247 530 Α
2276 466 2423 520 nium
2465 467 2771 524 sanctitatis
2807 449 2924 537 ejus
2952 465 3267 526 visebantur
3294 469 3632 543 incorrupta.
3689 471 3730 527 Α
3764 488 3880 544 quo

583 574 831 645 exemplo
875 569 1016 626 beati
1070 564 1282 621 Martini
1327 562 1659 634 propositum
1709 559 1958 614 monachi
2006 559 2168 612 virtus

585 679 801 738 temque
831 679 936 718 non
967 664 1258 722 desereret,
1289 665 1448 724 atquc
1472 656 1591 707 ideo
1613 662 1667 707 et
1696 653 1747 706 in
1770 665 1932 706 carne
1961 651 2166 712 vivens,

583 771 640 815 et
668 758 859 828 spiritu
892 755 1059 810 cados
1089 761 1300 821 petens,
1349 747 1400 800 in
1435 744 1818 800 miraculorum
1861 743 2169 797 ostensione

583 851 658 904 illi
708 845 1028 919 pcnomnia
1071 840 1265 897 similis
1313 847 1619 906 appareret,
1669 845 1724 890 et
1757 836 1946 889 eadem
1987 842 2166 897 aetate,

583 939 934 1010 eclogenaria
980 934 1249 991 videlicet,
1298 931 1364 985 ad
1415 929 1714 992 Christum,
1760 928 1877 997 ipso
1921 933 2166 990 vocante,

583 1035 773 1106 plenus
799 1031 1085 1086 sanctitate
1117 1026 1394 1096 migraret.

648 1146 718 1201 IV
765 1141 898 1198 Kac.
956 1138 1405 1203 John—Roma),
1458 1137 1542 1190 via
1606 1118 1862 1199 Aurelia,
1916 1130 2170 1185 nativitas

581 1239 751 1294 sancti
807 1235 1079 1290 Restituti.

651 1350 748 1404 Via
793 1347 1098 1410 Tiburtina,
1143 1351 1348 1412 septem
1397 1341 1812 1395 Germanorum.

648 1441 802 1511 Apud
859 1439 1096 1494 lc0nium
1149 1434 1441 1505 provinciae
1494 1432 1713 1485 Isauriae
1770 1426 1948 1500 passio
1995 1425 2166 1480 sancti

577 1530 815 1586 Cononis
863 1536 918 1582 et
965 1527 1060 1580 lilii
1116 1525 1266 1593 ejus,
1320 1523 1420 1577 sub
1466 1521 1754 1575 Aureliano
1808 1518 2166 1586 imperatore,

571 1617 754 1688 judice
799 1617 1126 1672 Domitiano.
1169 1615 1270 1680 Qui
1325 1628 1445 1667 cum
1495 1619 1638 1666 esset
1687 1608 1789 1662 fide
1835 1605 2165 1688 praeclarus,

578 1685 848 1763 exhibitus
881 1705 1046 1775 jutlici
1077 1687 1201 1758 cum
1251 1702 1358 1756 filio
1399 1716 1496 1756 suo
1546 1713 1810 1754 annorum
1850 1685 2164 1759 duodecim,

579 1800 840 1870 Spiritum
893 1805 1137 1860 sanctum
1199 1795 1252 1847 in
1313 1808 1371 1848 se
1423 1792 1670 1847 habitare
1722 1787 1899 1842 veraci
1953 1785 2166 1840 confes-

577 1891 730 1948 sione
771 1887 1269 1944 manifestaverunt.
1311 1884 1551 1938 Primum
1597 1882 1780 1948 itaque
1828 1877 1993 1948 ignito
2020 1875 2165 1930 ferro

579 1979 935 2050 superpositi,
988 1977 1179 2033 deinde
1233 1973 1503 2030 craticula:
1550 1972 1737 2042 prunis
1792 1967 2080 2038 suppositis
2111 1975 2165 2022 et

573 2071 692 2126 oleo
741 2069 1043 2140 superfuso.
1095 2065 1299 2120 Deinde
1354 2063 1576 2118 frixorio
1620 2061 1835 2115 cadenti
1894 2059 2158 2123 immissi,

575 2159 756 2214 omnia
810 2164 1202 2228 superaverunt
1249 2153 1302 2208 in
1353 2152 1568 2206 nomine
1613 2148 1832 2205 Christi.
1888 2147 2015 2201 lude
2073 2162 2164 2202 su-

575 2249 789 2318 spensi,
826 2259 881 2304 et
925 2229 1100 2302 valido
1149 2245 1255 2315 igni
1310 2245 1500 2300 subtus
1549 2243 1821 2305 adhibito,
1873 2241 2063 2295 malleo
2095 2239 2162 2295 ad

574 2350 878 2396 extremum
929 2338 1095 2415 ignito
1154 2336 1400 2390 manibus
1449 2332 1697 2388 contritis
1744 2331 1796 2384 in
1840 2329 1997 2384 laude
2039 2344 2158 2384 om-

576 2433 867 2505 nipotentis
907 2432 1002 2496 Dei
1051 2429 1298 2500 spiritum
1345 2415 1662 2482 cmiserunt.

645 2544 846 2600 Eodem
895 2542 1002 2607 die,
1061 2540 1117 2594 in
1170 2537 1388 2608 regione
1449 2533 1728 2606 Anagniae,
1763 2532 1920 2603 juxta
1969 2530 2157 2586 urbem

574 2633 974 2696 Tridentinam,
1027 2630 1207 2700 passio
1271 2635 1577 2683 sanctorum
1642 2624 1864 2680 Sisinnii
1925 2624 2158 2689 diaconi,

572 2702 813 2796 Martyrii
883 2705 1130 2786 lectoris,
1193 2728 1248 2775 et
1313 2717 1602 2783 Alexandri
1665 2715 1895 2771 ostiarii.
1962 2715 2062 2782 Qui
2125 2730 2156 2770 a

477 2877 483 2884 ,
571 2817 729 2872 beato
777 2811 1381 2885 Vigilio,.'l‘ridentina:
1431 2810 1579 2864 urbis
1624 2809 1906 2877 episcopo,
1959 2808 2027 2861 ad
2078 2807 2158 2861 vi-

569 2908 693 2963 cina
738 2907 850 2962 loca
895 2902 1291 2976 praedicationis
1330 2901 1503 2972 gratia
1553 2899 1840 2963 destinati,
1889 2912 2011 2952 cum
2041 2896 2158 2966 plu-

571 2998 740 3054 rimos
791 2997 858 3051 ad
905 2995 1063 3051 fidem
1107 2993 1308 3049 Christi
1358 2991 1782 3054 convertissent,
1823 2990 1892 3044 ab
1938 2989 2021 3044 bis
2062 2987 2157 3060 qui

571 3091 625 3146 in
661 3105 844 3144 errore
892 3086 1186 3158 paganismi
1219 3085 1510 3154 persistere
1556 3082 1887 3144 maluerunt,
1928 3080 2155 3136 diversis

2268 567 2492 614 sanctus
2535 560 2898 625 Athanasius,
2925 563 3375 630 persecutionem
3415 564 3730 618 Constantii
3787 564 3875 619 fu-

2269 648 2454 719 giens,
2521 649 2816 703 honorifice
2878 659 3164 721 susceptus
3215 661 3318 706 est.
3374 651 3480 706 Sed
3541 653 3673 722 quia
3743 653 3874 726 fuga

2269 739 2442 794 sancti
2491 738 2774 793 Athanasii
2827 741 3089 809 quosdam
3145 739 3522 797 formidolosus
3573 751 3672 796 aut
3721 755 3877 799 certe

2268 831 2613 900 blasphemos
2659 831 2712 886 in
2763 831 3098 886 contrarium
3149 833 3325 898 abuti,
3357 835 3584 904 cognovi
3630 835 3766 904 quid
3805 835 3876 890 de

2269 936 2332 976 ea
2384 921 2726 976 fidelissimus
2769 921 3028 977 Ecclesiae
3081 923 3425 992 dispensator
3483 925 3724 980 senserit
3763 926 3876 979 Au-

2270 1012 2552 1081 gustinus,
2596 1011 2778 1066 verbis
2831 1011 2950 1080 ejus
2994 1012 3049 1067 in
3105 1013 3340 1068 medium
3385 1012 3633 1083 proferre
3679 1030 3874 1070 neces-

2269 1104 2470 1159 sarium
2511 1103 2657 1159 duxi.
2689 1103 2831 1158 Dicit
2875 1119 3005 1175 ergo
3035 1105 3175 1160 inter
3205 1104 3308 1158 alia
3345 1105 3400 1159 in
3445 1104 3673 1176 epistola
3703 1122 3871 1176 quam

2270 1194 2337 1249 ad
2369 1192 2702 1248 llouoratum
2733 1194 2953 1262 scripsit
2980 1194 3326 1264 episcopum,
3371 1195 3658 1250 consultus
3683 1207 3872 1251 utntm

2270 1296 2527 1354 tempore.
2563 1285 2956 1353 persecutionis
3010 1285 3320 1356 fugiendum
3383 1289 3456 1342 sit
3509 1291 3790 1358 episcopis
3843 1306 3872 1344 a

2269 1377 2384 1431 suis
2433 1376 2650 1431 sedibus
2691 1393 2710 1431 :
2752 1395 2770 1428 ι
2815 1377 2954 1444 Quid
3008 1389 3090 1434 est
3145 1395 3274 1451 ergo
3326 1382 3469 1450 quod
3527 1383 3583 1436 in
3640 1383 3873 1453 epistola

2271 1477 2358 1522 tua
2414 1468 2678 1536 posuisti?
2731 1467 2875 1523 Dicis
2925 1470 3069 1524 enim
3113 1487 3128 1524 :
3170 1471 3228 1526 Si
3281 1471 3335 1524 in
3394 1471 3660 1527 Ecclesiis
3709 1475 3876 1542 persi-

2269 1559 2514 1613 stendum
2559 1567 2676 1622 est,
2726 1559 2855 1628 quid
2891 1561 3059 1616 simus
3098 1562 3256 1617 nobis
3301 1562 3396 1623 vel
3441 1563 3643 1633 populo
3692 1564 3875 1634 profu-

2271 1650 2407 1714 turi,
2450 1665 2554 1702 non
2596 1650 2781 1714 video,
2839 1650 2942 1705 nisi
2987 1659 3048 1704 ut
3100 1660 3226 1706 ante
3275 1651 3465 1707 oculos
3503 1662 3728 1709 nostros
3769 1653 3869 1708 viri

2270 1737 2497 1802 cadant,
2539 1737 2751 1792 femina:
2797 1747 3253 1808 constuprentur,
3301 1739 3669 1794 incendantur
3695 1743 3874 1796 eccle-

2199 1841 2240 1900 B
2271 1826 2393 1890 size,
2447 1839 2544 1880 nos
2594 1827 2693 1896 ipsi
2741 1827 3024 1882 tormentis
3058 1828 3403 1892 deficiamus,
3445 1845 3570 1884 cum
3613 1830 3686 1886 de
3716 1833 3874 1889 nobis

2266 1916 2528 1988 qtueritur
2579 1917 2720 1986 quod
2779 1933 2884 1973 non
2951 1918 3236 1973 habemus.
3303 1937 3322 1972 ι
3381 1918 3693 1988 Respondit
3759 1921 3874 1975 Au-

2263 2007 2509 2078 gustinus
2541 2025 2556 2061 :
2592 2027 2609 2058 ι
2645 2007 2845 2063 Potens
2889 2015 2974 2063 est
3017 2009 3238 2078 quidem
3270 2009 3412 2064 Deus
3458 2010 3654 2065 audire
3682 2026 3875 2080 preces

2263 2098 2482 2154 fatnilize
2540 2114 2686 2164 θυῖε,
2731 2106 2785 2153 ct
2833 2099 2948 2154 haec
2989 2114 3112 2169 quae
3160 2098 3524 2155 formidantur
3574 2112 3868 2167 avertere;

2262 2203 2363 2244 nec
2407 2189 2527 2243 ideo
2571 2197 2751 2244 tamen
2805 2199 3024 2259 propter
3073 2191 3208 2256 ista,
3262 2207 3384 2261 qua:
3435 2192 3651 2248 incerta
3710 2205 3869 2263 sunt,

2261 2281 2419 2337 debet
2461 2293 2580 2336 esse
2624 2282 2798 2336 nostri
2850 2280 3010 2336 officii
3060 2292 3208 2336 certa
3259 2283 3529 2348 desertio,
3585 2285 3712 2340 sine
3767 2301 3872 2354 quo

2259 2381 2345 2426 est
2387 2371 2529 2442 plebi
2578 2380 2724 2426 certa
2753 2372 3056 2441 pernicies,
3089 2387 3196 2427 non
3235 2373 3289 2428 in
3320 2375 3482 2428 rebus
3513 2374 3644 2430 vitae
3677 2374 3870 2445 hujus,

2259 2464 2355 2521 sed
2401 2463 2659 2528 alterius,
2700 2479 2821 2532 qua:
2864 2463 3363 2532 incomparabiliter
3397 2464 3723 2534 diligentius
3769 2467 3874 2521 θοι-⁸

2258 2555 2569 2624 licitiusque
2612 2554 2852 2608 curanda
2899 2563 3002 2608 est.
3053 2554 3186 2609 Nam
3236 2555 3283 2610 si
3331 2564 3480 2609 certa
3524 2567 3722 2610 essent
3770 2558 3871 2611 ista

2259 2644 2400 2700 mala
2449 2659 2554 2713 que
2611 2643 2870 2698 timentur
2919 2658 2988 2697 ne
3033 2643 3086 2696 in
3135 2643 3269 2698 locis
3319 2644 3370 2697 in
3416 2643 3624 2713 quibus
3681 2661 3868 2702 sumus

2257 2735 2398 2790 forte
2443 2735 2790 2805 contingant,
2835 2735 2986 2804 prius
3034 2735 3160 2790 inde
3211 2735 3463 2804 fugerent
3506 2752 3710 2791 omnes
3746 2753 3868 2808 pro-

2255 2835 2375 2896 pter
2414 2841 2550 2894 quos
2605 2824 2930 2879 manendum
2980 2835 3063 2880 est
3089 2865 3105 2890 ,
3148 2834 3202 2880 et
3246 2841 3345 2885 nos
3389 2841 3419 2880 a
3473 2829 3740 2883 manendi
3778 2847 3866 2888 ne-

2257 2919 2509 2974 cessitate
2554 2917 2753 2970 liberos
2793 2917 3096 2972 redderent.
3127 2917 3242 2972 Non
3267 2919 3410 2973 enim
3447 2919 3747 2990 quisquam
3777 2935 3863 2978 est

2256 3007 2347 3076 qui
2388 3008 2534 3062 dicat
2578 2999 2860 3061 ministros
2892 3021 3110 3070 manere
3157 3016 3438 3079 oportere,
3473 3011 3565 3064 ubi
3590 3011 3712 3078 jam
3748 3031 3854 3070 non

2257 3100 2459 3156 fuerint
2500 3100 2696 3168 quibus
2742 3115 2965 3155 necesse
3007 3102 3080 3155 sit
3128 3103 3456 3157 ministrare.
3504 3103 3587 3158 Ita
3633 3108 3860 3176 quidam

571 3181 826 3235 mortium
874 3178 1159 3250 generibus
1203 3174 1451 3266 trucidati
1483 3182 1639 3266 sunt.
1676 3171 1808 3225 Nam
1845 3171 2033 3266 beatus
2065 3170 2152 3226 Si-
2183 3193 2228 3254 ο
2258 3191 2431 3246 sane“
2495 3191 2732 3262 episcopi
2800 3191 2868 3245 de
2928 3191 3190 3262 Hispania
3253 3170 3672 3266 profugam"..-
3713 3199 3863 3265 prius

567 3272 778 3326 Sinnius
822 3284 944 3324 cum
993 3267 1200 3322 caeteris
1246 3265 1462 3334 quidem
1512 3263 1716 3318 diutina
1767 3261 1910 3316 caede
1949 3269 2154 3314 macta-

570 3371 691 3427 tus,
742 3361 835 3416 sed
882 3374 1021 3414 aerea
1085 3357 1210 3412 tuba
1267 3357 1321 3410 in
1371 3355 1547 3426 capite
1611 3367 1932 3423 percussus,
1995 3362 2155 3422 atque

568 3453 847 3508 securibus
903 3448 1216 3512 confossus,
1265 3447 1416 3517 juxta
1461 3445 1628 3515 ipsius
1677 3443 1919 3499 ecclesiae
1965 3443 2156 3500 limina

570 3541 943 3597 decumbebat.
1003 3537 1234 3592 Sanctus
1300 3550 1426 3590 vero
1483 3533 1771 3604 Martyrius
1822 3540 1876 3586 et
1929 3532 2043 3601 ipse
2097 3533 2154 3586 in

569 3641 732 3702 caput
785 3631 1066 3688 securibus
1126 3629 1458 3690 vulneratus,
1494 3636 1656 3695 atque
1709 3623 1932 3680 sudibus
1975 3632 2152 3676 trans-

567 3723 808 3788 foratus,
862 3722 1092 3780 reddidit
1142 3721 1408 3790 spiritum.
1465 3718 1617 3774 Tunc
1655 3716 1882 3786 gentiles
1928 3730 2155 3786 corpora

567 3825 878 3873 sanctorum
926 3810 1147 3866 Sisinnii
1197 3818 1252 3865 et
1301 3808 1541 3879 Martyrii
1588 3806 1748 3863 simul
1795 3821 1917 3860 cum
1966 3814 2154 3860 sancto

565 3902 875 3960 Alexandro
913 3903 1089 3955 adhuc
1132 3900 1401 3955 seminece
1446 3899 1513 3953 ad
1567 3913 1716 3952 aram
1769 3896 2020 3958 Saturni,
2063 3894 2152 3948 tibi

567 3993 708 4064 ignis
749 3991 996 4059 cepiosus
1044 3999 1163 4042 erat
1218 4003 1513 4051 accensus,
1571 3987 1640 4041 ad
1703 3970 2154 4041 concremandum

565 4084 964 4154 perduxerunt;
1012 4089 1067 4134 et
1108 4087 1352 4133 sanctum
1399 4077 1759 4132 Alexandrum
1799 4075 2024 4144 ﬂagellis
2052 4091 2156 4130 ete-

566 4177 776 4239 dentes,
799 4188 899 4228 nec
924 4173 990 4227 ad
1021 4170 1402 4225 immolandum
1426 4169 1582 4224 idolis
1604 4168 1927 4237 compellere
1954 4183 2155 4237 queun-

569 4276 678 4330 tes,
736 4267 917 4320 vivum
962 4261 1304 4332 projecerunt
1336 4259 1390 4314 in
1431 4259 1638 4330 ignem,
1688 4266 1745 4313 et
1789 4257 1868 4312 sic
1910 4257 2154 4328 martyrii

567 4373 787 4415 cursum
843 4366 1259 4415 consummans,
1315 4351 1546 4420 palmam
1595 4349 1843 4420 gloriosae
1889 4349 2154 4418 passionis

568 4452 798 4522 accepit.
849 4447 978 4503 Post
1024 4459 1252 4515 quorum
1285 4459 1474 4498 necem
1517 4456 1641 4496 mox
1689 4440 1878 4495 umbra
1907 4441 2152 4510 qumdam

2257 3281 2504 3351 plebibus
2567 3281 2762 3350 partim
2828 3279 2952 3350 fuga
3008 3282 3202 3352 lapsis,
3261 3286 3458 3354 partim
3515 3289 3859 3358 peremptis,

2257 3371 2453 3441 partim
2505 3370 2789 3424 obsidione
2857 3373 3219 3440 consumptis,
3283 3375 3480 3442 partim
3537 3375 3860 3446 captivitate

2257 3459 2513 3529 dispersis
2545 3477 2558 3512 :
2593 3459 2688 3513 sed
2741 3458 2905 3513 multo
2951 3461 3165 3529 plures,
3198 3462 3307 3518 illic
3349 3465 3705 3521 manentibus
3736 3483 3862 3536 pro-

2255 3561 2374 3622 pter
2423 3567 2560 3621 quos
2609 3561 2921 3614 manerent,
2977 3552 3078 3608 sub
3125 3554 3440 3608 earumdem
3483 3555 3857 3624 periculorum

2256 3644 2524 3698 densitate
2573 3650 2910 3698 manserunt.
2943 3642 3013 3697 Et
3051 3643 3097 3698 si
3143 3643 3307 3712 aliqui
3347 3645 3706 3700 deseruerunt
3748 3647 3859 3717 ple-

2255 3734 2352 3790 bes
2401 3749 2555 3794 suas,
2618 3733 2720 3788 hoc
2751 3733 3008 3802 estquod
3034 3733 3264 3789 dicimus
3299 3734 3416 3788 fieri
3467 3751 3575 3789 non
3604 3736 3809 3792 debere
3837 3753 3855 3791 :

2256 3840 2430 3896 neque
2477 3826 2623 3880 enim
2685 3825 2819 3880 tales
2883 3825 3030 3880 ducti
3087 3825 3417 3881 auctoritate
3475 3827 3700 3893 divina,
3759 3831 3857 3883 sed

2255 3917 2491 3971 humano
2517 3915 2604 3970 vel
2631 3929 2816 3971 errore
2861 3915 3105 3985 decepti,
3165 3916 3247 3971 vel
3295 3918 3488 3970 timore
3537 3927 3670 3972 sunt
3704 3919 3856 3972 victi.

2254 4011 2364 4066 Cur
2403 4009 2502 4064 sibi
2549 4009 2693 4064 enim
2737 4018 2928 4078 putant
2963 4007 3333 4064 indifferenter
3363 4011 3856 4079 obtemperandum

2255 4114 2377 4154 esse
2433 4106 2733 4170 praecepto,
2785 4097 2875 4151 ubi
2932 4095 3115 4168 legunt
3167 4097 3234 4152 de
3285 4098 3507 4153 civitate
3559 4098 3617 4153 in
3665 4101 3860 4154 civita-

2258 4201 2362 4246 tem
2412 4205 2533 4246 esse
2584 4187 2926 4257 fugiendum;
2978 4198 3034 4244 et
3062 4190 3458 4244 mercenarium
3513 4206 3621 4245 non
3653 4192 3852 4246 exhor-

2256 4290 2409 4346 rent,
2463 4280 2552 4350 qui
2605 4280 2749 4335 videt
2801 4278 2984 4349 lupum
3034 4280 3343 4334 venientem
3396 4288 3454 4334 et
3504 4280 3672 4352 fugit,
3722 4297 3856 4351 quo-

2255 4373 2398 4428 niam
2447 4387 2554 4428 non
2604 4379 2688 4426 est
2736 4371 2783 4425 ei
2828 4385 2959 4426 cura
3008 4373 3074 4426 de
3123 4371 3357 4427 ovibus?
3408 4371 3519 4426 Cur
3568 4387 3677 4426 non
3720 4373 3855 4428 istas

2257 4466 2390 4520 duas
2421 4464 2730 4518 Dominicas
2768 4477 3035 4532 verasque
3076 4463 3411 4527 sententias,
3445 4478 3610 4516 unam
3643 4464 3855 4518 scilicet

570 4554 728 4600 terra:
781 4539 1024 4609 proxima
1088 4542 1256 4589 totam
1314 4532 1588 4604 regionum
1659 4530 1971 4585 fulminibus
2027 4542 2148 4583 cre-

2258 4555 2345 4608 nbi
2393 4553 2514 4624 fuga
2563 4553 2758 4608 sinitur
2791 4530 3163 4621 autjubetur,
3202 4552 3430 4608 alteram
3477 4554 3568 4608 ubi
3603 4555 3855 4624 arguitur

569 4633 823 4691 berrimis
877 4627 1301 4684 discurrentibus
1350 4624 1589 4689 obtexit,
1635 4632 1695 4676 ut
1746 4632 1800 4676 et
1848 4623 1946 4690 ipsi
2005 4622 2152 4690 impii

572 4737 781 4782 terrore
815 4719 1082 4791 perculsi,
1106 4717 1492 4774 confiterentur
1521 4715 1623 4768 hoc
1655 4721 1964 4786 sanctorum
1992 4727 2154 4766 causa

569 4815 710 4871 fieri.
757 4811 838 4864 Ad
889 4823 1118 4877 quorum
1143 4807 1306 4862 etiam
1350 4805 1605 4873 reliquias
1633 4819 1754 4858 cum
1796 4817 1888 4857 eas
1919 4811 2156 4872 postmo-

571 4909 700 4964 dum
748 4900 1174 4964 Mediolanenses
1207 4912 1417 4952 summa
1461 4895 1741 4951 devotione
1777 4895 2148 4964 susciperent,

569 4997 787 5071 quidam
837 5007 1015 5050 cmcus
1058 5005 1123 5044 ex
1174 4989 1353 5042 littore
1396 4986 1700 5040 Daltuatino
1741 4986 1922 5040 divino
1970 4985 2154 5038 admo-

571 5090 718 5145 nitus
775 5087 1030 5142 instinctu
1081 5079 1333 5142 veniens,
1382 5085 1528 5130 tacto
1578 5075 1750 5130 loculo
1800 5075 1977 5128 lumen
2012 5089 2157 5129 recc-

569 5180 678 5250 pit,
730 5187 791 5233 ut
833 5173 1024 5232 scribit
1067 5170 1255 5225 beatus
1283 5167 1538 5224 Paulinus
1586 5167 1638 5221 in
1682 5167 1803 5220 Vita
1850 5165 1990 5220 beati
2028 5165 2157 5218 Am-

570 5268 764 5324 brosii.

645 5373 884 5432 Treviris
906 5371 1170 5442 depositio
1197 5368 1370 5426 sancti
1403 5365 1676 5421 Maximini
1702 5365 1960 5436 episcopi.
1991 5365 2156 5436 Cujus

561 5449 882 5524 indumenta
943 5463 1298 5520 sacerdotalia
1359 5462 1413 5515 in
1461 5476 1597 5515 urna
1655 5474 1795 5514 aerea
1864 5458 1930 5514 ad
1981 5472 2153 5527 usque

571 5561 792 5626 nostra,
842 5557 952 5612 imo
991 5556 1446 5612 Nortmannorum
1500 5561 1764 5622 tempora,
1813 5551 1868 5605 in
1913 5550 2154 5605 testimo-

573 5670 709 5728 CAN.
756 5671 833 5726 lbi
876 5670 1090 5741 quidem
1134 5665 1627 5741 Carolus‘Magnus
1673 5663 1864 5741 asserit
1895 5663 1998 5717 hoc
2019 5677 2154 5741 opus

545 5733 911 5812 aggressum
929 5754 1049 5812 esse
1103 5754 1225 5812 cum
1269 5733 1574 5812 cohibentia
1615 5735 2012 5812 episcoporum,
2051 5733 2155 5812 hoc

577 5799 682 5877 εἰῗῇ
725 5803 849 5866 cum
899 5805 1207 5866 collibentia
1245 5808 1359 5866 sive
1386 5819 1629 5865 assensu.
1649 5799 1961 5883 Retinenda
1996 5803 2158 5875 igitur

2261 4655 2422 4714 atque
2476 4643 2760 4712 culpatur,
2811 4642 2889 4697 sic
2941 4642 3241 4713 intelligere
3292 4643 3538 4706 student,
3601 4653 3661 4696 ut
3706 4645 3854 4698 inter

2261 4751 2320 4792 se
2351 4751 2454 4790 non
2493 4737 2828 4802 reperiantur
2856 4748 2978 4789 esse
3007 4733 3296 4788 contrariae
3317 4772 3333 4798 ,
3367 4733 3511 4788 sicut
3547 4748 3654 4788 non
3688 4734 3854 4788 sunt?

2260 4828 2328 4881 Et
2377 4827 2476 4880 hoc
2515 4824 2783 4894 quomodo
2837 4824 3105 4894 reperitur
3161 4824 3264 4879 nisi
3312 4825 3655 4887 attendatur,
3703 4823 3854 4892 quod

2255 4915 2367 4986 jam
2421 4916 2667 4985 superius
2723 4915 3026 4984 disputavi,
3075 4922 3204 4968 tunc
3256 4913 3324 4968 de
3371 4912 3507 4968 locis
3558 4912 3612 4966 in
3654 4912 3852 4982 quibus

2261 5023 2480 5072 sumus,
2546 5015 2826 5076 premente
2904 5006 3280 5075 persecutione
3341 5003 3656 5075 fugiendum
3732 5017 3852 5058 esse

2210 5137 2222 5146 ο
2259 5099 2459 5156 Christi
2515 5099 2812 5162 ministris,
2863 5098 3077 5167 quando
3141 5097 3213 5152 ibi
3263 5096 3416 5168 plebs
3475 5096 3677 5152 Christi
3741 5110 3849 5150 non

2259 5191 2421 5245 fuerit
2460 5191 2543 5246 cui
2590 5191 2953 5255 ministretur;
3007 5197 3101 5243 aut
3141 5189 3304 5243 etiam
3349 5188 3544 5254 fuerit,
3578 5197 3636 5242 et
3671 5196 3853 5257 potest

2258 5282 2467 5352 impleri
2497 5297 2593 5352 per
2640 5282 2776 5337 alios
2821 5282 3189 5336 necessarium
3225 5280 3621 5343 ministerium,
3653 5279 3850 5349 quibus

2258 5371 2445 5424 eadem
2493 5386 2596 5424 non
2648 5378 2733 5423 est
2785 5383 2950 5424 causa
2999 5366 3238 5438 fugiendi
3291 5366 3494 5420 :sicut
3548 5367 3605 5421 in
3661 5377 3849 5436 sporta

2259 5460 2558 5524 submissus
2606 5456 2740 5530 fugit
2785 5456 3102 5528 Apostolus,
3147 5471 3269 5510 cum
3295 5470 3325 5508 a
3351 5463 3702 5524 persecutore
3734 5455 3849 5526 ipse

2259 5550 2476 5622 proprie
2519 5557 2880 5619 quaereretur,
2935 5547 3056 5602 aliis
3102 5546 3289 5615 utique
3335 5545 3720 5600 necessitatem
3777 5545 3848 5598 si-

2259 5663 2371 5718 luec
2414 5679 2518 5717 vox
2567 5677 2729 5731 quam
2783 5659 3172 5718 emendandam
3223 5659 3537 5731 autumabat
3563 5657 3842 5731 Canisius,

2255 5735 2450 5859 quippe
2475 5729 2919 5855 [ﬁer—consensum
2949 5731 3327 5803 episcoporum
3356 5729 3673 5800 eligentium
3701 5743 3843 5798 pra:-

2282 5819 2340 5858 cc
2370 5818 2452 5859 us.
2524 5817 2640 5858 asa.

2282 5817 2452 5860 CCIUS.
2481 5817 2640 5858 ISASN.
