4046 6422
224 374 358 437 T693

1249 366 1871 428 MARTYBOLOCIUM.
1908 396 1975 406 —
2006 363 2210 420 MENS.
2256 364 2416 421 MA".

3350 373 3484 429 1094

202 490 403 547 mum
449 500 563 541 ηοη
598 486 950 548 “meum”,
996 499 1023 538 ε
1067 485 1264 554 quibus
1308 484 1419 538 illic
1447 481 1804 536 ministerium:
1838 489 1881 540 Λ
1912 476 2144 539 gemitus
2189 478 2460 539 omnium,
2515 483 2569 530 et
2614 477 2966 545 quorumdam
3008 491 3208 549 quanta
3240 482 3487 556 blasphe-

217 582 360 635 absit
402 587 463 633 ut
510 578 853 632 desereretur
894 576 1178 638 Ecclesiae;
1230 576 1372 630 sicut
1417 574 1553 645 fugit
1585 584 1805 628 sanctus
1852 624 1853 627 η

208 667 555 725 Athanasius
620 667 1016 721 Alexandrinus
1089 666 1407 735 episcopus,
1484 679 1604 718 eum
1680 679 1803 717 eum

214 760 525 830 specialiter
574 759 978 827 apprehendere
1035 758 1387 813 Constantius
1433 765 1652 826 cuperet
1702 757 1803 809 im-

212 858 469 919 perator,
530 862 870 916 nequaquam
925 863 956 901 a
1014 847 1227 902 caeteris
1276 846 1537 900 ministris
1593 846 1803 899 deserta

215 938 371 1007 plebe
428 936 695 989 catholica
758 950 876 1004 qua:
922 936 976 989 in
1030 935 1351 989 Alexandria
1407 934 1802 988 commauebat.

212 1029 351 1084 Cum
396 1036 574 1079 autem
625 1025 778 1095 plebs
810 1035 992 1081 manet
1040 1037 1096 1081 et
1136 1026 1366 1082 ministri
1422 1025 1670 1095 fugiunt,
1706 1027 1805 1079 mi-

214 1118 611 1185 nisteriumque
667 1116 1037 1181 subtrahitur,
1072 1118 1220 1186 'quid
1278 1117 1385 1171 erit
1443 1118 1545 1171 nisi
1602 1131 1807 1172 merce~

214 1209 431 1261 narimn
475 1206 565 1257 illa
612 1204 739 1274 fuga
790 1206 1140 1269 damnabilis,
1180 1206 1375 1274 quibus
1414 1221 1519 1259 non
1564 1214 1647 1260 est
1673 1220 1803 1260 cura

202 1297 282 1351 de
332 1296 565 1351 ovibus?
624 1294 822 1350 Veniet
862 1296 1007 1350 enim
1060 1295 1254 1364 lupus,
1317 1311 1419 1350 non
1466 1297 1657 1362 homo,
1710 1297 1804 1352 sed

200 1388 493 1451 diabolus,
531 1387 621 1455 qui
653 1387 969 1456 plerumque
1013 1387 1197 1442 ﬁdeles
1228 1395 1501 1456 apostatas
1534 1402 1654 1443 esse
1684 1404 1804 1457 per-

214 1480 428 1543 suasit,
477 1480 674 1547 quibus
718 1479 1089 1548 quotidianum
1132 1478 1487 1533 ministerium
1542 1479 1801 1534 Dominici

210 1570 458 1640 corporis
524 1569 721 1633 defuit;
787 1577 842 1623 et
902 1570 1098 1639 peribit
1143 1569 1390 1624 infirmus
1446 1568 1498 1623 in
1549 1578 1634 1622 tua
1695 1586 1800 1625 non

214 1662 478 1725 scientia,
538 1662 630 1715 sed
700 1662 1038 1732 ignorantia,
1096 1660 1307 1726 .frater,
1356 1670 1576 1731 propter
1642 1676 1801 1730 quem

214 1751 466 1806 Christus
505 1762 748 1807 mortuus
797 1762 898 1807 est.
952 1754 1106 1820 Quod
1154 1763 1333 1807 autem
1374 1754 1441 1807 ad
1481 1768 1575 1807 eos
1611 1753 1804 1808 attinet

208 1843 307 1911 qui
354 1843 406 1895 in
461 1843 562 1897 hac
605 1860 665 1897 re
710 1860 816 1898 non
846 1843 1104 1899 falluntur
1150 1860 1360 1912 errore,
1388 1845 1479 1900 sed
1517 1846 1803 1900 formidine

215 1942 590 2000 superantur:
625 1948 797 2002 quare
845 1950 949 1989 non
996 1935 1174 2004 potius
1215 1948 1402 1989 contra
1449 1951 1603 1989 suum
1653 1937 1803 1990 timo.

213 2037 361 2084 rem,
407 2022 635 2077 Domino
687 2024 979 2079 miserante
1016 2033 1174 2094 atque
1230 2025 1544 2091 adiuvante,
1590 2024 1804 2081 fortiter

212 2112 508 2176 dimicant,
549 2129 617 2167 ne
693 2115 829 2167 mala
886 2116 1002 2169 sine
1060 2117 1464 2185 conthtratione
1512 2120 1801 2188 graviora,

211 2216 334 2271 quae
390 2201 556 2255 multo
604 2204 834 2272 amplius
885 2213 1011 2257 sunt
1075 2204 1395 2271 tremenda,
1449 2207 1804 2278 contingant?

212 2292 335 2351 Fiat
374 2294 473 2348 hoc
528 2293 615 2347 ubi
660 2294 753 2348 Dei
806 2295 1046 2349 charitas
1076 2295 1295 2366 flagrat,
1346 2312 1451 2351 non
1490 2298 1673 2352 mttndi
1712 2313 1805 2351 cu-

212 2380 410 2449 piditas
441 2382 631 2437 fumat.
662 2383 910 2437 Charitas
940 2385 1083 2438 enim
1111 2386 1242 2439 dicit
1274 2403 1287 2438 :
1327 2384 1456 2450 Quis
1479 2386 1802 2455 inﬁrmatur,

208 2483 262 2524 et
316 2488 409 2541 ego
466 2489 568 2525 non
627 2473 906 2541 inﬁrmor?
960 2472 1089 2539 Quis
1136 2475 1561 2539 scaudatizatur,
1618 2486 1664 2531 et
1713 2494 1805 2548 ego

216 2578 320 2613 non
372 2560 623 2632 uror?(l
670 2561 791 2615 Cor.
844 2563 946 2632 XI.)
1004 2562 1111 2616 Sed
1154 2563 1392 2616 Charitas
1439 2578 1506 2617 ex
1555 2563 1666 2619 Deo
1701 2575 1802 2620 est.

212 2650 443 2705 Oremus
492 2667 621 2721 ergo
676 2661 734 2706 ut
770 2653 838 2707 ab
889 2652 980 2706 illo
1026 2651 1211 2715 detur,
1252 2668 1283 2705 a
1324 2669 1430 2721 quo
1466 2653 1715 2722 jubetur;
1753 2666 1805 2710 et

208 2756 310 2809 per
356 2743 495 2796 hanc
547 2743 721 2812 magis
767 2744 1057 2797 timeamus
1097 2758 1166 2797 ne
1218 2759 1348 2797 oves
1393 2744 1594 2799 Christi
1649 2746 1813 2815 spiri-
1854 2738 1857 2741 ’

212 2830 375 2885 tualis
425 2832 676 2901 nequitia:
733 2833 911 2903 gladio
960 2834 1014 2887 in
1075 2834 1274 2901 corde,
1324 2849 1484 2903 quam
1544 2850 1611 2889 ne
1666 2835 1808 2891 ferro

211 2920 269 2974 in
306 2936 533 2990 corpore
576 2923 942 2987 trucidentur,
979 2923 1102 2990 ubi,
1134 2923 1382 2993 quando,
1418 2939 1539 2979 cum
1579 2926 1809 2994 quibus,

211 3026 531 3079 quocunque
576 3012 763 3066 mortis
806 3028 1001 3083 genere
1040 3013 1287 3067 morituri
1338 3022 1483 3067 sunt.
1541 3015 1711 3085 Magis
1744 3017 1807 3071 ti~

212 3114 457 3153 ineamus
505 3116 600 3162 ne,
654 3116 817 3154 sensu
859 3101 1119 3156 interiore
1162 3113 1455 3171 corrupto,
1498 3114 1681 3173 pereat
1713 3121 1806 3161 ca-

1904 567 2010 619 mia
2067 566 2133 620 de
2196 567 2438 620 absentia
2495 568 2920 623 ministeriorum
2970 580 3026 623 et
3074 573 3481 632 ministrorum!

1904 657 2039 713 Vide
2087 658 2214 726 quid
2265 657 2425 713 faciat
2478 659 2739 712 malorum
2787 662 3161 731 temporalium
3205 667 3397 732 timor,
3430 679 3488 723 et

1904 760 2102 818 quanta
2148 750 2201 803 in
2246 765 2311 804 eo
2364 752 2433 805 sit
2489 753 2774 822 acquisitio
2824 754 3087 808 malorum
3138 766 3485 815 aeternorum.

1906 841 1964 894 Si
2006 848 2184 895 autem
2241 841 2471 895 ministri
2519 845 2726 907 adsint,
2776 858 2876 913 pro
2918 844 3123 902 viribus
3167 864 3301 918 quas
3346 849 3490 906 Deus

1903 932 1984 987 eis
2033 932 2436 997 subministrat,
2492 935 2741 989 omnibus
2791 937 3152 992 subvenitur:
3190 939 3278 993 alii
3316 940 3492 1011 bapti-

1904 1031 2126 1088 zantur,
2185 1023 2273 1077 alii
2337 1025 2788 1092 reconciliantur,
2846 1027 2973 1082 nulli
3036 1029 3303 1086 Dominici
3364 1044 3488 1086 cor-

1900 1114 2048 1183 poris
2074 1114 2449 1169 communione
2478 1114 2829 1182 fraudantur;
2885 1132 3073 1172 omnes
3102 1118 3487 1185 consolantur,

1902 1204 2237 1258 aedificantur
2283 1214 2339 1259 et
2382 1206 2767 1270 exhortantur,
2810 1216 2870 1261 ut
2917 1208 3082 1262 Deum
3128 1220 3347 1279 rogent,
3396 1210 3488 1279 qui

1901 1304 2094 1365 potens
2123 1306 2207 1349 est
2230 1297 2411 1349 omnia
2439 1312 2559 1366 quae
2606 1298 2863 1352 timentur
2902 1309 3178 1365 avertere;
3211 1299 3386 1369 parati
3420 1300 3489 1354 ad

1904 1395 2220 1456 utrumque,
2269 1396 2327 1440 ut
2379 1389 2422 1442 si
2482 1404 2587 1443 non
2639 1398 2816 1457 potest
2866 1391 3095 1445 transire
3127 1390 3195 1445 ab
3222 1392 3301 1445 eis
3346 1392 3490 1445 calix

1904 1477 2038 1541 iste,
2080 1478 2172 1531 fiat
2218 1479 2468 1533 voluntas
2512 1479 2628 1549 ejus
2654 1480 2745 1548 qui
2779 1480 2902 1534 mali
2934 1481 3135 1551 aliquid
3178 1496 3283 1537 non
3313 1491 3493 1553 potest

1906 1566 2064 1620 velle.
2120 1564 2281 1621 Certe
2335 1565 2448 1633 jam
2497 1568 2649 1622 vides
2712 1568 2856 1637 quod
2925 1569 3220 1638 scripseras
3276 1580 3328 1624 te
3384 1585 3491 1624 non

1903 1656 2117 1721 videre,
2175 1666 2435 1724 quantum
2495 1658 2618 1711 boni
2666 1668 3071 1728 consequantur
3106 1660 3286 1730 pepuli
3337 1660 3494 1715 Chrio

1904 1744 2094 1809 stiani,
2125 1745 2169 1799 si
2223 1746 2274 1799 in
2321 1746 2676 1815 praesentibus
2718 1748 2872 1802 malis
2928 1764 3031 1803 non
3072 1750 3151 1804 eis
3185 1750 3325 1804 desit
3356 1764 3495 1818 prae-

1837 1825 1878 1882 Β
1907 1834 2077 1888 sentia
2138 1836 2507 1891 ministrorum
2554 1838 2753 1895 Christi
2806 1860 2819 1891 :
2861 1855 3089 1908 quorum
3132 1840 3283 1896 vides
3331 1841 3492 1896 etiam

1898 1932 2165 1994 quantum
2208 1927 2352 1981 obsit
2398 1929 2673 1993 absentia,
2723 1930 2850 1982 dum
2900 1944 2998 1984 sua
3048 1941 3330 2000 quaarunt,
3385 1948 3494 1986 non

1905 2030 2024 2085 quae
2074 2014 2199 2071 Jesu
2254 2015 2487 2083 Christi;
2547 2034 2647 2074 nec
2695 2020 2893 2073 habent
2943 2020 3087 2073 illam
3137 2023 3492 2085 charitatem,

1906 2107 1971 2161 dc
2022 2124 2126 2177 qua
2181 2109 2383 2164 dictum
2445 2120 2529 2164 est
2570 2125 2584 2163 :
2624 2108 2745 2163 Non
2805 2114 2991 2181 quierit
3042 2128 3157 2182 qua:
3211 2129 3310 2167 sua
3373 2123 3493 2166 sunt

1907 2196 1957 2263 (I
2002 2196 2123 2250 Cor.
2172 2200 2303 2269 xit);
2361 2215 2459 2255 nec
2501 2200 2783 2253 imitantur
2825 2216 2946 2254 eum
2994 2202 3084 2270 qui
3131 2203 3318 2257 dixit:
3373 2201 3496 2256 Non

1904 2299 2142 2353 qumrens
2170 2286 2308 2355 quod
2340 2287 2466 2338 mihi
2510 2287 2667 2351 utile,
2723 2287 2812 2340 sed
2860 2289 2997 2357 quod
3027 2289 3234 2353 multis,
3285 2301 3337 2343 ut
3367 2289 3498 2343 salvi

1905 2376 2034 2444 ﬁant
2077 2376 2126 2448 (I
2172 2377 2295 2431 Cor.
2348 2378 2425 2449 χ).
2480 2377 2581 2445 Qui
2635 2379 2795 2433 etiam
2844 2381 3207 2449 persecutoris
3241 2382 3498 2451 principis

1906 2466 2048 2521 illius
2100 2469 2323 2522 insidias
2384 2486 2490 2523 non
2554 2469 2810 2541 fugisset,
2865 2472 2967 2524 nisi
3023 2486 3081 2527 se
3135 2472 3256 2527 aliis
3303 2472 3499 2541 quibus

1906 2558 2246 2611 necessarius
2294 2567 2448 2623 erat,
2503 2574 2724 2614 servare
2770 2559 3049 2614 voluisset.
3101 2560 3327 2631 Propter
3355 2561 3501 2630 quod

1908 2648 1985 2701 ait
2018 2664 2030 2699 :
2065 2648 2361 2717 Compellor
2397 2659 2572 2702 autem
2623 2664 2688 2703 ex
2736 2648 2975 2715 duobus,
3024 2651 3499 2719 concupiscentiam

1908 2735 2102 2789 habens
2153 2736 2403 2801 dissolvi,
2439 2747 2488 2791 et
2534 2753 2643 2791 esse
2691 2753 2809 2790 cum
2856 2736 3096 2802 Christo,
3152 2738 3317 2792 multo
3361 2740 3499 2791 enim

1908 2828 2076 2898 magis
2122 2829 2408 2897 Optimum;
2458 2845 2672 2883 manere
2720 2838 2894 2882 autem
2925 2831 2980 2882 in
3024 2845 3211 2893 carne,
3265 2844 3504 2884 necessa-

1910 2919 2049 2971 rium
2095 2927 2305 2988 propter
2347 2936 2436 2973 vos
2483 2917 2740 2989 (Philipp.
2797 2919 2857 2988 ι).
2900 2918 2999 2974 Hic
3046 2928 3224 2973 autem
3272 2917 3501 2974 fortasse

1911 3010 2034 3079 quis
2075 3011 2251 3074 dicat,
2310 3010 2431 3066 ideo
2474 3010 2672 3066 debere
2720 3009 2905 3081 fugere
2944 3009 3221 3066 ministros
3253 3010 3344 3065 Dei
3380 3010 3502 3064 tali-

1912 3101 2014 3155 bus
2047 3092 2448 3156 imminentibus
2480 3100 2668 3167 malis,
2701 3112 2761 3156 ut
2800 3117 2858 3156 se
2905 3117 3003 3170 pro
3032 3102 3263 3156 utilitate
3311 3100 3499 3157 Eccle-

212 3191 371 3245 stitas
431 3192 579 3254 ﬁdei,
632 3208 795 3261 quam
860 3210 928 3248 ne
994 3192 1209 3247 feminae
1265 3195 1528 3250 violenter
1580 3179 1877 3253 eonstu-C
1910 3194 2003 3248 siae
2042 3193 2371 3263 temporibus
2416 3194 2879 3264 tranquillioribus
2907 3206 3145 3251 servent.
3198 3196 3365 3251 Recte
3398 3195 3501 3249 hoc

213 3292 442 3350 preutur
488 3283 539 3336 in
585 3298 796 3338 carne:
835 3284 958 3353 quia
1002 3285 1255 3339 violentia
1299 3302 1403 3340 non
1449 3286 1676 3341 violatur
1708 3304 1806 3357 pu-

215 3370 432 3434 dicitia,
482 3371 525 3425 si
570 3385 748 3428 mente
795 3385 1070 3439 servetur;
1111 3377 1363 3445 quoniam
1410 3394 1511 3432 nec
1561 3379 1612 3432 in
1645 3394 1809 3436 carne

214 3464 482 3530 violatur,
535 3467 750 3535 quando
816 3468 1063 3522 voluntas
1123 3470 1374 3539 patientis
1435 3487 1529 3525 sua
1582 3473 1809 3542 turpiter

218 3568 384 3610 carne
438 3571 543 3609 non
604 3556 808 3622 utitur,
870 3560 963 3612 sed
1020 3560 1137 3613 sine
1197 3562 1554 3617 consensione
1618 3562 1809 3616 tolerat

218 3647 360 3712 quod
404 3644 541 3698 alius
605 3656 880 3716 operatur.
932 3648 1099 3718 Magis
1144 3649 1431 3706 timeamus
1480 3666 1546 3705 ne
1596 3652 1807 3722 lapides

218 3733 326 3786 vivi
376 3735 788 3805 esstinguantur
840 3737 1208 3792 deferentibus
1266 3739 1450 3802 nobis,
1511 3756 1676 3810 quam
1737 3757 1807 3797 ne

220 3821 425 3893 lapides
456 3835 510 3880 et
555 3825 696 3897 ligna
737 3836 1074 3883 terrenarum
1123 3830 1473 3885 aedificiorum
1510 3832 1807 3888 incendan-

225 3924 312 3968 tur
339 3918 690 3983 praesentibus
720 3918 891 3973 nobis.
928 3918 1093 3989 Magis
1141 3920 1425 3977 timeamus
1473 3938 1540 3978 ne
1569 3926 1810 3979 membra

222 4007 464 4076 corporis
487 4007 706 4072 Christi,
736 4008 991 4065 destituta
1025 4010 1290 4079 spirituali
1327 4013 1495 4079 victu,
1527 4023 1810 4079 necentur,

224 4112 385 4167 quam
434 4099 673 4155 membra
722 4104 966 4172 corporis
1010 4105 1178 4159 nostri
1224 4120 1445 4175 oprcssa
1497 4106 1677 4161 hostili
1714 4107 1811 4160 im-

224 4196 352 4259 petu
401 4198 772 4258 torqueantur.
812 4193 927 4247 Non
972 4195 1096 4265 quia
1143 4195 1245 4249 ista
1291 4212 1395 4250 non
1435 4205 1559 4250 sunt
1592 4197 1810 4251 vitanda

225 4294 351 4334 cum
382 4289 636 4349 possunt,
667 4282 760 4335 sed
786 4285 910 4351 quia
940 4285 1118 4352 potius
1159 4295 1284 4339 sunt
1312 4286 1562 4353 ferenda,
1596 4288 1811 4358 quando

226 4372 386 4425 vitari
416 4372 532 4427 sine
574 4372 850 4442 impietate
896 4389 1001 4427 non
1047 4384 1290 4444 possunt.
1336 4376 1447 4431 Nisi
1487 4378 1625 4432 forte
1667 4379 1816 4447 quis-

226 4476 390 4530 quam
439 4463 813 4527 contenderit,
865 4478 971 4517 non
1021 4480 1141 4518 esse
1189 4465 1495 4520 ministrum
1556 4468 1809 4537 impium,

1911 3283 1971 3338 fit
2005 3300 2034 3338 a
2064 3284 2413 3355 quibusdam,
2467 3288 2683 3355 quando
2728 3302 2833 3340 non
2883 3288 3077 3342 desunt
3106 3288 3193 3342 alii
3231 3304 3327 3357 per
3365 3302 3501 3357 quos

1910 3377 2224 3446 suppleatur
2265 3377 2692 3432 ecclesiasticum
2740 3378 3130 3444 ministerium,
3175 3394 3242 3434 ne
3290 3379 3358 3431 ah
3386 3394 3502 3432 om.-

1911 3467 2068 3522 nibus
2121 3467 2431 3533 deseratur,
2485 3470 2626 3538 quod
2681 3468 2876 3524 fecisse
2922 3470 3278 3537 Athanasium
3336 3484 3499 3539 supra

1910 3554 2147 3609 diximus
2182 3574 2195 3609 :
2230 3571 2352 3609 nam
2404 3571 2566 3627 quam
2612 3558 2974 3612 necessarium
3018 3554 3182 3611 fuerit
3213 3558 3498 3623 Ecclesiae,

1912 3655 2281 3714 quantumque
2340 3644 2629 3714 profuerit,
2683 3645 2824 3714 quod
2878 3647 2961 3700 vir
3029 3646 3118 3701 ille
3191 3648 3389 3700 mansit
3446 3648 3500 3701 iu

1915 3749 2108 3798 carne,
2142 3734 2405 3789 catholica
2438 3735 2569 3790 fides
2616 3738 2797 3800 novit,
2829 3750 2948 3806 quae
2986 3737 3243 3791 adversus
3270 3737 3502 3792 Arianos

1914 3828 2199 3883 haereticos
2244 3844 2340 3882 ore
2392 3828 2534 3883 illius
2583 3836 2638 3882 et
2686 3842 2870 3883 amore
2922 3827 3139 3883 defensa
3187 3837 3289 3883 est.
3334 3848 3351 3879 ι
3390 3828 3503 3882 Hoc

1914 3920 2244 3975 breviarium
2298 3920 2472 3975 sancti
2535 3918 2712 3974 Patris
2766 3918 3047 3974 Athanasii
3103 3934 3265 3974 causa
3331 3919 3417 3973 hic
3472 3934 3501 3973 a

1915 4011 2072 4067 nobis
2113 4010 2368 4083 positum,
2399 4028 2674 4083 magnum,
2726 4020 2785 4067 ut
2825 4013 3008 4080 credo,
3052 4012 3351 4084 legentibus
3376 4027 3505 4066 con-

1916 4101 2054 4155 feret
2116 4101 2571 4165 emolumentum,
2635 4112 2691 4157 et
2755 4102 2823 4157 ad
2888 4100 3271 4173 inquirendum
3331 4112 3503 4155 totum

1918 4189 2047 4244 illud
2077 4189 2425 4259 opusculum,
2458 4190 2739 4245 dulcedine
2763 4190 2850 4246 sui
2884 4192 3146 4261 praebebit
3182 4192 3503 4245 incitamen-

1924 4288 2056 4333 tum.

1992 4370 2057 4425 111
2088 4370 2222 4425 ΚΑΙ..
2267 4370 2386 4425 Jua.
2414 4400 2482 4409 —
2515 4370 2699 4423 Roma:
2749 4369 2835 4422 via
2866 4369 3107 4435 Aurelia,
3150 4370 3203 4424 in
3240 4377 3502 4425 coemete-

1925 4464 2027 4528 rio,
2071 4463 2244 4517 sancti
2284 4462 2479 4516 Felicis
2537 4476 2708 4531 papm.
2739 4460 2838 4527 Qui
2899 4476 3020 4516 cum
3062 4476 3230 4516 annos
3272 4462 3509 4531 quinque

228 4551 319 4619 qui
378 4559 502 4605 tunc
564 4552 832 4605 subtrahit
896 4552 1255 4606 ministerium
1319 4555 1505 4623 pietati
1566 4535 1817 4610 necessa-
1853 4535 1898 4592 Ῐ)
1931 4552 2161 4607 rexisset
2196 4552 2491 4607 Ecclesiam
2545 4554 2643 4605 sub
2685 4552 2907 4605 Claudio
2947 4552 3208 4621 principe,
3250 4554 3511 4622 martyrio

228 4642 404 4705 rium,
444 4643 657 4712 quando
701 4644 870 4715 magis
908 4654 992 4698 est
1034 4646 1418 4700 necessarium.
1466 4650 1549 4702 An
1590 4664 1696 4702 non
1731 4664 1823 4703 co-

231 4730 506 4803 gitamus,
549 4748 673 4785 cmn
719 4734 786 4786 ad
829 4733 1055 4786 istorum
1100 4734 1459 4803 periculorum
1510 4736 1825 4804 pervenitur

231 4830 509 4887 extrema,
561 4837 659 4876 nec
708 4832 791 4876 est
838 4832 1077 4892 potestas
1125 4824 1231 4878 ulla
1278 4823 1547 4893 fugiendi,
1590 4836 1824 4896 quantus
1858 4830 1872 4843 '

230 4911 285 4964 in
326 4910 565 4965 Ecclesia
610 4913 722 4966 fieri
772 4913 943 4968 soleat
980 4914 1048 4968 ab
1095 4924 1320 4985 utroque
1364 4930 1496 4969 sexu
1550 4927 1712 4985 atque
1753 4918 1821 4971 ab

230 4998 379 5051 omni
430 5008 589 5053 tetatc
644 5016 970 5067 concursus;
1028 5003 1147 5059 aliis
1201 5004 1524 5073 baptismum
1574 5004 1819 5077 flagitan-

234 5090 411 5153 tibus,
460 5090 579 5146 aliis
630 5094 1147 5158 reconciliationem,
1193 5095 1312 5150 aliis
1353 5097 1515 5150 etiam
1560 5098 1822 5166 pmnitcne

237 5183 325 5238 tia:
391 5183 558 5250 ipsius
616 5184 911 5249 actionem,
969 5186 1217 5240 onmibus
1284 5187 1705 5243 consolationem
1767 5196 1822 5244 et

235 5284 696 5328 sacramentorum
742 5273 1131 5328 confectionem
1178 5283 1231 5329 et
1277 5277 1665 5345 erogationem.
1719 5276 1819 5332 Ubi

237 5363 286 5420 si
327 5364 556 5417 ministri
604 5364 811 5429 desint,
854 5375 1115 5433 quantum
1165 5367 1389 5420 exitium
1443 5370 1687 5439 sequitur
1728 5384 1822 5423 eos

240 5453 333 5523 qui
372 5453 439 5508 dc
490 5453 592 5508 isto
639 5454 836 5509 saeculo
888 5455 968 5509 vel
1021 5472 1125 5509 non
1171 5460 1470 5527 regenerati
1507 5468 1707 5513 exeunt
1739 5459 1824 5514 vel

245 5542 424 5614 ligati!
471 5542 713 5609 Quantus
754 5554 836 5599 est
881 5546 1044 5600 etiam
1092 5546 1267 5600 luctus
1320 5547 1554 5602 fidelium
1601 5552 1667 5603 de
1710 5566 1831 5619 per-

245 5633 445 5686 ditione
493 5632 722 5687 filiorutn
775 5649 1027 5699 suorum,
1080 5635 1170 5703 qui
1220 5650 1314 5691 cos
1364 5651 1545 5691 secum
1600 5638 1654 5691 in
1710 5642 1831 5693 vita:

246 5733 460 5784 adernt
521 5726 705 5797 requie
758 5743 865 5784 non
930 5730 1232 5787 habebunt!
1297 5730 1544 5797 Quantus
1602 5732 1832 5801 denique

1926 4654 2218 4698 coronatus
2243 4653 2347 4698 est.
2391 4643 2490 4697 llic
2518 4643 2799 4697 constituit
2839 4658 3004 4711 super
3048 4643 3340 4698 memorias
3370 4659 3513 4697 tuar-

1925 4742 2104 4803 tyrum
2124 4734 2311 4786 missas
2331 4731 2618 4788 celebrari.
3150 4730 3153 4733 ’

1996 4822 2053 4875 In
2082 4821 2394 4887 Antiochia,
2425 4827 2737 4875 sanctorum
2760 4819 2954 4892 lsychii
2983 4819 3157 4893 [Syci]
3188 4830 3242 4877 et
3263 4821 3510 4886 Palatini,
3571 4829 3574 4833 ‘

1927 4912 2040 4981 qui,
2071 4921 2132 4967 ut
2179 4913 2238 4967 S.
2267 4911 2626 4982 llieronymns
2655 4912 2863 4978 scribit,
2898 4914 3065 4967 multa
3106 4918 3367 4968 termenta
3396 4928 3517 4981 pro-

1926 5015 2049 5075 pter
2078 5019 2271 5058 nomen
2304 5002 2505 5058 Christi
2537 5011 2661 5057 sunt
2683 5005 2849 5072 passi.

1998 5093 2261 5148 Turribus
2311 5092 2593 5160 Sardiniae,
2628 5103 2937 5149 sanctorum
2983 5105 3282 5164 martyrum
3322 5092 3515 5147 Gabini

1929 5193 1984 5239 et
2014 5184 2267 5254 Crispuli.

1998 5273 2055 5328 In
2087 5274 2420 5340 Nicomedia,
2442 5274 2730 5337 multorum
2767 5284 3085 5344 martyrum.

2002 5366 2189 5421 PRIDIE
2215 5366 2346 5420 ΚΑι.
2379 5367 2500 5423 Jun.
2525 5396 2593 5406 —
2612 5366 2798 5419 Roma:
2824 5367 3076 5419 nativitas
3107 5375 3307 5421 sanctae
3329 5366 3516 5421 Petro-

1934 5458 2085 5513 nellae
2107 5459 2353 5529 virginis,
2388 5458 2511 5512 filiae
2551 5458 2695 5512 beati
2728 5457 2871 5511 Petri
2903 5458 3150 5527 apostoli.
3183 5456 3353 5524 Quam
3384 5458 3513 5527 ipse,

1932 5552 2249 5623 rogantibus
2292 5551 2558 5613 fidelibus,
2589 5566 2618 5603 a
2666 5549 2897 5619 paralysi
2932 5552 3161 5615 curavit,
3184 5551 3276 5604 sed
3310 5564 3429 5602 mox
3462 5560 3518 5602 ut

1935 5645 2186 5700 sanitatis
2225 5643 2543 5698 miraculum
2590 5643 2641 5696 in
2668 5642 2869 5697 Christi
2922 5644 3137 5697 nomine
3169 5643 3418 5702 ostendit,
3451 5642 3517 5695 ad

1937 5738 2218 5808 grabatum
2252 5750 2371 5791 eam
2403 5734 2590 5790 salutis
2630 5736 2824 5790 animae
2865 5736 3037 5806 gratia
3083 5734 3258 5789 redire
3300 5734 3517 5790 manda-
