4046 6430
558 354 694 416 1098

1507 349 1565 404 Β.
1604 344 1898 405 MlTltERl
1931 344 2222 404 BALBULI
2259 348 2319 407 S.
2360 349 2563 409 GALLI
2601 350 2905 412 MONACHI

3684 359 3829 435 ιω

558 423 654 522 vit’.
687 465 758 521 At
782 462 872 520 ubi
914 461 967 517 in
992 459 1090 518 Dei
1136 458 1327 515 timore
1370 459 1533 528 coepit
1560 472 1683 513 esse
1728 456 1993 528 perfecta,
2031 471 2137 512 non
2165 462 2218 522 Α
2311 460 2443 517 Item
2472 464 2658 521 Romae
2686 474 2905 521 centum
2927 464 3202 538 octoginta
3224 475 3552 541 martyrum,
3579 476 3635 526 et

558 559 731 615 solum
786 556 903 626 ipsa
942 554 1088 610 salva
1124 551 1268 606 facta
1313 558 1414 613 est,
1462 565 1648 605 verum
1697 549 1862 603 etiam
1893 548 2141 618 plurimis

556 649 845 704 sanitatem
884 640 1227 715 recuperavit
1264 639 1599 695 orationibus
1629 638 1762 694 suis.
1793 636 1990 703 Quam,
2014 652 2142 707 quia

560 740 724 796 nimis
744 744 861 793 erat
884 734 1149 807 speciosa,
1191 730 1419 785 Flaccus
1457 744 1641 786 comes
1679 743 1778 784 suo
1817 725 1989 783 voluit
2014 743 2143 784 con-

551 831 707 904 jugio
730 829 951 887 sociari.
985 825 1092 882 Sed
1136 831 1321 880 sancta
1353 822 1525 893 virgo,
1555 820 1835 875 triduanas
1863 819 1931 874 ab
1960 834 2025 874 eo
2051 832 2144 889 pe~

555 932 679 980 tens
712 920 976 985 inducias,
1022 930 1145 972 cum
1189 911 1426 970 Felicula
1467 911 1797 968 collactanea
1838 926 1956 977 sua,
1987 925 2142 980 mque

554 1012 898 1071 sanctissima
924 1008 1155 1080 virgine,
1195 1015 1365 1061 totum
1408 1003 1539 1059 illud
1588 1002 1824 1073 spatium
1852 1002 1904 1057 in
1919 1000 2141 1070 jejuniis

554 1114 609 1160 et
629 1103 962 1159 orationibus
982 1099 1235 1169 explevit,
1250 1106 1305 1153 et
1326 1095 1572 1151 veniente
1586 1093 1644 1150 S.
1665 1094 1958 1150 Nicomede
1984 1107 2138 1163 pres-

551 1200 743 1271 bytero
770 1205 825 1252 et
850 1194 1050 1250 Christi
1074 1193 1330 1262 mysteria
1359 1189 1689 1253 celebrante,
1720 1204 1844 1242 mox
1870 1195 1931 1239 ut
1961 1184 2143 1239 Domi-

553 1289 660 1344 nici
690 1287 932 1357 corporis
960 1293 1015 1340 et
1065 1282 1347 1353 sanguinis
1390 1286 1732 1337 sacramenta
1775 1278 2036 1348 percepit,
2071 1278 2139 1334 ad

550 1379 744 1451 gaudia
771 1386 971 1433 aeterna
996 1374 1271 1446 migravit.

624 1469 825 1523 Eodem
854 1467 939 1521 die
965 1464 1104 1535 apud
1130 1461 1435 1533 Aquileiam
1460 1459 1642 1530 passio
1665 1470 1973 1515 sanctorum
1997 1457 2138 1513 Can-

554 1559 641 1621 tii.
668 1557 916 1614 Cantiani
956 1564 1013 1611 et
1056 1552 1392 1609 Cantianillze
1421 1551 1671 1617 fratrum,
1721 1551 1813 1620 qui
1843 1550 2143 1619 imperante

553 1649 886 1705 Diocletiano
915 1645 1161 1716 martyrii
1188 1643 1268 1699 sui
1296 1658 1512 1697 cursum
1543 1648 2078 1697 consummaverunt.

628 1743 886 1799 Turribus
916 1739 1197 1803 Sardiniae,
1225 1737 1282 1792 S.
1306 1735 1697 1791 Crescentiani.

2243 552 2549 625 plurimum,
2586 570 2818 625 quorum
2845 558 3064 613 nomina
3104 559 3248 614 Deus
3277 560 3381 615 scit
3404 560 3578 616 solus.

2310 646 2467 717 Apud
2512 646 2829 719 Lugdunum
2881 649 3090 718 Galliae,
3157 651 3414 707 nativitas
3459 655 3828 726 quadraginta

2239 743 2363 792 octo
2410 746 2732 807 martyrum,
2764 741 3099 809 temporibus
3126 741 3293 799 Marci
3337 741 3545 799 Aurelii
3592 746 3745 811 Veri,
3772 756 3833 803 et

2238 828 2496 883 Antonini
2522 839 2682 899 atque
2702 829 2856 886 Lucii
2892 830 3127 888 ﬁliorum
3152 834 3290 905 ejus.
3320 834 3549 901 Quando
3570 852 3671 908 per
3688 838 3832 894 mul-

2241 925 2327 974 tas
2355 919 2504 975 orbis
2534 920 2760 975 Romani
2792 924 3098 993 provincias
3128 939 3195 981 ex
3236 927 3631 983 acclamatione
3656 938 3713 984 et
3738 945 3831 985 εει

2241 1010 2450 1066 ditione
2491 1011 2677 1084 vulgi,
2726 1015 3136 1084 persecutiones
3177 1020 3440 1075 adversus
3485 1018 3834 1079 Christianos

2241 1092 2514 1157 dirissime
2547 1104 2832 1159 concitata:
2856 1115 3003 1173 sunt,
3033 1107 3108 1161 ita
3145 1118 3205 1163 ut
3231 1110 3400 1165 multa
3426 1110 3594 1165 millia
3616 1121 3831 1182 marty-

2242 1207 2360 1246 rum
2411 1208 2507 1262 per
2556 1194 2676 1251 loca
2710 1196 2919 1268 singula
2973 1200 3182 1255 tierent.
3213 1200 3331 1268 Qno
3373 1211 3646 1271 tempore,
3687 1204 3834 1274 apud

2240 1280 2560 1353 Lugdunum
2585 1292 2639 1337 et
2662 1284 2950 1352 Viennam,
2967 1289 3129 1343 urbes
3147 1288 3494 1362 Gallite,erga
3522 1290 3617 1346 Dei
3642 1306 3835 1348 servos

2240 1387 2402 1443 supra
2427 1388 2587 1430 omne
2613 1377 2938 1433 narrationis
2957 1393 3121 1450 genus
3139 1381 3521 1450 suppliciorum
3544 1392 3600 1438 et
3619 1384 3835 1439 crucia-

2244 1474 2392 1521 tuum
2414 1468 2609 1523 modus
2630 1470 2905 1527 exhibitus
2930 1482 3033 1537 est,
3078 1474 3151 1528 ita
3179 1483 3237 1528 ut
3264 1460 3500 1543 primum
3538 1477 3830 1531 domorum

2243 1558 2349 1613 illis
2374 1559 2755 1629 prohiberetur
2778 1563 3062 1629 habitatio,
3093 1565 3205 1620 vini
3232 1565 3429 1621 deinde
3460 1580 3596 1621 usus
3619 1575 3676 1619 et
3717 1567 3834 1621 bai-

2244 1662 2494 1714 nearum,
2517 1657 2638 1719 post
2666 1651 2829 1707 etiam
2866 1667 3151 1719 ,‘roeessus
3175 1655 3242 1709 ad
3284 1655 3582 1725 publicum,
3609 1655 3679 1709 ad
3710 1656 3834 1710 ulti-

2246 1755 2417 1804 mum,
2442 1754 2509 1793 ne
2529 1742 2749 1797 omnino
2788 1742 2843 1797 in
2881 1744 3122 1814 quolibet
3149 1745 3268 1802 loco
3290 1747 3434 1801 domi
3461 1746 3712 1817 forisque
3737 1763 3833 1817 pu-

629 1834 687 1890 In
711 1834 989 1904 Hispania,
1020 1829 1241 1886 civitate
1275 1828 1528 1885 Gerunda
1548 1868 1563 1895 ,
1598 1826 1873 1892 Germani,
1909 1824 2138 1891 Victuri,
2169 1812 2215 1874 Β
2242 1830 2381 1887 blico
2401 1829 2718 1905 privatoque
2735 1812 3068 1892 viderentur.
3084 1836 3324 1910 Denique
3339 1840 3571 1909 quodam
3589 1812 3833 1909 tempore

553 1925 793 1998 Sylvani,
823 1922 1159 1994 Telesphori,
1190 1919 1458 1976 Victorini
1481 1928 1536 1976 et
1562 1918 1792 1975 aliorum
1825 1915 2137 1975 multorum.

1189 2095 1481 2158 JUNIUS.

552 2247 786 2308 Mensts
839 2242 1073 2305 Junius
1132 2241 1311 2303 habet
1368 2241 1497 2302 dies
1557 2259 1709 2304 xxx.
1768 2241 1852 2300 Et
1908 2241 1975 2300 in
2025 2241 2141 2302 hoc

631 2344 849 2395 mense,
884 2319 1253 2383 hebdomade
1297 2319 1607 2389 secunda,
1658 2319 1780 2381 erit
1809 2318 2142 2381 celebratio

632 2401 1056 2481 Jejum'orum.

627 2538 758 2594 ΚΜ..
786 2538 1000 2594 Ιυηί-
1028 2538 1213 2593 Romae
1254 2534 1522 2591 dedicatio
1552 2534 1611 2590 S.
1648 2534 1957 2593 Nicomedis
1984 2551 2127 2619 pres
2178 2576 2211 2588 ..

554 2632 729 2703 byteri
757 2644 811 2687 et
859 2629 1137 2702 martyris,
1174 2626 1331 2697 cujus
1376 2628 1699 2693 martyrium
1746 2644 1860 2682 xvii
1912 2627 2118 2685 Kalend

552 2719 743 2778 Octob.
770 2720 1098 2777 celebratur.

625 2810 757 2866 Item
792 2809 978 2866 Romae
999 2808 1256 2864 nativitas
1300 2805 1479 2879 Lyciae
1502 2806 1762 2880 [Luceize]
1802 2808 2031 2878 virginis
2085 2814 2141 2865 et

551 2899 770 2955 Aueeiae
796 2897 939 2969 regis
964 2897 1345 2962 barbarorum,
1370 2895 1587 2967 Rogati,
1610 2894 1890 2962 Germani,
1921 2894 2141 2966 Sylvani

551 3005 676 3045 cum
706 2989 829 3044 aliis
858 2987 978 3058 plus
1015 3001 1179 3057 quam
1207 2984 1486 3040 trecentis.

619 3076 680 3131 In
711 3074 1095 3131 Thessalonica
1121 3072 1375 3127 nativitas
1406 3071 1583 3128 sancti
1617 3070 1849 3129 Octavii.

621 3164 680 3220 In
719 3164 1027 3229 Antiochia,
1053 3161 1254 3217 Zosimi
1293 3170 1347 3217 et
1374 3160 1570 3217 Teclte.

618 3254 773 3325 Apud
800 3252 1101 3309 Caesaream
1137 3250 1435 3307 Palaestina:
1462 3250 1646 3321 passio
1672 3249 1845 3306 sancti
1869 3248 2135 3321 Pamphili

548 3342 871 3416 presbyteri,
905 3341 1006 3397 viri
1036 3340 1366 3396 admirandae
1395 3340 1518 3395 tidei
1562 3350 1619 3395 et
1673 3338 1995 3395 sanctitatis.
2033 3340 2135 3408 Qui

549 3441 929 3510 persecutione
950 3436 1227 3493 Maximini
1261 3435 1524 3506 martyrio
1571 3442 1863 3490 coronatus
1892 3442 1996 3490 est.
2022 3434 2135 3488 Ilu-

543 3531 637 3601 jus
665 3534 833 3588 vitam
863 3531 1132 3588 Eusebius
1170 3528 1523 3585 Cazsariensis
1548 3527 1833 3598 episcopus
1860 3527 2030 3583 tribus
2072 3527 2137 3583 Ii-

547 3623 662 3679 bris
686 3621 1110 3693 comprehendit.
1133 3619 1241 3676 Sed
1271 3630 1326 3674 et
1347 3620 1537 3674 beatus
1560 3616 1921 3689 Hieronymus
1944 3615 2135 3672 scribit

548 3713 796 3782 quatdam
818 3709 1091 3766 volumina
1126 3724 1291 3763 manu
1323 3708 1440 3779 ejus
1480 3715 1702 3763 exarata
1731 3722 1792 3763 se
1827 3707 2130 3777 reperisse:

554 3823 572 3856 ι
607 3803 737 3871 Qua:
767 3811 936 3867 tanto,
970 3801 1165 3872 inquit,
1215 3798 1512 3869 amplector
1549 3806 1604 3852 et
1641 3812 1798 3853 servo
1828 3797 2044 3868 gaudio,
2075 3804 2135 3851 ut

547 3895 721 3951 Crmsi
751 3908 880 3965 opes
920 3893 1121 3949 habere
1150 3906 1236 3946 me
1265 3890 1503 3945 credam.
1545 3888 1601 3943 Si
1643 3889 1788 3943 enim
1819 3887 2017 3942 laetitiae
2050 3895 2134 3942 est

547 3999 714 4039 unam
744 3982 1029 4053 epistolam
1066 3981 1270 4036 habere
1302 3979 1581 4050 martyris,
1614 3984 1819 4047 quanto
1848 3976 2020 4047 magis
2055 3986 2133 4032 tot

547 4074 719 4130 millia
759 4088 1042 4139 versuum,
1069 4085 1190 4141 qua:
1222 4070 1356 4125 mihi
1380 4069 1597 4125 videtur
1625 4068 1708 4124 sui
1753 4067 2028 4135 sanguinis
2055 4066 2132 4124 si-

455 4157 457 4160 ⁴
547 4178 740 4237 gnasse
764 4162 1029 4232 vestigiis.
1069 4179 1088 4212 ι

616 4256 817 4311 Eodem
840 4254 926 4309 die
953 4252 1217 4323 depositio
1264 4250 1437 4307 sancti
1479 4249 1724 4320 Caprasii
1768 4249 1981 4307 abbatis
2008 4265 2129 4307 mo-

544 4347 770 4402 nasterii
801 4344 1124 4401 Lirinensis.

613 4437 855 4506 Viennae,
884 4434 1091 4491 Claudii
1115 4441 1170 4488 et
1188 4431 1415 4487 Ilelladii
1441 4431 1843 4503 episcoporum.

2240 1930 2453 1980 astante
2477 1925 2693 1982 tribuno
2720 1937 2776 1983 et
2800 1929 3128 1998 primoribus
3162 1931 3417 1996 civitatis,
3445 1947 3546 2002 pro
3568 1931 3707 1987 solis
3738 1948 3832 1987 ac-

2241 2014 2657 2075 clamationibus
2690 2020 2896 2091 populi,
2926 2022 3165 2092 correpti
3196 2031 3251 2078 et
3292 2023 3344 2078 in
3374 2037 3661 2079 carcerem
3695 2026 3832 2079 trusi

2241 2118 2369 2164 sunt
2392 2108 2690 2166 Christiani
2720 2127 2892 2182 usque
2922 2114 2989 2167 ad
3032 2115 3374 2183 praesentiam
3403 2115 3677 2185 praesidis.
3704 2116 3835 2169 Cui-

2241 2216 2348 2272 que
2372 2201 2677 2258 advenienti
2710 2202 3031 2269 otl‘eruntur,
3068 2205 3120 2259 in
3166 2220 3304 2276 quos
3338 2206 3426 2261 ille
3453 2214 3604 2260 tanta
3628 2206 3831 2261 crude-

2241 2289 2393 2348 litate
2420 2292 2620 2348 abusus
2663 2301 2769 2359 est,
2819 2302 2880 2349 ut
2899 2296 3120 2351 saevitia:
3170 2295 3287 2365 ejus
3327 2296 3537 2368 species
3582 2297 3832 2369 singulas

2242 2395 2403 2437 nemo
2423 2384 2595 2453 possit
2615 2398 2905 2454 exponere.
2937 2384 3083 2441 Inter
3124 2388 3339 2443 eosdem
3376 2403 3505 2444 vero
3528 2399 3829 2460 martyres,

2242 2468 2371 2525 licet.
2395 2486 2585 2528 omnes
2613 2472 2668 2527 in
2692 2471 2910 2529 Christo
2951 2474 3138 2532 ﬁdeles
3177 2485 3232 2532 et
3274 2476 3558 2533 fortissimi
3597 2476 3834 2534 fuissent

2242 2560 2468 2630 inventi,
2514 2565 2570 2620 bi
2614 2573 2793 2621 tamen
2829 2566 2897 2622 ad
2950 2568 3117 2624 Deum
3149 2579 3205 2625 et
3241 2571 3490 2626 homines
3522 2586 3833 2642 apparuere

2242 2658 2496 2729 praecipui
2526 2676 2539 2714 :
2565 2658 2829 2716 Photinus
2849 2661 3097 2717 videlicet
3120 2664 3423 2734 episcopus,
3465 2664 3560 2734 qui
3585 2680 3831 2735 nonage-

2242 2750 2395 2804 naria
2428 2758 2587 2805 aetate
2607 2759 2882 2821 gravatus,
2910 2753 3037 2808 dum
3074 2755 3143 2810 ab
3195 2755 3418 2810 ecclesia
3466 2756 3533 2810 ad
3566 2755 3833 2821 tribunal,

2242 2849 2298 2895 et
2331 2854 2362 2895 a
2417 2841 2671 2897 tribunali
2734 2843 2801 2898 ad
2860 2859 3137 2900 carcerem
3186 2846 3530 2912 deferretur,
3597 2856 3655 2901 et
3708 2856 3834 2917 post

2243 2930 2441 2988 nimias
2469 2932 2642 2988 caedes
2666 2941 2722 2988 et
2749 2933 2973 3004 injurias
2996 2939 3045 2992 ei
3086 2936 3279 3003 factas,
3308 2938 3468 3008 paulo
3488 2948 3613 3010 post
3640 2940 3832 2994 incon-

2244 3021 2565 3076 taminatum
2590 3022 2758 3078 edidit
2797 3024 3080 3094 spiritum;
3104 3036 3160 3082 et
3188 3027 3481 3083 Zacharias
3514 3028 3829 3100 presbyter,

2166 3156 2213 3221 ϐ
2242 3113 2333 3183 qui
2376 3128 2474 3184 pro
2494 3114 2803 3171 defensione
2828 3116 3057 3173 fratrum
3082 3117 3330 3191 exemplo
3357 3118 3559 3175 Christi
3586 3121 3830 3174 animam

2242 3205 2396 3257 su‘am
2442 3206 2655 3275 posuit;
2691 3216 2747 3263 et
2794 3206 3101 3281 chagatus
3153 3208 3530 3283 [Epagatbus],
3564 3212 3657 3282 qui
3710 3212 3830 3283 ejus

2238 3294 2541 3353 imitatione
2581 3314 2705 3355 cum
2732 3309 2875 3356 esset
2918 3303 3282 3361 nobilissimus
3314 3313 3372 3361 et
3396 3304 3827 3371 eruditissimus,

2238 3390 2393 3461 quasi
2446 3390 2740 3447 advocatus
2794 3392 3260 3463 Christianorum,
3299 3411 3397 3467 pro
3442 3395 3700 3452 omnibus
3746 3404 3831 3451 est

2240 3483 2615 3556 interemptus.
2674 3487 2941 3546 Diaconus
3006 3504 3222 3560 quoque
3268 3489 3487 3545 nomine
3544 3499 3599 3545 et
3658 3505 3828 3560 Opere

2238 3584 2482 3642 sanctus,
2515 3576 2608 3646 qui
2649 3577 2905 3634 inauditis
2942 3579 3218 3635 cruciatus
3253 3579 3559 3645 tormentis,
3599 3580 3740 3634 adeo
3768 3588 3830 3635 ut

2238 3669 2533 3724 candentes
2561 3669 2789 3725 laminas
2814 3670 2939 3727 aeris
2967 3679 3022 3727 et
3054 3671 3182 3726 ferri
3228 3685 3355 3742 erga
3395 3670 3679 3743 inguinum
3709 3670 3827 3726 loca

2236 3759 2545 3815 delicatiora
2583 3775 2809 3831 quaeque
2858 3761 3223 3817 membrorum
3267 3761 3584 3817 instauratis
3608 3761 3826 3831 ignibus

2238 3855 2469 3905 tortores
2514 3851 2852 3916 adhiberent,
2883 3860 2939 3907 et
2978 3866 3142 3922 super
3187 3851 3375 3909 sellam
3428 3851 3664 3906 ferream
3713 3853 3824 3923 igni

2235 3942 2512 4010 supposito
2549 3941 2899 4010 collocarent,
2930 3959 3031 3999 nec
3056 3952 3232 3999 tamen
3259 3959 3380 3999 eum
3408 3959 3440 3997 a
3485 3944 3591 3998 [ide
3613 3942 3825 3998 Christi

2234 4033 2520 4089 deﬂectere
2567 4034 2846 4100 valerent,
2884 4050 3006 4090 cum
3046 4035 3227 4089 Attalo
3280 4044 3335 4091 et
3378 4034 3610 4101 Maturo,
3660 4036 3823 4090 caesis

2232 4123 2377 4179 ferro
2429 4125 2764 4193 cervicibus,
2827 4128 3072 4199 martyrii
3131 4128 3364 4198 palmam
3428 4127 3608 4197 adepti
3670 4138 3821 4182 sunt.

2232 4215 2493 4270 Blandina
2535 4217 2696 4271 etiam
2741 4218 2986 4287 quaedam
3034 4218 3434 4288 femina,cujus
3469 4220 3823 4275 teneritudini

2232 4323 2421 4363 omnes
2460 4317 2763 4364 metuerent
2802 4326 2815 4362 :
2852 4311 2998 4365 cuia
3027 4311 3201 4381 prima
3247 4311 3364 4366 luce
3398 4325 3568 4381 usque
3606 4312 3675 4365 ad
3698 4326 3824 4365 vcs-

2230 4414 2417 4469 peram
2485 4409 2752 4455 tormenta
2807 4393 3021 4472 semper
3067 4402 3405 4470 innovantes,
3443 4403 3511 4458 ad
3566 4403 3821 4457 ultimum

610 4528 679 4583 ιγ
706 4492 855 4584 NON:
869 4524 991 4582 πυΝο
1019 4555 1089 4565 _
1111 4523 1296 4578 Romae
1340 4492 1596 4577 mugitus
1625 4492 1955 4579 ‘sancmmm
1983 4521 2124 4587 Μαι.-
2154 4506 2206 4567 ι)
2233 4494 2405 4548 victos
2438 4507 2497 4548 se
2528 4500 2758 4547 tortores
2806 4492 3163 4559 conﬁtentur;
3199 4510 3318 4564 qure
3344 4503 3399 4548 et
3430 4493 3669 4549 secundo
3698 4495 3820 4562 pul-

547 4619 725 4677 cellini
756 4616 1080 4691 presbyteri,
1106 4625 1161 4670 et
1187 4613 1335 4669 Petri
1372 4614 1676 4670 exorcistae.
1707 4614 1809 4682 Qui
1836 4614 2032 4669 multos
2070 4615 2122 4668 in

542 4725 762 4768 carcere
792 4710 859 4763 ad
880 4707 1039 4763 ﬁdem
1060 4706 1260 4762 Christi
1284 4714 1686 4773 convertentes,
1719 4714 1844 4777 post
1862 4706 1977 4761 dira
2010 4706 2125 4760 \iu-

542 4800 663 4858 cula
711 4807 765 4855 et
803 4797 1038 4868 plurima
1071 4805 1337 4851 tormenta
1385 4794 1637 4851 decollati
1683 4803 1828 4860 sunt,
1875 4809 2123 4865 persecu-

543 4894 688 4948 tione
714 4887 1055 4953 Diocletiani,
1094 4886 1389 4957 subjudice
1411 4884 1636 4942 Severo.
1664 4886 1770 4942 Sed
1790 4886 1879 4957 qui
1913 4901 2007 4941 eos
2031 4887 2128 4941 de-

541 4981 784 5047 collavit,
833 4978 971 5035 vidit
1012 4977 1225 5032 animas
1268 4990 1458 5032 eorum
1493 4977 1773 5049 Splendida
1810 4985 2034 5033 ornatas
2057 4977 2125 5033 ab

540 5071 746 5143 angelis
794 5069 924 5124 ferri
957 5068 1025 5123 ad
1066 5067 1253 5133 caelos,
1285 5075 1341 5123 et
1382 5067 1762 5139 ptenitentiam
1812 5083 2001 5140 agens,
2023 5069 2124 5123 sub

536 5162 680 5219 Julio
706 5178 841 5235 papa
878 5162 1187 5231 baptizatus
1214 5167 1300 5216 est
1338 5159 1392 5214 in
1434 5167 1717 5215 senectute
1752 5174 1869 5225 sua,
1903 5158 2124 5214 nomine

539 5256 866 5314 Dorotheus.
917 5254 993 5309 Ex
1040 5252 1290 5325 plurimis
1317 5261 1498 5308 autem
1547 5252 1638 5322 qui
1680 5268 1778 5323 per
1820 5251 2120 5305 doctrinam

537 5364 729 5407 eorum
756 5349 807 5403 in
838 5347 1115 5405 Christum
1144 5345 1427 5401 credentes
1455 5344 1713 5414 baptizati
1753 5350 1897 5407 sunt,
1932 5341 1983 5395 id
2012 5348 2118 5406 est,

539 5446 800 5502 trecentis
828 5443 958 5496 viris
982 5450 1038 5497 et
1060 5439 1336 5511 amplioris
1373 5437 1583 5494 numeri
1608 5435 1848 5501 feminis,
1884 5434 2120 5490 decolla-

539 5543 629 5590 tns
656 5541 739 5587 est
765 5530 1039 5586 Artemius
1079 5544 1201 5583 cum
1253 5542 1422 5581 uxore
1472 5542 1567 5582 sua
1615 5524 1879 5591 Candida,
1911 5533 1968 5579 et
2010 5522 2121 5579 ﬁlia

537 5622 781 5682 Paulina.
823 5637 943 5691 quae
985 5633 1080 5689 per
1109 5617 1323 5672 beatum
1369 5616 1587 5675 Petrum
1617 5615 1943 5676 cxorcistam
1966 5628 1997 5669 a
2027 5613 2122 5670 de-

538 5712 721 5771 monio
751 5709 1118 5767 fuitlibcrata.
1746 5769 1752 5771 Α
2048 5700 2051 5701 ⁷

2227 4597 2345 4643 sata
2383 4586 2710 4642 cruciatibus
2756 4602 2860 4641 non
2903 4597 3209 4657 superatur.
3239 4586 3423 4641 Tertio
3469 4600 3687 4657 quoque
3729 4586 3821 4642 die

2229 4680 2451 4750 religata
2490 4680 2557 4733 ad
2602 4679 2861 4749 stipitem,
2906 4688 3068 4749 atque
3121 4679 3174 4734 in
3227 4679 3407 4734 crucis
3443 4678 3662 4733 modum
3702 4677 3820 4731 dis-

2226 4778 2408 4834 tensa,
2433 4770 2618 4825 heStiis
2646 4769 2897 4840 pabulum
2923 4779 3275 4841 prteparatur.
3306 4769 3479 4837 Quam
3509 4784 3632 4824 cum
3664 4767 3816 4823 nulla

2224 4876 2291 4918 ex
2342 4862 2422 4916 eis
2470 4862 2693 4917 auderet
2750 4862 3083 4934 contingere,
3128 4874 3345 4921 rurSum
3396 4871 3684 4920 revocatur
3745 4864 3818 4918 ad

2226 4971 2526 5013 carcerem.
2560 4955 2762 5023 Quarto
2797 4957 2961 5012 etiam
3003 4958 3319 5014 verberibus
3360 4966 3505 5023 acta,
3534 4955 3818 5013 craticulis

2227 5059 2438 5114 exusta,
2464 5059 2520 5105 et
2552 5049 2719 5104 multa
2763 5049 2866 5103 alia
2908 5064 3188 5120 perpessa,
3232 5050 3300 5105 ad
3352 5049 3604 5105 ultimum
3633 5049 3817 5121 gladio

2216 5142 2517 5213 iugulatur.
2552 5142 2704 5197 Tunc
2733 5152 2788 5197 et
2816 5141 3074 5199 Ponticus
3111 5157 3247 5213 puer
3277 5157 3544 5198 annorum
3574 5143 3814 5213 quinde-

2223 5236 2327 5288 cim
2356 5250 2452 5304 per
2480 5233 2662 5288 omnia
2698 5241 3089 5288 tormentorum
3127 5247 3327 5304 genera
3362 5247 3485 5287 cum
3518 5230 3633 5300 ipsa
3684 5246 3817 5287 cru-

2223 5328 2418 5393 ciatus,
2452 5336 2509 5382 et
2552 5336 2795 5382 materna
2824 5327 2942 5397 ejus
2978 5326 3359 5381 adhortatione
3393 5323 3809 5387 corroboratus,

2223 5428 2349 5475 ante
2377 5419 2521 5473 illam
2566 5417 2881 5489 martyrium
2920 5416 3331 5472 consummavit.
3360 5413 3671 5468 Alexander
3714 5428 3817 5467 au-

2224 5522 2333 5569 tem
2362 5512 2628 5578 medicus,
2658 5526 2857 5587 genere
2881 5509 3085 5582 Phryx,
3105 5509 3342 5581 qualiter
3361 5507 3544 5563 omnia
3566 5514 3815 5561 tormen-

2225 5615 2400 5662 torum
2440 5620 2638 5678 genera
2681 5601 3039 5674 superaverit,
3074 5607 3131 5657 et
3175 5600 3349 5657 victor
3408 5598 3476 5653 ad
3526 5595 3811 5652 Christum

2223 5702 2547 5772 porrexerit,
2580 5696 2970 5771 congruentius
3006 5695 3061 5753 in
3097 5694 3289 5770 quinto
3341 5692 3484 5781 libro
3537 5688 3810 5748 ecclesia-
