4046 6472
220 474 363 579 46m

1276 503 1899 565 MARTYROLOGIUM.
1935 489 2005 547 ὲ-
2043 499 2245 559 MENS.
2286 498 2433 558 JUN.

3355 500 3486 555 £098

218 634 341 689 tiea‘.
367 627 647 694 Historiae,
679 626 824 682 unde
870 623 972 680 ista
1015 620 1418 692 excerpsimus,
1470 619 1800 674 invenietur.
1836 624 1883 683 Α
1910 614 2014 668 ﬁdc
2037 611 2368 674 roborasset,
2398 608 2513 662 sive
2560 606 2626 661 ad
2670 605 2831 662 ﬁdem
2870 605 3072 663 Christi
3112 593 3488 675 convertisset,

217 727 449 783 Nomina
472 738 600 778 vero
621 720 934 777 eorumdem
969 726 1265 788 martyrum
1306 717 1408 770 ista
1450 722 1576 767 sunt
1616 712 1803 767 :Pho-

218 818 367 872 tinus
402 810 708 885 episcopus,
742 809 1040 866 Zacharias
1075 809 1378 879 presbyter,
1421 805 1654 860 Sanctus
1690 804 1804 858 dia-

217 924 408 969 conus,
442 906 673 961 Vetitius
719 901 977 976 [Vetius],
1006 901 1099 972 qui
1143 909 1199 955 et
1239 899 1542 970 Repagatus
1575 896 1805 970 [Epaga-

219 998 395 1071 thus],
451 996 797 1060 Macharius,
841 992 1225 1063 Asclepiades,
1272 990 1366 1061 qui
1428 989 1533 1044 alio
1589 988 1806 1043 nomine

219 1091 423 1147 dicitur
456 1086 787 1152 Alcibiades,
823 1085 1046 1151 Silvius,
1086 1084 1321 1150 Primus,
1355 1082 1565 1153 Ulpius,
1593 1080 1804 1146 Vitalis,

218 1180 556 1245 Comminus,
592 1178 850 1243 October,
887 1176 1249 1243 Philominus,
1310 1173 1601 1238 Geminus,
1643 1170 1806 1238 Vilia,

218 1272 440 1336 Albina,
469 1268 655 1334 Grata,
682 1268 911 1339 Rogata,
941 1265 1163 1321 Emilia
1184 1305 1201 1332 ,
1230 1265 1493 1329 Potamia,
1527 1262 1807 1334 Pompeia,

220 1361 507 1426 Rhodana,
561 1359 753 1426 Biblis,
807 1358 1035 1426 Quarta,
1075 1356 1329 1423 Materna,
1375 1356 1544 1427 Elpis,
1601 1369 1719 1425 qua:
1756 1364 1810 1410 et

219 1456 465 1511 Ammas.
489 1452 550 1507 Hi
568 1451 786 1523 quidem
810 1448 1192 1505 diversissimis
1215 1447 1479 1504 mortibus
1499 1445 1809 1516 interempti

221 1554 370 1602 sunt.
404 1543 470 1599 Hi
495 1550 674 1598 autem
713 1540 902 1596 bestiis
930 1539 1113 1595 traditi
1158 1548 1321 1594 sunt:
1349 1536 1585 1592 Sanctus
1621 1552 1803 1607 supra-

220 1639 423 1703 dictus,
455 1636 717 1700 Maturus,
746 1633 981 1701 Attalus,
1005 1632 1331 1697 Alexander,
1352 1631 1631 1696 Ponticus,
1652 1630 1810 1684 Blan-

222 1732 373 1796 dina,
410 1728 679 1792 Arisleus,
730 1724 1039 1790 Cornelius,
1073 1724 1343 1789 Zosimus,
1394 1722 1569 1789 Titus,
1612 1720 1808 1787 Julius,

220 1824 459 1887 Zoticus,
525 1820 862 1892 Apollonius,
913 1818 1301 1884 Geminianus,
1347 1814 1509 1883 Julia,
1551 1814 1807 1879 Ausonia,

220 1912 735 1979 EmiliaJannica,
782 1909 1063 1979 Pompeia,
1116 1910 1347 1974 Domna,
1401 1906 1576 1973 Justa,
1630 1906 1808 1962 Thro-

1904 713 2133 758 vocante
2208 701 2470 765 Domino,
2527 698 2787 770 martyrio
2860 699 3078 765 clarus,
3134 710 3320 755 sancto
3384 701 3492 757 ﬁne

1906 797 2128 868 quievit.

1974 887 2282 944 Aurelianis
2307 885 2571 959 depositio
2601 886 2774 943 sancti
2804 884 3037 942 Leifardi
3063 885 3386 959 presbyteri.

1977 980 2020 1036 ll
2060 981 2194 1036 Non.
2234 979 2353 1036 JUN.
2379 980 2753 1036 —Noviduno
2811 981 3050 1048 civitate,
3080 981 3275 1047 Zotici,
3302 980 3494 1048 Attali,

1906 1071 2180 1143 Eutychii,
2208 1088 2331 1128 cum
2358 1072 2477 1128 aliis
2502 1072 2708 1128 multis.

1978 1164 2037 1218 In
2069 1163 2253 1219 Sicilia
2284 1174 2596 1221 sanctorum
2634 1164 2979 1238 Expergentii
3017 1173 3071 1221 et
3114 1163 3305 1223 Cristae
3351 1180 3497 1223 mar-

1910 1264 2109 1328 tyrum.

1986 1352 2043 1406 ln
2090 1351 2391 1417 Pannonia,
2438 1352 2655 1409 civitate
2702 1352 2953 1420 Sabaria,
2994 1351 3180 1409 Rutuli
3218 1368 3341 1410 cum
3380 1352 3500 1410 aliis

1911 1445 2141 1503 duobus.

1978 1536 2036 1590 ln
2068 1537 2299 1609 Illyrico,
2332 1537 2551 1594 civitate
2574 1537 2773 1605 Fiscia,
2808 1538 3064 1595 nativitas
3090 1540 3263 1595 sancti
3291 1538 3504 1606 Quirini

1910 1631 2167 1702 episcOpi.
2199 1630 2299 1697 Qui
2326 1633 2703 1701 persecutione
2727 1631 3041 1686 Maximiani
3072 1647 3169 1701 pro
3216 1632 3322 1687 ﬁde
3346 1632 3504 1687 Chri-

1911 1723 2004 1788 sti,
2030 1723 2195 1795 ligato
2223 1723 2289 1778 ad
2315 1738 2534 1777 manum
2562 1725 2754 1779 molari
2786 1740 2939 1790 saxo,
2974 1724 3026 1777 in
3070 1723 3270 1779 flumen
3318 1723 3507 1794 praeci-

1909 1815 2110 1885 pitatus
2136 1824 2239 1882 est,
2269 1822 2325 1870 et
2352 1816 2834 1871 circumstantibus
2861 1816 3157 1871 collocutus
3182 1814 3513 1878 diutissime;

1910 1923 1977 1963 ne
2003 1908 2120 1979 ejus
2149 1917 2483 1965 terrerentur
2504 1910 2771 1981 exemplo,
2802 1911 2889 1963 vix
2932 1909 3145 1964 tandem
3176 1909 3428 1978 precibus
3451 1916 3513 1961 nt

220 2010 437 2080 phima,‘
466 2007 724 2063 Antonia.
756 2004 998 2072 Quorum
1020 2002 1262 2058 omnium
1288 2001 1530 2072 reliquiae
1561 2000 1670 2072 igni
1696 2010 1807 2055 tra-
1839 1999 1885 2059 B
1912 2014 2248 2072 mergeretur
2292 2003 2544 2058 obtinuit.
2574 2001 2739 2071 Cujus
2784 2003 3026 2073 reliquiae
3072 2001 3344 2057 translatae
3385 2013 3512 2057 sunt

223 2102 348 2157 ditae
383 2110 438 2156 et
486 2101 540 2155 in
579 2098 902 2153 Rhodanum
928 2095 1153 2151 ﬂuvium
1199 2096 1459 2166 dispersm
1502 2104 1663 2160 sunt;
1695 2094 1808 2162 sed,

222 2192 353 2262 ipsis
380 2190 711 2262 martyribus
734 2187 1119 2251 revelantibus,
1143 2184 1403 2250 collectae,
1426 2190 1481 2238 et
1502 2183 1556 2238 in
1579 2182 1813 2239 ecclesia

223 2284 606 2355 Apostolorum
657 2282 911 2345 conditae,
960 2278 1306 2334 creberrimis
1342 2277 1635 2333 virtutibus
1671 2278 1813 2348 apud

226 2374 396 2429 Deum
426 2374 609 2429 vivere
632 2372 997 2427 declarantur.
1023 2368 1264 2436 Quorum
1288 2362 1638 2423 festivitatem
1671 2367 1816 2423 cives

223 2465 598 2536 Lugdunensis
634 2464 817 2530 urbis,
865 2464 1116 2520 omnibus
1176 2463 1532 2532 nndequaque
1570 2461 1817 2516 laztanter

222 2572 320 2626 per
351 2557 669 2612 descensum
696 2554 935 2609 ﬂuminis
962 2568 1084 2608 cum
1115 2553 1330 2624 hymnis
1354 2563 1409 2607 et
1438 2553 1665 2608 canticis
1694 2566 1817 2622 gra-

224 2646 499 2701 tulationis
523 2645 865 2716 procedendo
904 2643 1377 2709 concelebrantes,
1419 2643 1817 2714 missarumque

223 2737 485 2793 solemnia
507 2738 561 2791 in
582 2738 771 2794 eadem
794 2737 1025 2793 ecclesia
1040 2737 1232 2793 festive
1255 2738 1482 2793 Domino
1504 2738 1815 2805 reddentes,

221 2844 293 2884 ex
317 2828 662 2898 antiquorum
690 2829 985 2884 traditione
1026 2828 1202 2899 ipsam
1241 2829 1384 2884 diem
1426 2827 1816 2883 Miraculorum

223 2918 521 2989 appellant.
552 2919 728 2975 Locus
756 2928 938 2975 autem
968 2920 1021 2974 in
1054 2935 1161 2989 quo
1191 2920 1336 2989 passi
1382 2930 1509 2975 sunt
1537 2921 1816 2976 Athenaeo

222 3020 469 3075 vocatur,
494 3010 723 3081 ideoque
748 3012 1001 3067 dicuntur
1028 3021 1295 3084 martyres
1320 3012 1742 3067 Athenacenses.
1824 3048 1828 3067 ς

300 3100 364 3155 lll
404 3100 536 3157 Non.
576 3100 993 3159 Imm—Romae
1045 3102 1300 3157 nativitas
1338 3110 1653 3158 sanctorum
1677 3118 1820 3157 mar-

224 3201 411 3263 tyrum
432 3192 694 3261 Marcelli,
716 3194 895 3260 Avidi,
918 3194 1059 3260 Gaii,
1087 3194 1279 3250 Donati
1301 3211 1424 3251 cum
1449 3194 1569 3251 aliis
1590 3195 1820 3264 amplius

227 3298 394 3353 quam
426 3293 645 3340 centum
682 3285 1094 3356 quinquaginta.

1917 2094 2166 2161 Romam,
2196 2104 2249 2151 et
2271 2098 2462 2167 positae
2491 2099 2558 2151 ad
2589 2096 2970 2153 Catacumbas.

1997 2187 2134 2243 Non.
2174 2188 2297 2244 ἔωθε.
2318 2218 2387 2230 -
2409 2189 2466 2243 1η
2490 2189 2725 2260 Ᾰέςγρῑο
2752 2190 3007 2245 nativitas
3028 2198 3341 2245 sanctorum
3367 2203 3513 2243 mar-

1917 2286 2100 2352 tyrum
2130 2278 2415 2345 Marciani,
2449 2278 2706 2336 Nicandri
2738 2291 2792 2336 et
2816 2281 3109 2351 Apollonii.

1986 2369 2195 2437 Romae,
2210 2371 2464 2426 milliario
2480 2372 2731 2441 septimo,
2749 2371 3000 2428 Felicula:
3012 2381 3067 2427 et
3081 2371 3379 2428 Felicitatis
3392 2386 3515 2429 cum

1918 2463 2041 2519 aliis
2072 2463 2279 2521 multis.

1989 2556 2046 2610 In
2068 2557 2271 2611 Histria
2298 2556 2465 2622 Zoeli,
2508 2556 2712 2629 Satyri,
2749 2558 3020 2631 Thymini,
3054 2560 3359 2628 Saturnini,
3393 2559 3519 2616 Ser—

1918 2647 2053 2714 vuli,
2084 2647 2306 2715 Felicis,
2334 2648 2575 2719 Sylvani,
2606 2649 2908 2706 Fortunati.

1990 2740 2123 2796 Item
2146 2740 2332 2797 Romae
2362 2742 2533 2797 sancti
2564 2741 2823 2798 Bonifacii
2868 2744 3137 2815 martyris,
3170 2745 3271 2799 sub
3310 2743 3522 2799 Diocle-

1921 2831 2070 2887 tiano
2104 2840 2161 2887 et
2217 2831 2543 2887 Maximiano
2600 2835 2740 2903 apud
2777 2832 3039 2888 Tharsuni
3095 2834 3295 2890 Ciliciae
3347 2833 3518 2905 passi,

1921 2924 2015 2978 sed
2043 2922 2232 2979 Romae
2259 2924 2313 2978 in
2337 2923 2424 2978 via
2453 2924 2644 2978 Latina
2676 2925 2893 2996 sepulti.
2924 2925 3025 2993 Qui
3055 2942 3179 2981 cum
3210 2935 3353 2981 esset
3394 2940 3523 2996 pro-

1922 3026 2141 3071 curator
2188 3032 2369 3073 rerum
2417 3014 2695 3085 cujusdam
2745 3018 2940 3074 nobilis
2991 3028 3273 3085 matronae,
3305 3010 3523 3074 nomine

1920 3108 2139 3179 Aglaes,
2182 3118 2238 3165 et
2278 3125 2400 3165 cum
2450 3123 2514 3164 ea
2569 3109 2623 3163 in
2670 3119 2860 3180 stupro
2910 3109 3254 3177 misceretur,
3304 3110 3522 3165 tandem

1924 3210 2152 3272 uterque
2179 3201 2361 3257 divino
2386 3211 2519 3256 nutu
2549 3202 2878 3273 compuncti,
2905 3204 3188 3259 consilium
3220 3204 3525 3258 habuerunt

1923 3306 1983 3350 ut
2014 3297 2080 3351 ad
2108 3297 2457 3367 quaerendum
2485 3312 2712 3366 corpora
2740 3307 3038 3368 martyrum
3069 3296 3378 3351 Bonifacius
3408 3297 3525 3349 mit-

297 3380 355 3435 ln
410 3381 593 3437 Africa
647 3382 879 3449 Quirini,
929 3384 1206 3451 Abidiani,
1256 3384 1549 3457 Neophori,
1596 3384 1819 3453 Pambo,
1850 3368 1896 3431 Ο
1929 3399 2153 3455 teretur,
2203 3390 2247 3445 si
2278 3404 2384 3459 quo
2413 3390 2596 3454 modo,
2629 3389 2926 3444 servientes
2960 3396 3120 3458 atque
3166 3390 3526 3458 obsequentes

230 3473 527 3541 Ianuariae,
558 3475 863 3541 Demetrite,
890 3475 1044 3532 Zinci
1073 3485 1128 3533 et
1166 3476 1396 3532 alierum
1431 3487 1650 3534 centum
1686 3494 1824 3549 qua-

226 3566 481 3636 draginta
513 3582 731 3622 novem.

300 3660 455 3729 Apud
483 3659 739 3729 Aritium,
764 3661 1041 3719 civitatem
1071 3661 1303 3731 Tusciae,
1340 3673 1651 3722 sanctorum
1681 3681 1829 3722 mar-

228 3763 407 3825 tyrum
438 3751 745 3825 Pergentini
776 3763 831 3810 et
874 3755 1191 3811 Laurentini
1236 3756 1485 3813 fratrum.
1515 3757 1616 3825 Qui
1643 3773 1829 3829 perse-

227 3843 449 3897 cutione
482 3843 651 3911 Decii,
686 3847 785 3901 sub
821 3846 1004 3917 judice
1039 3847 1243 3914 Tertio,
1270 3866 1394 3904 cum
1440 3859 1623 3906 essent
1650 3851 1827 3921 pueri,

227 3940 357 4002 post
400 3934 515 3989 dira
564 3937 826 4007 supplicia
858 3938 1106 4005 tolerata,
1150 3949 1206 3995 et
1238 3940 1406 3996 multa
1453 3942 1711 3997 miracula
1742 3958 1828 3998 os-

232 4036 417 4092 tensa,
460 4028 640 4099 gladio
688 4031 814 4085 cassi
862 4040 1006 4096 sunt,
1054 4040 1110 4087 et
1158 4034 1296 4103 apud
1344 4035 1589 4090 eamdem
1639 4037 1828 4092 urbem

230 4118 435 4172 conditi
461 4138 474 4185 ;
505 4129 560 4175 et
584 4120 813 4176 aliorum
836 4122 1193 4193 plurimorum
1217 4125 1755 4197 quadringentorum.

303 4214 364 4268 lu
393 4214 686 4285 Campania
718 4219 860 4273 beati
907 4220 1119 4276 Erasmi
1163 4222 1485 4278 Antiocheni
1513 4222 1750 4295 episcopi
1775 4230 1833 4279 et

231 4312 511 4383 martyris.
543 4310 646 4377 Qui
694 4311 748 4365 in
793 4313 999 4369 Libano
1039 4324 1221 4370 monte
1267 4331 1365 4386 per
1410 4333 1579 4373 annos
1625 4325 1832 4388 septem

230 4403 402 4457 vitam
432 4401 770 4457 eremiticam
793 4404 966 4471 duxit,
992 4404 1300 4476 ibidemque
1322 4408 1490 4463 multa
1519 4409 1659 4464 mira
1680 4411 1828 4465 fecit.

236 4497 345 4551 Sed
374 4497 713 4566 postmodum
760 4513 791 4552 a
836 4498 1169 4554 Diocletiano
1212 4500 1542 4571 imperatore
1587 4517 1834 4572 compre-

233 4590 459 4653 hensus,
485 4596 540 4643 et
580 4589 736 4659 jussu
782 4589 952 4659 ipsius
982 4590 1159 4660 primo
1206 4590 1497 4659 plumbatis
1539 4593 1835 4649 crudeliter

238 4695 440 4745 caesus,
465 4681 655 4735 deinde
684 4680 918 4736 fustibus
954 4682 1257 4737 diutissime
1284 4693 1609 4739 maceratus.
1636 4684 1832 4740 Postea

1925 3486 2024 3551 eis,
2074 3500 2170 3555 per
2204 3499 2392 3539 eorum
2427 3485 2623 3539 merita
2678 3484 2875 3540 salvari
2924 3492 3286 3541 mererentur.
3330 3484 3527 3538 Perve-

1926 3576 2081 3631 niens
2131 3575 2295 3645 igitur
2334 3582 2456 3645 post
2500 3574 2615 3629 dies
2655 3574 2861 3644 aliquot
2906 3573 3195 3641 Tharsum,
3228 3575 3522 3629 festinabat

1927 3669 1997 3721 ad
2024 3666 2202 3721 locum
2227 3667 2319 3721 ubi
2350 3673 2505 3720 erant
2533 3665 2708 3719 sancti
2737 3673 3002 3737 martyres
3031 3666 3085 3719 in
3114 3681 3284 3736 agone
3310 3675 3525 3719 certan-

1930 3770 2028 3824 tes,
2060 3759 2303 3829 viditque
2348 3759 2515 3813 alium
2567 3776 2889 3829 suspensum
2919 3774 3017 3830 per
3040 3761 3202 3830 pedes
3233 3760 3353 3830 igne
3402 3775 3529 3828 sup-

1927 3850 2138 3923 posito;
2170 3850 2334 3905 alium
2366 3849 2422 3904 in
2457 3859 2691 3921 quatuor
2737 3850 2896 3921 lignis
2925 3860 3231 3917 extensum,
3260 3861 3312 3904 et
3342 3851 3531 3903 diutis~

1937 3946 2073 4002 sime
2103 3943 2396 4012 afﬂictum;
2436 3944 2601 3999 alium
2630 3945 2847 4015 ungulis
2876 3954 3179 4011 exaratum,
3213 3945 3377 4003 alium
3421 3962 3531 4000 tua.

1929 4038 2091 4093 nibus
2141 4037 2465 4103 abscissum,
2499 4035 2665 4092 alium
2717 4036 2953 4108 stipitem
2976 4036 3031 4091 in
3063 4036 3202 4092 collo
3236 4037 3531 4092 habentem

1932 4130 2182 4195 inﬁxum,
2211 4138 2267 4185 et
2294 4145 2325 4183 a
2357 4139 2503 4185 terra
2534 4128 2796 4195 levatum,
2828 4137 2882 4183 et
2908 4128 2988 4184 sic
3024 4129 3236 4184 diversa
3268 4128 3530 4198 supplicia

1931 4223 2181 4295 martyrii
2211 4223 2279 4279 ab
2324 4222 2489 4293 impio
2538 4222 2795 4278 carniﬁce
2843 4222 3105 4292 disposita
3143 4236 3266 4277 cum
3298 4219 3529 4283 eminus,

1933 4315 2147 4369 fervens
2194 4320 2251 4367 et
2297 4311 2411 4383 ipse
2445 4327 2629 4367 amore
2657 4311 2880 4376 Christi,
2921 4310 3235 4381 respiceret,
3276 4323 3530 4378 magnum

1935 4407 2105 4461 Deum
2133 4412 2445 4461 sanctorum
2473 4412 2770 4475 martyrum
2793 4402 3028 4458 clamare
3054 4401 3235 4470 erepit,
3259 4411 3315 4455 et
3341 4414 3535 4455 accur-

1935 4510 2062 4551 rens
2091 4495 2336 4550 consedit
2373 4493 2596 4564 pedibus
2625 4509 2837 4561 eorum,
2868 4493 3187 4549 deosculans
3222 4491 3435 4547 vincula
3468 4507 3532 4546 ac

1938 4588 2121 4643 dicens
2141 4604 2154 4642 :
2178 4606 2197 4639 ι
2219 4586 2458 4653 Certate,
2478 4595 2747 4658 martyres
2767 4586 2990 4653 Christi,
3006 4585 3213 4641 calcate
3235 4585 3529 4646 diabolum,

1939 4681 2212 4737 modicum
2265 4688 2625 4752 perseverate.
2687 4680 2893 4736 Parvus
2939 4680 3156 4750 quidem
3217 4678 3388 4743 labor,
3438 4680 3535 4734 sed

240 4772 445 4837 resina,
473 4771 750 4842 sulphure,
777 4772 1017 4843 plumbo,
1044 4773 1186 4843 pice,
1213 4789 1338 4829 cera
1366 4774 1592 4844 oleoque
1621 4776 1828 4839 solutis,
1859 4750 1913 4814 D
1940 4774 2108 4829 multa
2135 4783 2219 4830 est
2246 4750 2484 4843 requies,
2507 4783 2562 4826 et
2582 4771 2868 4827 ineffabilis
2887 4773 3227 4842 postmodum
3250 4773 3529 4827 satietas.»

237 4861 514 4931 perfusus,
560 4863 763 4934 ingenti
810 4863 1072 4918 miraculo
1119 4863 1315 4920 illaesns
1369 4867 1639 4936 apparuit.
1681 4867 1837 4934 Quod
1938 4866 2221 4936 Aspiciens
2250 4874 2430 4920 autem
2462 4864 2774 4934 Simplicius
2795 4864 2982 4934 judex,
3008 4865 3173 4936 jussit
3198 4880 3320 4920 eum
3357 4864 3533 4932 appli-

240 4954 394 5009 multi
421 4955 690 5021 videntes,
720 4955 880 5010 fidem
912 4956 1135 5021 Christi,
1170 4956 1386 5026 rejectis
1430 4957 1607 5023 idolis,
1652 4971 1837 5013 susce-
1938 4959 2053 5015 cari
2083 4960 2153 5013 ad
2186 4958 2424 5013 tribunal
2451 4966 2508 5013 et
2530 4957 2662 5012 dixit
2692 4957 2739 5011 ei
2770 4975 2783 5011 :
2818 4974 2837 5009 ‹
2867 4956 2999 5024 Quis
3025 4972 3085 5012 es
3123 4957 3217 5011 tu?
3247 4974 3267 5007 ›
3301 4955 3532 5009 Sanctus

240 5054 459 5118 perunt.
491 5047 620 5103 lnde
658 5049 924 5104 immenso
955 5050 1191 5118 pondere
1228 5050 1360 5105 ferri
1398 5051 1745 5117 constrictus,
1779 5052 1835 5107 in
1938 5051 2249 5108 Bonifacius
2299 5051 2437 5106 dixit
2470 5069 2484 5105 :
2522 5070 2540 5102 ι
2572 5050 2915 5106 Christianus
2956 5066 3075 5105 sum
3122 5059 3176 5105 et
3223 5047 3535 5103 Bonifacius

239 5155 460 5196 carcere
489 5143 586 5197 sub
618 5141 735 5197 dira
760 5141 1004 5195 custodia
1044 5143 1288 5199 reclusus
1315 5152 1415 5209 est,
1447 5146 1512 5200 de
1540 5160 1647 5215 qua
1674 5159 1839 5216 ange-
1939 5161 2122 5203 vocor.
2153 5164 2173 5198 ι
2224 5144 2376 5201 Tunc
2420 5146 2591 5201 iratus
2632 5143 2801 5213 judex
2831 5144 2994 5214 jussit
3020 5158 3144 5199 eum
3169 5140 3445 5210 suspendi,
3478 5150 3535 5195 et

241 5233 344 5288 lica
374 5233 679 5290 visitatione
712 5232 920 5289 solutus
943 5242 997 5286 et
1023 5220 1267 5304 ereptus;
1298 5236 1392 5291 sed
1420 5235 1564 5292 fama
1595 5238 1831 5293 miracu-

239 5326 419 5383 lorum
444 5325 770 5380 Maximiano
791 5324 1105 5393 imperatori
1130 5327 1396 5394 proditus,
1420 5329 1693 5384 renovatis
1713 5344 1836 5399 sup-

239 5416 421 5487 pliciis
451 5417 648 5471 iterum
691 5424 773 5471 est
820 5414 1115 5481 cruciatus,
1160 5415 1215 5469 in
1262 5424 1493 5483 tantum,
1539 5428 1599 5473 ut
1652 5419 1833 5474 tunica

240 5523 382 5562 aerea
414 5508 579 5578 ignita
607 5509 915 5572 vestiretur,
941 5516 997 5562 et
1024 5507 1077 5561 in
1098 5506 1258 5563 ollam
1279 5523 1400 5579 quae
1421 5509 1664 5578 plumbo,
1690 5514 1830 5582 pice,

244 5615 389 5663 cera,
422 5601 622 5665 resina,
652 5601 771 5656 oleo
803 5598 1096 5656 fervefacta
1122 5610 1261 5667 erat,
1294 5602 1710 5671 immitteretur;
1738 5607 1834 5661 sed

247 5693 447 5747 virtute
495 5691 705 5748 Domini
749 5695 928 5749 omnia
976 5710 1259 5764 superans,
1299 5703 1354 5750 et
1398 5696 1594 5752 illzesus
1640 5699 1834 5754 exinde

242 5782 617 5855 progrediens,
652 5794 815 5855 atque
860 5786 924 5840 ad
954 5787 1383 5843 confirmandum
1415 5797 1641 5845 caeteros
1667 5807 1697 5844 a
1728 5791 1832 5847 Do-

247 5876 396 5931 mino
423 5885 691 5944 servatus,
736 5879 789 5933 in
818 5874 1192 5949 Campaniam,
1223 5880 1467 5951 angelico
1511 5882 1747 5937 monitus
1776 5892 1832 5938 et

247 5968 487 6027 munitus
520 5969 736 6037 solatio,
765 5971 1029 6041 pervenit.
1067 5970 1171 6026 Ubi
1200 5986 1326 6027 cum
1346 5971 1609 6043 plurimos
1638 5973 1754 6030 sive
1776 5975 1833 6031 in

650 6086 926 6150 PATROL.
971 6087 1273 6154 CXXXI.

1941 5240 2128 5295 tandiu
2179 5250 2376 5308 corpus
2421 5237 2540 5307 ejus
2588 5237 2804 5308 ungulis
2854 5236 2990 5300 radi,
3030 5235 3202 5289 donec
3246 5248 3369 5287 ossa
3416 5230 3533 5300 ejus

1942 5341 2282 5402 apparerent.
2310 5330 2514 5386 Deinde
2548 5329 2785 5385 calamos
2808 5336 2996 5383 acutos
3026 5327 3128 5382 sub
3154 5326 3386 5397 ungulos
3413 5340 3534 5379 ma-

1942 5441 2106 5480 nuum
2138 5423 2255 5495 ejus
2280 5421 2438 5494 afﬁgi.
2466 5422 2711 5491 Cumque
2740 5429 2960 5475 sanctus
2987 5427 3217 5488 martyr,
3246 5419 3297 5471 in
3328 5416 3531 5471 caelum

1943 5517 2227 5587 aspiciens,
2260 5515 2515 5570 alacriter
2539 5513 2757 5569 dolores
2800 5511 3079 5575 toleraret,
3111 5510 3303 5565 videns
3330 5510 3533 5578 impius

1936 5609 2127 5678 judex,
2169 5608 2331 5679 jussit
2374 5606 2587 5676 aperire
2631 5620 2692 5661 os
2732 5605 2849 5676 ejus
2876 5611 2931 5659 et
2975 5602 3254 5674 plumbum
3298 5600 3533 5657 bulliens

1944 5699 2175 5755 infundi.
2207 5698 2440 5752 Sanctus
2466 5704 2646 5751 autem
2678 5704 2884 5765 martyr
2910 5695 3125 5751 dicebat
3158 5712 3171 5748 :
3202 5691 3413 5746 Gratias
3440 5689 3533 5743 tibi

1944 5808 2064 5861 ago,
2106 5789 2330 5843 Domine
2358 5788 2486 5842 Jesu
2526 5785 2753 5853 Christe,
2802 5786 2913 5841 Fili
2959 5787 3076 5841 Dei.
3124 5785 3327 5841 Deinde
3366 5783 3535 5852 judex

1938 5881 2103 5952 jussit
2129 5879 2310 5935 afferri
2338 5879 2523 5947 ollam,
2547 5888 2602 5934 et
2630 5895 2749 5935 eam
2779 5879 2899 5949 pice
2943 5877 3180 5949 impleri,
3214 5886 3377 5947 atque
3406 5892 3537 5931 san-

1945 5983 2091 6031 ctum
2141 5981 2436 6041 martyrem
2477 5986 2636 6032 verso
2681 5972 2857 6043 capite
2903 5971 2957 6027 in
2993 5971 3172 6040 picem
3218 5969 3533 6026 bullientem

2974 6088 3055 6150 35
