4046 6430
649 604 786 664 1099

1573 604 1631 661 Β.
1672 602 1973 662 ΝΟΤΚΕΒΙ
2012 600 2304 663 BALBULI
2342 607 2401 664 S.
2444 604 2648 663 GALLI
2684 604 2991 665 MONACHI

3747 616 3852 674 “00

647 722 808 778 mitti.
840 718 946 775 Sed
978 734 1099 774 cum
1120 700 1263 773 nihil
1290 692 1448 773 laesus
1477 719 1640 786 esset,
1663 717 1827 787 jussit
1848 714 2046 790 impius
2064 716 2230 789 judex
2256 726 2311 786 Α
2404 720 2589 778 Romae
2618 731 2928 779 sanctorum
2959 721 3189 779 Artemii
3214 728 3337 779 cum‘
3360 732 3526 781 uxore
3549 739 3635 781 sua
3661 728 3850 790 Candida

646 824 704 869 ut
728 814 907 885 gladio
930 821 1089 883 caput
1116 809 1232 882 ejus
1255 810 1684 868 abseinderetur.
1714 811 1833 881 Quo
1856 812 2002 869 facto
2046 810 2232 869 terrae-

645 916 828 983 motus
849 905 1024 984 factus
1047 913 1132 962 est
1158 920 1406 985 magnus,
1423 905 1497 960 ita
1524 913 1582 960 ut
1607 905 1761 961 multi
1779 904 2039 985 infideles,
2063 907 2232 962 virtu-

645 1012 753 1056 tem
785 999 985 1056 Christi
1028 1000 1082 1054 in
1131 1009 1369 1071 martyre
1396 1008 1707 1081 cernentes,
1751 1000 2055 1057 crederent.
2086 999 2233 1058 Socii

644 1102 825 1166 autem
854 1093 993 1165 ejus,-
1043 1092 1289 1149 tollentes
1334 1108 1533 1164 corpus
1579 1093 1769 1164 ipsius,
1801 1102 1857 1149 et
1898 1093 2232 1151 aromatibns

642 1185 977 1250 condientes,
1009 1186 1379 1257 perduxerunt
1404 1186 1471 1241 ad
1499 1186 1688 1243 urbem
1720 1174 1965 1244 Romam.
1992 1176 2232 1257 Angelus

640 1293 771 1336 vero
796 1278 1012 1333 Domini
1041 1294 1311 1350 apparens
1336 1279 1569 1335 dominae
1593 1279 1866 1355 quondam
1895 1280 2085 1351 ipsius,
2116 1295 2232 1336 rem

639 1373 838 1428 factam
882 1372 1024 1429 beati
1070 1372 1326 1445 martyris
1370 1373 1627 1428 indicavit
1664 1373 1735 1429 ei.
1779 1371 1910 1440 Quae
1946 1370 2230 1429 confestim

637 1484 763 1524 cum
808 1468 955 1524 omni
998 1468 1349 1524 veneratione
1390 1469 1631 1527 obviavit
1681 1478 1872 1525 sancto
1914 1468 2150 1539 corpori,
2180 1475 2235 1523 et

639 1561 914 1619 aediﬁcans
940 1561 991 1616 ei
1015 1562 1336 1617 memoriam
1363 1560 1602 1632 dignam,
1645 1560 1888 1631 reposuit
1931 1560 2062 1617 illud
2089 1560 2143 1615 in
2168 1574 2232 1615 ea

637 1655 708 1711 ab
743 1655 877 1711 urbe
918 1652 1094 1710 Roma
1137 1653 1325 1710 stadiis
1373 1653 1631 1725 quinque.
1675 1653 1842 1710 Beata
1891 1668 2022 1711 vero
2066 1651 2234 1725 Aglae

637 1747 1040 1806 abrenuntiavit
1088 1747 1287 1803 mundo
1330 1754 1385 1803 et
1436 1747 1650 1818 pompis
1704 1747 1843 1820 ejus,
1899 1746 2232 1803 distribuens

635 1841 890 1896 universa
929 1854 1050 1911 quae
1078 1839 1395 1912 possederat
1432 1839 1616 1912 egenis
1640 1855 1705 1898 ac
1745 1840 2113 1907 monasteriis,
2146 1834 2231 1896 re-

636 1933 830 1989 laxans
856 1933 1167 1990 universam
1209 1930 1473 1988 familiam
1509 1948 1665 1989 suam
1698 1949 1730 1988 a
1759 1931 1891 2006 jugo
1919 1931 2227 2001 servitutis;

634 2035 690 2082 et
718 2036 925 2082 tantam
950 2026 1183 2099 gratiam
1221 2041 1252 2081 a
1277 2025 1508 2083 Domino
1546 2025 1767 2092 meruit,
1806 2034 1867 2081 ut
1905 2025 1958 2080 in
1986 2021 2105 2095 ejus
2134 2039 2231 2080 no-

2338 821 2394 871 et
2433 812 2540 869 tilia
2567 812 2811 870 Paulina.
2840 808 2943 883 Qui
2970 813 3245 871 Artemius
3266 824 3391 871 cum
3418 824 3559 873 esset
3582 828 3739 877 custos
3761 838 3850 878 car-

2338 922 2547 971 cerum,
2577 914 2632 962 et
2662 904 2907 965 clausum
2941 910 3152 964 teneret
3194 909 3412 964 beatum
3456 900 3658 966 Petrum
3688 917 3851 972 exord-

2337 988 2473 1056 stam
2501 999 2557 1056 in
2586 1001 2849 1067 custodia,
2877 1012 2975 1073 per
3003 996 3379 1058 liberatiOnem
3409 1003 3577 1058 unicae
3617 996 3723 1060 illis:
3749 1000 3850 1062 Pau-

2336 1091 2468 1147 linm
2514 1106 2547 1148 a
2584 1090 2850 1147 daemonio
2881 1090 3113 1148 credidit
3156 1091 3212 1148 in
3260 1090 3552 1159 Ch’ristttm,
3593 1101 3641 1149 et
3666 1108 3692 1149 ι
3730 1095 3849 1152 beato

2337 1184 2646 1242 Marcellino
2674 1186 2995 1260 presbyteri)
3012 1182 3321 1258 baptizatus
3340 1192 3427 1243 eat
3446 1194 3565 1244 cum
3588 1190 3715 1245 omni
3731 1190 3850 1246 dom

2336 1292 2433 1334 sua
2459 1284 2515 1333 et
2545 1276 2666 1333 aliis
2697 1276 2901 1335 multis.
2933 1268 3086 1347 Qndd
3105 1271 3272 1348 jttdex
3299 1278 3513 1337 numine
3542 1278 3847 1351 sermnem

2338 1380 2518 1428 mente
2548 1370 2818 1440 turbidus,
2862 1362 3086 1429 audiens
3126 1360 3351 1441 factum,
3373 1375 3657 1432 Artemium
3680 1382 3726 1432 et
3745 1376 3849 1434 Can-

2337 1462 2513 1519 didam
2546 1460 2819 1534 filiamque
2846 1464 3087 1535 ipsorum
3117 1452 3400 1521 Paulinam
3439 1465 3537 1523 sibi
3560 1477 3847 1539 pnesentatos

2336 1555 2603 1613 immenso
2635 1556 2875 1628 pondere
2906 1556 3162 1614 ruderum
3185 1548 3353 1628 idssit
3377 1554 3547 1616 obrui.
3573 1550 3742 1633 Sicque
3761 1568 3847 1618 san-

2334 1646 2405 1701 cti
2433 1645 2530 1702 Dei
2559 1646 2626 1702 ad
2659 1649 2925 1720 passionis
2965 1646 3141 1705 locum
3170 1650 3443 1722 perducti,
3484 1648 3657 1710 beatus
3680 1653 3844 1725 quidem

2332 1737 2608 1796 Artemius
2651 1740 2830 1809 gladio
2850 1746 3165 1813 percussus,
3212 1746 3399 1800 sancta
3442 1750 3565 1801 vero
3603 1734 3845 1802 Paulinaet

2332 1828 2574 1887 Candida
2620 1838 2717 1903 per
2763 1831 2948 1890 limina
2998 1843 3201 1908 cryptae
3253 1836 3598 1909 praecipitatae
3638 1836 3843 1910 lapidibus

2333 1928 2458 1976 sunt
2487 1921 2718 1979 obrutae.

2405 2012 2692 2074 Noviduno
2717 2008 2979 2087 Amantii,
3005 2008 3160 2075 Lucii
3187 2025 3245 2075 et
3274 2010 3422 2079 beati
3447 2008 3723 2078 Aletah‘dri.

634 2119 781 2175 mine
802 2120 1068 2176 virtutum
1112 2118 1284 2192 signis
1308 2116 1659 2175 claresceret.
1706 2117 2128 2195 Stipervixitque
2174 2116 2232 2174 in
2260 2110 2309 2171 B
2403 2106 2747 2195 Alexandria:
2774 2110 2964 2167 Donati
2990 2121 3045 2169 et
3074 2102 3383 2187 Peregrini.

633 2210 822 2267 habitu
847 2210 1251 2268 sanctimoniali
1285 2225 1461 2267 annos
1488 2209 1772 2278 tredecim,
1803 2219 1860 2267 et
1903 2209 2115 2281 sepulta
2152 2217 2239 2267 est

638 2304 781 2373 apud
808 2304 1061 2360 eumdem
1087 2312 1410 2378 martyrem,
1433 2304 1540 2375 piis
1558 2304 1815 2375 operibus
1836 2313 2234 2361 consummata.

632 2392 1006 2465 Martyrizavit
1033 2401 1216 2449 autem
1241 2395 1434 2450 beatus
1458 2391 1772 2450 Bonifacius
1800 2394 2012 2451 decimo
2034 2402 2232 2464 quarto

633 2486 723 2541 die
744 2485 951 2543 mensis
978 2484 1125 2551 Maii,
1153 2486 1294 2556 apud
1325 2485 1596 2541 Tharsum
1632 2484 1975 2558 metropolim
2006 2484 2233 2554 Cilicia},

633 2577 733 2635 sed
761 2576 931 2634 Nonis
951 2575 1097 2633 Junii
1122 2578 1365 2647 sepultus
1387 2586 1471 2634 est
1498 2576 1707 2634 Romae.

703 2668 909 2725 Eodem
951 2670 1040 2725 die
1084 2669 1139 2724 in
1186 2668 1360 2724 Frisia
1387 2670 1572 2741 passio
1612 2670 1786 2728 sancti
1830 2670 2094 2729 Bonifacii
2124 2670 2237 2742 epi—

630 2760 800 2832 scopi.
850 2758 954 2828 Qui
1001 2760 1068 2817 de
1113 2760 1394 2817 Britannia
1444 2764 1695 2832 veniens,
1739 2772 1793 2820 et
1821 2756 1980 2821 fidem
2030 2762 2235 2823 Christi

628 2853 1029 2923 evangelizans,
1056 2869 1179 2910 cum
1212 2856 1507 2912 maximam
1535 2858 1940 2915 multitudinem
1969 2859 2024 2913 in
2057 2856 2234 2913 Frisia

628 2942 954 3002 Christianae
977 2945 1225 3019 religioni
1249 2948 1612 3020 subjugasset,
1636 2951 1933 3006 novissime
1953 2967 1984 3006 a
2008 2951 2236 3021 paganis

630 3039 724 3110 qui
772 3050 1114 3111 supererant,
1138 3040 1318 3115 gladio
1363 3050 1701 3114 peremptus,
1731 3044 2054 3116 martyrium
2107 3049 2249 3099 con-’

630 3135 927 3192 summavit
969 3149 1097 3193 cum
1140 3134 1363 3193 Eobano
1390 3136 1647 3209 episcopo
1669 3144 1725 3192 et
1751 3137 1874 3194 aliis
1919 3139 2093 3195 servis
2137 3138 2251 3196 Dei

627 3244 862 3302 quorum
914 3231 1034 3286 hac
1081 3238 1210 3286 sunt
1265 3231 1485 3286 nomina
1535 3250 1550 3287 :
1599 3231 1877 3304 Wintrug,
1927 3231 2231 3300 Walthere,

628 3319 923 3391 Sitit-vald,
970 3323 1174 3391 Bosan,
1222 3318 1470 3381 Hamund
1521 3333 1580 3381 et
1626 3324 1890 3393 Hethere,
1936 3324 2232 3390 Wacchar,

629 3417 988 3486 Gundachar,
1012 3416 1325 3484 Willehere,
1343 3418 1626 3476 Hadovolf.
1652 3419 1729 3476 De
1749 3434 1981 3491 quorum
2001 3419 2231 3490 collegio

628 3511 806 3570 fertur
825 3513 991 3571 etiam
1019 3512 1191 3569 fuisse
1217 3510 1593 3570 Willibaldum
1623 3514 2025 3587 presbyterum,
2055 3514 2227 3568 virtu-
2255 3495 2299 3558 C

628 3604 776 3662 tibus
798 3613 855 3661 et
874 3605 1119 3662 doctrina
1145 3604 1535 3673 clarissimum,
1550 3614 1607 3662 et
1623 3620 1869 3663 sororem
1894 3602 2015 3678 ejus
2038 3604 2225 3660 Wald-

624 3695 878 3769 burgam,
909 3695 1201 3753 sanctitate
1231 3696 1601 3768 conspicuam.

704 3788 816 3845 Vili
853 3789 936 3846 in.
978 3788 1100 3848 Jun.
1121 3822 1193 3833 —
1214 3791 1481 3848 Nativitas
1505 3790 1681 3847 sancti
1727 3788 1985 3863 Philippi,
2008 3789 2102 3862 qui
2124 3787 2228 3845 fuit

631 3898 770 3939 unus
798 3882 865 3937 de
898 3890 1106 3953 septem
1151 3881 1345 3953 primis
1386 3880 1704 3939 diaconibus
1752 3881 1845 3954 qui
1892 3896 2017 3938 cum
2065 3881 2226 3937 beato

629 3972 907 4045 Stephano
933 3974 1116 4029 statim
1150 3983 1275 4045 post
1300 3976 1609 4045 passionem
1636 3974 1841 4032 Christi
1866 3977 1935 4031 ab
1966 3973 2227 4047 apostolis

628 4073 756 4121 sunt
781 4062 1039 4120 ordinati.
1067 4063 1143 4119 De
1170 4080 1277 4135 quo
1304 4064 1358 4119 in
1394 4065 1621 4122 Actibus
1646 4066 2016 4137 apostolorum
2057 4065 2229 4122 refer-

628 4168 720 4213 tur
776 4156 917 4231 (cap.
942 4171 1020 4223 v1,
1048 4155 1170 4220 vm)
1198 4156 1343 4226 quod
1377 4157 1530 4229 signa
1563 4166 1617 4213 et
1650 4158 1898 4229 prodigia
1952 4156 2224 4221 faciendo,

625 4249 1016 4323 praedicatione
1037 4265 1135 4306 sua
1159 4248 1461 4307 Samaritas
1488 4251 1557 4306 ad
1587 4249 1748 4305 fidem
1773 4251 1974 4308 Christi
1998 4268 2228 4308 conver-

626 4343 709 4408 tit,
764 4352 821 4400 et
868 4342 1136 4399 Candacis
1183 4343 1383 4413 reginae
1432 4341 1749 4412 Ethioputn
1804 4344 2103 4399 studiosum
2170 4344 2227 4399 in

625 4433 925 4508 Scripturis
966 4436 1297 4500 eunuchum,
1344 4434 1400 4505 in
1451 4434 1601 4491 fonte
1625 4436 1825 4507 quiest
1858 4436 2000 4509 apud
2048 4436 2224 4491 vicum

624 4528 928 4591 Betsuram,
964 4527 1019 4582 in
1049 4526 1194 4581 tribu
1219 4524 1377 4593 Juda,
1404 4527 1661 4585 euntibus
1692 4528 1760 4583 ab
1802 4525 1956 4582 Helia
2000 4527 2068 4582 ad
2113 4525 2223 4583 He-

624 4620 784 4685 bron,
817 4618 874 4674 in
916 4618 1176 4674 vicesimo
1225 4617 1403 4688 lapide
1450 4617 1829 4687 baptizaverit.
1885 4616 1988 4684 Qui
2032 4626 2225 4688 postea

626 4710 766 4782 apud
797 4710 1101 4766 Caesaream
1156 4709 1422 4779 requievit
1456 4709 1649 4780 :juxta
1712 4722 1873 4780 quem
1932 4717 2044 4765 tres
2101 4709 2226 4765 tilia:

624 4803 816 4874 ipsius,
863 4802 1100 4874 virgines
1143 4816 1208 4856 ac
1261 4801 1632 4871 prophetissae,
1680 4800 1866 4871 jacent
1921 4801 2221 4869 tumulata},

2362 2198 2367 2203 '
2410 2196 2500 2281 vtl
2525 2202 2599 2259 in.
2632 2194 2755 2260 ius.
2780 2235 2849 2244 —
2876 2202 2936 2260 tu
2966 2202 3217 2261 Caesarea
3244 2200 3590 2280 Cappadociae
3622 2200 3741 2262 beati
3763 2202 3839 2259 La-

2339 2294 2485 2352 ciani
2513 2296 2786 2370 martyris.
3262 2315 3267 2319 ‘

2410 2384 2465 2443 in
2508 2387 2775 2460 Byzantio
2819 2388 3074 2445 nativitas
3114 2386 3292 2447 sancti
3339 2387 3580 2459 Primosi,
3606 2383 3839 2451 Fortunati,

2337 2478 2505 2537 Macri
2532 2488 2586 2537 et
2617 2474 2875 2538 Macharii
2903 2482 3178 2538 monachi.

2354 2562 2361 2563 ί
2407 2570 2901 2646 Constantinopoli,
2928 2588 3047 2645 quze'
3076 2576 3379 2647 antiquitus
3418 2560 3700 2648 iiyzantium
3724 2574 3839 2627 ioca-

2336 2670 2521 2737 batur,
2554 2668 2815 2726 nativitas
2862 2669 3032 2726 sancti
3063 2662 3215 2725 Pauli
3263 2662 3501 2741 ejusdem
3529 2666 3725 2725 civitatis
3755 2660 3835 2731 epi-

2337 2765 2508 2837 scopi.
2560 2764 2662 2834 Qui
2716 2777 2959 2838 tempore
3005 2762 3219 2821 Arianae
3269 2760 3505 2834 perfidiae
3540 2772 3566 2816 τι
3601 2755 3838 2817 Constantio

2338 2861 2667 2932 imperatore
2693 2859 2835 2931 apud
2864 2854 3198 2916 civitatulam
3230 2857 3519 2931 Quamdan't
3546 2846 3834 2926 Cappadocia,

2337 2949 2607 3007 Cucusam
2667 2952 2921 3018 nomine,
2970 2944 3041 3007 ob
3088 2948 3415 3006 catholicam
3470 2942 3611 3003 fidem
3650 2938 3834 3014 expulsas

2338 3046 2556 3113 exsilio,
2586 3044 2913 3102 Arianorum
2944 3042 3154 3100 insidiis
3181 3040 3561 3116 strangulatus,
3582 3034 3639 3096 ad
3662 3030 3832 3094 ραδιθείὶι

2337 3153 2503 3209 regna
2535 3136 2808 3208 migravit.

2405 3204 2465 3285 in
2496 3204 2677 3284 Africa
2712 3226 2962 3296 Victurii,
3006 3218 3200 3295 Evasi,
3233 3226 3472 3293 Privitat,
3499 3218 3742 3283 Januaria,
3764 3204 3831 3267 DO-

2336 3330 2500 3388 natte,
2538 3320 2785 3391 Spismte,
2815 3319 3047 3388 Quirilli.

2409 3410 2476 3470 Vl
2501 3412 2577 3468 ln.
2603 3410 2722 3468 Jun.
2749 3443 2819 3453 —
2842 3404 2896 3467 in
2927 3408 3160 3484 Egypto
3188 3409 3446 3467 nativitas
3464 3404 3615 3464 sancti
3634 3393 3824 3458 Martini.

2402 3510 2460 3565 in
2494 3511 2742 3568 Caesarea
2772 3502 3073 3566 Palaestinae
3093 3506 3282 3565 Cristi.

2400 3602 2459 3657 in
2487 3602 2704 3658 civitate
2733 3603 3036 3658 Doroscoro
3071 3601 3331 3657 nativitas
3358 3596 3522 3655 sancti
3551 3588 3703 3651 liarci.

2400 3684 2458 3747 in
2490 3688 2803 3747 Nicomedia
2829 3688 3100 3761 Eutychii,
3132 3686 3372 3746 Nestorii
3399 3686 3450 3745 ei.
3477 3676 3680 3741 Maritus.

2400 3782 2457 3839 in
2489 3783 2741 3840 Sardinia
2780 3783 3037 3839 nativitas
3067 3782 3243 3840 sancti
3276 3776 3572 3837 Salusliani.
3809 3855 3817 3866 .

2399 3876 2457 3933 In
2503 3876 2709 3943 Gallia,
2747 3878 2964 3935 civitate
3011 3874 3413 3943 Suessionensi,
3443 3871 3669 3931 festivitas
3702 3866 3818 3918 sane"

2332 3968 2571 4027 Mcdardi
2598 3971 2833 4044 episcopi
2862 3980 2920 4026 et
2944 3964 3296 4038 confessoris,
3326 3970 3474 4041 cujus
3496 3966 3591 4020 vita
3611 3951 3818 4014 virtutibus

2329 4064 2486 4137 plena
2536 4081 2567 4121 a
2604 4064 2906 4120 Fortunato
2954 4060 3232 4121 Parisiaco
3276 4062 3521 4135 episcopo
3560 4064 3607 4113 et
3642 4059 3761 4122 prosa
3784 4046 3818 4091 ει

2332 4168 2510 4214 metro
2554 4157 2809 4213 nobiliter
2837 4166 2919 4214 est
2961 4158 3273 4229 conscripta
3308 4175 3320 4210 :
3353 4169 3473 4211 nam
3499 4156 3549 4206 et
3579 4149 3624 4202 in
3657 4140 3816 4234 electili)-

2334 4252 2484 4323 synis
2514 4250 2714 4324 largus,
2749 4252 2802 4307 et
2831 4250 2883 4307 in
2908 4251 3203 4306 virtutibus
3233 4251 3433 4314 clarus,
3460 4238 3579 4301 etin
3605 4230 3815 4332 premit“?

2332 4342 2525 4414 spiritu
2548 4341 2869 4414 praecipuus,
2888 4338 3199 4414 quindecim
3228 4341 3385 4396 annis
3406 4324 3812 4393 Verotnandensim'

2308 4426 2487 4488 'urhis
2532 4433 2905 4504 episcopatum
2964 4432 3139 4498 rexit,
3198 4434 3309 4489 imo
3360 4436 3521 4487 totum
3562 4414 3811 4504 Occidentttll

2332 4496 2592 4597 exemplis
2637 4526 2691 4581 et
2721 4496 2982 4581 doctrina
3031 4496 3375 4597 gubernavit.
3429 4514 3577 4587 Cujus
3614 4496 3812 4599 animth

2332 4616 2537 4689 angelis
2572 4614 2625 4672 in
2662 4616 2858 4673 eteium
2887 4616 3179 4689 perducta,
3210 4626 3411 4687 corpus
3435 4609 3542 4681 eius
3566 4603 3622 4661 ad
3643 4598 3811 4694 δεηθέν

2332 4727 2456 4767 nem
2484 4710 2739 4777 delatum,
2772 4716 2827 4767 et
2866 4704 3063 4767 ibidem
3105 4709 3406 4767 honorifice
3433 4700 3681 4775 sepultum,
3703 4692 3810 4742 mlﬂ‘

2331 4804 2576 4861 culorum
2604 4805 2916 4861 ostensione
2948 4803 3244 4877 gloriosum
3277 4794 3666 4859 commendatur.

624 4866 752 4955 nam
798 4866 989 4967 quarta
1041 4894 1148 4950 ﬁlia
1200 4866 1391 4965 ipsius,
1438 4895 1599 4965 plena
1652 4866 1859 4964 spiritu
1905 4903 2115 4961 sancto,
2167 4866 2303 4950 inn
2398 4894 2705 4970 Andegavis
2726 4896 2900 4953 sancti
2929 4866 3123 4952 Licinii
3154 4893 3415 4968 episcopi.

623 4990 838 5061 Epheso
864 4986 1137 5047 occubuit.
1165 4986 1395 5053 Quidam
1428 4994 1609 5041 tamen
1637 4993 1830 5057 putant
1860 4986 2003 5057 apud
2028 4985 2225 5042 Hiera-

621 5084 792 5156 polim
834 5097 932 5139 eas
977 5096 1098 5137 esse
1156 5079 1413 5151 sepultas,
1461 5079 1549 5134 ubi
1602 5078 1881 5150 Philippus
1927 5080 2223 5151 apostolus,

624 5196 764 5234 unus
790 5178 858 5234 de
881 5175 1187 5241 duodecim,
1214 5174 1469 5246 quiescit.
1500 5172 1669 5247 Cujus
1688 5172 1858 5230 fuisse
1886 5174 2010 5229 tiliae
2033 5175 2101 5230 ab
2124 5174 2229 5230 ali-

626 5270 828 5341 quibus
862 5268 1221 5339 scriptoribus
1248 5273 1449 5338 putatae
1475 5272 1620 5320 sunt.
1644 5263 1884 5332 Quorum
1915 5264 2227 5335 opinionem

621 5365 771 5421 beati
796 5363 958 5423 Luca!
988 5362 1185 5421 refellit
1209 5361 1505 5418 auctoritas
1534 5360 1607 5414 ita
1638 5359 1915 5415 narrantis
1949 5376 1963 5413 :
1992 5357 2227 5413 Intravi-

622 5474 742 5513 ηοω
766 5455 1062 5512 ludentum
1097 5453 1328 5524 Philippi
1356 5449 1705 5523 evangelium,
1732 5449 1823 5521 qui
1856 5459 1967 5504 erat
2005 5466 2139 5505 unus
2161 5450 2228 5505 de

623 5555 819 5620 septem
846 5562 866 5604 .'
894 5547 982 5603 cui
1010 5554 1163 5602 erant
1192 5553 1424 5617 quatuor
1447 5542 1577 5613 ﬁlia:
1606 5542 1830 5615 virgines
1851 5542 2223 5613 prophetantes

625 5640 770 5713 (Aet.
797 5637 941 5710 ut).

693 5731 855 5803 Apud
892 5729 1122 5787 Tarsum
1150 5729 1354 5786 Ciliciae
1402 5739 1705 5804 martyrum
1743 5730 1956 5804 viginti,
1982 5729 2076 5801 qui
2119 5729 2221 5786 sub

620 5820 806 5890 judice
854 5821 1157 5892 Sitnplieio,
1199 5823 1535 5893 temporibus
1582 5823 1905 5881 Diocletiani
1952 5831 2008 5879 et
2052 5822 2223 5879 Maxi-

626 5913 797 5966 miani
824 5912 1238 5982 imperatorum,
1270 5928 1370 5993 per
1398 5915 1613 5987 diversa
1652 5916 1913 5986 supplicia
1943 5916 2217 5993 gloriﬁca-

632 6009 825 6055 verunt.
848 6003 1018 6057 Deum
1041 6002 1099 6058 in
1120 6003 1440 6089 corporibus
1462 6006 1597 6070 suis,
1623 6015 1681 6061 ut
1702 6022 1865 6077 supra
1887 6008 1940 6063 in
1966 6007 2219 6067 passione

629 6091 774 6146 beati
802 6090 1063 6148 Bonifacii
1088 6090 1295 6149 dictum
1324 6103 1427 6151 est.

2400 4990 2535 5048 Item
2560 4991 2751 5048 eodem
2775 4990 2863 5047 die
2890 4989 3128 5046 Carlenii
3153 4984 3498 5045 confessoris.

2405 5083 2450 5140 ν
2480 5080 2556 5138 in.
2581 5078 2702 5139 Jun.
2732 5114 2800 5123 —
2823 5080 3008 5139 Romae
3037 5076 3090 5137 in
3118 5088 3303 5137 monte
3328 5077 3483 5135 Caelio
3508 5063 3709 5128 nativitas
3729 5064 3805 5107 δεῖν

2334 5182 2545 5231 ciorum
2573 5183 2872 5245 martyrum
2903 5172 3073 5229 Primi
3100 5178 3155 5228 et
3182 5168 3439 5228 Feliciani
3460 5160 3549 5222 sub
3570 5143 3805 5252 [Nec]???
3874 5206 3875 5217 χ

2333 5275 2391 5325 et
2428 5243 2756 5323 Maximiano
2787 5265 3223 5339 imperatoribus.
3250 5262 3352 5332 Qui
3376 5243 3804 5343 gloriosissima:
3870 5252 3873 5339 ς

2334 5369 2483 5433 tyres
2533 5375 2749 5431 semper
2799 5360 2854 5414 in
2902 5357 3132 5415 Domino
3184 5356 3443 5419 viventes.
3490 5358 3517 5404 ³
3866 5360 3869 5441 i

2331 5414 2673 5522 templorum‘
2689 5442 2827 5522 apud
2856 5450 3212 5522 imperatores
3229 5442 3373 5519 quod
3395 5414 3799 5525 Christiani

2332 5546 2572 5603 accusati
2596 5554 2724 5601 sunt
2745 5562 2760 5603 :
2787 5554 2843 5601 et
2862 5542 3128 5615 inquisiti,
3153 5548 3308 5598 erant
3331 5536 3469 5595 enim
3486 5508 3800 5619 cives
3860 5552 3863 5619 χι

2329 5635 2546 5694 adducti
2592 5644 2717 5692 sunt
2746 5633 2801 5691 in
2832 5596 3125 5731 conspectu
3172 5596 3800 5731 imperatorunkﬂl‘liaii“:

2329 5738 2459 5787 runt
2504 5745 2599 5787 eos
2650 5724 2796 5784 ferro
2846 5690 3061 5782 vinctos
3106 5722 3159 5781 in
3206 5690 3473 5778 carcerem
3519 5690 3765 5793 detrudi»

2329 5822 2506 5881 adfuit
2556 5824 2639 5881 eis
2693 5816 2917 5895 angelus
2978 5818 3190 5877 Domini
3246 5806 3337 5887 qui
3390 5826 3477 5869 eos
3511 5780 3794 5897 deligam

2328 5917 2461 5975 Post
2515 5916 2719 6017 aliquot
2762 5886 2891 5971 vero
2938 5898 3055 5969 dies
3096 5886 3791 6017 jusseru‘ntﬁﬁx

2329 6008 2444 6063 suis
2473 5984 2780 6078 aspectibus
2827 6000 3226 6075 repraesentari,
3268 5990 3325 6052 ἐξ
3367 5984 3585 6066 precata

2332 6100 2477 6156 tibus
2508 6058 2565 6155 nrt
2593 6098 2856 6155 ducerent
2887 6058 2988 6154 eos
3016 6095 3085 6151 ad
3131 6094 3315 6149 fanum
3358 6078 3600 6143 Herculis.
3621 6077 3662 6124 εί
3685 6074 3716 6114 ⁵³
3740 6059 3789 6103 θ’
