3956 5546
107 545 224 605 H01

1145 532 1764 600 MARTYROLWIUM.
1795 571 1863 581 —
1897 539 2101 596 MENS.
2140 536 2284 598 JUN.

3220 539 3363 606 “02

107 660 339 716 criticare
385 657 620 723 nollent,
649 657 863 713 fortiter
885 671 978 714 eos
1005 658 1180 728 poenis
1225 657 1544 730 aﬂligcrent.
1574 656 1678 713 Ve-
1702 657 1754 718 A
1783 669 1942 711 ruere
1981 657 2250 727 erupisset,-
2305 657 2356 712 in
2395 658 2511 729 ipso
2556 659 2822 715 subitanei
2875 675 3030 717 casus
3084 662 3363 735 periculo,

105 766 213 806 rum
247 765 368 806 cum
395 750 538 804 nulla
565 758 789 821 possent
821 765 915 806 eos
947 751 1154 806 ratione
1181 765 1420 817 movere,
1452 750 1548 804 sed
1576 764 1675 820 pro

104 843 292 899 Christi
344 843 562 898 nomine
609 843 781 914 magis
828 851 1079 913 optarent
1109 844 1271 910 mori,
1315 845 1677 900 extenderunt

101 952 189 997 eos
234 935 432 990 milites
476 944 531 991 et
565 936 732 1008 virgis
761 935 977 992 fortiter
1024 945 1431 1004 mactaverunt;
1468 945 1675 992 etcum

100 1030 494 1085 renuntiassent
540 1029 957 1100 imperatoribus
988 1045 1108 1100 quae
1155 1029 1298 1086 facta
1346 1040 1504 1095 sunt,
1551 1030 1676 1086 irati

97 1122 244 1178 valde
265 1121 546 1191 jusserunt
580 1137 674 1178 eos
718 1123 859 1179 tradi
901 1121 1157 1178 Promoto
1197 1123 1412 1192 praesidi
1443 1122 1679 1178 civitatis

95 1214 439 1270 Nomentanae
479 1222 540 1270 ut
584 1214 814 1271 diversis
857 1216 1034 1286 pceuis
1085 1231 1179 1272 eos
1225 1216 1577 1272 interﬁceret.
1613 1215 1678 1270 Et

94 1299 420 1376 accipientes
447 1321 539 1363 eos
560 1305 763 1362 milites
788 1306 1061 1372 duxerunt
1080 1307 1132 1361 in
1157 1308 1299 1362 viam
1328 1323 1448 1378 quae
1480 1307 1679 1362 dicitur

89 1397 449 1464 Nomentana,
496 1396 748 1453 milliario
789 1397 1002 1454 decimo
1046 1398 1240 1464 tertio,
1273 1396 1419 1453 ferro
1443 1398 1672 1464 vinctos,

89 1499 139 1546 et
169 1491 438 1546 miserunt
466 1505 561 1547 eos
591 1491 645 1546 in
674 1505 954 1547 carcerem
982 1490 1135 1562 juxta
1181 1491 1358 1546 forum
1405 1490 1674 1557 civitatis;

86 1585 171 1639 ubi
222 1587 425 1640 iterum
487 1584 728 1657 angelica
789 1585 1097 1642 visitatione
1157 1583 1482 1641 relevantur.
1547 1583 1678 1641 Post

81 1676 316 1731 multum
349 1692 479 1732 vero
507 1675 950 1748 temporisjussit
989 1675 1092 1732 sibi
1136 1675 1424 1732 Promotus
1459 1683 1677 1733 sanctos

81 1767 171 1823 Dei
203 1766 451 1823 Primum
478 1777 533 1826 et
560 1766 892 1828 Felicianum
921 1778 1049 1825 ante
1077 1768 1312 1825 tribunal
1342 1783 1500 1824 suum
1539 1782 1678 1840 prte-

75 1861 310 1916 scntari.
339 1861 487 1930 Quos
530 1877 656 1918 cum
697 1863 765 1919 ad
810 1865 1042 1934 primam
1085 1870 1140 1920 et
1183 1863 1356 1934 ipsam
1402 1862 1676 1934 publicam

74 1954 564 2027 interrogationem
605 1957 675 2012 ab
711 1957 942 2014 invicem
972 1958 1213 2028 separari
1242 1956 1487 2025 fecisset,
1509 1954 1676 2026 jussit

1779 749 1916 804 dixit
1944 752 2134 820 angelo
2158 751 2252 807 Dei
2281 751 2383 806 sibi
2411 753 2685 810 assistenti
2717 772 2728 809 ε
2755 754 3046 820 Auxiliare,
3072 753 3364 827 auxiliare;

1778 849 1834 897 et
1861 853 1992 899 ecce
2024 844 2079 898 in
2110 844 2276 914 ipsius
2308 847 2563 901 momenti
2606 855 2817 911 atomo,
2851 848 2923 902 ita
2954 849 3130 903 ruenti
3156 847 3366 906 homini

1779 933 2100 989 subventum
2145 942 2228 989 est
2272 936 2339 989 ab
2374 936 2582 1008 angelo,
2627 938 2781 1008 quasi
2813 953 2919 992 non
2957 939 3235 1009 scriptori,
3269 939 3368 995 sed

1782 1023 1934 1080 fabro
1981 1041 2192 1096 semper
2232 1027 2462 1083 adesset.
2517 1027 2650 1084 Cum
2697 1031 2876 1102 gravis
2916 1031 3225 1096 infirmitas,
3255 1033 3366 1088 imo

1780 1119 1896 1174 lues
1929 1127 1987 1175 et
2019 1120 2324 1190 pestilentia
2355 1122 2730 1192 intolerabilis,
2760 1125 3067 1180 universum
3099 1141 3235 1196 pene
3263 1139 3366 1196 po-

1778 1210 1964 1280 pulum
2016 1211 2355 1279 devastaret,
2407 1213 2683 1269 benedixit
2737 1213 2966 1286 lapidem
3017 1216 3084 1271 de
3136 1216 3370 1272 littoreis

1765 1304 1960 1369 saris,
2006 1310 2064 1357 et
2108 1303 2416 1375 ubicunque
2458 1306 2716 1377 praecepit
2764 1307 2819 1361 in
2872 1321 3064 1378 aquam
3115 1307 3366 1377 mittere,

1779 1400 1944 1463 atque
1968 1393 2081 1462 ipsa
2109 1409 2248 1464 aqua
2277 1394 2616 1453 infirmantes
2650 1395 2825 1468 potari
2867 1400 2949 1454 vel
2981 1401 3194 1470 aspergi
3230 1415 3243 1452 :
3277 1399 3372 1469 qui

1778 1483 1833 1538 in
1881 1499 2076 1553 aquam
2127 1479 2357 1551 n'iissus,
2387 1495 2442 1542 et
2471 1493 2660 1544 contra
2692 1495 2940 1544 naturam
2973 1507 3124 1546 suam
3171 1492 3222 1544 in
3254 1507 3372 1547 mo—

1777 1576 1905 1632 dum
1937 1593 2141 1649 spumae
2189 1589 2583 1653 supernatans,
2615 1589 2670 1639 et
2698 1575 2803 1640 hoc
2846 1587 3006 1640 modo
3047 1584 3280 1640 divinam
3312 1601 3373 1642 se

1776 1667 2209 1729 benediCtionem'
2275 1674 2584 1747 percepisse
2642 1666 2987 1743 contestans,
3060 1686 3115 1731 et
3182 1692 3373 1732 omnes

1778 1762 1996 1819 morbos
2019 1766 2336 1821 medicande
2364 1766 2673 1834 saniiicans,
2702 1783 2865 1839 super
2888 1783 3076 1823 aurum
3103 1777 3160 1823 et
3180 1785 3374 1826 omnes

1777 1865 2019 1926 gemmas
2069 1858 2365 1927 pretiosus,
2421 1867 2484 1914 ac
2528 1869 2692 1932 super
2738 1861 2919 1917 Omnia
2973 1861 3371 1918 medicamenta

1776 1943 1881 2003 fuit
1925 1947 2336 2006 saluberrimus.
2384 1952 2450 2007 Et
2497 1953 2563 2008 ad
2615 1964 2956 2028 augmentum
3014 1955 3294 2023 miraculi,
3341 1973 3374 2012 a

73 2049 305 2104 beatum
343 2048 677 2106 Ὲθιίοῖαηυω
720 2036 1013 2122 plumbatis
1056 2051 1211 2107 caedi.
1243 2050 1416 2120 Quem
1458 2065 1584 2118 Qum
1617 2051 1674 2116 in
1701 2038 1749 2102 Β
1777 2039 1923 2095 nullo
1963 2056 2062 2112 per
2096 2043 2149 2098 id
2193 2046 2454 2116 temporis
2486 2047 2770 2116 morituro,
2808 2049 2938 2105 licet
2963 2049 3374 2128 diligentissime

79 2155 144 2197 eo
170 2156 379 2212 genere
415 2143 662 2214 supplicii
697 2143 906 2200 videret
951 2143 1394 2214 insuperabilem,
1423 2145 1680 2216 praecepit

73 2248 201 2290 eum
248 2234 408 2306 ligari
441 2237 512 2290 ad
557 2234 829 2305 stipitem,
860 2243 915 2291 et
960 2234 1176 2291 aculeos
1204 2236 1257 2291 in
1283 2235 1537 2292 manibus
1563 2234 1680 2305 ejus

73 2339 138 2381 ac
182 2325 421 2395 pedibus
459 2325 572 2396 ﬁgi,
620 2334 677 2382 et
718 2326 1024 2383 diutissime
1065 2328 1328 2397 torqueri,
1360 2337 1414 2384 et
1441 2343 1539 2399 per
1567 2336 1682 2384 tres

73 2417 194 2472 dies
221 2432 408 2486 neque
432 2431 629 2487 aquam
672 2432 850 2489 neque
875 2417 1045 2474 ullum
1076 2433 1248 2490 genus
1290 2418 1394 2474 cibi
1424 2420 1473 2476 ei
1513 2422 1678 2475 inini-

67 2510 262 2566 strari.
297 2508 547 2581 Cumque
573 2512 656 2568 sic
676 2527 776 2584 per
796 2512 1034 2568 triduum
1057 2514 1315 2591 continue
1335 2524 1681 2584 permaneret

70 2602 124 2657 in
157 2603 258 2658 Dei
286 2602 562 2669 laudibus,
587 2603 750 2674 jussit
781 2619 906 2661 eum
934 2609 1137 2677 praises
1170 2605 1398 2678 agellis
1428 2603 1582 2671 caadi,
1618 2620 1682 2662 ac

66 2695 139 2752 de
183 2695 381 2766 stipite
423 2696 726 2766 depositum
771 2696 828 2752 in
872 2697 1116 2753 custodia
1157 2697 1385 2753 recludi.
1416 2697 1495 2753 Ac
1532 2701 1683 2767 post-

65 2790 320 2853 modum,
358 2795 627 2861 prteseute
666 2791 785 2862 ipso
817 2791 980 2850 beato
1000 2792 1311 2860 Felieiano,
1343 2792 1476 2849 fecit
1512 2792 1682 2864 appli-

62 2884 182 2939 cari
240 2892 502 2940 sa'nctum
562 2883 827 2940 Primum.-
879 2884 999 2954 Quo
1050 2884 1398 2941 validissimis
1449 2883 1684 2941 fustibus

61 2988 246 3041 caeso,
301 2987 376 3030 ac
417 2973 614 3031 deinde
656 2976 713 3031 in
759 2975 994 3047 cunulae
1031 2976 1301 3048 deposito,
1331 2986 1388 3032 et
1435 2976 1490 3030 in
1539 2975 1682 3031 lecto

58 3066 373 3136 supinato,
403 3067 661 3138 praecepit
703 3066 983 3138 plumbum
1026 3065 1488 3124 ferventissimuin
1533 3066 1588 3122 in
1620 3081 1683 3124 os

54 3156 181 3232 ejus
229 3157 482 3212 infundi.
523 3157 630 3214 Sed
659 3173 783 3214 cum
814 3160 989 3216 sancti
1038 3169 1312 3233 martyres
1337 3159 1681 3216 invictissimi

53 3249 474 3319 perstitissent,
501 3251 842 3322 angustiatus
890 3267 1093 3323 praeses
1115 3253 1280 3321 jussit
1323 3267 1418 3311 eos
1465 3252 1533 3308 ad
1567 3266 1684 3307 am-

48 3339 418 3409 phiteatrum
441 3340 589 3406 duci,
618 3353 674 3397 et
701 3341 834 3397 duos
867 3341 1052 3399 leones
1092 3343 1148 3398 in
1177 3358 1272 3399 eos
1299 3343 1522 3400 dimitti.
1551 3342 1682 3411 Qui-

1780 2132 2080 2191 custoditus
2107 2144 2161 2190 et
2189 2137 2500 2193 cautissime
2537 2141 2861 2209 requisitus,
2891 2158 3128 2212 unquam
3160 2149 3376 2213 poterat

1780 2225 2035 2284 inveniri.
2068 2219 2183 2285 Hoc
2214 2243 2323 2286 uno
2367 2230 2433 2287 de
2464 2231 2777 2288 multimoda
2807 2235 3092 2291 sanatione
3132 2250 3374 2292 comme-

1781 2332 2012 2390 morato,
2045 2323 2276 2381 alterum
2327 2325 2391 2381 de
2430 2325 2716 2396 multiplici
2771 2329 2823 2383 in
2871 2329 3096 2400 penuria
3144 2330 3378 2387 subven-

1784 2413 1928 2470 tione
1960 2409 2089 2472 libet
2117 2417 2183 2471 ad
2211 2419 2529 2473 memoriam
2561 2435 2837 2486 revocare,
2865 2431 2921 2475 ut
2946 2423 3184 2493 prudens
3207 2423 3380 2480 lector

1783 2522 1850 2562 ex
1895 2501 1982 2563 his
2015 2508 2223 2566 duobus
2269 2511 2324 2566 et
2371 2513 2532 2567 tacita
2587 2515 2760 2570 discat
2803 2517 3096 2574 aestimare.
3151 2518 3378 2574 Cuidam

1781 2601 2130 2672 paupercula,
2161 2593 2412 2658 omnibus
2444 2607 2602 2661 rebus
2625 2606 2826 2679 indigo,
2856 2611 3135 2665 contulum
3160 2602 3212 2665 in
3247 2627 3380 2667 veru

1782 2697 2005 2748 sanctus
2047 2695 2284 2760 exacuit,
2316 2695 2460 2765 Quod
2504 2693 2572 2752 ab
2619 2711 2683 2753 eo
2729 2695 2878 2754 'silvis
2924 2710 2978 2756 et
3026 2704 3181 2774 aquis
3218 2704 3382 2775 jussit

1782 2781 1953 2855 inﬁgi.
1985 2783 2140 2851 Quod
2184 2799 2309 2842 cum
2356 2785 2592 2852 faceret,
2630 2789 2703 2842 ita
2749 2789 2900 2845 dives
2927 2789 3153 2848 effectus
3181 2801 3286 2859 est,
3319 2803 3380 2848 ut

1783 2882 1838 2930 et
1866 2875 2059 2932 domus
2090 2873 2207 2944 ejus
2233 2875 2482 2933 eamdem
2507 2877 2893 2935 abundantiam
2919 2897 3027 2937 non
3059 2891 3298 2952 caperet,
3322 2889 3382 2940 et

1783 2981 1921 3022 uxor
1942 2965 2084 3037 ejus,
2115 2967 2401 3024 terrestres
2423 2967 2645 3024 delicias
2669 2986 2791 3026 cum
2820 2972 3045 3028 marinis
3071 2970 3375 3040 fastidiens,

1784 3057 1925 3113 idem
1956 3069 2091 3113 veru
2121 3057 2176 3113 in
2207 3059 2508 3130 perniciem
2557 3061 2640 3116 sui
2684 3077 2715 3116 a
2744 3063 2862 3117 viro
2897 3079 2996 3119 suo
3041 3061 3261 3120 fecisset
3291 3065 3376 3120 in-

1784 3148 1910 3204 cidi.
1943 3143 2202 3206 Doctrina
2239 3157 2370 3207 vero
2403 3149 2598 3208 beatus
2624 3151 2884 3210 Columba
2912 3171 3035 3211 cum
3067 3172 3257 3213 omnes
3283 3171 3379 3211 an-

1787 3241 2017 3300 teriores
2045 3237 2375 3314 adaequaret,
2409 3245 2460 3300 in
2492 3245 2595 3302 hoc
2625 3249 3012 3304 transcendere
3043 3265 3149 3305 non
3182 3235 3381 3321 injuria

1788 3342 2059 3402 censetur,
2088 3338 2232 3407 quod
2261 3341 2360 3408 per
2386 3341 2497 3394 tres
2524 3333 2636 3394 dies
2671 3339 2894 3397 ultimos
2935 3342 3380 3398 commorationis

49 3431 161 3488 bus
214 3432 294 3488 ad
354 3431 518 3500 pedes
548 3440 864 3489 sanctorum
889 3434 1306 3502 corruentibus,
1340 3433 1506 3489 laxati
1553 3409 1680 3490 sunt

1784 3423 1840 3479 in
1875 3433 2054 3492 terra,
2086 3434 2284 3484 cuncta
2322 3421 2373 3483 ei
2414 3426 2651 3485 revelata
2695 3440 2822 3487 sunt
2866 3446 3036 3487 sacra:
3084 3432 3383 3504 Scriptura:

46 3533 110 3581 et
151 3525 287 3581 ursi
339 3522 705 3591 flarocissimi,
740 3527 834 3582 sed
880 3535 936 3581 et
983 3528 1087 3597 ipsi
1131 3536 1434 3600 martyrum
1482 3527 1684 3584 virtute

48 3614 352 3672 saevitiam
375 3615 934 3684 perdiderunt..Quod
957 3618 1204 3675 videntes
1235 3619 1289 3673 bi
1326 3619 1417 3689 qui
1462 3617 1527 3673 ad
1560 3634 1685 3690 spe-

45 3705 360 3763 ctaculum
388 3715 670 3772 venerant,
721 3723 862 3778 pene
900 3709 1048 3764 mille
1079 3708 1356 3781 quingenti
1388 3709 1488 3766 viri
1514 3711 1685 3765 mira-

43 3799 199 3857 culis
225 3799 505 3872 perculsi,
538 3801 884 3857 eredideruut
905 3801 959 3857 in
982 3799 1230 3858 Domino.
1257 3793 1456 3859 Verum
1489 3819 1687 3874 prmses

38 3907 182 3949 cum
222 3893 639 3964 insuperabiles
672 3908 768 3950 eos
794 3903 1064 3962 cerneret,
1105 3895 1285 3966 gladio
1325 3896 1687 3951 animadverti

35 3986 366 4058 praecepit.
437 3983 678 4054 Quorum
743 4001 991 4058 corpora,
1055 3995 1216 4044 noctu
1271 4004 1300 4042 a
1363 3988 1687 4045 Christianis

37 4087 218 4149 rapta
246 4119 265 4146 ,
301 4076 528 4147 sepulta
555 4086 681 4134 sunt
717 4079 784 4135 ad
816 4093 976 4135 arcus
1002 4078 1370 4136 Nomentanos
1399 4079 1539 4135 intra
1569 4094 1688 4134 are-

31 4171 319 4235 narium,
357 4167 552 4238 quinto
595 4169 720 4227 ldus
763 4169 944 4240 Junii,
975 4173 1045 4229 ab
1074 4173 1209 4229 urbe
1233 4170 1408 4230 Roma
1438 4171 1688 4228 milliario

31 4265 288 4321 decimo
333 4261 524 4316 tertio.

109 4358 178 4415 In
215 4352 466 4419 Galliis,
491 4347 712 4409 civitate
735 4353 979 4427 Agenuo,
1001 4355 1119 4411 loco
1139 4353 1483 4427 Pompeiaco,
1509 4356 1690 4426 passio

21 4450 231 4509 sancti
271 4443 568 4503 Vincentii
618 4444 794 4501 levitas
832 4454 886 4501 et
915 4446 1201 4518 martyris,
1233 4446 1299 4501 de
1328 4462 1434 4516 quo
1465 4447 1515 4501 in
1553 4445 1690 4503 libro

19 4541 479 4601 Miraculorum
509 4537 755 4610 Gregorii
783 4537 1036 4594 Turonici
1063 4538 1314 4594 refertur.

97 4637 266 4693 Item
303 4631 518 4686 Romae
548 4629 778 4686 militum
809 4629 1138 4701 quindecim.

95 4731 167 4784 In
233 4715 494 4788 Scotia',
537 4721 710 4777 insula
757 4721 1051 4789 Hibernia,
1079 4721 1344 4792 depositio
1385 4721 1556 4777 sancti
1588 4720 1692 4776 Co-

13 4822 275 4886 lumbae,
321 4825 705 4888 cognomento
729 4818 869 4887 apud
897 4832 1024 4873 suos
1050 4817 1415 4883 Columbkilli,
1446 4831 1511 4872 eo
1547 4819 1691 4888 quod

9 4903 376 4971 multarum
413 4907 697 4973 cellarum,
731 4910 785 4965 id
810 4919 893 4965 est
919 4910 1374 4966 monasteriorum
1407 4909 1491 4962 vel
1520 4910 1693 4964 eccle-

7 5011 259 5065 siarum
299 5001 634 5065 institutor,
667 4998 922 5056 fundator
948 5012 1004 5058 et.
1025 5012 1204 5058 rector
1236 5001 1528 5067 exstiterit,
1557 5002 1695 5058 adeo

7 5111 74 5155 ut
129 5098 346 5155 abbas
409 5092 739 5145 monasterii
779 5093 867 5148 cui
914 5096 1205 5152 novissime
1251 5091 1486 5166 przefuit,
1519 5102 1573 5146 et
1602 5094 1691 5150 ubi

11 5185 418 5262 requiescit,
472 5192 663 5238 contra
728 5200 933 5240 morem
997 5188 1426 5244 ecclesiasticum
1490 5188 1694 5257 primas

9 5284 315 5342 omnium
354 5272 813 5331 Hibernieusium
855 5275 1119 5334 habeatur
1163 5280 1566 5348 episcoporum,
1594 5293 1696 5332 nec

9 5373 400 5434 immerito.
457 5366 581 5434 quia
632 5365 773 5419 idem
821 5376 1042 5425 sanctus
1091 5385 1191 5440 per
1248 5369 1697 5424 inhabitationem

6 5469 228 5532 sancti
269 5457 584 5534 Spiritus,
629 5457 791 5524 nulli,
823 5469 944 5529 post
991 5461 1265 5534 apostolos
1300 5469 1356 5515 et
1391 5460 1696 5517 mirabilem

1783 3521 2155 3590 sacramenta,
2202 3521 2454 3580 omnibus
2503 3534 2652 3580 retro
2691 3525 3014 3582 mortalibus
3040 3536 3132 3581 aut
3165 3528 3383 3598 penitus

1785 3613 1996 3668 occulta
2018 3656 2031 3680 ,
2072 3619 2165 3669 aut
2209 3625 2358 3669 certe
2393 3611 2553 3683 juxta
2583 3611 2900 3686 Apostolum
2928 3634 2940 3669 :
2973 3614 3082 3672 Per
3115 3617 3382 3689 speculum

1785 3713 1834 3757 et
1869 3703 1925 3757 in
1967 3703 2244 3774 wtiigmate
2274 3701 2334 3774 (I
2364 3701 2486 3760 Cor.
2518 3706 2670 3778 xm),
2700 3715 3002 3777 comperta,
3049 3705 3160 3763 imo
3204 3709 3384 3780 requi-

1788 3793 1953 3851 renda
2007 3803 2170 3867 atque
2222 3793 2556 3852 enucleanda
2610 3798 2908 3870 pr0posita.
2973 3799 3103 3867 Qua:
3163 3810 3386 3872 propter

1788 3887 2088 3943 absentiam
2138 3879 2457 3956 Batlhenei,
2499 3885 2914 3948 familiarissimi
2948 3893 3199 3950 videlicet
3239 3895 3385 3951 illius

1747 4045 1752 4062 ί
1790 3981 2056 4053 discipuli,
2088 3977 2196 4037 imo
2230 3994 2450 4055 propter
2485 3986 2865 4058 indignitatem
2891 3991 3107 4062 generis
3140 3992 3383 4056 humani,

1749 4061 1768 4143 ἶ,
1790 4075 1985 4131 litteris
2033 4091 2138 4130 non
2188 4086 2314 4131 sunt
2359 4077 2652 4133 atlitulata.
2695 4079 2864 4136 Porro
2904 4061 3211 4154 iprOphetiae
3243 4083 3387 4138 dono

1790 4158 1864 4222 ita
1893 4167 2150 4224 mortales
2179 4184 2368 4226 omnes
2414 4172 2879 4241 praeponderavit,
2911 4183 2971 4227 ut
3000 4183 3056 4230 et
3098 4176 3383 4244 praesentia

1792 4259 2004 4314 caeteris
2050 4259 2390 4327 abscondita,
2428 4272 2481 4317 et
2511 4261 2788 4328 absentia,
2830 4278 2936 4318 non
2968 4264 3139 4319 solum
3185 4264 3382 4330 vicina,

1791 4351 1886 4406 sed
1930 4359 1984 4404 et
2031 4350 2188 4422 longe
2235 4354 2405 4420 posita
2428 4394 2441 4417 ,
2473 4354 2567 4407 sed
2599 4363 2651 4408 et
2693 4355 2968 4424 praeterita
3006 4366 3060 4410 et
3086 4355 3301 4423 futura,
3330 4357 3385 4412 in

1792 4458 1899 4496 uno
1927 4442 2256 4498 inevitabilis
2297 4443 2436 4500 oculi
2475 4445 2586 4499 ictu
2630 4447 3076 4516 deprehenderet.
3117 4449 3222 4504 Vas
3262 4457 3388 4504 ante
3479 4449 3486 4452 ’

1793 4551 1914 4590 eum
1949 4551 2046 4604 pro
2075 4535 2304 4590 solemni
2350 4537 2755 4604 benedictione,
2805 4540 2940 4595 lacte
2968 4543 3208 4612 plenum,
3235 4543 3382 4599 obla-

1792 4635 1905 4682 tum
1940 4636 2039 4684 est.
2069 4627 2222 4695 Quod
2266 4643 2388 4685 cum
2431 4629 2830 4697 benedixisset,
2858 4640 2910 4686 et
2938 4634 3212 4688 vasculum
3247 4635 3391 4690 illico

1796 4721 2113 4790 crepuisset,
2151 4721 2420 4791 increpuit
2457 4721 2767 4778 ministrum
2797 4739 2895 4778 cur
2930 4740 3038 4779 non
3077 4734 3204 4780 autc
3251 4725 3394 4779 infu-

1798 4811 2003 4867 sionem
2037 4827 2136 4883 per
2183 4814 2396 4887 signum
2438 4825 2644 4871 sanetae
2683 4818 2863 4872 erucis
2902 4818 3125 4886 antiquo
3149 4818 3289 4871 hosti
3318 4819 3396 4871 lo-

1799 4922 1921 4962 cum
1971 4909 2025 4962 in
2073 4922 2138 4964 eo
2195 4909 2548 4982 permanendi
2600 4912 2990 4969 interdixisset.
3048 4911 3186 4965 Item
3243 4913 3404 4967 lactis

1798 4998 2248 5068 similitudinem,
2300 5018 2369 5056 ex
2429 5002 2565 5055 tauri
2624 5005 2888 5062 testiculis
2939 5015 3296 5072 expressam,
3354 5004 3408 5054 in

1798 5092 2105 5161 propriam,
2166 5095 2222 5152 id
2271 5103 2356 5152 est
2406 5095 2723 5164 sanguinis,
2777 5093 2986 5149 eminus
3033 5091 3418 5148 benedicendo

1800 5184 2068 5264 convertit
2115 5201 2398 5248 naturam.
2426 5184 2639 5256 Regum
2669 5190 2965 5248 vicinorum
3011 5184 3161 5240 bella
3201 5196 3255 5242 et
3287 5199 3424 5253 pra-—

1803 5279 1960 5335 SCi\‘il
2004 5289 2056 5334 ει
2085 5281 2396 5360 a“quando
2440 5285 2795 5349 compescuit,
2827 5277 3115 5353 aliquando
3166 5294 3306 5335 vero
3344 5275 3433 5344 jn-

1803 5371 2000 5428 sliores
2047 5388 2258 5439 causas
2305 5373 2635 5436 habentibus
2691 5374 2850 5437 favit,
2898 5367 3235 5440 injustiores
3277 5380 3436 5429 vero,

1804 5462 1998 5519 divinae
2021 5463 2270 5533 justitige
2301 5463 2648 5532 conjunctus,
2685 5483 2791 5523 non
2823 5459 3123 5530 adiuvando
3159 5457 3444 5528 despexit.
