4046 6486
586 576 722 631 “05

1499 571 1556 629 Β.
1595 569 1897 630 NOTKERI
1936 568 2229 629 BALBULI
2267 569 2325 628 S.
2364 571 2568 630 GALLI
2603 573 2909 633 MONAClll

3633 593 3734 650 1104

578 693 717 739 sent.
751 681 848 737 Die
881 695 1093 754 quoque
1121 679 1313 737 ultimo
1340 680 1463 737 vitae
1506 683 1784 748 mortalis,
1811 683 1866 738 id
1908 692 1992 740 est
2021 684 2155 740 Sab-
2180 693 2233 754 Α
2336 686 2712 743 Antissiodoro
2801 687 3066 759 depositio
3142 693 3305 749 sancti
3369 696 3582 758 Censorii
3655 711 3737 775 cpi.

577 779 702 832 bato
727 816 744 842 ,
794 790 915 832 cum
951 774 1214 846 psalmum
1253 774 1583 829 tricesimum
1623 775 1839 830 tertium
1872 789 2043 845 usque
2082 775 2150 831 ad

577 883 701 920 eum
738 881 955 922 versum
1003 865 1341 937 perduxisset
1370 866 1424 920 in
1463 864 1747 921 scribendo
1782 884 1796 919 :
1826 865 2152 938 Inquirentes

577 967 754 1012 autem
798 958 1076 1013 Dominum
1095 998 1110 1025 ,
1138 974 1243 1014 non
1286 958 1525 1026 deﬁcient
1553 958 1610 1012 in
1639 958 1780 1013 omni
1809 959 1942 1014 bono
1975 957 2154 1031 (Psal.

578 1047 818 1120 xxxx"),
861 1050 1161 1105 astantibus
1204 1050 1378 1120 inquit
1416 1067 1428 1104 :
1473 1049 1673 1118 iQuod
1720 1049 1984 1120 reliquum
2037 1059 2151 1119 est,

576 1141 901 1197 Baitheneus
945 1142 1178 1206 scribat;
1218 1159 1238 1194 ι
1271 1149 1329 1195 ιιι
1358 1139 1608 1196 videlicet
1653 1140 1745 1210 qui
1790 1140 1844 1195 in
1892 1141 2154 1212 regimine

576 1234 803 1286 fratrum
849 1233 898 1286 ei
950 1246 1302 1288 successurus
1345 1240 1484 1298 erat,
1529 1246 1636 1286 non
1687 1230 1862 1286 solum
1891 1232 2154 1298 docendo,

576 1326 672 1380 sed
705 1333 760 1378 et
800 1324 1086 1380 scribendo
1133 1324 1424 1396 discipulos
1466 1325 1534 1379 ad
1577 1339 1638 1381 se
1665 1338 1862 1378 vocare
1891 1324 2154 1380 deberet:

529 1485 534 1494 i
584 1416 798 1484 Venite,
825 1417 956 1486 filii,
996 1417 1174 1472 audite
1215 1434 1316 1483 me,
1349 1417 1587 1470 timorem
1609 1415 1824 1470 Domini
1849 1415 2038 1470 docebo
2069 1432 2155 1471 vos

541 1507 796 1578 ,(Ibid.);
847 1517 902 1563 et
949 1509 1101 1564 addit
1142 1525 1155 1562 :
1197 1525 1215 1560 ι
1254 1507 1378 1561 Haec
1411 1506 1528 1562 dies
1575 1505 1630 1560 in
1680 1504 1957 1576 Scriptura
2000 1520 2156 1560 sacra

576 1597 904 1662 Sabbatum,
954 1597 1008 1652 id
1053 1603 1138 1652 est
1177 1598 1400 1665 requies,
1434 1592 1752 1664 appellatur,
1782 1594 1836 1646 in
1879 1608 1985 1663 qua
2026 1593 2155 1647 mihi

575 1690 789 1757 requies
818 1696 1017 1743 aeterna
1043 1696 1285 1758 paratur.
1313 1686 1449 1741 Ecce
1474 1686 1620 1740 enim
1645 1685 1748 1740 hac
1780 1694 1938 1741 nocte
1976 1700 2160 1741 resur—

576 1770 830 1835 rectionis
867 1779 1159 1835 Dominicaa
1188 1779 1327 1833 vado
1357 1778 1424 1832 ad
1463 1777 1750 1833 Dominum
1775 1776 1958 1834 Jesum
2004 1777 2160 1834 Chri—

571 1880 714 1924 stum
751 1885 958 1939 magnae
988 1868 1404 1924 resurrectionis
1430 1875 1731 1934 auctorem,
1753 1877 1812 1923 et
1836 1869 1940 1924 hoc
1965 1867 2160 1924 scitote

572 1962 697 2028 quia
737 1976 834 2030 per
865 1962 1150 2016 continuos
1193 1959 1308 2014 dies
1351 1973 1502 2013 mare
1550 1957 1792 2013 clausum
1825 1958 1992 2012 nimia
2025 1965 2162 2014 tem-

570 2060 780 2117 pestate
812 2052 1101 2117 tenebitur,
1126 2060 1187 2106 ut
1207 2051 1476 2121 exsequize
1498 2064 1632 2106 meae
1662 2066 1770 2105 non
1796 2065 1825 2104 a
1849 2051 2161 2121 vulgaribus
2189 2051 2236 2112 Β

575 2143 746 2198 turbis
795 2145 1186 2213 superstitiose,
1239 2144 1334 2198 sed
1382 2159 1413 2197 a
1461 2143 1664 2198 sanctis
1718 2143 1978 2198 fratribus
2022 2144 2158 2200 meis

573 2235 823 2304 religiose
850 2235 1213 2290 celebrentur.
1247 2255 1267 2288 ι
1297 2235 1397 2302 Qui
1429 2251 1551 2292 cum
1581 2234 1840 2306 plurimos
1867 2236 2158 2307 discipulos

574 2333 656 2387 vel
705 2335 881 2389 socios
933 2336 1239 2391 sanctitatis
1284 2352 1394 2392 suae
1439 2351 1599 2407 pares
1651 2335 1958 2398 habuisset,
1991 2347 2155 2387 unum

577 2431 779 2486 tamen,
826 2423 1159 2495 Comgellum
1207 2426 1434 2492 scilicet,
1465 2427 1658 2482 Latine
1705 2425 1892 2480 Fausti
1940 2423 2159 2479 nomine

572 2511 837 2568 illustrem
856 2554 870 2578 ,
910 2526 1300 2586 praeceptorem
1329 2518 1630 2573 beatissimi
1664 2517 2017 2582 Columbani,
2045 2530 2159 2570 ma—

573 2602 758 2672 gistri,
804 2605 1007 2663 domini
1054 2616 1110 2660 et
1151 2606 1326 2665 Patris
1371 2608 1542 2663 nostri
1589 2607 1758 2672 Galli,
1787 2606 2049 2660 virtutum
2095 2619 2160 2659 ac

572 2694 889 2749 meritorum
935 2711 1190 2764 suorum,
1227 2699 1383 2768 quasi
1413 2699 1662 2766 unicum,
1696 2697 1944 2768 exemplo
1983 2697 2156 2764 Isaac,

572 2783 790 2855 reliquit
825 2787 1116 2843 haeredem.

639 2874 702 2928 ιν
747 2875 822 2929 In.
863 2875 984 2932 Jun.
1008 2909 1078 2918 --
1103 2876 1291 2934 Romae
1317 2879 1404 2934 via
1435 2878 1678 2945 Aurelia,
1708 2877 1964 2935 milliaria
2007 2877 2157 2934 deci-

571 2981 659 3020 mo
691 2969 869 3032 tertio,
893 2970 1148 3026 nativitas
1175 2971 1347 3026 sancti
1371 2971 1625 3026 Basilidis
1662 2971 1940 3045 martyris,
1963 2970 2156 3039 Tripo-

573 3060 655 3113 dis
677 3069 732 3112 et
758 3060 1038 3126 Mandalis,
1065 3065 1165 3118 sub
1216 3063 1509 3119 Aureliano
1545 3063 1894 3134 imperatore,
1925 3063 2157 3134 praeside

569 3148 821 3218 Platone,
850 3160 906 3206 et
931 3153 1158 3208 aliorum
1184 3155 1372 3226 viginti
1415 3163 1737 3226 martyrum.
1779 3153 1886 3210 Pro
1932 3153 2158 3224 Tripode

573 3250 750 3296 tamen
805 3251 861 3298 et
907 3242 1157 3298 Mandale
1205 3245 1261 3299 in
1300 3245 1624 3316 quibusdam
1649 3244 1929 3303 codicibus
1954 3244 2011 3298 in
2041 3241 2156 3297 Tri-

569 3333 678 3401 poli
715 3333 1032 3405 Magdaletis
1065 3335 1326 3406 scriptum
1366 3337 1654 3408 reperitur.

643 3427 848 3482 Eodem
924 3429 1011 3484 die
1056 3430 1198 3485 beati
1256 3429 1458 3486 Getulii
1509 3427 1767 3503 martyris
1823 3427 2154 3500 temporibus
2181 3429 2225 3492 C

569 3521 794 3576 Adriani
828 3522 1191 3593 imperatoris,
1226 3524 1327 3579 sub
1349 3523 1530 3595 judice
1555 3523 1783 3579 Licinio.
1797 3521 1900 3579 Hic
1926 3523 1983 3578 in
2003 3523 2150 3578 omni

568 3612 686 3682 lege
711 3615 890 3671 divina
917 3623 1035 3670 erat
1086 3617 1452 3682 doctissimus,
1488 3625 1543 3672 et
1576 3631 1675 3686 per
1708 3614 1826 3684 ejus
1848 3616 2148 3670 doctrinam

567 3705 723 3758 multi
749 3706 801 3760 in
862 3708 965 3762 ﬁde
1010 3707 1211 3763 Christi
1257 3709 1662 3764 erudiebantur.
1718 3707 1884 3778 Cujus
1950 3709 2151 3764 famam

567 3791 843 3851 Adrianus
867 3796 1164 3866 imperator
1190 3799 1438 3866 audiens,
1461 3799 1660 3855 direxit
1689 3798 1969 3856 Cerealem
1999 3801 2150 3856 vica-

566 3889 706 3940 rium
732 3887 798 3940 ad
827 3889 1116 3944 tenendum
1147 3905 1270 3944 eum
1303 3909 1315 3945 :
1346 3891 1442 3946 sed
1468 3891 1650 3946 audito
1676 3890 1793 3961 ejus
1819 3891 1986 3948 verbo
2009 3892 2151 3946 veri-

566 3976 720 4041 tatis,
745 3978 972 4031 credidit
1029 3979 1086 4032 in
1141 3979 1437 4045 Christum,
1474 3989 1530 4035 et
1569 3981 1872 4050 baptizatus
1918 3997 1950 4035 a
1990 3983 2150 4037 beato

569 4069 726 4122 Sixto
748 4084 907 4138 papa,
938 4084 1037 4138 per
1061 4069 1469 4126 instructionem
1513 4071 1684 4126 sancti
1721 4070 1918 4126 Getulii
1959 4072 2014 4126 in
2044 4073 2148 4126 ﬁde

567 4159 769 4214 Christi
795 4158 1127 4214 confortatus
1147 4168 1248 4215 est.
1274 4160 1390 4228 Quo
1417 4160 1690 4216 Adrianus
1725 4170 2028 4231 comperto,
2060 4161 2148 4215 Li-

566 4253 769 4309 cinium
800 4252 1138 4307 consularem
1188 4251 1406 4318 direxit,
1453 4262 1513 4309 ut
1565 4251 1841 4309 Cerealem
1882 4253 2146 4308 vicarium

564 4353 792 4400 teneret.
831 4342 966 4400 Cum
1019 4359 1127 4415 quo
1173 4343 1364 4399 beatus
1409 4344 1657 4400 Getulius
1702 4354 1758 4400 et
1811 4344 1978 4399 frater
2030 4345 2147 4415 ejus

564 4434 866 4500 Amantius,
897 4445 1057 4505 atque
1087 4435 1292 4491 amicus
1315 4450 1502 4490 eorum
1544 4434 1922 4491 sanctissimus
1952 4434 2144 4489 Primi-

564 4526 708 4580 tivus
737 4527 962 4593 inventi,
998 4528 1202 4596 pariter
1248 4537 1373 4582 sunt
1412 4527 1567 4592 tenti,
1622 4537 1678 4582 et
1701 4527 1856 4595 jussu
1899 4525 2140 4594 ejusdem

564 4615 758 4672 Licinii
783 4617 1062 4687 exspoliati
1097 4634 1161 4674 ac
1204 4619 1350 4684 caesi,
1382 4634 1447 4673 ac
1470 4633 1569 4689 per
1593 4617 1783 4688 viginti
1830 4633 1894 4672 ac
1937 4625 2142 4686 septem

564 4706 681 4761 dies
709 4706 764 4759 in
802 4722 1076 4762 carcerem
1129 4719 1253 4764 sunt
1301 4709 1523 4764 detrusi.
1567 4707 1717 4763 Tunc
1771 4708 1990 4762 veniens
2035 4708 2143 4762 lto—

2254 791 2422 849 scapi.

2325 891 2391 946 lll
2418 891 2495 947 In.
2519 887 2641 950 Jun.
2668 923 2735 936 —
2759 893 2915 964 Apud
2939 894 3174 967 Cyprum
3206 899 3445 957 nativitas
3491 901 3542 958 S.
3589 904 3740 963 Burni.

2253 983 2336 1040 ba:
2380 985 2627 1055 apostoli.
2679 985 2781 1053 Qui
2830 1002 2952 1042 cum
3001 1003 3032 1043 a
3075 990 3376 1058 parentibus
3410 991 3580 1064 Joseph
3623 997 3742 1053 fuerit

2255 1085 2618 1147 nuncupatus,
2647 1079 2714 1133 ab
2745 1079 3000 1148 apostolis
3026 1079 3315 1147 Barnabas,
3362 1084 3437 1138 vel
3463 1085 3584 1152 ﬁlius
3600 1103 3738 1144 conso-

2254 1165 2468 1222 lationis
2480 1176 2564 1224 est
2582 1175 2824 1236 vocatus,
2840 1184 2940 1241 pro
2957 1184 3022 1226 eo
3043 1171 3187 1241 quod
3202 1186 3318 1227 cum
3340 1173 3565 1229 habuerit
3579 1191 3738 1247 agrum,

2256 1274 2487 1329 eumque
2509 1261 2834 1327 vendiderit,
2862 1262 3094 1331 pretium
3117 1262 3229 1332 ejus
3267 1273 3386 1319 ante
3409 1266 3556 1335 pedes
3577 1278 3742 1338 aposto-

2255 1350 2429 1406 lorum
2492 1352 2560 1407 ad
2605 1350 3028 1408 consolationem
3071 1368 3358 1424 pauperum
3404 1358 3630 1426 posuerit.
3673 1359 3743 1426 Qui

2257 1464 2380 1504 cum
2403 1457 2548 1505 esset
2575 1458 2736 1520 gente
2771 1448 3013 1518 Iudaeus,
3067 1451 3178 1506 imo
3230 1451 3430 1516 levites,
3473 1454 3556 1508 sed
3584 1453 3747 1508 natione

2258 1540 2488 1611 Cyprus,
2516 1555 2622 1596 non
2646 1541 2816 1596 solum
2838 1551 3066 1598 caeteros
3094 1541 3307 1600 Judteos
3334 1543 3451 1600 ﬁdei
3468 1543 3638 1599 Christi
3659 1543 3749 1598 sub-

2253 1631 2468 1704 jugare,
2491 1632 2586 1688 sed
2614 1642 2671 1688 et
2693 1633 2869 1702 ipsum
2896 1633 3201 1704 apostolum
3225 1633 3440 1688 Paulum
3465 1649 3493 1687 a
3514 1633 3688 1688 Christo
3704 1634 3748 1687 de

2259 1722 2398 1778 coelo
2425 1731 2696 1789 vocatum,
2728 1723 2825 1779 sed
2854 1733 3076 1794 propter
3116 1724 3395 1779 anterioris
3433 1722 3749 1793 persecutionis

2260 1813 2650 1869 immanitatem
2697 1810 3022 1870 Christianis
3069 1823 3392 1884 suspectum,
3453 1813 3746 1884 apostolorum

2260 1904 2430 1958 choro
2459 1903 2672 1960 sociare
2702 1904 2926 1959 curavit.
2989 1902 3124 1959 Cum
3178 1919 3284 1975 quo
3332 1904 3397 1960 ab
3439 1903 3536 1960 illis
3574 1903 3752 1974 gentium

2262 1994 2537 2067 apostolus
2589 1996 2890 2062 ordinatus,
2923 2003 2980 2052 et
3006 1995 3268 2065 plurimas
3299 1996 3364 2052 ab
3389 1995 3642 2052 incredulis
3664 2010 3750 2064 pcr-

2260 2102 2451 2158 pessus
2486 2087 2740 2156 injurias;
2769 2089 2862 2143 sed
2901 2103 3062 2142 causa
3103 2087 3290 2155 Marci,
3313 2088 3587 2143 communis
3614 2101 3755 2141 eorum

2260 2176 2530 2248 discipuli,
2556 2178 2641 2233 vel
2667 2179 2846 2248 potius
2864 2178 3269 2249 dispensatione
3311 2179 3478 2234 divina
3503 2181 3563 2234 ab
3596 2194 3648 2232 eo
3668 2192 3754 2232 cor-

2257 2285 2390 2340 pore
2440 2271 2665 2337 divisus,
2725 2280 2906 2327 mente
2976 2280 3157 2326 tamen
3232 2271 3428 2336 unitus,
3477 2270 3756 2326 nihilominus

2258 2362 2584 2433 evangelicae
2621 2362 3023 2431 praedicationis
3052 2362 3353 2433 injunctum
3381 2361 3477 2418 sibi
3497 2377 3613 2432 Opus
3626 2359 3761 2429 exple

2259 2453 2358 2508 vit.
2399 2453 2476 2507 De
2527 2453 2679 2524 cujus
2728 2453 3017 2509 sanctitate
3046 2469 3216 2508 unum
3245 2454 3384 2509 beati
3408 2453 3553 2508 Lucae
3579 2453 3764 2507 testimo-

2258 2544 2409 2599 nium
2454 2543 2700 2600 ﬁdelibus
2748 2545 3002 2601 sufficere
3035 2544 3276 2609 debebit,
3304 2544 3426 2614 quia
3450 2542 3663 2598 videlicet
3680 2551 3764 2595 erat

2257 2635 2340 2690 vir
2380 2634 2563 2701 bouus,
2595 2636 2777 2707 plenus
2831 2633 3036 2706 Spiritu
3091 2646 3274 2692 sancto
3303 2645 3350 2690 et
3395 2635 3492 2705 ﬁde
3535 2631 3760 2703 (Act.,x1).

2258 2725 2425 2796 Cujus
2474 2741 2674 2797 corpus
2727 2735 2972 2796 tempore
3024 2725 3264 2783 Zenonis
3324 2726 3648 2796 imperatoris,
3681 2725 3764 2793 ipso

2256 2815 2552 2882 revelante,
2600 2825 2874 2888 repertum
2897 2825 2996 2874 est.
3027 2816 3129 2873 Hic
3161 2833 3324 2873 unam
3347 2818 3410 2873 ad
3429 2815 3762 2873 aediﬁcationem

2256 2907 2515 2962 Ecclesiae
2565 2909 2927 2979 pertinentem
2980 2909 3268 2980 scripsisse
3304 2908 3470 2965 fertur
3530 2905 3764 2978 epistolam,

2256 3012 2379 3069 qua;
2433 3009 2616 3056 tamen
2665 3002 2807 3058 inter
2853 3002 3195 3073 apocryphas
3250 3009 3532 3072 reputatur.

2327 3117 2526 3174 Eodem
2573 3117 2658 3173 die
2705 3118 2845 3188 apud
2887 3117 3215 3176 Corinthum
3264 3118 3536 3176 Sosthenis
3579 3111 3767 3184 discipuli

2255 3211 2398 3268 beati
2429 3211 2579 3267 Pauli
2601 3212 2850 3282 apostoli.
2883 3211 2986 3279 Qui
3017 3228 3143 3268 cum
3195 3214 3250 3268 in
3299 3203 3560 3268 Judaismo
3603 3204 3712 3262 male
3745 3216 3766 3254 a

2256 3305 2526 3377 gentibus,
2559 3303 2803 3361 Gallione
2833 3305 3159 3375 proconsule
3188 3321 3300 3361 non
3356 3311 3582 3366 curante,
3620 3303 3768 3352 tracta-

2260 3404 2431 3461 retur,
2454 3396 2520 3450 ad
2573 3383 3046 3450 Christianismum
3073 3411 3392 3461 conversus,
3438 3395 3500 3449 ab
3525 3393 3624 3464 ipso
3653 3390 3769 3444 beato

2257 3486 2425 3542 Paulo
2450 3487 2502 3542 in
2529 3487 2845 3557 apostolicis
2872 3498 2957 3542 est
2990 3486 3191 3546 litteris
3248 3487 3535 3544 honoriﬁce
3559 3493 3770 3539 commen-

2255 3581 2414 3637 datus
2449 3579 2503 3654 (I
2536 3579 2658 3637 Cor.
2690 3583 2755 3652 ι).

2265 3680 2272 3684 ”
2326 3695 2457 3750 ltem
2486 3697 2628 3766 apud
2663 3697 2969 3768 Aquileiam
3000 3700 3264 3756 nativitas
3309 3705 3598 3756 sanctorum
3617 3695 3771 3756 marty-

2254 3803 2376 3842 rum
2414 3787 2615 3845 Felicis
2642 3798 2699 3845 et
2742 3789 3049 3857 Fortunati,
3080 3793 3182 3847 sub
3213 3788 3576 3863 persecutione
3613 3778 3772 3836 Diode-

2253 3879 2386 3934 tiani
2413 3888 2468 3934 et
2491 3879 2796 3936 Maximiani
2824 3883 3237 3953 imperatorum,
3269 3881 3494 3952 prteside
3511 3869 3769 3944 Euphemio.

2252 3969 2356 4038 Qui
2385 3985 2509 4026 cum
2545 3981 2727 4027 essent
2752 3975 2994 4043 germani
3028 3975 3230 4031 fratres
3263 3974 3367 4028 ﬁde
3393 3969 3580 4027 Christi
3615 3964 3773 4018 ferven-

2254 4073 2354 4129 tes,
2388 4062 2664 4120 deferente
2684 4065 2912 4134 Apamio
2948 4066 3041 4135 qui
3081 4075 3206 4121 erat
3234 4081 3377 4122 unus
3399 4080 3464 4119 ex
3489 4058 3649 4117 ofﬁcio
3669 4066 3773 4123 prte—

2250 4155 2403 4219 sidis,
2432 4155 2597 4210 vincti
2631 4155 2778 4211 ferro
2805 4157 3111 4226 Aquileiam
3155 4157 3330 4226 judici
3377 4150 3648 4224 Euphemio
3682 4155 3773 4212 Pe"

2250 4244 2537 4300 ducuntur.
2581 4245 2680 4300 Ubi
2723 4261 2845 4300 cum
2891 4246 3169 4302 Christum
3211 4241 3634 4303 constantissime
3675 4235 3777 4287 late-

2248 4344 2456 4402 rentur,
2487 4337 2556 4392 ab
2589 4337 2926 4406 iratojudice
2950 4341 3192 4409 primum
3232 4341 3288 4396 in
3327 4337 3549 4409 equuleo
3581 4321 3775 4398 suspensi

2247 4437 2396 4494 sunt,
2419 4429 2734 4484 ardentibus
2777 4429 3116 4500 lampadibus
3151 4431 3310 4487 circa
3340 4432 3506 4484 latera
3535 4418 3773 4494 appositis;

2246 4520 2340 4573 sed
2374 4535 2520 4587 mox,
2564 4521 2916 4590 psallentihus
2943 4524 3303 4594 martyribus,
3340 4518 3641 4578 exstinctis.
3685 4507 3775 4563 inde

2245 4623 2343 4677 per
2378 4618 2619 4664 ventrem
2645 4611 2854 4666 ardenti
2889 4611 3010 4666 oleo
3033 4612 3276 4681 perfusi;
3304 4611 3374 4666 ad
3404 4610 3651 4669 ultimum,
3678 4601 3773 4654 dum

2244 4699 2298 4753 in
2327 4699 2667 4756 confessione
2689 4703 2889 4758 Christi
2942 4705 3330 4772 perdurarent,
3379 4701 3524 4757 foras
3553 4695 3772 4751 civitatem

566 4811 736 4861 mam,
767 4806 820 4850 et
840 4797 1077 4852 Adriano
1099 4799 1164 4853 de
1185 4799 1486 4867 hujusmodi
1509 4798 1654 4855 facto
1686 4800 2051 4865 innotescens,
2075 4800 2143 4854 ab
2173 4787 2222 4846 D
2250 4790 2418 4856 ducti,
2437 4789 2590 4860 juxta
2621 4792 2842 4848 fluvium
2868 4795 3074 4850 civitati
3103 4797 3422 4866 proximum
3469 4791 3628 4861 capite
3666 4794 3780 4838 trun-

563 4887 704 4942 eoin
741 4885 1006 4940 mandatis
1029 4887 1235 4956 accepit
1267 4897 1324 4942 ut
1352 4902 1542 4944 omnes
1586 4888 1712 4960 igne
1744 4898 2137 4945 concremaret.

564 4974 800 5030 Sanctus
828 4991 956 5030 vero
997 4975 1264 5042 Getulius,
1303 4992 1425 5033 cum
1481 4980 1534 5032 in
1584 4979 1706 5048 igne
1749 4979 2138 5047 superviveret,

553 5063 797 5120 fustibus
827 5063 1016 5120 colliso
1064 5065 1238 5134 capite
1284 5067 1604 5138 martyrium
1657 5068 1963 5138 complevit.
1995 5068 2139 5124 Con-

564 5155 820 5211 summati
865 5165 992 5211 sunt
1029 5165 1206 5211 autem
1253 5157 1395 5212 beati
1426 5168 1691 5229 martyres
1735 5160 1790 5213 in
1840 5159 2008 5216 fundo
2032 5161 2137 5218 Ca-

559 5247 781 5317 prcolis,
814 5248 901 5303 via
929 5249 1158 5316 Salaria,
1188 5250 1256 5305 ab
1286 5250 1419 5305 urbe
1473 5249 1642 5305 Roma
1673 5252 1792 5321 plus
1814 5254 1990 5310 minus
2019 5254 2140 5311 mil-

560 5336 720 5392 liario
748 5339 957 5394 decimo
983 5341 1159 5406 tertio,
1183 5357 1347 5411 supra
1375 5339 1592 5395 fluvium
1616 5342 1875 5411 Tiberim,
1904 5347 1956 5400 in
1985 5357 2140 5416 parte

559 5425 982 5484 Sabiniensium.
1013 5427 1250 5496 Quorum
1285 5445 1514 5502 corpora
1553 5431 1765 5503 collegit
1795 5433 1953 5488 beata
1983 5436 2139 5506 Sym-

557 5520 813 5590 phorosa,
853 5535 989 5574 uxor
1019 5519 1213 5575 Getulii
1238 5521 1491 5592 martyris
1524 5521 1664 5593 (quae
1694 5539 1798 5578 non
1831 5523 1987 5594 longe
2016 5535 2137 5596 post

557 5612 806 5666 eumdem
853 5614 1030 5681 ipsum
1085 5623 1374 5683 martyrem
1428 5629 1550 5667 cmn
1602 5626 1805 5684 septem
1850 5616 1975 5671 ﬁliis
2025 5619 2137 5674 suis

556 5703 951 5774 martyrizavit,
981 5702 1230 5758 videlicet
1251 5704 1507 5760 vicesimo
1555 5707 1782 5776 septimo
1825 5708 1911 5764 die
1932 5708 2134 5764 mensis

558 5789 746 5860 Junii),
768 5803 823 5847 et
844 5793 1093 5860 sepelivit
1113 5809 1177 5848 ea
1209 5795 1259 5846 in
1288 5795 1490 5864 praedio
1539 5812 1636 5852 suo
1678 5799 1733 5853 in
1775 5799 2050 5865 arenario,
2077 5800 2130 5855 in

560 5881 676 5934 loco
702 5892 756 5935 et
777 5885 973 5951 oppido
991 5897 1152 5953 supra
1179 5887 1466 5944 nominato.

549 6027 555 6034 _
632 5971 954 6028 Nicomediae
980 5976 1147 6029 sancti
1168 5976 1459 6031 Zachariae.

2249 4872 2460 4936 cantur.
2488 4882 2614 4936 Inde
2645 4892 2802 4939 nocte
2847 4900 2879 4939 a
2934 4886 3202 4957 religiosis
3260 4887 3398 4941 viris
3448 4883 3558 4952 ejus
3593 4870 3778 4933 civitatis

2247 4970 2466 5037 sublati,
2496 4988 2619 5028 cum
2645 4975 2981 5031 aromatibus
3027 4976 3257 5032 involuti
3310 4969 3691 5032 linteaminibus
3711 4972 3778 5016 oc.

2246 5061 2390 5117 culte
2415 5063 2609 5133 sepulti
2639 5073 2784 5120 sunt.
2827 5065 2900 5120 At
2949 5066 3095 5121 cives
3129 5067 3364 5122 Vicetiae
3394 5058 3778 5135 supervenientes

2245 5165 2433 5206 eorum
2461 5167 2686 5222 corpora
2720 5154 3016 5223 perducere
3052 5157 3120 5212 ad
3165 5172 3331 5213 suam
3370 5157 3631 5212 civitatem
3654 5143 3777 5198 Vice-

2243 5242 2372 5296 tiam
2403 5243 2736 5300 nitebantur.
2787 5245 2904 5300 Non
2941 5248 3389 5317 permittentibus
3447 5254 3617 5301 autem
3650 5231 3779 5303 Δαυί-

2239 5333 2550 5402 leiensibus,
2587 5337 2699 5392 imo
2747 5339 3126 5406 renitentibus,
3163 5342 3391 5396 tandem
3430 5341 3518 5412 pia
3553 5324 3779 5393 contentio

2237 5423 2387 5480 ﬁnita
2418 5437 2501 5482 cst
2531 5439 2662 5483 nutu
2697 5429 2900 5496 divino,
2933 5440 2990 5484 ut
3031 5431 3270 5486 Felicem
3305 5428 3593 5493 V’icentini,
3627 5423 3780 5479 Fortu«

2236 5523 2421 5570 natum
2457 5517 2720 5573 haberent
2760 5519 3152 5588 Aquileienses,
3210 5522 3292 5575 ita
3342 5530 3519 5574 tamen
3567 5523 3623 5570 ut
3653 5513 3780 5578 ωρυι

2237 5605 2381 5661 beati
2403 5605 2597 5662 Felicis
2623 5609 3016 5678 Aquileienses,
3042 5619 3207 5681 caput
3240 5626 3378 5666 vero
3405 5607 3576 5665 sancti
3619 5605 3777 5659 Fortu-

2241 5699 2355 5752 nati
2381 5697 2587 5753 Vicetia
2602 5700 2902 5755 sortiretur.
2928 5700 3079 5767 Quod
3111 5701 3324 5756 factum
3355 5702 3409 5756 in
3431 5699 3584 5754 laude
3605 5683 3778 5749 Domi“i

2240 5791 2410 5845 nostri
2434 5789 2561 5847 Jesu
2582 5790 2782 5849 Christi
2812 5809 2982 5864 usque
3006 5795 3162 5850 hodie
3184 5805 3500 5864 permanet.

2311 5902 2493 5957 Romae
2523 5903 2762 5959 Anacleti
2785 5919 2954 5975 papa},
2985 5906 3072 5975 qui
3102 5904 3318 5975 primus
3335 5905 3480 5961 beati
3502 5899 3639 5961 Petri
3674 5906 3778 5966 apo-

2239 5991 2358 6046 stoli
2397 5995 2709 6050 memoriam
2733 5997 3032 6053 construxit
3063 6007 3114 6054 et
3155 5999 3488 6068 composuit,
3519 6010 3632 6052 cum
3660 6001 3782 6060 pres-
