  <div class='ocr_page' id='page_1' title='image "/cluster/home/n/w/nwhite01/storage/ocr_20150623/131/hvd.32044015471725/558.png"; bbox 0 0 4046 6488; ppageno 0'>
   <div class='ocr_carea' id='block_1_1' title="bbox 300 486 441 543">
    <p class='ocr_par' dir='ltr' id='par_1_1' title="bbox 300 486 441 543">
     <span class='ocr_line' id='line_1_1' title="bbox 300 486 441 543; baseline -0.021 -1"><span class='ocrx_word' id='word_1_1' title='bbox 300 486 441 543; x_wconf 65' lang='grc'><strong>1105</strong></span> 
     </span>
    </p>
   </div>
   <div class='ocr_carea' id='block_1_2' title="bbox 1355 472 2517 535">
    <p class='ocr_par' dir='ltr' id='par_1_2' title="bbox 1355 472 2517 535">
     <span class='ocr_line' id='line_1_2' title="bbox 1355 472 2517 535; baseline -0.004 0"><span class='ocrx_word' id='word_1_2' title='bbox 1355 472 1976 535; x_wconf 80' lang='lat' dir='ltr'><strong>MARTYROLOGIUM.</strong></span> <span class='ocrx_word' id='word_1_3' title='bbox 2019 504 2088 514; x_wconf 93' lang='lat'>-</span> <span class='ocrx_word' id='word_1_4' title='bbox 2125 474 2329 530; x_wconf 84' lang='lat' dir='ltr'><strong>MENS.</strong></span> <span class='ocrx_word' id='word_1_5' title='bbox 2371 476 2517 533; x_wconf 83' lang='lat' dir='ltr'><strong>JUN.</strong></span> 
     </span>
    </p>
   </div>
   <div class='ocr_carea' id='block_1_3' title="bbox 3426 473 3565 530">
    <p class='ocr_par' dir='ltr' id='par_1_3' title="bbox 3426 473 3565 530">
     <span class='ocr_line' id='line_1_3' title="bbox 3426 473 3565 530; baseline 0 -2"><span class='ocrx_word' id='word_1_6' title='bbox 3426 473 3565 530; x_wconf 77' lang='grc'><strong>1106</strong></span> 
     </span>
    </p>
   </div>
   <div class='ocr_carea' id='block_1_4' title="bbox 299 587 3566 672">
    <p class='ocr_par' dir='ltr' id='par_1_4' title="bbox 299 587 3566 672">
     <span class='ocr_line' id='line_1_4' title="bbox 299 587 3566 672; baseline -0.001 -23"><span class='ocrx_word' id='word_1_7' title='bbox 299 601 458 670; x_wconf 78' lang='lat' dir='ltr'><strong>byler</strong></span> <span class='ocrx_word' id='word_1_8' title='bbox 493 606 638 656; x_wconf 82' lang='lat' dir='ltr'><strong>esset</strong></span> <span class='ocrx_word' id='word_1_9' title='bbox 674 596 956 656; x_wconf 82' lang='lat' dir='ltr'><strong>ordinatus</strong></span> <span class='ocrx_word' id='word_1_10' title='bbox 982 592 1051 656; x_wconf 84' lang='lat' dir='ltr'><strong>ab</strong></span> <span class='ocrx_word' id='word_1_11' title='bbox 1084 605 1172 663; x_wconf 84' lang='lat' dir='ltr'><strong>eo,</strong></span> <span class='ocrx_word' id='word_1_12' title='bbox 1193 599 1251 654; x_wconf 85' lang='lat' dir='ltr'><strong>et</strong></span> <span class='ocrx_word' id='word_1_13' title='bbox 1267 591 1426 667; x_wconf 81' lang='lat' dir='ltr'><strong>juxta</strong></span> <span class='ocrx_word' id='word_1_14' title='bbox 1450 605 1645 664; x_wconf 84' lang='lat' dir='ltr'><strong>corpus</strong></span> <span class='ocrx_word' id='word_1_15' title='bbox 1664 590 1780 663; x_wconf 84' lang='lat' dir='ltr'><strong>ejus</strong></span> <span class='ocrx_word' id='word_1_16' title='bbox 1802 602 1881 648; x_wconf 87' lang='lat' dir='ltr'><strong>se-</strong></span> <span class='ocrx_word' id='word_1_17' title='bbox 1905 587 2038 652; x_wconf 82' lang='lat' dir='ltr'><strong>Ain</strong></span> <span class='ocrx_word' id='word_1_18' title='bbox 2069 588 2154 644; x_wconf 91' lang='lat' dir='ltr'><strong>die</strong></span> <span class='ocrx_word' id='word_1_19' title='bbox 2205 598 2519 644; x_wconf 88' lang='lat' dir='ltr'><strong>sanctorum</strong></span> <span class='ocrx_word' id='word_1_20' title='bbox 2572 598 2870 660; x_wconf 78' lang='lat' dir='ltr'><strong>martyrum</strong></span> <span class='ocrx_word' id='word_1_21' title='bbox 2921 588 3154 647; x_wconf 87' lang='lat' dir='ltr'><strong>Protasii</strong></span> <span class='ocrx_word' id='word_1_22' title='bbox 3200 600 3256 648; x_wconf 91' lang='lat' dir='ltr'><strong>et</strong></span> <span class='ocrx_word' id='word_1_23' title='bbox 3295 589 3566 672; x_wconf 73' lang='lat' dir='ltr'><strong>Gervasii,</strong></span> 
     </span>
    </p>
   </div>
   <div class='ocr_carea' id='block_1_5' title="bbox 299 694 605 766">
    <p class='ocr_par' dir='ltr' id='par_1_5' title="bbox 299 694 605 766">
     <span class='ocr_line' id='line_1_5' title="bbox 299 694 605 766; baseline -0.013 -16"><span class='ocrx_word' id='word_1_24' title='bbox 299 694 482 766; x_wconf 80' lang='lat' dir='ltr'><strong>pultas</strong></span> <span class='ocrx_word' id='word_1_25' title='bbox 501 701 605 750; x_wconf 87' lang='lat' dir='ltr'><strong>est.</strong></span> 
     </span>
    </p>
   </div>
   <div class='ocr_carea' id='block_1_6' title="bbox 371 776 1885 850">
    <p class='ocr_par' dir='ltr' id='par_1_6' title="bbox 371 776 1885 850">
     <span class='ocr_line' id='line_1_6' title="bbox 371 776 1885 850; baseline -0.006 -10"><span class='ocrx_word' id='word_1_26' title='bbox 371 784 414 840; x_wconf 88' lang='lat' dir='ltr'><strong>ll</strong></span> <span class='ocrx_word' id='word_1_27' title='bbox 447 785 526 840; x_wconf 86' lang='lat' dir='ltr'><strong>In.</strong></span> <span class='ocrx_word' id='word_1_28' title='bbox 547 782 670 841; x_wconf 73' lang='lat' dir='ltr'><strong>Jun.</strong></span> <span class='ocrx_word' id='word_1_29' title='bbox 700 812 772 825; x_wconf 96' lang='lat'>—</span> <span class='ocrx_word' id='word_1_30' title='bbox 803 781 988 838; x_wconf 77' lang='lat' dir='ltr'><strong>Romae</strong></span> <span class='ocrx_word' id='word_1_31' title='bbox 1036 779 1292 837; x_wconf 86' lang='lat' dir='ltr'><strong>nativitas</strong></span> <span class='ocrx_word' id='word_1_32' title='bbox 1324 780 1501 837; x_wconf 78' lang='lat' dir='ltr'><strong>sancti</strong></span> <span class='ocrx_word' id='word_1_33' title='bbox 1544 777 1751 850; x_wconf 89' lang='lat' dir='ltr'><strong>Cyrini.</strong></span> <span class='ocrx_word' id='word_1_34' title='bbox 1780 776 1885 844; x_wconf 98' lang='lat' dir='ltr'><strong>Qui</strong></span> 
     </span>
    </p>
   </div>
   <div class='ocr_carea' id='block_1_7' title="bbox 297 867 1886 948">
    <p class='ocr_par' dir='ltr' id='par_1_7' title="bbox 297 867 1886 948">
     <span class='ocr_line' id='line_1_7' title="bbox 297 867 1886 948; baseline -0.007 -16"><span class='ocrx_word' id='word_1_35' title='bbox 297 877 452 948; x_wconf 87' lang='lat' dir='ltr'><strong>jussu</strong></span> <span class='ocrx_word' id='word_1_36' title='bbox 476 875 685 931; x_wconf 86' lang='lat' dir='ltr'><strong>Claudii</strong></span> <span class='ocrx_word' id='word_1_37' title='bbox 723 873 1065 945; x_wconf 77' lang='lat' dir='ltr'><strong>imperatoris</strong></span> <span class='ocrx_word' id='word_1_38' title='bbox 1118 872 1363 941; x_wconf 88' lang='lat' dir='ltr'><strong>secundi,</strong></span> <span class='ocrx_word' id='word_1_39' title='bbox 1391 879 1513 943; x_wconf 90' lang='lat' dir='ltr'><strong>post</strong></span> <span class='ocrx_word' id='word_1_40' title='bbox 1543 868 1784 924; x_wconf 90' lang='lat' dir='ltr'><strong>omnium</strong></span> <span class='ocrx_word' id='word_1_41' title='bbox 1806 867 1886 922; x_wconf 89' lang='lat' dir='ltr'><strong>fa-</strong></span> 
     </span>
    </p>
   </div>
   <div class='ocr_carea' id='block_1_8' title="bbox 305 961 1887 1031">
    <p class='ocr_par' dir='ltr' id='par_1_8' title="bbox 305 961 1887 1031">
     <span class='ocr_line' id='line_1_8' title="bbox 305 961 1887 1031; baseline -0.007 -7"><span class='ocrx_word' id='word_1_42' title='bbox 305 967 567 1024; x_wconf 88' lang='lat' dir='ltr'><strong>cultatum</strong></span> <span class='ocrx_word' id='word_1_43' title='bbox 603 967 952 1031; x_wconf 88' lang='lat' dir='ltr'><strong>ablationem,</strong></span> <span class='ocrx_word' id='word_1_44' title='bbox 988 974 1044 1020; x_wconf 90' lang='lat' dir='ltr'><strong>et</strong></span> <span class='ocrx_word' id='word_1_45' title='bbox 1069 965 1329 1021; x_wconf 90' lang='lat' dir='ltr'><strong>diutinam</strong></span> <span class='ocrx_word' id='word_1_46' title='bbox 1376 961 1614 1018; x_wconf 79' lang='lat' dir='ltr'><strong>carceris</strong></span> <span class='ocrx_word' id='word_1_47' title='bbox 1647 974 1887 1016; x_wconf 87' lang='lat' dir='ltr'><strong>macera-</strong></span> 
     </span>
    </p>
   </div>
   <div class='ocr_carea' id='block_1_9' title="bbox 305 1052 1887 1128">
    <p class='ocr_par' dir='ltr' id='par_1_9' title="bbox 305 1052 1887 1128">
     <span class='ocr_line' id='line_1_9' title="bbox 305 1052 1887 1128; baseline -0.005 -13"><span class='ocrx_word' id='word_1_48' title='bbox 305 1061 529 1127; x_wconf 88' lang='lat' dir='ltr'><strong>tionem,</strong></span> <span class='ocrx_word' id='word_1_49' title='bbox 559 1069 719 1116; x_wconf 92' lang='lat' dir='ltr'><strong>nocte</strong></span> <span class='ocrx_word' id='word_1_50' title='bbox 738 1059 1038 1116; x_wconf 89' lang='lat' dir='ltr'><strong>decollatus</strong></span> <span class='ocrx_word' id='word_1_51' title='bbox 1066 1068 1171 1124; x_wconf 88' lang='lat' dir='ltr'><strong>est,</strong></span> <span class='ocrx_word' id='word_1_52' title='bbox 1196 1066 1252 1114; x_wconf 92' lang='lat' dir='ltr'><strong>et</strong></span> <span class='ocrx_word' id='word_1_53' title='bbox 1279 1072 1475 1128; x_wconf 90' lang='lat' dir='ltr'><strong>corpus</strong></span> <span class='ocrx_word' id='word_1_54' title='bbox 1502 1057 1619 1127; x_wconf 87' lang='lat' dir='ltr'><strong>ejus</strong></span> <span class='ocrx_word' id='word_1_55' title='bbox 1646 1056 1699 1110; x_wconf 92' lang='lat' dir='ltr'><strong>in</strong></span> <span class='ocrx_word' id='word_1_56' title='bbox 1732 1052 1887 1108; x_wconf 88' lang='lat' dir='ltr'><strong>Tibe-</strong></span> 
     </span>
    </p>
   </div>
   <div class='ocr_carea' id='block_1_10' title="bbox 309 1149 1886 1224">
    <p class='ocr_par' dir='ltr' id='par_1_10' title="bbox 309 1149 1886 1224">
     <span class='ocr_line' id='line_1_10' title="bbox 309 1149 1886 1224; baseline -0.005 -16"><span class='ocrx_word' id='word_1_57' title='bbox 309 1154 412 1208; x_wconf 87' lang='lat' dir='ltr'><strong>rim</strong></span> <span class='ocrx_word' id='word_1_58' title='bbox 435 1154 757 1224; x_wconf 79' lang='lat' dir='ltr'><strong>projectum.</strong></span> <span class='ocrx_word' id='word_1_59' title='bbox 789 1151 944 1219; x_wconf 89' lang='lat' dir='ltr'><strong>Quod</strong></span> <span class='ocrx_word' id='word_1_60' title='bbox 987 1152 1040 1206; x_wconf 91' lang='lat' dir='ltr'><strong>in</strong></span> <span class='ocrx_word' id='word_1_61' title='bbox 1080 1150 1348 1223; x_wconf 90' lang='lat' dir='ltr'><strong>Lycaonia</strong></span> <span class='ocrx_word' id='word_1_62' title='bbox 1375 1149 1551 1205; x_wconf 86' lang='lat' dir='ltr'><strong>insula</strong></span> <span class='ocrx_word' id='word_1_63' title='bbox 1583 1149 1886 1212; x_wconf 87' lang='lat' dir='ltr'><strong>inventum,</strong></span> 
     </span>
    </p>
   </div>
   <div class='ocr_carea' id='block_1_11' title="bbox 302 1241 1886 1314">
    <p class='ocr_par' dir='ltr' id='par_1_11' title="bbox 302 1241 1886 1314">
     <span class='ocr_line' id='line_1_11' title="bbox 302 1241 1886 1314; baseline -0.009 -7"><span class='ocrx_word' id='word_1_64' title='bbox 302 1248 605 1307; x_wconf 85' lang='lat' dir='ltr'><strong>honoriﬁce</strong></span> <span class='ocrx_word' id='word_1_65' title='bbox 633 1263 662 1301; x_wconf 93' lang='lat' dir='ltr'><strong>a</strong></span> <span class='ocrx_word' id='word_1_66' title='bbox 694 1245 943 1302; x_wconf 89' lang='lat' dir='ltr'><strong>ﬁdelibus</strong></span> <span class='ocrx_word' id='word_1_67' title='bbox 987 1256 1070 1301; x_wconf 90' lang='lat' dir='ltr'><strong>est</strong></span> <span class='ocrx_word' id='word_1_68' title='bbox 1104 1243 1392 1314; x_wconf 89' lang='lat' dir='ltr'><strong>sepultum.</strong></span> <span class='ocrx_word' id='word_1_69' title='bbox 1431 1241 1658 1310; x_wconf 85' lang='lat' dir='ltr'><strong>Quando</strong></span> <span class='ocrx_word' id='word_1_70' title='bbox 1705 1249 1886 1295; x_wconf 91' lang='lat' dir='ltr'><strong>autem</strong></span> 
     </span>
    </p>
   </div>
   <div class='ocr_carea' id='block_1_12' title="bbox 303 1331 1890 1411">
    <p class='ocr_par' dir='ltr' id='par_1_12' title="bbox 303 1331 1890 1411">
     <span class='ocr_line' id='line_1_12' title="bbox 303 1331 1890 1411; baseline -0.008 -13"><span class='ocrx_word' id='word_1_71' title='bbox 303 1342 389 1398; x_wconf 91' lang='lat' dir='ltr'><strong>vel</strong></span> <span class='ocrx_word' id='word_1_72' title='bbox 419 1337 688 1411; x_wconf 90' lang='lat' dir='ltr'><strong>quomodo</strong></span> <span class='ocrx_word' id='word_1_73' title='bbox 740 1337 965 1392; x_wconf 80' lang='lat' dir='ltr'><strong>Romam</strong></span> <span class='ocrx_word' id='word_1_74' title='bbox 1007 1335 1174 1392; x_wconf 91' lang='lat' dir='ltr'><strong>fuerit</strong></span> <span class='ocrx_word' id='word_1_75' title='bbox 1202 1333 1545 1398; x_wconf 87' lang='lat' dir='ltr'><strong>translatum,</strong></span> <span class='ocrx_word' id='word_1_76' title='bbox 1590 1332 1747 1387; x_wconf 92' lang='lat' dir='ltr'><strong>nobis</strong></span> <span class='ocrx_word' id='word_1_77' title='bbox 1773 1331 1890 1401; x_wconf 90' lang='lat' dir='ltr'><strong>qui-</strong></span> 
     </span>
    </p>
   </div>
   <div class='ocr_carea' id='block_1_13' title="bbox 305 1423 1891 1500">
    <p class='ocr_par' dir='ltr' id='par_1_13' title="bbox 305 1423 1891 1500">
     <span class='ocr_line' id='line_1_13' title="bbox 305 1423 1891 1500; baseline -0.006 -12"><span class='ocrx_word' id='word_1_78' title='bbox 305 1433 428 1488; x_wconf 89' lang='lat' dir='ltr'><strong>dem</strong></span> <span class='ocrx_word' id='word_1_79' title='bbox 473 1439 558 1486; x_wconf 86' lang='lat' dir='ltr'><strong>est</strong></span> <span class='ocrx_word' id='word_1_80' title='bbox 597 1427 951 1500; x_wconf 87' lang='lat' dir='ltr'><strong>incognitum,</strong></span> <span class='ocrx_word' id='word_1_81' title='bbox 983 1428 1079 1484; x_wconf 91' lang='lat' dir='ltr'><strong>sed</strong></span> <span class='ocrx_word' id='word_1_82' title='bbox 1114 1427 1276 1484; x_wconf 87' lang='lat' dir='ltr'><strong>beato</strong></span> <span class='ocrx_word' id='word_1_83' title='bbox 1306 1425 1568 1499; x_wconf 72' lang='lat' dir='ltr'><strong>Gregorio</strong></span> <span class='ocrx_word' id='word_1_84' title='bbox 1617 1423 1891 1480; x_wconf 89' lang='lat' dir='ltr'><strong>credimus</strong></span> 
     </span>
    </p>
   </div>
   <div class='ocr_carea' id='block_1_14' title="bbox 305 1523 704 1594">
    <p class='ocr_par' dir='ltr' id='par_1_14' title="bbox 305 1523 704 1594">
     <span class='ocr_line' id='line_1_14' title="bbox 305 1523 704 1594; baseline -0.008 -15"><span class='ocrx_word' id='word_1_85' title='bbox 305 1539 412 1579; x_wconf 92' lang='lat' dir='ltr'><strong>non</strong></span> <span class='ocrx_word' id='word_1_86' title='bbox 439 1523 704 1594; x_wconf 87' lang='lat' dir='ltr'><strong>ignotum.</strong></span> 
     </span>
    </p>
   </div>
   <div class='ocr_carea' id='block_1_15' title="bbox 375 1611 1891 1680">
    <p class='ocr_par' dir='ltr' id='par_1_15' title="bbox 375 1611 1891 1680">
     <span class='ocr_line' id='line_1_15' title="bbox 375 1611 1891 1680; baseline -0.003 -9"><span class='ocrx_word' id='word_1_87' title='bbox 375 1617 509 1671; x_wconf 92' lang='lat' dir='ltr'><strong>ltem</strong></span> <span class='ocrx_word' id='word_1_88' title='bbox 553 1614 739 1670; x_wconf 70' lang='lat' dir='ltr'><strong>Romae</strong></span> <span class='ocrx_word' id='word_1_89' title='bbox 779 1613 1010 1669; x_wconf 91' lang='lat' dir='ltr'><strong>Naboris</strong></span> <span class='ocrx_word' id='word_1_90' title='bbox 1047 1622 1106 1668; x_wconf 91' lang='lat' dir='ltr'><strong>et</strong></span> <span class='ocrx_word' id='word_1_91' title='bbox 1133 1613 1376 1668; x_wconf 89' lang='lat' dir='ltr'><strong>Nazarii.</strong></span> <span class='ocrx_word' id='word_1_92' title='bbox 1408 1611 1556 1680; x_wconf 91' lang='lat' dir='ltr'><strong>Quos</strong></span> <span class='ocrx_word' id='word_1_93' title='bbox 1585 1611 1745 1667; x_wconf 89' lang='lat' dir='ltr'><strong>simul</strong></span> <span class='ocrx_word' id='word_1_94' title='bbox 1767 1626 1891 1667; x_wconf 91' lang='lat' dir='ltr'><strong>cum</strong></span> 
     </span>
    </p>
   </div>
   <div class='ocr_carea' id='block_1_16' title="bbox 305 1701 1892 1778">
    <p class='ocr_par' dir='ltr' id='par_1_16' title="bbox 305 1701 1892 1778">
     <span class='ocr_line' id='line_1_16' title="bbox 305 1701 1892 1778; baseline -0.004 -15"><span class='ocrx_word' id='word_1_95' title='bbox 305 1706 578 1777; x_wconf 88' lang='lat' dir='ltr'><strong>Gorgonio</strong></span> <span class='ocrx_word' id='word_1_96' title='bbox 617 1715 880 1778; x_wconf 84' lang='lat' dir='ltr'><strong>martyre,</strong></span> <span class='ocrx_word' id='word_1_97' title='bbox 921 1720 1084 1775; x_wconf 89' lang='lat' dir='ltr'><strong>quem</strong></span> <span class='ocrx_word' id='word_1_98' title='bbox 1135 1706 1188 1760; x_wconf 93' lang='lat' dir='ltr'><strong>in</strong></span> <span class='ocrx_word' id='word_1_99' title='bbox 1234 1703 1606 1760; x_wconf 85' lang='lat' dir='ltr'><strong>ecclesiastica</strong></span> <span class='ocrx_word' id='word_1_100' title='bbox 1653 1701 1892 1758; x_wconf 79' lang='lat' dir='ltr'><strong>Historia</strong></span> 
     </span>
    </p>
   </div>
   <div class='ocr_carea' id='block_1_17' title="bbox 303 1794 1890 1868">
    <p class='ocr_par' dir='ltr' id='par_1_17' title="bbox 303 1794 1890 1868">
     <span class='ocr_line' id='line_1_17' title="bbox 303 1794 1890 1868; baseline 0.001 -19"><span class='ocrx_word' id='word_1_101' title='bbox 303 1805 436 1866; x_wconf 91' lang='lat' dir='ltr'><strong>puto</strong></span> <span class='ocrx_word' id='word_1_102' title='bbox 465 1796 828 1866; x_wconf 83' lang='lat' dir='ltr'><strong>designatum,</strong></span> <span class='ocrx_word' id='word_1_103' title='bbox 860 1796 1212 1868; x_wconf 89' lang='lat' dir='ltr'><strong>permittente</strong></span> <span class='ocrx_word' id='word_1_104' title='bbox 1259 1794 1428 1850; x_wconf 90' lang='lat' dir='ltr'><strong>Paulo</strong></span> <span class='ocrx_word' id='word_1_105' title='bbox 1457 1810 1597 1867; x_wconf 87' lang='lat' dir='ltr'><strong>papa</strong></span> <span class='ocrx_word' id='word_1_106' title='bbox 1625 1794 1890 1862; x_wconf 82' lang='lat' dir='ltr'><strong>Romano,</strong></span> 
     </span>
    </p>
   </div>
   <div class='ocr_carea' id='block_1_18' title="bbox 307 1888 1892 1955">
    <p class='ocr_par' dir='ltr' id='par_1_18' title="bbox 307 1888 1892 1955">
     <span class='ocr_line' id='line_1_18' title="bbox 307 1888 1892 1955; baseline 0 -13"><span class='ocrx_word' id='word_1_107' title='bbox 307 1888 583 1942; x_wconf 86' lang='lat' dir='ltr'><strong>transtulit</strong></span> <span class='ocrx_word' id='word_1_108' title='bbox 621 1904 649 1942; x_wconf 92' lang='lat' dir='ltr'><strong>a</strong></span> <span class='ocrx_word' id='word_1_109' title='bbox 682 1888 854 1944; x_wconf 81' lang='lat' dir='ltr'><strong>Roma</strong></span> <span class='ocrx_word' id='word_1_110' title='bbox 883 1891 936 1944; x_wconf 90' lang='lat' dir='ltr'><strong>in</strong></span> <span class='ocrx_word' id='word_1_111' title='bbox 967 1889 1220 1955; x_wconf 88' lang='lat' dir='ltr'><strong>Galliam,</strong></span> <span class='ocrx_word' id='word_1_112' title='bbox 1249 1889 1358 1954; x_wconf 85' lang='lat' dir='ltr'><strong>vel,</strong></span> <span class='ocrx_word' id='word_1_113' title='bbox 1390 1897 1452 1944; x_wconf 91' lang='lat' dir='ltr'><strong>ut</strong></span> <span class='ocrx_word' id='word_1_114' title='bbox 1475 1889 1657 1944; x_wconf 91' lang='lat' dir='ltr'><strong>verius</strong></span> <span class='ocrx_word' id='word_1_115' title='bbox 1698 1889 1892 1952; x_wconf 88' lang='lat' dir='ltr'><strong>fatear,</strong></span> 
     </span>
    </p>
   </div>
   <div class='ocr_carea' id='block_1_19' title="bbox 1983 682 3028 754">
    <p class='ocr_par' dir='ltr' id='par_1_19' title="bbox 1983 682 3028 754">
     <span class='ocr_line' id='line_1_19' title="bbox 1983 682 3028 754; baseline 0 -18"><span class='ocrx_word' id='word_1_116' title='bbox 1983 682 2136 754; x_wconf 89' lang='lat' dir='ltr'><strong>quasi</strong></span> <span class='ocrx_word' id='word_1_117' title='bbox 2166 682 2436 738; x_wconf 87' lang='lat' dir='ltr'><strong>sociorum</strong></span> <span class='ocrx_word' id='word_1_118' title='bbox 2463 682 2809 751; x_wconf 88' lang='lat' dir='ltr'><strong>synchronon</strong></span> <span class='ocrx_word' id='word_1_119' title='bbox 2829 683 3028 754; x_wconf 86' lang='lat' dir='ltr'><strong>agitur.</strong></span> 
     </span>
    </p>
   </div>
   <div class='ocr_carea' id='block_1_20' title="bbox 2021 821 3535 896">
    <p class='ocr_par' dir='ltr' id='par_1_20' title="bbox 2021 821 3535 896">
     <span class='ocr_line' id='line_1_20' title="bbox 2021 821 3535 896; baseline 0.003 -20"><span class='ocrx_word' id='word_1_120' title='bbox 2021 822 2148 893; x_wconf 80' lang='lat' dir='ltr'><strong>(Hic</strong></span> <span class='ocrx_word' id='word_1_121' title='bbox 2181 821 2546 877; x_wconf 76' lang='lat' dir='ltr'><strong>desiderantur</strong></span> <span class='ocrx_word' id='word_1_122' title='bbox 2572 821 2771 892; x_wconf 77' lang='lat' dir='ltr'><strong>aliquot</strong></span> <span class='ocrx_word' id='word_1_123' title='bbox 2797 821 3016 894; x_wconf 78' lang='lat' dir='ltr'><strong>pagella:</strong></span> <span class='ocrx_word' id='word_1_124' title='bbox 3041 825 3098 879; x_wconf 80' lang='lat' dir='ltr'><strong>in</strong></span> <span class='ocrx_word' id='word_1_125' title='bbox 3135 824 3535 896; x_wconf 79' lang='lat' dir='ltr'><strong>manuscripto.)</strong></span> 
     </span>
    </p>
   </div>
   <div class='ocr_carea' id='block_1_21' title="bbox 2057 957 3578 1034">
    <p class='ocr_par' dir='ltr' id='par_1_21' title="bbox 2057 957 3578 1034">
     <span class='ocr_line' id='line_1_21' title="bbox 2057 957 3578 1034; baseline 0.005 -24"><span class='ocrx_word' id='word_1_126' title='bbox 2057 957 2358 1012; x_wconf 73' lang='lat' dir='ltr'><strong>Antiochiae</strong></span> <span class='ocrx_word' id='word_1_127' title='bbox 2397 967 2601 1014; x_wconf 70' lang='lat' dir='ltr'><strong>sanctae</strong></span> <span class='ocrx_word' id='word_1_128' title='bbox 2636 957 2855 1015; x_wconf 63' lang='lat' dir='ltr'><strong>Marina‘:</strong></span> <span class='ocrx_word' id='word_1_129' title='bbox 2890 961 3140 1034; x_wconf 79' lang='lat' dir='ltr'><strong>virginis,</strong></span> <span class='ocrx_word' id='word_1_130' title='bbox 3167 977 3288 1033; x_wconf 65' lang='lat' dir='ltr'><strong>qua:</strong></span> <span class='ocrx_word' id='word_1_131' title='bbox 3329 976 3427 1034; x_wconf 90' lang='lat' dir='ltr'><strong>per</strong></span> <span class='ocrx_word' id='word_1_132' title='bbox 3463 960 3578 1019; x_wconf 91' lang='lat' dir='ltr'><strong>Oli-</strong></span> 
     </span>
    </p>
   </div>
   <div class='ocr_carea' id='block_1_22' title="bbox 1985 1047 3578 1122">
    <p class='ocr_par' dir='ltr' id='par_1_22' title="bbox 1985 1047 3578 1122">
     <span class='ocr_line' id='line_1_22' title="bbox 1985 1047 3578 1122; baseline 0.004 -20"><span class='ocrx_word' id='word_1_133' title='bbox 1985 1047 2164 1104; x_wconf 91' lang='lat' dir='ltr'><strong>brium</strong></span> <span class='ocrx_word' id='word_1_134' title='bbox 2213 1047 2525 1119; x_wconf 74' lang='lat' dir='ltr'><strong>praefectum</strong></span> <span class='ocrx_word' id='word_1_135' title='bbox 2568 1049 2738 1105; x_wconf 89' lang='lat' dir='ltr'><strong>multa</strong></span> <span class='ocrx_word' id='word_1_136' title='bbox 2781 1059 3048 1107; x_wconf 91' lang='lat' dir='ltr'><strong>tormenta</strong></span> <span class='ocrx_word' id='word_1_137' title='bbox 3092 1067 3191 1122; x_wconf 94' lang='lat' dir='ltr'><strong>pro</strong></span> <span class='ocrx_word' id='word_1_138' title='bbox 3229 1052 3430 1108; x_wconf 86' lang='lat' dir='ltr'><strong>Christi</strong></span> <span class='ocrx_word' id='word_1_139' title='bbox 3481 1067 3578 1108; x_wconf 91' lang='lat' dir='ltr'><strong>no-</strong></span> 
     </span>
    </p>
   </div>
   <div class='ocr_carea' id='block_1_23' title="bbox 1989 1140 3574 1215">
    <p class='ocr_par' dir='ltr' id='par_1_23' title="bbox 1989 1140 3574 1215">
     <span class='ocr_line' id='line_1_23' title="bbox 1989 1140 3574 1215; baseline 0.003 -21"><span class='ocrx_word' id='word_1_140' title='bbox 1989 1140 2152 1205; x_wconf 90' lang='lat' dir='ltr'><strong>mine,</strong></span> <span class='ocrx_word' id='word_1_141' title='bbox 2177 1140 2231 1194; x_wconf 93' lang='lat' dir='ltr'><strong>id</strong></span> <span class='ocrx_word' id='word_1_142' title='bbox 2253 1151 2336 1196; x_wconf 92' lang='lat' dir='ltr'><strong>est</strong></span> <span class='ocrx_word' id='word_1_143' title='bbox 2358 1140 2593 1206; x_wconf 91' lang='lat' dir='ltr'><strong>vincula,</strong></span> <span class='ocrx_word' id='word_1_144' title='bbox 2625 1157 2920 1208; x_wconf 89' lang='lat' dir='ltr'><strong>carcerem,</strong></span> <span class='ocrx_word' id='word_1_145' title='bbox 2955 1141 3162 1215; x_wconf 84' lang='lat' dir='ltr'><strong>flagella</strong></span> <span class='ocrx_word' id='word_1_146' title='bbox 3193 1152 3248 1198; x_wconf 89' lang='lat' dir='ltr'><strong>et</strong></span> <span class='ocrx_word' id='word_1_147' title='bbox 3265 1143 3574 1214; x_wconf 83' lang='lat' dir='ltr'><strong>equuleum,</strong></span> 
     </span>
    </p>
   </div>
   <div class='ocr_carea' id='block_1_24' title="bbox 1989 1232 3582 1305">
    <p class='ocr_par' dir='ltr' id='par_1_24' title="bbox 1989 1232 3582 1305">
     <span class='ocr_line' id='line_1_24' title="bbox 1989 1232 3582 1305; baseline 0.002 -19"><span class='ocrx_word' id='word_1_148' title='bbox 1989 1246 2242 1303; x_wconf 91' lang='lat' dir='ltr'><strong>perpessa</strong></span> <span class='ocrx_word' id='word_1_149' title='bbox 2279 1242 2379 1288; x_wconf 91' lang='lat' dir='ltr'><strong>est.</strong></span> <span class='ocrx_word' id='word_1_150' title='bbox 2426 1232 2599 1302; x_wconf 89' lang='lat' dir='ltr'><strong>Quam</strong></span> <span class='ocrx_word' id='word_1_151' title='bbox 2631 1243 2686 1288; x_wconf 89' lang='lat' dir='ltr'><strong>et</strong></span> <span class='ocrx_word' id='word_1_152' title='bbox 2719 1234 2966 1290; x_wconf 84' lang='lat' dir='ltr'><strong>diabolus</strong></span> <span class='ocrx_word' id='word_1_153' title='bbox 2994 1233 3048 1289; x_wconf 91' lang='lat' dir='ltr'><strong>in</strong></span> <span class='ocrx_word' id='word_1_154' title='bbox 3093 1235 3346 1289; x_wconf 89' lang='lat' dir='ltr'><strong>draconis</strong></span> <span class='ocrx_word' id='word_1_155' title='bbox 3399 1235 3582 1305; x_wconf 87' lang='lat' dir='ltr'><strong>specie</strong></span> 
     </span>
    </p>
   </div>
   <div class='ocr_carea' id='block_1_25' title="bbox 1991 1324 3582 1397">
    <p class='ocr_par' dir='ltr' id='par_1_25' title="bbox 1991 1324 3582 1397">
     <span class='ocr_line' id='line_1_25' title="bbox 1991 1324 3582 1397; baseline 0.003 -19"><span class='ocrx_word' id='word_1_156' title='bbox 1991 1333 2153 1395; x_wconf 91' lang='lat' dir='ltr'><strong>atque</strong></span> <span class='ocrx_word' id='word_1_157' title='bbox 2178 1324 2449 1395; x_wconf 63' lang='lat' dir='ltr'><strong>Ethiopis</strong></span> <span class='ocrx_word' id='word_1_158' title='bbox 2489 1342 2797 1397; x_wconf 82' lang='lat' dir='ltr'><strong>aggressus,</strong></span> <span class='ocrx_word' id='word_1_159' title='bbox 2840 1328 3158 1383; x_wconf 87' lang='lat' dir='ltr'><strong>subvertere</strong></span> <span class='ocrx_word' id='word_1_160' title='bbox 3206 1329 3454 1393; x_wconf 86' lang='lat' dir='ltr'><strong>tentavit,</strong></span> <span class='ocrx_word' id='word_1_161' title='bbox 3487 1327 3582 1383; x_wconf 91' lang='lat' dir='ltr'><strong>sed</strong></span> 
     </span>
    </p>
   </div>
   <div class='ocr_carea' id='block_1_26' title="bbox 1991 1417 3584 1489">
    <p class='ocr_par' dir='ltr' id='par_1_26' title="bbox 1991 1417 3584 1489">
     <span class='ocr_line' id='line_1_26' title="bbox 1991 1417 3584 1489; baseline 0.003 -20"><span class='ocrx_word' id='word_1_162' title='bbox 1991 1430 2089 1486; x_wconf 89' lang='lat' dir='ltr'><strong>per</strong></span> <span class='ocrx_word' id='word_1_163' title='bbox 2115 1417 2326 1486; x_wconf 86' lang='lat' dir='ltr'><strong>signum</strong></span> <span class='ocrx_word' id='word_1_164' title='bbox 2353 1425 2554 1472; x_wconf 66' lang='lat' dir='ltr'><strong>sanctae</strong></span> <span class='ocrx_word' id='word_1_165' title='bbox 2580 1419 2760 1472; x_wconf 90' lang='lat' dir='ltr'><strong>crucis</strong></span> <span class='ocrx_word' id='word_1_166' title='bbox 2793 1417 3057 1489; x_wconf 84' lang='lat' dir='ltr'><strong>eﬁ‘ugatus</strong></span> <span class='ocrx_word' id='word_1_167' title='bbox 3098 1427 3154 1473; x_wconf 90' lang='lat' dir='ltr'><strong>et</strong></span> <span class='ocrx_word' id='word_1_168' title='bbox 3199 1428 3486 1489; x_wconf 91' lang='lat' dir='ltr'><strong>superatus</strong></span> <span class='ocrx_word' id='word_1_169' title='bbox 3515 1418 3584 1474; x_wconf 89' lang='lat' dir='ltr'><strong>ab</strong></span> 
     </span>
    </p>
   </div>
   <div class='ocr_carea' id='block_1_27' title="bbox 1992 1506 3585 1580">
    <p class='ocr_par' dir='ltr' id='par_1_27' title="bbox 1992 1506 3585 1580">
     <span class='ocr_line' id='line_1_27' title="bbox 1992 1506 3585 1580; baseline 0.001 -18"><span class='ocrx_word' id='word_1_170' title='bbox 1992 1521 2058 1562; x_wconf 91' lang='lat' dir='ltr'><strong>ea</strong></span> <span class='ocrx_word' id='word_1_171' title='bbox 2087 1507 2357 1562; x_wconf 90' lang='lat' dir='ltr'><strong>discessit.</strong></span> <span class='ocrx_word' id='word_1_172' title='bbox 2384 1506 2686 1564; x_wconf 87' lang='lat' dir='ltr'><strong>Novissime</strong></span> <span class='ocrx_word' id='word_1_173' title='bbox 2713 1523 2842 1564; x_wconf 90' lang='lat' dir='ltr'><strong>vero</strong></span> <span class='ocrx_word' id='word_1_174' title='bbox 2866 1524 2962 1579; x_wconf 90' lang='lat' dir='ltr'><strong>per</strong></span> <span class='ocrx_word' id='word_1_175' title='bbox 2996 1510 3242 1564; x_wconf 91' lang='lat' dir='ltr'><strong>eumdem</strong></span> <span class='ocrx_word' id='word_1_176' title='bbox 3268 1509 3585 1580; x_wconf 72' lang='lat' dir='ltr'><strong>praefectum</strong></span> 
     </span>
    </p>
   </div>
   <div class='ocr_carea' id='block_1_28' title="bbox 1995 1603 3589 1672">
    <p class='ocr_par' dir='ltr' id='par_1_28' title="bbox 1995 1603 3589 1672">
     <span class='ocr_line' id='line_1_28' title="bbox 1995 1603 3589 1672; baseline -0.001 -13"><span class='ocrx_word' id='word_1_177' title='bbox 1995 1603 2280 1669; x_wconf 87' lang='lat' dir='ltr'><strong>decollata,</strong></span> <span class='ocrx_word' id='word_1_178' title='bbox 2310 1603 2594 1659; x_wconf 89' lang='lat' dir='ltr'><strong>mortalem</strong></span> <span class='ocrx_word' id='word_1_179' title='bbox 2634 1605 2806 1658; x_wconf 89' lang='lat' dir='ltr'><strong>vitam</strong></span> <span class='ocrx_word' id='word_1_180' title='bbox 2846 1603 3062 1672; x_wconf 88' lang='lat' dir='ltr'><strong>ﬁniens,</strong></span> <span class='ocrx_word' id='word_1_181' title='bbox 3110 1618 3298 1660; x_wconf 87' lang='lat' dir='ltr'><strong>veram</strong></span> <span class='ocrx_word' id='word_1_182' title='bbox 3335 1613 3589 1669; x_wconf 16' lang='lat' dir='ltr'><strong>etlteter-</strong></span> 
     </span>
    </p>
   </div>
   <div class='ocr_carea' id='block_1_29' title="bbox 1996 1699 3155 1771">
    <p class='ocr_par' dir='ltr' id='par_1_29' title="bbox 1996 1699 3155 1771">
     <span class='ocr_line' id='line_1_29' title="bbox 1996 1699 3155 1771; baseline -0.003 -17"><span class='ocrx_word' id='word_1_183' title='bbox 1996 1714 2123 1754; x_wconf 90' lang='lat' dir='ltr'><strong>nam</strong></span> <span class='ocrx_word' id='word_1_184' title='bbox 2156 1715 2186 1753; x_wconf 92' lang='lat' dir='ltr'><strong>a</strong></span> <span class='ocrx_word' id='word_1_185' title='bbox 2222 1699 2439 1754; x_wconf 87' lang='lat' dir='ltr'><strong>Christo</strong></span> <span class='ocrx_word' id='word_1_186' title='bbox 2464 1699 2726 1769; x_wconf 87' lang='lat' dir='ltr'><strong>percepit.</strong></span> <span class='ocrx_word' id='word_1_187' title='bbox 3146 1761 3155 1771; x_wconf 69' lang='grc' dir='ltr'><strong> </strong></span> 
     </span>
    </p>
   </div>
   <div class='ocr_carea' id='block_1_30' title="bbox 2068 1790 3443 1862">
    <p class='ocr_par' dir='ltr' id='par_1_30' title="bbox 2068 1790 3443 1862">
     <span class='ocr_line' id='line_1_30' title="bbox 2068 1790 3443 1862; baseline 0.001 -18"><span class='ocrx_word' id='word_1_188' title='bbox 2068 1790 2341 1848; x_wconf 71' lang='lat' dir='ltr'><strong>Ravennae</strong></span> <span class='ocrx_word' id='word_1_189' title='bbox 2366 1791 2645 1860; x_wconf 85' lang='lat' dir='ltr'><strong>Macbarii,</strong></span> <span class='ocrx_word' id='word_1_190' title='bbox 2684 1792 2902 1859; x_wconf 88' lang='lat' dir='ltr'><strong>Felicis,</strong></span> <span class='ocrx_word' id='word_1_191' title='bbox 2930 1791 3163 1859; x_wconf 64' lang='lat' dir='ltr'><strong>IEmilii,</strong></span> <span class='ocrx_word' id='word_1_192' title='bbox 3190 1792 3443 1862; x_wconf 86' lang='lat' dir='ltr'><strong>Crispini.</strong></span> 
     </span>
    </p>
   </div>
   <div class='ocr_carea' id='block_1_31' title="bbox 2069 1882 3592 1943">
    <p class='ocr_par' dir='ltr' id='par_1_31' title="bbox 2069 1882 3592 1943">
     <span class='ocr_line' id='line_1_31' title="bbox 2069 1882 3592 1943; baseline 0.003 -6"><span class='ocrx_word' id='word_1_193' title='bbox 2069 1882 2345 1939; x_wconf 72' lang='lat' dir='ltr'><strong>XlllKAL.</strong></span> <span class='ocrx_word' id='word_1_194' title='bbox 2387 1883 2508 1940; x_wconf 74' lang='lat' dir='ltr'><strong>Jun.</strong></span> <span class='ocrx_word' id='word_1_195' title='bbox 2538 1917 2609 1925; x_wconf 94' lang='lat'><strong><em>—</em></strong></span> <span class='ocrx_word' id='word_1_196' title='bbox 2657 1885 2944 1943; x_wconf 86' lang='lat' dir='ltr'><strong>Mediolani</strong></span> <span class='ocrx_word' id='word_1_197' title='bbox 2988 1888 3240 1942; x_wconf 90' lang='lat' dir='ltr'><strong>nativitas</strong></span> <span class='ocrx_word' id='word_1_198' title='bbox 3279 1896 3592 1943; x_wconf 89' lang='lat' dir='ltr'><strong>sanctorum</strong></span> 
     </span>
    </p>
   </div>
   <div class='ocr_carea' id='block_1_32' title="bbox 306 1964 3594 2055">
    <p class='ocr_par' dir='ltr' id='par_1_32' title="bbox 306 1964 3594 2055">
     <span class='ocr_line' id='line_1_32' title="bbox 306 1964 3594 2055; baseline -0.002 -19"><span class='ocrx_word' id='word_1_199' title='bbox 306 1981 362 2036; x_wconf 93' lang='lat' dir='ltr'><strong>in</strong></span> <span class='ocrx_word' id='word_1_200' title='bbox 392 1982 680 2038; x_wconf 87' lang='lat' dir='ltr'><strong>Franciam</strong></span> <span class='ocrx_word' id='word_1_201' title='bbox 712 1984 990 2053; x_wconf 88' lang='lat' dir='ltr'><strong>antiquam</strong></span> <span class='ocrx_word' id='word_1_202' title='bbox 1021 1983 1385 2055; x_wconf 85' lang='lat' dir='ltr'><strong>Ruodgangus</strong></span> <span class='ocrx_word' id='word_1_203' title='bbox 1407 1982 1661 2039; x_wconf 89' lang='lat' dir='ltr'><strong>Metensis</strong></span> <span class='ocrx_word' id='word_1_204' title='bbox 1684 1983 1894 2052; x_wconf 86' lang='lat' dir='ltr'><strong>episco-</strong></span> <span class='ocrx_word' id='word_1_205' title='bbox 1924 1964 1970 2024; x_wconf 86' lang='grc' dir='ltr'><strong>Β</strong></span> <span class='ocrx_word' id='word_1_206' title='bbox 1998 1983 2301 2047; x_wconf 86' lang='lat' dir='ltr'><strong>martyrum</strong></span> <span class='ocrx_word' id='word_1_207' title='bbox 2353 1975 2598 2032; x_wconf 87' lang='lat' dir='ltr'><strong>Gervasii</strong></span> <span class='ocrx_word' id='word_1_208' title='bbox 2639 1985 2693 2033; x_wconf 92' lang='lat' dir='ltr'><strong>et</strong></span> <span class='ocrx_word' id='word_1_209' title='bbox 2742 1976 2998 2033; x_wconf 91' lang='lat' dir='ltr'><strong>Protasii.</strong></span> <span class='ocrx_word' id='word_1_210' title='bbox 3058 1977 3160 2045; x_wconf 85' lang='lat' dir='ltr'><strong>Qui</strong></span> <span class='ocrx_word' id='word_1_211' title='bbox 3205 1975 3524 2042; x_wconf 82' lang='lat' dir='ltr'><strong>beatissimi,</strong></span> <span class='ocrx_word' id='word_1_212' title='bbox 3562 1990 3594 2029; x_wconf 90' lang='lat' dir='ltr'><strong>a</strong></span> 
     </span>
    </p>
   </div>
   <div class='ocr_carea' id='block_1_33' title="bbox 304 2075 1893 2147">
    <p class='ocr_par' dir='ltr' id='par_1_33' title="bbox 304 2075 1893 2147">
     <span class='ocr_line' id='line_1_33' title="bbox 304 2075 1893 2147; baseline 0.001 -19"><span class='ocrx_word' id='word_1_213' title='bbox 304 2089 430 2144; x_wconf 92' lang='lat' dir='ltr'><strong>pus,</strong></span> <span class='ocrx_word' id='word_1_214' title='bbox 460 2089 603 2130; x_wconf 91' lang='lat' dir='ltr'><strong>anno</strong></span> <span class='ocrx_word' id='word_1_215' title='bbox 655 2075 724 2131; x_wconf 88' lang='lat' dir='ltr'><strong>ab</strong></span> <span class='ocrx_word' id='word_1_216' title='bbox 767 2076 1145 2132; x_wconf 89' lang='lat' dir='ltr'><strong>incarnatione</strong></span> <span class='ocrx_word' id='word_1_217' title='bbox 1195 2075 1474 2131; x_wconf 84' lang='lat' dir='ltr'><strong>Dominica</strong></span> <span class='ocrx_word' id='word_1_218' title='bbox 1525 2076 1893 2147; x_wconf 85' lang='lat' dir='ltr'><strong>septingente-</strong></span> 
     </span>
    </p>
   </div>
   <div class='ocr_carea' id='block_1_34' title="bbox 308 2165 1895 2238">
    <p class='ocr_par' dir='ltr' id='par_1_34' title="bbox 308 2165 1895 2238">
     <span class='ocr_line' id='line_1_34' title="bbox 308 2165 1895 2238; baseline 0 -18"><span class='ocrx_word' id='word_1_219' title='bbox 308 2165 448 2222; x_wconf 91' lang='lat' dir='ltr'><strong>simo</strong></span> <span class='ocrx_word' id='word_1_220' title='bbox 470 2167 806 2235; x_wconf 84' lang='lat' dir='ltr'><strong>sexagesimo</strong></span> <span class='ocrx_word' id='word_1_221' title='bbox 829 2167 1041 2238; x_wconf 89' lang='lat' dir='ltr'><strong>quinto,</strong></span> <span class='ocrx_word' id='word_1_222' title='bbox 1070 2175 1125 2222; x_wconf 90' lang='lat' dir='ltr'><strong>et</strong></span> <span class='ocrx_word' id='word_1_223' title='bbox 1149 2166 1434 2222; x_wconf 86' lang='lat' dir='ltr'><strong>collocavit</strong></span> <span class='ocrx_word' id='word_1_224' title='bbox 1479 2175 1727 2222; x_wconf 88' lang='lat' dir='ltr'><strong>sanctum</strong></span> <span class='ocrx_word' id='word_1_225' title='bbox 1761 2165 1895 2221; x_wconf 83' lang='lat' dir='ltr'><strong>Gor-</strong></span> 
     </span>
    </p>
   </div>
   <div class='ocr_carea' id='block_1_35' title="bbox 312 2257 1896 2331">
    <p class='ocr_par' dir='ltr' id='par_1_35' title="bbox 312 2257 1896 2331">
     <span class='ocr_line' id='line_1_35' title="bbox 312 2257 1896 2331; baseline -0.001 -16"><span class='ocrx_word' id='word_1_226' title='bbox 312 2260 532 2331; x_wconf 88' lang='lat' dir='ltr'><strong>gonium</strong></span> <span class='ocrx_word' id='word_1_227' title='bbox 561 2261 616 2315; x_wconf 94' lang='lat' dir='ltr'><strong>in</strong></span> <span class='ocrx_word' id='word_1_228' title='bbox 645 2260 976 2316; x_wconf 87' lang='lat' dir='ltr'><strong>monasterio</strong></span> <span class='ocrx_word' id='word_1_229' title='bbox 1002 2260 1145 2330; x_wconf 86' lang='lat' dir='ltr'><strong>quod</strong></span> <span class='ocrx_word' id='word_1_230' title='bbox 1169 2260 1366 2314; x_wconf 89' lang='lat' dir='ltr'><strong>dicitur</strong></span> <span class='ocrx_word' id='word_1_231' title='bbox 1386 2257 1604 2323; x_wconf 89' lang='lat' dir='ltr'><strong>Gorzia,</strong></span> <span class='ocrx_word' id='word_1_232' title='bbox 1649 2267 1896 2313; x_wconf 89' lang='lat' dir='ltr'><strong>sanctum</strong></span> 
     </span>
    </p>
   </div>
   <div class='ocr_carea' id='block_1_36' title="bbox 307 2349 1897 2420">
    <p class='ocr_par' dir='ltr' id='par_1_36' title="bbox 307 2349 1897 2420">
     <span class='ocr_line' id='line_1_36' title="bbox 307 2349 1897 2420; baseline -0.001 -15"><span class='ocrx_word' id='word_1_233' title='bbox 307 2365 437 2406; x_wconf 89' lang='lat' dir='ltr'><strong>vero</strong></span> <span class='ocrx_word' id='word_1_234' title='bbox 461 2350 730 2407; x_wconf 90' lang='lat' dir='ltr'><strong>Naborem</strong></span> <span class='ocrx_word' id='word_1_235' title='bbox 760 2352 812 2406; x_wconf 92' lang='lat' dir='ltr'><strong>in</strong></span> <span class='ocrx_word' id='word_1_236' title='bbox 848 2351 1182 2407; x_wconf 80' lang='lat' dir='ltr'><strong>monasterio</strong></span> <span class='ocrx_word' id='word_1_237' title='bbox 1217 2351 1323 2406; x_wconf 91' lang='lat' dir='ltr'><strong>alio</strong></span> <span class='ocrx_word' id='word_1_238' title='bbox 1345 2351 1490 2420; x_wconf 91' lang='lat' dir='ltr'><strong>quod</strong></span> <span class='ocrx_word' id='word_1_239' title='bbox 1520 2350 1718 2405; x_wconf 90' lang='lat' dir='ltr'><strong>dicitur</strong></span> <span class='ocrx_word' id='word_1_240' title='bbox 1745 2349 1897 2405; x_wconf 85' lang='lat' dir='ltr'><strong>Nova</strong></span> 
     </span>
    </p>
   </div>
   <div class='ocr_carea' id='block_1_37' title="bbox 309 2442 1897 2515">
    <p class='ocr_par' dir='ltr' id='par_1_37' title="bbox 309 2442 1897 2515">
     <span class='ocr_line' id='line_1_37' title="bbox 309 2442 1897 2515; baseline -0.002 -16"><span class='ocrx_word' id='word_1_241' title='bbox 309 2442 478 2510; x_wconf 87' lang='lat' dir='ltr'><strong>Cella,</strong></span> <span class='ocrx_word' id='word_1_242' title='bbox 504 2453 750 2499; x_wconf 90' lang='lat' dir='ltr'><strong>sanctum</strong></span> <span class='ocrx_word' id='word_1_243' title='bbox 763 2458 983 2515; x_wconf 87' lang='lat' dir='ltr'><strong>quoque</strong></span> <span class='ocrx_word' id='word_1_244' title='bbox 1007 2442 1298 2498; x_wconf 85' lang='lat' dir='ltr'><strong>Nazarium</strong></span> <span class='ocrx_word' id='word_1_245' title='bbox 1321 2444 1375 2497; x_wconf 93' lang='lat' dir='ltr'><strong>in</strong></span> <span class='ocrx_word' id='word_1_246' title='bbox 1401 2443 1732 2499; x_wconf 90' lang='lat' dir='ltr'><strong>monasterio</strong></span> <span class='ocrx_word' id='word_1_247' title='bbox 1753 2444 1897 2512; x_wconf 91' lang='lat' dir='ltr'><strong>quod</strong></span> 
     </span>
    </p>
   </div>
   <div class='ocr_carea' id='block_1_38' title="bbox 311 2533 1902 2605">
    <p class='ocr_par' dir='ltr' id='par_1_38' title="bbox 311 2533 1902 2605">
     <span class='ocr_line' id='line_1_38' title="bbox 311 2533 1902 2605; baseline 0 -17"><span class='ocrx_word' id='word_1_248' title='bbox 311 2534 511 2590; x_wconf 89' lang='lat' dir='ltr'><strong>dicitur</strong></span> <span class='ocrx_word' id='word_1_249' title='bbox 536 2534 860 2600; x_wconf 85' lang='lat' dir='ltr'><strong>Loreshain,</strong></span> <span class='ocrx_word' id='word_1_250' title='bbox 893 2535 982 2588; x_wconf 89' lang='lat' dir='ltr'><strong>ubi</strong></span> <span class='ocrx_word' id='word_1_251' title='bbox 1029 2535 1183 2605; x_wconf 88' lang='lat' dir='ltr'><strong>signa</strong></span> <span class='ocrx_word' id='word_1_252' title='bbox 1206 2543 1263 2589; x_wconf 90' lang='lat' dir='ltr'><strong>et</strong></span> <span class='ocrx_word' id='word_1_253' title='bbox 1292 2533 1555 2588; x_wconf 89' lang='lat' dir='ltr'><strong>miracula</strong></span> <span class='ocrx_word' id='word_1_254' title='bbox 1585 2534 1638 2588; x_wconf 91' lang='lat' dir='ltr'><strong>in</strong></span> <span class='ocrx_word' id='word_1_255' title='bbox 1675 2548 1902 2603; x_wconf 83' lang='lat' dir='ltr'><strong>recupe-</strong></span> 
     </span>
    </p>
   </div>
   <div class='ocr_carea' id='block_1_39' title="bbox 311 2623 1901 2695">
    <p class='ocr_par' dir='ltr' id='par_1_39' title="bbox 311 2623 1901 2695">
     <span class='ocr_line' id='line_1_39' title="bbox 311 2623 1901 2695; baseline 0 -17"><span class='ocrx_word' id='word_1_256' title='bbox 311 2625 522 2694; x_wconf 87' lang='lat' dir='ltr'><strong>ratione</strong></span> <span class='ocrx_word' id='word_1_257' title='bbox 574 2625 822 2682; x_wconf 84' lang='lat' dir='ltr'><strong>sanitatis</strong></span> <span class='ocrx_word' id='word_1_258' title='bbox 870 2623 1213 2681; x_wconf 85' lang='lat' dir='ltr'><strong>inﬁrmorum</strong></span> <span class='ocrx_word' id='word_1_259' title='bbox 1268 2632 1326 2681; x_wconf 90' lang='lat' dir='ltr'><strong>et</strong></span> <span class='ocrx_word' id='word_1_260' title='bbox 1373 2623 1635 2680; x_wconf 87' lang='lat' dir='ltr'><strong>debilium</strong></span> <span class='ocrx_word' id='word_1_261' title='bbox 1706 2624 1901 2695; x_wconf 84' lang='lat' dir='ltr'><strong>saepius</strong></span> 
     </span>
    </p>
   </div>
   <div class='ocr_carea' id='block_1_40' title="bbox 312 2719 690 2776">
    <p class='ocr_par' dir='ltr' id='par_1_40' title="bbox 312 2719 690 2776">
     <span class='ocr_line' id='line_1_40' title="bbox 312 2719 690 2776; baseline 0.003 -3"><span class='ocrx_word' id='word_1_262' title='bbox 312 2719 690 2776; x_wconf 88' lang='lat' dir='ltr'><strong>ostenduntur.</strong></span> 
     </span>
    </p>
   </div>
   <div class='ocr_carea' id='block_1_41' title="bbox 385 2807 1905 2876">
    <p class='ocr_par' dir='ltr' id='par_1_41' title="bbox 385 2807 1905 2876">
     <span class='ocr_line' id='line_1_41' title="bbox 385 2807 1905 2876; baseline -0.001 -13"><span class='ocrx_word' id='word_1_263' title='bbox 385 2809 586 2864; x_wconf 90' lang='lat' dir='ltr'><strong>Eodem</strong></span> <span class='ocrx_word' id='word_1_264' title='bbox 617 2809 723 2873; x_wconf 89' lang='lat' dir='ltr'><strong>die,</strong></span> <span class='ocrx_word' id='word_1_265' title='bbox 754 2807 1064 2876; x_wconf 84' lang='lat' dir='ltr'><strong>Mediolani,</strong></span> <span class='ocrx_word' id='word_1_266' title='bbox 1097 2808 1358 2865; x_wconf 86' lang='lat' dir='ltr'><strong>nativitas</strong></span> <span class='ocrx_word' id='word_1_267' title='bbox 1394 2817 1708 2865; x_wconf 90' lang='lat' dir='ltr'><strong>sanctorum</strong></span> <span class='ocrx_word' id='word_1_268' title='bbox 1759 2825 1905 2862; x_wconf 75' lang='lat' dir='ltr'><strong>mar.-</strong></span> 
     </span>
    </p>
   </div>
   <div class='ocr_carea' id='block_1_42' title="bbox 314 2899 1906 2972">
    <p class='ocr_par' dir='ltr' id='par_1_42' title="bbox 314 2899 1906 2972">
     <span class='ocr_line' id='line_1_42' title="bbox 314 2899 1906 2972; baseline -0.001 -16"><span class='ocrx_word' id='word_1_269' title='bbox 314 2911 493 2972; x_wconf 90' lang='lat' dir='ltr'><strong>tyrum</strong></span> <span class='ocrx_word' id='word_1_270' title='bbox 531 2901 746 2956; x_wconf 83' lang='lat' dir='ltr'><strong>Nazarii</strong></span> <span class='ocrx_word' id='word_1_271' title='bbox 793 2911 848 2955; x_wconf 90' lang='lat' dir='ltr'><strong>et</strong></span> <span class='ocrx_word' id='word_1_272' title='bbox 893 2899 1038 2956; x_wconf 85' lang='lat' dir='ltr'><strong>Celsi</strong></span> <span class='ocrx_word' id='word_1_273' title='bbox 1082 2901 1255 2972; x_wconf 87' lang='lat' dir='ltr'><strong>pueri.</strong></span> <span class='ocrx_word' id='word_1_274' title='bbox 1300 2899 1452 2956; x_wconf 88' lang='lat' dir='ltr'><strong>Beati</strong></span> <span class='ocrx_word' id='word_1_275' title='bbox 1506 2900 1721 2956; x_wconf 89' lang='lat' dir='ltr'><strong>Nazarii</strong></span> <span class='ocrx_word' id='word_1_276' title='bbox 1751 2909 1906 2972; x_wconf 90' lang='lat' dir='ltr'><strong>pater</strong></span> 
     </span>
    </p>
   </div>
   <div class='ocr_carea' id='block_1_43' title="bbox 313 2993 1907 3065">
    <p class='ocr_par' dir='ltr' id='par_1_43' title="bbox 313 2993 1907 3065">
     <span class='ocr_line' id='line_1_43' title="bbox 313 2993 1907 3065; baseline -0.001 -16"><span class='ocrx_word' id='word_1_277' title='bbox 313 2995 626 3061; x_wconf 80' lang='lat' dir='ltr'><strong>Africanus,</strong></span> <span class='ocrx_word' id='word_1_278' title='bbox 651 3003 826 3049; x_wconf 89' lang='lat' dir='ltr'><strong>mater</strong></span> <span class='ocrx_word' id='word_1_279' title='bbox 852 3009 982 3049; x_wconf 90' lang='lat' dir='ltr'><strong>vero</strong></span> <span class='ocrx_word' id='word_1_280' title='bbox 1010 2993 1276 3065; x_wconf 87' lang='lat' dir='ltr'><strong>Perpetua</strong></span> <span class='ocrx_word' id='word_1_281' title='bbox 1301 3034 1316 3059; x_wconf 93' lang='lat'><strong>,</strong></span> <span class='ocrx_word' id='word_1_282' title='bbox 1344 3009 1374 3048; x_wconf 90' lang='lat' dir='ltr'><strong>a</strong></span> <span class='ocrx_word' id='word_1_283' title='bbox 1405 2995 1564 3049; x_wconf 90' lang='lat' dir='ltr'><strong>beato</strong></span> <span class='ocrx_word' id='word_1_284' title='bbox 1587 2993 1747 3049; x_wconf 88' lang='lat' dir='ltr'><strong>Petro</strong></span> <span class='ocrx_word' id='word_1_285' title='bbox 1779 3009 1907 3064; x_wconf 86' lang='lat' dir='ltr'><strong>apo-</strong></span> 
     </span>
    </p>
   </div>
   <div class='ocr_carea' id='block_1_44' title="bbox 317 3085 1906 3158">
    <p class='ocr_par' dir='ltr' id='par_1_44' title="bbox 317 3085 1906 3158">
     <span class='ocr_line' id='line_1_44' title="bbox 317 3085 1906 3158; baseline 0.002 -18"><span class='ocrx_word' id='word_1_286' title='bbox 317 3087 454 3141; x_wconf 90' lang='lat' dir='ltr'><strong>stolo</strong></span> <span class='ocrx_word' id='word_1_287' title='bbox 475 3086 754 3157; x_wconf 83' lang='lat' dir='ltr'><strong>baptizati.</strong></span> <span class='ocrx_word' id='word_1_288' title='bbox 786 3086 906 3158; x_wconf 82' lang='lat' dir='ltr'><strong>ipse</strong></span> <span class='ocrx_word' id='word_1_289' title='bbox 940 3103 1072 3143; x_wconf 91' lang='lat' dir='ltr'><strong>vero</strong></span> <span class='ocrx_word' id='word_1_290' title='bbox 1103 3096 1324 3144; x_wconf 90' lang='lat' dir='ltr'><strong>sanctus</strong></span> <span class='ocrx_word' id='word_1_291' title='bbox 1349 3085 1620 3142; x_wconf 86' lang='lat' dir='ltr'><strong>Nazarius</strong></span> <span class='ocrx_word' id='word_1_292' title='bbox 1647 3103 1678 3141; x_wconf 89' lang='lat' dir='ltr'><strong>a</strong></span> <span class='ocrx_word' id='word_1_293' title='bbox 1708 3097 1906 3143; x_wconf 79' lang='lat' dir='ltr'><strong>sancto</strong></span> 
     </span>
    </p>
   </div>
   <div class='ocr_carea' id='block_1_45' title="bbox 321 3177 1909 3250">
    <p class='ocr_par' dir='ltr' id='par_1_45' title="bbox 321 3177 1909 3250">
     <span class='ocr_line' id='line_1_45' title="bbox 321 3177 1909 3250; baseline 0.001 -18"><span class='ocrx_word' id='word_1_294' title='bbox 321 3177 601 3232; x_wconf 84' lang='lat' dir='ltr'><strong>Clemente</strong></span> <span class='ocrx_word' id='word_1_295' title='bbox 643 3178 943 3233; x_wconf 89' lang='lat' dir='ltr'><strong>instructus</strong></span> <span class='ocrx_word' id='word_1_296' title='bbox 985 3186 1042 3233; x_wconf 91' lang='lat' dir='ltr'><strong>et</strong></span> <span class='ocrx_word' id='word_1_297' title='bbox 1065 3179 1374 3250; x_wconf 87' lang='lat' dir='ltr'><strong>baptizatus</strong></span> <span class='ocrx_word' id='word_1_298' title='bbox 1416 3187 1518 3235; x_wconf 89' lang='lat' dir='ltr'><strong>est.</strong></span> <span class='ocrx_word' id='word_1_299' title='bbox 1549 3178 1720 3247; x_wconf 83' lang='lat' dir='ltr'><strong>Quem</strong></span> <span class='ocrx_word' id='word_1_300' title='bbox 1760 3179 1909 3234; x_wconf 87' lang='lat' dir='ltr'><strong>Anu—</strong></span> 
     </span>
    </p>
   </div>
   <div class='ocr_carea' id='block_1_46' title="bbox 317 3270 1906 3344">
    <p class='ocr_par' dir='ltr' id='par_1_46' title="bbox 317 3270 1906 3344">
     <span class='ocr_line' id='line_1_46' title="bbox 317 3270 1906 3344; baseline 0.002 -19"><span class='ocrx_word' id='word_1_301' title='bbox 317 3270 458 3326; x_wconf 91' lang='lat' dir='ltr'><strong>linus</strong></span> <span class='ocrx_word' id='word_1_302' title='bbox 488 3272 590 3326; x_wconf 91' lang='lat' dir='ltr'><strong>sub</strong></span> <span class='ocrx_word' id='word_1_303' title='bbox 647 3271 797 3327; x_wconf 88' lang='lat' dir='ltr'><strong>rabie</strong></span> <span class='ocrx_word' id='word_1_304' title='bbox 845 3273 1258 3342; x_wconf 88' lang='lat' dir='ltr'><strong>persecutionis,</strong></span> <span class='ocrx_word' id='word_1_305' title='bbox 1307 3289 1426 3344; x_wconf 82' lang='lat' dir='ltr'><strong>quae</strong></span> <span class='ocrx_word' id='word_1_306' title='bbox 1476 3289 1578 3344; x_wconf 89' lang='lat' dir='ltr'><strong>per</strong></span> <span class='ocrx_word' id='word_1_307' title='bbox 1638 3272 1906 3329; x_wconf 81' lang='lat' dir='ltr'><strong>Neronem</strong></span> 
     </span>
    </p>
   </div>
   <div class='ocr_carea' id='block_1_47' title="bbox 1999 2067 3596 2140">
    <p class='ocr_par' dir='ltr' id='par_1_47' title="bbox 1999 2067 3596 2140">
     <span class='ocr_line' id='line_1_47' title="bbox 1999 2067 3596 2140; baseline -0.002 -15"><span class='ocrx_word' id='word_1_308' title='bbox 1999 2078 2188 2126; x_wconf 90' lang='lat' dir='ltr'><strong>sancto</strong></span> <span class='ocrx_word' id='word_1_309' title='bbox 2221 2067 2390 2124; x_wconf 89' lang='lat' dir='ltr'><strong>Paulo</strong></span> <span class='ocrx_word' id='word_1_310' title='bbox 2420 2069 2663 2140; x_wconf 86' lang='lat' dir='ltr'><strong>apostolo</strong></span> <span class='ocrx_word' id='word_1_311' title='bbox 2694 2070 2965 2134; x_wconf 89' lang='lat' dir='ltr'><strong>instructi,</strong></span> <span class='ocrx_word' id='word_1_312' title='bbox 3000 2084 3122 2125; x_wconf 91' lang='lat' dir='ltr'><strong>cum</strong></span> <span class='ocrx_word' id='word_1_313' title='bbox 3158 2085 3256 2140; x_wconf 90' lang='lat' dir='ltr'><strong>per</strong></span> <span class='ocrx_word' id='word_1_314' title='bbox 3291 2070 3476 2125; x_wconf 86' lang='lat' dir='ltr'><strong>decem</strong></span> <span class='ocrx_word' id='word_1_315' title='bbox 3499 2084 3596 2122; x_wconf 88' lang='lat' dir='ltr'><strong>an-</strong></span> 
     </span>
    </p>
   </div>
   <div class='ocr_carea' id='block_1_48' title="bbox 2000 2161 3600 2228">
    <p class='ocr_par' dir='ltr' id='par_1_48' title="bbox 2000 2161 3600 2228">
     <span class='ocr_line' id='line_1_48' title="bbox 2000 2161 3600 2228; baseline -0.003 -10"><span class='ocrx_word' id='word_1_316' title='bbox 2000 2177 2120 2226; x_wconf 90' lang='lat' dir='ltr'><strong>nos,</strong></span> <span class='ocrx_word' id='word_1_317' title='bbox 2155 2163 2208 2217; x_wconf 91' lang='lat' dir='ltr'><strong>in</strong></span> <span class='ocrx_word' id='word_1_318' title='bbox 2242 2177 2350 2217; x_wconf 93' lang='lat' dir='ltr'><strong>uno</strong></span> <span class='ocrx_word' id='word_1_319' title='bbox 2380 2162 2662 2217; x_wconf 68' lang='lat' dir='ltr'><strong>etenaculo</strong></span> <span class='ocrx_word' id='word_1_320' title='bbox 2703 2161 2963 2228; x_wconf 92' lang='lat' dir='ltr'><strong>conclusi,</strong></span> <span class='ocrx_word' id='word_1_321' title='bbox 3010 2161 3336 2217; x_wconf 89' lang='lat' dir='ltr'><strong>lectionibus</strong></span> <span class='ocrx_word' id='word_1_322' title='bbox 3379 2169 3435 2215; x_wconf 93' lang='lat' dir='ltr'><strong>et</strong></span> <span class='ocrx_word' id='word_1_323' title='bbox 3473 2175 3600 2214; x_wconf 87' lang='lat' dir='ltr'><strong>ora-</strong></span> 
     </span>
    </p>
   </div>
   <div class='ocr_carea' id='block_1_49' title="bbox 2001 2254 3598 2326">
    <p class='ocr_par' dir='ltr' id='par_1_49' title="bbox 2001 2254 3598 2326">
     <span class='ocr_line' id='line_1_49' title="bbox 2001 2254 3598 2326; baseline -0.001 -18"><span class='ocrx_word' id='word_1_324' title='bbox 2001 2254 2236 2310; x_wconf 89' lang='lat' dir='ltr'><strong>tionibus</strong></span> <span class='ocrx_word' id='word_1_325' title='bbox 2279 2262 2442 2326; x_wconf 89' lang='lat' dir='ltr'><strong>atque</strong></span> <span class='ocrx_word' id='word_1_326' title='bbox 2486 2254 2706 2323; x_wconf 87' lang='lat' dir='ltr'><strong>jejuuiis</strong></span> <span class='ocrx_word' id='word_1_327' title='bbox 2753 2263 3060 2321; x_wconf 84' lang='lat' dir='ltr'><strong>vacassent,</strong></span> <span class='ocrx_word' id='word_1_328' title='bbox 3115 2255 3327 2311; x_wconf 88' lang='lat' dir='ltr'><strong>decimo</strong></span> <span class='ocrx_word' id='word_1_329' title='bbox 3375 2270 3519 2310; x_wconf 91' lang='lat' dir='ltr'><strong>anno</strong></span> <span class='ocrx_word' id='word_1_330' title='bbox 3567 2269 3598 2307; x_wconf 90' lang='lat' dir='ltr'><strong>a</strong></span> 
     </span>
    </p>
   </div>
   <div class='ocr_carea' id='block_1_50' title="bbox 1999 2349 3602 2421">
    <p class='ocr_par' dir='ltr' id='par_1_50' title="bbox 1999 2349 3602 2421">
     <span class='ocr_line' id='line_1_50' title="bbox 1999 2349 3602 2421; baseline 0.001 -18"><span class='ocrx_word' id='word_1_331' title='bbox 1999 2349 2347 2420; x_wconf 89' lang='lat' dir='ltr'><strong>pontiﬁcibus</strong></span> <span class='ocrx_word' id='word_1_332' title='bbox 2377 2349 2700 2420; x_wconf 85' lang='lat' dir='ltr'><strong>templorum</strong></span> <span class='ocrx_word' id='word_1_333' title='bbox 2726 2351 2867 2421; x_wconf 90' lang='lat' dir='ltr'><strong>apud</strong></span> <span class='ocrx_word' id='word_1_334' title='bbox 2893 2349 3167 2407; x_wconf 80' lang='lat' dir='ltr'><strong>Astatium</strong></span> <span class='ocrx_word' id='word_1_335' title='bbox 3201 2351 3453 2407; x_wconf 91' lang='lat' dir='ltr'><strong>comitem</strong></span> <span class='ocrx_word' id='word_1_336' title='bbox 3476 2364 3602 2420; x_wconf 89' lang='lat' dir='ltr'><strong>pro-</strong></span> 
     </span>
    </p>
   </div>
   <div class='ocr_carea' id='block_1_51' title="bbox 2002 2442 3602 2513">
    <p class='ocr_par' dir='ltr' id='par_1_51' title="bbox 2002 2442 3602 2513">
     <span class='ocr_line' id='line_1_51' title="bbox 2002 2442 3602 2513; baseline 0.001 -16"><span class='ocrx_word' id='word_1_337' title='bbox 2002 2442 2124 2508; x_wconf 90' lang='lat' dir='ltr'><strong>diti,</strong></span> <span class='ocrx_word' id='word_1_338' title='bbox 2151 2452 2207 2499; x_wconf 87' lang='lat' dir='ltr'><strong>et</strong></span> <span class='ocrx_word' id='word_1_339' title='bbox 2236 2442 2306 2498; x_wconf 89' lang='lat' dir='ltr'><strong>ab</strong></span> <span class='ocrx_word' id='word_1_340' title='bbox 2331 2442 2523 2498; x_wconf 90' lang='lat' dir='ltr'><strong>eodem</strong></span> <span class='ocrx_word' id='word_1_341' title='bbox 2565 2443 2697 2498; x_wconf 90' lang='lat' dir='ltr'><strong>tenti</strong></span> <span class='ocrx_word' id='word_1_342' title='bbox 2737 2453 2901 2513; x_wconf 90' lang='lat' dir='ltr'><strong>atque</strong></span> <span class='ocrx_word' id='word_1_343' title='bbox 2927 2445 3247 2512; x_wconf 79' lang='lat' dir='ltr'><strong>examinati,</strong></span> <span class='ocrx_word' id='word_1_344' title='bbox 3295 2447 3400 2500; x_wconf 87' lang='lat' dir='ltr'><strong>hoc</strong></span> <span class='ocrx_word' id='word_1_345' title='bbox 3442 2445 3602 2500; x_wconf 92' lang='lat' dir='ltr'><strong>modo</strong></span> 
     </span>
    </p>
   </div>
   <div class='ocr_carea' id='block_1_52' title="bbox 2004 2535 3606 2608">
    <p class='ocr_par' dir='ltr' id='par_1_52' title="bbox 2004 2535 3606 2608">
     <span class='ocr_line' id='line_1_52' title="bbox 2004 2535 3606 2608; baseline 0.001 -18"><span class='ocrx_word' id='word_1_346' title='bbox 2004 2537 2070 2592; x_wconf 88' lang='lat' dir='ltr'><strong>ad</strong></span> <span class='ocrx_word' id='word_1_347' title='bbox 2095 2535 2330 2608; x_wconf 90' lang='lat' dir='ltr'><strong>palmam</strong></span> <span class='ocrx_word' id='word_1_348' title='bbox 2355 2537 2602 2607; x_wconf 85' lang='lat' dir='ltr'><strong>martyrii</strong></span> <span class='ocrx_word' id='word_1_349' title='bbox 2633 2547 3018 2607; x_wconf 87' lang='lat' dir='ltr'><strong>pervenerunt.</strong></span> <span class='ocrx_word' id='word_1_350' title='bbox 3049 2537 3186 2595; x_wconf 90' lang='lat' dir='ltr'><strong>Cum</strong></span> <span class='ocrx_word' id='word_1_351' title='bbox 3213 2539 3358 2594; x_wconf 90' lang='lat' dir='ltr'><strong>enim</strong></span> <span class='ocrx_word' id='word_1_352' title='bbox 3375 2553 3474 2594; x_wconf 88' lang='lat' dir='ltr'><strong>nec</strong></span> <span class='ocrx_word' id='word_1_353' title='bbox 3504 2539 3606 2592; x_wconf 90' lang='lat' dir='ltr'><strong>mi-</strong></span> 
     </span>
    </p>
   </div>
   <div class='ocr_carea' id='block_1_53' title="bbox 2007 2629 3608 2701">
    <p class='ocr_par' dir='ltr' id='par_1_53' title="bbox 2007 2629 3608 2701">
     <span class='ocr_line' id='line_1_53' title="bbox 2007 2629 3608 2701; baseline 0.001 -19"><span class='ocrx_word' id='word_1_354' title='bbox 2007 2630 2094 2683; x_wconf 88' lang='lat' dir='ltr'><strong>nis</strong></span> <span class='ocrx_word' id='word_1_355' title='bbox 2119 2642 2220 2684; x_wconf 92' lang='lat' dir='ltr'><strong>nec</strong></span> <span class='ocrx_word' id='word_1_356' title='bbox 2247 2629 2637 2684; x_wconf 89' lang='lat' dir='ltr'><strong>blandimentis</strong></span> <span class='ocrx_word' id='word_1_357' title='bbox 2657 2644 2755 2684; x_wconf 88' lang='lat' dir='ltr'><strong>eos</strong></span> <span class='ocrx_word' id='word_1_358' title='bbox 2782 2631 3112 2699; x_wconf 89' lang='lat' dir='ltr'><strong>compellere</strong></span> <span class='ocrx_word' id='word_1_359' title='bbox 3142 2632 3410 2701; x_wconf 86' lang='lat' dir='ltr'><strong>potuisset</strong></span> <span class='ocrx_word' id='word_1_360' title='bbox 3445 2639 3507 2684; x_wconf 91' lang='lat' dir='ltr'><strong>ut</strong></span> <span class='ocrx_word' id='word_1_361' title='bbox 3547 2644 3608 2685; x_wconf 88' lang='lat' dir='ltr'><strong>se</strong></span> 
     </span>
    </p>
   </div>
   <div class='ocr_carea' id='block_1_54' title="bbox 2005 2717 3608 2790">
    <p class='ocr_par' dir='ltr' id='par_1_54' title="bbox 2005 2717 3608 2790">
     <span class='ocr_line' id='line_1_54' title="bbox 2005 2717 3608 2790; baseline -0.003 -14"><span class='ocrx_word' id='word_1_362' title='bbox 2005 2717 2348 2776; x_wconf 90' lang='lat' dir='ltr'><strong>Christianos</strong></span> <span class='ocrx_word' id='word_1_363' title='bbox 2377 2733 2499 2775; x_wconf 89' lang='lat' dir='ltr'><strong>esse</strong></span> <span class='ocrx_word' id='word_1_364' title='bbox 2548 2728 2830 2790; x_wconf 85' lang='lat' dir='ltr'><strong>negarent,</strong></span> <span class='ocrx_word' id='word_1_365' title='bbox 2863 2717 3186 2775; x_wconf 86' lang='lat' dir='ltr'><strong>Cervasium</strong></span> <span class='ocrx_word' id='word_1_366' title='bbox 3219 2720 3438 2788; x_wconf 88' lang='lat' dir='ltr'><strong>quidem</strong></span> <span class='ocrx_word' id='word_1_367' title='bbox 3489 2727 3608 2772; x_wconf 85' lang='lat' dir='ltr'><strong>tan-</strong></span> 
     </span>
    </p>
   </div>
   <div class='ocr_carea' id='block_1_55' title="bbox 2006 2810 3606 2882">
    <p class='ocr_par' dir='ltr' id='par_1_55' title="bbox 2006 2810 3606 2882">
     <span class='ocr_line' id='line_1_55' title="bbox 2006 2810 3606 2882; baseline -0.002 -16"><span class='ocrx_word' id='word_1_368' title='bbox 2006 2811 2096 2868; x_wconf 87' lang='lat' dir='ltr'><strong>diu</strong></span> <span class='ocrx_word' id='word_1_369' title='bbox 2133 2811 2298 2881; x_wconf 89' lang='lat' dir='ltr'><strong>jussit</strong></span> <span class='ocrx_word' id='word_1_370' title='bbox 2329 2811 2624 2881; x_wconf 88' lang='lat' dir='ltr'><strong>plumbatis</strong></span> <span class='ocrx_word' id='word_1_371' title='bbox 2663 2811 2820 2876; x_wconf 65' lang='lat' dir='ltr'><strong>caedi,</strong></span> <span class='ocrx_word' id='word_1_372' title='bbox 2873 2812 3108 2880; x_wconf 90' lang='lat' dir='ltr'><strong>quandiu</strong></span> <span class='ocrx_word' id='word_1_373' title='bbox 3152 2810 3404 2882; x_wconf 88' lang='lat' dir='ltr'><strong>spiritum</strong></span> <span class='ocrx_word' id='word_1_374' title='bbox 3434 2811 3606 2864; x_wconf 78' lang='lat' dir='ltr'><strong>exha-</strong></span> 
     </span>
    </p>
   </div>
   <div class='ocr_carea' id='block_1_56' title="bbox 2007 2901 3610 2973">
    <p class='ocr_par' dir='ltr' id='par_1_56' title="bbox 2007 2901 3610 2973">
     <span class='ocr_line' id='line_1_56' title="bbox 2007 2901 3610 2973; baseline 0 -17"><span class='ocrx_word' id='word_1_375' title='bbox 2007 2903 2173 2970; x_wconf 88' lang='lat' dir='ltr'><strong>laret;</strong></span> <span class='ocrx_word' id='word_1_376' title='bbox 2202 2901 2508 2970; x_wconf 83' lang='lat' dir='ltr'><strong>Protasium</strong></span> <span class='ocrx_word' id='word_1_377' title='bbox 2532 2917 2683 2968; x_wconf 91' lang='lat' dir='ltr'><strong>vero,</strong></span> <span class='ocrx_word' id='word_1_378' title='bbox 2721 2901 2953 2958; x_wconf 89' lang='lat' dir='ltr'><strong>fustibus</strong></span> <span class='ocrx_word' id='word_1_379' title='bbox 2993 2919 3214 2968; x_wconf 85' lang='lat' dir='ltr'><strong>c:esum,</strong></span> <span class='ocrx_word' id='word_1_380' title='bbox 3247 2903 3423 2973; x_wconf 92' lang='lat' dir='ltr'><strong>capite</strong></span> <span class='ocrx_word' id='word_1_381' title='bbox 3456 2911 3610 2957; x_wconf 89' lang='lat' dir='ltr'><strong>trun-</strong></span> 
     </span>
    </p>
   </div>
   <div class='ocr_carea' id='block_1_57' title="bbox 2008 2994 3608 3067">
    <p class='ocr_par' dir='ltr' id='par_1_57' title="bbox 2008 2994 3608 3067">
     <span class='ocr_line' id='line_1_57' title="bbox 2008 2994 3608 3067; baseline -0.001 -17"><span class='ocrx_word' id='word_1_382' title='bbox 2008 2996 2142 3050; x_wconf 88' lang='lat' dir='ltr'><strong>cari.</strong></span> <span class='ocrx_word' id='word_1_383' title='bbox 2185 2994 2425 3062; x_wconf 91' lang='lat' dir='ltr'><strong>Quorum</strong></span> <span class='ocrx_word' id='word_1_384' title='bbox 2466 3009 2694 3066; x_wconf 89' lang='lat' dir='ltr'><strong>corpora</strong></span> <span class='ocrx_word' id='word_1_385' title='bbox 2735 2994 3019 3067; x_wconf 86' lang='lat' dir='ltr'><strong>Philippus</strong></span> <span class='ocrx_word' id='word_1_386' title='bbox 3042 2996 3125 3050; x_wconf 90' lang='lat' dir='ltr'><strong>vir</strong></span> <span class='ocrx_word' id='word_1_387' title='bbox 3169 2996 3458 3066; x_wconf 83' lang='lat' dir='ltr'><strong>religiosus</strong></span> <span class='ocrx_word' id='word_1_388' title='bbox 3502 3011 3608 3048; x_wconf 88' lang='lat' dir='ltr'><strong>una</strong></span> 
     </span>
    </p>
   </div>
   <div class='ocr_carea' id='block_1_58' title="bbox 2011 3085 3611 3152">
    <p class='ocr_par' dir='ltr' id='par_1_58' title="bbox 2011 3085 3611 3152">
     <span class='ocr_line' id='line_1_58' title="bbox 2011 3085 3611 3152; baseline -0.003 -9"><span class='ocrx_word' id='word_1_389' title='bbox 2011 3103 2132 3143; x_wconf 90' lang='lat' dir='ltr'><strong>cum</strong></span> <span class='ocrx_word' id='word_1_390' title='bbox 2166 3086 2275 3142; x_wconf 85' lang='lat' dir='ltr'><strong>lilio</strong></span> <span class='ocrx_word' id='word_1_391' title='bbox 2303 3102 2400 3141; x_wconf 90' lang='lat' dir='ltr'><strong>suo</strong></span> <span class='ocrx_word' id='word_1_392' title='bbox 2426 3085 2612 3142; x_wconf 88' lang='lat' dir='ltr'><strong>furtim</strong></span> <span class='ocrx_word' id='word_1_393' title='bbox 2661 3086 2903 3152; x_wconf 87' lang='lat' dir='ltr'><strong>abstulit,</strong></span> <span class='ocrx_word' id='word_1_394' title='bbox 2949 3097 3003 3142; x_wconf 89' lang='lat' dir='ltr'><strong>et</strong></span> <span class='ocrx_word' id='word_1_395' title='bbox 3032 3086 3175 3142; x_wconf 88' lang='lat' dir='ltr'><strong>intra</strong></span> <span class='ocrx_word' id='word_1_396' title='bbox 3201 3087 3420 3141; x_wconf 91' lang='lat' dir='ltr'><strong>domum</strong></span> <span class='ocrx_word' id='word_1_397' title='bbox 3452 3100 3611 3139; x_wconf 89' lang='lat' dir='ltr'><strong>suam</strong></span> 
     </span>
    </p>
   </div>
   <div class='ocr_carea' id='block_1_59' title="bbox 2010 3177 3610 3250">
    <p class='ocr_par' dir='ltr' id='par_1_59' title="bbox 2010 3177 3610 3250">
     <span class='ocr_line' id='line_1_59' title="bbox 2010 3177 3610 3250; baseline -0.001 -18"><span class='ocrx_word' id='word_1_398' title='bbox 2010 3179 2065 3232; x_wconf 90' lang='lat' dir='ltr'><strong>in</strong></span> <span class='ocrx_word' id='word_1_399' title='bbox 2089 3195 2218 3235; x_wconf 88' lang='lat' dir='ltr'><strong>arca</strong></span> <span class='ocrx_word' id='word_1_400' title='bbox 2234 3193 2541 3234; x_wconf 90' lang='lat' dir='ltr'><strong>marmorea</strong></span> <span class='ocrx_word' id='word_1_401' title='bbox 2559 3177 2824 3250; x_wconf 89' lang='lat' dir='ltr'><strong>sepelivit.</strong></span> <span class='ocrx_word' id='word_1_402' title='bbox 2841 3178 3174 3234; x_wconf 91' lang='lat' dir='ltr'><strong>Eorumdem</strong></span> <span class='ocrx_word' id='word_1_403' title='bbox 3201 3194 3332 3234; x_wconf 89' lang='lat' dir='ltr'><strong>vero</strong></span> <span class='ocrx_word' id='word_1_404' title='bbox 3361 3177 3610 3249; x_wconf 88' lang='lat' dir='ltr'><strong>sepulcra</strong></span> 
     </span>
    </p>
   </div>
   <div class='ocr_carea' id='block_1_60' title="bbox 2013 3271 3611 3343">
    <p class='ocr_par' dir='ltr' id='par_1_60' title="bbox 2013 3271 3611 3343">
     <span class='ocr_line' id='line_1_60' title="bbox 2013 3271 3611 3343; baseline 0.001 -18"><span class='ocrx_word' id='word_1_405' title='bbox 2013 3273 2182 3327; x_wconf 91' lang='lat' dir='ltr'><strong>multa</strong></span> <span class='ocrx_word' id='word_1_406' title='bbox 2239 3279 2362 3342; x_wconf 91' lang='lat' dir='ltr'><strong>post</strong></span> <span class='ocrx_word' id='word_1_407' title='bbox 2419 3279 2662 3341; x_wconf 88' lang='lat' dir='ltr'><strong>tempora</strong></span> <span class='ocrx_word' id='word_1_408' title='bbox 2706 3271 2808 3327; x_wconf 86' lang='lat' dir='ltr'><strong>sub</strong></span> <span class='ocrx_word' id='word_1_409' title='bbox 2866 3271 3171 3328; x_wconf 91' lang='lat' dir='ltr'><strong>Theodosio</strong></span> <span class='ocrx_word' id='word_1_410' title='bbox 3229 3273 3562 3343; x_wconf 88' lang='lat' dir='ltr'><strong>imperatore</strong></span> <span class='ocrx_word' id='word_1_411' title='bbox 3593 3309 3611 3336; x_wconf 91' lang='lat'><strong>,</strong></span> 
     </span>
    </p>
   </div>
   <div class='ocr_carea' id='block_1_61' title="bbox 317 3351 3615 3437">
    <p class='ocr_par' dir='ltr' id='par_1_61' title="bbox 317 3351 3615 3437">
     <span class='ocr_line' id='line_1_61' title="bbox 317 3351 3615 3437; baseline 0 -16"><span class='ocrx_word' id='word_1_412' title='bbox 317 3364 554 3421; x_wconf 81' lang='lat' dir='ltr'><strong>excitata</strong></span> <span class='ocrx_word' id='word_1_413' title='bbox 580 3374 682 3429; x_wconf 89' lang='lat' dir='ltr'><strong>est,</strong></span> <span class='ocrx_word' id='word_1_414' title='bbox 715 3365 804 3420; x_wconf 92' lang='lat' dir='ltr'><strong>diu</strong></span> <span class='ocrx_word' id='word_1_415' title='bbox 826 3375 1165 3422; x_wconf 89' lang='lat' dir='ltr'><strong>maceratum</strong></span> <span class='ocrx_word' id='word_1_416' title='bbox 1199 3374 1256 3422; x_wconf 91' lang='lat' dir='ltr'><strong>et</strong></span> <span class='ocrx_word' id='word_1_417' title='bbox 1283 3365 1543 3422; x_wconf 84' lang='lat' dir='ltr'><strong>afﬂictum</strong></span> <span class='ocrx_word' id='word_1_418' title='bbox 1594 3367 1649 3422; x_wconf 91' lang='lat' dir='ltr'><strong>in</strong></span> <span class='ocrx_word' id='word_1_419' title='bbox 1686 3381 1908 3422; x_wconf 87' lang='lat' dir='ltr'><strong>carcere</strong></span> <span class='ocrx_word' id='word_1_420' title='bbox 1936 3351 1981 3414; x_wconf 88' lang='lat' dir='ltr'><strong>C</strong></span> <span class='ocrx_word' id='word_1_421' title='bbox 2013 3363 2243 3418; x_wconf 90' lang='lat' dir='ltr'><strong>Domino</strong></span> <span class='ocrx_word' id='word_1_422' title='bbox 2264 3365 2558 3433; x_wconf 85' lang='lat' dir='ltr'><strong>revelante,</strong></span> <span class='ocrx_word' id='word_1_423' title='bbox 2592 3365 2786 3422; x_wconf 88' lang='lat' dir='ltr'><strong>beatus</strong></span> <span class='ocrx_word' id='word_1_424' title='bbox 2806 3366 3128 3423; x_wconf 86' lang='lat' dir='ltr'><strong>Ambrosius</strong></span> <span class='ocrx_word' id='word_1_425' title='bbox 3156 3367 3381 3437; x_wconf 90' lang='lat' dir='ltr'><strong>reperit,</strong></span> <span class='ocrx_word' id='word_1_426' title='bbox 3432 3374 3487 3420; x_wconf 89' lang='lat' dir='ltr'><strong>et</strong></span> <span class='ocrx_word' id='word_1_427' title='bbox 3535 3365 3615 3420; x_wconf 87' lang='lat' dir='ltr'><strong>ita</strong></span> 
     </span>
    </p>
   </div>
   <div class='ocr_carea' id='block_1_62' title="bbox 318 3457 1912 3529">
    <p class='ocr_par' dir='ltr' id='par_1_62' title="bbox 318 3457 1912 3529">
     <span class='ocr_line' id='line_1_62' title="bbox 318 3457 1912 3529; baseline 0.001 -16"><span class='ocrx_word' id='word_1_428' title='bbox 318 3471 443 3513; x_wconf 90' lang='lat' dir='ltr'><strong>cum</strong></span> <span class='ocrx_word' id='word_1_429' title='bbox 485 3457 798 3514; x_wconf 88' lang='lat' dir='ltr'><strong>beatissimo</strong></span> <span class='ocrx_word' id='word_1_430' title='bbox 844 3473 1014 3528; x_wconf 88' lang='lat' dir='ltr'><strong>puero</strong></span> <span class='ocrx_word' id='word_1_431' title='bbox 1054 3458 1231 3522; x_wconf 89' lang='lat' dir='ltr'><strong>Celso,</strong></span> <span class='ocrx_word' id='word_1_432' title='bbox 1279 3473 1440 3528; x_wconf 91' lang='lat' dir='ltr'><strong>quem</strong></span> <span class='ocrx_word' id='word_1_433' title='bbox 1478 3458 1620 3513; x_wconf 88' lang='lat' dir='ltr'><strong>idem</strong></span> <span class='ocrx_word' id='word_1_434' title='bbox 1670 3460 1786 3529; x_wconf 89' lang='lat' dir='ltr'><strong>ipse</strong></span> <span class='ocrx_word' id='word_1_435' title='bbox 1811 3476 1912 3514; x_wconf 91' lang='lat' dir='ltr'><strong>nu-</strong></span> 
     </span>
    </p>
   </div>
   <div class='ocr_carea' id='block_1_63' title="bbox 323 3547 1913 3620">
    <p class='ocr_par' dir='ltr' id='par_1_63' title="bbox 323 3547 1913 3620">
     <span class='ocr_line' id='line_1_63' title="bbox 323 3547 1913 3620; baseline 0.001 -18"><span class='ocrx_word' id='word_1_436' title='bbox 323 3547 533 3611; x_wconf 89' lang='lat' dir='ltr'><strong>trierat,</strong></span> <span class='ocrx_word' id='word_1_437' title='bbox 559 3547 737 3618; x_wconf 87' lang='lat' dir='ltr'><strong>gladio</strong></span> <span class='ocrx_word' id='word_1_438' title='bbox 784 3547 933 3603; x_wconf 90' lang='lat' dir='ltr'><strong>feriri</strong></span> <span class='ocrx_word' id='word_1_439' title='bbox 961 3547 1142 3617; x_wconf 85' lang='lat' dir='ltr'><strong>jussit.</strong></span> <span class='ocrx_word' id='word_1_440' title='bbox 1189 3547 1432 3617; x_wconf 91' lang='lat' dir='ltr'><strong>Quorum</strong></span> <span class='ocrx_word' id='word_1_441' title='bbox 1479 3564 1707 3620; x_wconf 90' lang='lat' dir='ltr'><strong>corpora</strong></span> <span class='ocrx_word' id='word_1_442' title='bbox 1752 3549 1913 3604; x_wconf 91' lang='lat' dir='ltr'><strong>Chri-</strong></span> 
     </span>
    </p>
   </div>
   <div class='ocr_carea' id='block_1_64' title="bbox 321 3636 1914 3712">
    <p class='ocr_par' dir='ltr' id='par_1_64' title="bbox 321 3636 1914 3712">
     <span class='ocr_line' id='line_1_64' title="bbox 321 3636 1914 3712; baseline 0.003 -20"><span class='ocrx_word' id='word_1_443' title='bbox 321 3637 488 3692; x_wconf 87' lang='lat' dir='ltr'><strong>stiani</strong></span> <span class='ocrx_word' id='word_1_444' title='bbox 512 3636 677 3692; x_wconf 90' lang='lat' dir='ltr'><strong>furati</strong></span> <span class='ocrx_word' id='word_1_445' title='bbox 715 3639 906 3708; x_wconf 92' lang='lat' dir='ltr'><strong>quinto</strong></span> <span class='ocrx_word' id='word_1_446' title='bbox 928 3638 1196 3695; x_wconf 83' lang='lat' dir='ltr'><strong>Kalendas</strong></span> <span class='ocrx_word' id='word_1_447' title='bbox 1217 3640 1449 3712; x_wconf 86' lang='lat' dir='ltr'><strong>Augusti</strong></span> <span class='ocrx_word' id='word_1_448' title='bbox 1479 3641 1812 3709; x_wconf 87' lang='lat' dir='ltr'><strong>sepelierunt</strong></span> <span class='ocrx_word' id='word_1_449' title='bbox 1837 3641 1914 3697; x_wconf 63' lang='lat' dir='ltr'><strong>fo«</strong></span> 
     </span>
    </p>
   </div>
   <div class='ocr_carea' id='block_1_65' title="bbox 325 3731 1905 3803">
    <p class='ocr_par' dir='ltr' id='par_1_65' title="bbox 325 3731 1905 3803">
     <span class='ocr_line' id='line_1_65' title="bbox 325 3731 1905 3803; baseline 0.001 -18"><span class='ocrx_word' id='word_1_450' title='bbox 325 3731 400 3786; x_wconf 89' lang='lat' dir='ltr'><strong>ris</strong></span> <span class='ocrx_word' id='word_1_451' title='bbox 433 3740 644 3800; x_wconf 90' lang='lat' dir='ltr'><strong>portam</strong></span> <span class='ocrx_word' id='word_1_452' title='bbox 675 3746 796 3801; x_wconf 61' lang='lat' dir='ltr'><strong>quae</strong></span> <span class='ocrx_word' id='word_1_453' title='bbox 823 3731 1024 3787; x_wconf 87' lang='lat' dir='ltr'><strong>dicitur</strong></span> <span class='ocrx_word' id='word_1_454' title='bbox 1048 3732 1316 3799; x_wconf 81' lang='lat' dir='ltr'><strong>Romana,</strong></span> <span class='ocrx_word' id='word_1_455' title='bbox 1341 3733 1396 3787; x_wconf 92' lang='lat' dir='ltr'><strong>in</strong></span> <span class='ocrx_word' id='word_1_456' title='bbox 1426 3733 1661 3803; x_wconf 91' lang='lat' dir='ltr'><strong>propriis</strong></span> <span class='ocrx_word' id='word_1_457' title='bbox 1711 3733 1905 3788; x_wconf 86' lang='lat' dir='ltr'><strong>hortis.</strong></span> 
     </span>
    </p>
   </div>
   <div class='ocr_carea' id='block_1_66' title="bbox 322 3821 1915 3896">
    <p class='ocr_par' dir='ltr' id='par_1_66' title="bbox 322 3821 1915 3896">
     <span class='ocr_line' id='line_1_66' title="bbox 322 3821 1915 3896; baseline 0.003 -21"><span class='ocrx_word' id='word_1_458' title='bbox 322 3821 719 3878; x_wconf 67' lang='lat' dir='ltr'><strong>ltevelaverunt</strong></span> <span class='ocrx_word' id='word_1_459' title='bbox 732 3832 911 3878; x_wconf 90' lang='lat' dir='ltr'><strong>autem</strong></span> <span class='ocrx_word' id='word_1_460' title='bbox 933 3839 988 3879; x_wconf 90' lang='lat' dir='ltr'><strong>se</strong></span> <span class='ocrx_word' id='word_1_461' title='bbox 1007 3825 1152 3880; x_wconf 89' lang='lat' dir='ltr'><strong>beati</strong></span> <span class='ocrx_word' id='word_1_462' title='bbox 1172 3833 1438 3896; x_wconf 87' lang='lat' dir='ltr'><strong>martyres</strong></span> <span class='ocrx_word' id='word_1_463' title='bbox 1453 3824 1665 3880; x_wconf 90' lang='lat' dir='ltr'><strong>cuidam</strong></span> <span class='ocrx_word' id='word_1_464' title='bbox 1681 3823 1915 3880; x_wconf 67' lang='lat' dir='ltr'><strong>Caeratio</strong></span> 
     </span>
    </p>
   </div>
   <div class='ocr_carea' id='block_1_67' title="bbox 322 3913 1912 3986">
    <p class='ocr_par' dir='ltr' id='par_1_67' title="bbox 322 3913 1912 3986">
     <span class='ocr_line' id='line_1_67' title="bbox 322 3913 1912 3986; baseline 0.002 -18"><span class='ocrx_word' id='word_1_465' title='bbox 322 3913 559 3980; x_wconf 88' lang='lat' dir='ltr'><strong>nomine,</strong></span> <span class='ocrx_word' id='word_1_466' title='bbox 586 3915 739 3985; x_wconf 89' lang='lat' dir='ltr'><strong>cujus</strong></span> <span class='ocrx_word' id='word_1_467' title='bbox 760 3931 897 3969; x_wconf 79' lang='lat' dir='ltr'><strong>uxor</strong></span> <span class='ocrx_word' id='word_1_468' title='bbox 923 3914 1239 3980; x_wconf 86' lang='lat' dir='ltr'><strong>Fortunata,</strong></span> <span class='ocrx_word' id='word_1_469' title='bbox 1277 3925 1332 3971; x_wconf 91' lang='lat' dir='ltr'><strong>et</strong></span> <span class='ocrx_word' id='word_1_470' title='bbox 1361 3932 1458 3986; x_wconf 92' lang='lat' dir='ltr'><strong>per</strong></span> <span class='ocrx_word' id='word_1_471' title='bbox 1483 3916 1659 3971; x_wconf 88' lang='lat' dir='ltr'><strong>visum</strong></span> <span class='ocrx_word' id='word_1_472' title='bbox 1690 3930 1912 3972; x_wconf 88' lang='lat' dir='ltr'><strong>monue-</strong></span> 
     </span>
    </p>
   </div>
   <div class='ocr_carea' id='block_1_68' title="bbox 322 4008 1911 4079">
    <p class='ocr_par' dir='ltr' id='par_1_68' title="bbox 322 4008 1911 4079">
     <span class='ocr_line' id='line_1_68' title="bbox 322 4008 1911 4079; baseline 0.001 -19"><span class='ocrx_word' id='word_1_473' title='bbox 322 4014 450 4061; x_wconf 90' lang='lat' dir='ltr'><strong>runt</strong></span> <span class='ocrx_word' id='word_1_474' title='bbox 478 4022 538 4063; x_wconf 88' lang='lat' dir='ltr'><strong>se</strong></span> <span class='ocrx_word' id='word_1_475' title='bbox 562 4008 822 4063; x_wconf 86' lang='lat' dir='ltr'><strong>occultari</strong></span> <span class='ocrx_word' id='word_1_476' title='bbox 852 4016 1070 4079; x_wconf 90' lang='lat' dir='ltr'><strong>propter</strong></span> <span class='ocrx_word' id='word_1_477' title='bbox 1101 4008 1305 4063; x_wconf 90' lang='lat' dir='ltr'><strong>rabiem</strong></span> <span class='ocrx_word' id='word_1_478' title='bbox 1342 4008 1734 4078; x_wconf 88' lang='lat' dir='ltr'><strong>persecutionis</strong></span> <span class='ocrx_word' id='word_1_479' title='bbox 1747 4023 1911 4078; x_wconf 91' lang='lat' dir='ltr'><strong>quam</strong></span> 
     </span>
    </p>
   </div>
   <div class='ocr_carea' id='block_1_69' title="bbox 323 4101 1912 4173">
    <p class='ocr_par' dir='ltr' id='par_1_69' title="bbox 323 4101 1912 4173">
     <span class='ocr_line' id='line_1_69' title="bbox 323 4101 1912 4173; baseline 0.001 -18"><span class='ocrx_word' id='word_1_480' title='bbox 323 4101 466 4156; x_wconf 88' lang='lat' dir='ltr'><strong>Nero</strong></span> <span class='ocrx_word' id='word_1_481' title='bbox 501 4102 697 4173; x_wconf 87' lang='lat' dir='ltr'><strong>impius</strong></span> <span class='ocrx_word' id='word_1_482' title='bbox 737 4103 1090 4159; x_wconf 77' lang='lat' dir='ltr'><strong>excitaverat.</strong></span> <span class='ocrx_word' id='word_1_483' title='bbox 1137 4102 1436 4158; x_wconf 87' lang='lat' dir='ltr'><strong>Latuerunt</strong></span> <span class='ocrx_word' id='word_1_484' title='bbox 1463 4115 1595 4156; x_wconf 90' lang='lat' dir='ltr'><strong>vero</strong></span> <span class='ocrx_word' id='word_1_485' title='bbox 1641 4117 1812 4172; x_wconf 90' lang='lat' dir='ltr'><strong>usque</strong></span> <span class='ocrx_word' id='word_1_486' title='bbox 1846 4102 1912 4156; x_wconf 91' lang='lat' dir='ltr'><strong>ad</strong></span> 
     </span>
    </p>
   </div>
   <div class='ocr_carea' id='block_1_70' title="bbox 323 4194 1915 4266">
    <p class='ocr_par' dir='ltr' id='par_1_70' title="bbox 323 4194 1915 4266">
     <span class='ocr_line' id='line_1_70' title="bbox 323 4194 1915 4266; baseline 0.001 -15"><span class='ocrx_word' id='word_1_487' title='bbox 323 4204 569 4266; x_wconf 87' lang='lat' dir='ltr'><strong>tempora</strong></span> <span class='ocrx_word' id='word_1_488' title='bbox 629 4196 850 4251; x_wconf 90' lang='lat' dir='ltr'><strong>Honorii</strong></span> <span class='ocrx_word' id='word_1_489' title='bbox 900 4207 956 4252; x_wconf 90' lang='lat' dir='ltr'><strong>et</strong></span> <span class='ocrx_word' id='word_1_490' title='bbox 1010 4197 1230 4252; x_wconf 85' lang='lat' dir='ltr'><strong>Arcadii</strong></span> <span class='ocrx_word' id='word_1_491' title='bbox 1287 4198 1697 4266; x_wconf 88' lang='lat' dir='ltr'><strong>imperatorum.</strong></span> <span class='ocrx_word' id='word_1_492' title='bbox 1771 4194 1915 4263; x_wconf 91' lang='lat' dir='ltr'><strong>Quos</strong></span> 
     </span>
    </p>
   </div>
   <div class='ocr_carea' id='block_1_71' title="bbox 322 4285 1916 4358">
    <p class='ocr_par' dir='ltr' id='par_1_71' title="bbox 322 4285 1916 4358">
     <span class='ocr_line' id='line_1_71' title="bbox 322 4285 1916 4358; baseline 0 -17"><span class='ocrx_word' id='word_1_493' title='bbox 322 4287 516 4341; x_wconf 90' lang='lat' dir='ltr'><strong>beatus</strong></span> <span class='ocrx_word' id='word_1_494' title='bbox 544 4285 882 4351; x_wconf 85' lang='lat' dir='ltr'><strong>Ambrosius,</strong></span> <span class='ocrx_word' id='word_1_495' title='bbox 917 4289 1145 4343; x_wconf 92' lang='lat' dir='ltr'><strong>Domino</strong></span> <span class='ocrx_word' id='word_1_496' title='bbox 1174 4288 1471 4354; x_wconf 90' lang='lat' dir='ltr'><strong>revelante,</strong></span> <span class='ocrx_word' id='word_1_497' title='bbox 1505 4288 1725 4358; x_wconf 86' lang='lat' dir='ltr'><strong>reperit.</strong></span> <span class='ocrx_word' id='word_1_498' title='bbox 1757 4287 1916 4342; x_wconf 86' lang='lat' dir='ltr'><strong>Pate-</strong></span> 
     </span>
    </p>
   </div>
   <div class='ocr_carea' id='block_1_72' title="bbox 325 4378 1914 4449">
    <p class='ocr_par' dir='ltr' id='par_1_72' title="bbox 325 4378 1914 4449">
     <span class='ocr_line' id='line_1_72' title="bbox 325 4378 1914 4449; baseline -0.002 -15"><span class='ocrx_word' id='word_1_499' title='bbox 325 4378 473 4434; x_wconf 83' lang='lat' dir='ltr'><strong>facto</strong></span> <span class='ocrx_word' id='word_1_500' title='bbox 502 4387 681 4433; x_wconf 91' lang='lat' dir='ltr'><strong>autem</strong></span> <span class='ocrx_word' id='word_1_501' title='bbox 733 4379 980 4447; x_wconf 85' lang='lat' dir='ltr'><strong>sepulcro</strong></span> <span class='ocrx_word' id='word_1_502' title='bbox 1021 4380 1075 4433; x_wconf 88' lang='lat' dir='ltr'><strong>in</strong></span> <span class='ocrx_word' id='word_1_503' title='bbox 1111 4394 1218 4449; x_wconf 89' lang='lat' dir='ltr'><strong>quo</strong></span> <span class='ocrx_word' id='word_1_504' title='bbox 1259 4380 1477 4448; x_wconf 91' lang='lat' dir='ltr'><strong>jacebat</strong></span> <span class='ocrx_word' id='word_1_505' title='bbox 1527 4395 1726 4449; x_wconf 89' lang='lat' dir='ltr'><strong>corpus</strong></span> <span class='ocrx_word' id='word_1_506' title='bbox 1767 4378 1914 4433; x_wconf 91' lang='lat' dir='ltr'><strong>beati</strong></span> 
     </span>
    </p>
   </div>
   <div class='ocr_carea' id='block_1_73' title="bbox 325 4468 1917 4541">
    <p class='ocr_par' dir='ltr' id='par_1_73' title="bbox 325 4468 1917 4541">
     <span class='ocr_line' id='line_1_73' title="bbox 325 4468 1917 4541; baseline -0.003 -15"><span class='ocrx_word' id='word_1_507' title='bbox 325 4470 564 4535; x_wconf 87' lang='lat' dir='ltr'><strong>Nazarii,</strong></span> <span class='ocrx_word' id='word_1_508' title='bbox 595 4470 688 4540; x_wconf 89' lang='lat' dir='ltr'><strong>qui</strong></span> <span class='ocrx_word' id='word_1_509' title='bbox 713 4470 1055 4541; x_wconf 90' lang='lat' dir='ltr'><strong>quandonam</strong></span> <span class='ocrx_word' id='word_1_510' title='bbox 1095 4483 1290 4538; x_wconf 88' lang='lat' dir='ltr'><strong>passus</strong></span> <span class='ocrx_word' id='word_1_511' title='bbox 1350 4468 1547 4535; x_wconf 88' lang='lat' dir='ltr'><strong>fuerit,</strong></span> <span class='ocrx_word' id='word_1_512' title='bbox 1611 4479 1670 4522; x_wconf 95' lang='lat' dir='ltr'><strong>ut</strong></span> <span class='ocrx_word' id='word_1_513' title='bbox 1725 4469 1917 4524; x_wconf 86' lang='lat' dir='ltr'><strong>scribit</strong></span> 
     </span>
    </p>
   </div>
   <div class='ocr_carea' id='block_1_74' title="bbox 325 4563 1910 4635">
    <p class='ocr_par' dir='ltr' id='par_1_74' title="bbox 325 4563 1910 4635">
     <span class='ocr_line' id='line_1_74' title="bbox 325 4563 1910 4635; baseline -0.003 -14"><span class='ocrx_word' id='word_1_514' title='bbox 325 4573 550 4621; x_wconf 82' lang='lat' dir='ltr'><strong>sanctus</strong></span> <span class='ocrx_word' id='word_1_515' title='bbox 575 4563 853 4628; x_wconf 89' lang='lat' dir='ltr'><strong>Paulinus,</strong></span> <span class='ocrx_word' id='word_1_516' title='bbox 885 4579 1058 4632; x_wconf 89' lang='lat' dir='ltr'><strong>usque</strong></span> <span class='ocrx_word' id='word_1_517' title='bbox 1085 4572 1211 4618; x_wconf 91' lang='lat' dir='ltr'><strong>tunc</strong></span> <span class='ocrx_word' id='word_1_518' title='bbox 1247 4563 1508 4632; x_wconf 89' lang='lat' dir='ltr'><strong>temporis</strong></span> <span class='ocrx_word' id='word_1_519' title='bbox 1540 4563 1910 4635; x_wconf 88' lang='lat' dir='ltr'><strong>ignorabatur,</strong></span> 
     </span>
    </p>
   </div>
   <div class='ocr_carea' id='block_1_75' title="bbox 326 4655 1916 4729">
    <p class='ocr_par' dir='ltr' id='par_1_75' title="bbox 326 4655 1916 4729">
     <span class='ocr_line' id='line_1_75' title="bbox 326 4655 1916 4729; baseline -0.001 -17"><span class='ocrx_word' id='word_1_520' title='bbox 326 4659 579 4713; x_wconf 85' lang='lat' dir='ltr'><strong>viderunt</strong></span> <span class='ocrx_word' id='word_1_521' title='bbox 616 4659 934 4728; x_wconf 85' lang='lat' dir='ltr'><strong>sanguinem</strong></span> <span class='ocrx_word' id='word_1_522' title='bbox 964 4656 1221 4729; x_wconf 87' lang='lat' dir='ltr'><strong>martyris</strong></span> <span class='ocrx_word' id='word_1_523' title='bbox 1242 4657 1314 4711; x_wconf 88' lang='lat' dir='ltr'><strong>ita</strong></span> <span class='ocrx_word' id='word_1_524' title='bbox 1342 4663 1634 4722; x_wconf 86' lang='lat' dir='ltr'><strong>recentem,</strong></span> <span class='ocrx_word' id='word_1_525' title='bbox 1660 4655 1752 4726; x_wconf 88' lang='lat' dir='ltr'><strong>qui</strong></span> <span class='ocrx_word' id='word_1_526' title='bbox 1778 4671 1916 4726; x_wconf 71' lang='lat' dir='ltr'><strong>prae-</strong></span> 
     </span>
    </p>
   </div>
   <div class='ocr_carea' id='block_1_76' title="bbox 329 4747 1916 4822">
    <p class='ocr_par' dir='ltr' id='par_1_76' title="bbox 329 4747 1916 4822">
     <span class='ocr_line' id='line_1_76' title="bbox 329 4747 1916 4822; baseline -0.002 -15"><span class='ocrx_word' id='word_1_527' title='bbox 329 4759 510 4807; x_wconf 89' lang='lat' dir='ltr'><strong>sentes</strong></span> <span class='ocrx_word' id='word_1_528' title='bbox 531 4759 706 4816; x_wconf 90' lang='lat' dir='ltr'><strong>erant,</strong></span> <span class='ocrx_word' id='word_1_529' title='bbox 737 4750 892 4822; x_wconf 89' lang='lat' dir='ltr'><strong>quasi</strong></span> <span class='ocrx_word' id='word_1_530' title='bbox 919 4751 1110 4806; x_wconf 87' lang='lat' dir='ltr'><strong>eodem</strong></span> <span class='ocrx_word' id='word_1_531' title='bbox 1137 4749 1223 4804; x_wconf 91' lang='lat' dir='ltr'><strong>die</strong></span> <span class='ocrx_word' id='word_1_532' title='bbox 1251 4749 1446 4804; x_wconf 80' lang='lat' dir='ltr'><strong>fuisset</strong></span> <span class='ocrx_word' id='word_1_533' title='bbox 1489 4747 1714 4804; x_wconf 74' lang='lat' dir='ltr'><strong>effusus.</strong></span> <span class='ocrx_word' id='word_1_534' title='bbox 1739 4748 1916 4820; x_wconf 88' lang='lat' dir='ltr'><strong>Caput</strong></span> 
     </span>
    </p>
   </div>
   <div class='ocr_carea' id='block_1_77' title="bbox 330 4839 1916 4913">
    <p class='ocr_par' dir='ltr' id='par_1_77' title="bbox 330 4839 1916 4913">
     <span class='ocr_line' id='line_1_77' title="bbox 330 4839 1916 4913; baseline -0.001 -15"><span class='ocrx_word' id='word_1_535' title='bbox 330 4839 494 4898; x_wconf 84' lang='lat' dir='ltr'><strong>etiam</strong></span> <span class='ocrx_word' id='word_1_536' title='bbox 523 4842 713 4913; x_wconf 86' lang='lat' dir='ltr'><strong>ipsius,</strong></span> <span class='ocrx_word' id='word_1_537' title='bbox 743 4843 886 4912; x_wconf 89' lang='lat' dir='ltr'><strong>quod</strong></span> <span class='ocrx_word' id='word_1_538' title='bbox 934 4843 1001 4896; x_wconf 92' lang='lat' dir='ltr'><strong>ab</strong></span> <span class='ocrx_word' id='word_1_539' title='bbox 1040 4841 1220 4912; x_wconf 92' lang='lat' dir='ltr'><strong>impiis</strong></span> <span class='ocrx_word' id='word_1_540' title='bbox 1267 4841 1444 4895; x_wconf 89' lang='lat' dir='ltr'><strong>fuerat</strong></span> <span class='ocrx_word' id='word_1_541' title='bbox 1483 4839 1809 4906; x_wconf 89' lang='lat' dir='ltr'><strong>abscissum,</strong></span> <span class='ocrx_word' id='word_1_542' title='bbox 1841 4842 1916 4896; x_wconf 91' lang='lat' dir='ltr'><strong>ita</strong></span> 
     </span>
    </p>
   </div>
   <div class='ocr_carea' id='block_1_78' title="bbox 332 4933 1966 5006">
    <p class='ocr_par' dir='ltr' id='par_1_78' title="bbox 332 4933 1966 5006">
     <span class='ocr_line' id='line_1_78' title="bbox 332 4933 1966 5006; baseline -0.002 -17"><span class='ocrx_word' id='word_1_543' title='bbox 332 4934 607 5005; x_wconf 88' lang='lat' dir='ltr'><strong>integrum</strong></span> <span class='ocrx_word' id='word_1_544' title='bbox 645 4944 807 5006; x_wconf 85' lang='lat' dir='ltr'><strong>atque</strong></span> <span class='ocrx_word' id='word_1_545' title='bbox 838 4935 1210 5006; x_wconf 91' lang='lat' dir='ltr'><strong>incorruptum</strong></span> <span class='ocrx_word' id='word_1_546' title='bbox 1236 4950 1359 4990; x_wconf 90' lang='lat' dir='ltr'><strong>cum</strong></span> <span class='ocrx_word' id='word_1_547' title='bbox 1401 4933 1611 5004; x_wconf 91' lang='lat' dir='ltr'><strong>capillis</strong></span> <span class='ocrx_word' id='word_1_548' title='bbox 1644 4934 1836 5005; x_wconf 89' lang='lat' dir='ltr'><strong>capitis</strong></span> <span class='ocrx_word' id='word_1_549' title='bbox 1863 4944 1918 4990; x_wconf 91' lang='lat' dir='ltr'><strong>et</strong></span> <span class='ocrx_word' id='word_1_550' title='bbox 1963 4982 1966 4986; x_wconf 90' lang='lat'><strong>.</strong></span> 
     </span>
    </p>
   </div>
   <div class='ocr_carea' id='block_1_79' title="bbox 329 5025 1963 5097">
    <p class='ocr_par' dir='ltr' id='par_1_79' title="bbox 329 5025 1963 5097">
     <span class='ocr_line' id='line_1_79' title="bbox 329 5025 1963 5097; baseline -0.003 -13"><span class='ocrx_word' id='word_1_551' title='bbox 329 5028 520 5093; x_wconf 88' lang='lat' dir='ltr'><strong>barba,</strong></span> <span class='ocrx_word' id='word_1_552' title='bbox 551 5035 611 5082; x_wconf 89' lang='lat' dir='ltr'><strong>ut</strong></span> <span class='ocrx_word' id='word_1_553' title='bbox 649 5029 925 5083; x_wconf 89' lang='lat' dir='ltr'><strong>videretur</strong></span> <span class='ocrx_word' id='word_1_554' title='bbox 949 5028 1138 5083; x_wconf 90' lang='lat' dir='ltr'><strong>eodem</strong></span> <span class='ocrx_word' id='word_1_555' title='bbox 1179 5035 1422 5097; x_wconf 87' lang='lat' dir='ltr'><strong>tempore</strong></span> <span class='ocrx_word' id='word_1_556' title='bbox 1462 5041 1572 5097; x_wconf 89' lang='lat' dir='ltr'><strong>quo</strong></span> <span class='ocrx_word' id='word_1_557' title='bbox 1610 5025 1913 5093; x_wconf 88' lang='lat' dir='ltr'><strong>levabatur,</strong></span> <span class='ocrx_word' id='word_1_558' title='bbox 1960 5052 1963 5054; x_wconf 93' lang='lat'><em>-</em></span> 
     </span>
    </p>
   </div>
   <div class='ocr_carea' id='block_1_80' title="bbox 331 5120 1918 5192">
    <p class='ocr_par' dir='ltr' id='par_1_80' title="bbox 331 5120 1918 5192">
     <span class='ocr_line' id='line_1_80' title="bbox 331 5120 1918 5192; baseline -0.001 -16"><span class='ocrx_word' id='word_1_559' title='bbox 331 5121 500 5177; x_wconf 91' lang='lat' dir='ltr'><strong>lotum</strong></span> <span class='ocrx_word' id='word_1_560' title='bbox 532 5130 693 5191; x_wconf 89' lang='lat' dir='ltr'><strong>atque</strong></span> <span class='ocrx_word' id='word_1_561' title='bbox 733 5123 1091 5192; x_wconf 90' lang='lat' dir='ltr'><strong>compositum</strong></span> <span class='ocrx_word' id='word_1_562' title='bbox 1129 5121 1183 5175; x_wconf 90' lang='lat' dir='ltr'><strong>in</strong></span> <span class='ocrx_word' id='word_1_563' title='bbox 1230 5120 1480 5191; x_wconf 89' lang='lat' dir='ltr'><strong>sepulcro</strong></span> <span class='ocrx_word' id='word_1_564' title='bbox 1510 5139 1523 5174; x_wconf 94' lang='lat'>:</span> <span class='ocrx_word' id='word_1_565' title='bbox 1550 5120 1715 5175; x_wconf 91' lang='lat' dir='ltr'><strong>etiam</strong></span> <span class='ocrx_word' id='word_1_566' title='bbox 1750 5121 1918 5175; x_wconf 88' lang='lat' dir='ltr'><strong>odore</strong></span> 
     </span>
    </p>
   </div>
   <div class='ocr_carea' id='block_1_81' title="bbox 333 5213 1920 5286">
    <p class='ocr_par' dir='ltr' id='par_1_81' title="bbox 333 5213 1920 5286">
     <span class='ocr_line' id='line_1_81' title="bbox 333 5213 1920 5286; baseline -0.003 -15"><span class='ocrx_word' id='word_1_567' title='bbox 333 5223 486 5272; x_wconf 89' lang='lat' dir='ltr'><strong>tanto</strong></span> <span class='ocrx_word' id='word_1_568' title='bbox 504 5214 694 5286; x_wconf 89' lang='lat' dir='ltr'><strong>repleti</strong></span> <span class='ocrx_word' id='word_1_569' title='bbox 744 5223 888 5279; x_wconf 91' lang='lat' dir='ltr'><strong>sunt,</strong></span> <span class='ocrx_word' id='word_1_570' title='bbox 941 5222 1004 5268; x_wconf 90' lang='lat' dir='ltr'><strong>ut</strong></span> <span class='ocrx_word' id='word_1_571' title='bbox 1043 5215 1285 5268; x_wconf 90' lang='lat' dir='ltr'><strong>omnium</strong></span> <span class='ocrx_word' id='word_1_572' title='bbox 1324 5221 1626 5269; x_wconf 88' lang='lat' dir='ltr'><strong>aromatum</strong></span> <span class='ocrx_word' id='word_1_573' title='bbox 1674 5213 1920 5268; x_wconf 90' lang='lat' dir='ltr'><strong>vinceret</strong></span> 
     </span>
    </p>
   </div>
   <div class='ocr_carea' id='block_1_82' title="bbox 333 5305 1922 5378">
    <p class='ocr_par' dir='ltr' id='par_1_82' title="bbox 333 5305 1922 5378">
     <span class='ocr_line' id='line_1_82' title="bbox 333 5305 1922 5378; baseline -0.004 -14"><span class='ocrx_word' id='word_1_574' title='bbox 333 5308 693 5365; x_wconf 85' lang='lat' dir='ltr'><strong>suavitatem:</strong></span> <span class='ocrx_word' id='word_1_575' title='bbox 724 5321 833 5378; x_wconf 89' lang='lat' dir='ltr'><strong>quo</strong></span> <span class='ocrx_word' id='word_1_576' title='bbox 867 5305 1043 5361; x_wconf 90' lang='lat' dir='ltr'><strong>levato</strong></span> <span class='ocrx_word' id='word_1_577' title='bbox 1065 5313 1120 5359; x_wconf 89' lang='lat' dir='ltr'><strong>et</strong></span> <span class='ocrx_word' id='word_1_578' title='bbox 1150 5306 1204 5358; x_wconf 95' lang='lat' dir='ltr'><strong>in</strong></span> <span class='ocrx_word' id='word_1_579' title='bbox 1241 5305 1431 5360; x_wconf 89' lang='lat' dir='ltr'><strong>lectica</strong></span> <span class='ocrx_word' id='word_1_580' title='bbox 1469 5305 1922 5374; x_wconf 87' lang='lat' dir='ltr'><strong>composito,sta-</strong></span> 
     </span>
    </p>
   </div>
   <div class='ocr_carea' id='block_1_83' title="bbox 333 5397 1918 5468">
    <p class='ocr_par' dir='ltr' id='par_1_83' title="bbox 333 5397 1918 5468">
     <span class='ocr_line' id='line_1_83' title="bbox 333 5397 1918 5468; baseline -0.004 -12"><span class='ocrx_word' id='word_1_581' title='bbox 333 5401 432 5458; x_wconf 91' lang='lat' dir='ltr'><strong>tim</strong></span> <span class='ocrx_word' id='word_1_582' title='bbox 468 5401 536 5455; x_wconf 91' lang='lat' dir='ltr'><strong>ad</strong></span> <span class='ocrx_word' id='word_1_583' title='bbox 562 5408 808 5455; x_wconf 89' lang='lat' dir='ltr'><strong>sanctum</strong></span> <span class='ocrx_word' id='word_1_584' title='bbox 861 5398 1079 5454; x_wconf 82' lang='lat' dir='ltr'><strong>Celsum</strong></span> <span class='ocrx_word' id='word_1_585' title='bbox 1120 5405 1435 5468; x_wconf 86' lang='lat' dir='ltr'><strong>martyrem,</strong></span> <span class='ocrx_word' id='word_1_586' title='bbox 1479 5397 1571 5466; x_wconf 92' lang='lat' dir='ltr'><strong>qui</strong></span> <span class='ocrx_word' id='word_1_587' title='bbox 1619 5398 1672 5451; x_wconf 92' lang='lat' dir='ltr'><strong>in</strong></span> <span class='ocrx_word' id='word_1_588' title='bbox 1729 5398 1918 5452; x_wconf 89' lang='lat' dir='ltr'><strong>eodem</strong></span> 
     </span>
    </p>
   </div>
   <div class='ocr_carea' id='block_1_84' title="bbox 333 5490 1922 5566">
    <p class='ocr_par' dir='ltr' id='par_1_84' title="bbox 333 5490 1922 5566">
     <span class='ocr_line' id='line_1_84' title="bbox 333 5490 1922 5566; baseline -0.003 -16"><span class='ocrx_word' id='word_1_589' title='bbox 333 5496 494 5551; x_wconf 89' lang='lat' dir='ltr'><strong>horto</strong></span> <span class='ocrx_word' id='word_1_590' title='bbox 523 5495 731 5566; x_wconf 90' lang='lat' dir='ltr'><strong>positus</strong></span> <span class='ocrx_word' id='word_1_591' title='bbox 759 5504 899 5556; x_wconf 89' lang='lat' dir='ltr'><strong>erat,</strong></span> <span class='ocrx_word' id='word_1_592' title='bbox 950 5492 1015 5546; x_wconf 91' lang='lat' dir='ltr'><strong>ad</strong></span> <span class='ocrx_word' id='word_1_593' title='bbox 1063 5491 1368 5546; x_wconf 88' lang='lat' dir='ltr'><strong>orationem</strong></span> <span class='ocrx_word' id='word_1_594' title='bbox 1415 5490 1656 5560; x_wconf 85' lang='lat' dir='ltr'><strong>perrexit</strong></span> <span class='ocrx_word' id='word_1_595' title='bbox 1701 5499 1922 5546; x_wconf 89' lang='lat' dir='ltr'><strong>sanctus</strong></span> 
     </span>
    </p>
   </div>
   <div class='ocr_carea' id='block_1_85' title="bbox 335 5580 1924 5656">
    <p class='ocr_par' dir='ltr' id='par_1_85' title="bbox 335 5580 1924 5656">
     <span class='ocr_line' id='line_1_85' title="bbox 335 5580 1924 5656; baseline -0.004 -15"><span class='ocrx_word' id='word_1_596' title='bbox 335 5587 639 5656; x_wconf 88' lang='lat' dir='ltr'><strong>episcopus,</strong></span> <span class='ocrx_word' id='word_1_597' title='bbox 669 5591 726 5640; x_wconf 92' lang='lat' dir='ltr'><strong>et</strong></span> <span class='ocrx_word' id='word_1_598' title='bbox 751 5591 1041 5652; x_wconf 90' lang='lat' dir='ltr'><strong>utrumque</strong></span> <span class='ocrx_word' id='word_1_599' title='bbox 1071 5581 1344 5635; x_wconf 88' lang='lat' dir='ltr'><strong>transtulit</strong></span> <span class='ocrx_word' id='word_1_600' title='bbox 1374 5580 1440 5635; x_wconf 88' lang='lat' dir='ltr'><strong>ad</strong></span> <span class='ocrx_word' id='word_1_601' title='bbox 1465 5581 1747 5635; x_wconf 89' lang='lat' dir='ltr'><strong>basilicam</strong></span> <span class='ocrx_word' id='word_1_602' title='bbox 1785 5581 1924 5653; x_wconf 91' lang='lat' dir='ltr'><strong>Apo-</strong></span> 
     </span>
    </p>
   </div>
   <div class='ocr_carea' id='block_1_86' title="bbox 337 5673 1922 5748">
    <p class='ocr_par' dir='ltr' id='par_1_86' title="bbox 337 5673 1922 5748">
     <span class='ocr_line' id='line_1_86' title="bbox 337 5673 1922 5748; baseline -0.004 -13"><span class='ocrx_word' id='word_1_603' title='bbox 337 5679 600 5735; x_wconf 89' lang='lat' dir='ltr'><strong>stolorum</strong></span> <span class='ocrx_word' id='word_1_604' title='bbox 644 5692 764 5748; x_wconf 64' lang='lat' dir='ltr'><strong>quae</strong></span> <span class='ocrx_word' id='word_1_605' title='bbox 815 5685 901 5730; x_wconf 89' lang='lat' dir='ltr'><strong>est</strong></span> <span class='ocrx_word' id='word_1_606' title='bbox 952 5675 1004 5728; x_wconf 94' lang='lat' dir='ltr'><strong>in</strong></span> <span class='ocrx_word' id='word_1_607' title='bbox 1058 5675 1321 5729; x_wconf 80' lang='lat' dir='ltr'><strong>Romana.</strong></span> <span class='ocrx_word' id='word_1_608' title='bbox 1380 5673 1588 5728; x_wconf 87' lang='lat' dir='ltr'><strong>Inventi</strong></span> <span class='ocrx_word' id='word_1_609' title='bbox 1626 5683 1805 5728; x_wconf 88' lang='lat' dir='ltr'><strong>autem</strong></span> <span class='ocrx_word' id='word_1_610' title='bbox 1867 5683 1922 5729; x_wconf 93' lang='lat' dir='ltr'><strong>et</strong></span> 
     </span>
    </p>
   </div>
   <div class='ocr_carea' id='block_1_87' title="bbox 339 5765 1922 5838">
    <p class='ocr_par' dir='ltr' id='par_1_87' title="bbox 339 5765 1922 5838">
     <span class='ocr_line' id='line_1_87' title="bbox 339 5765 1922 5838; baseline -0.004 -11"><span class='ocrx_word' id='word_1_611' title='bbox 339 5770 589 5827; x_wconf 88' lang='lat' dir='ltr'><strong>translati</strong></span> <span class='ocrx_word' id='word_1_612' title='bbox 619 5777 744 5823; x_wconf 90' lang='lat' dir='ltr'><strong>sunt</strong></span> <span class='ocrx_word' id='word_1_613' title='bbox 765 5767 936 5838; x_wconf 90' lang='lat' dir='ltr'><strong>pridie</strong></span> <span class='ocrx_word' id='word_1_614' title='bbox 965 5766 1088 5821; x_wconf 88' lang='lat' dir='ltr'><strong>ldus</strong></span> <span class='ocrx_word' id='word_1_615' title='bbox 1112 5765 1316 5821; x_wconf 76' lang='lat' dir='ltr'><strong>lunias.</strong></span> <span class='ocrx_word' id='word_1_616' title='bbox 1355 5765 1646 5822; x_wconf 86' lang='lat' dir='ltr'><strong>Festivitas</strong></span> <span class='ocrx_word' id='word_1_617' title='bbox 1679 5780 1808 5821; x_wconf 89' lang='lat' dir='ltr'><strong>vero</strong></span> <span class='ocrx_word' id='word_1_618' title='bbox 1831 5780 1922 5820; x_wconf 86' lang='lat' dir='ltr'><strong>eo-</strong></span> 
     </span>
    </p>
   </div>
   <div class='ocr_carea' id='block_1_88' title="bbox 340 5855 1917 5931">
    <p class='ocr_par' dir='ltr' id='par_1_88' title="bbox 340 5855 1917 5931">
     <span class='ocr_line' id='line_1_88' title="bbox 340 5855 1917 5931; baseline -0.003 -15"><span class='ocrx_word' id='word_1_619' title='bbox 340 5876 462 5917; x_wconf 85' lang='lat' dir='ltr'><strong>rum</strong></span> <span class='ocrx_word' id='word_1_620' title='bbox 494 5861 558 5915; x_wconf 88' lang='lat' dir='ltr'><strong>de</strong></span> <span class='ocrx_word' id='word_1_621' title='bbox 595 5859 854 5931; x_wconf 86' lang='lat' dir='ltr'><strong>martyrio</strong></span> <span class='ocrx_word' id='word_1_622' title='bbox 893 5857 1071 5928; x_wconf 87' lang='lat' dir='ltr'><strong>agitur</strong></span> <span class='ocrx_word' id='word_1_623' title='bbox 1119 5857 1306 5927; x_wconf 86' lang='lat' dir='ltr'><strong>quinto</strong></span> <span class='ocrx_word' id='word_1_624' title='bbox 1358 5855 1626 5912; x_wconf 87' lang='lat' dir='ltr'><strong>Kalendas</strong></span> <span class='ocrx_word' id='word_1_625' title='bbox 1669 5855 1917 5926; x_wconf 79' lang='lat' dir='ltr'><strong>Augusti.</strong></span> 
     </span>
    </p>
   </div>
   <div class='ocr_carea' id='block_1_89' title="bbox 337 5948 1920 6022">
    <p class='ocr_par' dir='ltr' id='par_1_89' title="bbox 337 5948 1920 6022">
     <span class='ocr_line' id='line_1_89' title="bbox 337 5948 1920 6022; baseline -0.006 -8"><span class='ocrx_word' id='word_1_626' title='bbox 337 5952 800 6014; x_wconf 84' lang='lat' dir='ltr'><strong>Commemoratio</strong></span> <span class='ocrx_word' id='word_1_627' title='bbox 828 5957 1010 6010; x_wconf 87' lang='lat' dir='ltr'><strong>tamen</strong></span> <span class='ocrx_word' id='word_1_628' title='bbox 1040 5965 1228 6008; x_wconf 89' lang='lat' dir='ltr'><strong>eorum</strong></span> <span class='ocrx_word' id='word_1_629' title='bbox 1249 5949 1460 6022; x_wconf 90' lang='lat' dir='ltr'><strong>publica</strong></span> <span class='ocrx_word' id='word_1_630' title='bbox 1492 5957 1546 6006; x_wconf 92' lang='lat' dir='ltr'><strong>et</strong></span> <span class='ocrx_word' id='word_1_631' title='bbox 1566 5948 1920 6007; x_wconf 86' lang='lat' dir='ltr'><strong>celeberrima</strong></span> 
     </span>
    </p>
   </div>
   <div class='ocr_carea' id='block_1_90' title="bbox 2015 3457 3614 3529">
    <p class='ocr_par' dir='ltr' id='par_1_90' title="bbox 2015 3457 3614 3529">
     <span class='ocr_line' id='line_1_90' title="bbox 2015 3457 3614 3529; baseline -0.001 -17"><span class='ocrx_word' id='word_1_632' title='bbox 2015 3457 2329 3528; x_wconf 88' lang='lat' dir='ltr'><strong>incorrupta</strong></span> <span class='ocrx_word' id='word_1_633' title='bbox 2358 3473 2586 3529; x_wconf 91' lang='lat' dir='ltr'><strong>corpora</strong></span> <span class='ocrx_word' id='word_1_634' title='bbox 2617 3473 2828 3526; x_wconf 90' lang='lat' dir='ltr'><strong>eorum,</strong></span> <span class='ocrx_word' id='word_1_635' title='bbox 2858 3475 2923 3516; x_wconf 89' lang='lat' dir='ltr'><strong>ac</strong></span> <span class='ocrx_word' id='word_1_636' title='bbox 2963 3460 3009 3515; x_wconf 91' lang='lat' dir='ltr'><strong>si</strong></span> <span class='ocrx_word' id='word_1_637' title='bbox 3052 3460 3242 3517; x_wconf 91' lang='lat' dir='ltr'><strong>eodem</strong></span> <span class='ocrx_word' id='word_1_638' title='bbox 3267 3461 3354 3516; x_wconf 90' lang='lat' dir='ltr'><strong>die</strong></span> <span class='ocrx_word' id='word_1_639' title='bbox 3380 3458 3614 3514; x_wconf 87' lang='lat' dir='ltr'><strong>fuissent</strong></span> 
     </span>
    </p>
   </div>
   <div class='ocr_carea' id='block_1_91' title="bbox 2015 3549 3611 3620">
    <p class='ocr_par' dir='ltr' id='par_1_91' title="bbox 2015 3549 3611 3620">
     <span class='ocr_line' id='line_1_91' title="bbox 2015 3549 3611 3620; baseline 0.003 -18"><span class='ocrx_word' id='word_1_640' title='bbox 2015 3549 2351 3620; x_wconf 89' lang='lat' dir='ltr'><strong>interempti.</strong></span> <span class='ocrx_word' id='word_1_641' title='bbox 2409 3550 2539 3617; x_wconf 68' lang='lat' dir='ltr'><strong>Quae</strong></span> <span class='ocrx_word' id='word_1_642' title='bbox 2590 3566 2715 3606; x_wconf 91' lang='lat' dir='ltr'><strong>cum</strong></span> <span class='ocrx_word' id='word_1_643' title='bbox 2762 3551 2818 3608; x_wconf 93' lang='lat' dir='ltr'><strong>in</strong></span> <span class='ocrx_word' id='word_1_644' title='bbox 2872 3553 3065 3608; x_wconf 89' lang='lat' dir='ltr'><strong>urbem</strong></span> <span class='ocrx_word' id='word_1_645' title='bbox 3110 3552 3611 3618; x_wconf 88' lang='lat' dir='ltr'><strong>introducerentur,</strong></span> 
     </span>
    </p>
   </div>
   <div class='ocr_carea' id='block_1_92' title="bbox 2015 3642 3420 3716">
    <p class='ocr_par' dir='ltr' id='par_1_92' title="bbox 2015 3642 3420 3716">
     <span class='ocr_line' id='line_1_92' title="bbox 2015 3642 3420 3716; baseline 0.003 -20"><span class='ocrx_word' id='word_1_646' title='bbox 2015 3643 2234 3713; x_wconf 89' lang='lat' dir='ltr'><strong>quidam</strong></span> <span class='ocrx_word' id='word_1_647' title='bbox 2267 3643 2355 3697; x_wconf 87' lang='lat' dir='ltr'><strong>diu</strong></span> <span class='ocrx_word' id='word_1_648' title='bbox 2395 3659 2570 3699; x_wconf 65' lang='lat' dir='ltr'><strong>aecus</strong></span> <span class='ocrx_word' id='word_1_649' title='bbox 2592 3642 2778 3700; x_wconf 85' lang='lat' dir='ltr'><strong>feretri</strong></span> <span class='ocrx_word' id='word_1_650' title='bbox 2811 3654 2957 3700; x_wconf 90' lang='lat' dir='ltr'><strong>tactu</strong></span> <span class='ocrx_word' id='word_1_651' title='bbox 2983 3644 3164 3701; x_wconf 87' lang='lat' dir='ltr'><strong>lumen</strong></span> <span class='ocrx_word' id='word_1_652' title='bbox 3193 3645 3420 3716; x_wconf 90' lang='lat' dir='ltr'><strong>recepit.</strong></span> 
     </span>
    </p>
   </div>
   <div class='ocr_carea' id='block_1_93' title="bbox 2089 3734 3614 3809">
    <p class='ocr_par' dir='ltr' id='par_1_93' title="bbox 2089 3734 3614 3809">
     <span class='ocr_line' id='line_1_93' title="bbox 2089 3734 3614 3809; baseline 0.003 -20"><span class='ocrx_word' id='word_1_653' title='bbox 2089 3735 2220 3791; x_wconf 87' lang='lat' dir='ltr'><strong>Item</strong></span> <span class='ocrx_word' id='word_1_654' title='bbox 2249 3736 2467 3801; x_wconf 84' lang='lat' dir='ltr'><strong>ibidem,</strong></span> <span class='ocrx_word' id='word_1_655' title='bbox 2502 3734 2658 3804; x_wconf 75' lang='lat' dir='ltr'><strong>juxta</strong></span> <span class='ocrx_word' id='word_1_656' title='bbox 2705 3736 3146 3809; x_wconf 86' lang='lat' dir='ltr'><strong>Martyrologium</strong></span> <span class='ocrx_word' id='word_1_657' title='bbox 3195 3738 3369 3793; x_wconf 90' lang='lat' dir='ltr'><strong>sancti</strong></span> <span class='ocrx_word' id='word_1_658' title='bbox 3422 3736 3614 3794; x_wconf 82' lang='lat' dir='ltr'><strong>Hiero-</strong></span> 
     </span>
    </p>
   </div>
   <div class='ocr_carea' id='block_1_94' title="bbox 2014 3827 3396 3900">
    <p class='ocr_par' dir='ltr' id='par_1_94' title="bbox 2014 3827 3396 3900">
     <span class='ocr_line' id='line_1_94' title="bbox 2014 3827 3396 3900; baseline 0.001 -17"><span class='ocrx_word' id='word_1_659' title='bbox 2014 3829 2186 3900; x_wconf 91' lang='lat' dir='ltr'><strong>nymi,</strong></span> <span class='ocrx_word' id='word_1_660' title='bbox 2228 3828 2485 3883; x_wconf 87' lang='lat' dir='ltr'><strong>nativitas</strong></span> <span class='ocrx_word' id='word_1_661' title='bbox 2511 3829 2684 3884; x_wconf 89' lang='lat' dir='ltr'><strong>sancti</strong></span> <span class='ocrx_word' id='word_1_662' title='bbox 2712 3827 2925 3884; x_wconf 85' lang='lat' dir='ltr'><strong>Nazarii</strong></span> <span class='ocrx_word' id='word_1_663' title='bbox 2956 3839 3010 3882; x_wconf 89' lang='lat' dir='ltr'><strong>et</strong></span> <span class='ocrx_word' id='word_1_664' title='bbox 3036 3828 3182 3884; x_wconf 90' lang='lat' dir='ltr'><strong>Celsi</strong></span> <span class='ocrx_word' id='word_1_665' title='bbox 3221 3829 3396 3900; x_wconf 84' lang='lat' dir='ltr'><strong>pueri.</strong></span> 
     </span>
    </p>
   </div>
   <div class='ocr_carea' id='block_1_95' title="bbox 2088 3921 3616 3996">
    <p class='ocr_par' dir='ltr' id='par_1_95' title="bbox 2088 3921 3616 3996">
     <span class='ocr_line' id='line_1_95' title="bbox 2088 3921 3616 3996; baseline 0.002 -20"><span class='ocrx_word' id='word_1_666' title='bbox 2088 3921 2243 3991; x_wconf 85' lang='lat' dir='ltr'><strong>Apud</strong></span> <span class='ocrx_word' id='word_1_667' title='bbox 2273 3921 2586 3978; x_wconf 84' lang='lat' dir='ltr'><strong>Ravennam</strong></span> <span class='ocrx_word' id='word_1_668' title='bbox 2614 3923 2786 3977; x_wconf 90' lang='lat' dir='ltr'><strong>sancti</strong></span> <span class='ocrx_word' id='word_1_669' title='bbox 2815 3922 3054 3979; x_wconf 89' lang='lat' dir='ltr'><strong>Ursicini</strong></span> <span class='ocrx_word' id='word_1_670' title='bbox 3086 3924 3364 3996; x_wconf 88' lang='lat' dir='ltr'><strong>martyris,</strong></span> <span class='ocrx_word' id='word_1_671' title='bbox 3391 3924 3484 3994; x_wconf 90' lang='lat' dir='ltr'><strong>qui</strong></span> <span class='ocrx_word' id='word_1_672' title='bbox 3513 3923 3616 3980; x_wconf 87' lang='lat' dir='ltr'><strong>sub</strong></span> 
     </span>
    </p>
   </div>
   <div class='ocr_carea' id='block_1_96' title="bbox 2010 4013 3618 4086">
    <p class='ocr_par' dir='ltr' id='par_1_96' title="bbox 2010 4013 3618 4086">
     <span class='ocr_line' id='line_1_96' title="bbox 2010 4013 3618 4086; baseline 0.002 -18"><span class='ocrx_word' id='word_1_673' title='bbox 2010 4015 2195 4086; x_wconf 90' lang='lat' dir='ltr'><strong>judice</strong></span> <span class='ocrx_word' id='word_1_674' title='bbox 2223 4013 2452 4069; x_wconf 84' lang='lat' dir='ltr'><strong>Paulino</strong></span> <span class='ocrx_word' id='word_1_675' title='bbox 2500 4022 2624 4084; x_wconf 90' lang='lat' dir='ltr'><strong>post</strong></span> <span class='ocrx_word' id='word_1_676' title='bbox 2666 4015 2832 4070; x_wconf 87' lang='lat' dir='ltr'><strong>nimia</strong></span> <span class='ocrx_word' id='word_1_677' title='bbox 2879 4024 3149 4072; x_wconf 86' lang='lat' dir='ltr'><strong>tormenta</strong></span> <span class='ocrx_word' id='word_1_678' title='bbox 3191 4015 3246 4071; x_wconf 86' lang='lat' dir='ltr'><strong>in</strong></span> <span class='ocrx_word' id='word_1_679' title='bbox 3277 4015 3618 4072; x_wconf 86' lang='lat' dir='ltr'><strong>confessione</strong></span> 
     </span>
    </p>
   </div>
   <div class='ocr_carea' id='block_1_97' title="bbox 2019 4106 3617 4178">
    <p class='ocr_par' dir='ltr' id='par_1_97' title="bbox 2019 4106 3617 4178">
     <span class='ocr_line' id='line_1_97' title="bbox 2019 4106 3617 4178; baseline -0.001 -15"><span class='ocrx_word' id='word_1_680' title='bbox 2019 4107 2233 4164; x_wconf 91' lang='lat' dir='ltr'><strong>Domini</strong></span> <span class='ocrx_word' id='word_1_681' title='bbox 2282 4107 2573 4162; x_wconf 90' lang='lat' dir='ltr'><strong>immobilis</strong></span> <span class='ocrx_word' id='word_1_682' title='bbox 2628 4123 2972 4177; x_wconf 90' lang='lat' dir='ltr'><strong>permanens,</strong></span> <span class='ocrx_word' id='word_1_683' title='bbox 3028 4107 3222 4178; x_wconf 88' lang='lat' dir='ltr'><strong>capitis</strong></span> <span class='ocrx_word' id='word_1_684' title='bbox 3280 4106 3617 4163; x_wconf 88' lang='lat' dir='ltr'><strong>abscissione</strong></span> 
     </span>
    </p>
   </div>
   <div class='ocr_carea' id='block_1_98' title="bbox 2020 4198 3612 4272">
    <p class='ocr_par' dir='ltr' id='par_1_98' title="bbox 2020 4198 3612 4272">
     <span class='ocr_line' id='line_1_98' title="bbox 2020 4198 3612 4272; baseline -0.003 -17"><span class='ocrx_word' id='word_1_685' title='bbox 2020 4201 2342 4272; x_wconf 87' lang='lat' dir='ltr'><strong>martyrium</strong></span> <span class='ocrx_word' id='word_1_686' title='bbox 2389 4200 2788 4255; x_wconf 88' lang='lat' dir='ltr'><strong>consummavit</strong></span> <span class='ocrx_word' id='word_1_687' title='bbox 2817 4199 3169 4270; x_wconf 87' lang='lat' dir='ltr'><strong>sepultusque</strong></span> <span class='ocrx_word' id='word_1_688' title='bbox 3195 4207 3279 4254; x_wconf 90' lang='lat' dir='ltr'><strong>est</strong></span> <span class='ocrx_word' id='word_1_689' title='bbox 3327 4198 3379 4252; x_wconf 91' lang='lat' dir='ltr'><strong>in</strong></span> <span class='ocrx_word' id='word_1_690' title='bbox 3421 4199 3612 4252; x_wconf 88' lang='lat' dir='ltr'><strong>eadem</strong></span> 
     </span>
    </p>
   </div>
   <div class='ocr_carea' id='block_1_99' title="bbox 2018 4287 3615 4360">
    <p class='ocr_par' dir='ltr' id='par_1_99' title="bbox 2018 4287 3615 4360">
     <span class='ocr_line' id='line_1_99' title="bbox 2018 4287 3615 4360; baseline -0.004 -13"><span class='ocrx_word' id='word_1_691' title='bbox 2018 4293 2154 4348; x_wconf 88' lang='lat' dir='ltr'><strong>urbe</strong></span> <span class='ocrx_word' id='word_1_692' title='bbox 2193 4308 2224 4346; x_wconf 91' lang='lat' dir='ltr'><strong>a</strong></span> <span class='ocrx_word' id='word_1_693' title='bbox 2263 4293 2423 4349; x_wconf 86' lang='lat' dir='ltr'><strong>beato</strong></span> <span class='ocrx_word' id='word_1_694' title='bbox 2449 4291 2648 4358; x_wconf 79' lang='lat' dir='ltr'><strong>Vitale,</strong></span> <span class='ocrx_word' id='word_1_695' title='bbox 2695 4300 2852 4360; x_wconf 89' lang='lat' dir='ltr'><strong>patre</strong></span> <span class='ocrx_word' id='word_1_696' title='bbox 2901 4300 3217 4347; x_wconf 86' lang='lat' dir='ltr'><strong>sanctorum</strong></span> <span class='ocrx_word' id='word_1_697' title='bbox 3263 4287 3512 4344; x_wconf 85' lang='lat' dir='ltr'><strong>Gervasii</strong></span> <span class='ocrx_word' id='word_1_698' title='bbox 3557 4298 3615 4345; x_wconf 82' lang='lat' dir='ltr'><strong>et</strong></span> 
     </span>
    </p>
   </div>
   <div class='ocr_carea' id='block_1_100' title="bbox 2020 4384 2274 4440">
    <p class='ocr_par' dir='ltr' id='par_1_100' title="bbox 2020 4384 2274 4440">
     <span class='ocr_line' id='line_1_100' title="bbox 2020 4384 2274 4440; baseline -0.012 0"><span class='ocrx_word' id='word_1_699' title='bbox 2020 4384 2274 4440; x_wconf 89' lang='lat' dir='ltr'><strong>Protasii.</strong></span> 
     </span>
    </p>
   </div>
   <div class='ocr_carea' id='block_1_101' title="bbox 2094 4470 3614 4546">
    <p class='ocr_par' dir='ltr' id='par_1_101' title="bbox 2094 4470 3614 4546">
     <span class='ocr_line' id='line_1_101' title="bbox 2094 4470 3614 4546; baseline -0.002 -18"><span class='ocrx_word' id='word_1_700' title='bbox 2094 4475 2280 4530; x_wconf 80' lang='lat' dir='ltr'><strong>Romae</strong></span> <span class='ocrx_word' id='word_1_701' title='bbox 2311 4473 2574 4546; x_wconf 89' lang='lat' dir='ltr'><strong>Sylvestri</strong></span> <span class='ocrx_word' id='word_1_702' title='bbox 2600 4487 2771 4544; x_wconf 76' lang='lat' dir='ltr'><strong>papae,</strong></span> <span class='ocrx_word' id='word_1_703' title='bbox 2800 4474 2892 4543; x_wconf 89' lang='lat' dir='ltr'><strong>qui</strong></span> <span class='ocrx_word' id='word_1_704' title='bbox 2928 4473 3068 4528; x_wconf 88' lang='lat' dir='ltr'><strong>sedit</strong></span> <span class='ocrx_word' id='word_1_705' title='bbox 3107 4486 3250 4528; x_wconf 92' lang='lat' dir='ltr'><strong>anno</strong></span> <span class='ocrx_word' id='word_1_706' title='bbox 3302 4485 3431 4527; x_wconf 90' lang='lat' dir='ltr'><strong>uno.</strong></span> <span class='ocrx_word' id='word_1_707' title='bbox 3485 4470 3614 4538; x_wconf 91' lang='lat' dir='ltr'><strong>Qui,</strong></span> 
     </span>
    </p>
   </div>
   <div class='ocr_carea' id='block_1_102' title="bbox 2021 4560 3611 4636">
    <p class='ocr_par' dir='ltr' id='par_1_102' title="bbox 2021 4560 3611 4636">
     <span class='ocr_line' id='line_1_102' title="bbox 2021 4560 3611 4636; baseline -0.003 -15"><span class='ocrx_word' id='word_1_708' title='bbox 2021 4566 2395 4622; x_wconf 88' lang='lat' dir='ltr'><strong>consentiente</strong></span> <span class='ocrx_word' id='word_1_709' title='bbox 2420 4563 2723 4620; x_wconf 72' lang='lat' dir='ltr'><strong>Iustiniano</strong></span> <span class='ocrx_word' id='word_1_710' title='bbox 2751 4564 3096 4634; x_wconf 90' lang='lat' dir='ltr'><strong>imperatore,</strong></span> <span class='ocrx_word' id='word_1_711' title='bbox 3127 4578 3159 4617; x_wconf 90' lang='lat' dir='ltr'><strong>a</strong></span> <span class='ocrx_word' id='word_1_712' title='bbox 3189 4562 3446 4618; x_wconf 81' lang='lat' dir='ltr'><strong>Vilisario</strong></span> <span class='ocrx_word' id='word_1_713' title='bbox 3482 4560 3611 4636; x_wconf 86' lang='lat' dir='ltr'><strong>[Be-</strong></span> 
     </span>
    </p>
   </div>
   <div class='ocr_carea' id='block_1_103' title="bbox 2021 4655 3617 4729">
    <p class='ocr_par' dir='ltr' id='par_1_103' title="bbox 2021 4655 3617 4729">
     <span class='ocr_line' id='line_1_103' title="bbox 2021 4655 3617 4729; baseline 0 -15"><span class='ocrx_word' id='word_1_714' title='bbox 2021 4655 2228 4729; x_wconf 86' lang='lat' dir='ltr'><strong>lisario]</strong></span> <span class='ocrx_word' id='word_1_715' title='bbox 2273 4658 2501 4728; x_wconf 88' lang='lat' dir='ltr'><strong>patricio</strong></span> <span class='ocrx_word' id='word_1_716' title='bbox 2545 4657 2845 4727; x_wconf 87' lang='lat' dir='ltr'><strong>depositus,</strong></span> <span class='ocrx_word' id='word_1_717' title='bbox 2884 4667 2940 4713; x_wconf 89' lang='lat' dir='ltr'><strong>et</strong></span> <span class='ocrx_word' id='word_1_718' title='bbox 2968 4657 3268 4715; x_wconf 86' lang='lat' dir='ltr'><strong>monachus</strong></span> <span class='ocrx_word' id='word_1_719' title='bbox 3314 4655 3511 4725; x_wconf 81' lang='lat' dir='ltr'><strong>factus,</strong></span> <span class='ocrx_word' id='word_1_720' title='bbox 3560 4658 3617 4714; x_wconf 90' lang='lat' dir='ltr'><strong>in</strong></span> 
     </span>
    </p>
   </div>
   <div class='ocr_carea' id='block_1_104' title="bbox 2027 4751 2800 4809">
    <p class='ocr_par' dir='ltr' id='par_1_104' title="bbox 2027 4751 2800 4809">
     <span class='ocr_line' id='line_1_104' title="bbox 2027 4751 2800 4809; baseline -0.006 -1"><span class='ocrx_word' id='word_1_721' title='bbox 2027 4751 2218 4809; x_wconf 84' lang='lat' dir='ltr'><strong>exsilio</strong></span> <span class='ocrx_word' id='word_1_722' title='bbox 2245 4751 2525 4806; x_wconf 88' lang='lat' dir='ltr'><strong>confessor</strong></span> <span class='ocrx_word' id='word_1_723' title='bbox 2552 4751 2800 4805; x_wconf 88' lang='lat' dir='ltr'><strong>moritur.</strong></span> 
     </span>
    </p>
   </div>
   <div class='ocr_carea' id='block_1_105' title="bbox 2100 4841 3616 4912">
    <p class='ocr_par' dir='ltr' id='par_1_105' title="bbox 2100 4841 3616 4912">
     <span class='ocr_line' id='line_1_105' title="bbox 2100 4841 3616 4912; baseline 0 -14"><span class='ocrx_word' id='word_1_724' title='bbox 2100 4842 2194 4898; x_wconf 82' lang='grc' dir='ltr'><strong>ΧΠ</strong></span> <span class='ocrx_word' id='word_1_725' title='bbox 2239 4843 2375 4898; x_wconf 77' lang='grc' dir='ltr'><strong>ΚΑι.</strong></span> <span class='ocrx_word' id='word_1_726' title='bbox 2417 4841 2537 4900; x_wconf 71' lang='lat' dir='ltr'><strong>Jun.</strong></span> <span class='ocrx_word' id='word_1_727' title='bbox 2569 4871 2640 4882; x_wconf 93' lang='lat'><strong>—-</strong></span> <span class='ocrx_word' id='word_1_728' title='bbox 2671 4842 2858 4898; x_wconf 56' lang='lat' dir='ltr'><strong>Romae</strong></span> <span class='ocrx_word' id='word_1_729' title='bbox 2904 4842 3168 4912; x_wconf 92' lang='lat' dir='ltr'><strong>depositio</strong></span> <span class='ocrx_word' id='word_1_730' title='bbox 3210 4841 3354 4898; x_wconf 91' lang='lat' dir='ltr'><strong>beati</strong></span> <span class='ocrx_word' id='word_1_731' title='bbox 3396 4841 3616 4909; x_wconf 88' lang='lat' dir='ltr'><strong>Novati,</strong></span> 
     </span>
    </p>
   </div>
   <div class='ocr_carea' id='block_1_106' title="bbox 2024 4934 3616 5008">
    <p class='ocr_par' dir='ltr' id='par_1_106' title="bbox 2024 4934 3616 5008">
     <span class='ocr_line' id='line_1_106' title="bbox 2024 4934 3616 5008; baseline -0.001 -16"><span class='ocrx_word' id='word_1_732' title='bbox 2024 4937 2210 4992; x_wconf 87' lang='lat' dir='ltr'><strong>fratris</strong></span> <span class='ocrx_word' id='word_1_733' title='bbox 2241 4935 2510 4991; x_wconf 90' lang='lat' dir='ltr'><strong>Timothei</strong></span> <span class='ocrx_word' id='word_1_734' title='bbox 2559 4934 2886 5008; x_wconf 89' lang='lat' dir='ltr'><strong>presbyteri,</strong></span> <span class='ocrx_word' id='word_1_735' title='bbox 2936 4936 3027 5006; x_wconf 90' lang='lat' dir='ltr'><strong>qui</strong></span> <span class='ocrx_word' id='word_1_736' title='bbox 3068 4950 3099 4990; x_wconf 90' lang='lat' dir='ltr'><strong>a</strong></span> <span class='ocrx_word' id='word_1_737' title='bbox 3145 4935 3318 4990; x_wconf 88' lang='lat' dir='ltr'><strong>beatis</strong></span> <span class='ocrx_word' id='word_1_738' title='bbox 3358 4935 3616 5004; x_wconf 90' lang='lat' dir='ltr'><strong>apostolis</strong></span> 
     </span>
    </p>
   </div>
   <div class='ocr_carea' id='block_1_107' title="bbox 2025 5026 3615 5099">
    <p class='ocr_par' dir='ltr' id='par_1_107' title="bbox 2025 5026 3615 5099">
     <span class='ocr_line' id='line_1_107' title="bbox 2025 5026 3615 5099; baseline -0.003 -13"><span class='ocrx_word' id='word_1_739' title='bbox 2025 5031 2224 5086; x_wconf 91' lang='lat' dir='ltr'><strong>eruditi</strong></span> <span class='ocrx_word' id='word_1_740' title='bbox 2249 5037 2395 5086; x_wconf 90' lang='lat' dir='ltr'><strong>sunt.</strong></span> <span class='ocrx_word' id='word_1_741' title='bbox 2427 5028 2502 5083; x_wconf 88' lang='lat' dir='ltr'><strong>De</strong></span> <span class='ocrx_word' id='word_1_742' title='bbox 2532 5044 2642 5099; x_wconf 90' lang='lat' dir='ltr'><strong>quo</strong></span> <span class='ocrx_word' id='word_1_743' title='bbox 2662 5027 2871 5084; x_wconf 91' lang='lat' dir='ltr'><strong>Novato</strong></span> <span class='ocrx_word' id='word_1_744' title='bbox 2897 5027 3309 5084; x_wconf 86' lang='lat' dir='ltr'><strong>scribit‘Pastor</strong></span> <span class='ocrx_word' id='word_1_745' title='bbox 3347 5026 3403 5084; x_wconf 90' lang='lat' dir='ltr'><strong>in</strong></span> <span class='ocrx_word' id='word_1_746' title='bbox 3447 5028 3615 5097; x_wconf 84' lang='lat' dir='ltr'><strong>gestis</strong></span> 
     </span>
    </p>
   </div>
   <div class='ocr_carea' id='block_1_108' title="bbox 2025 5119 3616 5191">
    <p class='ocr_par' dir='ltr' id='par_1_108' title="bbox 2025 5119 3616 5191">
     <span class='ocr_line' id='line_1_108' title="bbox 2025 5119 3616 5191; baseline -0.001 -14"><span class='ocrx_word' id='word_1_747' title='bbox 2025 5121 2380 5178; x_wconf 83' lang='lat' dir='ltr'><strong>Pudentianae</strong></span> <span class='ocrx_word' id='word_1_748' title='bbox 2403 5119 2729 5176; x_wconf 87' lang='lat' dir='ltr'><strong>etPraxedis</strong></span> <span class='ocrx_word' id='word_1_749' title='bbox 2749 5119 3038 5191; x_wconf 85' lang='lat' dir='ltr'><strong>virginum,</strong></span> <span class='ocrx_word' id='word_1_750' title='bbox 3056 5120 3198 5189; x_wconf 88' lang='lat' dir='ltr'><strong>quod</strong></span> <span class='ocrx_word' id='word_1_751' title='bbox 3229 5126 3352 5189; x_wconf 91' lang='lat' dir='ltr'><strong>post</strong></span> <span class='ocrx_word' id='word_1_752' title='bbox 3380 5128 3616 5176; x_wconf 91' lang='lat' dir='ltr'><strong>mortem</strong></span> 
     </span>
    </p>
   </div>
   <div class='ocr_carea' id='block_1_109' title="bbox 2025 5209 3617 5280">
    <p class='ocr_par' dir='ltr' id='par_1_109' title="bbox 2025 5209 3617 5280">
     <span class='ocr_line' id='line_1_109' title="bbox 2025 5209 3617 5280; baseline -0.004 -9"><span class='ocrx_word' id='word_1_753' title='bbox 2025 5215 2198 5271; x_wconf 71' lang='lat' dir='ltr'><strong>beata:</strong></span> <span class='ocrx_word' id='word_1_754' title='bbox 2235 5214 2587 5269; x_wconf 62' lang='lat' dir='ltr'><strong>Pudentianaz</strong></span> <span class='ocrx_word' id='word_1_755' title='bbox 2618 5213 2869 5269; x_wconf 87' lang='lat' dir='ltr'><strong>visitante</strong></span> <span class='ocrx_word' id='word_1_756' title='bbox 2891 5227 2949 5267; x_wconf 90' lang='lat' dir='ltr'><strong>se</strong></span> <span class='ocrx_word' id='word_1_757' title='bbox 2972 5213 3132 5267; x_wconf 90' lang='lat' dir='ltr'><strong>beato</strong></span> <span class='ocrx_word' id='word_1_758' title='bbox 3159 5209 3256 5266; x_wconf 92' lang='lat' dir='ltr'><strong>Pio</strong></span> <span class='ocrx_word' id='word_1_759' title='bbox 3277 5211 3531 5280; x_wconf 87' lang='lat' dir='ltr'><strong>episcopo</strong></span> <span class='ocrx_word' id='word_1_760' title='bbox 3560 5219 3617 5265; x_wconf 87' lang='lat' dir='ltr'><strong>et</strong></span> 
     </span>
    </p>
   </div>
   <div class='ocr_carea' id='block_1_110' title="bbox 2025 5301 3616 5375">
    <p class='ocr_par' dir='ltr' id='par_1_110' title="bbox 2025 5301 3616 5375">
     <span class='ocr_line' id='line_1_110' title="bbox 2025 5301 3616 5375; baseline -0.002 -15"><span class='ocrx_word' id='word_1_761' title='bbox 2025 5314 2212 5362; x_wconf 88' lang='lat' dir='ltr'><strong>sancta</strong></span> <span class='ocrx_word' id='word_1_762' title='bbox 2240 5305 2506 5371; x_wconf 82' lang='lat' dir='ltr'><strong>Praxede,</strong></span> <span class='ocrx_word' id='word_1_763' title='bbox 2537 5305 2825 5361; x_wconf 90' lang='lat' dir='ltr'><strong>assistente</strong></span> <span class='ocrx_word' id='word_1_764' title='bbox 2873 5305 3039 5359; x_wconf 89' lang='lat' dir='ltr'><strong>etiam</strong></span> <span class='ocrx_word' id='word_1_765' title='bbox 3089 5302 3394 5374; x_wconf 88' lang='lat' dir='ltr'><strong>frequentia</strong></span> <span class='ocrx_word' id='word_1_766' title='bbox 3446 5301 3616 5375; x_wconf 88' lang='lat' dir='ltr'><strong>pluri-</strong></span> 
     </span>
    </p>
   </div>
   <div class='ocr_carea' id='block_1_111' title="bbox 2026 5392 3352 5468">
    <p class='ocr_par' dir='ltr' id='par_1_111' title="bbox 2026 5392 3352 5468">
     <span class='ocr_line' id='line_1_111' title="bbox 2026 5392 3352 5468; baseline -0.003 -18"><span class='ocrx_word' id='word_1_767' title='bbox 2026 5410 2238 5450; x_wconf 89' lang='lat' dir='ltr'><strong>morum</strong></span> <span class='ocrx_word' id='word_1_768' title='bbox 2271 5403 2592 5468; x_wconf 90' lang='lat' dir='ltr'><strong>martyrum,</strong></span> <span class='ocrx_word' id='word_1_769' title='bbox 2627 5393 3026 5465; x_wconf 88' lang='lat' dir='ltr'><strong>migraveritad</strong></span> <span class='ocrx_word' id='word_1_770' title='bbox 3053 5392 3352 5449; x_wconf 90' lang='lat' dir='ltr'><strong>Christum.</strong></span> 
     </span>
    </p>
   </div>
   <div class='ocr_carea' id='block_1_112' title="bbox 2097 5483 3610 5555">
    <p class='ocr_par' dir='ltr' id='par_1_112' title="bbox 2097 5483 3610 5555">
     <span class='ocr_line' id='line_1_112' title="bbox 2097 5483 3610 5555; baseline 0.001 -16"><span class='ocrx_word' id='word_1_771' title='bbox 2097 5485 2154 5540; x_wconf 92' lang='lat' dir='ltr'><strong>ln</strong></span> <span class='ocrx_word' id='word_1_772' title='bbox 2184 5486 2368 5542; x_wconf 91' lang='lat' dir='ltr'><strong>Tomis</strong></span> <span class='ocrx_word' id='word_1_773' title='bbox 2389 5486 2606 5541; x_wconf 88' lang='lat' dir='ltr'><strong>civitate</strong></span> <span class='ocrx_word' id='word_1_774' title='bbox 2631 5484 2806 5548; x_wconf 88' lang='lat' dir='ltr'><strong>Pauli,</strong></span> <span class='ocrx_word' id='word_1_775' title='bbox 2829 5483 3063 5555; x_wconf 90' lang='lat' dir='ltr'><strong>Cyriaci,</strong></span> <span class='ocrx_word' id='word_1_776' title='bbox 3086 5483 3286 5550; x_wconf 83' lang='lat' dir='ltr'><strong>Paulae,</strong></span> <span class='ocrx_word' id='word_1_777' title='bbox 3302 5483 3610 5550; x_wconf 69' lang='lat' dir='ltr'><strong>Felicianm,</strong></span> 
     </span>
    </p>
   </div>
   <div class='ocr_carea' id='block_1_113' title="bbox 2025 5574 3374 5648">
    <p class='ocr_par' dir='ltr' id='par_1_113' title="bbox 2025 5574 3374 5648">
     <span class='ocr_line' id='line_1_113' title="bbox 2025 5574 3374 5648; baseline -0.003 -14"><span class='ocrx_word' id='word_1_778' title='bbox 2025 5578 2243 5644; x_wconf 88' lang='lat' dir='ltr'><strong>Felicis,</strong></span> <span class='ocrx_word' id='word_1_779' title='bbox 2268 5577 2494 5642; x_wconf 66' lang='lat' dir='ltr'><strong>Emilii,</strong></span> <span class='ocrx_word' id='word_1_780' title='bbox 2527 5574 2736 5642; x_wconf 84' lang='lat' dir='ltr'><strong>Vitalis,</strong></span> <span class='ocrx_word' id='word_1_781' title='bbox 2771 5575 3052 5646; x_wconf 78' lang='lat' dir='ltr'><strong>Crispinze,</strong></span> <span class='ocrx_word' id='word_1_782' title='bbox 3083 5574 3374 5648; x_wconf 70' lang='lat' dir='ltr'><strong>Martyrize.</strong></span> 
     </span>
    </p>
   </div>
   <div class='ocr_carea' id='block_1_114' title="bbox 2097 5671 3308 5741">
    <p class='ocr_par' dir='ltr' id='par_1_114' title="bbox 2097 5671 3308 5741">
     <span class='ocr_line' id='line_1_114' title="bbox 2097 5671 3308 5741; baseline -0.006 -10"><span class='ocrx_word' id='word_1_783' title='bbox 2097 5677 2228 5730; x_wconf 89' lang='lat' dir='ltr'><strong>ltem</strong></span> <span class='ocrx_word' id='word_1_784' title='bbox 2261 5673 2541 5728; x_wconf 87' lang='lat' dir='ltr'><strong>translatio</strong></span> <span class='ocrx_word' id='word_1_785' title='bbox 2567 5672 2740 5727; x_wconf 84' lang='lat' dir='ltr'><strong>sancti</strong></span> <span class='ocrx_word' id='word_1_786' title='bbox 2771 5671 3002 5727; x_wconf 89' lang='lat' dir='ltr'><strong>Zenonis</strong></span> <span class='ocrx_word' id='word_1_787' title='bbox 3033 5671 3308 5741; x_wconf 89' lang='lat' dir='ltr'><strong>martyris.</strong></span> 
     </span>
    </p>
   </div>
   <div class='ocr_carea' id='block_1_115' title="bbox 2096 5761 3612 5832">
    <p class='ocr_par' dir='ltr' id='par_1_115' title="bbox 2096 5761 3612 5832">
     <span class='ocr_line' id='line_1_115' title="bbox 2096 5761 3612 5832; baseline -0.003 -12"><span class='ocrx_word' id='word_1_788' title='bbox 2096 5765 2164 5820; x_wconf 78' lang='lat' dir='ltr'><strong>Xl</strong></span> <span class='ocrx_word' id='word_1_789' title='bbox 2192 5764 2324 5819; x_wconf 74' lang='grc' dir='ltr'><strong>ΚΜ..</strong></span> <span class='ocrx_word' id='word_1_790' title='bbox 2353 5763 2469 5818; x_wconf 83' lang='lat' dir='ltr'><strong>JUL.</strong></span> <span class='ocrx_word' id='word_1_791' title='bbox 2519 5793 2569 5802; x_wconf 84' lang='lat'><strong>--</strong></span> <span class='ocrx_word' id='word_1_792' title='bbox 2593 5763 2649 5818; x_wconf 90' lang='lat' dir='ltr'><strong>ln</strong></span> <span class='ocrx_word' id='word_1_793' title='bbox 2680 5762 2885 5829; x_wconf 88' lang='lat' dir='ltr'><strong>Sicilia,</strong></span> <span class='ocrx_word' id='word_1_794' title='bbox 2912 5763 3130 5817; x_wconf 86' lang='lat' dir='ltr'><strong>civitate</strong></span> <span class='ocrx_word' id='word_1_795' title='bbox 3176 5761 3481 5832; x_wconf 82' lang='lat' dir='ltr'><strong>Syracusis,</strong></span> <span class='ocrx_word' id='word_1_796' title='bbox 3516 5776 3612 5816; x_wconf 89' lang='lat' dir='ltr'><strong>na-</strong></span> 
     </span>
    </p>
   </div>
   <div class='ocr_carea' id='block_1_116' title="bbox 2025 5856 3409 5930">
    <p class='ocr_par' dir='ltr' id='par_1_116' title="bbox 2025 5856 3409 5930">
     <span class='ocr_line' id='line_1_116' title="bbox 2025 5856 3409 5930; baseline -0.005 -15"><span class='ocrx_word' id='word_1_797' title='bbox 2025 5861 2208 5915; x_wconf 86' lang='lat' dir='ltr'><strong>tivitas</strong></span> <span class='ocrx_word' id='word_1_798' title='bbox 2232 5867 2544 5914; x_wconf 87' lang='lat' dir='ltr'><strong>sanctorum</strong></span> <span class='ocrx_word' id='word_1_799' title='bbox 2574 5867 2877 5930; x_wconf 86' lang='lat' dir='ltr'><strong>martyrum</strong></span> <span class='ocrx_word' id='word_1_800' title='bbox 2905 5857 3082 5912; x_wconf 77' lang='lat' dir='ltr'><strong>Rufini</strong></span> <span class='ocrx_word' id='word_1_801' title='bbox 3106 5865 3160 5912; x_wconf 92' lang='lat' dir='ltr'><strong>et</strong></span> <span class='ocrx_word' id='word_1_802' title='bbox 3180 5856 3409 5912; x_wconf 65' lang='lat' dir='ltr'><strong>Martiae.</strong></span> 
     </span>
    </p>
   </div>
   <div class='ocr_carea' id='block_1_117' title="bbox 2096 5947 3607 6023">
    <p class='ocr_par' dir='ltr' id='par_1_117' title="bbox 2096 5947 3607 6023">
     <span class='ocr_line' id='line_1_117' title="bbox 2096 5947 3607 6023; baseline -0.005 -15"><span class='ocrx_word' id='word_1_803' title='bbox 2096 5951 2280 6009; x_wconf 70' lang='lat' dir='ltr'><strong>Belitae</strong></span> <span class='ocrx_word' id='word_1_804' title='bbox 2317 5963 2521 6010; x_wconf 79' lang='lat' dir='ltr'><strong>sanctae</strong></span> <span class='ocrx_word' id='word_1_805' title='bbox 2561 5951 2847 6010; x_wconf 76' lang='lat' dir='ltr'><strong>Demetrias</strong></span> <span class='ocrx_word' id='word_1_806' title='bbox 2874 5949 3123 6020; x_wconf 76' lang='lat' dir='ltr'><strong>virginis,</strong></span> <span class='ocrx_word' id='word_1_807' title='bbox 3152 5965 3273 6023; x_wconf 82' lang='lat' dir='ltr'><strong>quae</strong></span> <span class='ocrx_word' id='word_1_808' title='bbox 3322 5948 3422 6006; x_wconf 90' lang='lat' dir='ltr'><strong>fuit</strong></span> <span class='ocrx_word' id='word_1_809' title='bbox 3463 5947 3607 6007; x_wconf 84' lang='lat' dir='ltr'><strong>beati</strong></span> 
     </span>
    </p>
   </div>
  </div>
