4046 6424
489 388 624 473 1107

1399 385 1457 442 B.
1500 384 1802 449 NOTKEBI
1840 383 2131 443 BALBULI
2174 384 2231 440 S.
2275 383 2475 447 GALLI
2518 382 2824 443 MONACHI

2538 296 2549 307 .
2576 290 2609 301 -Αο

3601 387 3763 445 1108

472 460 669 557 1Fausti
705 500 833 555 illia.
861 499 985 555 Hice
1007 515 1131 573 cum
1153 508 1279 555 ante
1307 500 1529 569 impium
1551 497 1825 554 Julianum
1848 513 1946 569 pro
1970 497 2074 552 ﬁde
2103 502 2151 565 Α
2181 497 2428 566 Sebasta,
2458 500 2605 573 prius
2633 498 2902 577 Samaria,
2927 509 2980 554 et
3001 509 3125 559 ante
3138 500 3307 559 multa
3330 501 3522 559 saecula
3548 501 3770 561 Sichem

485 591 686 649 Christi
719 593 1180 658 introduceretur,
1212 594 1267 648 in
1298 591 1413 663 ejus
1449 593 1788 648 confessione
1827 593 2075 667 spiritum

485 685 690 751 emisit,
732 684 1049 754 sepultaque
1098 692 1182 738 est
1222 698 1251 736 a
1294 683 1455 738 beato
1484 682 1692 738 Joanne
1734 684 2075 755 presbytero,

481 777 638 850 juxta
664 785 899 845 matrem
927 792 1079 843 suam
1110 774 1394 837 Dafrosam
1424 784 1478 835 et
1497 791 1743 834 sororem
1767 775 2072 841 Vivianam,

482 866 637 939 juxta
667 868 923 939 palatium
956 867 1315 922 Licinianum.

470 975 482 985 -
558 954 713 1029 Apud
745 957 1140 1029 Mogontiacum
1166 957 1438 1013 civitatem
1486 959 1743 1021 nativitas
1786 960 1957 1016 sancti
1988 961 2084 1019 Al-

470 1050 615 1107 ‘bani
668 1049 945 1121 martyris,
994 1049 1084 1119 qui
1133 1050 1232 1104 sub
1277 1048 1584 1106 Theodosio
1639 1053 1963 1123 imperatore
2014 1053 2081 1108 de

487 1138 663 1196 insula
704 1139 920 1194 Namsia
973 1154 1228 1210 pergens,
1275 1155 1397 1195 cum
1450 1153 1639 1203 sancto
1672 1141 1980 1196 Theonesto
2026 1150 2084 1198 et

488 1229 631 1288 Urso
657 1231 1018 1287 Mediolanum
1049 1232 1219 1286 venit.
1260 1231 1494 1303 Indeque
1541 1233 1750 1300 exiens,
1786 1234 2081 1290 auxiliante

485 1322 738 1389 Domino,
781 1323 1028 1394 pervenit
1054 1322 1118 1377 ad
1145 1320 1369 1390 Gallias,
1398 1331 1454 1379 et
1491 1324 1547 1377 in
1583 1324 1845 1379 servitute
1872 1324 2081 1379 Domini

486 1429 867 1485 perseverans,
894 1421 951 1471 et
981 1415 1047 1469 ad
1074 1416 1392 1486 martyrium
1417 1430 1514 1484 pro
1542 1416 1759 1471 nomine
1785 1413 2083 1470 Salvatoris

472 1516 798 1577 promptus,
829 1516 1115 1578 postquam
1144 1507 1195 1561 in
1227 1504 1449 1561 civitate
1474 1504 1715 1578 Augusta
1753 1508 1944 1561 beatus
1976 1504 2079 1565 Ur-

468 1612 585 1655 sus
611 1600 861 1671 martyrii
893 1615 1109 1656 cursum
1141 1599 1561 1664 consummavit,
1597 1607 1818 1653 sanctus
1844 1598 2083 1653 Albanus

488 1707 615 1748 cum
648 1692 955 1748 Theonesto
987 1690 1385 1765 Mogontiacum
1416 1691 1681 1762 pervenit.
1724 1690 1969 1762 Dumque
2009 1692 2084 1747 ibi

488 1776 713 1843 verbum
740 1787 836 1843 Dei
862 1786 1207 1859 praedicaret,
1237 1787 1558 1859 martyrium
1598 1786 1853 1858 explevit,
1899 1796 1953 1841 et
2000 1802 2086 1841 sc-
2127 1770 2134 1777 ’

487 1877 671 1950 pultus
690 1886 776 1936 est
807 1878 880 1933 ibi
902 1877 1060 1948 juxta
1084 1875 1399 1949 praedictam
1423 1879 1723 1933 civitatem.

559 1968 617 2024 In
645 1968 894 2026 Caesarea
920 1968 1184 2037 depositio
1211 1969 1383 2025 sancti
1414 1967 1635 2024 Eusebii
1675 1968 1937 2045 episcopi.

563 2061 612 2118 Χ
651 2062 787 2119 ΚΑΙ..
824 2060 947 2119 JuL.
999 2094 1071 2103 —
1122 2062 1427 2119 Antiochia:
1466 2061 1721 2117 nativitas
1772 2070 2083 2117 sanctorum

466 2164 792 2229 'martyrum
836 2153 1187 2227 Agathalicte,
1229 2152 1451 2220 Juliani,
1515 2151 1716 2225 Graphi
1759 2161 1813 2209 et
1853 2154 2083 2209 aliorum

488 2248 925 2320 octingentorum
952 2245 1390 2316 quatuordecim,
1417 2259 1651 2316 quorum
1698 2245 1918 2301 nomina
1945 2245 2087 2301 Deus

491 2341 657 2398 habet
672 2342 729 2397 in
760 2341 900 2397 libro
928 2340 1251 2395 viventium.

470 2458 473 2463 ⁴
564 2434 620 2487 In
648 2432 929 2488 Britannia
963 2432 1136 2488 sancti
1172 2430 1366 2489 Albani
1410 2430 1691 2502 martyris,
1722 2429 1814 2502 qui
1847 2439 2090 2502 tempore

494 2525 814 2582 Diocletiani
871 2525 927 2579 in
952 2521 1262 2579 Verulamio
1311 2522 1534 2579 civitate
1588 2533 1710 2594 post
1758 2523 1987 2578 verbera
2034 2530 2091 2577 et

493 2624 767 2675 tormenta
791 2616 991 2673 acerba
1017 2616 1198 2688 capite
1237 2614 1428 2689 plexos
1471 2624 1572 2679 est,
1627 2616 1722 2672 sed
1764 2616 1855 2672 illo
1886 2616 1938 2672 in
1982 2625 2090 2672 ter-

494 2732 611 2773 ram
637 2715 887 2782 cadente,
934 2714 1075 2771 oculi
1120 2716 1238 2786 ejus
1272 2714 1521 2786 quicum
1570 2715 1839 2793 percussit
1885 2712 2093 2785 pariter

494 2810 828 2866 ceciderunt.
858 2807 1058 2863 Passus
1084 2815 1168 2863 est
1197 2822 1323 2861 cum
1354 2804 1447 2862 illo
1476 2805 1641 2862 etiam
1686 2821 1826 2861 unus
1857 2806 1923 2862 de
1951 2804 2093 2861 mili-

496 2904 663 2968 tibus,
710 2902 942 2973 eoquod
972 2915 1097 2957 eum
1142 2898 1309 2956 ferire
1348 2898 1552 2969 jussus,
1599 2899 1854 2969 noluerit,
1909 2900 2092 2955 divino

496 2998 683 3069 utique
698 2997 1020 3069 perterritus
1041 2993 1325 3060 miraculo,
1340 2994 1467 3066 quia
1483 2994 1691 3049 viderat
1707 2993 1924 3049 beatum
1946 3010 2094 3049 mar-

498 3100 694 3163 tyrem,
750 3089 851 3145 sibi
887 3088 1014 3143 dum
1065 3087 1132 3143 ad
1174 3102 1438 3143 coronam
1467 3087 1716 3159 martyrii
1753 3094 2090 3158 properaret,

501 3182 715 3237 alveum
776 3181 954 3236 amnis
1010 3179 1338 3255 interpositi,
1380 3178 1586 3234 orando
1649 3178 2091 3233 transmeabilcm

2181 601 2513 659 nuncupata,
2542 588 2828 645 celebritas
2857 589 3155 646 nativitatis
3198 592 3374 647 sancti
3403 590 3634 661 Joannis
3664 594 3771 655 Ba-

2178 681 2377 755 ptistae,
2410 690 2630 755 propter
2664 697 2861 757 corpus
2897 682 3015 755 ejus
3044 682 3096 741 in
3149 682 3500 757 Macherunta
3551 686 3773 758 quidem

2181 773 2400 829 castello
2428 773 2638 830 Arabiae
2659 774 3170 841 detruncatum,sed
3199 774 3269 835 ibi
3294 791 3325 830 a
3348 775 3626 849 discipulis
3659 776 3779 851 ejus

2181 862 2524 919 tumulatum.
2551 863 2651 932 Qui
2683 879 2868 919 revera
2900 864 2954 919 in
2978 862 3193 925 Hebron
3216 865 3438 935 civitate
3460 863 3622 933 Juda,
3654 882 3780 945 qua:

2183 955 2250 1010 ad
2300 953 2645 1027 fugitivorum
2693 954 3003 1025 praesidium
3043 954 3449 1025 sacerdotibus,
3508 955 3619 1011 imo
3650 954 3781 1013 (iliis

2181 1043 2363 1100 Aaron
2406 1043 2586 1105 fuerat
2628 1044 2893 1117 delegata,
2932 1047 3258 1105 auctoritate
3286 1046 3563 1125 Evangelii
3601 1049 3781 1107 sancti

2182 1137 2363 1204 Lucae,
2387 1147 2439 1193 et
2468 1138 2592 1203 libri
2619 1138 2744 1194 Jesu
2774 1138 2940 1206 Nave,
2971 1149 3026 1195 et
3051 1148 3210 1197 natus
3237 1139 3476 1201 creditur
3510 1150 3565 1197 et
3597 1143 3784 1207 nutri-

2183 1239 2289 1286 tus.
2333 1229 2497 1302 Cujus
2522 1232 2643 1285 vitae
2666 1232 2927 1288 sanctitas
2954 1240 3008 1286 et
3032 1234 3460 1295 conversationis
3491 1238 3787 1293 austeritas

2186 1339 2251 1378 ac
2272 1323 2671 1394 praedicationis
2699 1322 2952 1393 qualitas,
2984 1332 3144 1399 atque
3169 1324 3438 1396 passionis
3479 1325 3551 1381 ob
3588 1326 3786 1382 defen-

2187 1418 2396 1473 sionem
2415 1416 2662 1472 veritatis
2690 1416 2979 1480 acerbitas,
2997 1426 3107 1471 non‘
3128 1412 3299 1471 solum
3323 1419 3788 1489 evangelistarum

2186 1509 2429 1580 scriptis,
2461 1523 2647 1563 verum
2676 1508 2839 1565 etiam
2890 1508 3060 1578 ipsius
3103 1507 3339 1577 Domini,
3387 1509 3586 1569 interni
3634 1512 3788 1567 vide-

2185 1601 2312 1656 licet
2339 1600 2554 1670 arbitri,
2595 1599 2919 1657 testimoniis
2948 1598 3383 1654 commendatur.

2258 1691 2315 1747 ln
2349 1692 2560 1771 Epheso
2577 1690 2831 1749 dormitio
2858 1690 3000 1745 beati
3037 1689 3262 1745 Joannis
3294 1689 3518 1764 apostoli
3543 1700 3597 1746 et
3621 1706 3795 1749 evan~

2190 1783 2415 1855 gelistaz.
2448 1781 2613 1852 Cujus
2642 1781 2770 1839 licet
2796 1782 3065 1861 praeconia
3091 1786 3253 1851 fsexta
3286 1783 3373 1839 die
3416 1783 3794 1841 Kalendarum

2114 1876 2162 1936 B
2190 1874 2454 1942 Januarii,
2510 1875 2727 1959 quando
2775 1891 2873 1959 per
2921 1884 3088 1937 totam
3136 1875 3431 1931 Ecclesiam
3475 1875 3797 1939 festivitatis

2186 1968 2304 2040 ejus
2344 1968 2608 2025 solemnia
2658 1966 3022 2034 celebrantur,
3072 1970 3460 2042 congruentius
3502 1972 3797 2041 praedicari

2186 2064 2498 2131 videantur,
2525 2070 2707 2119 tamen
2736 2071 2791 2117 et
2834 2063 2921 2127 hic
2963 2061 3142 2134 aliqua
3184 2078 3252 2117 ex
3293 2063 3372 2118 eis
3397 2064 3462 2135 ad
3494 2061 3795 2139 legentium

2187 2154 2479 2211 utilitatem
2508 2162 3023 2213 commemorentur.
3053 2152 3187 2208 Cum
3238 2153 3400 2227 igitur
3450 2156 3798 2227 sexagesimo

2187 2258 2380 2307 octavo
2424 2255 2548 2320 post
2587 2248 2893 2320 passionem
2932 2246 3146 2302 Domini
3191 2264 3353 2319 anno,
3400 2247 3569 2305 sciret
3612 2248 3800 2315 immi-

2189 2358 2320 2398 nere
2362 2355 2611 2397 recessus
2650 2341 2731 2395 sui
2766 2339 2930 2411 diem,
2978 2340 3291 2407 convocatis
3322 2338 3607 2417 discipulis
3653 2340 3798 2403 suis,

2191 2435 2333 2491 inter
2361 2450 2514 2491 sacra
2549 2433 2839 2491 missarum
2889 2432 2986 2487 Dei
3024 2431 3307 2503 solemnia,
3356 2429 3423 2487 de
3473 2439 3798 2504 contemptu

2191 2531 2375 2586 mundi
2405 2541 2458 2585 et
2483 2527 2916 2608 concupiscentia
2928 2544 3042 2583 rum
3065 2528 3203 2601 ejus,
3232 2542 3297 2584 ac
3320 2527 3387 2587 de
3408 2528 3801 2591 observatione

2193 2632 2399 2678 mutum
2432 2621 2736 2687 charitatis,
2766 2622 2958 2675 iterato
2984 2629 3146 2691 atque
3168 2617 3510 2691 frequentata
3537 2637 3801 2685 sermone

2192 2732 2287 2771 eos
2316 2717 2610 2770 admonere
2638 2729 2743 2769 non
2788 2713 3016 2779 destitit.
3057 2714 3110 2777 in
3142 2721 3374 2781 tantum,
3416 2722 3477 2769 ut
3518 2715 3688 2773 etiam
3738 2715 3803 2768 de

2193 2810 2434 2880 ejusdem
2460 2809 2743 2867 sententiae
2773 2808 3093 2887 repetitione
3115 2807 3476 2886 fastidientes,
3504 2807 3611 2873 alia
3647 2806 3802 2863 illum

2195 2902 2377 2957 dicere
2394 2901 2517 2973 quia
2543 2901 2659 2957 haec
2682 2901 2781 2956 sibi
2806 2902 2940 2961 satis
2964 2915 3231 2973 superque
3252 2898 3585 2967 sufﬁcerent,
3602 2916 3793 2973 preca-

2198 3004 2405 3049 rentur.
2434 2994 2639 3062 Quibus
2663 2993 2751 3053 ille
2773 2993 3083 3071 respondit:
3124 3013 3140 3049 ι
3175 2993 3309 3073 Quia
3340 3002 3544 3057 sancta:
3572 3004 3627 3053 et
3653 2994 3780 3053 inte

2200 3096 2420 3145 lucrata:
2441 3086 2747 3147 dilectionis
2774 3086 3017 3145 custodia
3043 3094 3137 3153 aut
3160 3086 3253 3144 vix
3288 3101 3319 3142 a
3350 3101 3625 3165 quoquam
3654 3102 3779 3157 mor

2200 3182 2387 3237 talium
2415 3181 2575 3252 digne
2600 3180 3010 3252 praedicaretur.
3045 3188 3137 3244 aut
3162 3180 3306 3245 inter
3333 3180 3611 3247 mundana
3639 3195 3764 3236 seat
3785 3209 3805 3220 ο

476 3280 821 3335 “reddidisse.
856 3278 975 3347 Quo
1006 3277 1059 3333 in
1093 3250 1338 3348 tempore
1372 3274 1680 3355 persecutio
1718 3274 2092 3331 crudelissima
2122 3250 2167 3313 (ἶ
2201 3271 2318 3327 dala
2345 3250 2514 3345 usque
2536 3250 3013 3331 adﬁnemillibata
3037 3281 3341 3341 teneretur;
3371 3292 3390 3325 ›
3425 3279 3482 3335 et
3502 3271 3590 3333 his
3612 3272 3801 3338 dictis,

500 3374 701 3429 Oceani
752 3372 978 3428 limbum
1034 3372 1089 3426 in
1151 3370 1431 3425 Britannia
1485 3377 1871 3439 transgressa,
1928 3370 2093 3424 etiam

408 3500 414 3509 ι
499 3464 681 3521 Aaron
704 3464 978 3521 etJulium
1006 3479 1129 3519 cmn
1170 3461 1291 3517 aliis
1316 3459 1641 3533 octingentis
1681 3458 1956 3532 octoginta
1999 3473 2094 3515 no-

498 3571 622 3612 vem
647 3555 790 3613 felici
819 3570 1013 3612 cruore
1043 3553 1343 3610 damnavit.

570 3650 628 3705 lu
655 3650 882 3708 civitate
905 3648 1217 3721 Campaniae
1246 3646 1379 3702 Nola
1405 3645 1579 3707 sancti
1600 3644 1810 3701 Paulini
1833 3644 2092 3718 episcopi.

500 3740 603 3809 Qui
649 3756 707 3797 se
750 3739 1088 3812 temporibus
1111 3736 1525 3804 Wandalorum,
1562 3737 1682 3793 aliis
1704 3737 1955 3793 omnibus
1979 3736 2092 3809 jam

499 3832 799 3900 exhaustis,
843 3848 943 3904 pro
976 3831 1086 3887 filio
1127 3828 1406 3901 cujusdam
1433 3828 1611 3885 vidua:
1662 3830 1717 3884 in
1774 3830 2094 3887 servitutem

500 3926 749 3980 barbaris
786 3925 1030 3991 tradens,
1075 3933 1130 3979 et
1174 3938 1242 3978 ex
1270 3922 1501 3979 terribili
1529 3922 1737 3978 visione
1764 3923 1878 3993 regi
1906 3938 2094 3983 eorum

501 4016 627 4088 quis
651 4023 796 4071 esset
819 4017 1057 4087 agnitus,
1085 4014 1293 4071 reddita
1320 4015 1421 4071 sibi
1448 4015 1597 4070 omni
1621 4016 1939 4086 captivitate
1965 4015 2098 4079 civl-

499 4108 631 4166 tatis
653 4123 785 4175 suae,
818 4116 872 4163 et
897 4107 1140 4163 oneratis
1168 4105 1441 4160 frumento
1462 4106 1712 4171 navibus,
1737 4122 1860 4162 cum
1893 4108 2097 4180 ingenti

503 4199 676 4273 gloria
716 4215 783 4255 ex
814 4197 997 4253 Africa
1033 4198 1101 4252 ad
1150 4196 1429 4268 propriam
1471 4197 1653 4251 sedem
1706 4212 1960 4252 reversus
1990 4207 2095 4253 est.

2198 3366 2321 3420 data
2348 3364 2601 3421 omnibus
2626 3379 2777 3436 pace,
2802 3374 2857 3420 et
2888 3372 2997 3427 tam
3026 3365 3320 3447 semetipso
3345 3381 3508 3441 quam
3550 3364 3661 3437 illis
3690 3366 3801 3429 Dn-

2197 3456 2381 3512 minici
2435 3458 2677 3531 corporis
2725 3466 2780 3513 et
2830 3457 3113 3531 sanguinis
3160 3467 3505 3523 sacramento
3546 3474 3801 3523 commu-

2198 3550 2347 3616 nitis,
2380 3550 2663 3613 reclinavit
2692 3566 2749 3617 se
2800 3550 2853 3619 in
2887 3551 3137 3631 sepulcro
3165 3553 3318 3629 quasi
3362 3552 3418 3619 in
3473 3552 3643 3622 lecto,
3690 3562 3801 3611 tam

2198 3642 2335 3698 liber
2360 3659 2389 3705 a
2414 3642 2598 3707 dolore
2628 3644 2820 3707 mortis
2846 3659 3011 3727 quam
3040 3645 3298 3715 immunis
3322 3645 3569 3717 creditur
3596 3660 3630 3701 a
3664 3661 3800 3705 cou-

2200 3734 2341 3808 tagio
2369 3736 2751 3809 corruptionis.

2270 3828 2662 3900 Augustoduno
2705 3828 2973 3911 depositio
3010 3830 3187 3905 sancti
3224 3827 3489 3903 Simplicii
3530 3829 3799 3902 episcopi.

2197 3917 2365 3987 Festi,
2394 3919 2634 3987 Lucerii.

2275 4011 2360 4068 Vl
2402 4012 2679 4075 KALJUL.
2710 4013 3179 4091 —Apud'Pyrrhi
3226 4012 3491 4077 Beroeam
3543 4015 3801 4081 tnativitas

2198 4105 2373 4161 sancti
2396 4104 2681 4181 Sosipatri,
2708 4106 2954 4177 discipuli
2984 4106 3126 4165 beati
3150 4104 3304 4177 l’auii
3329 4106 3579 4183 apostoli.

2271 4196 2614 4255 Alexandriae
2643 4198 2819 4255 sancti
2869 4197 3134 4261 Gallicani
3186 4199 3482 4271 martyris:
3535 4198 3638 4266 Qui
3687 4200 3799 4257 dux

501 4287 711 4346 Claruit
739 4302 921 4345 autem
951 4305 1056 4346 non
1094 4288 1269 4344 solum
1313 4289 1617 4344 eruditione
1648 4297 1704 4344 et
1732 4290 1950 4359 copiosa
1976 4290 2100 4347 vita:
2200 4289 2429 4345 Romani
2461 4290 2754 4360 exercitus,
2786 4305 2910 4357 cum
2940 4291 3082 4357 intra
3104 4289 3462 4363 Phil0ppolim
3493 4289 3796 4364 [Philippo-

505 4386 811 4453 sanctitate,
841 4386 936 4441 sed
964 4385 1127 4440 etiam
1151 4384 1393 4455 potentia
1419 4383 1679 4439 adversus
1706 4384 1998 4440 daemones.

577 4478 777 4534 Eodem
823 4478 910 4531 die
953 4476 1218 4545 depositio
1248 4475 1392 4531 beati
1425 4474 1617 4530 Nieetii
1659 4474 1919 4535 Romana:
1951 4476 2100 4533 urbis

503 4570 763 4643 episcopi.

576 4682 648 4738 IX
675 4682 811 4738 Kac.
843 4680 963 4739 Juc.
1001 4713 1073 4724 —
1119 4682 1178 4738 In
1229 4678 1543 4738 Nicomedia
1574 4681 1756 4751 passio
1784 4690 2095 4740 sanctarum

504 4776 803 4853 virginum,
842 4774 1028 4841 Pistis,
1056 4773 1226 4847 Elpis,
1263 4773 1484 4847 Agapis,
1528 4788 1648 4844 quae
1690 4772 1880 4831 Latine
1909 4772 2095 4842 Fides,

507 4864 660 4941 Spes,
685 4865 955 4933 Charitas,
988 4865 1265 4933 dicuntur,
1294 4873 1351 4921 et
1390 4864 1581 4921 matris
1616 4880 1805 4921 earum
1858 4864 2092 4936 Sophia),

392 4982 403 4993 -
505 4974 626 5039 quae
662 4958 937 5030 Sapientia
967 4958 1380 5028 interpretatur,
1408 4964 1462 5012 et
1492 4956 1719 5012 aliarum
1744 4956 2057 5012 multarum.

576 5047 764 5102 Romae
797 5045 973 5101 sancti
1011 5042 1244 5100 Joannis
1290 5045 1637 5125 presbyteri,
1687 5059 1847 5117 quem
1899 5045 2099 5116 impius

503 5138 754 5197 Julianus
788 5137 1092 5197 inauditum
1124 5137 1210 5192 via
1236 5135 1445 5193 Salaria
1482 5136 1674 5204 veteri,
1714 5146 1842 5193 ante
1880 5137 2100 5195 simula-

506 5248 661 5291 crum
692 5232 836 5290 Solis
865 5232 1120 5289 decollari
1156 5232 1433 5305 prmcepit.
1464 5230 1593 5302 Ejus
1632 5248 1828 5305 corpus
1870 5250 1899 5289 a
1940 5237 2099 5290 beato

507 5321 810 5381 Concordio
832 5325 1151 5397 presbytero
1175 5324 1461 5381 collectum
1479 5333 1534 5379 et
1553 5324 1821 5397 sepultum
1842 5334 1926 5385 est
1941 5324 2099 5395 juxta

508 5411 739 5471 concilia
763 5421 1083 5487 martyrum.

580 5506 640 5561 In
665 5506 942 5562 Britannia
958 5504 1223 5577 depositio
1239 5516 1442 5564 sanctae
1467 5505 1787 5564 Edeldrudat
1799 5505 2026 5579 virginis
2046 5514 2102 5562 et

509 5598 733 5668 reginae.
759 5595 926 5668 Cujus
953 5610 1166 5669 corpus,
1200 5613 1325 5657 cum
1351 5599 1536 5655 decem
1567 5598 1723 5655 annis
1746 5604 1889 5653 esset
1925 5596 2099 5667 sepul-

510 5693 653 5753 tum,
685 5688 1059 5758 incorruptum
1086 5690 1364 5747 inventum
1388 5699 1489 5748 est.

584 5777 717 5831 item
747 5778 930 5849 vigilia
960 5781 1131 5835 sancti
1160 5780 1381 5838 Joannis
1410 5784 1685 5854 Baptistae.

2198 4380 2393 4455 polim]
2426 4382 2780 4449 Thraciarum
2812 4384 3027 4449 urbem,
3058 4398 3089 4438 a
3109 4391 3271 4456 gente
3298 4382 3631 4459 Scytharum
3664 4382 3795 4437 tuis-

2201 4484 2284 4532 set
2312 4478 2591 4543 obsessus,
2626 4486 2682 4532 et
2704 4477 2772 4533 ad
2803 4475 3203 4553 suggestionem
3233 4484 3545 4541 sanctorum
3569 4474 3794 4541 Joannis

2203 4576 2257 4623 et
2308 4566 2481 4631 Pauli,
2516 4568 2765 4623 abdicata
2814 4567 3080 4629 idolorum
3133 4566 3366 4632 cultura,
3398 4566 3615 4625 Domini
3668 4566 3793 4621 Jesu

2128 4616 2177 4687 θ
2204 4658 2404 4715 Christi
2442 4675 2501 4714 se
2534 4642 2834 4717 defensioni
2862 4660 3320 4725 commendasset,
3351 4667 3406 4713 et
3448 4659 3563 4737 ipse
3593 4666 3648 4715 et
3677 4666 3798 4711 tota:

2204 4749 2452 4805 Thraciae
2477 4748 2545 4804 ab
2576 4749 2813 4809 hostium
2849 4750 3158 4807 incursione
3202 4758 3330 4813 sunt
3370 4749 3637 4815 liberata.
3668 4749 3797 4825 Qui-

2202 4856 2307 4911 que
2333 4840 2561 4905 Romam
2589 4857 2860 4909 reversus,
2894 4852 2946 4898 et
2980 4841 3326 4903 Christianus
3359 4842 3609 4908 eil‘ectus,
3642 4844 3797 4915 quin-

2202 4950 2308 5006 que
2360 4935 2526 4991 millia
2560 4950 2839 4990 servorum
2894 4949 3114 4991 suorum
3155 4934 3354 4997 liberos
3404 4935 3661 5005 civesque
3689 4933 3797 4997 Ro-

2204 5042 2395 5083 manos
2422 5026 2569 5091 fecit,
2596 5026 2794 5096 quibus
2818 5025 2981 5081 etiam
3008 5026 3204 5096 praedia
3235 5012 3530 5101 domosque
3553 5027 3791 5087 donavit.

2205 5120 2444 5173 Cunctas
2474 5132 2606 5172 vero
2647 5116 2935 5173 facultates
2958 5133 3105 5181 suas,
3138 5116 3506 5188 exceptojure
3534 5116 3791 5180 ﬁliarum,

2203 5210 2392 5264 Atticae
2420 5209 2670 5265 videlicet
2710 5220 2766 5266 et
2807 5209 3083 5281 Artemiae,
3132 5224 3268 5281 quas
3305 5211 3663 5275 Constantina
3686 5213 3793 5277 Au-

2203 5312 2359 5374 gusta
2415 5302 2565 5371 virgo
2622 5303 2996 5358 sacratissima
3052 5302 3270 5359 Christo
3323 5302 3500 5365 fuerat
3548 5302 3793 5367 lucrata,

2204 5394 2434 5451 distrahi
2510 5409 2574 5449 ac
2650 5394 2839 5449 donari
2901 5394 3228 5467 pauperibus
3284 5393 3433 5451 fecit.
3494 5395 3573 5449 Ac
3633 5410 3691 5453 se
3741 5395 3793 5457 in

2204 5488 2440 5547 Ostiensi
2472 5488 2605 5543 urbe
2642 5489 2882 5546 manenti
2923 5497 3110 5555 sancto
3139 5488 3256 5545 viro
3296 5486 3532 5554 cuidam.
3582 5488 3794 5551 nomine

2201 5580 2464 5647 Hilarino,
2493 5580 2740 5647 sociavit,
2785 5577 2937 5650 cujus
2981 5579 3345 5643 habitaculum
3392 5578 3639 5649 ampliari
3672 5577 3797 5632 fecit

2202 5679 2268 5737 ad
2292 5680 2701 5753 peregrinorum
2733 5678 3155 5749 susceptionem,
3187 5691 3349 5749 quam
3393 5676 3509 5747 ipse
3546 5673 3797 5749 plurimis

2204 5774 2567 5848 impendebat.
2625 5773 2692 5828 Et
2750 5772 3080 5829 adminiculo
3124 5785 3403 5831 servorum
3433 5811 3448 5837 .
3500 5784 3636 5842 quos
3680 5766 3795 5845 jam

588 5865 701 5921 Vlil
737 5868 811 5923 in.
845 5867 963 5924 ιω..
998 5899 1070 5910 -
1120 5871 1177 5926 ln
1225 5875 1501 5947 provincia
1532 5874 1839 5944 Palaestina,
1887 5873 2105 5933 civitate
2206 5870 2457 5929 libertate
2482 5868 2729 5939 donavit,
2759 5877 2922 5945 atque
2961 5866 3082 5927 ideo
3115 5864 3321 5925 arctius
3344 5877 3440 5925 eos
3463 5862 3569 5927 sibi
3592 5861 3793 5919 astrin'
