4046 6422
314 330 450 387 1109

1337 308 1966 376 MARTYROLOGIUM.
2007 338 2078 349 —
2121 306 2321 362 MENS.
2365 305 2511 362 JUN.

3425 299 3575 363 “10

315 419 428 514 xit,
461 444 711 501 omnibus
765 438 1128 512 indigentibus
1175 438 1240 492 ad
1276 451 1334 491 se
1376 431 1733 495 venientibus,
1766 441 1894 482 cun-
1922 425 2084 485 Atos
2128 423 2192 476 ad
2242 423 2402 478 ﬁdem
2451 397 2658 476 Christi
2715 419 3001 475 convertit.
3059 417 3294 473 Rediens
3337 431 3470 474 vero
3510 417 3576 472 ad

316 539 526 606 ctisquo
573 527 951 605 languentibus
989 537 1190 586 saneta:
1233 523 1510 582 servitutis
1554 520 1773 576 servitia
1799 533 1895 573 ex-

317 631 505 687 hibere
527 643 632 684 non
653 627 920 689 cessabat,
943 624 1114 678 donec
1137 620 1381 675 Julianus
1407 616 1685 688 Apostata,
1717 612 1896 665 Caesar

317 723 562 788 effectus,
618 721 791 792 legem
845 716 1209 790 promulgaret
1245 722 1304 768 ut
1331 709 1620 768 Christiani
1676 704 1810 760 nihil
1839 703 1896 758 in

318 817 424 871 hoc
449 812 644 870 saeculo
669 811 1025 882 possiderent.
1062 806 1168 863 Sed
1210 814 1263 862 et
1307 814 1435 862 ttmc
1484 800 1793 857 Gallicanos
1841 797 1896 852 in

317 906 659 979 paucissimis
701 905 843 960 casis
890 917 1026 974 quas
1074 899 1142 955 ad
1188 897 1546 954 ministerium
1598 904 1897 964 pauperum

321 1009 628 1057 reservatas
657 998 911 1062 habebat,
943 996 1018 1050 ita
1059 993 1334 1050 Christum
1378 989 1715 1044 defensorem
1753 986 1901 1040 inve-

321 1095 440 1149 nire
466 1093 796 1158 merebatur,
852 1099 911 1146 ut
935 1091 1244 1161 quicunque
1295 1087 1349 1141 in
1379 1099 1472 1140 eas
1505 1083 1774 1137 malitiose
1817 1078 1902 1134 vel

320 1190 389 1246 ad
420 1186 696 1261 ponendos
728 1183 913 1239 titulos
937 1181 1055 1237 ﬁsci
1085 1181 1292 1236 intrare
1321 1182 1692 1248 pressumeret,
1720 1171 1900 1227 statim

322 1292 415 1338 aut
446 1280 662 1336 diabolo
693 1280 1013 1349 repleretur,
1048 1284 1141 1330 aut
1179 1274 1342 1342 lepra:
1369 1269 1594 1324 maculis
1627 1280 1904 1337 resperge-

323 1383 494 1428 retur.
527 1371 680 1440 Quod
723 1387 848 1427 cum
893 1369 1108 1425 Juliauo
1160 1365 1350 1421 fuisset
1380 1362 1703 1427 nuntiatum,
1754 1374 1905 1413 Itan-

324 1468 472 1522 davit
497 1467 546 1521 ei
592 1474 649 1520 ut
698 1473 790 1518 aut
821 1463 925 1518 diis
959 1461 1296 1516 sacriﬁcaret
1322 1466 1415 1511 aut
1443 1472 1476 1511 a
1515 1455 1712 1509 ﬁnibus
1741 1452 1906 1507 italiae

321 1560 644 1614 discederet.
709 1557 831 1611 Mox
884 1570 1012 1625 ergo
1061 1554 1253 1609 beatus
1299 1548 1634 1613 Gallicanus,
1702 1547 1906 1602 relictis

319 1643 607 1705 erunibus,
666 1639 1048 1696 Alexandriam
1102 1639 1304 1709 petiit,
1352 1646 1408 1692 et
1448 1636 1518 1694 ibi
1563 1637 1783 1705 junctus
1825 1642 1909 1689 est

321 1734 724 1794 confessoribus
775 1734 976 1790 Christi
1029 1750 1124 1804 per
1170 1751 1369 1790 annum
1420 1733 1749 1789 continuum.
1781 1730 1910 1785 Post

323 1828 491 1885 etiam
517 1828 744 1886 secessit
770 1827 825 1883 in
849 1843 1112 1894 arentum,
1138 1828 1318 1899 ibique
1339 1843 1368 1883 a
1407 1827 1686 1882 Rauciauo
1713 1826 1910 1881 comite

323 1920 645 1992 templorum
691 1920 743 1976 vi
789 1923 1086 1994 cogebatur
1131 1921 1437 1978 sacriﬁcare
1486 1921 1627 1987 diis;
1679 1929 1734 1975 et
1782 1922 1910 1976 dum

322 2024 716 2083 contemneret,
748 2031 1041 2086 percussus
1092 2016 1268 2087 gladio
1316 2017 1369 2070 in
1401 2031 1649 2085 corpore,
1705 2014 1910 2070 Christi

327 2122 533 2184 martyr
577 2110 794 2180 factus,
849 2120 1014 2183 atque
1061 2113 1134 2167 ita
1181 2112 1421 2182 perrexit
1467 2111 1533 2165 ad
1590 2109 1910 2175 Dominum,

325 2206 565 2275 gaudens
615 2222 736 2261 cum
798 2206 1090 2274 triumpho.
1150 2205 1246 2261 Cui
1300 2206 1484 2261 statim
1538 2206 1619 2260 sui
1679 2205 1914 2259 nominis

325 2299 608 2354 basilicam
662 2309 1105 2367 construxerunt,
1150 2300 1206 2354 in
1259 2317 1362 2370 qua
1404 2299 1703 2354 exuberant
1754 2300 1914 2354 bene-

326 2389 449 2445 ﬁcia
479 2391 756 2461 martyris,
781 2376 853 2446 ef
874 2407 940 2446 eo
967 2400 1024 2446 et
1054 2407 1197 2446 nunc
1225 2401 1280 2445 et
1310 2405 1479 2461 usque
1508 2391 1559 2445 in
1590 2391 1806 2446 saecula.

397 2479 584 2536 Romae
627 2481 840 2537 Luceiae
871 2483 1095 2553 virginis
1128 2490 1182 2538 et
1223 2483 1440 2538 Aueeiaa
1482 2483 1640 2550 regis,
1675 2483 1916 2550 quicum

327 2569 451 2627 aliis
479 2572 667 2644 viginti
697 2574 905 2628 duobus
948 2573 1153 2643 pariter
1183 2574 1448 2644 martyrio
1495 2573 1739 2627 coronati
1768 2580 1913 2628 sunt.

403 2665 470 2721 Ἦ
503 2663 638 2721 ΚΑι..
669 2665 792 2723 Jun.
821 2697 891 2708 -
915 2666 1102 2721 Romae
1124 2667 1379 2722 nativitas
1410 2675 1720 2722 sanctorum
1751 2665 1918 2722 Joan-

329 2755 423 2812 nis
473 2765 530 2812 et
578 2757 731 2819 Pauli
777 2758 1024 2812 fratrum.
1075 2759 1313 2827 Quorum
1364 2761 1516 2831 prior
1561 2761 1916 2831 praepositus,

333 2849 606 2906 secundus
644 2848 748 2904 fuit
776 2849 1116 2920 primicerius
1147 2851 1477 2907 Constantia:
1521 2853 1767 2923 virginis,
1801 2853 1922 2908 ﬁliae

332 2941 676 2997 Constantini
727 2943 1090 3012 imperatoris.
1122 2941 1222 3009 Qui
1252 2958 1373 2997 cum
1407 2944 1552 2998 onmi
1604 2945 1691 2998 die
1715 2953 1922 3000 turmas

333 3033 766 3090 Christianorum
801 3045 1111 3091 rccreareut
1137 3052 1200 3090 ex
1234 3037 1320 3092 his
1350 3032 1543 3107 opibt'ts
1576 3054 1711 3108 quas
1742 3054 1924 3093 sacra—

334 3127 549 3185 tissima
576 3129 728 3199 virgo
755 3128 956 3185 Christi
981 3129 1296 3185 Constantia
1331 3133 1643 3203 reliquerat,
1673 3135 1920 3202 pervenit

335 3219 442 3274 hoc
477 3219 544 3273 ad
571 3218 841 3283 Julianum
895 3219 1274 3290 impiissimum
1302 3221 1590 3277 Caesarem.
1646 3224 1746 3292 Qui
1796 3241 1919 3281 cum

336 3325 440 3368 nec
469 3310 628 3373 minis
659 3326 760 3366 nec
787 3311 1130 3368 suasionibus
1155 3329 1182 3368 a
1215 3314 1413 3368 Christi
1455 3329 1639 3369 amore
1678 3331 1770 3370 eos
1802 3317 1922 3372 abs-

339 3401 558 3456 trahere
597 3409 651 3455 et
695 3402 760 3455 ad
806 3401 1075 3457 idolorum
1124 3404 1391 3459 culturam
1436 3405 1657 3461 allicere
1717 3415 1918 3477 posset,

339 3492 490 3548 dedit
507 3495 587 3549 eis
607 3494 854 3554 inducias
879 3495 1068 3551 decem
1106 3496 1314 3562 diebus,
1342 3506 1400 3551 ut
1427 3499 1493 3552 ad
1519 3501 1919 3555 venerationem

343 3585 570 3641 deorum
627 3603 847 3642 suorum
905 3587 1316 3644 inc‘linarentur.
1377 3591 1528 3646 Tunc
1584 3593 1753 3648 sancti
1805 3593 1922 3660 Dei,

341 3677 684 3741 Christianos
727 3680 800 3734 ad
845 3694 906 3735 se
953 3681 1264 3748 invitantes,
1295 3683 1772 3740 ordinaveruntde
1809 3700 1926 3740 om-

341 3769 504 3825 nibus
539 3786 663 3840 quin
692 3770 998 3842 relinquere
1026 3782 1304 3842 poterant,
1347 3789 1410 3828 ac
1436 3790 1534 3843 per
1563 3783 1704 3830 totos
1735 3777 1924 3832 decem

343 3862 460 3918 dies
491 3863 828 3929 incessanter
851 3873 1010 3920 noctu
1041 3866 1240 3936 diuque
1285 3865 1642 3940 eleemosynis
1674 3869 1926 3924 insisten-

343 3963 446 4021 tes,
479 3956 533 4010 in
559 3957 668 4012 ﬁne
691 3957 885 4012 decimi
916 3958 1045 4025 dici,
1072 3960 1205 4014 hora
1233 3962 1501 4027 cmnandi,
1534 3962 1674 4016 intra
1708 3964 1925 4019 domum

345 4062 498 4103 suam
527 4063 560 4102 a
587 4047 912 4106 Terentiano
954 4051 1357 4121 campidoctore
1399 4061 1616 4107 orantes
1647 4055 1927 4109 constricti

344 4149 494 4204 sunt,
521 4148 574 4195 et
605 4142 749 4195 nulla
785 4143 994 4200 ratione
1023 4145 1106 4199 vel
1133 4146 1553 4201 comminatione
1587 4163 1617 4201 a
1643 4146 1928 4203 dilectione

345 4230 548 4287 Christi
580 4234 1112 4305 quantulumcunque
1157 4238 1508 4303 declinantes,
1541 4253 1640 4309 per
1679 4241 1928 4294 eumdem

349 4321 735 4378 Terentianum
766 4325 1039 4391 decoliati,
1072 4335 1125 4381 et
1163 4329 1305 4383 intra
1329 4330 1546 4384 domum
1578 4345 1729 4385 suam
1777 4332 1928 4388 fovea

349 4414 493 4471 facta
535 4417 756 4487 repositi
803 4428 950 4485 sunt,
996 4419 1137 4474 fama
1166 4421 1434 4492 divulgata
1467 4425 1608 4493 quod
1639 4425 1790 4493 jussu
1819 4425 1932 4480 Cac-

1998 525 2213 591 gentem
2240 517 2328 572 cui
2373 514 2682 587 specialiter
2730 509 2906 569 fuerat
2931 503 3434 584 episcopus'datus,
3471 510 3580 568 Ga-

1998 610 2136 667 latas
2180 625 2352 683 usque
2398 612 2464 666 ad
2512 611 2727 666 beatum
2770 608 2932 664 ﬁnem
2992 607 3117 660 vitae
3165 621 3277 661 sua
3319 605 3374 660 in
3417 615 3584 676 opere

1998 705 2211 761 Domini
2234 703 2580 761 confortavit.

2069 798 2222 867 Apud
2248 797 2587 852 Tiburtinam
2612 795 2780 851 italia:
2799 795 3073 850 civitatem
3098 794 3353 848 nativitas
3378 799 3588 849 sanctae”

2003 887 2400 960 Symphorosm,
2461 888 2647 943 uxoris
2697 888 2839 942 beati
2893 886 3089 942 Gctulii
3153 885 3408 956 martyris
3459 899 3582 938 cum

2002 991 2209 1052 septem
2260 981 2406 1046 ﬁliis,
2457 980 2770 1044 Crescente,
2815 977 3050 1043 Iuliano,
3089 977 3360 1042 Nemesio,
3391 974 3588 1032 Primi-

2004 1076 2132 1141 tivo,
2163 1073 2394 1139 Iustino,
2444 1073 2685 1138 Stacteo,
2725 1072 2983 1143 Eugenio,
3034 1085 3156 1125 cum
3185 1069 3379 1138 quibus
3427 1067 3592 1137 passa

2003 1176 2088 1224 est
2138 1168 2302 1224 simul
2337 1167 2438 1223 sub
2480 1167 2724 1222 Adriano
2751 1167 3024 1237 principe.
3068 1164 3168 1232 Qui
3221 1164 3390 1233 ipsam
3433 1161 3589 1232 Sym-

2003 1261 2292 1330 phorosam
2333 1259 2493 1327 jussit
2538 1259 2731 1329 palmis
2778 1259 2906 1311 caedi
2942 1299 2955 1321 ,
3009 1256 3203 1310 deinde
3251 1269 3349 1324 per
3409 1252 3590 1307 crines

2007 1354 2281 1424 suspendi.
2330 1352 2499 1420 Quam
2548 1353 2674 1406 dum
2721 1367 2991 1422 "superare
3046 1349 3354 1404 nullatenus
3383 1347 3598 1417 posset,

2007 1447 2167 1518 jussit
2227 1462 2347 1502 eam
2400 1446 2628 1516 alligato
2676 1460 2808 1500 saxo
2863 1445 2914 1498 in
2970 1443 3188 1498 ﬂuvium
3242 1441 3589 1513 prtecipitari.

2009 1540 2174 1609 Cujus
2206 1540 2374 1595 frater
2404 1539 2694 1608 Eugenius,
2720 1538 3034 1609 principalis
3061 1538 3226 1592 curia:
3270 1534 3592 1600 Tiburtinae,

2011 1632 2267 1704 colligens
2296 1646 2494 1701 corpus
2524 1629 2660 1698 ejus,
2691 1629 2954 1698 sepelivit.
3004 1628 3069 1682 Et
3108 1644 3265 1682 mane
3300 1628 3598 1697 imperator

2005 1723 2167 1793 jussit
2225 1732 2429 1793 septem
2497 1722 2709 1792 stipites
2765 1722 2874 1789 figi,
2929 1721 3110 1789 ibique
3170 1719 3307 1773 iiiios
3361 1715 3476 1785 ejus
3529 1718 3597 1772 ad

1937 1799 1986 1860 Β
2019 1815 2248 1870 trocleas
2275 1814 2512 1879 extendi,
2544 1823 2598 1869 et
2625 1813 2970 1868 Crescentem
3003 1812 3056 1866 in
3082 1820 3299 1881 gutture
3331 1808 3595 1877 transﬁgi,

2013 1908 2280 1965 lulianum
2301 1910 2355 1964 in
2381 1917 2622 1979 pectore,
2647 1906 2949 1961 Nemesium
2973 1905 3024 1958 in
3046 1906 3228 1970 corde,
3256 1902 3608 1958 Primitivum'

2013 2017 2112 2074 per
2140 2001 2479 2066 umbilicum,
2515 1999 2808 2064 Justiuum,
2856 2014 2950 2068 per
2988 1997 3228 2052 membra
3275 1996 3596 2058 distensum,

2015 2095 2191 2151 scindi
2221 2109 2316 2165 per
2339 2095 2580 2166 singulos
2603 2093 2846 2164 corporis
2893 2093 3062 2147 nodos
3088 2100 3250 2161 atque
3269 2090 3593 2162 juncturas;

2017 2186 2296 2244 Stacteum
2351 2188 2554 2243 lanceis
2620 2186 3148 2251 innumerabilibus,
3196 2185 3368 2239 donec
3421 2194 3601 2236 more-

2017 2289 2191 2347 retur,
2220 2281 2273 2335 in
2308 2290 2506 2336 terram
2552 2279 2746 2350 conﬁgi
2774 2298 2786 2332 :
2815 2277 3113 2347 Eugenium
3152 2275 3282 2331 ﬁndi
3314 2290 3342 2328 a
3383 2271 3614 2343 pectore

2018 2392 2191 2446 usque
2217 2376 2282 2431 ad
2315 2377 2599 2431 inferiores
2639 2385 2858 2446 partes;
2903 2384 2955 2429 et
2989 2381 3284 2444 posuerunt
3320 2364 3605 2442 pontiﬁces

2021 2487 2300 2528 sacrorum
2329 2485 2520 2525 nomen
2552 2468 2655 2525 ioci
2697 2467 2861 2534 illius,
2887 2468 2952 2522 ad
2983 2475 3187 2538 septem
3231 2465 3595 2520 Bitbanatos:

2021 2580 2252 2635 quorum
2279 2577 2506 2633 corpora
2535 2561 2882 2632 requiescunt
2905 2561 2992 2614 via
3018 2558 3323 2624 Tiburtina,
3353 2553 3604 2612 milliaria

2021 2671 2185 2710 llOliO.

2095 2749 2294 2803 Eodem
2325 2748 2410 2803 die
2434 2747 2486 2801 in
2512 2745 2794 2816 Hispania,
2819 2744 3068 2800 Corduba
3092 2743 3329 2808 civitate,
3354 2741 3611 2797 nativitas

2025 2848 2338 2896 sanctorum
2366 2839 2531 2894 Zoelii
2557 2847 2612 2894 et
2632 2838 2860 2893 aliorum
2888 2837 3285 2892 novemdeeim.

2095 2933 2248 3004 Apud
2303 2933 2572 3002 Ephesum
2628 2930 2898 2986 festivitas
2937 2930 3155 3000 Septem
3216 2929 3611 2984 Dormientium

2027 3026 2280 3091 fratrum,
2342 3026 2446 3080 hoc
2500 3033 2622 3090 est,
2671 3022 3022 3088 Maximiani,
3077 3021 3301 3087 Malchi,
3357 3019 3613 3075 Martiani

2031 3117 2421 3192 [Martiniaui],
2474 3117 2739 3187 Dionysii,
2788 3113 3036 3180 Joannis,
3087 3113 3420 3184 Serapionis,
3472 3109 3614 3166 Cen-

2030 3215 2275 3270 stantini.
2327 3212 2429 3280 Qui
2473 3211 2766 3267 Decianam
2815 3209 3248 3279 persecutionem
3296 3215 3417 3278 post
3445 3205 3607 3260 nimia

2027 3316 2081 3362 et
2121 3306 2350 3377 plurima
2388 3312 2653 3360 tormenta
2689 3303 2976 3374 fugientes,
3018 3301 3419 3356 absconderunt
3453 3314 3511 3354 sc
3558 3298 3614 3353 in

2028 3401 2282 3470 spelunca
2311 3397 2497 3470 grandi
2549 3397 2602 3452 in
2649 3405 2831 3450 monte
2860 3393 3048 3459 Caelio,
3078 3401 3134 3448 et
3158 3392 3228 3447 ibi
3268 3392 3321 3446 in
3365 3391 3616 3446 oratione

2027 3494 2241 3548 assidua
2271 3499 2700 3562 permanserunt.
2748 3487 2900 3556 Quod
2951 3487 3173 3542 audiens
3202 3485 3396 3539 Decius
3443 3483 3617 3552 impe-

2029 3597 2194 3646 rator,
2230 3585 2399 3655 jussit
2457 3581 2662 3638 obstrui
2709 3596 2772 3636 os
2815 3579 3082 3650 speluncze
3119 3587 3178 3633 ut
3207 3577 3277 3632 ibi
3307 3575 3616 3631 interirent.

2028 3678 2157 3734 Post
2198 3685 2468 3731 trecentos
2526 3683 2706 3728 autem
2760 3681 2814 3728 et
2863 3672 3201 3742 septuaginta
3252 3668 3385 3723 duos
3426 3681 3617 3735 annos,

2027 3771 2130 3826 hoc
2163 3780 2244 3824 est
2275 3767 2551 3822 tricesimo
2597 3781 2739 3820 anno
2790 3764 3000 3834 imperii
3052 3760 3364 3825 Theodosii,
3395 3758 3487 3813 ﬁlii
3516 3758 3624 3813 Ar»

2029 3862 2166 3917 cadii
2195 3858 2557 3930 imperatoris,
2591 3857 2806 3927 quando
2831 3855 3109 3926 puliulavit
3145 3853 3388 3918 haeresis,
3427 3849 3617 3905 volens

2031 3968 2294 4011 evacuare
2326 3966 2474 4021 spem
2503 3950 2626 4004 ﬁdei
2659 3956 2712 4004 et
2749 3946 3205 4002 resurrectionem
3254 3950 3617 4006 mortuorum,

2033 4044 2136 4114 ipsi
2164 4053 2368 4111 septem
2411 4039 2633 4104 fratres,
2664 4038 2754 4108 qui
2785 4038 2835 4092 in
2867 4037 3123 4108 praedicta
3165 4035 3421 4104 spelunca
3451 4046 3621 4101 usque

2036 4136 2100 4190 ad
2129 4134 2258 4189 illud
2291 4142 2500 4203 tempus
2547 4130 2922 4200 quiescebant,
2977 4128 3154 4182 divina
3181 4125 3488 4196 provisione
3533 4138 3622 4177 su-

2036 4227 2213 4284 scitati
2243 4234 2368 4281 sunt
2401 4225 2468 4280 de
2491 4238 2681 4278 somno
2722 4221 3055 4289 longissimo,
3095 4229 3150 4271 et
3187 4214 3563 4284 comprehensi
3592 4227 3621 4266 a

2035 4314 2355 4391 quibusdam
2381 4332 2446 4372 eo
2471 4315 2612 4385 quod
2638 4313 2919 4383 pecuniam
2951 4310 3032 4364 sui
3064 4308 3318 4378 temporis
3337 4305 3448 4373 jam
3478 4319 3621 4358 nunc

2038 4413 2468 4484 antiquissimam
2516 4410 2571 4463 in
2607 4416 2904 4462 mercatum
2951 4404 3275 4458 adduxerim
3305 4403 3370 4456 ad
3401 4414 3622 4470 compa-

351 4509 493 4566 saris
521 4509 574 4565 in
602 4510 850 4566 exsilium
880 4512 1031 4566 missi
1063 4490 1335 4568 fuissent:
1356 4490 1838 4571 Daemones-autem
1865 4533 1928 4571 ex
1961 4543 2012 4602 D
2040 4499 2266 4560 rallam“
2322 4502 2421 4556 Sibi
2472 4500 2668 4554 Victum
2717 4496 3086 4566 (i‘IOlitilmmm
3113 4535 3126 4559 ν
3179 4494 3233 4547 in
3281 4490 3627 4562 Ρνίηδοηιίθὶω

349 4601 590 4658 obsessis
617 4605 934 4674 corporibus
981 4606 1123 4660 intra
1166 4607 1382 4663 domum
1431 4607 1656 4664 Joannis
1702 4621 1753 4664 et
1781 4609 1932 4666 Pauli

352 4695 723 4765 ejiciebantur,
756 4698 1077 4753 conﬁtentes
1122 4710 1361 4755 sanctam
1395 4702 1696 4771 passionem
1724 4719 1930 4772 eorum,

354 4787 428 4848 ita
453 4796 514 4842 ut
553 4789 745 4846 unicus
786 4790 926 4846 ﬁlius
954 4790 1262 4847 Terentiani
1308 4793 1397 4862 qui
1429 4809 1521 4848 eos
1553 4795 1933 4864 decollaverat,

357 4883 564 4938 veniret
595 4885 734 4939 intra
758 4886 974 4941 domum
1008 4896 1341 4953 sanctorum,
1380 4895 1434 4942 ct
1464 4888 1721 4945 clamaret
1752 4907 1848 4960 per
1879 4907 1939 4946 es

357 4975 473 5043 ejus
519 4977 746 5041 daemon,
798 4980 939 5047 quod
986 4979 1181 5034 Paulus
1207 4987 1260 5034 et
1306 4979 1543 5036 Joannes
1590 4982 1939 5039 incenderent

357 5074 502 5113 eum.
538 5060 686 5116 Tune
732 5061 1109 5131 Terentianum,
1150 5066 1331 5120 divina
1362 5075 1715 5135 compunctus
1747 5068 1940 5138 gratia,

359 5161 416 5207 et
454 5153 505 5216 in
534 5152 751 5209 Christo
781 5166 1148 5227 regeneratum,
1181 5159 1364 5212 tandiu
1395 5159 1460 5213 ad
1487 5169 1795 5213 sanctorum
1820 5175 1943 5214 cor-

361 5257 492 5313 pora
551 5245 887 5300 orationibus
945 5247 1223 5312 incubuit,
1277 5249 1453 5303 donec
1508 5249 1944 5306 emundationem

362 5334 474 5394 ﬁlio
499 5353 600 5393 suo
628 5339 960 5409 impetraret.

436 5427 495 5484 lu
513 5429 841 5486 Alexandria
873 5430 1196 5502 Agathonis,
1225 5431 1479 5503 Diogenis
1509 5442 1563 5489 et
1586 5435 1780 5506 Bigati.

437 5518 496 5576 in
526 5521 708 5578 Africa
735 5523 1043 5590 Gattdontii,
1072 5523 1285 5588 Felicis,
1333 5524 1546 5595 Agapiti
1576 5536 1632 5580 et
1673 5527 1946 5584 Emeritos.

441 5611 646 5669 VKAL.
686 5615 804 5670 Jun.
843 5647 916 5658 -—-
963 5616 1020 5670 lu
1065 5614 1274 5672 Galatia
1321 5617 1578 5672 nativitas
1624 5617 1768 5672 beati
1819 5619 1950 5674 Gre-

370 5708 591 5771 scentis,
643 5709 890 5778 discipuli
944 5710 1085 5764 beati
1138 5709 1291 5764 Pauli
1343 5710 1590 5780 apostoli.
1640 5708 1740 5777 Qui
1791 5719 1845 5764 et
1899 5711 1950 5766 in

373 5797 577 5856 Gallias
606 5802 891 5857 transitum
927 5802 1150 5870 faciens,
1189 5803 1356 5859 verbo
1381 5803 1778 5875 praedicationis
1815 5803 1950 5858 mul-

2042 4595 2319 4650 liominum
2361 4593 2502 4647 illius
2529 4590 2703 4644 aatatis
2732 4588 2970 4652 adducti,
3002 4586 3153 4655 quasi
3194 4586 3504 4640 inventores
3531 4597 3630 4635 au-

2045 4688 2313 4758 tiquorum
2375 4684 2750 4738 thesaurorum
2809 4679 3142 4749 cogebantur
3202 4675 3429 4730 reddere
3485 4670 3629 4742 quod

2041 4782 2366 4856 putabantur
2395 4786 2597 4831 tenere.
2626 4774 2732 4829 Sed
2766 4781 2882 4844 post
2925 4771 3147 4825 multam
3172 4767 3630 4825 concertationem

2043 4886 2098 4932 et
2127 4883 2440 4929 sanctorum
2477 4869 2697 4924 nimiam
2745 4865 3150 4920 tribulationem
3200 4862 3347 4932 (quia
3387 4859 3632 4928 suspica-

2043 4971 2241 5026 bantur
2274 4981 2331 5022 se
2358 4978 2582 5034 vespere
2606 4962 2673 5018 de
2701 4962 2920 5017 civitate
2939 4961 3112 5014 exisse
3133 4967 3188 5013 et
3210 4971 3369 5010 mane
3396 4953 3629 5016 redisse,

2046 5064 2170 5116 licet
2202 5063 2485 5115 immutata
2518 5065 2663 5112 esset
2716 5056 2769 5109 in
2817 5054 2986 5109 oculis
3039 5049 3268 5122 eorum),
3304 5047 3516 5103 tandem
3542 5061 3632 5100 ve-

2048 5158 2231 5212 niente
2260 5153 2467 5208 Marino
2490 5149 2847 5223 Ephesiorum
2888 5149 3160 5217 episc0po,
3203 5154 3258 5198 et
3295 5143 3521 5197 veritate
3551 5139 3632 5194 rei

2051 5247 2334 5304 diiiiculter
2362 5245 2661 5315 exsculpta,
2686 5240 2898 5296 liberati
2923 5247 3048 5293 sunt
3071 5237 3137 5291 de
3158 5235 3403 5290 manibus
3425 5233 3632 5287 violen—

2053 5350 2228 5396 torum
2272 5355 2286 5392 :
2342 5353 2405 5393 ac
2456 5334 2762 5391 Theodosio
2824 5329 3134 5399 imperatori
3212 5328 3278 5381 de
3331 5323 3635 5396 longinquis

2050 5431 2234 5491 mundi
2297 5429 2543 5501 partibus
2593 5428 2873 5488 advocato,
2931 5423 2983 5477 in
3038 5419 3402 5476 testimonium
3441 5418 3636 5470 futurae

2052 5523 2468 5583 resurrectionis
2512 5517 2844 5590 praesentati,
2895 5517 3089 5570 iterum
3139 5513 3193 5567 in
3233 5512 3408 5566 locum
3437 5508 3636 5580 quietis

2051 5618 2291 5690 pristinae
2313 5615 2610 5668 redierunt.

2124 5709 2178 5762 in
2207 5705 2426 5762 civitate
2455 5699 2898 5756 Ambianensium
2930 5695 3168 5750 inventio
3193 5707 3480 5763 corporum
3510 5705 3635 5748 san-

2052 5810 2262 5858 ctorum
2293 5795 2566 5861 Fusciani,
2602 5790 2857 5846 Victorici
2898 5797 3060 5860 atque
3083 5783 3353 5842 Geutiani.
