4046 6432
466 400 599 456 ΠΗ

1384 395 1447 450 Β.
1486 392 1791 451 NOTKERI
1829 392 2123 451 BALBULI
2164 393 2225 451 S.
2260 394 2466 453 GALLI
2505 393 2813 454 MONACHI

3614 391 3760 448 illi

534 513 603 568 ιν
632 511 767 568 Kac.
795 510 1007 578 Jur...-—-
1032 510 1188 583 Apud
1221 510 1542 582 Lugdunum
1570 507 1756 564 Gallia:
1795 507 2051 564 nativitas
2078 511 2130 572 Α
2154 509 2336 581 priore
2379 510 2796 577 dissonantiam,
2845 507 2963 579 ejus
3002 521 3036 565 a
3063 506 3338 580 plerisque
3379 515 3636 580 negatur,
3662 509 3764 564 sed

461 606 637 665 sancti
666 605 855 662 ἰηιηωί
877 605 1136 677 episcopi,
1163 604 1256 676 qui
1284 605 1446 667 beato
1490 601 1727 659 Photino
1754 616 1923 673 prope
1952 614 2055 657 no-

461 699 766 772 nagenario
802 699 873 755 ob
901 697 1107 754 Christi
1135 696 1457 770 martyrium
1479 704 1761 760 coronato,
1792 694 1844 749 in
1877 692 2055 750 locum

459 787 579 859 ejus
607 789 886 846 successit.
914 788 1087 856 Quem
1116 788 1284 844 etiam
1323 794 1539 843 constat
1575 785 1872 842 beatissimi
1897 784 2057 855 Poly-

459 881 614 953 carpi
641 882 893 954 discipuli
923 882 1098 938 sancti
1123 880 1349 937 Joannis
1388 878 1642 951 apostoli,
1682 878 1983 936 sacerdotis
1998 887 2057 935 et

458 975 741 1047 martyris,
799 973 966 1032 fuisse
1012 974 1335 1046 discipulum
1374 987 1389 1027 :
1425 974 1627 1045 quique
1675 972 2057 1044 persecutione

458 1066 652 1124 Severi
686 1084 811 1125 cum
834 1070 985 1127 omni
1026 1068 1139 1125 fere
1178 1068 1416 1125 civitatis
1445 1084 1557 1125 suae
1579 1067 1779 1139 populo
1821 1067 2057 1139 gloriose

459 1167 754 1216 coronatus
806 1168 893 1216 est
945 1160 1243 1232 martyrio,
1290 1158 1534 1230 sepultus
1583 1166 1668 1215 est
1714 1174 1746 1213 a
1789 1158 2057 1215 Zacharia

454 1250 798 1323 presbytero,
826 1252 879 1306 in
907 1260 1096 1324 crypta
1121 1250 1358 1308 basilica:
1379 1251 1520 1307 beati
1545 1249 1772 1307 Joannis
1800 1249 2057 1321 Baptista:

457 1340 562 1398 sub
586 1341 765 1410 altari,
796 1343 952 1413 cujus
980 1343 1051 1400 ab
1074 1360 1185 1399 uno
1224 1344 1393 1400 latere
1436 1343 1755 1415 Epipodius,
1783 1345 1854 1401 ab
1881 1343 2056 1401 altero

350 1500 358 1511 ν
452 1434 763 1497 Alexander
791 1444 1001 1509 martyr
1027 1444 1110 1493 est
1128 1435 1445 1492 tumulatus.

356 1528 367 1559 ε
398 1532 435 1602 ς
529 1525 736 1582 Eodem
767 1528 854 1582 die
901 1528 1044 1597 apud
1087 1527 1473 1583 Alexandriam
1503 1528 1685 1598 passio
1740 1536 2053 1585 sanctorum

422 1604 760 1691 imartyrum
815 1619 1115 1687 Plutarchi,
1170 1620 1358 1677 Sereni
1388 1660 1403 1685 ,
1460 1619 1783 1687 Heraclidis,
1835 1618 2052 1677 Herois.

454 1707 587 1786 Item
618 1708 829 1777 Sereni,
874 1710 1225 1776 Potamiente,
1270 1711 1535 1767 Marcellae
1561 1720 1618 1767 et
1645 1713 2055 1768 catechumenae

454 1798 615 1856 Herm
635 1801 870 1868 nomine,
900 1802 1227 1873 baptismum
1267 1804 1530 1877 martyrio
1560 1811 1886 1860 consecutae.
1908 1804 2055 1859 later

2160 615 2289 658 vere
2322 603 2492 674 ipsius
2515 617 2634 660 esse
2656 618 2687 658 a
2714 603 2927 659 cunctis
2948 616 3143 659 sanum
3176 600 3518 673 sapientibus
3546 616 3755 673 appro-

2160 693 2341 750 batur.
2367 694 2468 749 Hic
2491 695 2765 751 ordinavit
2785 695 2919 751 daos
2945 694 3256 765 episcopos,
3278 692 3477 750 Linum
3504 693 3766 750 videlicet

2160 795 2215 843 et
2265 786 2498 854 Cletum,
2557 789 2648 859 qui
2705 787 3106 860 praesentaliter
3167 802 3331 844 omne
3392 786 3765 844 ministerium

2159 880 2497 937 sacerdotale
2528 882 2582 937 in
2608 882 2744 937 urbe
2773 881 2944 937 Roma
2970 882 3168 953 populo
3199 880 3285 937 vel
3315 880 3764 951 supervenienti-

2160 973 2265 1030 bus
2300 975 2640 1031 exhiberent.
2691 974 2813 1046 lpse
2837 989 2970 1031 vero
3010 973 3244 1029 orationi
3276 981 3331 1029 et
3377 972 3767 1044 pmdicationi

2159 1083 2381 1140 operam
2409 1069 2606 1125 dabat:
2638 1067 2781 1125 sicut
2806 1067 2976 1124 etiam
3002 1065 3399 1138 Hierosolymis
3426 1065 3763 1123 diaconibus

2160 1164 2228 1220 ad
2248 1163 2537 1220 viduarum
2560 1174 2626 1220 ac
2648 1160 2980 1234 pupillorum
3020 1159 3387 1219 ministerium
3417 1158 3766 1228 constitutis,

2160 1255 2277 1328 ipse
2297 1270 2422 1311 cum
2446 1254 2659 1311 caeteris
2680 1252 2944 1325 apostolis
2975 1251 3213 1310 orationi
3237 1267 3303 1310 ac
3334 1251 3506 1310 verbo
3541 1266 3770 1324 semmr

2159 1357 2281 1406 erat
2312 1349 2543 1405 instans.

2230 1440 2431 1497 Paulus
2459 1455 2697 1513 quoque,
2724 1449 2848 1513 post
2890 1441 3205 1513 passionem
3234 1439 3453 1496 Domini
3494 1438 3767 1495 vicesimo

2157 1534 2350 1607 quinto
2377 1549 2538 1601 anno,
2587 1534 2641 1589 id
2683 1543 2766 1592 est
2812 1534 3052 1591 secundo
3075 1532 3327 1599 Neronis,
3352 1540 3647 1604 postquam
3695 1530 3767 1586 ab

2158 1627 2459 1685 Jerusalem
2503 1644 2676 1700 usque
2725 1629 2780 1685 in
2826 1629 3099 1701 Illyricum
3150 1627 3501 1699 Evangelium
3554 1625 3765 1683 Christi

2160 1719 2405 1793 replevit.
2423 1720 2654 1777 Romam
2676 1720 2895 1791 quidem
2918 1721 3132 1778 vinctus
3156 1719 3413 1784 directus,
3445 1718 3542 1775 sed
3575 1734 3608 1772 a
3647 1717 3768 1774 Deo

2161 1811 2488 1868 mirabiliter
2516 1812 2816 1880 absolutus,
2865 1811 2965 1868 sub
3004 1812 3174 1868 libera
3204 1812 3448 1868 custodia
3476 1811 3765 1881 ingressus

454 1906 593 1964 quas
621 1893 891 1965 praecipua
947 1904 1064 1949 erat
1112 1894 1428 1951 Potamiena
1476 1895 1649 1967 virgo,
1699 1910 1821 1967 quae
1873 1896 2052 1968 primo
2079 1909 2131 1972 Β
2157 1911 2260 1969 est,
2298 1911 2355 1959 et
2382 1903 2522 1960 sicut
2547 1904 2663 1975 ipse
2692 1904 2746 1960 in
2772 1904 3010 1961 secunda
3034 1904 3103 1959 ad
3124 1902 3473 1959 Timotheum
3516 1901 3765 1973 Epistola

450 1982 750 2039 immensos
775 1994 829 2039 et
859 1984 1173 2043 innumeros
1191 2002 1395 2059 agones
1417 2002 1519 2059 pro
1551 1988 1866 2061 virginitate
1893 1988 2053 2046 desu-

453 2075 612 2143 dans,
643 2077 839 2133 deinde
876 2078 1040 2134 etiam
1076 2095 1176 2151 pro
1222 2079 1424 2136 Christi
1472 2080 1737 2153 martyrio
1781 2075 2053 2151 exquisita

452 2175 509 2224 et
528 2170 770 2226 inaudita
821 2180 1087 2228 tormenta
1119 2187 1398 2245 perpessa,
1435 2174 1502 2229 ad
1529 2173 1780 2230 ultimum
1807 2189 1931 2230 cum
1959 2191 2054 2233 ve-

451 2263 685 2318 nerabili
715 2274 890 2319 matre
917 2263 1179 2321 Marcella
1216 2266 1358 2338 ignis
1378 2265 1662 2338 suppliciis
1686 2275 2051 2338 comsumpta,

449 2367 483 2410 e
519 2356 681 2411 terris
712 2356 967 2427 migravit
992 2355 1059 2412 ad
1088 2358 1309 2412 cmlum.

520 2447 727 2503 Eodem
755 2448 842 2504 die
871 2448 1138 2519 depositio
1165 2450 1338 2506 sancti
1374 2449 1574 2508 Leonis
1588 2465 1760 2524 papae.
1791 2450 1894 2519 Qui
1933 2459 2055 2521 post

447 2542 671 2598 beatum
702 2539 927 2596 Petrum
959 2541 1262 2611 apostolum
1283 2543 1734 2615 quadragesimus
1762 2543 2051 2614 septimus,

449 2635 510 2690 in
536 2633 670 2690 urbe
696 2634 870 2689 Roma
901 2634 1043 2690 sedit
1083 2650 1256 2692 annos
1282 2636 1473 2708 viginti
1498 2644 1557 2692 et
1585 2653 1776 2701 unum,
1805 2651 2052 2692 mensem

448 2742 640 2794 unum,
665 2726 783 2784 dies
826 2726 1108 2783 tredecim.
1140 2727 1241 2783 llic
1274 2727 1506 2799 plurima
1559 2729 1809 2785 doctrina
1845 2729 2049 2785 exube-

449 2835 605 2887 rans,
660 2828 716 2875 et
776 2835 901 2877 cum
949 2820 1134 2877 multis
1183 2822 1453 2894 episcopis
1507 2820 1670 2879 ﬁdem
1724 2822 2050 2879 catholicam

450 2926 753 2983 exponens,
804 2912 1200 2985 Eutychianam
1262 2922 1317 2971 et
1364 2914 1747 2972 Nestoriauam
1796 2915 2051 2973 haeresim

452 3006 753 3072 damnavit,
777 3016 834 3062 et
862 3007 1270 3063 sanctissimum
1292 3007 1739 3064 Chalcedoneuse
1759 3007 2052 3065 concilium

449 3113 550 3155 sua
593 3098 861 3156 industria
914 3100 1233 3170 congregari
1266 3099 1416 3156 fecit.
1448 3099 1549 3155 Hic
1586 3099 1870 3157 constituit
1905 3100 2053 3156 intra

450 3193 725 3248 actionem
780 3192 1003 3248 dicere:
1056 3191 1313 3249 Sanctum
1359 3193 1704 3263 sacriﬁcium,
1759 3203 1815 3249 et
1857 3207 2049 3250 mona-

2156 1995 2349 2052 scribit
2380 1996 2534 2068 (cap.
2562 1999 2665 2066 tv),
2704 1996 2958 2052 liberatus
2986 1997 3051 2051 de
3079 2012 3172 2051 ore
3194 1995 3382 2061 leonis,
3423 1993 3763 2050 ferocissimi

2156 2090 2411 2167 videlicet
2456 2092 2824 2163 persecutoris
2861 2090 3114 2157 Neronis,
3146 2088 3500 2161 Evangelium
3552 2087 3765 2144 Christi

2158 2186 2212 2243 in
2251 2184 2565 2242 Occidentis
2595 2198 2813 2256 quoque
2854 2183 3104 2255 partibus
3146 2180 3486 2253 praedicavit,
3538 2187 3598 2235 et
3643 2179 3762 2250 ipse

2158 2285 2351 2348 quarto
2374 2278 2589 2334 decimo
2606 2276 2839 2333 Neronis
2864 2291 3026 2340 anno,
3058 2276 3247 2333 eodem
3283 2274 3372 2331 die
3406 2289 3516 2345 quo
3542 2273 3764 2339 Petrus,

2157 2373 2345 2429 Romae
2368 2387 2469 2441 pro
2500 2371 2722 2430 Christo
2747 2371 2925 2442 capite
2967 2377 3269 2435 truncatus,
3301 2367 3550 2440 sepultus
3577 2374 3664 2422 est
3708 2366 3763 2421 in

2156 2468 2246 2523 via
2274 2466 2538 2535 Ostiensi,
2569 2481 2715 2522 anno
2741 2474 2868 2538 post
2884 2465 3197 2536 passionem
3237 2463 3453 2520 Domini
3477 2462 3764 2518 tricesimo

2158 2561 2412 2631 septimo.
2447 2558 2683 2631 Scripsit
2728 2566 2910 2613 autem
2945 2571 3163 2623 novem,
3196 2557 3308 2611 imo
3346 2555 3564 2618 decem,
3601 2551 3761 2622 juxta

2156 2650 2484 2722 Decalogum
2534 2649 2691 2719 legis,
2738 2648 3009 2720 Epistolas
3062 2649 3130 2705 ad
3179 2657 3387 2719 septem
3438 2645 3759 2702 Ecclesias:

2156 2740 2237 2796 Ad
2267 2739 2541 2795 Romanos
2570 2751 2756 2801 unam,
2805 2737 2874 2790 ad
2913 2733 3226 2792 Corinthios
3251 2734 3410 2800 duas,
3435 2733 3505 2789 ad
3535 2730 3762 2788 Galatas

2157 2847 2344 2896 unam,
2371 2831 2439 2885 ad
2467 2829 2737 2902 Ephesios
2759 2844 2947 2889 unam.
2970 2828 3040 2883 ad
3060 2827 3441 2898 Philippenses
3470 2839 3661 2891 unam,
3686 2822 3757 2879 ad

2155 2921 2506 2980 Colossenses
2556 2936 2745 2985 unam,
2801 2920 2869 2974 ad
2925 2918 3444 2975 Thessalonicenses
3483 2917 3643 2982 duas,
3689 2915 3759 2970 ad

2156 3014 2417 3071 Hebraeos
2458 3028 2647 3070 unam.
2696 3013 2775 3069 De
2820 3026 2927 3082 qua
2957 3010 3084 3067 licet
3111 3025 3140 3066 a
3169 3009 3494 3082 quibusdam
3534 3016 3762 3079 propter

2158 3105 2655 3164 dissimilitudinem
2705 3104 2978 3161 dictorum
3032 3111 3197 3173 atque
3245 3101 3671 3167 sententiarum,
3705 3110 3764 3156 et

2158 3200 2286 3272 quia
2334 3214 2534 3256 nomen
2560 3197 2704 3254 illius
2747 3198 2803 3253 in
2855 3196 3013 3253 titulo
3057 3210 3169 3254 non
3204 3193 3762 3265 hahetur,quondam

452 3283 613 3340 chain
660 3300 767 3340 non
811 3285 1060 3357 accipere
1089 3285 1334 3342 velamen
1382 3286 1578 3357 capitis
1608 3286 1956 3343 benedictum
1981 3286 2051 3343 ab
2078 3285 2127 3352 C
2157 3291 2460 3349 dubitatum
2489 3289 2580 3355 sit,
2633 3302 2780 3344 nunc
2817 3295 2873 3344 et
2903 3287 3048 3343 inter
3072 3284 3367 3343 canonicas
3414 3282 3758 3355 Scriptum,

451 3377 706 3450 episcopo
728 3378 832 3435 nisi
863 3380 1017 3449 prius
1046 3379 1335 3451 virginitas
1359 3378 1505 3436 illius
1533 3380 1764 3450 probata
1787 3378 1975 3435 fuerit.

522 3472 581 3528 in
603 3472 792 3530 Africa
818 3471 1045 3530 Fabiani
1071 3481 1128 3529 et
1150 3471 1347 3532 Felicis
1379 3488 1504 3531 cum
1533 3471 1656 3530 aliis
1683 3472 1867 3530 multis
1906 3487 2055 3531 mar-

456 3566 685 3637 tyribus.

523 3658 718 3731 Vigilia
737 3659 1208 3719 sanctissimorum
1224 3661 1592 3733 apostolorum
1617 3660 1765 3719 Petri
1789 3669 1845 3719 et
1875 3662 2053 3719 Pauli.

521 3749 589 3805 1H
612 3750 747 3808 KAL.
779 3750 903 3808 Jun.
929 3781 1003 3793 —
1026 3751 1214 3808 Romae
1238 3753 1439 3808 natalis
1468 3754 1750 3810 beatorum
1777 3753 2052 3824 apostolo-

450 3860 575 3901 rum
631 3843 778 3901 Petri
838 3856 894 3901 et
942 3844 1115 3912 Pauli,
1162 3847 1257 3917 qui
1315 3847 1458 3917 passi
1513 3855 1640 3902 sunt
1690 3846 1793 3903 sub
1839 3845 2056 3904 Nerone

452 3932 691 4000 Caesare,
722 3929 895 3991 Basso
941 3943 998 3991 et
1046 3934 1224 3991 Tusco
1273 3936 1606 3993 consulibus.
1663 3937 1880 4005 Petrus,
1930 3946 2056 4010 post

452 4023 750 4080 multorum
771 4024 1000 4080 millium
1031 4025 1343 4082 Judaeorum
1385 4028 1796 4084 conversionem
1830 4028 1898 4084 ad
1948 4028 2057 4084 Do-

453 4116 662 4171 minum
706 4113 892 4171 Jesum
925 4114 1225 4183 Christum,
1272 4126 1398 4190 post
1425 4119 1768 4176 vocationem
1816 4119 2056 4177 Cornelii

453 4217 510 4266 et
548 4209 908 4279 plurimorum
951 4210 1252 4283 gentilium,
1292 4221 1415 4284 post
1454 4212 1827 4284 episcopatum
1858 4212 2052 4268 Antio-

451 4305 642 4361 chena:
665 4304 924 4363 Ecclesia:
949 4315 1005 4361 et
1025 4306 1465 4376 praedicationem
1493 4306 1846 4379 dispersionis
1864 4320 2054 4362 eorum

451 4398 546 4469 qui
573 4396 643 4453 de
680 4398 1093 4455 circumcisione
1122 4399 1175 4454 in
1202 4398 1397 4466 Ponto,
1426 4398 1662 4467 Galatia,
1690 4398 2056 4472 Cappadocia,

450 4485 579 4541 Asia
608 4497 662 4542 et
699 4485 954 4558 Bithynia
1005 4488 1060 4543 in
1088 4487 1364 4545 Christum
1403 4489 1767 4556 crediderant,
1816 4489 2056 4547 secundo

455 4576 670 4634 Claudii
718 4593 861 4633 anno
914 4578 983 4634 ad
1027 4580 1442 4650 expugnandum
1493 4578 1771 4636 Simonem
1819 4579 2053 4653 Magum,

2157 3392 2213 3439 et
2261 3383 2433 3455 ipsius
2462 3380 2610 3439 beati
2656 3379 2810 3436 Pauli
2841 3378 3074 3450 apostoli
3101 3376 3474 3434 indubitanter
3499 3375 3758 3432 habetur.

2156 3479 2428 3534 Praeterea
2453 3484 2582 3532 sunt
2598 3483 2656 3532 et
2676 3473 2796 3530 alia:
2824 3474 2894 3529 ad
2922 3470 3219 3543 discipulos
3241 3469 3364 3541 ejus
3391 3477 3659 3540 quatuor,
3688 3468 3759 3523 ad

2158 3572 2505 3630 Timotheum
2560 3570 2701 3636 duae,
2738 3569 2807 3625 ad
2849 3567 3032 3624 Titum
3084 3579 3217 3630 una,
3266 3563 3335 3618 ad
3380 3562 3760 3618 Philemonem

2157 3680 2286 3721 una.
2309 3663 2523 3735 Legunt
2543 3661 2766 3732 quidam
2806 3667 2865 3716 et
2894 3660 2965 3714 ad
2998 3656 3384 3720 Laodicenses,
3420 3669 3545 3725 qua
3571 3662 3759 3709 tamen

2157 3773 2258 3829 pro
2288 3755 2459 3812 nihilo
2484 3760 2769 3824 reputatur
2792 3752 2934 3822 apud
2970 3750 3264 3822 sapientes.
3293 3745 3759 3805 Commemoratis

2159 3851 2324 3922 igitur
2343 3864 2466 3919 quae
2495 3848 2564 3903 ad
2586 3845 2951 3917 apostolatum
2980 3844 3066 3902 vel
3091 3843 3415 3916 martyrium
3439 3840 3564 3912 ejus
3582 3842 3759 3912 perti-

2160 3956 2289 3999 nere
2311 3940 2656 4005 videbantur,
2681 3937 2843 3994 liceat
2868 3936 3080 4008 paucis,
3103 3935 3353 4007 quamvis
3377 3934 3575 3991 ordine
3620 3948 3763 4005 prae-

2158 4041 2397 4103 postero,
2445 4029 2627 4100 aliqua
2670 4028 2739 4084 de
2780 4025 3097 4099 genealogia
3127 4025 3214 4083 vel
3263 4024 3591 4083 educatione
3641 4023 3760 4078 sive

2159 4122 2422 4179 electione
2448 4120 2619 4191 ipsius
2642 4120 2711 4175 ad
2738 4119 3058 4175 memoriam
3080 4119 3449 4176 studiosorum
3473 4131 3759 4173 revocare.

2161 4214 2358 4271 Saulus
2382 4214 2569 4284 itaque
2609 4219 2704 4268 aut
2737 4211 2871 4268 Saul
2901 4220 3076 4279 certe,
3127 4219 3188 4266 ut
3210 4210 3370 4280 juxta
3423 4208 3758 4266 Hebraicum

2162 4307 2361 4363 idioma
2393 4305 2607 4376 loquar,
2643 4305 2772 4376 quia
2816 4306 2993 4376 ipsum
3044 4319 3242 4361 nomen
3277 4304 3333 4359 in
3377 4302 3524 4359 tribu
3566 4285 3761 4373 Betija-

2162 4397 2274 4452 min
2327 4396 2472 4451 unde
2530 4395 2624 4450 ille
2681 4403 2823 4460 erat,
2865 4402 3086 4466 propter
3124 4392 3256 4451 Saul
3295 4408 3479 4465 regem
3518 4392 3764 4447 maxime

2160 4486 2480 4553 excellebat,
2522 4500 2594 4545 ex
2624 4485 2825 4556 oppido
2857 4484 3088 4543 Giscalis
3116 4484 3383 4541 oriundus
3425 4482 3560 4549 fuit;
3593 4497 3705 4553 quo
3726 4498 3760 4537 a

2161 4578 2423 4635 Romanis
2447 4585 2626 4651 capto,
2656 4592 2781 4633 cum
2806 4577 3121 4648 parentibus
3156 4576 3271 4633 suis
3295 4575 3530 4633 Tarsum
3551 4573 3761 4631 Cilicia

458 4670 572 4727 imo
603 4669 673 4725 ad
708 4669 1159 4728 illuminatiouem
1206 4670 1661 4739 Occidentalium,
1708 4681 1763 4730 et
1816 4674 2056 4730 medica-
2081 4660 2135 4722 D
2161 4669 2585 4741 transmigralus
2629 4675 2734 4724 est.
2757 4666 2804 4722 Α
2845 4667 3047 4739 quibus
3073 4668 3145 4723 ob
3168 4665 3406 4722 studium
3449 4665 3758 4721 limatum

458 4772 705 4819 mentum
741 4764 795 4818 in
853 4763 1035 4819 anima
1081 4773 1137 4819 et
1193 4780 1419 4835 corpore
1457 4765 1825 4838 languentium
1869 4782 1902 4823 a
1941 4767 2053 4824 Deo

455 4854 720 4920 directus,
775 4852 1004 4909 Romam
1042 4856 1307 4925 pervenit.
1352 4855 1540 4927 Ibique
1579 4856 1770 4927 viginti
1812 4858 2054 4929 quinque

456 4943 617 5001 annis
658 4945 981 5001 .cathedram
1032 4945 1425 5002 sacerdotalem
1479 4962 1653 5018 usque
1695 4948 1761 5003 ad
1802 4947 2055 5005 ultimum

454 5036 691 5093 Neronis
718 5052 918 5092 annum
948 5037 1157 5092 tenuit:
1190 5055 1220 5092 a
1245 5053 1353 5108 quo
1386 5046 1441 5093 et
1474 5039 1626 5095 cruci
1658 5037 1872 5106 atlixus,
1905 5056 2052 5094 mar-

459 5126 601 5199 tyrio
629 5136 945 5193 coronatus,
982 5126 1160 5199 capite
1207 5129 1505 5183 secundum
1546 5131 1866 5200 petitionem
1899 5147 2053 5187 suam

456 5219 527 5274 ad
572 5227 774 5274 terram
801 5234 979 5286 verso,
1024 5229 1079 5275 et
1125 5220 1351 5291 pedibus
1390 5221 1444 5275 in
1491 5221 1722 5277 sublime
1767 5224 2052 5292 supinatis,

457 5311 587 5384 quia
611 5312 866 5368 videlicet
892 5313 1172 5384 indignum
1195 5329 1254 5370 se
1282 5314 1551 5379 crederet,
1598 5316 1690 5386 qui
1728 5315 1803 5371 ita
1830 5316 2053 5372 cruciﬁ-

457 5413 680 5478 geretur
706 5414 768 5462 ut
793 5406 1055 5463 Dominus
1079 5423 1238 5464 suus:
1270 5408 1623 5481 sepultusque
1647 5410 1787 5480 apud
1805 5411 2054 5467 eamdem

458 5501 651 5557 urbem
713 5500 768 5556 in
822 5499 1107 5567 Vaticano,
1157 5500 1316 5570 juxta
1392 5503 1537 5558 viam
1612 5500 2051 5573 Triumphalem;

460 5594 628 5650 totius
654 5593 807 5650 orbis
844 5594 1195 5651 veneratione
1250 5594 1582 5663 celebratur,
1613 5604 1669 5652 et
1721 5596 1936 5653 cunctis
1985 5610 2056 5652 ex

460 5682 567 5740 ﬁde
587 5700 644 5739 se
668 5684 1070 5756 inquirentibus
1107 5685 1295 5742 multis
1323 5694 1380 5742 et
1404 5686 1859 5745 inenarrabilibus
1878 5688 2055 5746 modis

458 5777 769 5847 opitulatur.
821 5777 1053 5849 Scripsit
1092 5779 1228 5836 duas
1290 5779 1558 5850 Epistolas
1603 5797 1724 5851 quae
1768 5781 2056 5840 Canonicae

463 5869 815 5928 nominantur
858 5888 1143 5945 :quarum
1198 5872 1437 5933 secunda
1478 5884 1702 5947 propter
1750 5876 1879 5949 styli
1930 5891 2055 5939 cum

2161 4761 2598 4835 Hierosolymam
2639 4756 2901 4818 directus.
2943 4777 2976 4816 a
3001 4759 3302 4817 Gamaliele
3339 4758 3581 4829 antiqua:
3621 4758 3761 4831 legis

2160 4853 2515 4927 peritissimo,
2545 4868 2610 4909 ac
2630 4860 2818 4924 postea
2842 4852 2897 4908 in
2916 4850 3270 4922 Evangelium
3299 4847 3507 4905 Christi
3531 4857 3755 4912 vocato,

2162 4948 2219 5003 in
2262 4954 2470 5003 tantum
2521 4946 2768 5001 eruditus
2805 4953 2907 5009 est,
2948 4951 3010 4997 ut
3067 4940 3174 4997 Vas
3204 4941 3474 4997 electionis
3523 4941 3595 4998 ab
3637 4941 3757 5012 ipsq

2165 5040 2352 5096 datore
2375 5038 2737 5110 spiritualium
2767 5037 3160 5094 charismatum
3182 5051 3290 5093 non
3320 5036 3599 5093 immerito
3619 5053 3755 5094 nun-

2163 5130 2355 5202 cupari
2380 5137 2700 5185 mereretur.
2727 5129 2861 5186 Cum
2889 5137 3072 5183 autem
3095 5127 3150 5182 in
3176 5141 3310 5184 nece
3346 5125 3496 5183 beati
3523 5125 3756 5202 Stephaj

2159 5199 2690 5294 ni'protomartyris
2754 5221 3000 5290 Christi,
3054 5220 3256 5278 Judaais
3314 5199 3759 5279 Christianorum

2157 5315 2601 5388 persecutoribus
2640 5325 3037 5373 consentaneus
3083 5325 3253 5382 esset,
3308 5331 3373 5372 ac
3414 5324 3610 5387 postea
3655 5331 3753 5387 per

2158 5416 2326 5463 totam
2354 5407 2503 5463 illam
2524 5407 2865 5478 provinciam
2901 5421 3092 5467 omnes
3123 5407 3442 5464 eo'nomine
3467 5407 3753 5480 insignitas

2159 5506 2428 5564 acerrime
2465 5505 2783 5573 debellaret,
2828 5515 2994 5576 atque
3029 5513 3093 5560 ut
3133 5505 3248 5575 ipse
3276 5503 3590 5571 conﬁtetur,
3622 5502 3749 5560 Jesu

2158 5597 2428 5654 Nazareni
2474 5597 2714 5655 cultores
2744 5612 2916 5667 usque
2946 5598 3004 5653 in
3047 5604 3263 5653 exteras
3287 5597 3535 5653 nationes
3568 5610 3751 5667 perse-

2159 5699 2463 5760 queretur:
2496 5689 2553 5744 in
2593 5689 2813 5760 quibus,
2846 5689 2975 5744 dum
3008 5688 3354 5755 Damascum,
3407 5687 3746 5758 metropolim

2160 5782 2413 5840 videlicet
2453 5783 2647 5856 Syriae,
2689 5790 2960 5855 pergeret,
3008 5781 3340 5840 revelatione
3383 5780 3588 5846 subita,
3640 5781 3748 5835 imo

2162 5890 2326 5951 poena
2359 5877 2698 5953 dignissima,
2722 5876 3037 5952 compulsus
3062 5876 3135 5938 ad
3159 5876 3347 5951 ﬁdem,
3373 5877 3433 5939 in
3468 5876 3747 5939 doctorem
