4046 6462
239 426 378 482 1115

1310 413 1941 474 MARTYROLOGIUM.
1981 441 2052 454 ——
2091 412 2296 470 MENS.
2336 411 2483 469 JUL.

3376 412 3513 468 HM

236 540 478 613 gentium
520 538 585 594 de
605 542 957 608 persecutore
984 542 1068 592 est
1092 533 1407 590 translatus.
1442 532 1686 601 Cumque
1708 532 1820 602 pri-
1844 534 1901 595 Α
1995 529 2199 589 Eodem
2227 529 2332 597 die,
2368 531 2421 585 in
2468 538 2551 586 est
2586 528 2746 585 tertio
2775 527 3044 586 Kalendas
3070 524 3225 595 Julii,
3253 529 3397 601 quod
3427 538 3517 584 est

234 612 382 691 fnum
408 633 474 687 ad
502 632 946 703 praedicationem
966 612 1085 700 ejus
1107 628 1330 701 Sergius
1366 626 1569 683 Paulus
1592 639 1827 694 procon-

237 726 320 780 sul
371 724 533 796 Cypri
580 723 920 787 credidisset,
984 736 1049 777 eo
1094 721 1237 791 quod
1280 736 1406 775 eum
1460 718 1658 775 Christi
1699 715 1827 774 fidei

237 818 545 887 subegerat,
583 816 698 886 ejus
729 815 953 871 sortitus
981 821 1062 869 est
1086 827 1306 869 nomen.

310 910 375 963 Et
405 910 529 978 quia
562 909 629 963 de
653 908 795 963 beati
820 907 971 963 Pauli
999 907 1208 976 origine
1228 921 1321 961 seu
1346 905 1632 960 vocatione
1652 916 1826 973 pauca

235 1002 638 1072 proposuimus,
666 1000 833 1055 etiam
865 1000 930 1055 de
953 1000 1166 1055 caeteris
1196 998 1455 1068 apostolis
1483 996 1599 1051 sine
1630 993 1823 1065 praeju-

238 1095 379 1151 dicio
412 1095 718 1164 sapientum
760 1092 943 1164 aliqua
984 1098 1277 1149 narrentur
1313 1093 1381 1147 ad
1412 1086 1823 1145 instructionem

238 1188 627 1259 ignorantium.

304 1280 385 1335 Ac
411 1280 645 1350 primum
678 1280 957 1335 sciendum
980 1280 1111 1351 quia
1135 1294 1260 1335 cum
1290 1276 1570 1333 duodecim
1600 1272 1823 1345 apostoli

236 1390 266 1429 a
302 1373 532 1429 Domino
594 1371 901 1427 referantur
953 1372 1144 1439 electi,
1204 1369 1568 1442 quorumdam
1635 1381 1826 1423 eorum

234 1468 409 1538 patria
464 1466 550 1522 vel
600 1467 774 1521 tribus
813 1476 906 1521 aut
947 1466 1177 1536 denique
1233 1464 1445 1522 vocatio
1492 1478 1598 1518 non
1640 1468 1826 1532 aperte

235 1561 483 1615 videatur
521 1575 799 1629 expressa.
837 1558 945 1615 Sed
984 1557 1295 1630 diligentius
1338 1556 1595 1626 inspectis
1632 1553 1825 1608 divinae

238 1651 534 1722 Scriptura:
554 1652 786 1722 paginis,
813 1666 990 1723 neque
1027 1652 1141 1705 haec
1169 1650 1255 1721 pie
1277 1648 1641 1719 quaerentibus
1672 1646 1823 1699 iuve-

236 1747 433 1802 nieuda
480 1755 763 1818 negantur.
814 1746 881 1800 Et
924 1746 991 1801 de
1036 1745 1199 1799 Petro
1238 1744 1457 1815 quidem
1507 1750 1563 1797 et
1609 1740 1826 1795 Andrea

238 1848 402 1911 atque
424 1838 669 1910 Philippo
696 1840 837 1909 quod
863 1840 929 1894 de
962 1838 1274 1902 Bethsaida,
1307 1852 1427 1907 qua:
1454 1834 1671 1890 nomine
1702 1847 1828 1903 pro-

1929 634 2056 680 aute
2106 640 2273 680 unum
2328 624 2472 679 diem
2528 623 2888 680 Kalendarum
2945 628 3280 692 earumdem,
3327 625 3514 681 Romae

1927 720 2109 789 passio
2139 727 2532 789 nongentorum
2571 718 2915 787 septuaginta
2944 732 3040 773 sex
3062 726 3385 790 martyrum.

1999 814 2056 868 In
2103 812 2325 869 Perside
2371 811 2624 867 uativitas
2658 820 2967 867 sanctorum
3008 809 3246 868 Simonis
3280 819 3335 866 et
3364 808 3514 866 Judae

1931 904 2239 977 apostoloru
2249 920 2295 958 m
2308 946 2319 958 .

1999 998 2043 1053 ll
2083 1000 2215 1054 KAL.
2267 996 2482 1054 JUL.-—
2517 996 2724 1062 Romae,
2778 997 2887 1052 imo
2929 1011 3027 1067 per
3087 1004 3259 1053 totum
3329 995 3518 1052 orbem

1928 1092 2151 1159 Christi,
2186 1091 2452 1147 festivitas
2475 1090 2645 1147 sancti
2679 1090 2831 1146 Pauli
2861 1090 3111 1163 apostoli.

1998 1185 2131 1239 Item
2163 1184 2357 1239 natalis
2388 1184 2712 1239 beatissima!
2746 1182 2981 1250 Lucinae,
3012 1198 3133 1254 quae
3163 1183 3230 1237 ab
3262 1180 3520 1252 apostolis

1928 1278 2202 1347 baptizata
2232 1285 2314 1332 est
2352 1284 2408 1331 et
2449 1275 2747 1331 instructa:
2791 1291 3019 1346 quaeque
3063 1276 3130 1331 de
3170 1274 3518 1330 facultatibus

1929 1372 2040 1428 suis
2075 1367 2489 1427 necessitatibus
2512 1378 2826 1424 sanctorum
2848 1369 3278 1434 communicans,
3307 1366 3518 1423 vincula

1929 1478 2144 1534 semper
2205 1471 2260 1517 et
2314 1474 2564 1516 carceres
2622 1460 2924 1523 sublevare,
2993 1468 3157 1530 atque
3224 1457 3521 1529 sepulturis

1929 1575 2117 1615 eorum
2146 1558 2531 1614 venerabiliter
2557 1558 2823 1612 inservire
2848 1557 3074 1612 studuit.
3100 1558 3339 1625 Quorum
3364 1556 3525 1612 meri-

1928 1652 1999 1707 tis
2045 1660 2100 1707 et
2153 1652 2267 1722 ipsa
2310 1652 2535 1715 sociata,
2575 1651 2870 1720 pretiosam
2917 1658 3146 1705 mortem
3188 1650 3525 1705 confessione

1930 1745 2132 1801 Christi
2158 1747 2375 1816 adepta,
2401 1746 2539 1799 atria
2567 1743 2807 1800 etelestis
2838 1741 3141 1799 Jerusalem
3167 1743 3373 1797 intrare
3404 1750 3525 1796 vota

1932 1854 2029 1894 sua
2062 1839 2287 1893 Domino
2312 1838 2668 1908 persolvendo
2691 1836 2924 1902 meruit;
2953 1851 3016 1890 ac
3045 1834 3230 1890 Romae
3254 1836 3307 1888 in
3337 1842 3523 1904 crypta

234 1935 357 2006 prio
404 1944 675 1989 venatores
744 1944 958 1990 nostros
1009 1933 1397 2005 praefiguravit,
1447 1932 1552 1987 orti
1607 1930 1827 1995 fuerint,
1860 1916 1907 1976 Β
1935 1929 2212 1995 laudabili,
2256 1946 2418 2000 quam
2444 1930 2557 1999 ipsa
2586 1929 2655 1983 ad
2694 1928 3034 1983 condendum
3067 1941 3293 1995 corpora
3325 1935 3526 1999 marty-

236 2026 418 2082 nullus
441 2027 532 2097 qui
565 2027 912 2100 Evangelium
944 2028 1092 2099 legit,
1124 2028 1358 2101 ignorat.
1385 2025 1539 2093 Quod
1569 2025 1733 2081 etiam
1765 2023 1831 2077 de

235 2117 440 2174 Jacobo
467 2127 521 2173 et
540 2116 748 2174 Joanne
776 2119 1179 2192 intelligendum
1204 2118 1380 2174 Lucas
1408 2117 1565 2173 nobis
1594 2117 1833 2172 insinuat

237 2227 363 2267 cum
397 2226 491 2267 eos
540 2212 798 2277 Simonis,
829 2213 922 2283 qui
967 2213 1036 2268 ob
1077 2212 1391 2267 firmitatem
1421 2210 1543 2266 fidei
1573 2208 1767 2265 Petrus
1800 2223 1833 2264 a

236 2305 468 2360 Domino
508 2306 880 2377 coguominari
912 2305 1132 2375 meruit,
1163 2305 1339 2361 socios
1368 2304 1530 2358 fuisse
1556 2318 1833 2358 commen-

238 2400 347 2453 dat.
375 2397 450 2454 De
479 2398 680 2455 Jacobo
711 2409 890 2454 autem
916 2398 1144 2465 Minore,
1171 2399 1264 2469 qui
1288 2401 1455 2453 frater
1476 2397 1691 2453 Domini
1723 2412 1833 2453 non

240 2493 412 2547 solum
450 2509 481 2548 a
534 2493 797 2556 fidelibus,
846 2509 1037 2549 verum
1068 2507 1124 2549 et
1154 2510 1184 2549 a
1214 2494 1472 2563 Josepho,
1522 2491 1834 2548 Judaaorum

240 2588 699 2659 historiographo,
731 2587 1032 2659 nuncupari
1080 2588 1238 2654 solet,
1264 2595 1321 2643 et
1353 2586 1615 2642 fratribus
1665 2586 1834 2657 ipsius

243 2680 465 2735 Simone
496 2696 560 2736 ac
600 2679 756 2747 Juda,
790 2681 905 2736 sive
946 2681 1241 2747 Thaddteo,
1270 2681 1401 2750 quin
1434 2680 1502 2735 de
1528 2680 1671 2735 tribu
1697 2678 1835 2735 Juda

242 2773 464 2839 fuerint,
499 2776 677 2831 nullus
721 2776 1156 2832 Christianorum
1201 2776 1451 2833 dubitare
1476 2775 1831 2848 permittitur.

242 2867 319 2923 De
341 2869 624 2923 vocatione
662 2884 791 2925 vero
827 2868 1065 2925 Μαιηιωί
1095 2884 1242 2934 cum,
1271 2869 1445 2925 tribus
1488 2869 1835 2939 evangelistis

242 2961 691 3029 consonantibus,
737 2960 1083 3030 apertissime
1129 2960 1424 3026 referatur,
1463 2960 1531 3016 de
1575 2960 1718 3015 tribu
1752 2960 1836 3015 vel

243 3051 417 3121 patria
474 3052 642 3124 ipsius
702 3052 868 3107 taceri
909 3054 1137 3108 videtur.
1196 3051 1303 3108 Sed
1344 3053 1472 3108 dum
1518 3051 1733 3108 Marcus
1782 3063 1837 3109 et

243 3143 421 3200 Lucas
447 3160 592 3211 eum,
632 3144 796 3200 tacito
823 3144 1040 3217 vulgato
1064 3144 1302 3210 nomine,
1343 3143 1472 3200 Levi
1499 3155 1834 3215 nuncupant,

245 3246 340 3292 aut
378 3237 677 3309 Dionymon
719 3236 878 3307 juxta
924 3239 1209 3307 quosdam,
1255 3245 1348 3291 aut
1380 3239 1445 3293 de
1489 3238 1631 3293 tribu
1680 3237 1831 3302 Levi,

1936 2036 2056 2075 rum
2090 2029 2496 2085 construxerat,
2530 2018 2918 2074 honorabiliter
2944 2024 3028 2072 est
3056 2016 3284 2087 sepulta.

2006 2112 2065 2167 lu
2088 2112 2270 2167 Africa
2300 2110 2567 2167 Timothei
2597 2119 2652 2166 et
2691 2110 2882 2166 Zotici.

2005 2204 2064 2259 In
2093 2204 2389 2275 Agrippina
2412 2203 2653 2275 Asclepii
2676 2212 2731 2259 et
2754 2202 3047 2273 Pamphili.

2005 2296 2311 2353 Lemovicis
2365 2296 2633 2368 depositio
2676 2294 2853 2352 sancti
2899 2292 3159 2350 Martialis
3208 2290 3445 2364 episcopi
3476 2300 3533 2347 et

1933 2388 2284 2446 confessoris.

2592 2481 2884 2545 JULIUS.

2191 2582 2425 2643 Mensis
2458 2581 2677 2643 Julius
2708 2580 2888 2641 habet
2925 2580 3054 2641 dies
3085 2599 3263 2642 xxxx.

2005 2683 2141 2738 KAL.
2168 2681 2290 2739 JUL.
2312 2709 2382 2722 ~—-
2415 2680 2473 2736 In
2504 2690 2688 2737 monte
2722 2678 2797 2736 0r
2821 2680 3087 2751 depositio
3137 2680 3324 2737 Aaron
3369 2682 3531 2751 primi

1936 2777 2241 2833 sacerdotis
2272 2776 2324 2830 in
2357 2775 2493 2847 lege.

2004 2870 2192 2925 Romre
2224 2868 2479 2923 nativitas
2535 2867 2709 2923 sancti
2738 2865 2859 2924 Gaii
2888 2881 3041 2938 papae
3068 2875 3122 2923 et
3161 2865 3391 2922 aliorum
3423 2881 3529 2921 non

1936 2980 2107 3037 pauco
2116 2979 2232 3018 rum
2261 2978 2344 3017 ma
2354 2971 2437 3033 ΝΥ
2445 2977 2562 3016 rum
2576 3001 2591 3016 .

2007 3056 2064 3110 lu
2088 3052 2476 3125 Mesopotamia
2530 3051 2704 3109 Zoelli
2733 3067 2854 3107 cum
2882 3050 3002 3106 aliis
3037 3050 3308 3121 plurimis.
3333 3048 3535 3107 Urouis

1941 3147 2238 3222 [Turonis],
2289 3147 2640 3217 Mouegundae
2694 3143 3109 3219 [Monegundiac]
3170 3145 3528 3199 sanctissume

1943 3242 2180 3307 femiuaa,
2212 3240 2354 3308 apud
2380 3239 2598 3295 beatum
2628 3238 2922 3293 Martiuum
2962 3238 3202 3303 inclusa),
3232 3238 3331 3293 sed
3359 3238 3531 3293 mira-

243 3329 402 3400 juxta
445 3299 836 3402 diligentiores,
870 3299 1038 3385 fuisse
1068 3330 1375 3401 designant.
1413 3329 1583 3384 Porro
1615 3329 1680 3383 de
1708 3329 1841 3383 Bar-
1866 3299 1909 3361 Ο
1942 3299 2185 3389 culorum
2213 3299 2531 3387 ostensione
2568 3329 2958 3386 celeberrimze.

248 3421 536 3478 tholomaao
583 3433 743 3494 atque
785 3423 993 3477 Thoma
1033 3423 1167 3478 nihil
1223 3423 1368 3478 aliud
1427 3423 1747 3493 quibusdam
1784 3424 1839 3479 in

246 3516 446 3571 litteris
475 3515 782 3586 apostolicis
811 3516 1108 3586 significari
1159 3516 1396 3582 videtur,
1436 3516 1537 3571 nisi
1584 3517 1728 3586 quod
1772 3530 1841 3570 ex

251 3610 596 3665 multitudine
641 3609 1027 3681 discipniorum
1065 3611 1249 3668 selecti
1288 3620 1583 3667 narrantur
1633 3612 1687 3666 in
1715 3626 1843 3680 apo-

249 3701 501 3758 stolicum
555 3704 803 3773 gradum.
855 3704 961 3759 Sed
1003 3712 1058 3759 et
1100 3705 1152 3759 in
1206 3705 1307 3771 eis,
1353 3706 1398 3760 si
1440 3706 1559 3775 quis
1629 3704 1844 3760 acutius

248 3795 546 3862 intueatur,
575 3812 746 3851 sacra:
781 3796 1076 3866 Scriptura:
1107 3798 1558 3867 profundissimos
1592 3798 1843 3853 rimando

250 3888 538 3944 thesauros
584 3889 837 3954 fontium,
900 3888 1205 3945 Jerusalem
1260 3888 1470 3961 [Israel]
1529 3890 1744 3943 divitias
1787 3904 1845 3943 se

250 3983 523 4038 invenisse
556 3984 985 4054 gratulabundus
1013 3983 1332 4038 admiratur.
1360 3983 1509 4037 Sicut
1555 3983 1605 4036 in
1636 3982 1845 4052 psalmo

252 4076 321 4131 de
352 4078 749 4134 resurrectione
778 4088 833 4131 et
875 4077 1195 4133 ascensione
1238 4076 1454 4131 Domini
1489 4084 1651 4145 atque
1690 4074 1845 4130 donis

256 4166 493 4236 Spiritus
540 4168 736 4232 sancti,
778 4168 1257 4238 apostolorumque
1292 4166 1704 4238 praedicatione,
1744 4180 1846 4222 nec

250 4274 357 4314 non
398 4267 454 4313 et
490 4260 811 4315 credulitate
861 4262 1100 4331 gentium
1145 4262 1259 4315 sive
1303 4260 1627 4316 crudelitate
1661 4273 1844 4330 perse-

249 4354 532 4426 quentium
586 4353 893 4422 conscripto
956 4361 1205 4408 cantatur
1251 4352 1436 4424 (Psat.
1497 4353 1725 4423 van):
1778 4351 1846 4406 In

250 4448 483 4504 ecclesiis
514 4446 795 4501 benedicite
818 4446 930 4501 Deo
954 4446 1178 4501 Domino
1203 4446 1267 4499 de
1290 4446 1521 4515 fontibus
1544 4445 1845 4499 Jerusalem

253 4535 492 4611 [Israel].
520 4536 604 4591 Ibi
626 4536 908 4607 Benjamin
943 4534 1384 4600 adolescentulus,
1419 4534 1615 4591 Paulus
1649 4535 1842 4591 videli-

249 4639 359 4693 cet,
390 4629 530 4684 sicut
571 4628 738 4683 etiam
767 4626 943 4683 Lucas
979 4627 1046 4682 de
1083 4626 1173 4683 illo
1198 4627 1470 4696 repetivit,
1503 4644 1650 4683 secus
1689 4629 1843 4700 pedes

250 4719 599 4775 adolescentis
627 4718 778 4791 (Act.
809 4718 943 4791 vn);
972 4748 1043 4758 —
1080 4718 1135 4772 in
1178 4719 1367 4773 utentis
1417 4735 1652 4785 excessu,
1699 4720 1846 4776 velut

254 4815 397 4869 idem
438 4816 505 4868 de
538 4827 599 4870 se
625 4813 944 4884 profitetur:
984 4813 1106 4871 Sive
1142 4823 1312 4868 mente
1340 4815 1661 4881 excedimus,
1696 4816 1843 4881 Deo;

253 4907 361 4961 sive
391 4915 736 4975 temperantes
765 4923 969 4973 sumus,
1006 4906 1147 4962 vobis
1189 4905 1286 4978 (11
1314 4904 1438 4961 Cor.
1471 4908 1547 4978 v).
1582 4938 1653 4947 —
1680 4906 1847 4963 Prin-

254 4999 394 5067 cipes
418 4996 454 5050 J
460 4998 587 5065 uda,
613 4998 770 5054 duces
815 5015 1017 5053 eorum.
1048 4997 1282 5055 Jacohus
1311 5000 1537 5064 scilicet,
1577 5000 1764 5056 Simon
1795 5010 1852 5058 et

254 5092 442 5148 Judas.
467 5122 538 5132 —
580 5090 855 5162 Principes
883 5092 1131 5159 Zatulon,
1176 5096 1435 5164 principes
1485 5094 1849 5165 Nephthalim.

258 5184 470 5253 Reliqui
503 5184 691 5254 procul
719 5184 882 5240 dubio
903 5188 1107 5251 cuncti,
1132 5198 1330 5256 praeter
1358 5186 1550 5243 Judam
1576 5186 1847 5253 Scarioth,

257 5277 403 5347 quod
428 5278 816 5347 interpretatur
844 5279 1112 5334 meditatio
1145 5283 1353 5347 mortis,
1383 5294 1408 5323 ο
1434 5284 1711 5354 designata
1742 5299 1851 5339 non

257 5368 710 5423 inconvenienter
760 5370 1098 5441 accipiatur,
1168 5373 1332 5426 etiam
1400 5376 1853 5431 transmutatione

257 5458 589 5526 litterarum,
635 5460 761 5531 quia
814 5462 879 5516 de
925 5462 1067 5517 tribu
1095 5462 1361 5529 lssachar,
1393 5465 1536 5533 quod
1572 5466 1625 5520 in
1660 5466 1852 5521 Latina

254 5552 442 5621 lingua
466 5562 540 5607 est
570 5569 764 5608 merces
783 5594 798 5619 ,
823 5553 1163 5622 exprimitur,
1183 5562 1239 5609 et
1266 5563 1450 5621 ortus,
1485 5564 1539 5610 et
1566 5556 1734 5625 ipsius
1759 5573 1855 5613 no-

260 5645 426 5700 minis
453 5646 624 5702 haeres
656 5648 893 5718 seipsum
920 5646 1250 5719 profligaudo
1281 5648 1460 5716 fuerit,
1484 5665 1514 5704 a
1538 5654 1851 5707 tractatori-

258 5737 364 5792 bus
398 5737 671 5808 Evangelii
699 5741 1128 5796 commendatur.
1161 5741 1255 5796 His
1280 5743 1516 5797 breviter
1536 5759 1632 5813 per
1666 5759 1857 5803 exces-

261 5843 383 5885 sum
419 5834 858 5889 commemoratis
884 5834 950 5888 ad
972 5837 1309 5908 propositum
1329 5837 1638 5895 redeamus.

264 6008 283 6017 -
330 5959 378 6031 ἢ.
400 5946 627 6011 Videmr
651 5950 841 6011 deesse
865 5949 1095 6025 aliquid.

1874 4680 1926 4740 D

2012 3428 2069 3482 lu
2097 3427 2375 3482 territorio
2394 3426 2770 3497 Lugdunensi,
2816 3427 2936 3483 loco
2973 3427 3064 3497 qui
3089 3426 3245 3482 vallis
3279 3427 3532 3483 Vcbrona

1943 3529 2311 3591 nuncupatur,
2347 3520 2615 3591 depositio
2639 3520 2743 3575 viri
2778 3520 2874 3574 Dei
2906 3521 3204 3576 beatissimi
3238 3520 3536 3576 Domitiani

1946 3615 2177 3678 abbatis,
2207 3616 2298 3686 qui
2331 3616 2542 3685 primus
2576 3615 2687 3669 illic
2712 3616 3048 3670 eremiticam
3075 3615 3243 3671 vitam
3266 3616 3532 3679 exercuit,

1944 3717 1999 3762 et
2037 3708 2297 3777 plurimos
2327 3708 2431 3763 sibi
2459 3709 2512 3763 iu
2546 3709 2640 3763 Dei
2670 3709 2893 3764 servitio
2914 3724 3240 3781 aggregans,
3268 3718 3539 3764 monaste—

1945 3799 2085 3851 rium
2127 3799 2400 3865 instituit,
2454 3801 2777 3871 maguisque
2829 3800 3123 3857 virtutibus
3175 3811 3231 3856 et
3290 3801 3539 3871 gloriosis

1947 3892 2225 3946 miraculis
2252 3893 2455 3961 clarus,
2486 3894 2750 3951 collectus
2777 3902 2862 3951 est
2889 3895 2958 3951 ad
2999 3903 3185 3967 patres
3219 3910 3346 3951 suos
3366 3894 3420 3949 in
3454 3908 3541 3949 se-

1946 3994 2164 4041 nectute
2202 3988 2366 4043 bona.

2017 4079 2218 4136 Eodem
2252 4081 2339 4136 die
2367 4079 2637 4152 depositio
2682 4079 2900 4137 Arelefl‘l
2944 4079 3294 4136 confessoris.
3334 4079 3436 4147 Qui
3473 4079 3539 4133 ab

1947 4175 2173 4231 infantia
2211 4176 2321 4233 Deo
2370 4177 2606 4242 deditus,
2658 4176 3017 4232 monasticam
3041 4176 3211 4229 vitam
3258 4173 3539 4243 expetivit,

1946 4278 2001 4324 et
2023 4286 2053 4324 a
2079 4278 2269 4326 sancto
2314 4269 2610 4325 Maximino
2654 4269 3037 4324 Aurelianensi
3067 4270 3344 4337 episcopo,
3381 4263 3541 4320 simul

1947 4375 2069 4413 cum
2107 4358 2269 4415 Avito
2315 4359 2464 4414 socio
2499 4358 2786 4430 presbyter
2824 4358 3128 4424 ordinatus,
3155 4358 3323 4412 vitam
3351 4356 3541 4411 solita-

1948 4450 2088 4504 riam
2124 4450 2474 4515 desiderans;
2518 4449 2611 4505 sed
2658 4448 3069 4519 proficientibus
3115 4449 3325 4503 meritis
3371 4448 3541 4502 latere

1945 4542 2252 4597 nullatenus
2283 4541 2489 4613 (divino
2522 4541 2575 4595 id
2602 4539 2805 4596 factum
2832 4542 2989 4612 nutu)
3021 4541 3306 4612 nequiens,
3345 4548 3400 4595 ct
3428 4555 3543 4593 mo-

1952 4635 2189 4691 nasteria
2219 4635 2273 4689 in
2316 4633 2550 4690 diversis
2596 4635 2733 4689 locis
2762 4634 3063 4700 :edificans,
3108 4633 3292 4688 multis
3320 4633 3541 4687 virtuti-

1950 4729 2053 4783 bus
2083 4736 2136 4783 et
2172 4728 2227 4783 in
2269 4743 2434 4783 carne
2456 4742 2686 4783 manens
2714 4735 2767 4781 et
2792 4735 2911 4796 post
2938 4727 3146 4780 obitum
3191 4725 3408 4782 claruit.
3438 4726 3546 4779 Sed

1950 4824 2079 4895 quia
2142 4825 2401 4878 virtutum
2460 4822 2681 4877 nomine
2738 4821 3029 4891 aliquando
3076 4820 3204 4875 vita:
3262 4819 3540 4882 sanctitas,

1952 4916 2245 4986 aliquando
2281 4913 2670 4969 miraculorum
2724 4912 2967 4968 eﬂicacia
3007 4913 3340 4982 designatur,
3378 4924 3545 4964 unum

1952 5008 2017 5063 de
2046 5007 2325 5063 miraculis
2347 5021 2444 5076 per
2475 5004 2822 5060 sanctitatem
2847 5004 2991 5059 illius
3017 5005 3272 5066 ostensis,
3305 5000 3372 5055 ad
3396 5015 3548 5054 com-

1952 5101 2295 5174 primendum
2339 5100 2750 5155 temerariarum
2807 5097 3097 5152 mulierum
3154 5093 3459 5158 audaciam,
3493 5093 3547 5146 iu

1955 5194 2059 5249 hoc
2088 5191 2587 5247 ecclesiasticarum
2630 5189 2981 5244 historiarum
3012 5186 3284 5241 breviario
3311 5198 3548 5239 comme-

1954 5300 2172 5340 morare
2216 5282 2467 5340 suﬂiciat.
2496 5282 2736 5337 Audiens
2785 5279 3032 5350 quaedam
3076 5276 3293 5341 mulier,
3329 5274 3549 5329 nomine

1956 5376 2172 5441 Guuda,
2204 5376 2332 5446 quia
2364 5382 2587 5431 sanctus
2623 5370 2886 5428 Areleffus
2934 5368 3186 5425 muliebri
3235 5368 3409 5433 sexui,
3453 5383 3551 5438 per

1957 5486 2121 5541 quem
2153 5469 2310 5524 virile
2365 5473 2533 5524 robur
2565 5466 2704 5521 solet
2746 5463 3000 5529 emolliri,
3049 5461 3423 5518 interdixisset
3451 5462 3550 5515 ad-

1959 5561 2095 5615 itum
2132 5561 2184 5615 iu
2236 5558 2626 5615 monasterium
2664 5572 2846 5621 suum,
2877 5568 3156 5625 assumpto
3197 5554 3301 5609 viri
3335 5553 3549 5617 habitu,

1959 5654 2113 5724 quasi
2145 5663 2331 5708 sancto
2372 5651 2463 5704 Dei
2525 5650 2773 5715 illusura,
2811 5658 2865 5704 et
2897 5660 2957 5704 ut
3002 5649 3101 5704 sibi
3135 5644 3550 5716 videbaturjam

1961 5750 2071 5804 voti
2103 5748 2182 5800 sui
2207 5761 2431 5815 compos
2456 5744 2671 5810 effecta,
2697 5746 2842 5799 inter
2877 5744 3279 5799 multitudinem
3310 5744 3552 5797 virorum

1959 5838 2217 5897 tendebat
2245 5837 2315 5896 ad
2341 5837 2684 5908 etenobium;
2715 5846 2773 5896 et
2805 5852 2933 5896 ecce
2965 5836 3149 5895 subito
3180 5838 3234 5894 in
3255 5834 3553 5893 amentiam
