4046 6430
534 322 704 403 IIIIS

1470 319 1529 376 Β.
1564 319 1863 387 NOTKERI
1901 316 2199 383 BALBULI
2230 316 2296 381 S.
2339 316 2544 385 GALLI
2583 317 2890 383 MONACHI

3678 324 3826 381 1116

532 438 747 502 versa,
797 434 1005 490 femora
1055 435 1352 502 denudare,
1405 450 1564 492 crura
1602 435 1926 501 divaricare,
1956 442 2012 501 et
2039 449 2140 505 pu-
2164 436 2219 511 Α
2246 431 2729 497 Sacramentorum
2770 434 3098 507 continetur,
3143 432 3543 513 Semproniam.
3569 436 3829 507 Quorum

566 527 740 584 denda
786 528 1008 601 proprio
1029 528 1234 583 nomini
1280 528 1601 600 cognomina
1643 528 1806 598 coepit
1841 534 2134 593 ostentare,

544 622 783 692 etquod
806 621 970 693 pudet
1005 621 1205 686 dicere,
1238 621 1352 675 nisa
1374 628 1457 676 est
1484 619 1698 675 basiare
1726 636 1739 673 :
1774 628 1935 689 atque
1961 633 2144 674 exem-

563 713 655 784 plo
679 714 868 771 uxoris
919 713 1039 781 Lot,
1080 714 1183 769 etsi
1222 728 1329 770 non
1378 713 1432 769 in
1470 721 1706 769 statuam
1758 713 1886 770 salis
1913 722 2139 783 mutata,

565 808 660 864 sed
687 823 846 879 poena
878 824 976 864 sua
1007 808 1408 863 condimentum
1432 806 1595 865 fatuis
1620 806 1834 876 eli‘eeta,
1861 810 2143 881 praesenti-

566 900 667 955 bus
694 910 751 956 et
795 900 1124 967 absentibus,
1164 902 1274 956 imo
1303 901 1467 956 etiam
1501 900 1696 957 futuris
1722 911 1926 965 metum
1953 903 2138 959 curio-

566 991 753 1047 'sitatis
776 992 1020 1048 incussit.

637 1083 705 1138 Vi
742 1083 874 1140 Non.
906 1084 1027 1141 Inc.
1062 1115 1133 1127 --
1161 1083 1348 1141 Romae
1392 1086 1648 1143 nativitas
1674 1094 1985 1143 sanctorum
2006 1085 2143 1143 Pro-

564 1177 703 1232 cessi
741 1187 796 1232 et
830 1176 1172 1245 Martiniani,
1229 1179 1321 1249 qui
1373 1193 1499 1234 cum
1551 1179 1801 1237 viderent
1848 1179 2140 1247 mirabilia,

564 1285 685 1340 qua:
711 1269 948 1325 faciebat
980 1286 1078 1342 per
1114 1271 1301 1327 beatos
1363 1271 1633 1343 apostolos
1677 1284 1805 1328 suos
1838 1270 2059 1328 Petrum
2088 1278 2144 1327 et

563 1362 789 1418 Paulum
826 1364 1087 1419 Dominus
1123 1363 1280 1420 Jesus
1313 1363 1586 1431 Christus,
1617 1364 1803 1420 mirari
1838 1371 2140 1435 coeperunt.

564 1456 733 1513 Erant
765 1458 909 1512 enim
950 1468 1077 1513 tunc
1107 1458 1364 1530 temporis
1413 1457 1709 1514 beatissimi
1760 1458 1988 1529 apostoli
2028 1466 2144 1514 tra-

571 1549 668 1604 diti
698 1548 925 1605 Pauiino
961 1550 1077 1605 viro
1100 1550 1405 1607 clarissimo
1432 1552 1532 1605 sub
1567 1533 1811 1607 custodia
1837 1550 2144 1608 Mamertini

564 1638 616 1692 in
641 1647 825 1694 monte
874 1640 1103 1710 Tarpeio
1136 1659 1149 1696 :
1188 1640 1279 1696 ubi
1324 1641 1389 1696 de
1426 1650 1607 1696 monte
1666 1641 1779 1697 suis
1808 1640 2145 1697 orationibus

563 1745 756 1801 aquam
789 1747 1009 1787 manare
1041 1731 1306 1788 fecerunt.
1356 1732 1507 1788 Tunc
1551 1732 1810 1804 baptizati
1847 1740 1976 1787 sunt
2015 1731 2145 1787 Pro-

563 1840 751 1880 cessus
795 1836 851 1881 et
900 1826 1253 1883 Martinianus
1303 1842 1333 1881 a
1374 1827 1535 1883 beato
1586 1825 1749 1884 Petro
1785 1826 2053 1897 apostolo,
2084 1836 2139 1883 et

562 1918 654 1977 alii
702 1920 994 1989 promiscui
1043 1934 1205 1975 sexus
1254 1934 1481 1975 numero
1523 1918 1881 1993 quadraginta
1908 1928 2137 1991 septem.

566 2008 719 2076 Quod
770 2027 891 2066 cum
929 2013 1239 2067 nuntiatum
1288 2021 1435 2069 esset
1483 2010 1728 2083 Paulino,
1759 2001 1909 2069 misit
1944 2012 2141 2083 milites

566 2109 621 2155 ct
646 2102 817 2157 tenuit
845 2117 962 2168 eos,
987 2102 1254 2172 jussitque
1278 2103 1330 2158 in
1362 2103 1603 2160 custodia
1626 2102 1851 2159 retrudi.
1881 2101 2141 2174 Sequenti

562 2201 743 2249 autem
774 2194 859 2249 die
879 2195 1080 2262 educti,
1105 2211 1225 2250 cum
1250 2195 1705 2253 constantissime.
1746 2234 1762 2250 .
1839 2230 1856 2248 .
1934 2235 1951 2249 .
2027 2232 2046 2263 ρ
2121 2234 2137 2251 .

598 2302 701 2357 Hic
744 2302 934 2360 iterum
970 2305 1338 2361 desiderantur
1362 2306 1558 2377 aliquot
1589 2304 1808 2377 pagella
1836 2307 1892 2362 in
1918 2323 2106 2363 manu—

1155 2378 1345 2447 scripto
1379 2376 1574 2431 codice.
1662 2376 1668 2377 7
2120 2376 2125 2391 ’

634 2462 890 2520 Rusticus
911 2479 943 2520 e
970 2472 1159 2521 contra
1202 2465 1381 2521 intulit
1407 2480 1423 2520 :
1455 2464 1629 2532 Nunc,
1675 2465 1945 2537 inquiens,
1975 2481 2141 2539 agno-

564 2556 735 2611 vimus
787 2554 915 2627 q’uia
959 2557 1309 2630 irreligiosus,
1360 2560 1663 2615 incantator
1710 2574 1776 2614 ac
1824 2575 2013 2633 magus
2059 2576 2137 2628 es,

544 2652 647 2721 ἰιιιί
687 2667 848 2724 mane
897 2653 1160 2721 comedis,
1205 2668 1398 2710 cervas
1444 2653 1681 2726 mulges;
1702 2661 1907 2709 vestem
1954 2655 2023 2709 de
2053 2669 2140 2708 ra-

452 2752 455 2753 '
559 2742 649 2797 dio
697 2745 826 2801 solis
879 2746 1159 2817 appendis,
1209 2746 1255 2802 si
1286 2744 1547 2801 infantem
1579 2746 1635 2802 in
1676 2746 1770 2802 Dei
1813 2746 2029 2801 nomine
2062 2747 2141 2803 Io-

547 2835 652 2908 ‘qui
703 2853 808 2897 non
849 2837 1069 2895 feceris.
1102 2838 1341 2895 Tandem
1379 2838 1541 2909 igitur
1572 2847 1692 2908 post
1722 2837 2139 2910 refragationem

565 2927 924 2982 diutissimam
977 2938 1195 2984 sanctus
1247 2928 1369 2995 vir,
1428 2928 1788 2984 humilitatem
1841 2943 1997 2985 suam
2041 2930 2136 2984 ali-

556 3017 878 3088 auantulttm
930 3030 1260 3090 postponere
1312 3026 1368 3075 et
1434 3020 1732 3090 potentiam
1792 3019 2140 3076 manifestare

559 3119 806 3177 coactus.
876 3125 1170 3171 conversus
1223 3110 1289 3167 ad
1332 3110 1592 3175 infantem
1647 3112 1825 3169 dixit:
1865 3131 1884 3164 ι
1935 3112 2140 3182 Adjuro

2242 526 2475 583 natalem
2514 536 2664 591 sexta
2702 527 2790 585 die
2838 527 3026 587 Iduum
3076 527 3396 586 Novembris
3447 539 3681 597 eatenus
3725 546 3829 586 nos

2241 617 2550 683 celebrasse
2588 618 2937 693 credidimus,
2965 618 3136 674 donec
3156 618 3484 676 venerabilis
3511 618 3680 689 Pater
3706 620 3831 677 Ade

2242 709 2377 766 alios
2402 718 2456 765 et
2483 709 2618 766 alios
2660 726 2759 781 pro
2780 710 2861 765 eis
2888 710 3044 767 nobis
3082 711 3430 781 honorandos
3468 714 3780 770 insinuaret
3813 731 3829 769 :

2242 802 2310 858 de
2366 802 2560 874 quibus
2610 803 2664 858 in
2706 818 2807 859 suo
2852 803 3005 879 loco,
3056 805 3167 871 vita
3226 805 3446 877 comite,
3484 808 3831 871 commodius

2243 894 2559 952 disseretur.
2598 895 2707 952 Hos
2744 913 2872 975 ergo
2905 897 3097 963 beatus
3126 896 3479 959 Sebastianus
3516 901 3746 961 credere
3774 902 3827 958 in

2243 988 2515 1047 Christum
2555 991 2755 1059 docuit,
2786 1001 2842 1048 et
2887 1005 3110 1051 sanctus
3148 995 3476 1073 Polycarpus
3532 1000 3826 1073 presbyter

2240 1082 2559 1153 baptizavit.
2588 1082 2688 1152 Qui
2722 1101 2844 1141 cum
2892 1096 3200 1143 sanctorum
3232 1104 3459 1160 corpora
3486 1105 3586 1161 per
3607 1106 3707 1149 ora
3740 1091 3834 1148 Ti-

2241 1174 2430 1239 berina
2467 1176 2828 1247 requirerent,
2860 1179 2994 1236 tenti
3027 1188 3174 1247 sunt,
3209 1190 3265 1235 et
3301 1181 3367 1241 ad
3396 1180 3706 1245 Fabianum
3736 1181 3836 1238 Ur-

2242 1263 2325 1322 bis
2354 1264 2665 1343 prtefectum
2718 1269 2980 1345 perducti.
3014 1270 3113 1339 Qui
3154 1287 3274 1326 cum
3324 1288 3424 1349 per
3457 1272 3579 1329 dies
3637 1274 3831 1328 decem

2243 1356 2408 1411 minis
2434 1365 2490 1412 et
2516 1356 2796 1414 blanditiis
2817 1368 3086 1432 satageret
3116 1369 3177 1417 ut
3208 1378 3303 1418 eos
3331 1363 3397 1418 ad
3428 1363 3833 1419 immolandum

2244 1450 2407 1507 idolis
2456 1462 2796 1522 provocaret,
2850 1462 2906 1510 et
2951 1436 3158 1517 nullum
3213 1457 3429 1528 penitus
3467 1474 3495 1511 a
3528 1457 3835 1512 stabilitate

2246 1541 2370 1598 iidei
2401 1557 2747 1600 commovere
2796 1554 2999 1629 posset,
3047 1547 3176 1603 fecit
3205 1549 3272 1605 de
3311 1549 3391 1605 eis
3419 1550 3833 1625 suggestionem

2244 1632 2582 1690 Diocletiano
2636 1644 2693 1690 et
2736 1635 3061 1693 Maximiano
3112 1640 3576 1711 imperatoribus:
3627 1642 3836 1717 quique

2240 1722 2521 1794 jusserunt
2565 1740 2659 1781 eos
2689 1728 2961 1797 torqueri;
2990 1745 3223 1801 cumque
3257 1732 3400 1786 nulla
3441 1733 3657 1788 ratione
3686 1749 3837 1795 com-

2169 1811 2214 1881 B
2241 1815 2378 1886 pulsi
2415 1818 2690 1885 cederent,
2743 1819 3026 1890 jusserunt
3092 1836 3187 1877 eos
3233 1823 3287 1877 in
3340 1839 3493 1879 mare
3526 1824 3838 1895 praecipites

2243 1908 2709 1999 dari:immensis
2756 1911 2940 1982 itaque
2992 1913 3184 1968 arctati
3252 1914 3604 1985 ponderibus,
3657 1914 3835 1999 pelagi

2192 2010 2198 2017 ‘
2242 1996 2494 2055 ﬂuetibus
2523 2000 2632 2055 dati
2653 2009 2796 2066 sunt,
2821 2009 2879 2055 ut
2900 2001 2956 2057 in
3001 2002 3121 2058 loco
3160 2006 3361 2061 mundo
3387 2006 3527 2089 inter
3548 1996 3727 2078 aquas
3755 1996 3838 2069 cc-

2241 2106 2432 2147 ronam
2457 2092 2703 2165 martyrii
2732 2094 3015 2165 percipere
3039 2105 3399 2152 mererentur.

2320 2179 2532 2236 Villio.
2565 2181 2686 2240 ιω..
2740 2214 2815 2225 -
2850 2183 2907 2240 In
2947 2185 3074 2240 Asia
3113 2185 3319 2243 Minore
3357 2189 3617 2246 nativitas
3662 2191 3837 2249 sancti

2243 2270 2454 2342 Aquilae
2482 2282 2538 2327 et
2566 2272 2825 2329 Priscilla:
2861 2276 3048 2332 uxoris
3096 2278 3235 2355 ejus,
3268 2279 3333 2334 de
3368 2282 3569 2351 quibus
3600 2282 3653 2336 in
3683 2282 3836 2339 Acti-

2241 2363 2345 2419 bus
2375 2364 2745 2435 apostolorum
2793 2366 2991 2438 iegitur
3017 2367 3154 2440 (cap.
3181 2369 3339 2441 xviri)
3376 2372 3520 2443 quod
3556 2374 3703 2442 apud
3742 2389 3837 2429 eos

2242 2455 2434 2510 beatus
2458 2457 2733 2526 apostolus
2754 2456 2970 2524 Paulus,
2995 2468 3217 2531 propter
3242 2463 3382 2517 idem
3408 2464 3628 2519 artificii
3660 2482 3836 2537 genus

2240 2549 2388 2618 quod
2440 2548 2511 2601 illi
2562 2556 2618 2603 et
2664 2549 2868 2605 eisdem
2909 2560 3031 2606 erat
3079 2568 3385 2621 commune,
3436 2566 3756 2611 moraretur
3779 2568 3837 2623 et

2242 2650 2587 2712 operaretur,
2604 2654 2891 2713 postquam
2920 2644 3024 2715 ipsi
3039 2645 3107 2701 ab
3122 2647 3255 2703 urbe
3273 2646 3445 2703 Roma
3472 2649 3527 2703 in
3556 2650 3821 2721 Achaiam

2242 2733 2599 2791 devenerunt.

2313 2827 2369 2882 In
2405 2826 2690 2885 Paisestina
2706 2829 2882 2885 uncti
2909 2828 3154 2902 Procopii
3183 2832 3461 2906 martyris,
3485 2835 3579 2909 qui
3607 2836 3679 2891 ab
3707 2836 3836 2908 Scy-

2240 2919 2446 2991 thopeii
2476 2921 2669 2977 ductus
2706 2921 3030 2991 (ἔδεαι-θείη,
3063 2908 3130 2979 ad
3150 2924 3380 2997 primam
3415 2908 3833 3001 responsionum

2242 3016 2623 3071 confidentiam
2657 3018 2800 3074 irato
2826 3016 3008 3087 judice
3030 3016 3273 3076 Fabiano
3301 3022 3478 3092 capite
3504 3037 3684 3078 caesus
3722 3035 3829 3091 est,

2315 3106 2372 3161 In
2415 3106 2595 3164 Nicaea
2627 3106 2861 3163 Bostrati
2917 3109 3207 3177 senatoris,
3236 3109 3427 3166 Severi
3452 3122 3507 3167 et
3543 3111 3830 3180 Honorati,

550 3209 611 3257 .te
650 3217 750 3273 per
804 3200 989 3263 JeSttm
1045 3202 1324 3263 Christum
1375 3204 1569 3261 Filium
1614 3206 1712 3261 Dei
1763 3204 1906 3272 vivi,
1952 3213 2013 3259 ut
2062 3206 2141 3261 fa-
2167 3214 2213 3289 ε
2243 3214 2366 3255 cum
2402 3199 2524 3289 aliis
2557 3200 2760 3256 multis.

557 3293 725 3350 tearis
761 3309 948 3350 coram
990 3297 1262 3364 omnibus.
1320 3296 1446 3370 quis
1499 3305 1553 3353 te
1582 3297 1850 3368 genuerit,
1880 3308 1975 3354 aut
2013 3315 2136 3369 quae

553 3384 847 3457 pepererit,
886 3404 905 3447 υ
935 3386 1016 3451 Ad
1046 3385 1166 3457 q'ua:
1194 3385 1509 3453 infantulus.
1539 3386 1688 3452 fandi
1716 3388 1892 3459 gratia
1927 3390 1996 3445 ab
2021 3405 2140 3447 om-

553 3471 961 3543 nium‘auetore
1007 3488 1279 3552 percepta.
1322 3479 1725 3539 absolutissimo
1754 3495 2008 3539 sermone
2045 3497 2139 3538 re.

555 3570 811 3639 spondit;
853 3588 871 3622 ι
904 3569 1069 3637 Pater
1113 3586 1267 3639 meus
1292 3571 1396 3637 iste
1442 3572 1693 3635 Rusticus
1718 3580 1803 3629 est
1830 3574 2135 3647 episcopus,

561 3672 615 3719 et
660 3671 836 3720 mater
865 3679 983 3733 mea
1029 3665 1461 3729 sanctimonialis
1491 3675 1576 3725 est
1607 3666 1719 3728 illa.
1758 3688 1777 3720 ι
1815 3666 2019 3739 Sicque
2038 3669 2138 3725 ob-

552 3755 791 3817 stinatus
824 3755 913 3821 ille
957 3757 1244 3831 episcOpus
1274 3758 1329 3814 in
1359 3757 1566 3825 scelere
1622 3774 1722 3815 suo
1753 3758 2080 3825 denudatus,
2107 3774 2140 3815 a

559 3849 745 3906 veraci
776 3848 982 3912 famula
1029 3850 1123 3919 Dei
1150 3852 1484 3923 pmuitentite
1518 3853 1804 3913 consilium
1832 3852 2063 3925 accepit,
2084 3860 2142 3908 et

558 3952 779 3997 sanctus
807 3944 1060 4000 sacerdos
1083 3943 1231 4000 Goar
1254 3961 1283 4000 a
1326 3945 1543 4003 Christo
1572 3947 1926 4019 glorificatus,
1954 3948 2023 4002 ad
2060 3947 2138 4003 loe

558 4049 682 4089 eum
732 4050 889 4093 suum
922 4036 1107 4105 rediit,
1160 4037 1425 4101 acdedie
1473 4038 1530 4094 in
1571 4039 1716 4097 diem
1765 4039 1820 4095 in
1851 4046 2140 4111 augmento

556 4126 817 4203 virtutum
845 4126 1137 4197 proficiens
1165 4128 1220 4185 in
1249 4143 1384 4199 pace
1415 4130 1705 4200 requievit.

628 4219 765 4279 Non.
802 4218 923 4281 Jun.
956 4250 1027 4269 «~—
1054 4219 1211 4293 Apud
1232 4220 1615 4289 Alexandriam
1638 4220 1856 4293 Egypti
1881 4220 2143 4285 nativitas

556 4312 728 4367 sancti
778 4311 1041 4379 Pantaeni,
1093 4311 1196 4377 viri
1248 4312 1532 4384 apostolici
1587 4323 1644 4375 et
1686 4314 1836 4373 omni
1867 4314 2137 4385 sapientia

556 4406 827 4469 adornati.
860 4405 957 4471 Cui
988 4414 1198 4469 tantum
1239 4408 1409 4470 studii
1453 4417 1509 4469 et
1534 4408 1737 4465 amoris
1760 4423 1889 4480 erga
1917 4410 2140 4465 verbum

555 4497 648 4553 Dei
676 4498 796 4567 fuit,
826 4507 885 4555 ut
918 4499 1083 4559 etiam
1120 4501 1187 4555 ad
1228 4501 1636 4571 praedicandum
1667 4500 1870 4557 Christi
1899 4500 2142 4574 Evange~

2308 3289 2367 3345 In
2431 3288 2784 3347 Taurominio
2822 3291 2980 3363 Spuri
3048 3299 3105 3348 et
3134 3290 3444 3349 Oorneliani
3512 3308 3643 3350 cum
3711 3295 3835 3351 aliis

2238 3386 2539 3456 sexaginta.

2309 3478 2367 3534 In
2395 3494 2535 3551 pago
2558 3478 2816 3547 Austriae,
2839 3479 2894 3535 id
2921 3487 3008 3536 est
3040 3493 3193 3535 nevae
3215 3478 3459 3536 Francia:
3475 3489 3685 3546 castro,
3716 3481 3833 3538 imo

2242 3571 2495 3638 civitate,
2544 3581 2606 3628 ut
2652 3571 2955 3629 Teutonico
2998 3572 3219 3629 nomine
3256 3572 3460 3644 prodit,
3510 3572 3827 3646 Winburg,

2237 3661 2394 3732 juxta
2410 3663 2556 3719 κοίη
2582 3662 2803 3719 ﬂuvium
2827 3664 2955 3729 sita,
2975 3663 3159 3735 passio
3188 3663 3362 3719 sancti
3383 3663 3643 3729 Chiliani,
3665 3666 3831 3735 primi

2241 3754 2486 3826 ejusdem
2532 3753 2772 3811 civitatis
2804 3755 3044 3825 episcopi
3072 3763 3128 3811 et
3153 3755 3382 3810 duorum
3431 3756 3827 3826 discipulorum

2240 3845 2358 3916 ejus
2423 3845 2668 3907 Colonati
2718 3844 3083 3919 [Colomanni]
3138 3846 3348 3902 scilicet
3408 3846 3717 3919 presbyteri
3774 3856 3829 3901 et

2244 3940 2479 3996 Totnani
2511 3939 2745 3996 diaconi.
2773 3938 2875 4006 Qui
2924 3939 2994 3994 ab
3027 3938 3283 3995 Hibernia
3328 3938 3621 3995 Scotorum
3652 3939 3828 3993 insula

2241 4033 2545 4098 venientes,
2574 4039 2632 4086 et
2655 4046 2685 4085 n
2712 4029 2967 4101 pontifice
2992 4031 3139 4085 sedis
3159 4029 3471 4101 apostolica:
3502 4031 3832 4085 auctoritate

2243 4135 2490 4196 accepta,
2516 4139 2715 4179 nomen
2736 4122 2943 4183 Christi
2978 4122 3032 4176 in
3051 4121 3240 4177 eodem
3272 4121 3393 4177 Ioco
3418 4130 3478 4176 et
3500 4121 3553 4175 in
3595 4121 3827 4177 circuitu

2243 4221 2698 4293 pradicavcrunt.
2726 4216 2970 4287 Cumque
2994 4214 3248 4271 multum
3281 4214 3538 4286 populum
3571 4214 3715 4269 idem
3748 4214 3834 4268 vir

2243 4313 2579 4385 apostolicus
2623 4312 2793 4382 signis
2830 4319 2887 4366 et
2928 4310 3098 4367 verbo
3153 4308 3384 4365 Domino
3432 4307 3773 4377 sequimni,
3799 4322 3830 4362 ι

2243 4408 2381 4464 duce
2407 4405 2648 4462 locorum
2691 4403 3033 4469 eorundem,
3074 4401 3296 4457 nomine
3329 4397 3618 4469 Cosperto,
3640 4413 3741 4468 pro
3766 4413 3830 4453 eo

2243 4500 2386 4572 quod
2412 4512 2535 4554 eum
2566 4512 2598 4552 α
2627 4493 2883 4565 conjugio
2931 4494 3117 4550 uxoris
3167 4492 3354 4549 fratris
3390 4491 3474 4546 sui
3517 4489 3832 4560 disjungere

562 4588 692 4651 lium
720 4594 973 4661 omnibus
1003 4595 1256 4666 gentibus
1297 4610 1418 4665 quae
1459 4595 1511 4653 in
1546 4593 1785 4651 Orientis
1811 4593 2017 4651 ultimis
2047 4610 2137 4650 se-
2167 4576 2217 4637 D
2243 4593 2530 4657 niteretur,
2561 4589 2801 4646 factione
2842 4586 3086 4659 ejusdem
3110 4581 3596 4640 incestuoslssimai
3639 4579 3825 4644 Geila,

556 4682 803 4751 cassibus
832 4686 1217 4750 reconduntur,
1248 4685 1373 4742 ﬁdei
1392 4695 1447 4743 et
1473 4684 1780 4743 devotionis
1804 4684 1988 4743 calore
2015 4699 2140 4755 pro-

559 4774 732 4841 fectus
760 4778 918 4843 sit,et
946 4795 1115 4849 usque
1138 4780 1203 4843 ad
1228 4780 1432 4841 Indiam
1455 4779 1765 4839 citeriorem
1793 4777 2140 4850 prgdicando

556 4869 889 4939 pervenerit,
923 4869 1022 4935 libi
1079 4871 1281 4940 reperit
1331 4869 1811 4931 Bartholomteum.
1868 4885 2035 4929 unum
2072 4870 2141 4928 de

556 4958 841 5022 duodecim
889 4961 1168 5031 apostolis,
1200 4962 1489 5021 adventum
1533 4962 1746 5019 Domini
1778 4958 1908 5019 Jesu
1936 4959 2141 5019 Christi

552 5053 707 5126 juxta
736 5054 1085 5126 Evangelium
1108 5054 1344 5113 Μαιωιωί
1374 5053 1888 5124 ριέθᾱίοθεεθ.ουω1
1915 5052 2138 5111 Hebrai-

560 5147 640 5203 cis
677 5146 873 5203 litteris
899 5148 1180 5219 scriptum,
1227 5157 1507 5205 revertens
1533 5146 1919 5203 Alexandriam
1949 5162 2137 5203 secum

559 5238 768 5304 detulit,
814 5239 995 5310 ibique
1038 5239 1354 5311 praeclarum
1400 5247 1458 5299 et
1513 5238 1750 5297 nobilem
1783 5238 1952 5299 vitam
1976 5237 2141 5296 beato

563 5330 671 5399 ﬁne
698 5332 985 5397 conclusit.

563 5434 570 5442 '
629 5425 832 5493 Ibidem
880 5435 1191 5493 sanctarum
1241 5425 1497 5495 Herculii,
1535 5425 1699 5494 Helii,
1726 5424 1995 5498 Apollonii
2032 5424 2140 5482 Pu,

560 5518 654 5587 lilii
687 5534 811 5583 cum
853 5519 975 5579 aliis
1002 5520 1213 5592 viginti.

630 5609 817 5671 Romae
852 5612 1033 5683 passio
1062 5613 1342 5673 beatorum
1384 5620 1683 5685 martyrum
1714 5609 2006 5668 Nicostrati
2028 5609 2138 5681 pri.-

554 5703 626 5763 mi
665 5703 872 5768 scrinii,
909 5703 1121 5761 Claudii
1161 5705 1688 5770 commentariensis,
1737 5703 1971 5760 Castorii
2020 5702 2137 5759 sive

552 5792 781 5865 (Militi.
812 5795 1111 5866 Victorini,
1166 5797 1571 5873 Symphcriani,
1596 5796 1708 5867 vel.
1730 5796 1874 5859 sicut
1902 5797 1959 5857 in
1993 5795 2134 5859 libro

2244 4696 2372 4740 eum
2397 4682 2560 4739 sociis
2586 4681 2776 4737 eodem
2815 4678 2931 4734 zelo
2956 4674 3312 4742 ferventibus,
3332 4681 3418 4729 est
3448 4671 3826 4742 interemmns.

2241 4776 2324 4833 Ad
2337 4790 2566 4848 quorum
2588 4772 2878 4829 memorias
2898 4785 3021 4827 cum
3044 4767 3276 4840 plurima
3288 4778 3507 4835 semper
3516 4763 3652 4817 ﬁant
3666 4763 3830 4816 mira-

2243 4869 2382 4935 cula,
2412 4869 2498 4925 his
2518 4875 2697 4925 tamen
2723 4864 2937 4923 indiciis
2948 4863 3186 4935 pretiosa
3208 4874 3356 4917 mers
3373 4870 3565 4915 eorum
3593 4856 3827 4926 primum

2241 4962 2561 5021 mortalibus
2571 4968 2657 5018 est
2669 4954 3206 5016 commcndata.Nsm
3220 4954 3268 5010 is
3286 4952 3489 5024 quieos
3510 4951 3566 5006 in
3580 4950 3828 5005 oratione

2236 5057 2444 5129 positos
2489 5063 2752 5111 nocturno
2788 5060 3034 5122 tempore
3064 5048 3282 5105 silentio
3326 5044 3593 5118 permit,
3625 5044 3735 5098 huc
3774 5050 3827 5095 et

2240 5147 2372 5204 illuc
2391 5160 2581 5202 amens
2603 5142 2982 5207 discurrendo,
2997 5154 3064 5196 ac
3080 5153 3142 5196 sc
3165 5152 3314 5194 reum
3336 5136 3489 5193 necis
3508 5143 3821 5191 sanctorum

2239 5237 2586 5302 clamitando,
2644 5248 2815 5305 seque
2867 5233 3042 5304 ipsum
3092 5228 3347 5286 dentibus
3393 5226 3510 5283 suis
3550 5223 3823 5289 laniando,

2242 5331 2368 5404 quia
2408 5330 2534 5402 igne
2573 5325 2831 5383 invisibili
2855 5340 2888 5380 ι
2920 5331 3112 5381 sancto
3142 5320 3393 5383 Chilisno
3410 5317 3822 5375 siblvidebstur

2240 5424 2432 5490 exuri,
2481 5420 2829 5479 commissum
2883 5432 3043 5474 suum
3093 5415 3211 5488 ipse
3250 5412 3565 5485 publicavit.
3609 5408 3819 5466 Cellam

2238 5528 2457 5586 quoque
2478 5513 2643 5568 etiam
2681 5511 2798 5583 ipso
2851 5509 3069 5565 nomine
3104 5505 3376 5577 petulcam
3402 5503 3629 5574 spiritus
3669 5498 3822 5555 msti-

2238 5623 2378 5679 gnus
2424 5604 2643 5669 invasit,
2692 5611 2749 5658 et
2797 5601 3072 5672 indignam
3114 5596 3233 5668 ejus
3296 5597 3462 5659 vitam
3502 5590 3817 5663 dignissima

2237 5711 2415 5757 morte
2452 5698 2650 5755 ﬁnivit.
2679 5694 3004 5752 Cosbertum
3054 5707 3184 5749 vero
3210 5690 3354 5747 servi
3382 5689 3469 5744 sui
3502 5686 3820 5747 occiderunt

2236 5793 2438 5867 gladio,
2460 5790 2633 5849 lilium
2653 5798 2835 5847 autem
2862 5787 2984 5862 ejus
3001 5782 3187 5859 populi
3225 5780 3587 5859 propulerunt
3618 5776 3695 5833 ds
3731 5785 3817 5829 rs-
