4046 6422
191 361 331 417 ΗΠ

1197 419 1200 422 ,
1241 351 1868 424 MARTYROLOGIUM.
1909 383 1979 400 -—
2017 356 2223 420 MENS.
2265 347 2415 420 IUL.-

3221 317 3228 323 ‘
3315 359 3453 436 tua.

190 486 318 542 gno.
352 470 433 523 Ad
463 476 810 540 augmentum
863 482 1078 539 quoque
1124 468 1427 524 sanctitatis
1478 475 1777 538 martyrum
1806 468 1858 537 Α
1882 473 1982 533 bus
2030 477 2270 538 mactati.
2303 475 2570 548 Sylvanus
2600 479 2902 556 praecipitio
2946 481 3302 556 interemptus
3349 496 3453 543 est.

192 563 603 626 declarandum,
661 577 783 617 cum
831 559 955 632 post
1007 577 1180 616 annos
1225 562 1487 633 plurimos
1536 557 1774 618 transfe-

192 657 352 715 rendi
398 656 571 727 gratia
607 655 1014 726 detegerentur,
1041 662 1231 709 contra
1260 665 1508 708 naturam
1538 651 1777 722 ejusden1

195 748 456 821 regionis,
485 762 644 824 supra
672 747 888 802 modum
948 746 1198 810 humidae,
1227 746 1350 801 libri
1391 760 1578 808 eorum
1603 761 1667 801 ac
1689 761 1779 801 ve-

193 840 451 896 stimenta
475 837 676 903 omnia,
703 835 909 908 pariter
929 851 1051 892 cum
1078 837 1157 892 eis
1193 836 1519 904 subterrata,
1552 837 1623 891 ita
1653 845 1779 906 sunt

195 932 366 988 illaesa
423 938 637 1001 reperta
689 927 845 1000 quasi
871 929 923 984 in
951 928 1152 984 scrinio
1191 942 1352 1000 super
1386 937 1581 983 terram
1605 927 1780 998 posito

201 1033 388 1082 essent
425 1025 652 1080 inclusa.
1773 1025 1776 1028 '

271 1115 359 1170 VII
381 1115 458 1169 in.
485 1112 606 1170 Jun.
632 1143 700 1152 —
736 1111 922 1168 Romae
970 1111 1036 1168 ad
1063 1111 1283 1169 Guttam
1314 1110 1518 1184 jugiter
1552 1127 1780 1166 manan-

193 1216 309 1264 tem
329 1208 583 1262 nativitas
636 1207 808 1262 sancti
838 1205 1070 1264 Zenonis
1102 1217 1158 1261 et
1185 1207 1414 1262 aliorum
1445 1207 1632 1264 decem
1655 1205 1780 1260 mil-

195 1302 329 1357 iium
353 1301 706 1356 ducentorum
734 1310 788 1356 et
811 1302 997 1356 trium.

269 1396 401 1450 item
434 1394 673 1450 Floriani
696 1402 749 1448 et
779 1393 985 1449 Fausti.

268 1485 325 1538 in
354 1484 573 1540 civitate
605 1483 749 1556 Tyro
781 1483 1039 1558 [Thora],
1066 1500 1173 1540 non
1207 1484 1364 1554 longe
1393 1486 1458 1540 ab
1489 1486 1622 1539 urbe
1671 1485 1782 1540 Ro-

197 1591 312 1640 ma,
367 1575 632 1630 Anatolia:
679 1585 736 1630 et
792 1575 1029 1631 Audacis
1076 1578 1174 1630 sub
1224 1575 1385 1631 Decio
1437 1575 1782 1645 imperatore.

198 1669 438 1737 Quorum
486 1667 751 1731 Anatolia,
786 1684 905 1723 cum
955 1669 1155 1724 multos
1185 1670 1237 1724 in
1270 1669 1466 1724 Piceno
1516 1668 1782 1738 inlirmos,

201 1763 469 1815 lunaticos
497 1776 560 1814 ac
583 1761 942 1815 daemoniacos
965 1769 1229 1825 curasset,
1257 1762 1415 1814 ducta
1439 1767 1542 1833 est,
1562 1760 1784 1828 jubente

1875 567 2208 635 Alexander,
2257 568 2449 626 Vitalis
2496 579 2552 625 et
2607 571 2870 628 Martialis
2923 574 3134 643 capitali
3189 578 3455 642 sententia

1875 661 2079 734 puniti,
2125 676 2154 715 a
2185 662 2447 726 charitate
2473 663 2673 722 Christi
2705 673 2761 722 et
2784 665 2991 724 unitate
3019 666 3141 736 fidei
3171 683 3278 726 non
3324 677 3451 728 sunt

1878 752 1961 808 vel
1990 753 2042 808 in
2069 763 2244 815 morte
2274 755 2450 810 divisi.

1949 845 2081 900 item
2110 846 2294 904 Romae
2324 847 2574 903 milliario
2603 850 2832 917 decimo,
2863 850 3032 907 fundo
3068 852 3336 909 Plautiilte
3366 829 3458 926 qui

1880 937 2077 994 dicitur
2123 940 2295 1006 Buxo,
2325 950 2632 1001 sanctarum
2681 943 2888 999 Rufina:
2917 956 2970 998 et
3003 943 3265 1002 Secundae
3293 962 3454 1001 soro—

1880 1051 2025 1101 rum,
2070 1044 2222 1108 patre
2249 1035 2550 1091 clarissimo
2579 1035 2792 1092 Asterie
2821 1047 2875 1092 et
2911 1049 3083 1094 matre
3113 1040 3332 1096 Aurelia
3359 1055 3457 1111 ge-

1883 1129 2150 1194 nitarum;
2180 1131 2279 1183 sub
2307 1129 2680 1198 persecutione
2713 1130 2980 1188 Valeriani
3010 1140 3064 1188 et
3091 1130 3346 1198 Gallieni,
3369 1132 3458 1202 ju-

1882 1222 2090 1276 dicibus
2119 1219 2275 1275 Junio
2303 1219 2554 1290 pra2fecto
2580 1231 2633 1275 et
2661 1222 2963 1280 Arcliisilao
2994 1223 3214 1288 cernite,
3245 1223 3300 1278 in
3348 1221 3464 1282 loco

1882 1310 2160 1383 praedicto,
2207 1324 2302 1380 pro
2334 1324 2397 1364 eo
2425 1310 2564 1380 quod
2603 1326 2827 1382 sponsos
2875 1326 3001 1367 suos
3029 1326 3059 1366 a
3087 1311 3304 1368 Christo
3333 1326 3462 1383 apo-

1885 1411 2111 1458 statatos
2145 1401 2387 1470 accipere
2435 1401 2724 1470 noluerint,
2757 1404 2931 1474 capite
3140 1413 3284 1464 sunt.

1956 1494 2011 1548 in
2042 1493 2224 1548 Africa
2253 1502 2564 1548 sanctorum
2594 1493 2858 1560 Januarii,
2891 1494 3102 1562 Marini,
3158 1494 3383 1550 Naboris
3413 1504 3467 1550 ct

1885 1585 2108 1653 Felicis,
2157 1587 2223 1642 ob
2255 1586 2614 1641 constantiam
2647 1584 2971 1641 Christiana:
3016 1586 3137 1659 fidei
3178 1586 3466 1648 decollato-

1887 1694 2004 1758 rum
2051 1695 2064 1731 ι
2121 1694 2346 1748 quorum
2407 1693 2630 1748 corpora
2686 1687 2873 1749 postea
2941 1677 3300 1732 Mediolanum
3346 1686 3471 1732 sunt

1889 1772 2168 1826 translata.

199 1853 571 1919 Faustiniano,
601 1853 668 1906 ad
693 1852 969 1908 civitatem
1013 1852 1138 1925 Tyri
1178 1852 1443 1926 [Therae],
1477 1862 1530 1905 et
1555 1851 1784 1908 diversis
1811 1840 1860 1913 Β
1961 1865 2002 1920 v
2027 1865 2100 1918 ιι»,
2129 1864 2247 1919 λοι,
2277 1896 2346 1904 _.
2369 1863 2553 1924 Romae
2599 1861 2778 1934 passio
2817 1867 3131 1917 sanctorum
3179 1859 3468 1930 Stephani,

201 1946 484 2017 plagarum
542 1946 832 2016 generibus
878 1956 1096 2010 vexata,
1136 1945 1329 2000 deinde
1380 1960 1502 1998 cum
1535 1954 1786 2014 serpente

203 2048 314 2092 tota
359 2045 517 2094 nocte
569 2037 799 2103 inclusa,
847 2037 982 2091 nihil
1031 2037 1155 2092 laesa
1199 2047 1301 2092 est.
1356 2036 1495 2103 Quin
1523 2044 1576 2090 et
1612 2036 1785 2106 ipsum

201 2128 460 2193 Marsum,
515 2129 604 2198 qui
659 2137 965 2199 serpentem
1010 2127 1326 2192 dimiserat,
1360 2126 1580 2180 nomine
1607 2125 1788 2180 Audas

203 2237 341 2285 cem,
371 2235 527 2275 mane
553 2236 584 2273 a
639 2235 735 2275 suo
775 2228 1026 2288 serpente
1073 2219 1441 2272 devorandum
1485 2217 1700 2286 eripuit,
1733 2220 1788 2269 et

200 2314 267 2366 ad
303 2311 504 2367 Christi
555 2313 878 2384 martyrium
916 2310 1204 2367 convertit.
1235 2309 1368 2362 Nam
1401 2317 1454 2363 et
1507 2308 1619 2377 ipse
1666 2315 1788 2378 post

202 2406 303 2460 hoc
335 2406 403 2461 ob
449 2402 844 2460 confessionem
899 2403 1146 2458 veritatis
1187 2402 1240 2456 in
1265 2401 1566 2456 custodiam
1607 2400 1782 2464 datus,

201 2513 300 2552 nec
330 2513 498 2558 mora,
525 2496 741 2568 capitali
765 2495 1038 2551 sententia
1063 2503 1354 2549 coronatus
1385 2499 1488 2545 est.
1517 2491 1632 2561 ipsa
1657 2506 1790 2560 quo-

201 2606 305 2660 que
335 2588 530 2644 Christi
555 2589 710 2658 virgo
765 2587 946 2659 gladio
983 2585 1421 2640 transverberata
1465 2598 1584 2642 cum
1615 2589 1789 2636 staret

201 2681 442 2737 extensis
490 2681 741 2735 manibus
799 2680 852 2733 in
904 2678 1176 2742 oratione,
1205 2677 1278 2730 ita
1314 2681 1374 2738 ut
1412 2689 1510 2743 per
1538 2673 1784 2728 dextrum

202 2774 341 2828 latus
387 2773 596 2843 gladius
649 2772 870 2837 missus,
925 2785 1020 2841 per
1081 2767 1362 2824 sinistrum
1390 2764 1583 2818 exiret.
1619 2762 1786 2816 Passa

202 2873 286 2920 est
312 2865 543 2934 septimo
590 2861 778 2917 iduum
810 2861 958 2928 Julii,
1005 2861 1210 2938 sepulta
1247 2867 1424 2912 autem
1455 2865 1539 2910 est
1575 2869 1730 2918 mane
1756 2869 1786 2908 a

201 2956 408 3012 civibus
450 2955 782 3026 Tyrensibus
813 2951 1252 3027 [Thorensibus].

270 3050 553 3106 Mediolani
602 3049 853 3104 nativitas
913 3048 1084 3103 sancti
1154 3045 1406 3102 Mocbimi
1473 3042 1550 3117 [Ῑ.
1613 3041 1790 3098 sancti

203 3140 394 3218 Menas]
406 3181 419 3190 .

272 3237 326 3289 In
382 3235 614 3306 Egypto
668 3232 852 3306 Cyrilli
900 3229 1156 3302 episcopi.
1220 3228 1323 3297 Qui
1367 3243 1395 3283 a
1429 3227 1605 3300 .Lycio
1652 3228 1786 3282 duce
1818 3217 1862 3280 C

201 3323 432 3381 ﬂammis
476 3325 740 3395 injectus,
797 3321 994 3377 illzesus
1026 3321 1228 3387 evasit;
1279 3336 1343 3375 ac
1387 3328 1607 3398 stupore
1654 3319 1791 3373 tanti

206 3419 452 3476 miraculi
487 3435 515 3473 a
557 3417 738 3488 judice
765 3417 1038 3481 dimisSus,
1064 3430 1184 3470 cum
1218 3427 1410 3468 rursus
1434 3413 1658 3467 verbum
1696 3412 1791 3467 Dei

204 3512 455 3568 alacriter
479 3512 820 3582 praedicaret,
859 3525 922 3565 ac
949 3509 1211 3578 plurimos
1235 3506 1507 3561 efficacius
1536 3506 1600 3560 ad
1633 3507 1792 3561 fidem

203 3604 404 3658 Christi
439 3610 799 3668 converteret,
823 3602 1014 3673 judex,
1048 3601 1321 3669 impietate
1373 3598 1624 3668 repletus,
1663 3615 1786 3654 eum

204 3696 380 3766 capite
424 3696 580 3766 plecti
622 3695 783 3776 jussit
815 3704 976 3765 atque
1030 3701 1274 3762 optatum
1340 3692 1587 3762 martyrii
1631 3691 1790 3745 finem
1861 3691 1864 3694 ’

203 3790 618 3845 consummavit.

271 3882 403 3937 item
439 3883 492 3937 in
524 3880 757 3954 Egypto
785 3879 955 3936 sancti
983 3877 1294 3950 Serapionis
1321 3877 1558 3949 episcOpl
1592 3885 1646 3933 et
1671 3891 1795 3933 con-

205 3975 445 4032 fessoris.

270 4065 328 4122 In
352 4065 573 4121 civitate
601 4063 898 4120 Martulana
927 4065 1095 4120 sancti
1122 4062 1261 4118 Brici
1291 4061 1526 4134 [Brictii]
1553 4062 1793 4132 episcopi

202 4169 255 4218 et
279 4159 622 4218 confessoris.
664 4159 763 4224 Qui
796 4162 894 4213 sub
919 4159 1100 4230 judice
1126 4159 1392 4213 Martiano
1420 4173 1702 4228 pOStquam
1733 4171 1794 4211 os

201 4253 378 4323 lapide
408 4260 692 4306 contusum
721 4259 824 4316 est,
853 4258 906 4304 et
936 4253 988 4305 in
1013 4251 1240 4320 equuleo
1266 4251 1640 4306 crudelissime
1669 4265 1792 4304 cru-

201 4348 407 4407 ciatus,
446 4343 496 4396 in
534 4340 872 4397 confessione
903 4343 1116 4396 Domini
1144 4344 1446 4412 perdurans
1467 4385 1479 4406 ,
1526 4343 1576 4395 in
1606 4357 1792 4396 carce-

200 4452 318 4492 rem
349 4443 529 4488 trusus
559 4443 669 4498 est;
723 4442 879 4487 nocte
907 4441 1087 4486 autem
1139 4441 1446 4488 terrmmotu
1479 4433 1630 4503 gravi
1663 4434 1795 4487 civi-

201 4537 287 4582 tas
315 4536 399 4581 est
423 4529 703 4595 percussa,
734 4525 873 4579 inter
896 4524 1030 4578 alios
1060 4523 1244 4593 plures
1273 4527 1434 4580 etiam
1469 4526 1791 4580 Martianum

200 4618 418 4672 occidit.
458 4618 521 4670 Et
549 4616 752 4671 Christi
795 4616 1076 4671 confessor
1122 4616 1188 4670 ab
1235 4616 1424 4686 angelo
1451 4624 1636 4670 sancto
1665 4627 1718 4670 et
1764 4632 1792 4669 a

201 4710 364 4762 beato
415 4708 572 4762 Petro
606 4707 849 4777 apostolo
899 4706 1167 4770 visitatus,
1217 4716 1380 4776 atque
1408 4709 1471 4762 ad
1501 4709 1794 4778 praedican-

201 4801 328 4856 dum
387 4800 729 4870 Evangelium
776 4798 1149 4865 confortatus,
1201 4814 1424 4870 magnas
1475 4799 1791 4868 populorum

201 4891 537 4947 credentium
585 4891 958 4946 multitudines
1009 4891 1364 4960 omnipotenti
1412 4891 1522 4944 Deo
1569 4889 1790 4944 lucrifa-

201 4986 385 5049 ciens,
455 4985 660 5054 quievit
727 4985 776 5038 in
831 4999 982 5054 pace.
1033 4982 1197 5052 Cujus
1246 4985 1480 5038 animum
1544 4982 1794 5036 viderunt

200 5085 444 5130 astantes
476 5075 527 5130 in
567 5077 746 5146 specie
771 5075 1033 5130 columbae
1062 5077 1233 5130 niveae
1263 5075 1400 5131 caelo
1432 5074 1616 5144 recipi.

273 5167 340 5221 Vl
364 5167 438 5221 lu.
469 5166 586 5222 JUL.
616 5197 688 5206 —
721 5167 904 5220 Romae
933 5166 1186 5222 nativitas
1233 5177 1438 5236 septem
1475 5167 1700 5220 fratrum
1735 5165 1790 5219 ii-

199 5263 394 5316 liorum
429 5269 630 5315 sanctae
660 5258 981 5324 Felicitatis,
1033 5258 1086 5313 id
1133 5267 1215 5313 est
1262 5258 1520 5324 Januarii,
1568 5257 1783 5324 Felicis,

198 5355 456 5427 Philippi,
493 5353 737 5426 Sylvani,
772 5350 1088 5416 Alexandri,
1124 5350 1337 5415 Vitalis,
1373 5350 1634 5404 Martialis
1682 5349 1784 5417 Qui

200 5449 303 5504 sub
335 5447 587 5518 przefecto
637 5446 786 5500 urbis
818 5443 1028 5507 Publio,
1083 5453 1323 5512 tempore
1355 5441 1607 5495 Antonini
1638 5443 1786 5512 prin-

201 5540 362 5610 cipis,
395 5540 625 5610 priutum
680 5537 867 5602 auditi,
899 5535 1092 5590 deinde
1142 5549 1239 5605 per
1267 5533 1509 5587 diversos
1542 5532 1779 5601 judiccs,

200 5644 263 5690 ut
306 5633 472 5688 variis
502 5631 780 5701 suppliciis
830 5629 1185 5691 laniarentur,
1223 5624 1374 5680 missi
1404 5633 1546 5679 sunt.
1601 5623 1642 5676 E
1670 5624 1789 5692 qui-

199 5727 305 5783 bus
332 5724 643 5789 Januarius,
685 5732 805 5794 post
851 5721 1074 5776 verbera
1106 5719 1379 5790 virgarum
1407 5725 1460 5772 et
1487 5731 1785 5783 carcerem,

202 5822 271 5882 ad
318 5821 623 5896 plumbatas
653 5820 862 5878 occisus
897 5831 998 5878 est.
1045 5818 1196 5877 Felix
1242 5827 1297 5875 et
1329 5815 1605 5889 Philippus
1635 5812 1789 5869 fusti-

1889 1959 2118 2022 Leontii,
2156 1960 2386 2012 Mauritii
2428 1969 2480 2012 et
2509 1958 2736 2014 aliormn
2769 1957 3078 2024 multorum,

1960 2051 2014 2111 in
2045 2051 2228 2105 Africa
2271 2050 2488 2104 Marinni
2519 2047 2758 2122 [Marini]
2789 2057 2840 2106 ei
2868 2046 3131 2108 Januarii.

1962 2141 2015 2195 in
2061 2141 2313 2200 Armenia
2348 2140 2568 2204 iliuore,
2623 2140 2841 2194 civitate
2867 2137 3133 2214 Nicepoli,
3161 2143 3470 2192 sanctorum

1892 2245 2187 2303 lttzzt'tyt'itttt
2216 2231 2456 2286 .i.-.nuarii
2480 2241 2535 2286 et
2556 2231 2784 2302 Pelagia:
2804 2271 2817 2297 ,
2851 2230 2941 2302 qui
2972 2230 3222 2299 equuleo,
3256 2227 3472 2300 ungulis

1891 2333 1945 2378 et
2011 2333 2270 2378 testarum
2322 2322 2636 2394 fragmentis
2688 2322 2878 2377 diebus
2931 2331 3164 2394 quatuor
3215 2317 3474 2388 cruciati,

1891 2407 2064 2489 tnarty
2077 2419 2209 2471 riza\
2224 2427 2401 2471 erunt.

1963 2509 2267 2564 'l‘ranslatio
2297 2508 2468 2562 sancti
2517 2506 2788 2561 licitedicti
2823 2505 3032 2564 abbatis
3059 2519 3089 2558 a
3117 2512 3296 2562 castro
3343 2501 3473 2562 Cas-

1892 2601 2008 2664 sino
2037 2601 2148 2653 sive
2176 2599 2415 2652 Cassiani
2469 2598 2518 2652 in
2564 2596 2762 2651 Gallias
2789 2595 2870 2650 vel
2914 2595 3285 2664 Aquitaniam.
3320 2593 3470 2650 Post-

1892 2707 2051 2762 quam
2084 2691 2245 2753 enim,
2302 2679 2437 2742 sicut
2472 2688 2584 2758 ipse
2615 2687 2800 2742 vivens
2827 2686 3167 2760 praedixerat,
3208 2691 3471 2744 monaste-

1894 2786 2033 2842 rium
2062 2783 2176 2854 ejus
2207 2801 2235 2837 a
2261 2781 2510 2854 gentibus
2536 2791 2617 2836 est.
2655 2789 2959 2846 vastatum,
3012 2778 3322 2839 hominibus
3356 2784 3474 2830 tan-

1895 2889 2040 2944 tum,
2081 2875 2234 2946 juxta
2286 2873 2608 2930 sententiam
2663 2872 2805 2926 illius
2859 2889 2872 2927 ;
2926 2869 3027 2926 Vix
3081 2867 3281 2924 obtinui
3331 2867 3470 2938 apud

1895 2971 2061 3024 Deum
2090 2969 2508 3036 omnipotentem,
2554 2975 2608 3018 ut
2640 2981 2703 3018 ex
2733 2965 2828 3018 hoc
2857 2962 2967 3016 loco
2998 2961 3123 3020 mihi
3159 2960 3346 3018 auium:
3385 2973 3470 3012 ce-

1896 3065 2163 3128 derentnr,
2200 3060 2290 3114 illo
2322 3057 2686 3114 intercedente
2717 3053 2938 3114 salvatis
2968 3072 2979 3108 :
3015 3066 3210 3126 corpus
3246 3049 3413 3119 ipsius
3442 3063 3471 3104 a

1899 3154 2164 3225 religiosis
2194 3151 2511 3225 quibusdam
2534 3191 2548 3217 ,
2598 3149 2823 3204 Domino
2849 3145 3120 3206 revelanle
3141 3186 3154 3212 ,
3198 3151 3473 3214 repertum

1895 3262 1950 3306 et
1978 3250 2028 3304 in
2057 3247 2257 3304 Gallias
2292 3244 2627 3310 translatum,
2658 3252 2819 3312 atque
2848 3241 2900 3304 in
2929 3240 3202 3298 territorio
3229 3235 3477 3296 Aurelia-

1895 3341 2045 3396 nensi
2066 3380 2080 3405 ,
2137 3335 2462 3392 monasterio
2494 3334 2635 3406 quod
2665 3342 2892 3386 vocatur
2927 3328 3264 3394 Floriacum,
3318 3326 3476 3394 digne

1893 3432 2191 3504 sepultum,
2238 3438 2291 3483 et
2321 3426 2488 3482 multo
2537 3425 2750 3498 dignius
2777 3420 3212 3500 frequentatione
3249 3417 3473 3480 devoto-

1896 3543 2015 3583 rum
2047 3533 2128 3578 est
2153 3523 2356 3594 jngitcr
2380 3521 2724 3574 honoratum.
2823 3505 2826 3515 ’

1967 3618 2250 3673 Translata
2295 3622 2420 3669 sunt
2453 3613 2617 3668 etiam
2649 3610 2854 3680 pariter
2895 3622 3020 3664 ossa
3050 3607 3223 3662 beatae
3253 3602 3476 3659 Schola-

1897 3713 2046 3770 sticae
2077 3709 2327 3781 virginis,
2356 3707 2562 3763 sororis
2595 3703 2732 3776 ejus,
2762 3711 2925 3776 atque
2952 3702 3005 3766 in
3037 3700 3282 3772 partibus
3310 3697 3481 3760 Ceno-

1897 3804 2238 3860 manensium
2270 3800 2642 3871 religiosorum
2674 3797 2958 3857 devotione
2986 3793 3279 3853 Conditum.
3313 3789 3478 3862 Cujus

1905 3897 2139 3952 animam
2172 3893 2312 3948 idem
2343 3893 2424 3946 vir
2478 3891 2568 3946 Dei
2614 3904 2646 3944 e
2685 3902 2914 3960 corpore
2961 3898 3232 3955 egressam
3263 3881 3393 3935 vidit
3427 3881 3479 3942 in

1899 3989 2160 4045 columba:
2193 3987 2370 4058 specie
2408 3983 2531 4040 caeli
2565 3988 2774 4037 secreta
2809 3987 3126 4054 penetrare,
3177 3985 3480 4043 corpusque

1896 4082 2012 4158 ejus
2041 4095 2224 4135 secum
2253 4077 2302 4131 in
2342 4093 2446 4129 uno
2487 4073 2649 4142 jussit
2679 4071 2805 4145 poni
2835 4069 3083 4141 sepulcro
3105 4107 3121 4133 ,
3165 4075 3223 4122 ut
3251 4079 3479 4135 quorum

1897 4193 2052 4234 mens
2079 4191 2181 4231 una
2206 4187 2421 4242 semper
2450 4171 2503 4225 in
2528 4169 2638 4224 Deo
2669 4167 2860 4233 fuerat,
2893 4180 3079 4220 eorum
3108 4176 3319 4232 quoque
3348 4174 3471 4212 cor-

1895 4284 2025 4340 pora
2075 4282 2173 4328 nec
2219 4261 2494 4334 sepultura
2538 4265 2838 4330 separaret.
2898 4254 3002 4309 Sed
3057 4268 3134 4306 vae
3163 4251 3481 4308 miserorum

1899 4359 2136 4423 meritis,
2189 4369 2286 4424 per
2330 4367 2467 4422 quos
2499 4347 2896 4420 separationem
2949 4359 3106 4415 passa
3149 4350 3311 4407 sunt,
3361 4356 3482 4411 quae,

1901 4451 2252 4522 dispositione
2298 4446 2469 4502 sancti
2516 4443 2751 4516 Spiritus
2800 4439 3052 4510 conjungi
3105 4448 3420 4494 meruerunt
3466 4455 3478 4490 :

1901 4547 1993 4601 sed
2041 4559 2150 4598 non
2185 4543 2275 4596 diu
2310 4541 2458 4595 locus
2483 4538 2593 4604 ille,
2641 4544 2945 4591 sanctorum
2975 4533 3214 4603 reliquiis
3247 4533 3482 4596 honora-

1903 4637 2044 4702 bilis,
2083 4651 2112 4689 a
2147 4634 2381 4689 fidelium
2416 4638 2680 4685 conventu
2709 4628 2907 4682 mansit
2937 4626 3144 4690 inanis;
3201 4640 3326 4682 nam
3369 4623 3477 4678 fra-

1904 4743 2012 4784 tres
2039 4729 2130 4799 qni
2158 4726 2390 4782 hostium
2426 4738 2615 4777 manus
2648 4720 2878 4775 evadere
2908 4727 3234 4792 potuerunt,
3285 4717 3479 4770 iterato

1905 4822 1955 4875 in
1985 4834 2156 4873 unum
2177 4813 2517 4885 conglobati,
2567 4821 2620 4866 et
2664 4811 2784 4865 aliis
2819 4811 2885 4865 ad
2917 4812 3086 4874 vicem
3116 4809 3481 4878 dispersorum

1904 4911 2161 4966 adhibitis
2212 4905 2578 4976 multiplicati,
2630 4919 2815 4958 sacros
2863 4903 3072 4957 cineres
3121 4901 3328 4970 seipsos
3371 4899 3478 4968 jam

1899 5003 2112 5057 cautius
2140 5005 2378 5068 agentes,
2435 4997 2567 5051 satis
2595 4994 2841 5066 religiose
2866 5001 3146 5054 curarunt,
3188 4991 3356 5044 donec
3388 5005 3484 5042 titt-

1898 5113 1994 5167 pcr
2041 5090 2384 5148 infestatione
2443 5087 2839 5153 Saracenorum
2889 5084 2941 5138 in
2998 5096 3212 5137 omnem
3260 5087 3479 5140 ventum

1897 5187 2123 5258 dispersi
2156 5193 2299 5238 sunt.

1968 5297 2030 5354 lV'
2080 5299 2155 5358 in.
2205 5295 2322 5352 Jun.
2356 5293 2604 5364 ——Apud
2647 5288 2945 5360 Aquileiam
2999 5285 3252 5340 nativitas
3302 5292 3487 5342 sanet.

1895 5392 2258 5463 Hermagorae,
2294 5387 2397 5451 vel,
2429 5386 2571 5440 sicut
2602 5383 2652 5438 in
2693 5379 2928 5450 antiquis
2958 5377 3232 5432 codicibus
3260 5375 3466 5432 inveni-

1897 5494 2003 5548 tur,
2037 5481 2440 5540 Ilcrmechoraa,
2490 5474 2646 5545 primi
2676 5469 2914 5543 ejusdem
2940 5469 3176 5525 civitatis
3201 5466 3474 5538 episc0pi,

1896 5575 2142 5646 discipuli
2171 5572 2342 5628 sancti
2371 5567 2535 5622 Marci
2569 5563 2928 5635 evangelistre.

1967 5668 2097 5724 ltem
2121 5660 2424 5726 Fortunati,
2455 5659 2520 5714 de
2544 5673 2650 5728 quo
2678 5656 3004 5712 Fortunatus
3029 5653 3315 5726 episcopus
3341 5668 3356 5706 :

2080 5819 2144 5878 Et
2165 5817 2483 5871 Fortunatam
2505 5813 2604 5868 fert
2626 5813 2851 5881 Aquileia
2871 5823 3030 5866 suum.
