4046 6444
615 395 755 452 1119

1527 391 1586 447 Β.
1624 391 1927 450 NOTKERI
1963 389 2256 450 BALBULI
2293 392 2351 450 S.
2391 395 2594 456 GALLI
2624 399 2932 461 MONACHI

3750 421 3854 475 “20

683 514 742 570 ln
770 512 948 584 Cypro
977 509 1123 568 beati
1151 507 1385 567 Nasonis
1435 507 1696 582 [Iasonis]
1727 507 1935 580 antiqui
1981 505 2184 565 Christi
2210 508 2267 572 A
2360 511 2435 568 In.
2467 512 2876 575 Jur..—Nisibi
2921 519 3194 588 civitate,
3245 521 3455 581 natalis
3500 528 3667 584 sancti
3706 530 3856 594 Jacobi

615 605 886 676 discipuli.
2295 603 2567 676 episcopi,
2599 622 2810 679 magna;
2834 609 3050 666 virtutis
3075 611 3230 678 viri,
3284 612 3368 669 ita
3391 622 3456 669 ut
3491 617 3559 673 ad
3581 616 3689 686 ejus
3708 636 3856 692 preces

685 697 870 752 Romae
896 697 950 751 in
973 695 1234 752 Vaticano
1261 695 1524 766 depositio
1551 694 1609 751 S.
1639 694 1721 751 Pii
1745 710 1916 767 papae,
1942 697 2033 766 qui
2057 695 2197 751 sedit

615 796 669 850 in
702 796 1012 865 episcopatu
1043 794 1198 848 annis
1247 793 1568 848 octodecim.
1620 793 1731 847 Sub
1760 792 1918 863 hujus
1948 801 2194 862 tempore

615 887 844 942 Hermes
891 887 1085 941 librum
1139 886 1459 954 conscripsit
1509 887 1599 956 qui
1645 885 1944 956 appellatur
1976 885 2188 954 Pastor,

615 979 738 1048 quia
769 979 818 1031 in
847 977 1032 1032 habitu
1060 977 1294 1046 pastoris
1322 979 1368 1031 ei
1398 978 1618 1048 angelus
1644 979 1910 1047 apparuit.

684 1069 968 1125 Mediolani
999 1070 1280 1124 translatio
1309 1079 1616 1125 sanctorum
1642 1079 1938 1141 martyrum
1966 1068 2194 1124 Naboris

613 1168 669 1215 et
695 1160 909 1227 Felicis,
942 1161 1033 1231 qui
1070 1171 1222 1218 sexto
1253 1162 1374 1217 ldus
1402 1160 1530 1217 Julii
1560 1178 1682 1217 cum
1709 1161 1970 1217 Januario
1998 1172 2052 1216 et
2081 1161 2197 1217 Ma-

613 1250 814 1306 rinoiu
866 1250 1048 1306 Africa
1094 1253 1361 1318 decollati,
1412 1254 1513 1308 hac
1543 1253 1631 1308 die
1681 1253 2040 1308 Mediolanum
2070 1262 2196 1310 sunt

615 1343 901 1410 deportati.
959 1344 1034 1398 De
1067 1345 1264 1415 quibus
1288 1347 1507 1400 beatum
1559 1346 1830 1401 Victorem
1861 1347 1911 1400 in
1946 1347 2197 1416 passione

619 1449 710 1489 sua
739 1436 901 1492 credo
931 1437 1262 1506 supplicasse
1292 1455 1304 1489 :
1337 1437 1420 1491 Ne
1443 1454 1649 1506 separes
1688 1454 1769 1491 me
1793 1478 1807 1504 ,
1858 1436 2110 1504 Domine,
2161 1454 2196 1492 a

621 1527 819 1582 civibus
845 1530 972 1582 meis
1005 1530 1322 1599 martyribus
1352 1531 1454 1584 tuis
1488 1528 1699 1583 Nabore
1723 1539 1770 1583 et
1800 1528 1997 1584 Felice.

683 1617 945 1689 Lugduno
970 1619 1155 1675 Galliae
1184 1621 1445 1690 depositio
1473 1620 1759 1676 Viventioli
1790 1621 2051 1692 episcopi.

683 1712 747 1766 lll
776 1713 850 1766 In.
883 1711 1001 1769 JUL.
1029 1743 1100 1754 ——
1124 1713 1408 1770 Transitus
1442 1714 1626 1770 Esdrae
1656 1715 2036 1771 inslauratoris
2061 1715 2197 1772 divi-

615 1819 695 1858 nat
721 1803 872 1876 legis.

2295 710 2437 767 saepe
2463 698 2596 754 urbs
2620 698 2936 756 discrimine
2962 701 3206 758 liberata
3261 703 3359 760 sit.
3414 705 3517 763 Hic
3540 725 3672 765 unus
3693 712 3778 768 fuit
3804 733 3855 773 ex

2294 804 2520 846 numero
2553 790 2924 848 confessorum
2951 795 3049 850 sub
3083 797 3494 866 persecutione
3520 799 3788 872 Maximini,
3814 817 3855 866 et

2294 893 2483 934 eorum
2533 882 2626 952 qui
2679 883 2734 938 in
2779 882 2998 942 Nicaena
3046 888 3276 958 synodo
3325 893 3724 960 perversitatem
3767 898 3854 956 Arii

2295 975 2563 1032 homousii
2591 979 2930 1048 oppositione
2973 981 3368 1038 damnarunt:
3406 994 3573 1055 atque
3617 987 3743 1043 intra
3764 1006 3853 1046 mu.

2295 1080 2388 1120 ros
2416 1067 2566 1122 urbis
2589 1082 2721 1135 sua},
2743 1082 2810 1123 ex
2839 1080 3116 1141 praecepto
3142 1071 3511 1130 Constantini
3541 1075 3852 1148 imperatoris,

2296 1159 2363 1213 ad
2394 1159 2615 1214 tutelam
2657 1169 2713 1216 et
2759 1163 3162 1220 munimentum
3216 1167 3509 1237 sepultus,
3558 1181 3727 1239 postea
3767 1175 3854 1230 zelo

2295 1249 2497 1306 Juliani
2557 1252 2833 1323 Apostatae
2875 1265 3030 1310 extra
3078 1257 3288 1313 urbem
3344 1258 3524 1314 elatus
3567 1270 3620 1315 et
3657 1263 3853 1321 conditus

2295 1353 2400 1399 est.
2450 1342 2555 1399 Sed
2584 1360 2710 1400 mox
2738 1347 2926 1402 eadem
2977 1349 3218 1414 civitas,
3275 1351 3424 1404 tanti
3475 1353 3681 1420 patroni
3709 1354 3852 1411 orbata

2297 1435 2573 1504 reliquiis,
2625 1437 2915 1493 Persarum
2966 1440 3164 1496 ditioni
3223 1441 3541 1498 succubuit.
3590 1442 3682 1510 Qui
3725 1447 3848 1502 etiam

2299 1528 2476 1582 adhuc
2508 1529 2561 1584 in
2591 1544 2816 1600 corpore
2842 1532 3008 1587 multa
3061 1534 3224 1605 signa
3273 1533 3406 1589 fecit
3425 1576 3440 1600 ,
3492 1546 3548 1590 et
3577 1552 3739 1592 arcam
3768 1539 3851 1595 Noe

2298 1617 2444 1673 solus
2472 1618 2523 1673 in
2570 1629 2755 1675 monte
2800 1622 3073 1678 Armeniae
3116 1621 3317 1679 Tauro
3352 1623 3543 1680 videre
3568 1628 3844 1695 promeruit,

2298 1709 2442 1778 quod
2469 1709 2600 1764 nulli
2646 1710 2738 1764 alii
2768 1711 2836 1767 de
2862 1712 2949 1768 his
2999 1713 3093 1783 qui
3150 1727 3286 1768 cum
3337 1729 3406 1769 eo
3432 1725 3760 1784 perrexerant
3793 1716 3852 1769 vi-

2299 1801 2430 1857 dere
2463 1803 2788 1873 permissum
2829 1814 2934 1861 est.

682 1893 738 1948 ln
782 1894 1112 1952 Alexandria
1147 1895 1493 1968 Serapionis,
1538 1897 1834 1970 Evangeli,
1880 1900 2116 1956 Zenonis
2141 1881 2273 1958 etB
2370 1893 2427 1948 In
2475 1893 2644 1950 Portu
2691 1895 2937 1953 Romano
2982 1895 3265 1968 Eutropii.
3306 1895 3544 1952 Zozimae
3591 1904 3642 1952 et
3673 1895 3849 1952 Bonosae

613 1986 840 2042 aliorum
868 2003 932 2043 ac
961 1988 1269 2060 Tropbima:
1305 1991 1552 2061 virginis.

682 2077 867 2133 [tenue
896 2080 1066 2134 sancti
1093 2078 1229 2136 Cleti
1256 2096 1427 2152 papae,
1475 2083 1568 2152 qui
1599 2082 1737 2138 sedit
1790 2083 1841 2137 in
1881 2084 2198 2155 episcopatu

611 2170 766 2225 annis
793 2171 1096 2227 duodecim.
1146 2172 1246 2228 llic
1270 2189 1392 2228 cum
1424 2182 1567 2228 esset
1598 2174 2015 2245 chorepisc0pus
2054 2176 2199 2231 beati

613 2263 754 2318 Petri
801 2265 1064 2334 apostoli,
1115 2281 1179 2320 ex
1208 2276 1480 2337 praecepto
1511 2267 1650 2322 illius
1681 2269 1950 2322 ordinavit
1981 2270 2036 2323 in
2066 2270 2200 2325 urbe

615 2353 785 2408 Roma
830 2356 1175 2428 presbyteros
1219 2357 1408 2428 viginti
1457 2357 1724 2428 quinque,
1773 2366 1826 2412 et
1849 2357 2090 2428 sepultus
2116 2368 2200 2415 est

610 2445 760 2516 iuxta
786 2462 982 2516 corpus
1010 2448 1196 2517 ipsius.

682 2538 738 2592 ln
770 2540 951 2596 Africa
985 2541 1236 2596 nativitas
1279 2551 1589 2598 sanctorum
1630 2541 2038 2610 confessorum,
2089 2544 2199 2600 imo

613 2631 1184 2688 victoriosissimorum
1213 2643 1530 2705 martyrum,
1558 2635 1784 2706 Eugenii
1810 2635 2201 2707 Carthagine:-

613 2723 686 2778 sis
711 2725 970 2795 episcopi,
1021 2725 1126 2781 ﬁde
1153 2735 1207 2781 et
1247 2727 1537 2783 virtutibus
1591 2737 1753 2798 atque
1784 2730 2059 2785 miraculis
2088 2731 2200 2800 glo-

615 2819 763 2884 riosi,
793 2828 846 2874 et
875 2821 1112 2877 universi
1143 2821 1272 2876 cleri
1321 2821 1564 2891 ejusdem
1591 2823 1845 2878 Ecclesiae
1880 2841 1892 2878 :
1928 2825 2019 2894 qui
2055 2826 2201 2880 caade

615 2911 900 2982 inediaque
929 2915 1186 2968 macerati
1220 2913 1332 2969 fere
1359 2917 1636 2986 quingenti
1664 2916 1748 2970 vel
1778 2917 2030 2986 amplius,
2060 2919 2202 2974 inter

613 3018 747 3072 quos
784 3005 1170 3075 quamplurimi
1214 3016 1372 3061 erant
1399 3006 1628 3064 lectores
1659 3007 2038 3079 infantulique,
2069 3027 2202 3082 gau-

615 3093 805 3150 dentes
854 3094 908 3148 in
954 3095 1215 3162 Domino,
1267 3098 1469 3154 crudeli
1522 3099 1714 3154 exsilio
1761 3101 1950 3170 procul
1995 3103 2198 3157 extrusi

614 3196 757 3240 sunt.
809 3187 866 3240 In
910 3187 1106 3258 quibus
1148 3199 1304 3245 erant
1351 3192 1668 3246 nobilissimi
1702 3194 2068 3250 archidiaconi
2099 3210 2199 3250 no-

2299 2001 2570 2043 SOI'OI‘UII].

2369 2080 2525 2150 Apud
2561 2080 2952 2136 Alexandriam
3004 2089 3334 2138 sanctorum
3367 2082 3617 2153 Philippi,
3646 2082 3846 2148 Zenonis,

2301 2167 2490 2225 Narsei
2517 2178 2572 2225 et
2598 2171 2782 2225 decem
2811 2171 3098 2227 infantum.

2373 2260 2704 2332 Carthagine
2738 2270 3052 2317 sanctorum
3099 2262 3350 2318 Catulini
3382 2263 3611 2328 diaconi,
3637 2260 3842 2328 Januarii,

2301 2353 2584 2420 Florentii,
2627 2353 2782 2410 Iuliae
2808 2363 2865 2412 et
2892 2353 3083 2423 Justaa,
3113 2355 3214 2426 qui
3245 2364 3379 2411 sunt
3416 2355 3575 2426 positi
3600 2354 3649 2408 in
3675 2353 3844 2409 basilica

2303 2447 2509 2502 Fausti.

2375 2537 2432 2593 lu
2473 2537 2674 2594 Sirmio
2707 2537 3032 2610 Agrippini,
3079 2537 3332 2596 Secundi
3357 2580 3372 2607 ,
3424 2537 3661 2603 Maximi,
3695 2534 3840 2590 Fortu-

2303 2629 2440 2694 nati,
2472 2627 2753 2683 Martialis.

2375 2719 2515 2776 XVll
2548 2721 2684 2776 KAL.
2712 2721 2849 2778 Anc.
2878 2752 2950 2762 —
2977 2721 3038 2776 In
3076 2720 3233 2779 Ostia
3286 2720 3490 2776 natalis
3535 2717 3692 2774 sancti
3732 2715 3839 2769 illla-

2304 2814 2429 2878 rini,
2457 2814 2548 2884 qui
2575 2821 2889 2870 sanctorum
2917 2815 3296 2884 hilarissimus
3316 2821 3591 2882 susceptor
3610 2819 3658 2866 et
3678 2817 3836 2865 susten-

2303 2913 2464 2968 tator,
2494 2905 2622 2960 dum
2653 2905 2756 2960 sub
2785 2906 3168 2976 persecutione
3197 2905 3406 2962 Juliani
3433 2905 3546 2975 cogi
3577 2917 3670 2956 non
3699 2904 3837 2970 posset

2304 2997 2614 3052 sacriﬁcare
2650 2997 2833 3065 idolis,
2873 2996 3107 3055 fustibus
3149 3013 3355 3065 caesus,
3399 2995 3694 3066 martyrium
3732 3004 3830 3045 con-

2303 3093 2613 3148 summavit.

2374 3185 2531 3256 Apud
2566 3186 2910 3242 Antiochiam
2951 3184 3122 3258 Syriae
3156 3185 3339 3242 sancti
3381 3179 3640 3239 Eustachii
3668 3175 3830 3250 [Eusta-

615 3280 760 3334 mine
791 3280 1076 3347 Salutaris,
1107 3292 1161 3337 et
1191 3282 1465 3350 Mauritta,
1501 3287 1770 3341 secundus
1801 3287 1854 3342 in
1892 3286 2067 3343 ofﬁcio
2096 3290 2201 3343 mi-
2229 3248 2276 3312 c
2307 3281 2441 3354 thii]
2490 3283 2730 3354 episcopi
2784 3291 2841 3338 et
2889 3281 3225 3338 confessoris
3259 3298 3273 3336 :
3308 3279 3401 3350 qui
3446 3277 3541 3332 sub
3580 3266 3830 3327 Constantio

615 3372 929 3427 nistrorum.
981 3373 1081 3442 Qui
1118 3375 1349 3445 plurima
1396 3393 1494 3446 pro
1537 3376 1881 3433 confessione
1928 3381 2194 3436 catholica

612 3467 853 3537 perpessi
887 3469 1147 3538 supplicia
1168 3511 1184 3536 ,
1212 3479 1267 3525 et
1297 3471 1458 3526 tertio
1484 3471 1826 3528 confessores
1856 3473 2056 3540 effecti,
2087 3476 2201 3548 glo-

617 3560 774 3615 riosae
828 3562 884 3617 in
939 3561 1155 3618 Christo
1209 3565 1627 3635 perseverantiae
1686 3565 1842 3622 titulo
1901 3567 2200 3626 collustrati

616 3661 760 3707 sunt.

686 3750 746 3805 In
791 3751 1077 3808 Antiochia
1124 3752 1304 3822 passio
1343 3752 1699 3826 Margarethae
1729 3756 1988 3827 virginis,
2041 3773 2204 3831 quam

613 3841 850 3902 Olibrins
901 3843 1088 3901 consul
1131 3859 1164 3900 a
1206 3844 1408 3902 Christi
1438 3846 1543 3901 ﬁde
1572 3847 1837 3906 seducere
1882 3862 1935 3906 et
1984 3863 2203 3908 constu-

615 3948 777 4004 prare
806 3936 1045 4003 cupiens,
1075 3952 1180 3991 non
1210 3939 1638 3994 consentientem
1668 3940 1767 3995 sibi
1816 3941 2066 4011 plurimis
2095 3951 2206 3998 tor-

618 4028 814 4082 mentis
838 4027 1023 4081 alllixit
1053 4046 1065 4082 :
1099 4030 1200 4084 hoc
1227 4039 1309 4085 est
1331 4072 1344 4096 ,
1399 4033 1452 4087 i-n
1500 4033 1730 4102 equuleo
1762 4051 2078 4105 suspensam
2105 4054 2204 4093 un-

617 4118 757 4189 gulis
807 4119 1173 4176 acerbissimis
1218 4121 1480 4189 lacerari,
1527 4139 1591 4179 ac
1622 4137 1808 4195 postea
1842 4127 1894 4181 in
1926 4144 2203 4184 carcerem

616 4207 963 4263 tcttebrosum
989 4208 1181 4277 conjici
1207 4213 1480 4282 prmcepit,
1509 4213 1599 4268 ubi
1631 4215 1978 4272 multimodas
2002 4218 2202 4275 diaboli

615 4299 981 4366 seductiones,
1033 4317 1169 4372 quas
1196 4302 1246 4358 ei
1272 4303 1325 4357 in
1360 4305 1540 4375 specie
1569 4307 1820 4363 draconis
1848 4317 1904 4363 et
1933 4308 2205 4381 IEtbiopis

617 4389 860 4458 ingerere
892 4392 1039 4446 nisus
1069 4402 1185 4459 est,
1239 4394 1291 4448 in
1322 4397 1540 4452 nomine
1567 4397 1780 4454 Domini
1813 4399 1938 4456 Jesu
1970 4417 2202 4474 exsupe-

616 4497 780 4549 rans,
841 4485 1136 4541 novissime
1183 4485 1476 4554 decollata,
1531 4491 1611 4566 ad
1659 4493 1900 4562 requiem
1949 4494 2204 4565 migravit

615 4584 892 4630 aeternam.

687 4667 726 4720 ll
754 4669 829 4722 In.
857 4667 978 4724 Jun.
1008 4703 1057 4713 —
1114 4671 1171 4727 In
1198 4672 1524 4730 Alexandria
1572 4676 1832 4733 nativitas
1859 4676 1960 4733 SS.
1999 4687 2201 4754 n‘tarly-

616 4776 736 4815 rum
770 4761 1093 4830 Mammarii,
1125 4764 1270 4821 Petri
1299 4776 1353 4823 et
1379 4767 1627 4825 aliorum.

687 4853 744 4908 lu
772 4853 955 4910 Africa
986 4857 1226 4914 Donataa.

685 4944 742 5000 ln
774 4946 946 5002 Ponto
995 4946 1052 5003 S.
1085 4947 1278 5004 Phocae
1307 4951 1422 5007 sive
1451 4951 1703 5010 Phocatis
1731 4955 1969 5028 episcopi
2015 4956 2204 5012 civita-

617 5037 686 5093 tis
740 5039 975 5108 SinOpis.
1027 5040 1127 5108 Qui
1160 5041 1261 5097 sub
1287 5044 1518 5112 Trajauo
1547 5047 1905 5116 imperatore,
1949 5047 2201 5117 praifecto

614 5132 901 5200 Africano,
932 5149 1238 5200 carcerem,
1285 5137 1500 5193 vincula
1521 5180 1533 5202 ,
1562 5138 1788 5202 ferrum,
1828 5140 2004 5209 ignem
2036 5141 2198 5194 etiam

615 5239 715 5294 pro
765 5224 984 5281 Christo
1034 5230 1343 5297 superavit;
1401 5230 1555 5298 cujus
1604 5230 1841 5300 reliquis:
1891 5232 1944 5286 in
1977 5232 2200 5287 basilica

613 5316 994 5389 Apostolorum
1026 5320 1080 5375 in
1109 5320 1302 5387 Gallia,
1332 5322 1553 5377 civitate
1580 5321 1809 5388 Vienna,
1843 5323 2129 5379 habentur.

686 5409 947 5480 Lugdune
974 5410 1160 5466 Galliae
1189 5411 1360 5466 sancti
1407 5411 1542 5466 Justi
1575 5413 1812 5482 episcopi
1845 5421 1900 5466 et
1929 5413 2202 5469 confesso-

613 5502 710 5568 ris,
739 5503 828 5573 qui
860 5502 1074 5558 fervore
1099 5503 1291 5557 diviuze
1322 5503 1794 5574 contemplationis
1822 5505 1872 5558 in
1905 5505 2200 5560 anachore-

617 5597 719 5652 tica
752 5598 1163 5652 conversatione
1189 5597 1508 5664 defunctus,
1563 5607 1616 5654 et
1640 5599 1704 5654 ad
1745 5599 2018 5652 civitatem
2045 5614 2196 5652 suam

617 5689 851 5758 gloriose
881 5690 1188 5753 translatus,
1222 5692 1420 5762 ingenii
1473 5693 1554 5748 sui
1593 5703 1942 5750 monumenta
1972 5696 2024 5748 iu
2056 5692 2203 5750 Catt-

623 5779 728 5834 tico
759 5781 1091 5837 eariticoruu‘i
1125 5782 1343 5854 reliquit
1381 5784 1632 5855 insignia.

690 5871 824 5929 ltem
853 5878 1027 5934 sancti
1051 5877 1230 5934 Amici
1255 5879 1515 5950 episcopi.

2227 4620 2277 4679 D

2301 3376 2548 3447 principe
2578 3377 2648 3433 ob
2683 3377 3006 3434 catholicam
3045 3375 3211 3432 ﬁdem
3241 3376 3382 3431 intra
3410 3367 3682 3441 Jan0polim
3711 3357 3827 3435 [Tra-

2295 3468 2621 3544 janopolim]
2659 3472 2850 3526 urbem
2895 3468 3144 3526 Thraciae
3185 3469 3382 3541 pulsus
3421 3463 3619 3528 exsilio,
3676 3455 3825 3512 ibidem

2301 3565 2478 3634 primo
2511 3565 2797 3636 requievit.

2375 3655 2507 3714 ltem
2536 3655 2848 3724 Theodosii,
2884 3653 3146 3728 Dionysii,
3181 3649 3472 3712 Theodoti.

2374 3751 2430 3806 In
2461 3751 2608 3808 Caesa
2621 3767 2713 3807 rea
2759 3749 3116 3821 Cappadociae
3153 3748 3332 3805 sancti
3364 3741 3532 3806 Pauli,
3560 3736 3688 3806 cujus
3707 3739 3820 3802 gesta

2305 3853 2496 3900 sancto
2525 3843 2878 3914 Hieronymo,
2908 3849 2968 3897 ut
2994 3841 3110 3911 ipse
3135 3839 3448 3904 conﬁtetur,
3471 3831 3651 3903 agnita,
3672 3829 3820 3879 nostra

2304 3937 2545 3992 tarditati
2576 3945 2704 3991 sunt
2732 3936 2936 4007 ignota.
3450 4018 3496 4020 Δ
3676 4008 3687 4020 ,
3777 4000 3813 4020 __,

2373 4029 2529 4099 Apud
2557 4027 2803 4083 eamdem
2826 4027 3017 4081 urbem
3039 4025 3227 4097 passio
3254 4021 3425 4082 sancti
3449 4018 3730 4075 Mammetis,
3748 4018 3815 4072 qui

2305 4121 2359 4176 iu
2388 4130 2624 4175 montem
2655 4119 2786 4174 Sina
2811 4119 2992 4173 divina
3025 4119 3312 4174 vocatione
3341 4109 3655 4188 perveniens,
3675 4108 3813 4188 etnon

2303 4215 2599 4286 prepriam,
2639 4215 2733 4270 sed
2776 4212 2913 4269 cmlo
2952 4212 3231 4283 delapsam
3268 4187 3588 4280 adparanda
3615 4187 3814 4253 miracula

2304 4285 2512 4378 virgam
2540 4307 2835 4377 accipiens,
2867 4322 2930 4361 ea
2981 4314 3185 4361 terram
3225 4304 3427 4375 attigit,
3454 4307 3505 4354 et
3543 4306 3649 4349 mox
3683 4285 3816 4340 Evan-

2305 4401 2502 4473 gelium
2545 4399 2834 4470 prosilivit.
2876 4398 3031 4466 Quod
3065 4412 3190 4453 cum
3221 4397 3404 4468 legere
3428 4387 3669 4459 cmpissel,
3693 4382 3812 4474 Olli“?

2305 4510 2476 4568 genus
2531 4493 2770 4548 ferarqu
2829 4491 3131 4547 mansuetis
3187 4485 3507 4544 animalibus
3553 4473 3812 4568 mansuelnfs

2305 4548 2389 4644 ζει
2413 4587 2687 4650 ell‘ectum,
2715 4586 2851 4641 adeo
2877 4593 2936 4640 ut
2963 4584 3226 4640 lactantes
3253 4581 3468 4639 feminae
3493 4573 3618 4628 ultro
3638 4576 3685 4618 se
3711 4548 3808 4610 mul-

2309 4680 2513 4750 gendas
2565 4677 2920 4748 applicarent.
2974 4676 3218 4745 Cumque
3271 4671 3424 4728 lactis
3465 4656 3660 4750 coagula
3698 4656 3808 4750 ητθῗ

2309 4745 2474 4826 sisset
2509 4770 2564 4824 in
2599 4745 2846 4832 caseum,
2875 4766 3114 4838 perrexit
3140 4765 3208 4820 ad
3239 4763 3530 4820 Caesaream
3554 4745 3802 4838 Palaestina.

2308 4870 2364 4917 et
2405 4860 2582 4916 viduis
2621 4875 2685 4914 ac
2725 4836 2990 4914 debilibus
3026 4865 3082 4912 et
3119 4856 3331 4912 caeteris
3366 4839 3659 4935 pauperibus

2309 4953 2520 5010 stravit.
2566 4951 2718 5018 Quod
2767 4951 3008 5006 videntes
3058 4943 3480 5018 Hierosolymitze
3517 4927 3682 5024 Ιυάείς

2310 5047 2459 5101 nium
2507 5046 2772 5100 bonorum
2824 5042 3010 5107 invidi,
3046 5039 3351 5094 detulerunt
3399 5044 3512 5144 eum
3551 5010 3803 5144 (1:111:32:

2309 5138 2524 5208 magica
2575 5137 2838 5191 imbutum
2892 5133 3031 5203 apud
3076 5132 3359 5202 prasidem
3405 5108 3771 5213 Carpam???“

2308 5199 2618 5285 Aleirandro
2667 5238 2896 5299 tyranno
2943 5225 3010 5281 ad
3054 5224 3478 5296 procurationem
3511 5199 3800 5299 Paruum

2312 5321 2554 5376 rumdcm
2587 5287 2848 5376 directum
2881 5336 2894 5374 :
2927 5333 3033 5388 quo
3061 5316 3222 5372 modo
3249 5315 3316 5369 ad
3347 5299 3683 5367 exhibitionem
3712 5287 3796 5388 etiis

2311 5429 2529 5469 mamun
2579 5413 2786 5468 militiae
2817 5412 3146 5475 destinante,
3178 5418 3233 5463 et
3278 5411 3454 5464 sancto
3487 5393 3680 5450 Mamma
3710 5382 3795 5475 εθξς

2311 5505 2432 5560 dem
2459 5512 2807 5560 exsecutores
2835 5517 2963 5557 suos
2991 5501 3277 5556 charitatis
3304 5495 3486 5555 intuitu
3510 5477 3730 5560 pascente,
3755 5466 3793 5511 εί

2312 5605 2434 5666 post
2481 5595 2768 5665 prandium
2811 5592 3159 5664 Evangelium
3207 5590 3482 5647 lectitante,
3513 5579 3662 5630 tantus
3689 5555 3791 5666 {eff

2314 5662 2434 5747 rum
2465 5662 2528 5746 ac
2563 5691 2856 5745 bestiarum
2895 5703 3190 5745 concursus
3224 5697 3306 5745 est
3341 5682 3555 5741 effectus,
3585 5671 3631 5720 υι
3719 5662 3791 5788 ἐἰς

2314 5786 2435 5840 lites
2494 5785 2748 5856 eliugium
2791 5799 2897 5840 non
2948 5783 3230 5838 habituros
3266 5775 3550 5862 crederet“;

2312 5851 2731 5951 benignissimus
2774 5877 2969 5937 blande
3006 5878 3315 5938 consolatus
3349 5859 3545 5931 ante‘se
3568 5851 3786 5928 praemisit.
