4046 6478
539 500 676 585 ne

1449 520 1511 578 Β.
1547 496 1849 580 Nomm
1883 493 2177 577 omnia
2214 519 2271 577 s.
2309 514 2513 576 GALLI
2547 496 2856 600 mensem

3655 490 3720 574 l’l
3730 518 3797 573 is

534 632 877 710 'tni,‘.lulianl,
917 634 1203 710 Macrobii,
1253 636 1423 698 Cassii
1453 634 1723 714 [Cassiis],
1759 624 1941 697 Paulae
1991 648 2112 697 cum
2138 634 2188 705 Α
2217 640 2401 706 etiam,
2434 640 2579 696 inter
2600 639 2704 695 alia
2730 639 2872 695 dona
2904 634 3129 707 insignia
3152 678 3166 703 ,
3197 634 3468 692 Christum
3503 652 3534 692 a
3568 640 3805 695 mortuis

534 726 654 792 aliis
694 736 904 792 decem.

605 831 662 885 ln
690 831 950 886 Corintho
976 828 1190 901 Cyriacl
1220 836 1342 884 cum
1368 822 1489 884 aliis
1516 827 1719 884 multis.

605 924 789 987 Romae
848 931 1047 979 sanctae
1104 918 1406 990 Passerite,
1473 914 1736 990 Maerini,
1805 916 1991 979 Saturi
2058 931 2117 977 et

535 1008 761 1069 Emilii.

530 1094 533 1101 ’
607 1094 703 1160 Xli
759 1090 894 1161 litt.
951 1103 1092 1164 Ave.
1116 1135 1188 1147 —
1207 1098 1484 1178 Depositio
1511 1102 1683 1163 saneti
1711 1092 1949 1162 Daniells
1977 1112 2109 1177 pro-

528 1197 729 1268 phetaa.

605 1290 790 1346 Romae
836 1290 1036 1346 Sancta;
1081 1288 1347 1346 Praxedis
1395 1284 1639 1360 virginis.
1689 1280 1817 1343 Haec
1853 1294 1975 1342 cum
2014 1292 2115 1341 sua

532 1393 721 1440 sorore
768 1380 924 1439 beata
966 1378 1288 1439 Potentiana
1330 1380 1414 1437 vel
1446 1380 1780 1437 Pudentiana
1823 1388 1853 1435 a
1880 1378 2115 1436 sanctise

531 1476 670 1532 simu
699 1483 851 1547 patre
878 1472 1138 1541 Pudente,
1167 1475 1261 1545 qui
1292 1474 1392 1529 fuit
1422 1472 1645 1529 edoctus
1682 1472 1738 1527 in
1765 1468 1870 1527 ﬂde
1897 1484 1927 1525 a
1954 1474 2115 1525 beato

531 1567 776 1637 apostolo
825 1565 1013 1630 Paulo,
1064 1566 1121 1620 in
1170 1565 1318 1619 omni
1371 1564 1622 1619 castitate
1663 1569 1718 1617 et
1770 1556 1887 1631 lege
1931 1556 2115 1615 divina

532 1656 767 1713 erudita.
806 1658 937 1714 Post
959 1654 1251 1712 transitum
1274 1653 1449 1726 patris
1476 1651 1675 1727 vigiliis
1698 1659 1755 1709 et
1779 1650 2117 1709 orationibus

528 1759 696 1821 atque
732 1750 955 1823 jejnuiis
1001 1750 1221 1807 assidue
1262 1760 1465 1805 vacans
1488 1788 1504 1816 ,
1537 1758 1698 1805 omne
1725 1747 2114 1819 patrimonium

524 1852 694 1900 Istrum
742 1843 905 1899 simul
949 1856 1074 1898 eum
1113 1843 1275 1897 beata
1316 1854 1507 1897 sorore
1550 1838 1607 1895 in
1659 1838 2115 1895 sustentationem

533 1940 832 2006 pauperum
858 1942 914 1988 et
951 1932 1155 1989 Christi
1186 1941 1501 1988 sanctorum
1546 1930 1814 2001 erogavit.
1866 1928 1926 1984 In
1958 1926 2116 1984 titulo

2212 734 2585 803 resurgentem
2641 729 2817 802 prima
2864 728 3049 784 videre
3094 736 3151 784 et
3195 728 3452 799 apostolis
3500 729 3807 800 praedicare

2212 821 2532 894 promeruit.

2284 906 2559 985 Depositio
2605 917 2807 967 sanctae
2859 904 3185 982 Syntyches,
3238 920 3360 980 quae
3405 904 3679 983 Philippis
3724 926 3809 968 se-

2211 1002 2359 1079 pulta
2391 1002 2637 1076 quiescit.
2680 1006 2756 1061 De
2782 1014 2889 1077 qua
2934 1006 3122 1062 beatus
3162 1005 3456 1075 Apostolus
3485 1006 3810 1079 Philippen-

2215 1094 2365 1154 sibus
2395 1094 2585 1155 scribit
2610 1117 2623 1154 :
2659 1088 2916 1154 Evodiam
2947 1106 3091 1170 rogo,
3126 1106 3173 1153 et
3200 1097 3498 1171 Syntychen
3522 1100 3802 1171 deprecor,

2212 1188 2441 1267 idipsum
2470 1200 2652 1263 sapere
2676 1192 2733 1247 in
2756 1186 2983 1247 Domino
3011 1190 3232 1265 (Philip.
3257 1192 3353 1267 tv).

2284 1278 2344 1341 in
2368 1280 2658 1341 Antiochia
2687 1282 2871 1357 Cyrilli
2900 1276 3159 1357 episcopi,
3180 1284 3413 1342 Andrea:
3433 1292 3492 1343 et
3516 1282 3809 1343 Actebelli.

2284 1371 2345 1433 in
2375 1376 2591 1451 Ancyra
2621 1375 2846 1434 Galatiae
2876 1378 3049 1434 sancti
3076 1370 3338 1434 Platonis.

2284 1464 2335 1522 Χ
2370 1462 2506 1524 ΚΑΙ..
2538 1466 2676 1527 Auo.
2718 1500 2789 1510 —
2823 1464 2979 1540 Apud
3038 1468 3349 1524 Ravennam
3390 1460 3598 1525 natalis
3644 1468 3817 1526 sancti

2217 1552 2547 1647 Apollinaris
2582 1560 2821 1632 episcopi
2872 1564 2927 1616 et
2979 1554 3255 1647 martyris.
3297 1558 3399 1647 Qui
3445 1558 3644 1618 Romae
3669 1562 3815 1618 ordi-

2218 1642 2382 1707 nalus
2411 1662 2442 1705 a
2468 1649 2630 1708 beato
2659 1653 2823 1708 Petro
2852 1650 3112 1724 apostolo,
3140 1646 3267 1709 illuc
3297 1642 3544 1710 directus
3573 1654 3685 1709 est.
3717 1653 3815 1723 Qui

2217 1744 2381 1801 etiam
2408 1746 2462 1801 in
2494 1736 2738 1813 Emilia,
2769 1756 2823 1803 et
2854 1745 2906 1802 in
2939 1747 3186 1818 partibus
3217 1740 3643 1811 Corinthiorum
3672 1748 3730 1804 et
3764 1748 3815 1803 in

2218 1834 2410 1908 Mysia,
2439 1844 2493 1892 et
2524 1828 2576 1891 in
2606 1834 2723 1907 ripa
2752 1834 2983 1892 Danubii
3010 1878 3025 1904 ,
3066 1838 3121 1893 et
3163 1835 3217 1893 in
3238 1840 3241 1843 “
3262 1836 3516 1909 partibus
3546 1830 3817 1903 Thracia,

2220 1927 2274 1983 i‘n
2307 1929 2501 2000 quibus
2545 1922 2680 1985 locis
2729 1924 2919 1986 exsilio
2970 1924 3241 2001 relegatus
3288 1928 3410 1995 est,
3455 1920 3821 2001 Evangelium

530 2028 664 2081 vero
685 2034 846 2097 quem
871 2033 1029 2096 pater
1053 2036 1242 2082 eorum
1289 2024 1505 2080 Pudens
1559 2022 1781 2079 nomine
1820 2020 1969 2078 beati
2012 2020 2116 2076 Pa-
2143 2006 2191 2070 Β
2218 2020 2419 2076 Christi
2463 2018 2785 2077 fiducialiter
2843 2014 3197 2077 annuntlavit.
3240 2012 3309 2076 Et
3343 2012 3664 2092 ubicunque
3697 2035 3820 2092 per-

528 2118 701 2175 atoris
741 2114 1035 2184 dedicavit,
1092 2128 1200 2172 una
1244 2126 1370 2172 cum
1399 2115 1630 2172 oonsilio
1672 2114 1819 2170 beati
1848 2112 1930 2168 Pii
1970 2111 2118 2168 sedis

533 2218 893 2267 sacrosanctae
918 2218 974 2265 et
995 2209 1307 2282 apostolicae.
1332 2208 1593 2279 episcopi,
1625 2205 1831 2262 fontem
1865 2202 2119 2275 baptismi

524 2308 855 2357 construere
905 2315 1060 2357 soror
1088 2309 1146 2356 et
1173 2300 1289 2369 ipsa
1333 2298 1684 2362 studuerunt,
1713 2305 1775 2351 ut
1797 2294 2003 2349 familia
2031 2308 2121 2349 ea-

532 2408 655 2449 rum
685 2394 774 2450 die
819 2402 1009 2449 sancto
1048 2391 1272 2449 Paschae
1317 2390 1705 2460 baptizaretur.
1746 2389 1893 2456 Quos
1932 2386 2000 2445 ad
2026 2400 2123 2443 no-

534 2485 760 2557 naginta
790 2500 885 2542 sex
911 2499 1140 2541 numero
1170 2484 1557 2549 manumissos,
1588 2483 1783 2540 beatus
1818 2482 1946 2537 Pius
1967 2481 2123 2553 aquis

538 2578 867 2636 salutaribus
895 2578 1088 2634 abluit.
1128 2577 1257 2634 lnde
1282 2587 1406 2649 post
1429 2578 1713 2633 innumera
1740 2577 1959 2647 pietatis
1994 2590 2124 2646 ope-

543 2684 630 2736 ra,
675 2679 801 2741 post
842 2668 1131 2725 multorum
1182 2677 1485 2739 martyrum
1530 2667 1879 2739 sepulturas,
1930 2667 2123 2723 eadem

537 2763 852 2821 beatissima
879 2762 1033 2834 virgo
1062 2761 1319 2834 migravit
1364 2760 1435 2816 ad
1481 2759 1769 2816 Dominum
1795 2798 1811 2825 ,
1863 2772 2121 2816 coronam

521 2853 761 2924 .justitiaa
789 2852 992 2925 ajusto
1015 2850 1200 2922 judice
1234 2860 1540 2924 receptura.
1577 2836 1799 2921 Sepulta
1831 2850 1887 2905 in
1922 2862 2126 2906 cmme-

430 2962 438 2967 '
541 2947 680 3002 terio
726 2945 990 3002 Priscillae
1014 2981 1033 3014 ,
1080 2945 1170 3002 via
1219 2944 1450 3013 Salaria,
1498 2945 1656 3017 juxta
1694 2957 1938 3002 sororem
1968 2957 2123 2999 suam

539 3046 703 3108 atque
730 3046 942 3094 patrem
966 3036 1293 3109 Pudentem.

619 3128 683 3187 In
712 3129 925 3195 Galliis,
953 3130 1172 3187 civitate
1200 3128 1439 3186 Massilia
1462 3169 1478 3196 ,
1508 3128 1710 3185 natalis
1737 3127 1910 3185 sancti
1948 3128 2132 3185 Victo-

539 3219 639 3276 ris.
688 3220 794 3289 Qui
821 3221 924 3277 sub
949 3221 1329 3293 persecutione
1355 3220 1679 3278 Diocletiani
1719 3230 1775 3277 et
1816 3220 2129 3277 Maximiani

549 3327 675 3368 cum
705 3320 853 3368 esset
877 3311 1033 3369 miles
1055 3350 1072 3380 ,
1116 3321 1173 3368 et
1201 3326 1303 3367 nec
1345 3311 1584 3368 militare
1607 3326 1709 3369 nec
1735 3311 1895 3368 idolis
1924 3311 2132 3368 sacrifi-

2219 2111 2389 2177 venit,
2422 2110 2735 2167 innumeras
2762 2111 2993 2167 virtutes
3021 2108 3279 2177 ostendit,
3316 2116 3371 2168 et
3396 2104 3671 2182 plurimas
3698 2126 3822 2182 pas-

2222 2203 2403 2260 siones
2448 2200 2726 2260 Sustinuit.
2766 2190 2902 2259 Nam
2961 2194 3133 2260 nimia
3186 2202 3333 2260 caede
3384 2198 3715 2273 frequenter
3758 2217 3823 2257 ac

2225 2294 2316 2352 diu
2345 2302 2633 2363 mactatus,
2665 2313 2729 2352 ac
2765 2297 2925 2352 nudis
2954 2290 3184 2367 pedibus
3218 2311 3380 2368 super
3407 2300 3620 2367 prunas
3650 2292 3825 2365 impm

2223 2393 2384 2462 situs,
2417 2404 2580 2464 atque
2613 2386 2843 2464 equulco
2871 2406 3193 2463 suspensus,
3224 2384 3603 2447 crudelissime
3646 2376 3824 2442 tortus

2222 2494 2327 2553 est,
2374 2495 2431 2542 et
2472 2502 2606 2542 saxo
2650 2502 2713 2542 os
2757 2480 2874 2555 ejus
2903 2494 3213 2551 contusum,
3244 2490 3298 2540 et
3332 2499 3457 2538 cum
3491 2478 3824 2553 gravissimo

2222 2572 2354 2635 ferri
2400 2576 2642 2649 pondere
2691 2570 2934 2634 inclusus
2988 2568 3042 2632 in
3090 2590 3308 2632 carcere
3340 2574 3622 2637 horrifico,
3657 2582 3823 2641 atque

2225 2664 2281 2725 in
2309 2668 2456 2741 ligno
2483 2677 2743 2725 extensus
2771 2676 2872 2725 est.
2916 2658 3019 2723 Ubi
3046 2658 3114 2723 ab
3142 2656 3451 2725 hominibus
3481 2658 3709 2736 quidem
3738 2670 3824 2716 est

2226 2759 2524 2834 neglectus,
2561 2754 2657 2817 Sed
2685 2761 2752 2816 ab
2782 2758 2974 2832 angelo
3004 2750 3219 2831 publice
3244 2769 3431 2833 pastus
3459 2764 3566 2813 est.
3612 2748 3823 2811 Deinde

2229 2862 2512 2910 catenatus
2566 2848 2621 2908 in
2672 2847 2923 2909 exSiIium
2969 2858 3150 2909 trusus
3180 2854 3319 2919 .eSt,
3369 2848 3554 2920 ibique
3600 2863 3823 2904 rursum

2226 2936 2461 3000 fustibus
2490 2958 2664 2999 caesus
2691 2946 2746 2999 et
2780 2942 3099 2999 vulneratus
3124 2941 3242 3009 est,
3276 2942 3582 3009 iterumque
3612 2937 3673 2993 in
3707 2951 3823 2993 car-

2222 3034 2408 3092 cerem
2442 3036 2642 3091 missus
2664 3042 2750 3090 est
2775 3046 2831 3090 et
2856 3049 3061 3103 caesus,
3092 3028 3169 3091 sic
3200 3033 3525 3104 martyrium
3554 3045 3820 3086 consum-

2227 3124 2398 3187 mavit
2426 3122 2527 3186 sub
2558 3120 2895 3201 Vespasiano
2914 3124 3147 3196 Caesare,
3174 3120 3534 3185 Demosthene
3563 3124 3821 3197 patricio.

2228 3214 2391 3279 Rexit
2434 3213 2735 3279 Ecclesiam
2784 3238 2883 3294 per
2920 3228 3094 3279 annos
3139 3212 3330 3293 viginti
3370 3228 3518 3286 octo,
3568 3232 3821 3276 mensem

2232 3322 2422 3382 unum,
2451 3306 2569 3371 dics
2591 3323 2842 3386 quatuor.

549 3418 678 3461 care
703 3402 885 3471 vellet;
928 3404 1165 3476 primum
1193 3418 1227 3459 ι
1256 3403 1477 3460 tribuno
1504 3417 1605 3459 suo
1632 3403 1888 3460 Austerio
1918 3404 1972 3459 in
2006 3419 2129 3459 car-
2153 3384 2198 3453 ε
2302 3400 2490 3465 Romae
2540 3384 2629 3462 vis
2676 3394 2988 3472 Tiburtina,
3035 3391 3292 3461 milliaria
3332 3392 3547 3461 decimo
3594 3410 3818 3467 octavo,

542 3511 724 3553 cerem
753 3503 960 3563 trusus,
992 3493 1087 3555 sed
1115 3495 1265 3552 omni
1303 3503 1463 3552 nocte
1489 3496 1557 3551 ad
1586 3496 1887 3552 visitandos
1920 3506 1977 3552 et
2003 3510 2127 3552 con-

541 3585 807 3651 solandos,
840 3586 1086 3643 infirmos
1130 3586 1198 3641 ab
1242 3584 1433 3656 angelo
1483 3586 1711 3642 eductus
1752 3594 1856 3642 est.
1917 3585 2126 3642 Deinde

535 3675 695 3747 jussu
727 3677 979 3750 Eutychii
1004 3675 1248 3748 praefecti
1283 3677 1502 3733 retortis
1524 3676 1766 3733 brachiis
1794 3669 2127 3734 loris'subti-

542 3755 686 3824 libus
719 3768 916 3840 ligatus
940 3808 955 3834 ,
1008 3775 1064 3823 et
1101 3767 1330 3839 pedibus
1357 3766 1484 3823 fune
1515 3768 1864 3834 constrictus,
1895 3784 1990 3839 per
2015 3782 2129 3823 me-

544 3858 687 3916 diam
721 3858 925 3915 tractus
966 3867 1051 3915 est
1081 3850 1379 3915 civitatem.
1420 3856 1549 3914 Post
1575 3856 1691 3915 haec
1730 3852 1962 3915 fustibus
2000 3875 2127 3915 cru-

544 3944 817 4008 delissime
842 3966 984 4007 caeso
1013 3968 1077 4007 ac
1102 3966 1385 4025 suspenso,
1412 3950 1465 4008 et
1491 3952 1691 4008 taurcis
1711 3954 1973 4021 cruciatu,
2003 3968 2127 4008 cum

545 4038 923 4097 exhibuissent
972 4050 1123 4096 aram
1166 4043 1222 4097 in
1251 4058 1357 4114 qua
1396 4040 1752 4110 sacriﬁcaret,
1783 4054 1839 4098 et
1866 4060 1985 4100 eam
2030 4059 2130 4099 nec

546 4131 819 4203 respicere
844 4132 1141 4197 sustinens,
1165 4133 1230 4189 de
1254 4149 1414 4189 manu
1438 4134 1736 4190 sacerdotis
1762 4134 1910 4190 calce
1936 4151 2130 4192 emus-

546 4223 728 4288 sisset,
757 4222 950 4297 pedem
982 4221 1189 4292 praeses
1216 4220 1333 4292 ejus
1355 4222 1516 4296 jussit
1550 4223 1734 4280 incidi.
1766 4221 1850 4279 Ad
1879 4218 2130 4280 ultimum

545 4316 603 4372 in
630 4304 974 4372 confessione
1012 4313 1213 4371 Christi
1239 4316 1555 4387 persistens,
1603 4317 1804 4372 missus
1827 4326 1909 4373 est
1936 4318 1988 4372 in
2017 4333 2131 4374 mo-

547 4406 654 4463 lam
694 4407 978 4477 pistoriam
1002 4446 1018 4474 ,
1052 4407 1107 4462 in
1150 4422 1255 4477 qua
1298 4409 1548 4478 sparsum
1580 4409 1846 4480 vertigine
1885 4409 2131 4466 animalis

522 4500 811 4559 macerari
835 4499 987 4575 solet,
1021 4509 1187 4570 atque
1224 4500 1297 4557 ita
1327 4501 1591 4559 contritus
1611 4498 1972 4575 ,‘martyrium
2004 4519 2132 4559 con-

547 4592 859 4648 summavit.
899 4591 1051 4648 Passi
1080 4601 1204 4648 sunt
1229 4608 1350 4649 cum
1389 4609 1454 4650 eo
1486 4604 1596 4651 tres
1640 4594 1859 4662 milites,
1897 4596 2133 4651 Alexan-

548 4688 665 4752 der,
714 4684 1021 4742 Felicianus
1067 4694 1122 4742 et
1172 4686 1468 4759 Longinus.
1527 4684 1670 4744 Puer
1695 4688 1909 4760 quoque
1935 4688 2132 4746 Deute—

547 4771 694 4845 rius,
735 4776 862 4832 dum
913 4772 982 4832 ad
1031 4776 1342 4848 sepulcrum
1393 4776 1511 4848 ejus
1553 4786 1756 4845 oraret,
1801 4777 1979 4835 emisit
2018 4778 2129 4850 spi-

549 4869 732 4924 ritum.
800 4920 801 4923 η
1792 4938 1795 4941 Δ

618 4960 676 5017 in
708 4961 841 5019 urbe
875 4962 1096 5019 Caasena
1123 4961 1377 5019 nativitas
1399 4973 1708 5021 sanctorum
1729 4962 1983 5033 Adriani,
2018 4962 2128 5021 He-

549 5056 629 5124 lii,
664 5050 920 5125 Victoris,
951 5054 1186 5112 Patrocli
1211 5064 1267 5112 et
1295 5055 1543 5113 aliorum.

617 5146 778 5218 Apud
810 5147 1080 5204 Veronam
1128 5146 1412 5204 translatio
1457 5146 1630 5204 sancti
1665 5146 1900 5204 Zenonis
1929 5150 2134 5220 marty-

552 5238 651 5304 ris,
673 5238 739 5294 de
766 5237 922 5309 cujus
952 5238 1242 5295 sanctitate
1278 5240 1472 5295 beatus
1507 5255 1642 5310 papa
1674 5237 1967 5313 Gregorius
1987 5254 2134 5295 com-

551 5340 839 5396 memorat,
871 5331 999 5400 quia
1028 5345 1152 5385 cnm
1196 5328 1377 5385 Atesis
1414 5328 1607 5386 ﬂuvius
1643 5346 1815 5401 usque
1859 5331 1926 5385 ad
1971 5345 2134 5401 snpe-

552 5423 726 5479 riores
764 5422 1010 5478 ecclesiae
1054 5416 1344 5489 fenestras,
1381 5421 1433 5477 in
1461 5436 1566 5492 qua
1596 5422 1905 5477 venerabile
1937 5437 2134 5492 corpus

552 5514 723 5586 ipsius
750 5513 1154 5584 requiescebat,
1188 5520 1569 5579 excresceret,
1612 5510 1922 5583 patentibus
1952 5507 2136 5580 januis

554 5619 694 5676 aqua
727 5602 780 5659 in
807 5602 1054 5659 eamdem
1097 5603 1387 5659 ecclesiam
1436 5619 1541 5660 non
1588 5603 1847 5677 intraret,
1876 5602 1972 5657 sed
2000 5600 2137 5657 hau-

554 5706 698 5756 stum
727 5700 882 5753 sutim
911 5688 1137 5751 inclusis
1160 5693 1380 5751 omnino
1406 5698 1510 5751 non
1542 5702 1786 5768 negaret.

625 5788 695 5844 Xl
738 5788 897 5845 ,ΚΑιη
919 5788 1059 5861 Anc.
1083 5818 1155 5828 -—
1175 5786 1443 5843 Nalivitas
1483 5793 1685 5844 sanctae
1712 5786 1891 5844 Maria:
1917 5778 2132 5861 Magda—

514 5863 525 5869 ’
554 5880 692 5936 lena:
714 5919 730 5946 ,
779 5876 847 5934 de
870 5895 977 5950 qua
1000 5920 1015 5947 ,
1063 5886 1119 5934 ut
1150 5876 1491 5950 evangelista?
1520 5876 1760 5935 referunt
1790 5878 1985 5954 (Marc.
2018 5895 2130 5947 xvr,

558 5970 691 6026 Luc.
722 5969 913 6041 xvm),
953 5968 1216 6024 daemonia
1248 5978 1452 6038 septem
1485 5970 1741 6026 Dominus
1768 5971 1945 6041 ejecit.
2002 5973 2133 6041 Qua:

2230 3502 2486 3558 nativitas
2520 3501 2689 3558 sancti
2720 3492 3014 3558 Vincentii.

2300 3595 2398 3649 Via
2425 3581 2592 3650 Acula
2620 3602 2822 3651 sanctae
2843 3582 3157 3649 Primitive.

2297 3690 2354 3744 In
2380 3674 2636 3745 Laodicia
2667 3686 2917 3761 Phrygiae
2947 3686 3160 3745 Minisei
3187 3694 3242 3745 et
3268 3672 3471 3744 lsichii.

2295 3766 2365 3836 1X
2459 3779 2595 3838 Kac.
2625 3766 3069 3838 Auo.—Romae
3115 3774 3372 3836 nativitas
3414 3777 3591 3834 sancti
3638 3772 3817 3832 Victo-

2229 3872 2359 3929 rini.

2218 3950 2225 3956 ’
2300 3963 2358 4018 in
2386 3961 2724 4018 Amiternina
2753 3961 2971 4017 civitate
2992 3960 3224 4014 militum
3253 3958 3529 4031 octoginta
3564 3958 3750 4013 trium.

2301 4054 2358 4109 In
2390 4053 2587 4109 Tuscia
2641 4053 2781 4124 apud
2818 4051 3093 4107 civitatem
3125 4050 3362 4124 Tyrum,
3409 4064 3532 4118 quae
3557 4046 3816 4117 cstjusta

2232 4147 2407 4202 lacum
2446 4144 2759 4207 Vulsinnm,
2799 4143 2979 4215 passio
3020 4146 3221 4198 sanctae
3249 4141 3541 4197 Christinm
3568 4139 3816 4212 virginis,

2233 4255 2354 4311 quae
2386 4239 2439 4294 in
2472 4248 2659 4293 tenera
2695 4238 2872 4292 adhuc
2910 4235 3158 4297 aetatula,
3188 4222 3388 4291 Christi
3418 4234 3524 4289 [ide
3558 4240 3617 4287 et
3645 4232 3817 4303 gratia

2216 4329 2572 4401 ,confortata,
2626 4329 2757 4383 deos
2791 4342 2988 4382 aureos
3016 4325 3216 4383 Urbani
3251 4324 3420 4397 patris
3448 4323 3532 4381 sui
3574 4322 3816 4393 praefecti

2220 4421 2487 4495 contrivit
2530 4429 2585 4477 et
2614 4420 2941 4490 pauperibus
2967 4419 3259 4475 distribuit.
3322 4417 3402 4473 0b
3443 4416 3571 4482 hoc,
3591 4408 3821 4487 jubente

2230 4519 2387 4583 patre
2411 4552 2426 4578 ,
2475 4509 2647 4581 alapis
2675 4509 2871 4565 aﬂlicta
2895 4550 2909 4575 ,
2964 4508 3284 4564 verberibus
3317 4506 3577 4566 dilaniata
3604 4547 3622 4571 ,
3678 4505 3821 4561 ferro

2220 4589 2455 4661 onerata
2480 4644 2495 4670 ,
2541 4604 2595 4658 in
2638 4618 2915 4677 carcerem
2962 4601 3206 4671 conjecta
3232 4608 3332 4656 est.
3395 4598 3527 4655 Post
3556 4601 3673 4655 haec
3698 4614 3819 4655 cum

2234 4696 2535 4753 diutissime
2561 4702 2617 4747 et
2644 4693 3023 4749 crudelissime
3061 4692 3438 4757 dilaniaretur,
3468 4690 3536 4746 de
3565 4690 3819 4746 carnibus

2234 4789 2345 4844 suis
2371 4787 2514 4858 patri
2538 4786 2591 4841 in
2620 4784 2815 4841 faciem
2858 4772 3104 4857 projecit.
3168 4783 3411 4855 Cumque
3434 4782 3658 4854 alligata
3694 4792 3820 4838 rom

2234 4880 2344 4952 igni
2395 4876 2709 4949 supposito,
2753 4885 2811 4933 et
2854 4873 2978 4932 fuso
3022 4874 3253 4946 desuper
3297 4874 3447 4941 oleo,
3494 4882 3820 4938 torrerettIr,

2234 4985 2529 5041 erumpens
2555 4966 2773 5024 ﬂamma
2801 4968 2948 5024 mille
2977 4968 3258 5040 gentilium
3282 4964 3577 5024 interfecit.
3620 4968 3819 5024 lterum

2233 5063 2443 5122 carceri
2467 5064 2683 5127 tradita,
2702 5060 2891 5133 angelo
2910 5060 3169 5118 visitante
3196 5070 3385 5117 sanata
3407 5069 3491 5115 est
3518 5070 3572 5115 et
3596 5060 3818 5116 refecta.

2234 5154 2438 5211 Deinde
2487 5170 2608 5210 cum
2654 5169 2851 5225 magno
2877 5153 2993 5209 saxi
3038 5153 3275 5223 pondere
3319 5153 3374 5207 in
3415 5167 3567 5207 mare
3590 5150 3817 5221 iactata,

2234 5244 2477 5318 angelico
2505 5244 2758 5317 praesidio
2786 5244 3012 5298 liberata
3047 5252 3150 5299 est.
3199 5242 3370 5310 Quam
3404 5254 3694 5298 successor
3732 5258 3820 5313 pa-

2236 5335 2335 5399 tris
2361 5336 2477 5407 ejus
2524 5334 2659 5391 Dion
2700 5334 2885 5391 multis
2924 5334 3119 5389 iterum
3157 5322 3433 5403 suppliciis
3476 5328 3698 5398 amisit;
3731 5334 3819 5387 sed

2234 5432 2425 5478 orante
2458 5418 2568 5487 illa,
2599 5423 2951 5478 simulacrum
2977 5414 3266 5492 Apollinis,
3294 5426 3456 5491 Quem
3481 5423 3712 5478 adorare
3735 5413 3821 5492 ju-

2235 5515 2484 5580 bebatur,
2512 5515 2567 5569 in
2600 5512 2837 5568 favillam
2874 5514 3051 5570 subito
3090 5510 3366 5571 redactum
3406 5523 3509 5569 est.
3550 5511 3669 5581 Quo
3719 5514 3816 5569 mi-

2236 5604 2423 5661 raculo
2453 5606 2552 5660 tria
2584 5604 2752 5660 millia
2799 5606 3080 5660 hominum
3115 5598 3180 5659 ad
3213 5596 3374 5659 fidem
3428 5602 3631 5660 Christi
3683 5620 3818 5660 con-

2237 5710 2396 5754 versa
2446 5702 2589 5753 sunt.
2664 5695 2965 5752 Novissime
3013 5700 3297 5751 successor
3348 5686 3533 5750 Dionis
3576 5690 3819 5750 Julianus

2238 5796 2361 5860 post
2388 5787 2663 5844 fornacem
2712 5787 3033 5844 candentem
3063 5827 3078 5853 ,
3129 5784 3220 5842 ubi
3269 5786 3507 5857 quinque
3537 5782 3728 5843 diebus
3760 5784 3818 5840 ll-

2239 5877 2365 5934 laesa
2396 5877 2719 5949 permansit,
2743 5882 2867 5949 post
2898 5884 3177 5947 serpentes
3205 5890 3236 5931 a
3262 5878 3503 5933 veneﬁco
3526 5870 3815 5942 immissos,

2242 5972 2335 6028 sed
2371 5969 2473 6026 iidc
2515 5970 2712 6027 Christi
2760 5978 3075 6041 superatos,
3122 5977 3243 6039 post
3285 5970 3669 6026 abst-iesione":
3720 5969 3815 6024 liu-
