3956 5386
93 477 222 538 “25

1136 465 1763 530 MARTYROLOGIUM.
1801 499 1871 512 --
1907 466 2110 527 MENS.
2148 469 2294 528 IUL.

3219 476 3359 534 1126

93 619 218 676 gum,
270 597 482 671 sagittis
511 576 650 651 .eam
680 594 877 666 conﬁgi
909 592 1185 664 praecepit,
1233 591 1421 662 sicque
1455 601 1673 645 cursum
1703 587 1753 648 Α
1850 583 1907 638 ln
1941 595 2099 654 portu
2131 584 2376 641 Romano
2401 585 2713 658 Hyacinthi,
2743 586 2842 642 sub
2872 587 3142 644 consulari
3181 590 3358 648 Leon-

95 692 331 766 nartyrii
361 691 444 746 sui
470 691 627 746 beata
654 689 809 760 virgo
846 684 1134 757 complevit
1171 697 1313 738 anno
1349 680 1526 736 aetatis
1554 694 1664 735 suae

94 786 315 841 iecitno.

149 877 313 950 Apud
341 876 635 933 Emeritam
665 873 940 946 Hispaniae
968 872 1243 928 civitatem
1272 868 1448 927 sancti
1475 865 1662 923 Victo-

93 976 161 1030 ris
189 972 470 1037 militaris,
497 970 589 1040 qui
618 984 740 1025 cum
779 967 987 1024 duobus
1021 965 1280 1020 fratribus
1317 961 1585 1019 Stercatio
1612 966 1666 1015 et

93 1069 422 1139 \ntinogene
469 1064 696 1121 diversis
741 1062 1082 1119 examinatus
1129 1057 1407 1131 suppliciis
1461 1065 1666 1126 marty-

93 1164 222 1218 rium
255 1157 672 1217 consummavit.

151 1254 361 1310 Eodem
397 1251 484 1308 die
532 1247 731 1305 natalis
771 1254 1082 1302 sanctarum
1129 1241 1308 1298 Niceae
1339 1237 1585 1314 [Nicena]
1613 1246 1668 1294 et

93 1347 374 1419 \quilinaa.
429 1343 562 1412 Quae
618 1343 683 1398 ad
731 1339 1169 1412 praedicationem
1221 1336 1365 1391 beati
1421 1334 1668 1390 Christo-

94 1443 238 1511 JhOl‘i
271 1436 533 1510 martyris
559 1435 627 1489 ad
650 1433 925 1490 Christum
955 1444 1245 1494 conversas,
1274 1426 1516 1498 martyrii
1554 1425 1669 1498 pal-

94 1547 224 1586 nam
257 1527 455 1600 capitis
484 1513 814 1582 abscissicne
839 1528 1204 1592 sumpserunt.

156 1621 267 1678 Vlll
331 1599 493 1674 νΚΑι..
519 1615 751 1674 Auc.—
783 1613 970 1669 Natale
1016 1612 1160 1668 beati
1203 1599 1392 1667 Jacobi
1440 1608 1668 1680 apostoli

94 1717 174 1770 ilii
206 1711 481 1779 Zebedrei,
511 1709 701 1765 fratris
727 1707 954 1765 Joannis
979 1705 1343 1776 evangelistae.
1390 1703 1492 1771 Qui
1511 1700 1669 1772 jussu

94 1807 314 1862 ilCl‘Odis
345 1805 489 1876 regis
513 1803 808 1860 decollatus
848 1808 935 1858 est
979 1798 1401 1871 Hierosolymis,
1441 1805 1501 1851 ut
1531 1796 1668 1852 liber

93 1900 318 1953 ictuum
347 1897 714 1967 apostolorum
741 1894 900 1950 docet
953 1893 1093 1965 (cap.
1139 1893 1263 1959 xu).
1329 1890 1500 1961 Hujus
1525 1889 1667 1946 beati

1769 678 1865 745 tio,
1909 677 2150 738 Luxurio
2204 681 2380 752 primo
2428 680 2668 736 civitatis
2723 678 3032 737 Terracinae
3088 685 3352 742 tradente.

1767 771 1869 840 Qui
1904 774 2100 828 missus
2133 774 2186 828 in
2217 763 2417 845 ignem,
2454 773 2600 828 nullo
2645 776 2803 829 modo
2832 772 2950 829 laedi
2993 779 3167 845 potuit
3194 797 3206 834 :
3236 778 3356 834 inde

1766 863 2134 936 praecipitatus
2177 864 2232 919 in
2277 857 2672 920 validissimum
2714 874 3032 932 torrentem,
3065 868 3352 926 incolumis

1767 956 1972 1026 ejectus
1998 965 2084 1012 est
2114 955 2182 1013 ad
2205 959 2402 1028 ripam.
2429 957 2637 1026 Quibus
2663 958 2890 1014 Leontio
2918 961 3182 1016 nuntiatis
3214 963 3359 1016 misit

1767 1052 2150 1122 spiculatorem
2185 1068 2308 1108 cum
2351 1053 2614 1110 militibus
2641 1063 2699 1108 ut
2731 1071 2852 1110 eum
2896 1055 3073 1126 gladio
3107 1045 3354 1112 ferirent.

1770 1143 1920 1200 'I‘unc
1946 1145 2190 1215 quaedam
2239 1155 2508 1212 matrona,
2562 1146 2780 1202 nomine
2807 1145 2968 1215 Julia,
3005 1164 3202 1219 corpus
3243 1147 3360 1218 ejus

1770 1236 1986 1308 collegit
2023 1247 2078 1292 et
2101 1238 2154 1291 in
2186 1238 2386 1308 praedic
2419 1253 2516 1293 suo
2543 1253 2665 1294 cum
2695 1239 2900 1295 honore
2936 1241 3202 1312 sepelivit.

1839 1327 1896 1382 In
1954 1325 2205 1382 Laodicia
2262 1327 2510 1400 Phrygiae
2555 1326 2785 1394 Joviani,
2847 1329 3067 1398 Juliani,
3119 1331 3348 1398 Aimilii,

1768 1419 1987 1488 Felicis,
2022 1421 2298 1490 Martiani,
2334 1423 2598 1490 Maxima),
2637 1424 2940 1493 Saturnini,
2969 1425 3254 1482 Gloriosaa.

1847 1535 1908 1592 Vl
1941 1534 2074 1591 ΚΑΙ..
2101 1535 2240 1593 Anc.
2260 1567 2332 1577 —
2353 1537 2507 1607 Apud
2531 1535 2901 1593 Nicomediam
2933 1538 3188 1593 nativitas
3213 1537 3358 1593 beati

1770 1627 2045 1687 Hermolai
2088 1629 2412 1702 presbyteri,
2457 1628 2610 1698 cujus
2642 1631 2885 1686 doctrina
2924 1629 3116 1691 beatus
3160 1631 3358 1685 Panta-

1767 1722 1890 1778 leon
1925 1724 1991 1779 ad
2033 1723 2193 1778 ﬁdem
2220 1723 2424 1779 Christi
2454 1739 2750 1780 conversus
2780 1733 2882 1780 est.
2925 1723 3025 1791 Qui
3070 1724 3355 1780 sanctissi-

1770 1829 1890 1870 mus
1919 1816 2221 1888 presbyter,
2259 1825 2438 1871 tentus
2459 1831 2490 1870 a
2519 1815 2871 1883 Maximiano,
2900 1815 3118 1886 capitali
3142 1825 3361 1872 senten-

1773 1906 1845 1961 tia
1873 1905 1944 1961 ob
1974 1906 2370 1968 contessionem
2400 1905 2602 1961 Christi
2629 1907 2849 1976 punitus
2873 1914 2978 1961 est.

94 1991 313 2060 προδιοιί
362 1989 728 2045 sacratissima
769 2002 890 2044 ossa
931 1988 998 2044 ad
1049 1985 1335 2055 Hispanias
1377 1985 1659 2049 translata,
1693 1958 1742 2020 Β
1840 2000 1974 2055 nem
2019 2000 2216 2056 ibidem
2247 2000 2430 2071 passio
2458 1958 2771 2056 εεηοιξι-ωη
2800 1997 2976 2061 “nam
3002 1997 3262 2054 ερρυηαω
3303 2005 3362 2054 θι

94 2093 133 2138 at
157 2084 208 2136 in
237 2082 451 2138 ultimis
489 2097 677 2137 earum
721 2079 946 2146 ﬁnibus,
996 2078 1248 2152 videlicet
1287 2087 1475 2134 contra
1516 2093 1667 2133 mare

93 2175 456 2229 Britannicum
487 2173 726 2240 condita,
771 2171 1126 2228 celeberrima
1165 2170 1378 2226 illarum
1424 2171 1666 2242 gentium

93 2268 436 2323 veneratione
479 2267 821 2322 excoluntur.
880 2263 993 2322 Nec
1046 2265 1339 2330 immerito,
1383 2265 1509 2335 quia
1551 2262 1668 2332 ejus

93 2358 353 2428 rorporali
416 2359 706 2430 prasentia
765 2367 821 2412 et
869 2357 1118 2413 doctrina
1175 2363 1340 2427 atque
1388 2355 1665 2426 signorum

93 2447 274 2505 :ilicaci
295 2464 323 2502 a
353 2449 516 2504 iidem
543 2448 724 2519 populi
758 2449 823 2504 ad
867 2449 1073 2504 Christi
1109 2447 1270 2504 ﬁdem
1297 2446 1549 2503 conversi
1583 2460 1669 2500 re-

93 2540 358 2597 feruntur.
415 2539 501 2596 Ad
546 2556 775 2611 quorum
824 2541 946 2596 ﬁdei
990 2540 1454 2596 conﬁrmationem
1501 2539 1666 2594 etiam

93 2633 435 2690 beatissimus
469 2632 745 2704 apostolus
786 2631 987 2688 Paulus
1021 2646 1081 2688 se
1118 2631 1322 2686 iturum
1359 2644 1480 2685 esse
1513 2629 1668 2700 polli-

93 2735 251 2782 CCII".

149 2819 206 2874 ln
232 2819 518 2889 provincia
560 2819 725 2891 Lycia
752 2861 767 2886 ,
817 2819 1035 2875 civitate
1083 2817 1364 2883 Samone,
1414 2815 1669 2871 nativitas

93 2912 255 2966 sancti
303 2909 705 2982 Christophori.
739 2909 844 2978 Qui
875 2911 1044 2980 virgis
1092 2909 1284 2964 ferreis
1323 2908 1574 2974 attritus,
1615 2913 1670 2961 et

93 2999 314 3059 ﬂammis
341 3003 623 3058 nstuantis
663 3001 900 3058 incendii
940 3002 1143 3058 Christi
1176 3001 1376 3056 virtute
1408 3000 1666 3065 salvatus,

93 3097 149 3151 ad
191 3097 445 3152 ultimum
495 3097 814 3168 sagittarum
862 3096 1061 3152 ictibus
1107 3094 1415 3161 confossus,
1464 3101 1670 3164 ιπηιγε-

93 3187 221 3242 rium
251 3187 453 3258 capitis
475 3188 888 3244 obtruncatione
914 3188 1225 3258 complevit.

1767 2090 2033 2149 Januarii.-

1835 2178 1895 2234 ln
1921 2165 2109 2234 Sicilia
2138 2177 2410 2234 Simeonis
2438 2179 2694 2237 monachi

1837 2270 1895 2325 In
1921 2271 2144 2349 civitate
2170 2271 2303 2326 Nola
2333 2271 2507 2327 sancti
2533 2271 2752 2335 Felicis,
2779 2271 2846 2328 de
2875 2271 3224 2328 ordinatione
3251 2272 3363 2344 epi-

1766 2372 2044 2433 scopatus,
2079 2363 2167 2418 ubi
2199 2363 2366 2418 multa
2396 2364 2672 2419 mirabilia
2699 2364 2878 2420 ﬁunt.

1838 2453 2216 2511 Antissiodoro
2243 2454 2509 2526 depositio
2535 2457 2711 2511 sancti
2751 2454 2990 2511 IEtherii
3023 2454 3286 2524 episcopi.

1840 2569 1886 2624 ν
1924 2567 2058 2622 Kac.
2102 2566 2237 2622 Acs.
2269 2595 2338 2607 -—-
2365 2567 2422 2621 In
2472 2566 2728 2622 Laodicia
2791 2566 3044 2638 Phrygiae
3101 2565 3362 2619 nativitas

1769 2668 2086 2716 sanctorum
2114 2659 2395 2723 Auxetttii,
2438 2659 2737 2720 Prudentii,
2770 2657 3080 2728 Theophili,
3108 2657 3361 2727 Philippi,

1769 2747 2090 2812 Alexandri,
2121 2749 2314 2813 Zotici,
2343 2745 2565 2819 Byssitc,
2602 2747 2866 2803 Secunda:
2895 2753 2950 2802 et
2978 2747 3258 2802 Macharii.

1840 2841 1899 2896 ln
1926 2838 2241 2895 Nicomedia
2282 2839 2452 2894 sancti
2492 2838 2838 2894 Pantaleonis
2883 2837 3058 2908 pueri.
3094 2836 3194 2903 Qui
3237 2846 3362 2890 cum

1765 2932 1991 3003 jultente
2015 2930 2346 2987 Maximiano
2373 2938 2544 2985 artem
2572 2930 2810 2985 disceret
2833 2929 3134 2993 medicinae,
3154 2941 3185 2982 a
3211 2941 3364 2998 pres-

1772 3028 1962 3100 bytero
2001 3025 2290 3080 Hermolao
2337 3024 2404 3078 ad
2435 3023 2596 3079 fidem
2617 3022 2819 3079 Christi
2851 3030 3166 3087 COltVel'Stts,
3193 3023 3362 3076 multa

1771 3115 2030 3173 miracula
2064 3117 2214 3182 fecit,
2239 3123 2556 3187 patremque
2580 3125 2736 3171 suum
2763 3105 3111 3184 Eustdrgium
3135 3123 3356 3169 senato-

1772 3219 1886 3266 rem
1936 3210 2140 3266 Christi
2177 3209 2300 3263 ﬁdei
2346 3208 2673 3277 subjugam.
2715 3204 2796 3262 0b
2827 3209 2991 3276 quam
3031 3208 3252 3260 eauSam
3294 3201 3362 3258 ab

151 3281 208 3335 lu
240 3281 508 3350 Hispania
545 3280 768 3337 civitate
803 3281 1088 3337 Barcilone
1117 3277 1466 3353 [Barcino'ne]
1493 3278 1668 3334 Cucu-

1791 3305 1964 3360 :odem
2009 3303 2338 3359 Maximiano
2364 3302 2578 3373 equuiei
2614 3311 2774 3372 pretia
2811 3310 2867 3357 et-
2892 3299 3201 3371 lam'padhm
3233 3309 3364 3355 exu—

93 3369 206 3425 iatis
236 3372 497 3443 martyris
523 3409 537 3436 ,
587 3371 680 3442 qui
712 3383 780 3427 ex
819 3373 1040 3427 civitate
1075 3371 1372 3443 Seyllitana
1402 3371 1667 3426 oriundus
1697 3369 1740 3388 ν
1770 3396 1947 3451 mone
1979 3395 2280 3459 cruciatus,
2313 3369 2430 3449 δαί
2454 3369 2757 3449 ἰηιετ“ιιωε
2789 3369 3019 3447 υοηηηδ
3060 3392 3164 3446 sibi
3202 3405 3366 3460 ηψπ,

93 3460 204 3526 fuit,
234 3462 337 3518 sed
368 3461 650 3518 Barcilone
683 3463 784 3517 sub
811 3461 1027 3518 Galerio
1059 3462 1384 3533 proconsule
1412 3471 1468 3516 et
1496 3460 1669 3515 Maxi-

93 3554 264 3610 miano
313 3562 372 3610 et
420 3554 617 3611 Ruﬁno
641 3567 873 3625 plastis:
903 3555 1082 3626 primo
1127 3555 1450 3624 gravissime
1492 3562 1669 3611 tortus

93 3653 136 3698 et
162 3661 358 3712 caesus,
396 3646 591 3703 deinde
633 3647 842 3703 catenis
884 3647 1171 3713 astrictus,
1205 3647 1258 3701 in
1291 3646 1550 3702 craticula
1581 3661 1670 3702 su-

93 3747 459 3808 perexten'sus,
490 3743 646 3796 aceto
675 3747 731 3796 et
765 3740 941 3810 sinapi
973 3740 1256 3811 perfusus,
1290 3740 1461 3795 assari
1487 3739 1670 3812 jussus

93 3842 190 3888 est.
229 3832 476 3904 Cumque
504 3835 572 3889 ab
616 3835 742 3906 igne
783 3841 838 3890 et
877 3830 1216 3889 ﬂammarum
1255 3833 1428 3906 globis
1475 3831 1670 3894 illaesns

93 3926 448 3994 apparuisset,
478 3939 544 3983 ex
571 3936 843 3997 praecepto
880 3926 1029 3997 impii
1064 3923 1265 3995 jndicis
1290 3935 1443 3982 extra
1476 3929 1668 3983 civita-

1770 3496 1926 3543 rente‘
1965 3493 2051 3542 est
2082 3485 2456 3557 refrigeratus,
2506 3484 2723 3540 tandem
2769 3483 2879 3538 ictu
2920 3482 3084 3553 gladii
3117 3481 3364 3554 martyrii

1772 3589 1996 3636 cursum
2025 3579 2442 3634 consummavit.

1843 3671 2126 3728 Mediolani
2158 3672 2417 3726 nativitas
2445 3678 2763 3726 sanctorum
2807 3668 3056 3725 Gervasii
3084 3667 3139 3724 et
3168 3665 3360 3722 Prota-

1773 3761 1859 3826 sii,
1893 3760 2108 3814 Nazarii
2139 3767 2194 3814 et
2225 3758 2367 3814 Celsi
2399 3757 2574 3828 pueri.

1842 3851 2084 3924 Lugduni
2121 3851 2421 3924 Peregrini,
2451 3851 2605 3923 cujus
2644 3847 3042 3906 beatitudinem
3073 3849 3365 3905 miraculo-

1774 3959 1892 4000 rum
1923 3945 2092 4015 gloria
2122 3951 2369 3999 testatur.-

93 4023 194 4070 tem
243 4018 440 4074 ductus
468 4059 484 4084 ,
532 4019 586 4073 in
625 4019 801 4090 ignem
839 4019 1114 4090 copiosum
1156 4019 1352 4074 iterum
1398 4019 1672 4089 projectus

93 4120 192 4167 est.
234 4111 355 4179 Quo
399 4113 580 4166 divino
627 4122 757 4167 nutu
807 4112 1107 4178 exstincto,
1142 4112 1335 4166 iterum
1372 4111 1517 4167 ferro
1555 4112 1673 4166 vin-

93 4206 311 4271 ctus,in
341 4204 640 4260 custodiam
672 4215 914 4260 retrusus
958 4215 1060 4259 est.
1120 4201 1223 4260 Ubi
1268 4204 1449 4260 divino
1491 4204 1670 4274 splen-

93 4298 217 4353 dore
244 4295 585 4361 consolatus,
638 4296 834 4352 iterum
888 4297 1104 4350 carduis
1145 4294 1337 4350 l‘erreis
1381 4303 1436 4350 et
1469 4295 1671 4350 taureis

93 4389 465 4445 crudelissime
492 4403 683 4453 cassus,
712 4388 764 4442 in
797 4387 984 4442 ultimo
1011 4386 1187 4458 gladio
1218 4388 1516 4457 perimente
1541 4401 1672 4441 con-

93 4491 392 4537 summatus
439 4487 541 4537 est.
583 4480 747 4552 Cujus
792 4493 991 4550 corpus
1039 4494 1070 4533 a
1117 4473 1441 4534 Christianis
1471 4478 1670 4531 ibidem

93 4580 214 4628 tunc
246 4574 508 4645 temporis
529 4574 822 4644 sepultum,
854 4573 947 4628 88d
971 4572 1311 4641 ροεῑιηοάυῐη
1341 4571 1465 4625 inde
1492 4579 1673 4625 trans“
1773 4593 1918 4647 oumi
1951 4590 2212 4654 Ecclesia,
2247 4596 2302 4643 et
2332 4587 2398 4642 de
2443 4585 2646 4656 regulis
2677 4585 3167 4647 monasteriorum,
3216 4589 3273 4636 et
3300 4582 3367 4637 de

93 4663 281 4731 latum,
312 4682 418 4722 non
457 4665 616 4736 longe
659 4680 688 4719 a
712 4665 934 4720 civitate
972 4663 1248 4718 Parisiaca
1279 4702 1294 4727 ,
1342 4663 1394 4716 in
1439 4663 1666 4719 ecclesia
1696 4685 1754 4748 D
1774 4684 1973 4741 yudaﬁs
2003 4692 2055 4736 ει
2084 4682 2152 4738 de
2194 4679 2420 4752 paganis
2444 4693 2461 4733 ε
2486 4686 2541 4733 ει
2584 4677 2784 4732 "mnos
2810 4676 3180 4747 Cataphngas
3220 4675 3372 4729 im.e_

93 4753 373 4810 beatorum
404 4765 728 4828 martyrum,
760 4754 1024 4827 Dionysii,
1051 4753 1258 4810 Rustici
1291 4762 1346 4808 et
1369 4754 1668 4812 Eieutherii

1791 4777 1875 4843 tit,
1922 4787 2058 4844 quos
2105 4771 2296 4827 exsilio
2347 4767 2399 4823 in
2448 4767 2778 4823 monaSteria
2822 4766 3206 4837 relegavityet
3253 4766 3370 4833 ipse

93 4843 437 4914 inmutatum,
485 4856 541 4902 et
581 4849 648 4902 ad
679 4862 850 4916 usque
881 4848 995 4902 haec
1035 4847 1492 4903 Nortmanucrum
1535 4855 1668 4905 tem-

1797 4843 1982 4923 nvenit
2007 4864 2282 4935 Pelagium
2313 4868 2368 4916 et
2399 4859 2752 4914 leestinum
2783 4857 3094 4920 luereticos,
3129 4868 3193 4908 ac
3219 4854 3370 4907 dam-

93 4950 216 5002 pora
245 4940 396 4993 omni
427 4955 549 4994 cum
576 4940 782 4996 ¹¹⁰¹¹⁰Γθ
807 4939 1010 4995 “mum
1045 4949 1148 4994 δεῖ·
1775 4958 1925 5013 navit
1959 4971 2071 5021 eos,
2126 4963 2180 5011 et
2227 4953 2329 5008 hoc
2355 4951 2639 5006 constituit
2686 4959 2744 5004 ut
2789 4947 2881 5016 qui
2910 4947 3021 5000 nati
3067 4944 3269 4998 fuerint
3308 4941 3373 4994 de

155 5037 347 5094 Romae
397 5041 718 5112 Eutychiani
759 5057 910 5112 papae
943 5047 999 5098 et
1048 5043 1326 5116 martyris.
1383 5041 1435 5099 ls
1469 5045 1674 5099 consti-
1775 5049 2112 5114 Christiano,
2145 5047 2320 5103 denuo
2356 5055 2454 5113 per
2495 5043 2833 5114 baptismum
2884 5045 3195 5096 nascantur,
3229 5030 3378 5104 quod

93 5127 188 5182 tuit
213 5130 398 5200 fruges
419 5143 582 5201 super
605 5133 798 5198 altare,
828 5134 882 5187 id
909 5141 1012 5200 est,
1041 5140 1247 5190 tantum
1280 5133 1436 5190 fabas
1464 5143 1518 5190 et
1539 5152 1673 5193 uvas
1777 5142 2030 5214 Pelagius
2060 5137 2353 5196 damnavit.

93 5214 356 5274 benedici.
395 5220 500 5287 Qui
532 5221 864 5291 temporibus
894 5225 1006 5279 suis
1031 5239 1129 5294 per
1154 5227 1369 5282 diversa
1406 5224 1522 5280 loca
1560 5237 1670 5284 tre-
1855 5231 2147 5290 Mediolani
2211 5233 2663 5288 commemoratio
2708 5229 3025 5286 sanctorum
3082 5223 3391 5289 martyrum

93 5318 272 5342 "-nlnc
305 5309 662 5346 nnnrlnnn'nnln
698 5321 747 5346 nl
790 5327 952 5350 unum
989 5323 1258 5354 marica-nn
1285 5315 1537 5355 monibus:
1563 5320 1675 5358 αηῖα
1782 5325 2028 5358 Πησιοναυῖἶ
2063 5337 2120 5362 αι
2161 5321 2392 5362 ῡρηιαιίἰ
2449 5320 2671 5376 “atqu-ii
2702 5328 2758 5366 ﬁt
2794 5311 2934 5360 ‘5‘“
2966 5312 3126 5352 “"5":

1843 4035 2028 4090 Romae
2049 4035 2282 4091 Victoris
2313 4049 2465 4105 papre
2487 4039 2542 4089 et
2565 4033 2842 4104 martyris.
2870 4033 2973 4100 Qui
3003 4031 3284 4087 constituit
3308 4040 3368 4085 ut

1774 4130 2082 4198 ubicunque
2112 4129 2163 4182 in
2208 4127 2448 4182 Ecclesia
2483 4128 2748 4183 catholica
2780 4120 3080 4183 necessitas
3116 4140 3370 4180 occurre-

1775 4231 1878 4288 ret,
1905 4221 2210 4291 quicnnqne
2239 4235 2301 4275 ex
2349 4220 2646 4289 gentilitate
2679 4218 2744 4272 ad
2777 4217 2983 4273 ChriSt-i
3029 4214 3186 4271 ﬁdem
3219 4215 3370 4268 festi-

1774 4329 1932 4381 nans,
1961 4329 2103 4368 verae
2134 4315 2253 4368 ﬁdei
2281 4311 2619 4367 confessione
2647 4312 2949 4381 praemissa,
2974 4310 3090 4364 sive
3119 4310 3174 4362 in
3199 4305 3363 4373 fonte,

1773 4409 1888 4462 sive
1911 4409 1962 4460 in
1983 4406 2223 4469 ﬂumine,
2251 4403 2364 4458 sive
2398 4403 2451 4457 in
2485 4403 2623 4456 mari
2649 4402 2794 4456 Iicite
2822 4400 3211 4470 baptizaretur.

1844 4497 1976 4552 Item
2009 4495 2305 4549 Innocentii
2360 4505 2532 4562 papae.
2575 4491 2678 4560 Qui
2731 4492 3088 4546 constitutum
3135 4487 3268 4545 fecit
3299 4489 3365 4543 de

790 5327 952 5350 unum
989 5323 1258 5354 mortars-nu
1285 5315 1537 5355 monibus:
1563 5320 1675 5358 quia

1782 5325 2028 5358 Πησιοςαυῖἶ
2063 5337 2120 5362 Δί
2161 5327 2284 5362 ονε-Η
2296 5321 2392 5358 atii
