4046 6456
521 503 658 559 1127

1428 494 1486 553 Β.
1527 492 1828 553 NOTKERI
1867 489 2162 549 BALBULI
2200 489 2262 547 S.
2301 489 2504 547 GALLI
2543 487 2853 546 MONACHI

3652 489 3794 545 H28

524 623 576 676 in
614 619 782 682 clero,
810 615 884 670 ita
912 623 971 669 ut
999 611 1302 684 presbyteri
1340 620 1394 665 et
1421 611 1605 666 clerici
1635 611 1818 681 plures
1843 624 2104 664 necarcn-
2128 614 2181 672 Α
2209 606 2524 678 subregulos
2567 607 2896 671 interﬁcere,
2940 613 2994 660 et
3043 603 3210 676 ligare
3256 604 3419 675 pedes
3473 619 3691 670 eorum,
3740 619 3794 663 et

523 723 608 766 tur
630 721 684 765 et
710 707 972 778 martyrio
999 712 1410 759 coronarentur.
1442 702 1728 772 Depositus
1752 710 1934 756 autem
1976 714 2100 754 san-

522 814 641 860 ctus
667 819 729 857 ac
755 801 1095 857 beatissimus
1121 798 1269 852 Fcli-x
1297 813 1457 868 papa,
1479 797 1743 852 habitavit
1768 797 1822 851 in
1844 794 2102 866 praediolo

522 908 642 957 suo,
673 893 814 961 quod
848 898 968 945 erat
994 889 1082 942 via
1127 888 1446 954 Portuensi;
1480 887 1596 952 sed,
1627 886 1912 957 agentibus
1952 893 2102 955 post-

525 983 740 1037 modum
771 980 1064 1046 hzereticis,
1109 980 1300 1034 ductus
1345 987 1430 1036 est
1455 979 1510 1034 in
1541 981 1816 1035 civitatem
1844 989 1900 1033 et
1925 979 2101 1048 capite

525 1082 771 1128 truncato
799 1071 1059 1143 martyrio
1095 1080 1388 1126 coronatus
1424 1079 1527 1127 est.

594 1164 795 1219 Eodem
817 1163 906 1218 die
930 1162 1186 1217 nativitas
1209 1170 1522 1217 sanctorum
1548 1169 1851 1233 martyrum
1883 1159 2103 1230 Simpli-

523 1255 616 1321 cii,
663 1254 928 1322 Faustini,
966 1253 1253 1320 Beatricis,
1305 1255 1642 1324 temporibus
1684 1254 2000 1310 Diocletiani
2047 1263 2102 1308 et

521 1347 853 1401 Maximiani.
905 1347 1008 1414 Qui
1049 1355 1172 1417 post
1222 1347 1412 1426 multa
1444 1348 1768 1403 ac'diversa
1815 1346 2100 1418 supplicia,

515 1437 654 1509 jussi
710 1448 835 1495 sunt
877 1439 1161 1510 capitalem
1214 1441 1397 1496 subire
1445 1441 1787 1504 sententiam,
1833 1449 1890 1495 et
1939 1439 2103 1511 ligato

521 1548 654 1588 saxo
695 1533 749 1587 in
793 1532 932 1588 colla
960 1547 1169 1597 eorum,
1193 1532 1389 1604 jactari
1432 1549 1531 1604 per
1567 1544 1785 1604 pontem
1812 1534 1903 1603 qui
1943 1533 2103 1603 vulgo

522 1621 811 1692 Lapideus,
840 1624 933 1679 sed
979 1640 1010 1678 a
1045 1625 1486 1695 prudentioribus
1523 1625 1708 1696 Lepidi
1759 1635 2006 1690 vocatur,
2049 1625 2102 1678 in

523 1713 796 1770 Tiberinis
839 1718 1194 1772 reumatibus.
1225 1717 1467 1784 Quorum
1514 1733 1764 1788 corpora,
1819 1718 1915 1773 Dei
1968 1727 2102 1773 nutu

523 1803 764 1871 inventa,
794 1805 968 1861 levata
995 1816 1122 1863 sunt
1150 1823 1180 1862 a
1209 1807 1363 1863 beata
1399 1823 1586 1863 sorore
1614 1825 1803 1864 eorum
1849 1810 2099 1864 Beatrice

522 1909 578 1953 et
607 1899 928 1954 beatissimis
971 1901 1306 1971 presbyteris
1341 1901 1532 1972 Crispo
1572 1909 1626 1955 et
1660 1901 1892 1966 Joanne,
1922 1911 1978 1957 et
2023 1917 2102 1956 se-

2205 709 2332 754 ante
2361 699 2711 755 simulacrum
2744 698 2886 754 Solis
2921 698 3149 769 jactare.
3195 697 3294 754 Ubi
3329 698 3624 768 jacuerunt
3664 715 3794 753 cor-

2202 807 2334 864 pora
2375 800 2686 848 sanctorum
2729 791 2903 846 tribus
2947 792 3154 846 diebus.
3197 791 3326 846 Post
3350 793 3590 848 triduum
3637 794 3796 848 venit

2203 885 2421 955 quidam
2477 885 2860 950 subdiaconus,
2891 883 3146 952 Quirinus
3190 885 3429 950 nomine,
3472 895 3529 940 et
3575 886 3795 956 collegit

2203 989 2366 1032 nocw
2413 992 2664 1047 corpora,
2709 985 2764 1031 et
2808 975 3110 1031 recondidit
3156 976 3208 1030 in
3253 992 3380 1031 arca
3426 976 3685 1045 plumbea
3741 979 3796 1031 in

2203 1069 2362 1125 domo
2400 1085 2495 1124 sua
2560 1069 2719 1125 tertio
2759 1067 3026 1124 Kalendas
3069 1069 3315 1140 AllgllSli.
3361 1069 3463 1126 Ubi
3512 1071 3798 1126 latuerunt

2203 1177 2374 1232 usque
2403 1162 2468 1216 ad
2497 1171 2738 1231 tempora
2777 1160 3138 1216 Constantini.
3169 1161 3320 1217 Tunc
3370 1179 3429 1217 se
3476 1175 3797 1219 reserantes

2204 1251 2345 1306 beati
2389 1261 2676 1323 martyres,
2711 1251 2872 1307 levati
2902 1262 3028 1307 sunt
3065 1261 3120 1308 et
3151 1252 3398 1308 translati
3432 1252 3488 1308 in
3530 1265 3795 1310 coemete—

2205 1343 2345 1397 rium
2377 1344 2519 1399 beati
2549 1345 2820 1399 Pontiani.

2273 1434 2330 1488 ln
2375 1433 2585 1499 Africa,
2617 1435 2839 1490 civitate
2876 1435 3472 1508 Tyburbolueernaria,
3523 1438 3788 1493 nativitas

2205 1534 2515 1581 sanctarum
2553 1525 2818 1598 virginum
2858 1525 3119 1591 Maximae,
3170 1527 3454 1584 Donatillze
3482 1539 3540 1584 et
3591 1530 3801 1584 Secun-

2205 1617 2304 1670 dae.
2341 1615 2470 1684 Quae
2518 1617 2892 1686 persecutione
2920 1615 3146 1672 Gallieni
3195 1617 3294 1672 sub
3332 1618 3572 1674 Anulino
3609 1618 3800 1687 judice

2204 1723 2378 1778 passa:
2409 1718 2553 1762 sunt.
2588 1707 2688 1775 Qui
2721 1724 2816 1764 eas
2841 1709 3048 1763 diutina
3093 1709 3232 1764 fame
3262 1725 3327 1765 ac
3361 1711 3450 1766 siti
3490 1712 3563 1765 ad
3593 1727 3802 1782 negan-

2205 1799 2331 1851 dum
2374 1796 2648 1852 Christum
2695 1800 3023 1870 compellere
3063 1810 3312 1867 conatus,
3358 1803 3456 1856 sed
3502 1802 3802 1872 despectus

2205 1900 2692 1960 contemptusque,
2764 1900 2917 1946 aceto
2968 1901 3022 1945 et
3091 1891 3215 1947 felle
3269 1895 3445 1962 potari
3514 1896 3796 1964 praecepit.

520 1990 666 2060 pulla
713 2001 839 2046 sum
867 1993 920 2046 in
954 1991 1072 2048 loco
1099 1993 1192 2062 qui
1237 1993 1540 2064 appellatur
1576 1992 1801 2048 sextum
1842 1993 2097 2064 phmppi,
2131 1988 2178 2048 Β
2206 1982 2408 2036 Deinde
2434 1997 2556 2036 cum
2586 1983 2638 2036 in
2667 1991 2958 2052 conspectu
2980 1982 3097 2051 ejus
3117 1983 3492 2038 crudelissime
3517 1985 3802 2038 caederen-

520 2082 606 2135 via
643 2081 947 2138 Portuensi.
1003 2084 1122 2151 Quo
1155 2094 1433 2155 comperto
1477 2084 1782 2150 Lucretius,
1823 2100 2104 2157 possessor

521 2173 753 2239 vicinus,
783 2183 940 2230 nocte
957 2176 1241 2244 praefocari
1273 2175 1400 2231 fecit
1419 2186 1667 2232 sanctam
1695 2177 2023 2243 Beatricem,
2048 2186 2105 2232 et

521 2263 600 2317 sic
634 2262 786 2332 quasi
835 2279 866 2317 a
916 2264 1132 2320 nemine
1165 2264 1276 2334 jam
1307 2265 1698 2336 impediendus,
1737 2268 2106 2337 possessiones

521 2361 836 2408 sanctorum
880 2354 1095 2409 invasit.
1135 2355 1237 2410 Ubi
1265 2357 1390 2410 dum
1423 2359 1670 2426 quaedam
1706 2358 1901 2413 mulier
1933 2358 2104 2412 filium

522 2443 807 2512 parvulum
851 2443 1111 2510 lactaret,
1163 2447 1278 2517 ipse
1326 2447 1646 2513 infantulus,
1681 2449 1933 2505 Lucretio
1983 2465 2104 2504 cum

521 2535 871 2605 complicibus
898 2539 1012 2592 suis
1036 2537 1307 2608 epulante,
1358 2539 1665 2608 hujusmodi
1691 2557 1878 2598 vocem
1925 2543 2108 2597 emisit

523 2628 746 2683 dicens:
783 2648 801 2680 ι
828 2629 991 2696 Audi,
1032 2630 1246 2686 Lucreti
1291 2649 1306 2686 :
1345 2635 1592 2690 occidisti
1644 2645 1700 2691 et
1755 2637 2024 2702 invasisti,
2052 2645 2108 2692 et

521 2733 648 2774 ecce
688 2719 846 2776 datus
886 2736 948 2777 es
986 2721 1040 2776 in
1078 2725 1474 2793 possessionem
1503 2726 1731 2783 inimici.
1765 2748 1785 2782 ι
1837 2729 1920 2784 Ad
1962 2731 2103 2785 hanc

519 2822 709 2864 vocem
740 2811 964 2867 invasus
993 2828 1026 2866 a
1054 2814 1292 2884 maligno
1321 2817 1516 2887 spiritu
1559 2819 1631 2873 ibi
1665 2820 1720 2874 in
1751 2821 2022 2887 convivio,
2051 2831 2108 2878 et

523 2917 619 2971 per
660 2911 773 2958 tres
815 2905 979 2960 horas
1005 2916 1256 2974 vexatus,
1285 2910 1469 2965 emisit
1497 2912 1748 2982 spiritum
1795 2913 2104 2982 Lucretius,

522 3002 861 3062 mortemque
888 2995 1273 3064 sempiternam
1295 2997 1557 3055 lucratus.

595 3081 872 3153 Depositio
897 3085 1042 3140 beati
1081 3086 1217 3156 Lupi
1252 3090 1490 3160 episcopi
1518 3089 1816 3147 Trecasini.
1842 3093 1944 3161 Qui
1980 3109 2104 3150 cum

519 3173 678 3228 beato
721 3173 995 3232 Germano
1042 3175 1504 3237 Antissiodorensi
1545 3185 1802 3256 episcopo
1855 3187 2001 3240 venit
2047 3187 2103 3240 in

519 3265 888 3336 Britanniam,
947 3278 1004 3326 et
1043 3272 1432 3344 quinquaginta
1481 3276 1556 3330 ibi
1601 3278 1758 3333 annis
1799 3279 2102 3334 sacerdotio

2209 2082 2314 2138 tur,
2335 2073 2497 2143 jussit
2525 2073 2728 2128 calcem
2770 2089 2935 2144 super
2958 2074 3146 2143 plagas
3176 2089 3361 2128 earum
3392 2075 3578 2144 spargi
3603 2085 3660 2129 et
3700 2075 3800 2128 fri-

2207 2164 2358 2218 cari:
2395 2164 2589 2219 eximie
2619 2165 2673 2218 in
2703 2164 2931 2234 equuleo
2971 2165 3188 2219 extendi
3227 2175 3279 2219 et
3312 2167 3560 2236 torqueri
3590 2176 3648 2221 et
3684 2177 3798 2221 sta-

2210 2256 2372 2308 tivam
2407 2255 2503 2325 (ita
2535 2256 2656 2325 ms.)
2683 2255 2750 2309 ad
2781 2255 3073 2310 bibendum
3108 2255 3312 2321 offerri,
3339 2257 3463 2311 dein
3488 2272 3659 2327 super
3686 2274 3802 2312 cra-

2207 2347 2426 2402 ticulam
2493 2347 2560 2401 ad
2627 2348 2894 2404 carbones
2952 2349 3137 2419 igneos
3192 2350 3408 2413 sterni,
3467 2357 3525 2404 et
3593 2365 3801 2420 prunas

2207 2441 2463 2494 ardentes
2504 2455 2668 2510 super
2693 2455 2907 2495 comam
2933 2442 3128 2511 capitis
3153 2457 3342 2497 earum
3378 2442 3579 2496 adduci
3609 2461 3622 2495 :
3649 2453 3799 2513 post-

2206 2531 2423 2585 modum
2451 2530 2505 2584 in
2535 2531 2746 2586 theatro
2775 2531 2842 2586 ad
2872 2532 3162 2587 ludibrium
3195 2533 3386 2602 deponi
3429 2543 3487 2587 et
3515 2534 3587 2588 ab
3613 2536 3796 2589 omni-

2207 2623 2308 2676 bus
2336 2621 2666 2676 conculcari.
2701 2620 2946 2691 Cumque
2977 2637 3070 2677 eas
3111 2622 3453 2678 invincibiles
3479 2640 3581 2693 per
3609 2625 3796 2678 omnia

2207 2712 2453 2777 vidisset,
2485 2714 2552 2766 ad
2602 2713 2804 2768 bestias
2850 2714 3144 2780 damnavit,
3186 2725 3242 2770 et
3282 2715 3430 2770 ferro
3457 2717 3695 2782 vinctas,
3725 2718 3797 2770 ad

2207 2804 2575 2874 spectaculum
2613 2805 2795 2876 populi
2840 2807 3038 2862 iterato
3057 2806 3222 2876 jussit
3256 2807 3311 2862 in
3339 2809 3621 2862 theatrum
3663 2825 3795 2879 pro-

2209 2897 2352 2953 duci.
2405 2898 2536 2965 Quae
2587 2913 2710 2952 cum
2756 2886 3232 2954 introducerentur
3274 2899 3330 2954 in
3375 2900 3555 2953 media
3605 2915 3792 2963 arena,

2204 2989 2459 3045 osculata:
2493 2999 2621 3044 sunt
2661 3007 2719 3045 se
2745 2991 2997 3057 invicem,
3023 3001 3084 3045 ut
3129 2991 3449 3062 martyrium
3481 3007 3619 3062 pace
3647 3007 3796 3046 com-

2205 3081 2437 3152 plerent.
2501 3081 2708 3149 Quibus
2756 3083 3026 3138 admissus
3085 3098 3246 3138 ursus
3291 3082 3672 3138 ferocissimus
3727 3100 3796 3138 ac

2206 3173 2558 3240 saevissimus,
2588 3174 2642 3228 in
2671 3175 3144 3230 mansuetudinem
3171 3190 3382 3241 versus,
3405 3176 3572 3245 pedes
3597 3191 3793 3232 eorum

2206 3263 2411 3336 lingere
2440 3264 2624 3336 coapit.
2665 3263 2817 3320 Tunc
2854 3264 3038 3321 furore
3076 3265 3310 3335 repletus
3337 3266 3626 3334 Anulinus,
3659 3282 3792 3322 san-

520 3357 759 3426 functus,
798 3360 868 3416 ad
913 3361 1213 3430 Christum,
1246 3381 1406 3435 quem
1435 3381 1649 3437 semper
1677 3369 1884 3436 dilexit,
1917 3370 2101 3425 mundi

2207 3364 2326 3411 ctas
2349 3356 2446 3410 Dei
2479 3366 2746 3428 martyres
2780 3356 3138 3428 gladiojussit
3163 3359 3392 3414 adverti.

521 3465 588 3505 ac
616 3451 816 3508 diaboli
856 3453 1051 3524 victor,
1080 3458 1346 3512 ascendit.
1387 3458 1600 3529 Quique
1626 3461 1770 3517 inter
1799 3463 1902 3516 alia
1931 3463 2099 3518 mira-

519 3541 639 3598 cula
667 3553 908 3615 tempore
942 3548 1089 3618 regis
1129 3549 1328 3615 Attila},
1367 3551 1460 3620 qui
1490 3550 1694 3607 Gallias
1730 3553 2104 3610 crudelissime

521 3633 861 3703 devastabat,
887 3638 1030 3694 sicut
1058 3640 1110 3693 in
1140 3641 1342 3710 hymno
1370 3641 1487 3710 ejus
1508 3643 1723 3698 canitur
1748 3661 1762 3698 ;
1795 3643 1937 3698 Dum
1967 3645 2104 3700 bella

523 3737 709 3780 cuncta
745 3729 1044 3799 perderent,
1067 3731 1268 3784 orando
1301 3730 1490 3787 Trecas
1515 3735 1720 3789 muniit.

591 3818 898 3875 Aurelianis
950 3821 1200 3890 Prosperi
1230 3822 1494 3894 episc0pi,
1529 3825 1629 3879 viri
1679 3826 2012 3882 sanctissimi
2049 3837 2106 3885 et

523 3907 842 3965 doctissimi.
895 3910 996 3977 Qui
1029 3913 1197 3967 multa
1235 3915 1302 3969 ad
1345 3915 1634 3972 utilitatem
1683 3918 1941 3975 Ecclesiae
1981 3936 2107 3976 con-

520 4000 758 4068 scripsit,
791 4003 1135 4073 maximeque
1181 4007 1412 4075 gratiam
1447 4008 1543 4064 Dei
1574 4019 1761 4064 contra
1792 4013 2103 4082 superbiam

518 4088 897 4146 bzcreticorum
927 4093 1208 4150 defensare
1230 4098 1460 4153 curavit.

588 4181 653 4235 ll-l
680 4181 814 4238 ΚΑι..
845 4183 984 4240 Anc.
1005 4214 1076 4224 --
1098 4185 1282 4241 Romae
1309 4189 1362 4242 in
1393 4191 1709 4247 coemeterio
1736 4191 2006 4261 Pontiani,
2034 4195 2103 4252 ad

521 4273 717 4330 Ursum
767 4275 1050 4346 Pileatum,
1093 4281 1353 4336 nativitas
1402 4292 1713 4339 sanctorum
1762 4286 2005 4343 Ahdonis
2049 4297 2105 4345 et

521 4367 736 4423 Sennis.
789 4367 936 4435 Quos
964 4370 1162 4426 Decius
1186 4372 1241 4426 in
1288 4374 1512 4430 civitate
1541 4377 1831 4433 Persarum
1870 4379 2104 4436 Cordula

518 4462 959 4531 comprehensos,
1003 4464 1211 4519 catenis
1246 4465 1463 4522 vinctos
1501 4467 1727 4522 Romam
1759 4470 2000 4539 perduci,
2049 4480 2106 4526 et

518 4562 740 4607 ornatos
789 4570 924 4608 auro
954 4563 1116 4624 atque
1157 4556 1427 4626 lapidibus
1471 4559 1769 4629 pretiosis:
1799 4563 1853 4616 in
1905 4563 2104 4632 templo

515 4640 763 4696 lntelludi
792 4642 856 4714 [Ῑ.
889 4642 1143 4718 Telluris]
1177 4649 1488 4716 praesentati
1535 4659 1662 4704 sunt
1689 4650 1854 4706 Decio
1898 4668 1963 4706 ac
2011 4668 2098 4708 se-

2280 3448 2415 3502 ltem
2442 3447 2497 3503 in
2535 3447 2720 3504 Africa
2764 3447 2910 3515 Ruﬁ,
2957 3447 3150 3514 Prisci,
3180 3449 3450 3517 Paternze,
3502 3450 3788 3521 Septimze,

2204 3539 2472 3610 Optionis,
2531 3540 2828 3608 Ammonii,
2876 3539 3040 3609 Justi,
3088 3540 3264 3609 Juliag,
3312 3542 3610 3609 Potamiaa;
3655 3545 3789 3599 item

2205 3631 2476 3686 Maximze.

2279 3723 2660 3779 Antissiodoro
2686 3723 2950 3794 depositio
2973 3725 3115 3781 beati
3142 3724 3266 3782 Ursi
3291 3727 3552 3798 episc0pi.

2275 3816 2320 3870 ll
2351 3816 2488 3870 ΚΑι..
2519 3818 2656 3873 Anc.
2678 3846 2750 3857 —
2773 3816 3034 3873 Caesarea:
3058 3821 3238 3888 passio
3264 3822 3438 3876 sancti
3467 3821 3623 3876 Fabii
3646 3839 3796 3876 mar-

2207 3909 2360 3980 tyris.
2404 3909 2658 3976 Quicum
2689 3908 2834 3966 ferre
2877 3911 3072 3966 vexilla
3111 3912 3440 3981 praesidialia
3489 3925 3790 3982 recusaret,

2206 4003 2440 4072 primum
2495 4002 2686 4058 diebus
2737 4003 2941 4074 aliquot
2990 4005 3042 4059 in
3099 4020 3377 4061 carcerem
3430 4015 3613 4063 trusus
3671 4020 3789 4072 est,

2205 4092 2401 4148 deinde
2445 4095 2742 4163 productus
2789 4095 3002 4150 sistitur
3030 4106 3155 4151 ante
3186 4097 3442 4162 tribunal,
3485 4099 3792 4168 interroga-

2207 4193 2293 4242 tus
2337 4187 2501 4241 semel
2531 4195 2586 4241 et
2613 4187 2832 4255 iterum,
2881 4188 2934 4241 in
2982 4187 3181 4243 Christi
3223 4188 3564 4245 confessione
3594 4191 3795 4261 perdu-

2208 4288 2292 4333 rat
2331 4297 2343 4332 :
2379 4287 2431 4332 ct
2474 4295 2599 4334 mox
2645 4297 2675 4333 a
2704 4278 2993 4334 furibundo
3015 4279 3199 4347 judice
3245 4282 3464 4353 capitali
3518 4283 3794 4338 sententia

2206 4371 2494 4426 damnatus
2548 4379 2632 4426 est
2680 4386 2695 4426 :
2752 4371 2905 4442 cujus
2955 4373 3116 4427 etiam
3170 4374 3486 4430 detruncata
3536 4376 3791 4430 cadaveri

2207 4459 2483 4529 sepultura
2539 4477 2636 4531 per
2704 4462 2940 4517 triduum
2999 4465 3099 4519 sub
3150 4466 3394 4520 custodia
3466 4467 3790 4536 negabatur.

2206 4553 2359 4620 Quod
2388 4563 2590 4624 postea,
2632 4555 2862 4610 reticulo
2894 4555 3183 4622 inclusum,
3221 4557 3275 4611 in
3318 4557 3486 4612 maris
3515 4557 3786 4628 profunda

2207 4662 2450 4700 seorsum
2489 4657 2542 4700 et
2565 4661 2809 4701 seorsum
2835 4657 2994 4717 caput
3027 4648 3385 4718 immergitur.
3418 4648 3526 4703 Sed
3571 4649 3789 4704 Domini

517 4735 688 4800 natui,
731 4745 786 4788 et
813 4737 959 4790 omni
990 4737 1186 4807 populo
1211 4738 1454 4795 Romano
1494 4739 1624 4796 facti
1651 4751 1776 4796 sum
1817 4752 2097 4811 spectacu-
2127 4723 2178 4782 D
2209 4737 2404 4791 virtute
2435 4737 2668 4792 rescisso
2695 4738 2943 4803 reticulo,
2970 4741 3210 4794 membra
3240 4740 3405 4810 capiti
3434 4752 3785 4806 revocantur,

515 4828 646 4895 lum,
682 4844 746 4884 eo
772 4831 914 4899 quod
946 4840 1128 4886 essent
1154 4834 1360 4889 nobiles
1389 4846 1444 4890 et
1475 4835 1768 4906 subreguli,
1797 4837 2019 4906 insuper
2045 4846 2100 4891 et

517 4940 548 4978 a
596 4924 822 4980 Domino
867 4923 995 4980 Iesu
1049 4925 1266 4982 Christo
1322 4928 1581 4984 divinitus
1629 4928 1902 4984 illustrati.
1945 4929 2098 4985 Tunc

515 5015 731 5083 Decius,
765 5019 844 5072 ira
893 5028 1194 5088 permotus,
1219 5020 1383 5092 jussit
1425 5021 1713 5078 Valeriano
1756 5024 2012 5094 praefecto
2039 5034 2098 5078 ut

515 5108 562 5162 si
595 5109 753 5165 deum
795 5108 975 5165 Solem
1029 5127 1136 5166 non
1177 5114 1494 5179 adorarent,
1536 5113 1776 5171 ferarum
1828 5119 2098 5175 morsibus

515 5197 819 5255 interirent.
851 5199 954 5268 Qui
984 5204 1156 5258 tenuit
1185 5218 1279 5259 eos
1317 5219 1382 5260 ac
1407 5205 1560 5261 duxit
1585 5217 1712 5263 ante
1747 5209 2096 5266 simulacrum

517 5288 658 5346 Solis
679 5290 835 5360 juxta
877 5296 1336 5364 amphitheatrum
1363 5307 1424 5353 ut
1463 5299 1860 5358 sacrificarent.
1895 5302 2000 5357 Sed
2034 5301 2096 5356 il-

514 5379 582 5435 lis
611 5386 1103 5451 contemnentibus,
1133 5388 1268 5442 etin
1305 5389 1652 5446 simulacrum
1687 5391 1826 5448 Solis
1859 5407 2096 5462 cxpuen-

515 5477 682 5542 tibus,
705 5476 869 5547 jussit
891 5479 1209 5538 Valerianus
1245 5493 1301 5538 ut
1328 5502 1449 5541 cum
1496 5488 1788 5558 plumbatis
1823 5491 2096 5544 caaderen-

517 5576 643 5634 tur;
672 5569 866 5626 deinde
901 5572 1226 5630 introductis
1259 5577 1311 5630 in
1358 5580 1839 5648 amphitheatrum,
1871 5580 2093 5635 admissi

514 5669 642 5714 sunt
669 5660 750 5716 eis
779 5661 963 5717 leones
991 5665 1097 5719 duo
1146 5673 1202 5719 et
1231 5665 1343 5721 ursi
1381 5677 1616 5737 quatuor
1649 5670 1778 5738 :qui
1819 5669 2092 5739 rugientes

513 5761 777 5807 venerunt
808 5754 877 5808 ad
909 5756 1072 5824 pedes
1107 5766 1438 5825 sanctorum,
1470 5767 1525 5814 et
1552 5759 1860 5816 nullatenus
1883 5775 1980 5817 eos
2001 5759 2093 5814 lae-

515 5853 727 5909 serunt,
773 5846 868 5901 sed
917 5846 1091 5918 magis
1125 5849 1522 5905 custodiebant.
1572 5849 1892 5908 Valerianus
1937 5866 2090 5918 vero,

512 5934 708 6006 plenus
737 5935 942 6006 furore,
977 5939 1142 6008 jussit
1178 5941 1502 6012 gladiatores
1528 5943 1776 6012 introire,
1811 5954 1869 6002 et
1903 5945 2093 6004 beatos

2205 4837 2261 4882 et
2302 4829 2539 4899 scapulis
2585 4829 2772 4884 cervix
2825 4845 2946 4884 cum
2998 4831 3214 4886 indiciis
3258 4832 3528 4900 passionis
3595 4831 3788 4900 adjun-

2205 4919 2383 4989 gitur;
2435 4929 2596 4989 atque
2643 4920 2712 4975 ita
2752 4936 2863 4976 sua:
2921 4921 3216 4994 integritati
3269 4923 3538 4978 redditum
3591 4938 3789 4993 corpus

2206 5012 2345 5065 unda
2374 5011 2650 5067 blandiore
2678 5013 2744 5068 ad
2774 5004 3189 5068 Cartenitanum
3225 5013 3376 5069 littus
3421 5024 3699 5081 evectum,
3733 5026 3789 5071 et

2207 5105 2474 5174 eondigno
2517 5105 2663 5160 cultu
2713 5122 2744 5161 a
2779 5106 3029 5164 fidelibus
3079 5107 3134 5163 in
3183 5107 3408 5164 basilica
3461 5109 3786 5164 tumulatum

2206 5209 2308 5255 est.

2274 5291 2332 5345 ln
2362 5291 2545 5348 Africa
2571 5331 2586 5358 ,
2615 5293 2836 5350 civitate
2866 5293 3102 5351 Sinnada
3125 5335 3139 5362 ,
3174 5295 3427 5353 nativitas
3469 5306 3780 5355 sanctorum

2202 5383 2517 5451 Democriti,
2565 5385 2849 5452 Secundae,
2879 5388 3115 5460 Dionysii
3146 5399 3202 5445 et
3234 5389 3429 5460 Thyrsi
3459 5401 3780 5464 martyrum.

2271 5476 2648 5534 Antissiodoro
2677 5481 2941 5550 depositio
2967 5483 3142 5536 sancti
3173 5481 3432 5537 Germani
3460 5484 3700 5554 episcopi
3730 5491 3784 5538 et

2200 5573 2548 5639 confessoris,
2577 5575 2669 5644 qui
2703 5576 2886 5631 multis
2923 5578 3239 5645 virtutibus,
3281 5579 3527 5635 doctrina
3567 5590 3626 5635 et
3655 5596 3783 5636 eon-

2197 5669 2425 5725 tinentia
2455 5669 2653 5734 clarus,
2679 5669 2842 5723 etiam
2867 5670 3147 5726 Britonum
3175 5672 3338 5728 fidem
3361 5687 3458 5743 per
3481 5673 3616 5727 duas
3638 5673 3781 5728 vices

2201 5777 2231 5815 a
2259 5760 2544 5832 Pelagiana
2591 5759 2786 5815 haresi
2817 5759 3074 5816 defendit.
3103 5758 3270 5831 Cujus
3303 5772 3482 5818 tamen
3515 5763 3780 5819 festivitas

2201 5852 2450 5909 Kalendis
2493 5853 2745 5910 Octobris
2792 5853 2938 5926 apud
2969 5853 3283 5912 Gallicanas
3321 5856 3594 5913 Ecclesias
3639 5854 3777 5912 cele-

2199 5945 2346 6002 brior
2372 5945 2621 6003 habetur.
