4046 6464
832 337 928 364 ’-α’

203 396 342 456 Ηὲθ

777 511 1203 578 AUGUSTUS.

350 614 675 693 Augustus
708 611 886 674 habet
915 613 1044 675 dies
1077 632 1252 688 xxxi,
1287 613 1420 674 Iun.
1453 630 1632 675 nix.

273 711 407 767 ΚΑι..
450 711 860 782 Ana—Apud
909 712 1254 768 Antiochiam
1311 711 1484 783 Syria:
1534 710 1791 766 nativitas

201 806 410 874 scptem
442 800 670 856 fratrum
704 801 1132 859 Machabteorum
1164 819 1286 859 cum
1338 812 1531 867 matre,
1573 803 1699 872 qui,
1730 809 1791 857 ut

202 895 396 950 beatus
443 891 778 966 Augustinus
828 895 947 962 ait,
1010 915 1029 948 ‹
1061 903 1187 952 ante
1243 907 1485 966 tempora
1540 895 1791 967 revelata:

203 987 414 1059 gratiae,
442 985 760 1042 multimoda
787 987 1043 1056 passione
1073 989 1285 1058 probati
1317 988 1502 1044 ﬁdeles
1545 996 1671 1044 sunt
1701 991 1788 1043 tn-

202 1076 371 1132 venti.
438 1075 584 1144 Quos
636 1075 1042 1134 crudelissimus
1101 1080 1422 1138 Antichristi
1488 1094 1790 1151 przecessor

199 1165 504 1221 Antiochus
526 1206 540 1231 ,
573 1165 642 1221 de
668 1167 844 1238 patria
878 1168 1207 1233 eliminatos,
1243 1169 1442 1239 gentile
1485 1168 1659 1225 solum
1703 1184 1792 1224 sa-

201 1255 280 1311 cri
313 1257 592 1328 sanguinis
619 1253 882 1314 effusione
907 1257 1036 1314 fecit
1064 1299 1079 1326 ,
1111 1259 1323 1314 invidus
1350 1269 1513 1331 atque
1549 1260 1786 1326 inscius,

201 1357 544 1402 consecrare.
575 1365 595 1399 ι

274 1435 461 1491 Romae
509 1435 672 1492 statio
723 1435 792 1491 ad
848 1447 1095 1494 sanctum
1147 1438 1370 1496 Petrum
1425 1441 1492 1496 ad
1539 1439 1785 1498 Vincula.

201 1528 374 1598 Quam
429 1529 716 1586 ecclesiam
763 1531 878 1601 ipse
928 1533 1136 1603 primus
1181 1535 1236 1588 in
1286 1535 1498 1604 Europa
1557 1535 1788 1606 primam

201 1619 504 1676 construxit
527 1627 583 1675 et
606 1620 966 1675 consecravit.
1008 1621 1064 1675 In
1107 1637 1213 1691 qua
1258 1624 1603 1695 postmodum
1633 1634 1787 1682 cate-

199 1724 302 1771 nae,
336 1709 533 1780 quibus
560 1711 702 1780 apud
727 1708 1156 1783 Hierosolymam
1198 1714 1413 1771 vinctus
1441 1724 1494 1772 et
1537 1732 1568 1771 a
1593 1717 1790 1788 quibus

201 1798 444 1870 angelica
464 1798 774 1855 visitatione
795 1800 1000 1856 solutus
1021 1811 1128 1868 est,
1153 1802 1388 1859 ﬁdelium
1415 1822 1546 1862 cura
1574 1808 1788 1879 positae,

1266 389 1893 454 MARTYROLOGIUM.
1929 408 2002 434 —-'
2037 387 2244 447 MENS.
2279 390 2446 450 AUG.
2563 463 2570 466 _

1812 513 2056 572 Atotam
2103 515 2317 563 noctem
2347 503 2602 577 splendor
2647 504 2896 576 copiosus
2931 505 3161 574 effulsit,
3206 515 3260 566 et
3305 524 3469 568 voces

3329 395 3468 451 H50

1892 597 2202 669 angelorum
2255 597 2598 668 psallentium
2657 605 2785 652 sunt
2854 597 3069 653 auditae.
3132 597 3285 666 Quod
3341 617 3465 658 cum

1887 691 2194 747 nuntiatum
2233 688 2426 744 fuisset
2450 687 2645 743 Ruﬁno
2688 704 2718 742 a
2745 689 3090 754 custodibus,
3116 689 3278 761 jussit
3311 708 3431 747 eum
3453 734 3469 758 ,

1887 783 2137 840 manibus
2164 790 2287 853 post
2316 789 2523 852 tergum
2553 781 2748 852 ligatis,
2795 781 2849 834 in
2886 780 3052 836 maris
3089 781 3352 851 profunda
3378 783 3473 838 de-

1888 879 2080 950 mergi,
2111 879 2201 934 ubi
2233 880 2489 936 continuo
2519 878 2734 932 vincula
2780 878 2898 948 ejus
2939 863 3182 949 disrupta
3224 889 3386 946 sunt,
3417 890 3474 936 et

1887 971 2094 1042 angelis
2133 971 2233 1027 sibi
2277 987 2495 1026 manum
2534 970 2867 1032 tenentibus,
2899 985 3062 1041 super
3091 972 3264 1028 undas
3290 973 3476 1028 deam-

1887 1062 2097 1129 bulans,
2119 1063 2185 1118 ad
2209 1062 2362 1118 littus
2379 1063 2546 1118 venit.
2571 1063 2722 1118 'I‘unc
2748 1063 2969 1118 Ruﬁnus
2981 1063 3142 1132 jussit
3165 1065 3359 1121 iterum
3381 1081 3478 1121 cu-

1889 1165 1999 1212 tem
2029 1157 2145 1230 ejus
2177 1156 2396 1227 ungulis
2441 1157 2677 1223 detrahi,
2723 1171 2787 1211 ac
2828 1158 3020 1212 deinde
3050 1172 3218 1227 usque
3258 1159 3324 1212 ad
3350 1173 3476 1214 ossa

1889 1248 2102 1312 laniari,
2133 1257 2188 1304 et
2214 1249 2402 1303 tandiu
2432 1247 2655 1303 vulnera
2686 1249 2997 1304 vulneribus
3027 1250 3338 1315 instaurari,
3384 1266 3476 1306 us-

1887 1353 1994 1410 que
2025 1339 2151 1394 dum
2184 1339 2446 1394 invictum
2487 1339 2704 1395 Christo
2734 1341 2981 1408 spiritum
3029 1342 3279 1396 reddidit.
3311 1341 3476 1410 Cujus

1888 1445 2086 1503 corpus
2111 1430 2377 1487 Gerunda:
2408 1431 2460 1486 in
2487 1440 2856 1497 monumento,
2889 1432 3030 1502 quod
3058 1434 3158 1488 sibi
3187 1434 3300 1503 ipse
3339 1449 3478 1505 prte-

1887 1531 2193 1595 paraverat,
2223 1523 2498 1577 conditum
2531 1532 2612 1576 est
2643 1521 2810 1577 Nonis
2835 1522 3082 1593 Augusti.

1959 1615 2015 1671 ln
2043 1615 2230 1682 Gallia,
2258 1617 2476 1673 civitate
2503 1615 2765 1684 Biturica,
2798 1617 3065 1688 depositio
3087 1619 3231 1675 beati
3259 1621 3480 1677 Arcadii

1889 1707 2156 1779 episc0pi.

1959 1799 2028 1856 IV
2090 1799 2221 1856 Non.
2263 1802 2397 1858 Auc.
2427 1802 2728 1868 -Βοηιω,
2773 1801 2826 1858 in
2871 1805 3185 1860 cosmeterio
3231 1805 3477 1874 Callixti,

201 1898 529 1961 expet-untur
566 1900 622 1945 et
662 1891 918 1947 coluntur
944 1892 1092 1948 orbis
1135 1896 1515 1966 quadripartiti
1561 1914 1791 1955 venera-
1822 1879 1869 1940 Β
1895 1893 2151 1948 nativitas
2175 1894 2347 1948 sancti
2379 1892 2641 1964 Stephani
2673 1910 2824 1964 papae
2854 1903 2908 1949 et
2947 1895 3223 1966 martyris,
3249 1896 3346 1950 sub
3377 1897 3484 1951 Va-

201 1980 368 2047 tioue,
393 1979 534 2037 sicut
555 1980 716 2036 etiam
743 1981 1008 2038 distichon
1032 1985 1466 2055 antiquissimum
1492 1989 1556 2044 de
1584 1988 1689 2045 illis
1710 1998 1794 2045 te-

201 2082 398 2130 statur.

270 2165 330 2221 In
353 2167 574 2234 Arabia,
609 2167 830 2224 civitate
865 2167 1260 2241 Philadelphia,
1303 2173 1544 2244 synodus
1572 2182 1785 2248 marty-

203 2250 322 2314 fum
354 2257 680 2314 celebratur.

276 2349 478 2406 Ibidem
550 2353 803 2409 nativitas
853 2357 1168 2411 sanctorum
1222 2367 1520 2432 martyrum
1575 2361 1796 2434 Cyrilli,

202 2441 428 2514 Aquilae,
474 2442 644 2512 Petri,
701 2445 1012 2515 Domitiani,
1052 2448 1199 2518 Rufi,
1227 2449 1540 2517 Menandri,
1568 2471 1673 2510 una
1709 2456 1798 2513 die

206 2535 366 2590 simul
395 2545 803 2595 coronatorum.
895 2558 901 2564 '

274 2626 332 2681 In
363 2627 535 2694 Italia,
561 2630 787 2688 civitate
816 2632 1098 2701 Vercellis,
1125 2635 1298 2691 sancti
1321 2636 1536 2692 Eusebii
1557 2639 1793 2710 episcopi

214 2727 271 2774 et
295 2719 646 2779 confessoris.
677 2722 778 2792 Qui
815 2727 887 2781 ob
914 2727 1310 2784 confessionem
1354 2730 1633 2786 catholicae
1669 2731 1797 2788 ﬁdei

209 2826 240 2865 a
291 2809 651 2870 Constantino
702 2817 946 2888 principe
1002 2818 1371 2891 Scythopolim
1423 2821 1677 2890 Arabiae,
1730 2839 1796 2881 ac

208 2901 401 2960 deinde
427 2904 822 2976 Cappadociam
863 2909 1155 2982 relegatus,
1187 2913 1287 2968 sub
1316 2911 1533 2968 Juliano
1561 2914 1797 2986 impera-

208 3001 326 3048 tore
355 2995 422 3050 ad
465 2995 764 3053 Ecclesiam
793 3014 948 3054 suam
979 3016 1252 3068 reversus,
1303 3005 1598 3058 novissime
1620 3044 1634 3069 ,
1667 3021 1793 3075 per-

208 3085 558 3155 sequentibus
610 3087 868 3155 Arianis,
924 3093 1244 3164 martyrium
1298 3095 1562 3149 scalarum
1619 3105 1795 3152 tractu

211 3191 519 3248 perpessus,
551 3180 646 3235 sed
685 3179 965 3238 Salvatore
999 3182 1126 3239 Jesu
1157 3184 1375 3241 Christo
1406 3196 1656 3243 servante
1688 3187 1794 3242 sal-

1896 1985 2105 2043 leria‘no
2150 1997 2206 2043 et
2255 1985 2499 2043 Gallieno
2549 1988 2901 2057 principibus.
2947 1987 3048 2043 Hic
3097 1990 3379 2045 constituit
3423 1999 3484 2046 ut

1898 2078 2208 2134 sacerdotes
2232 2087 2286 2132 et
2317 2077 2491 2134 levitas
2522 2087 2702 2134 vestes
2731 2094 2916 2134 sacras
2949 2080 2998 2134 in
3027 2081 3342 2150 quotidiano
3382 2097 3481 2136 usu

1896 2186 2005 2224 non
2053 2171 2353 2236 haberent,
2401 2171 2503 2226 nisi
2554 2179 2758 2226 tantum
2806 2171 2856 2226 iu
2905 2172 3153 2227 ecclesia.
3204 2173 3305 2240 Qui
3355 2189 3480 2228 cum

1897 2262 2202 2330 persecutio
2245 2276 2385 2316 saeva
2426 2272 2808 2332 grassaretur,
2851 2275 3177 2334 congregato
3229 2264 3482 2320 universo

1899 2351 2046 2407 clero
2075 2368 2173 2408 suo
2199 2395 2214 2418 ,
2255 2353 2578 2408 hortabatur
2611 2367 2705 2410 eos
2756 2364 2815 2409 ut
2843 2371 2942 2424 pro
2977 2355 3194 2411 Christo
3221 2373 3480 2413 coronam

1899 2443 2144 2515 martyrii
2189 2443 2444 2498 alacriter
2484 2446 2841 2514 susciperent.
2893 2445 3249 2503 Ordinaverat
3300 2457 3481 2504 autem

1899 2542 2010 2590 tres
2036 2537 2385 2607 presbyteros
2410 2545 2464 2591 et
2495 2547 2701 2606 septem
2725 2539 2982 2594 diaconos
3001 2579 3015 2603 ,
3045 2549 3102 2594 et
3130 2540 3359 2597 clericos
3402 2555 3487 2595 se-

1899 2628 2096 2695 decim,
2123 2645 2245 2684 cum
2273 2630 2471 2698 quibus
2515 2631 2583 2686 de
2623 2647 2789 2702 regno
2832 2632 2926 2686 Dei
2975 2633 3191 2688 assidue
3235 2635 3484 2689 docebat.

1901 2719 2091 2774 Divina
2121 2731 2300 2776 autem
2329 2721 2502 2792 gratia
2539 2730 2896 2792 procurante,
2931 2726 3290 2778 occurrebant
3329 2725 3484 2779 multi

1901 2826 1967 2867 ex
1993 2811 2304 2882 gentilibus,
2330 2821 2383 2868 et
2415 2812 2626 2868 honesti
2652 2813 2751 2866 viri
2781 2823 2840 2867 ut
2867 2814 3272 2884 baptizarcntur
3292 2815 3359 2870 ab
3381 2830 3446 2868 co
3471 2821 3486 2868 ξ

1903 2901 2045 2957 inter
2072 2919 2212 2974 quos
2241 2903 2526 2959 Nemesius
2555 2905 2800 2960 tribunus
2828 2920 2949 2959 cum
2979 2905 3123 2959 omni
3156 2921 3251 2960 sua
3283 2905 3441 2959 domo
3466 2946 3482 2970 ,

1901 2991 2122 3063 ﬂliaque
2157 3010 2274 3061 sua,
2313 2996 2528 3051 nomine
2556 2995 2783 3062 Lucilla,
2808 3013 2927 3068 quae
2952 3012 3094 3052 caeca
3133 3007 3271 3061 erat,
3312 3007 3368 3052 at
3393 3014 3494 3068 per

1900 3083 2120 3140 beatum
2165 3085 2500 3156 Stephanum
2548 3087 2848 3142 illuminata
2882 3087 3088 3153 fuerat;
3127 3096 3182 3143 et
3206 3088 3484 3160 Olympius

1902 3175 2038 3232 alter
2089 3177 2337 3234 tribunus
2383 3193 2506 3234 cum
2554 3193 2723 3234 uxore
2761 3194 2858 3234 sua
2916 3179 3223 3250 Exuperia,
3274 3189 3331 3234 et
3378 3181 3488 3235 ﬁlio

217 3277 376 3325 vatus
399 3310 415 3336 ,
467 3271 520 3326 in
569 3286 701 3342 pace
741 3273 996 3329 Ecclesiae
1042 3275 1247 3331 circum
1289 3277 1644 3334 confessionis
1683 3295 1795 3335 sua;
1823 3239 1869 3302 Ο
1908 3269 2208 3336 Theodulo,
2233 3279 2287 3325 et
2317 3270 2437 3325 aliis
2465 3270 2729 3341 plurimis.
2761 3271 2864 3339 Qui
2893 3282 3080 3341 postea
3104 3273 3335 3342 gloriosa
3362 3287 3495 3328 eou-

213 3365 628 3429 consummavit,
654 3366 807 3436 prius
845 3367 948 3422 sibi
989 3367 1194 3423 visione
1247 3363 1481 3426 revelata
1507 3411 1521 3435 ,
1571 3371 1698 3442 quia
1745 3373 1798 3427 in

214 3451 440 3510 Kalend.
475 3454 700 3527 Augusti
727 3471 758 3511 a
781 3468 962 3514 monte
984 3460 1049 3514 ad
1078 3469 1317 3516 montem
1349 3462 1532 3517 volare
1553 3464 1796 3520 deberet.

213 3544 365 3613 Quod
400 3545 584 3603 Patres
616 3548 690 3603 ita
715 3549 1156 3620 interpretantur,
1185 3554 1307 3622 quia
1336 3554 1583 3610 videlicet
1611 3557 1678 3610 ab
1703 3558 1802 3612 hu-

215 3639 478 3695 manitate
506 3639 750 3707 Christi,
799 3659 959 3713 quem
997 3660 1181 3699 verum
1225 3646 1392 3702 Deum
1441 3657 1661 3718 propter
1701 3664 1801 3705 nos

217 3728 487 3784 hominem
526 3728 750 3800 factum,
797 3733 850 3788 in
883 3735 1043 3789 terris
1069 3735 1350 3792 confessus
1385 3747 1501 3803 est,
1530 3740 1596 3793 ad
1639 3741 1802 3795 visio-

219 3836 342 3876 nem
380 3821 473 3878 Dei
502 3823 679 3881 Patris
706 3867 721 3892 ,
749 3825 986 3896 Spiritus
1029 3830 1200 3884 sancti
1234 3832 1408 3902 gratia
1440 3833 1757 3889 sublevante
1782 3874 1800 3902 ,

217 3920 364 3966 esset
387 3926 742 3983 perventurus
771 3918 823 3971 in
853 3919 1028 3985 caelis,
1060 3923 1263 3977 eisdem
1295 3922 1569 3980 Kalendis.

285 4003 342 4058 In
371 4003 914 4077 Ilispaniis,'civitate
934 4011 1212 4078 Gerunda,
1241 4016 1411 4070 sancti
1434 4015 1628 4072 Felicis
1657 4032 1804 4072 mar-

211 4095 368 4165 tyris.
402 4095 500 4163 Qui
527 4099 594 4154 de
622 4099 916 4172 Scyllitana
945 4104 1164 4160 civitate
1188 4107 1450 4162 oriundus
1477 4149 1490 4173 ,
1523 4125 1643 4163 cum
1681 4124 1804 4178 per-

215 4188 524 4243 secutiones
578 4191 630 4244 in
686 4191 960 4263 Hispaniis
1017 4199 1277 4254 adversus
1329 4198 1666 4256 Christianos
1719 4202 1802 4275 agi

211 4277 590 4345 comperisset,
615 4293 840 4336 ascensa
875 4295 1235 4341 mercatorum
1267 4291 1408 4353 navi,
1442 4307 1625 4347 amore
1656 4309 1803 4348 mar-

216 4365 341 4437 tyrii
373 4366 524 4421 ocius
555 4370 815 4424 accurrit.
854 4371 920 4425 Et
951 4389 1069 4427 cum
1112 4376 1418 4444 aliquandiu
1444 4383 1583 4450 apud
1623 4381 1806 4438 Barci-

216 4473 444 4524 nouam,
475 4458 761 4529 Empurias
786 4473 840 4516 et
867 4462 1174 4520 Gerundam
1212 4469 1436 4522 verbum
1485 4471 1578 4525 Dei
1611 4473 1804 4540 praedi-

1903 3359 2138 3417 fessione
2164 3363 2413 3433 martyrii
2439 3363 2670 3432 palmam
2697 3372 3133 3432 promeruerunt.
3165 3363 3487 3419 Celebrahat

1903 3460 2081 3507 autem
2111 3451 2299 3507 beatus
2330 3451 2640 3521 Stephanus
2672 3457 2865 3507 missas
2911 3461 3074 3523 atque
3118 3454 3344 3509 concilia
3391 3469 3490 3524 per

1903 3553 2121 3616 cryptas
2152 3553 2469 3618 martyrum.
2523 3545 2694 3612 Quem
2744 3545 3066 3602 Valerianus
3111 3556 3166 3600 et
3211 3546 3492 3602 Gallienus

1903 3651 2114 3691 summo
2155 3637 2334 3691 studio
2381 3637 2740 3706 perquisitum
2785 3637 2966 3692 missis
3013 3638 3274 3692 militibus
3323 3639 3494 3693 teneri

1903 3725 2150 3781 fecerunt
2176 3743 2297 3782 cum
2323 3727 2664 3784 multitudine
2685 3729 3026 3796 clericorum,
3053 3731 3492 3802 presbyterorum

1903 3825 1957 3872 et
1998 3818 2369 3872 diacouorum.
2415 3818 2516 3885 Qui
2564 3819 2788 3875 veniens
2826 3821 2892 3876 ad
2939 3821 3172 3876 tribunal
3223 3821 3496 3877 Valeriani

1904 3910 2051 3966 solus
2083 3911 2337 3976 intravit,
2367 3921 2422 3966 et
2464 3912 2854 3968 condemnatus
2899 3913 2967 3968 ad
3011 3923 3260 3978 mortem,
3295 3915 3496 3983 perdu-

1904 4013 2022 4058 ctus
2055 4012 2137 4058 cst
2181 4020 2211 4057 a
2247 4003 2510 4060 militibus
2556 4004 2702 4060 foras
2753 4021 2936 4060 muros
2979 4015 3149 4075 porue
3195 4007 3381 4077 Appia:
3427 4007 3498 4063 ad

1905 4096 2161 4167 templum
2191 4096 2376 4152 Martis
2407 4137 2422 4162 ,
2451 4107 2509 4150 ut
2535 4098 2606 4152 ibi
2637 4108 2729 4152 aut
2764 4098 3117 4154 simulacrum
3150 4099 3338 4155 Martis
3365 4103 3497 4154 ado—

1905 4197 2054 4242 raret
2092 4199 2186 4242 aut
2229 4190 2497 4245 interiret.
2537 4187 2742 4246 Orante
2785 4203 2965 4246 autem
3016 4191 3175 4246 beato
3221 4192 3499 4262 Stephano

1909 4279 2075 4333 Deum
2108 4295 2263 4334 suum
2297 4320 2311 4344 ,
2343 4279 2486 4334 facto
2521 4279 2734 4348 fragore
2766 4280 2988 4336 tonitrui
3030 4297 3150 4334 cum
3200 4283 3501 4337 terroribus

1905 4369 2364 4431 coruscatiouum,
2400 4369 2608 4422 corruit
2643 4384 2768 4438 pars
2814 4370 3050 4423 maxima
3102 4369 3286 4439 templi
3332 4371 3502 4424 sacri-

1907 4461 2046 4531 legi,
2094 4471 2151 4516 et
2197 4461 2398 4516 milites
2444 4461 2712 4531 pavefacti
2748 4461 3024 4531 fugerunt.
3074 4462 3191 4532 Ipse
3217 4477 3344 4516 vero
3373 4477 3499 4516 cum

213 4564 369 4613 cans,
402 4549 663 4620 plurimos
702 4553 754 4607 in
791 4552 895 4609 ﬁde
917 4553 1118 4610 Christi
1150 4558 1530 4626 confortasset,
1574 4570 1629 4616 et
1661 4563 1803 4618 fama
1837 4595 1884 4653 Β
1908 4554 2159 4609 omnibus
2187 4555 2514 4609 Christianis
2540 4555 2608 4608 ad
2637 4556 3006 4610 coemeterium
3051 4565 3254 4611 sancta:
3284 4555 3503 4614 Lucinae

213 4638 334 4708 ejus
366 4640 521 4712 longe
568 4642 783 4714 lateque
825 4647 1234 4716 crebresceret,
1271 4650 1494 4719 juheute
1538 4655 1803 4723 Datiano,

214 4740 439 4800 repente
469 4750 498 4788 a
529 4733 727 4791 Ruﬁno
753 4736 972 4793 ofﬁciali
1001 4749 1180 4797 tentus
1207 4752 1291 4799 est
1316 4763 1327 4797 :
1353 4760 1584 4815 cumque
1611 4763 1806 4806 nomen

213 4819 418 4876 Christi
447 4827 888 4884 constantissime
926 4830 1210 4900 fateretur,
1242 4835 1419 4905 primo
1448 4835 1675 4895 fustibus
1703 4854 1782 4896 ca:

215 4926 331 4976 sus,
364 4914 493 4968 etin
532 4915 636 4970 ima
670 4920 911 4975 carceris
944 4930 1132 4978 trusus
1157 4965 1171 4990 ,
1206 4926 1400 4982 deinde
1429 4929 1680 4984 manibus
1709 4945 1806 5000 pe-

215 5003 482 5074 dibusque
511 5005 716 5078 ligatis,
750 5022 948 5084 negato
976 5016 1098 5071 cibo
1118 5025 1171 5070 et
1209 5027 1358 5088 potu,
1397 5020 1448 5074 in
1489 5020 1608 5076 loco
1647 5037 1811 5092 squa-

215 5093 328 5148 lido
354 5096 624 5166 projectus
649 5108 757 5155 est.
791 5100 920 5158 Post
945 5106 1061 5161 haec
1092 5107 1257 5163 etiam
1298 5111 1504 5168 catenis
1537 5112 1804 5184 graviori-

216 5184 322 5238 bus
355 5184 590 5254 vinctus,
625 5204 726 5259 per
772 5199 916 5246 totas
963 5193 1168 5263 plateas
1217 5199 1286 5255 ab
1330 5200 1604 5259 indomitis
1649 5204 1815 5261 mulis‘

219 5284 428 5332 tractus
477 5287 532 5333 et
584 5295 720 5352 pene
767 5281 821 5336 in
872 5283 1040 5339 frusta
1093 5287 1398 5360 discerptus
1451 5306 1568 5361 est;
1619 5297 1809 5354 deinde

219 5371 420 5425 missus
449 5371 502 5425 in
533 5387 811 5430 carcerem
837 5415 852 5440 ,
904 5386 1062 5433 nocte
1104 5381 1173 5433 ab
1223 5383 1414 5453 angelo
1461 5387 1710 5443 visitatus
1755 5397 1811 5446 et

221 5459 433 5516 solutus
479 5471 642 5531 atque
693 5475 913 5522 sanatus
932 5466 1030 5522 fuit
1059 5509 1072 5533 ,
1123 5469 1370 5542 factoque
1417 5475 1502 5530 die
1564 5479 1629 5532 ad
1696 5493 1816 5535 cer-

222 5551 430 5606 tamina
493 5565 777 5613 revocatus
843 5568 945 5614 est.
995 5559 1147 5617 'I‘uuc
1198 5565 1412 5635 ungulis
1467 5568 1816 5640 excoriatus,

222 5645 402 5716 capite
449 5647 664 5703 inverso
711 5650 780 5704 ab
829 5651 961 5706 hora
1003 5655 1160 5707 tertia
1207 5671 1375 5726 usque
1422 5657 1491 5712 ad
1533 5675 1816 5729 vesperam

222 5751 556 5807 suspensus,
588 5740 790 5794 nullum
832 5744 1052 5813 penitus
1098 5747 1270 5800 sensit
1313 5748 1570 5804 dolorem.
1616 5750 1820 5808 Deinde

223 5828 282 5883 in
325 5842 604 5886 carcerem
655 5831 882 5889 Ruﬁnus
912 5851 1033 5889 eum
1078 5839 1216 5892 tradi
1266 5841 1558 5911 praecepit,
1590 5843 1678 5897 ubi
1726 5861 1820 5914 per

467 5946 739 6006 ΡΑτκοι.
773 5946 1064 6012 CXXXI.

1914 4643 2180 4713 perrexit,
2227 4651 2281 4696 et
2326 4644 2512 4699 multis
2538 4659 2632 4699 eos
2669 4644 2976 4700 consolatus
3005 4646 3375 4713 sermonibus,
3406 4649 3505 4703 ob-

1918 4737 2040 4791 tulit
2063 4753 2162 4807 pro
2190 4737 2271 4792 eis
2300 4738 2627 4793 sacriﬁcium
2659 4739 2770 4795 Deo
2795 4741 3169 4811 omnipotenti.
3203 4742 3332 4809 Quae
3353 4751 3505 4813 gesta

1915 4829 2141 4884 audiens
2190 4828 2550 4896 Valeriauus,
2602 4831 2747 4885 misit
2819 4832 3081 4902 plurimos
3127 4834 3357 4888 militum
3410 4834 3504 4904 qui

1916 4917 2130 4973 beatum
2163 4919 2496 4990 Stephanum
2526 4922 2800 4990 punirent.
2827 4921 2928 4990 Qui
2953 4925 3232 4978 venientes
3277 4926 3504 4980 iuvenc-

1916 5019 2044 5065 ruut
2085 5025 2211 5067 eum
2243 5011 2571 5068 sacriﬁcium
2608 5014 2720 5070 Deo
2749 5013 3067 5071 offerentem
3102 5034 3114 5069 :
3147 5031 3305 5085 quem
3343 5017 3509 5071 intre-

1915 5102 2101 5173 pidum
2140 5112 2196 5158 et
2219 5113 2558 5160 constantem
2600 5113 2728 5160 ante
2772 5106 2962 5162 altaris
2995 5105 3204 5172 officia,
3233 5113 3287 5160 et
3326 5113 3503 5177 ccepta

1917 5193 2288 5264 perficientem
2315 5235 2331 5262 ,
2379 5196 2432 5251 in
2463 5196 2651 5253 eodem
2683 5197 2801 5253 loco
2823 5237 2838 5263 ,
2880 5197 2934 5251 in
2977 5211 3072 5251 sua
3111 5197 3239 5252 sede
3273 5198 3504 5253 decolla-

1915 5292 2061 5341 runt.

1987 5387 2044 5440 In
2092 5386 2381 5444 Antiochia
2428 5390 2685 5445 uativitas
2733 5389 3082 5459 reliquiarum
3154 5389 3329 5445 sancti
3383 5387 3506 5444 Ste-

1919 5478 2084 5549 phani
2134 5483 2550 5551 protomartyris
2593 5481 2792 5535 Christi
2840 5491 2895 5536 et
2938 5481 3098 5552 primi
3151 5483 3204 5536 in
3263 5481 3506 5536 Ecclesia

1923 5571 2134 5627 diaconi
2168 5589 2182 5625 :
2215 5573 2302 5626 ubi
2336 5573 2521 5626 haberi
2563 5573 2764 5626 dicitur
2801 5590 2940 5629 unus
2990 5575 3056 5629 de
3087 5573 3355 5644 lapidibus
3387 5573 3506 5642 qui-

1923 5663 2025 5717 bus
2062 5664 2114 5717 iu
2147 5663 2398 5734 passione
2442 5677 2536 5716 sua
2567 5679 2858 5733 percussus
2886 5674 2990 5730 est,
3021 5674 3075 5719 et
3126 5664 3320 5718 multas
3364 5663 3510 5716 saui-

1927 5765 2062 5812 tates
2090 5772 2186 5826 per
2219 5772 2340 5809 eum
2377 5755 2511 5810 ﬁeri.

1998 5848 2194 5902 Eodem
2230 5847 2314 5902 die
2353 5849 2535 5918 passio
2581 5856 2782 5905 sancta:
2831 5849 3122 5904 'l‘heodota:
3171 5863 3292 5903 cum
3339 5847 3511 5902 tribus
