4046 6448
550 444 686 501 “5!

1479 435 1542 492 Β.
1579 392 1880 491 Nortier
1914 398 2211 488 BALﬁuLi
2249 418 2306 489 s.
2346 420 2550 492 GALLI
2586 418 2929 499 multum.
2972 494 2977 499 .

3685 435 3834 494 i132

549 560 676 618 tiliis
700 556 835 624 suis,
868 556 923 613 in
947 552 1227 628 provincia
1253 551 1532 625 Bithynia,
1570 555 1704 609 urbe
1744 552 1954 619 Nicaea,
2005 564 2132 609 tem-
2236 554 2534 610 Aristarchi
2566 553 2813 624 patriam,
2846 540 3183 619 invadentes,
3212 542 3409 624 pueros
3431 553 3579 624 ipsos
3605 553 3663 611 in
3692 554 3836 610 Cili-

550 668 684 725 pore
729 648 1083 715 Diocletiani,
1137 646 1237 703 sub
1283 647 1482 715 comite
1536 644 1845 710 Leucadio,
1875 646 1967 717 qui
2015 662 2132 701 eam

554 746 702 803 ferro
726 745 965 800 vinctam
993 754 1115 795 cum
1139 737 1265 793 ﬁliis
1300 735 1571 791 consulari
1609 735 1876 807 Bithynia:
1922 734 2133 790 Nicetio

557 834 867 894 destinavit.
913 832 985 886 At
1032 830 1121 885 ille
1164 828 1332 883 ﬁlium
1384 828 1499 899 ejus
1542 828 1955 898 primogenitum
1995 826 2137 882 Evo-

561 929 747 993 dium,
788 924 1065 984 Christum
1116 918 1439 975 ﬁducialiter
1476 919 1820 975 confitentem
1846 958 1862 985 ,
1912 918 1966 973 in
2012 933 2140 972 con-

564 1027 751 1090 Spectu
784 1015 973 1070 matris
991 1012 1158 1085 jussit
1201 1009 1430 1065 fustibus
1457 1008 1609 1063 cazdi.
1655 1009 1895 1079 Cumque
1916 1009 2002 1078 pia
2036 1022 2144 1061 ma-

555 1118 643 1171 ter
691 1109 867 1165 sacris
920 1104 1390 1162 adhortationibus
1456 1102 1624 1157 ﬁlium
1679 1100 1989 1158 confortare
2037 1115 2144 1155 non

558 1202 867 1269 desisteret,
890 1197 1054 1271 jussit
1080 1195 1323 1250 Nicetius
1348 1192 1559 1249 cuidam
1590 1192 1809 1248 liirlaco
1830 1202 1888 1247 ut
1915 1195 2067 1263 prius
2096 1190 2146 1245 ei

564 1293 818 1367 illuderet
844 1298 900 1345 et
929 1289 1007 1346 sic
1038 1290 1181 1344 inter
1210 1286 1453 1358 publicas
1497 1287 1810 1341 meretrices
1855 1285 2143 1340 constitue-

559 1396 683 1444 ret:
714 1400 877 1456 quam
925 1383 1017 1438 ille
1066 1390 1251 1437 tenere
1297 1390 1549 1445 conatus,
1578 1380 1671 1434 sed
1718 1380 1785 1435 ab
1839 1378 2028 1448 angelo
2056 1378 2147 1434 Dei

557 1494 739 1553 pugno
769 1493 1059 1549 percussus
1112 1477 1166 1529 in
1218 1474 1462 1539 naribus,
1502 1473 1668 1527 nimia
1715 1472 1995 1545 sanguinis
2034 1486 2151 1526 eru-

558 1574 743 1644 ptione
776 1569 1111 1643 periclitatus
1154 1567 1380 1622 recessit
1425 1566 1493 1619 ab
1528 1579 1612 1619 ea.
1658 1563 1808 1619 Tunc
1853 1562 2153 1619 consularis

561 1670 807 1726 Nicetius
835 1709 848 1733 ,
904 1668 956 1721 in
1008 1664 1193 1719 furore
1230 1662 1403 1719 nimio
1442 1675 1756 1723 succensus,
1782 1658 1942 1731 jussit
1974 1659 2155 1731 ignem

566 1764 843 1835 copiosum
873 1758 1112 1821 accendi,
1142 1766 1196 1815 et
1224 1758 1439 1812 beatam
1470 1754 1806 1811 Theodotum
1835 1768 1959 1809 cum
1983 1752 2156 1807 tribus

569 1832 695 1909 filiis
727 1853 839 1908 suis
863 1848 1106 1915 immitti,
1130 1857 1186 1904 et
1210 1848 1289 1903 sic
1314 1847 1368 1903 iu
1406 1844 1744 1902 confessione
1783 1841 1987 1901 Christi
2028 1856 2157 1898 con-

566 1956 857 2011 summata,
887 1943 1138 2016 migravit
1164 1944 1231 1998 ad
1253 1941 1471 1998 cmlum.

642 2040 698 2094 In
752 2039 942 2103 italia,
994 2037 1212 2092 civitate
1242 2033 1494 2101 Verona,
1545 2033 1797 2090 nativitas
1845 2038 2158 2088 sanctorum

576 2129 776 2186 Felicis
796 2140 852 2184 et
886 2128 1101 2183 Nicetii.

644 2223 708 2279 ill
772 2222 906 2277 Non.
958 2222 1095 2279 Aue.
1141 2250 1209 2261 —
1251 2218 1640 2291 Hierosolymis
1697 2217 1937 2274 inventio
1965 2256 1982 2284 ,
2051 2214 2161 2270 imo

576 2325 765 2386 raptus
842 2313 1084 2383 corporis
1159 2311 1332 2369 sancti
1387 2309 1688 2380 Stephani,
1744 2305 2161 2381 protomartyris

572 2405 794 2471 Christi,
835 2404 1049 2475 quando
1076 2402 1346 2474 lapidatus
1387 2416 1420 2456 a
1466 2400 1702 2463 Judaeis,
1744 2408 1800 2455 et
1845 2397 2161 2470 aliquandiu

576 2497 881 2553 custoditus
929 2510 998 2550 ne
1051 2492 1371 2565 sepeliretur
1420 2507 1449 2546 a
1514 2490 1835 2547 Christianis
1866 2530 1881 2556 ,
1945 2488 2160 2543 tandem

578 2587 954 2658 compassione
1001 2586 1143 2640 beati
1191 2584 1504 2641 Gamalielis
1556 2583 1799 2638 sublatus
1841 2592 1956 2647 est,
2008 2592 2062 2638 et
2099 2581 2153 2636 in

575 2683 701 2736 villa
728 2680 988 2737 Gamaliel
1020 2678 1260 2749 sepultus
1286 2694 1349 2733 ac
1392 2677 1719 2731 lamentatus
1745 2683 1847 2738 est,
1890 2675 2029 2730 sicut
2050 2675 2164 2744 ipse

577 2772 841 2828 Gamalicl
891 2788 933 2826 St
953 2772 1123 2841 ptimo
1164 2769 1386 2824 Honorii
1434 2768 1694 2839 principis
1734 2783 1877 2822 anno
1902 2806 1917 2833 ,
1950 2765 2162 2819 cuidam

575 2867 893 2937 presbytero
923 2864 1139 2918 nomine
1168 2862 1408 2918 Luciano
1454 2863 1508 2918 in
1548 2863 1752 2916 visione
1788 2860 1966 2915 divina
1995 2873 2165 2930 appaa-

596 2970 746 3015 rens,
774 2956 1055 3025 exposuit,
1081 2964 1134 3007 et
1164 2962 1385 3008 sanctus
1421 2954 1586 3008 etiam
1627 2952 1799 3008 Lucas
1821 2952 2058 3007 breviter
2085 2952 2167 3007 in-

581 3044 812 3108 timavit,
844 3044 1028 3098 dicens
1071 3043 1209 3114 (Act.
1254 3048 1369 3115 Vlll)
1399 3062 1411 3098 :
1446 3044 1767 3098 Curaveruut
1818 3054 1991 3097 autem
2045 3040 2164 3097 Stet

577 3137 809 3208 phanum
841 3136 937 3188 viri
967 3135 1218 3200 (iniurati,
1251 3144 1299 3190 et
1337 3135 1566 3205 fecerunt
1610 3135 1877 3205 planctum
1917 3151 2166 3205 maguum

579 3242 738 3295 super
766 3240 905 3279 eum.
949 3222 1111 3291 Cujus
1156 3224 1380 3279 visionis
1417 3225 1610 3278 seriem
1644 3224 2013 3289 commodius,
2056 3222 2168 3279 Deo

580 3294 836 3382 donante,
878 3316 929 3370 in
961 3325 1201 3385 tempore
1222 3330 1339 3380 suo,
1380 3316 1432 3369 id
1463 3325 1547 3371 est
1589 3316 1817 3386 septimo
1848 3316 1933 3371 die
1974 3313 2169 3371 Kalen-
2197 3294 2240 3354 (ἶ

580 3408 771 3464 darum
803 3406 1048 3464 Januarii
1079 3447 1093 3472 ,
1134 3408 1350 3478 quando
1385 3422 1596 3461 sacrum
1635 3422 1833 3477 corpus
1866 3407 1981 3475 ejus
2020 3415 2171 3478 pate-

588 3498 788 3555 factum
834 3509 891 3555 et
921 3488 1344 3572 Hierosolymam
1396 3498 1721 3555 translatqu
1777 3509 1883 3564 eSt,
1918 3500 2029 3553 vita
2076 3513 2172 3555 co-

589 3594 716 3648 mite
740 3592 1051 3647 curabimus
1079 3593 1310 3664 aperire.
1340 3590 1514 3660 Quam
1539 3591 1919 3647 revelationem
1950 3593 2172 3662 quidam

589 3686 769 3741 minus
789 3694 947 3740 caute
976 3685 1238 3756 legentes,
1263 3685 1367 3740 hoc
1396 3695 1637 3754 tempore
1658 3693 1848 3754 putant
1870 3686 2169 3750 actitatum,

586 3794 707 3834 eun
739 3788 793 3831 et
827 3778 971 3832 circa
998 3777 1263 3848 principia
1289 3776 1600 3831 Decembris
1630 3776 1901 3840 inchoata,
1930 3786 1983 3830 et
2016 3774 2173 3844 juxta

585 3871 744 3925 tinem
776 3868 1014 3940 ejusdem
1053 3870 1255 3924 mensis
1298 3869 1555 3939 probetur
1583 3868 1787 3936 absque
1828 3868 1990 3923 dubio
2038 3882 2170 3923 con-

587 3971 875 4030 summata,
904 3973 965 4018 ut
996 3963 1284 4019 celebritas
1330 3963 1747 4034 protomartvris
1776 3961 1977 4017 Christi
2006 3961 2172 4033 subji-

592 4065 808 4113 seretur
830 4056 1096 4112 nativitati
1119 4054 1246 4112 Jesu
1282 4055 1503 4110 Christi.

657 4148 841 4205 Romae
886 4149 1141 4207 nativitas
1171 4158 1483 4205 sanctorum
1520 4146 1771 4220 Diogenis
1802 4155 1856 4203 et
1903 4147 2167 4219 Stephani

586 4251 905 4315 martyrum.

657 4333 1123 4405 Constantinopoli
1152 4333 1321 4389 sancti
1346 4332 1593 4390 Acbillm.

658 4429 1046 4500 Augustoduno
1075 4428 1337 4498 depositio
1362 4428 1536 4483 sancti
1579 4427 1873 4498 Euphronii
1910 4428 2168 4499 episcopi.

659 4519 700 4574 ll
740 4519 871 4575 Non.
937 4519 1075 4576 Auc.
1099 4550 1169 4559 ——
1190 4519 1376 4573 Natale
1405 4520 1573 4574 sancti
1605 4519 1931 4582 Aristarchi,
1961 4520 2027 4575 de
2065 4537 2172 4587 quo

591 4611 861 4679 apostolus
901 4609 1098 4665 Paulus
1141 4608 1551 4665 Colossensibus
1584 4610 1812 4665 scribit:
1844 4609 2052 4664 Salutat
2085 4627 2169 4664 vos

591 4698 928 4752 Aristarchus
973 4701 1302 4766 concaptirus
1334 4717 1477 4756 meus
1524 4701 1748 4773 (Colon.
1802 4702 1902 4773 tv).
1949 4701 2027 4755 οι·
2064 4718 2170 4771 qua

593 4790 929 4859 captivitate,
970 4790 1096 4860 quia
1142 4799 1465 4848 tractatores
1513 4794 1812 4847 divinarum
1866 4793 2176 4861 Scriptura-

596 4895 738 4946 rum,
762 4880 898 4936 alios
923 4880 1059 4935 adeo
1080 4897 1313 4947 errasse,
1338 4893 1396 4937 ut
1412 4884 1620 4938 animas
1642 4886 1708 4940 de
1720 4884 1858 4938 creto
1873 4885 2175 4953 captiiazas

595 4986 649 5031 et
682 4976 746 5031 ad
775 4990 1004 5044 corpora
1035 4977 1318 5032 damnatas
1341 4979 1735 5043 existimarent,
1767 4978 1903 5033 alios
1930 4994 2058 5031 vero
2089 4978 2176 5048 pio

595 5071 809 5140 quidem
841 5084 1027 5134 sensu,
1050 5071 1144 5124 sed
1173 5070 1412 5124 historiae
1434 5072 1564 5126 satis
1587 5071 1899 5140 incongrue,
1928 5070 2000 5123 ita
2028 5070 2178 5125 intel-

597 5160 792 5214 lexisse
817 5157 1064 5229 cognovi,
1098 5166 1155 5211 ut
1186 5157 1386 5212 idcirco
1408 5157 1597 5213 beatus
1622 5160 1661 5212 A
1692 5160 1914 5213 ostolus
1936 5158 2175 5213 Aristar-

599 5251 758 5305 chum
787 5249 1164 5318 concaptivum
1200 5264 1356 5300 somn
1385 5250 1600 5310 dixerit,
1631 5250 1754 5318 quia
1808 5251 2176 5321 captivitatem

599 5356 761 5411 quam
784 5355 973 5396 omnes
1003 5342 1261 5411 patimur,
1286 5340 1433 5396 solus
1473 5356 1609 5409 pene
1636 5355 1818 5395 secum
1848 5342 2100 5406 senserit,
2127 5349 2182 5396 et

600 5432 880 5488 sentiendo
904 5432 1338 5503 doluerit;.quod
1382 5448 1481 5503 ego
1509 5434 1578 5488 ab
1606 5435 1970 5491 anterioribus
2011 5436 2181 5506 gratis

600 5523 805 5594 accepi,
835 5525 1182 5595 sequentibus
1208 5527 1326 5580 sine
1352 5527 1550 5582 invidia
1581 5527 1789 5582 tradam
1816 5544 1829 5581 :
1855 5527 1990 5583 Cum
2013 5527 2181 5583 Judzei

602 5616 949 5673 rebellionem
971 5626 1159 5673 contra
1172 5616 1448 5676 Romanos
1468 5625 1908 5693 assumpsissent,
1925 5621 1998 5676 illi
2023 5620 2180 5678 solito

602 5710 706 5763 sibi
735 5723 905 5775 more,
934 5709 1087 5779 quasi
1120 5710 1371 5779 injuriam
1413 5712 1829 5778 dissimulantes,
1859 5714 2183 5785 interimque

605 5798 803 5852 Iudaeae
826 5809 1133 5869 parcentes,
1164 5800 1524 5858 Basanitidem
1553 5814 1606 5859 et
1636 5804 1908 5861 Galilaeam
1940 5805 2053 5861 sive
2078 5806 2182 5862 Ga-

610 5890 830 5942 laadiliu
881 5894 1241 5953 devastantes.
1287 5895 1703 5968 Giscalamque,
1750 5900 1889 5956 beati
1932 5901 2079 5957 Pauli
2130 5912 2182 5959 et

2238 647 2374 733 ciam
2422 662 2543 702 cum
2592 636 2907 718 parentibus
2957 646 3443 725 transmigrarunt.
3485 646 3639 703 Unde
3683 646 3838 704 idem

2237 736 2523 811 Apostolus
2546 752 2671 792 vero
2697 748 2749 793 et
2776 737 3140 808 multipliciter
3165 751 3225 793 se
3270 737 3616 811 peregrinum
3664 754 3842 811 agno-

2240 849 2387 902 cens,
2419 849 2538 888 cum
2576 833 2777 888 sanctis
2800 830 3051 888 Patribus
3080 848 3327 902 superna:
3363 832 3665 889 Jerusalem
3690 833 3842 906 jugi-

2246 934 2327 1003 ter
2358 925 2681 997 suiSpirabat,
2714 923 2808 980 sed
2836 934 2889 979 et
2919 916 3232 980 terrestrem
3260 922 3500 980 discendi
3523 925 3701 998 gratia
3731 924 3844 982 fre-

2243 1019 2558 1090 quentabat,
2594 1026 2651 1071 ut
2675 1016 2787 1090 jam
2815 1016 3063 1089 superius
3090 1016 3506 1075 insinuavimus.

2268 1177 2273 1183 ,
2315 1111 2520 1176 Romae,
2552 1111 2603 1166 in
2649 1121 2836 1184 crypta
2868 1109 3136 1170 arenaria,
3185 1110 3328 1165 beati
3369 1108 3658 1166 Tertullini
3694 1125 3849 1165 mar-

2248 1205 2402 1293 tyris,
2434 1219 2589 1275 quem
2642 1204 2832 1257 beatus
2867 1200 3172 1271 Stephanus
3201 1201 3443 1274 pontifex
3478 1202 3847 1274 baptizatum,

2250 1298 2304 1353 in
2337 1295 2475 1350 albis
2504 1296 2881 1366 presbyterum
2920 1295 3279 1350 consecravit.
3306 1294 3410 1363 Qui
3453 1304 3577 1371 post
3618 1294 3851 1350 biduum

2249 1386 2671 1443 consecrationis
2700 1400 2830 1452 suae,
2861 1392 3041 1442 tentus
3073 1400 3106 1441 a
3129 1384 3312 1441 Marco
3334 1385 3619 1458 praefecto,
3650 1386 3851 1442 ductus

2251 1462 2335 1535 est
2361 1478 2428 1533 ad
2454 1478 2797 1536 Valerianum
2825 1477 3229 1549 imperatorem,
3249 1493 3415 1550 quem
3441 1478 3532 1535 ille
3559 1488 3855 1535 extensum

2253 1570 2479 1627 mactari
2502 1569 2734 1625 fustibus
2754 1568 3220 1640 jussit.oCumque
3249 1571 3389 1628 inter
3417 1571 3600 1627 caedes
3633 1570 3852 1627 Christo

2255 1663 2455 1743 gratias
2484 1670 2688 1735 ageret,
2708 1658 2869 1730 jussit
2900 1659 3162 1716 lateribus
3185 1659 3301 1731 ejus
3325 1659 3651 1717 Valerianus
3671 1661 3863 1735 ignem

2256 1756 2526 1839 supponi;
2573 1769 2806 1827 cumque
2849 1753 3005 1837 lctus
3054 1762 3111 1811 et
3142 1762 3402 1810 constans
3446 1763 3853 1827 perseveraret,

2251 1848 2413 1920 jussit
2456 1847 2656 1904 elevari
2694 1862 2841 1913 eum,
2867 1854 2922 1902 et
2952 1846 3091 1902 tradi
3128 1845 3373 1918 Sapricio
3413 1845 3676 1916 praelecto
3704 1864 3720 1900 :
3751 1845 3849 1917 qui

2183 1928 2229 1988 Β
2256 1940 2488 2012 primum
2514 1937 2677 2010 jussit
2703 1954 2765 1993 os
2802 1937 2918 2008 ejus
2952 1937 3221 2008 lapidibus
3247 1937 3633 2008 conquassari.
3658 1937 3859 1992 deinde

2258 2042 2535 2091 extentum
2565 2033 2617 2087 in
2650 2032 2899 2101 equuleo,
2924 2031 3105 2087 nervis
3131 2031 3333 2086 diutius
3362 2029 3629 2101 torqueri,
3659 2029 3863 2087 deinde

2262 2126 2480 2197 ignibus
2508 2125 2700 2180 assari.
2723 2123 2826 2191 Qui
2851 2139 2972 2178 cum
3003 2133 3439 2195 perseveranter,
3467 2124 3647 2178 sancti
3677 2122 3857 2192 Spiri-

2265 2227 2348 2273 tus
2382 2219 2553 2288 gratia
2600 2218 2908 2281 roboratus,
2936 2216 3213 2271 Christum
3240 2216 3533 2272 Dominum
3566 2215 3861 2280 fateretur,

2263 2308 2541 2365 mandavit
2568 2307 2672 2363 hoc
2703 2306 2904 2361 factum
2936 2305 3212 2377 Sapricius
3240 2304 3533 2362 Valeriano
3574 2316 3815 2379 tyranno
3843 2325 3858 2361 :

2263 2386 2360 2458 Cui
2401 2398 2489 2456 ille
2536 2399 2895 2465 rema‘ndavit,
2942 2406 3000 2453 ut
3045 2396 3163 2468 ejus
3209 2404 3372 2467 caput
3415 2397 3863 2455 abscinderetur.

2263 2492 2415 2547 Tunc
2460 2491 2735 2562 Sapricius
2774 2490 3077 2560 depositum
3116 2490 3182 2545 de
3228 2488 3458 2559 equuleo
3503 2488 3678 2558 jussit
3738 2503 3864 2543 eum

2264 2584 2385 2639 duci
2420 2584 2502 2639 via
2549 2582 2841 2648 Lavicana,
2884 2582 2938 2636 in
2982 2580 3220 2638 secundo
3260 2581 3536 2646 milliaria,
3564 2589 3621 2636 et
3662 2580 3863 2635 ibidem

2265 2680 2543 2736 decollari.
2570 2678 2735 2750 Cujus
2762 2692 2959 2750 corpus
2995 2684 3219 2733 sanctus
3248 2674 3561 2747 Stephanus
3585 2689 3729 2746 papa
3756 2672 3865 2729 col-

2266 2773 2436 2848 ligens
2464 2788 2585 2829 cum
2627 2771 2875 2843 clericis,
2922 2770 3138 2842 hymnis
3181 2769 3292 2826 Deo
3337 2768 3586 2837 redditis,
3614 2767 3867 2841 sepelivit

2264 2866 2321 2931 in
2354 2865 2541 2920 eodem
2564 2863 2682 2918 loco
2710 2863 2763 2917 in
2793 2870 2981 2935 crypta
3009 2862 3281 2918 arenaria.

2336 2956 2470 3012 ltctn
2519 2955 2724 3023 Bonae,
2776 2955 2832 3011 in
2880 2956 2972 3013 via
3027 2951 3333 3023 Tiburtina,
3382 2952 3766 3010 Crescentiani
3812 2959 3868 3009 et

2267 3049 2428 3106 lusu.

2342 3145 2472 3199 item
2518 3140 2713 3197 Justini
2744 3139 3073 3212 presbyteri,
3101 3138 3168 3194 de
3195 3153 3303 3210 quo
3338 3146 3598 3193 narratur
3637 3137 3697 3192 in
3737 3150 3866 3209 pas.

2274 3237 2424 3293 sione
2451 3235 2623 3290 sancti
2654 3232 2936 3291 Laurentii
2963 3233 3106 3303 quod
3135 3230 3337 3288 multos
3364 3232 3436 3287 ad
3461 3229 3626 3286 ﬁdem
3657 3229 3864 3285 Christi

2273 3336 2635 3392 converteret,
2665 3335 2719 3382 et
2744 3325 3100 3397 plurimorum
3146 3333 3449 3396 martyrum
3496 3337 3733 3394 corpora
3782 3336 3867 3376 se-

2270 3416 2373 3489 peli
2382 3424 2483 3471 ret.

2339 3507 2496 3579 Apud
2541 3505 2864 3578 Lugdunum
2891 3504 3079 3564 Galliae
3117 3505 3380 3561 adventus
3408 3502 3660 3574 corporis
3685 3502 3862 3559 sancti

2268 3597 2408 3655 Justi
2439 3599 2675 3670 episcopi
2705 3598 2773 3655 de
2798 3613 3005 3655 eremo.

2342 3691 2477 3748 Non.
2515 3694 2653 3748 Auc.
2674 3722 2746 3733 -—
2765 3692 2823 3748 In
2851 3692 3049 3757 Gallia,
3084 3690 3304 3748 civitate
3338 3689 3671 3753 Catalaunis,
3694 3688 3867 3758 depo-

2273 3786 2397 3841 sitio
2437 3786 2612 3841 sancti
2660 3784 2876 3840 Memnii
2906 3785 3140 3855 episcopi
3172 3794 3227 3838 et
3275 3780 3626 3847 confessoris,
3654 3780 3719 3835 de
3759 3793 3869 3847 quo

2274 3876 2473 3949 legitur
2496 3878 2639 3948 quod
2669 3895 2697 3929 a
2728 3878 2884 3931 beato
2911 3875 3075 3931 Petro
3112 3873 3356 3946 apostolo
3397 3874 3685 3944 episcopus
3720 3870 3870 3925 ordi-

2274 3979 2450 4033 natus,
2485 3970 2536 4024 in
2582 3967 2812 4024 Galliam
2861 3983 2965 4021 una
3011 3981 3134 4021 cum
3165 3974 3355 4021 sancto
3399 3962 3658 4036 Dionysio
3703 3970 3867 4031 atque

2275 4059 2540 4118 Eucherio
2569 4062 2633 4115 ad
2681 4060 3079 4131 praedicandum
3127 4050 3348 4114 verbum
3394 4057 3487 4112 Dei
3523 4054 3685 4109 fuerit
3721 4054 3869 4108 dire-

2272 4162 2411 4209 ctus.
2433 4152 2532 4220 Qui
2562 4162 2683 4224 post
2704 4149 3034 4206 admirabilis
3057 4152 3179 4206 vitm
3214 4146 3765 4211 consummationem,
3810 4154 3870 4201 et

2273 4245 2632 4316 plurimorum
2687 4243 3072 4299 miraculorum
3128 4242 3523 4304 ostensionem,
3573 4239 3643 4294 ad
3694 4239 3867 4293 vitam

2274 4338 2648 4408 commigravit
2683 4346 2965 4392 mteruam.

2346 4426 2531 4483 Roma:
2572 4424 2869 4482 Hormisdm
2914 4442 3084 4496 papas,
3133 4424 3223 4495 qui
3251 4424 3580 4480 seditannos
3630 4428 3867 4490 septem-

2273 4521 2468 4583 decim,
2516 4530 2569 4574 et
2611 4520 2911 4587 composuit
2934 4518 3138 4574 clerum
3167 4533 3231 4573 ac
3258 4516 3481 4587 psalmis
3504 4514 3766 4577 erudivit,
3786 4528 3870 4569 se-

2276 4613 2559 4683 pultusque
2583 4622 2668 4667 est
2698 4614 2749 4667 in
2778 4612 3008 4667 ecclesia
3035 4612 3176 4665 beati
3205 4608 3375 4666 Petri.

2355 4706 2412 4760 in
2438 4708 2677 4775 Augusta
2706 4704 3064 4774 Euphratensi
3096 4703 3352 4758 nativitas
3377 4701 3550 4757 sancti
3582 4698 3702 4755 Afri
3730 4712 3871 4753 inar-

2284 4805 2435 4874 tyris.
2466 4802 2704 4870 Quorum
2744 4801 3023 4855 nominum
3057 4797 3427 4859 similitudine,
3461 4796 3514 4850 id
3550 4805 3639 4851 est
3674 4803 3732 4849 et
3759 4794 3867 4846 Au-

2282 4907 2450 4967 gttstte
2480 4904 2534 4950 et
2561 4892 2702 4957 Afri,
2736 4902 3003 4947 nostrates
3051 4889 3277 4954 inducti,
3307 4890 3408 4944 hac
3436 4888 3526 4942 die
3576 4886 3721 4955 apud
3762 4885 3869 4938 Au-

2283 4997 2494 5057 gustam
2526 4985 2849 5040 Rhetianam
2898 4984 3012 5037 sive
3042 4980 3369 5037 Vindelicam
3397 4978 3711 5048 passionem
3748 4990 3869 5030 sau-

2286 5089 2385 5135 cta:
2438 5077 2581 5132 Afra:
2636 5085 3064 5131 coasummatam
3121 5079 3463 5140 putavean
3520 5067 3601 5123 De
3658 5083 3765 5137 qua
3814 5066 3868 5118 in

2282 5167 2628 5238 sequentibus
2656 5165 2762 5220 Deo
2793 5162 3005 5219 volente
3030 5163 3293 5217 dicemus.

2262 5296 2263 5301 η
2351 5260 2721 5332 Augustoduni
2752 5257 3017 5328 depositio
3042 5256 3217 5312 sancti
3245 5252 3489 5310 Cassiani
3517 5251 3779 5320 episcopi.

2354 5352 2492 5407 Alibi
2526 5351 2784 5405 nativitas
2808 5357 3118 5404 sanctorum
3146 5344 3383 5402 Floriani
3412 5352 3469 5399 et
3492 5340 3795 5397 leestini.

2357 5442 2467 5497 Vill
2508 5441 2582 5497 lo.
2621 5442 2757 5497 Auc.
2781 5440 3055 5495 —Rom:e
3105 5439 3193 5493 via
3239 5437 3431 5507 Appia,
3467 5435 3520 5489 in
3556 5430 3870 5489 cmmeterio

2288 5532 2499 5591 Callixti
2528 5573 2544 5599 ,
2596 5532 2852 5588 uativitas
2906 5530 3078 5586 sancti
3134 5527 3272 5585 Sixti
3317 5524 3560 5597 episcopi
3610 5531 3669 5578 et
3721 5533 3867 5576 mar-

2284 5626 2439 5702 tyris.
3749 5662 3767 5677 κ

2359 5721 2487 5776 Item
2518 5719 2573 5774 in
2602 5718 2912 5775 cremeterio
2941 5716 3270 5781 Praetextati,
3303 5711 3623 5771 Felicissimi
3647 5719 3707 5768 et
3730 5710 3867 5778 Aga-

2287 5814 2383 5886 piti
2431 5813 2796 5882 diacouorum,
2845 5815 2943 5869 sub
2992 5812 3155 5869 Decio
3188 5812 3536 5883 imperatore,
3579 5803 3867 5859 Valeriam

2288 5908 2559 5981 praefecto.
2604 5908 2701 5975 Qui
2755 5908 2924 5963 tenuit
2971 5908 3336 5964 beatissimum
3382 5919 3569 5962 senem
3621 5910 3868 5959 sanctum
