4046 6474
216 464 355 526 H33

1252 448 1874 520 MARTYROLOGI’UM.
1903 488 1974 501 —
2010 455 2215 514 MENS.
2252 448 2416 515 AUC.

3336 458 3473 514 MM

212 580 424 636 Sixtum
446 574 755 650 episcopum
796 572 1120 644 Romanum,
1142 592 1264 632 cum
1304 576 1448 631 omni
1494 574 1640 630 clero
1674 588 1793 639 suo,
1824 574 1869 637 Α
1901 586 2092 637 ranna,
2116 571 2331 644 gentilis
2360 580 2419 627 et
2454 584 2684 642 pagana,
2710 562 2865 643 capta
2890 573 3060 632 oculis
3082 581 3139 631 et
3158 588 3319 631 come
3346 580 3477 632 vero

214 678 268 725 et
296 670 517 725 reclusit
548 670 601 723 in
636 670 847 740 publica
874 670 1138 733 custodia,
1167 676 1221 723 et
1250 666 1467 721 fuerunt
1504 666 1575 720 ibi
1606 665 1795 724 diebus

212 760 416 817 multis.
470 762 663 817 Postea
709 775 837 814 vero
876 759 1037 828 jussit
1082 758 1273 813 Decius
1316 756 1534 812 beatum
1581 755 1792 809 Sixtum

211 866 335 912 cum
372 851 580 905 duobus
612 850 926 905 diaconist
970 848 1302 904 Felicissimo
1338 856 1395 901 et
1436 847 1662 918 Δεοῳίιο
1690 844 1795 901 sibi

212 944 270 999 in
318 944 517 1015 templo
563 944 805 999 intelludi
856 958 881 985 ε
924 943 1256 1014 praesentari,
1287 951 1341 997 et
1384 949 1795 999 contemnentes

215 1034 373 1090 idolis
404 1036 717 1092 sacriﬁcare
739 1039 790 1091 in
820 1038 1062 1092 custodia
1088 1026 1292 1105 priiata
1318 1034 1797 1103 iucludi.Cumque

214 1129 408 1187 librato
418 1136 876 1198 praeciderentur
892 1128 1054 1183 Decio
1069 1136 1124 1182 et
1141 1126 1449 1191 Valeriam,
1475 1134 1799 1196 suggerente

213 1219 516 1284 Valeriano,
540 1220 702 1290 jussit
739 1219 932 1274 Decius
976 1226 1034 1271 ut
1062 1218 1388 1271 ducerentur
1426 1216 1495 1269 ad
1537 1216 1797 1286 templum

210 1311 417 1377 Martis,
448 1320 501 1367 et
527 1311 572 1366 si
598 1312 909 1366 sacriﬁcare
937 1310 1158 1374 ﬂuitent,
1184 1311 1237 1364 in
1260 1308 1450 1363 eodem
1476 1308 1595 1361 loco
1616 1309 1794 1377 capite

217 1407 615 1458 multarentur.
651 1400 894 1470 Cumque
924 1400 1050 1454 illuc
1097 1398 1341 1468 perducti
1378 1397 1627 1463 fuissent,
1659 1399 1796 1453 dixit

210 1496 397 1551 beatus
426 1494 611 1549 Sixtus
640 1495 705 1548 ad
736 1494 999 1563 templum
1023 1490 1209 1547 Martis
1239 1508 1253 1545 :
1287 1489 1529 1546 Destruet
1559 1500 1609 1544 te
1635 1489 1797 1545 Clari-~

209 1595 317 1640 οιιω
361 1584 537 1640 Filius
585 1585 679 1639 Dei
724 1587 840 1639 nisi.
884 1584 955 1639 Et
986 1599 1111 1645 cum
1162 1583 1566 1652 respondissent
1606 1598 1798 1639 omnes

209 1678 524 1743 Christiani,
547 1680 731 1739 Amen,
762 1678 943 1733 subito
981 1677 1177 1732 cecidit
1215 1676 1391 1745 aliqua
1426 1690 1558 1744 pars
1585 1678 1793 1745 templi,

208 1779 261 1824 et
308 1769 644 1825 comminuta
686 1779 788 1824 est.
832 1761 987 1824 Tune
1018 1769 1208 1823 beatus
1256 1766 1577 1822 Laurentius
1633 1769 1797 1839 capit

209 1862 443 1925 clamare
474 1861 668 1916 dicens
714 1878 726 1913 :
771 1860 893 1915 Non
938 1877 1024 1914 me
1061 1861 1377 1931 dentium,
1408 1858 1569 1913 Pater
1593 1869 1792 1924 eam“,

1895 679 2053 726 caeca,
2081 680 2202 719 cum
2245 664 2403 718 unico
2432 663 2541 717 ﬁlio
2575 678 2692 727 suo,
2738 663 2988 720 Herculio
3014 666 3251 733 nomine,
3283 667 3477 722 cellam

1895 752 2049 811 beati
2068 755 2313 819 Hilarini‘,
2336 769 2463 811 cum
2494 769 2601 824 quo
2630 755 2819 810 beatus
2845 756 2929 810 vir
2962 756 3261 823 habitabat,
3292 759 3477 830 requi-

1894 858 2059 902 reret.
2090 846 2258 914 Quam
2292 846 2392 899 ﬁde
2434 844 2633 900 Christi
2668 846 2987 903 instructam
3015 849 3081 903 ad
3127 849 3342 904 beatam
3372 849 3477 906 Sa-

1898 947 2072 1007 tyrum
2100 939 2413 1008 episcopum
2438 932 2717 992 ﬁllarinus
2745 948 2800 994 et
2826 939 3067 995 Donatus
3088 941 3475 1009 pertinuerunt.

1895 1028 2005 1096 Qui
2035 1028 2194 1084 ﬁdem
2218 1030 2339 1098 eius
2382 1029 2669 1098 accipiens,
2714 1039 2769 1083 et
2804 1029 2918 1085 Dec
2950 1033 3154 1101 gratias
3182 1046 3364 1101 agens,
3392 1033 3476 1087 in-

1896 1120 2034 1174 dixit
2074 1121 2125 1175 ei
2166 1119 2448 1191 jejunium,
2490 1118 2550 1176 et
2594 1129 2653 1175 ut
2697 1121 3073 1176 hmniliaretur
3107 1122 3159 1176 in
3205 1122 3384 1177 cilicio
3424 1130 3483 1178 et

1897 1210 2099 1266 cinere.
2126 1210 2195 1265 Et
2220 1211 2301 1265 sic
2326 1211 2519 1267 deinde
2544 1213 2900 1267 catechizavit
2924 1227 3043 1268 eam
3071 1222 3126 1268 et
3152 1215 3481 1284 baptizavit,

1898 1313 2006 1357 tam
2058 1305 2231 1373 ipsam
2275 1319 2441 1374 quam
2488 1304 2657 1360 ﬁlium
2709 1303 2844 1374 ejus.
2876 1306 2941 1360 Et
2990 1322 3111 1362 mox
3142 1308 3312 1376 aperti
3357 1315 3483 1362 sunt

1896 1396 2037 1451 oculi
2087 1394 2367 1451 Surannze.
2414 1396 2568 1463 Quod
2611 1396 2813 1451 factum
2868 1399 3092 1453 audiens
3118 1400 3479 1469 Apronianus,

1897 1489 2077 1544 attulit
2116 1489 2277 1549 etiam
2316 1488 2483 1549 ﬁlium
2520 1501 2679 1543 suum
2711 1489 3099 1546 daemoniacum
3149 1491 3215 1543 ad
3264 1491 3482 1545 beatum

1898 1582 2185 1636 Donatum.
2214 1582 2331 1649 Quo
2356 1590 2547 1636 orante
2595 1581 2754 1636 simul
2784 1598 2905 1636 cum
2953 1583 3107 1636 beato
3147 1581 3340 1653 Satyro
3371 1582 3485 1652 epi4

1899 1685 2060 1743 scopo
2085 1680 2147 1733 .et
2180 1675 2341 1729 beare
2364 1673 2640 1737 Hilarion,
2660 1673 2917 1743 expulsus
2958 1682 3039 1727 est
3089 1673 3317 1736 daemon,
3351 1688 3483 1742 pue—

1898 1779 2127 1833 rumque
2154 1779 2343 1822 sanum
2373 1765 2609 1835 reliquit.
2634 1764 2740 1820 Sed
2777 1775 2832 1820 et
2864 1779 2969 1819 non
3002 1765 3165 1835 longo
3193 1775 3315 1836 post
3350 1774 3485 1818 temo

1898 1869 2028 1925 pore
2052 1858 2139 1911 vir
2159 1858 2379 1927 quidam
2408 1858 2711 1922 Eustasius,
2743 1867 2922 1913 rector
2943 1857 3154 1913 Tuscia:
3183 1867 3239 1912 et
3264 1866 3487 1912 exactor

207 1954 326 2023 quia
358 1952 627 2006 thesauros
648 1952 767 2022 jam
808 1952 1027 2022 expendi
1068 1969 1195 2023 quos
1223 1952 1487 2005 tradidisti
1517 1952 1663 2005 mihi.
1698 1952 1796 2006 Mi-
1824 1936 1871 1995 Β
1900 1948 2036 2015 ﬁsci,
2062 1950 2187 2005 dum
2218 1958 2512 2019 occupatus
2543 1951 2739 2004 alicubi
2772 1962 3065 2014 teneretur,
3097 1952 3479 2019 supervenien-

208 2048 327 2101 lites
356 2056 533 2099 autem
573 2045 667 2115 qui
704 2046 976 2100 duxerunt
1018 2052 1131 2110 eos,
1179 2046 1456 2101 audientes
1491 2046 1792 2112 thesauros,

209 2141 495 2195 tenuerunt
523 2140 739 2196 beatum
774 2139 1126 2197 Laurentium
1155 2140 1620 2203 archidiaconum,
1665 2154 1794 2193 san-

209 2242 352 2287 etum
394 2246 525 2286 vero
572 2229 808 2294 Sixtum,
854 2229 1251 2286 Felicissimum
1297 2239 1460 2301 atque
1509 2230 1795 2300 Agapitum

209 2322 478 2385 duxerunt
504 2321 557 2375 in
588 2320 787 2375 clivum
820 2320 1028 2386 Martis,
1060 2331 1114 2375 et
1141 2322 1340 2377 ibidem
1369 2322 1795 2376 dcwilarcrmit.

209 2411 383 2466 Noctu
409 2425 536 2465 vero
556 2410 906 2465 advenientes
928 2410 1131 2474 clerici,
1156 2420 1211 2465 et
1237 2412 1468 2471 maxima
1496 2427 1621 2480 pars
1641 2411 1800 2466 Chri-

210 2503 526 2567 stianorum,
555 2503 890 2574 collegerunt
912 2518 1138 2572 corpora
1161 2514 1491 2569 sanctorum,
1517 2514 1570 2557 ct
1588 2505 1643 2556 in
1669 2504 1800 2561 locis

209 2608 371 2663 supra
419 2593 710 2649 nominatis
756 2594 1056 2649 honoriﬁce
1107 2594 1490 2662 sepeliverunt.
1545 2594 1799 2649 Decollati

210 2694 334 2742 sunt
375 2702 498 2741 cum
541 2687 621 2742 eis
666 2694 721 2740 et
761 2684 851 2740 alii
895 2696 1149 2754 quatuor,
1189 2683 1499 2749 ianuarias,
1552 2684 1799 2753 Magnus,-

212 2776 528 2832 Vincentius
565 2784 620 2831 et
669 2775 977 2846 Stephanus
1024 2775 1362 2839 subdiaconi,
1418 2784 1475 2829 ut
1521 2776 1572 2828 in
1620 2775 1800 2831 Cestis

211 2867 611 2939 pontiﬁcalibus
662 2867 875 2936 legitur.
923 2867 1123 2922 Passus
1166 2876 1251 2921 est
1294 2881 1416 2921 cum
1465 2867 1545 2920 eis
1587 2882 1801 2935 quoque

214 2971 432 3019 sanctus
448 2960 705 3032 Quartus,
730 2969 788 3013 ut
808 2960 997 3016 scribit
1024 2976 1253 3032 magnus
1274 2961 1462 3015 doctor
1474 2959 1799 3031 Cyprianus.

216 3052 312 3107 ilic
336 3050 529 3107 beatus
569 3029 754 3107 Sixtus
794 3050 935 3120 apud
977 3029 1218 3106 Athenas
1264 3059 1423 3106 natus
1464 3029 1530 3104 et
1558 3051 1801 3116 edoctus,

216 3144 363 3215 prius
404 3145 620 3213 quidem
656 3143 1008 3215 pbilosoPhus
1055 3143 1178 3210 fuit,
1227 3145 1319 3199 sed
1365 3153 1552 3213 postea
1604 3143 1803 3199 Christi

218 3235 509 3304 discipulus
558 3233 733 3290 factus
762 3235 878 3291 iuit.
931 3234 1084 3292 Sedit
1134 3236 1188 3290 in
1237 3237 1546 3306 episcopatu
1602 3251 1802 3291 annum

219 3344 404 3393 unum,
438 3343 652 3383 menses
680 3327 889 3392 decem,
917 3328 1032 3383 dies
1061 3328 1278 3396 triginta
1306 3336 1362 3381 et
1393 3335 1519 3382 tres.

289 3420 418 3474 item
441 3419 625 3474 Romae
656 3419 885 3474 militum
915 3428 1130 3474 centum
1156 3420 1433 3490 sexaginta
1469 3418 1723 3496 quinque,
1753 3430 1807 3475 et

220 3514 400 3582 passio
436 3522 637 3567 sanctze
673 3510 818 3566 Afra;
843 3511 1087 3583 virginis.

292 3602 490 3657 Eodem
530 3603 618 3657 die
656 3602 709 3657 in
756 3602 1048 3672 Hispaniis,
1076 3603 1298 3658 civitate
1334 3594 1640 3672 Compluto,
1670 3603 1806 3659 Just:

221 3701 275 3747 et
317 3692 559 3749 Pastoris
603 3693 852 3748 fratrum.
900 3693 998 3760 Qui
1041 3710 1165 3748 cum
1210 3696 1389 3749 adhuc
1422 3697 1573 3764 pueri
1612 3696 1808 3751 litteris

224 3782 611 3847 imhnerentur,
659 3782 911 3852 proiectis
946 3784 997 3836 in
1042 3783 1224 3845 schola
1266 3784 1484 3847 tabulis,
1514 3794 1704 3853 sponte
1741 3786 1809 3840 ad

223 3874 537 3943 martyrium
567 3881 923 3928 cucurrerunt
955 3891 967 3926 :
999 3885 1056 3929 et
1098 3889 1222 3929 mox
1262 3890 1293 3928 a
1341 3876 1568 3931 Datiano
1613 3877 1811 3932 comite

227 3969 396 4023 teneri
438 3967 575 4037 jussi
628 3977 771 4033 sunt,
805 3983 927 4023 cum
973 3982 1032 4021 se
1088 3968 1293 4023 mutuis
1341 3969 1810 4027 exhortationibus

225 4062 665 4119 constantissime
693 4063 1032 4123 roborarcnt,
1061 4071 1214 4117 extra
1238 4062 1511 4116 civitatem
1536 4063 1807 4131 producti,

225 4164 281 4209 et
307 4156 359 4207 in
388 4170 580 4222 campo
601 4153 880 4208 Laudabili
908 4170 937 4207 a
966 4154 1316 4210 carniﬁcibus
1340 4163 1467 4209 sunt
1487 4154 1737 4225 jugulati.

300 4247 385 4301 νη
425 4247 499 4300 lo.
545 4248 673 4301 Anc.
701 4248 975 4309 —-Romae
1023 4250 1202 4317 passio
1260 4258 1569 4304 sanctorum
1610 4258 1812 4322 i‘narty-

231 4356 347 4394 rum
377 4352 601 4392 numero
624 4338 809 4407 viginti
842 4339 1095 4406 quinque.

300 4430 432 4484 item
474 4440 785 4483 sanctorum
822 4439 1121 4499 martyrum
1152 4427 1300 4483 Petri
1343 4437 1398 4484 et
1431 4429 1656 4486 Juliana:
1692 4429 1811 4503 [Ju-

230 4518 385 4591 liaui}
416 4536 535 4574 cum
565 4518 682 4572 aliis
705 4518 1024 4573 octodecim.

301 4610 359 4665 in
392 4609 603 4670 Tuscia,
638 4609 857 4663 civitate
892 4608 1099 4669 Art-tio,
1134 4608 1388 4669 nativitas
1418 4609 1589 4664 sancti
1622 4609 1811 4667 Donati

1833 3291 1940 3375 Ct.

1899 2039 2042 2093 tibus
2080 2040 2350 2105 hostibus,
2400 2056 2541 2095 uxor
2582 2042 2750 2110 ipsius
2797 2043 3146 2113 Euphrosyna
3205 2044 3487 2112 pecuniam

1898 2130 2011 2185 ﬁsci
2066 2132 2383 2198 abscondit,
2439 2143 2493 2188 et
2545 2134 2730 2203 paucis
2786 2134 2976 2190 diebus
3032 2137 3485 2202 succedentibus,

1898 2223 2120 2278 absente
2167 2225 2342 2279 adhuc
2387 2227 2523 2291 viro,
2574 2227 2904 2299 defungitur.
2932 2228 3165 2284 Rediens
3196 2240 3375 2284 autem
3406 2231 3491 2285 vir

1898 2312 2034 2382 ejus,
2067 2324 2122 2371 et
2152 2331 2249 2386 pro
2274 2318 2500 2387 pecunia
2518 2319 2636 2374 iisci
2663 2330 2979 2386 conventus,
3007 2321 3156 2375 venit
3179 2322 3245 2377 ad
3270 2324 3487 2377 beatum

1902 2404 2156 2479 Satyrum
2207 2417 2261 2462 et
2306 2409 2597 2475 Donatum,
2636 2418 2684 2465 et
2723 2411 2981 2465 indicavit
3037 2411 3116 2466 eis
3158 2412 3485 2467 anxietatem

1902 2501 2065 2553 animi
2107 2502 2210 2555 sui.
2255 2503 2417 2557 Stans
2452 2505 2634 2573 itaque
2676 2505 2917 2559 Donatus
2965 2519 3130 2573 super
3179 2504 3488 2575 sepulcrum

1902 2594 2085 2645 uxoris
2124 2593 2315 2661 ipsius,
2343 2608 2475 2648 voce
2504 2610 2697 2664 magna
2726 2595 2983 2649 clamavit
3011 2614 3024 2650 :
3059 2615 3078 2647 ‹
3111 2596 3486 2667 Enphrosyna,

1903 2700 1999 2755 per
2046 2684 2321 2739 Christum
2366 2686 2681 2741 crnciﬁxmu
2730 2698 2782 2742 te
2827 2688 3014 2757 adjuro
3054 2696 3113 2743 ut
3147 2690 3293 2743 dicas
3336 2689 3492 2746 nobis

1903 2777 2032 2846 quid
2056 2778 2252 2832 factum
2278 2780 2348 2832 sit
2371 2779 2437 2834 de
2456 2781 2682 2849 pecunia
2709 2780 2845 2843 ﬁsci,
2871 2781 2994 2849 quia
3021 2780 3103 2833 vir
3125 2788 3247 2834 tuus
3270 2788 3492 2851 propter

1904 2881 2022 2922 eam
2069 2869 2137 2922 ab
2180 2871 2523 2924 exactoribus
2559 2869 2712 2924 valde
2754 2869 3027 2941 afﬂigitur.
3059 2889 3078 2922 ι
3109 2869 3240 2937 Quae
3271 2886 3393 2925 mox
3425 2871 3493 2926 de

1906 2959 2153 3028 sepulcro
2199 2960 2472 3029 respondit
2522 2978 2535 3014 :
2583 2980 2601 3011 ‹
2633 2962 2687 3015 1η
2734 2962 2978 3032 ingressu
3025 2963 3215 3017 domus
3259 2961 3491 3019 suﬁ‘ossa

1906 3046 2040 3103 latet
2064 3050 2286 3118 pecunia
2314 3066 2474 3119 quam
2506 3051 2770 3121 quaeritis.
2806 3070 2823 3102 ι
2859 3051 3093 3121 Recepta
3128 3052 3295 3121 igitur
3330 3068 3492 3121 pecu-

1910 3142 1996 3193 nia
2025 3141 2282 3197 liberatus
2303 3153 2386 3197 est
2413 3144 2695 3198 Eustasius
2723 3146 2787 3199 ab
2817 3145 3159 3216 impositione
3187 3146 3490 3201 calumniae.

1911 3231 2107 3285 Verum
2143 3244 2355 3303 recepto
2387 3235 2541 3289 beato
2568 3235 2761 3306 Satyro
2789 3251 2911 3290 cum
2944 3237 3187 3305 patrihus
3213 3237 3345 3302 suis,
3372 3238 3492 3307 ejus

1938 3340 2028 3377 ειοο
2064 3325 2424 3380 sacerdotium
2460 3328 2649 3381 beatus
2689 3330 2926 3383 Donatus
2962 3330 3213 3399 suscepit.
3247 3330 3491 3401 Cumque

1907 3416 1992 3470 die
2026 3419 2256 3486 quadam
2292 3420 2481 3474 missas
2510 3420 2833 3474 celebrasset
2856 3420 3069 3490 populo,
3097 3430 3149 3473 et
3174 3421 3241 3474 de
3267 3435 3494 3491 corpore

1912 3508 2109 3562 Christi
2156 3526 2219 3565 ac
2258 3512 2517 3583 sanguine
2552 3512 2778 3581 populus
2819 3512 3197 3566 venerabiliter
3223 3526 3495 3567 recreare-

1913 3606 2015 3661 tur,
2050 3600 2314 3656 diaconus
2349 3603 2587 3671 quidam,
2638 3603 2869 3657 nomine
2900 3603 3209 3667 Antbimus,
3250 3604 3496 3659 tradebat

1912 3706 2125 3745 sacrum
2182 3693 2496 3764 sanguinem
2548 3693 2773 3758 Christi,
2832 3702 2885 3747 et
2934 3693 3112 3748 subito
3162 3708 3496 3765 paganorum

1913 3784 2140 3853 impulsu
2193 3786 2409 3851 cecidit,
2458 3795 2519 3840 et
2570 3796 2816 3842 sanctum
2879 3787 3101 3841 calicem
3152 3787 3491 3843 comminuit.

1915 3874 2065 3929 Unde
2120 3876 2273 3930 valde
2316 3878 2489 3931 tristis
2534 3887 2640 3931 tam
2694 3878 2807 3947 ipse
2841 3893 3002 3946 quam
3042 3877 3269 3948 populus
3292 3877 3493 3935 Christi

1912 3965 2154 4021 effectus.
2181 3968 2345 4037 Cujus
2370 3969 2638 4023 tristitiam
2672 3970 2931 4023 Dominus
2958 3984 3055 4038 per
3076 3971 3288 4023 beatum
3321 3969 3496 4025 Dona-

1915 4066 2022 4112 tum
2067 4060 2209 4113 illico
2246 4062 2503 4116 relevavit
2556 4080 2567 4115 :
2617 4077 2743 4116 nam
2782 4062 3000 4117 collecta
3041 4071 3166 4117 sunt
3197 4062 3499 4134 fragmenta

1914 4151 2177 4207 Dominici
2226 4153 2410 4208 calicis
2452 4164 2506 4209 et
2555 4156 2712 4208 beato
2758 4155 2869 4208 viro
2915 4155 3105 4219 allata;
3156 4169 3274 4222 qua:
3319 4153 3496 4208 llendo

1914 4242 2004 4297 ille
2034 4246 2355 4315 suscipiens,
2383 4252 2633 4301 oratione
2660 4247 2799 4300 facta
2828 4262 2919 4298 vas
2952 4248 3000 4299 in
3055 4247 3338 4315 pristinam
3388 4244 3498 4300 for-

1914 4351 2059 4389 mam
2108 4341 2443 4392 restauravit.
2480 4338 2597 4404 Quo
2638 4339 2791 4406 signo
2822 4338 3050 4406 perculsi
3092 4338 3311 4407 pagani,
3337 4336 3499 4391 simul

1916 4443 2035 4485 cum
2086 4430 2405 4483 Christianis
2446 4430 2698 4483 deitatem
2742 4429 2934 4482 Christi
2976 4428 3208 4482 corifcssi
3250 4439 3395 4493 sunt,
3430 4444 3494 4484 ac

1917 4520 2131 4574 circiter
2156 4522 2489 4590 septuaginta
2520 4531 2574 4574 et
2600 4530 2723 4573 octo
2752 4521 2944 4573 animae
2982 4521 3033 4573 in
3072 4520 3346 4574 Christum
3379 4530 3497 4575 cre-

1919 4613 2128 4677 dentes,
2154 4630 2248 4682 per
2274 4615 2601 4683 baptiSsnum
2642 4616 2859 4667 salvata:
2898 4622 3041 4667 sunt.
3073 4614 3248 4668 Multis
3274 4630 3401 4686 ergo
3428 4615 3502 4670 si-

230 4703 466 4771 cpiscopi
493 4713 543 4755 et
576 4703 849 4771 martyris.
880 4700 976 4763 Qui
1006 4700 1240 4752 nutritus
1265 4717 1293 4754 a
1327 4708 1513 4754 sancto
1539 4702 1813 4771 Pigmento
1842 4688 1890 4749 Ῑ)
1919 4704 2037 4772 guis
2070 4704 2324 4759 Dominus
2347 4706 2653 4775 glorilicans
2678 4715 2919 4759 sanctum
2948 4722 3123 4768 suum,
3154 4706 3217 4759 ad
3243 4722 3497 4761 coronam

235 4796 548 4864 presbyter
587 4794 636 4845 in
671 4792 823 4844 titulo
854 4790 992 4845 heati
1026 4790 1288 4852 Pastoris,
1322 4791 1561 4846 eruditus
1599 4802 1679 4847 est
1710 4810 1815 4849 non

235 4884 409 4939 solum
462 4886 510 4936 in
556 4884 771 4945 divinis,
807 4899 989 4936 verum
1038 4882 1197 4935 ctiatn
1243 4882 1295 4934 in
1332 4881 1579 4936 humanis
1624 4883 1817 4938 litteris

236 4977 703 5033 sizﬂicientissimc.
733 4977 865 5030 Cum
897 4992 1003 5043 quo
1027 4984 1082 5028 et
1105 4973 1348 5027 Julianus
1376 4974 1566 5038 crevit,
1594 4983 1647 5027 et
1689 4974 1817 5028 sub-

238 5070 498 5124 diaconus
525 5070 820 5127 ordinutus,
856 5067 1052 5135 rejccto
1091 5067 1429 5136 postmodum
1467 5067 1654 5134 gradu,
1704 5066 1820 5120 iuu-

241 5160 349 5217 tilis
403 5168 644 5229 apostata
694 5159 899 5222 lactus,
939 5160 1003 5210 ad
1042 5158 1324 5227 imperium
1378 5158 1651 5228 aspiravit.
1705 5157 1821 5223 Quo

242 5262 484 5319 tempore
536 5252 746 5301 beatum
794 5246 1126 5315 Pigmenium
1181 5248 1360 5300 Roma:
1415 5248 1467 5300 in
1522 5249 1821 5302 custodiant

242 5342 591 5412 mancipavit,
609 5351 656 5393 et
678 5350 891 5393 sanctos
907 5348 1108 5404 putrem
1132 5349 1181 5391 ct
1202 5346 1424 5391 matrem
1448 5340 1633 5391 Donati
1650 5340 1825 5407 gladio

244 5436 466 5493 occidit.
499 5435 737 5486 Donatus
762 5447 888 5486 vero
914 5430 1079 5485 lector
1102 5429 1223 5497 iuga
1251 5430 1400 5497 petiit
1425 5432 1666 5482 Aretium
1695 5431 1827 5484 civi-

247 5540 436 5591 tatem,
466 5535 519 5581 et
554 5527 815 5580 habitavit
846 5541 966 5579 cum
998 5523 1237 5576 llilarino
1270 5522 1671 5592 religiosissimi)
1710 5540 1825 5577 mo-

249 5623 446 5683 nacho,
498 5619 740 5672 serviens
786 5617 1009 5671 Domino
1059 5614 1327 5668 continuis
1384 5614 1718 5666 orationibus
1777 5622 1832 5667 et

242 5712 483 5783 jejuniis.
529 5710 749 5765 Factum
790 5719 874 5767 est
908 5718 1088 5765 autem
1136 5716 1193 5761 ut
1237 5706 1427 5759 mulier
1466 5706 1679 5767 nomine
1728 5704 1830 5761 Su—

1921 4796 2162 4865 martyrii
2193 4798 2455 4864 provexit.
2488 4798 2723 4865 Denique
2757 4808 2993 4865 tempore
3032 4796 3229 4852 Juliani
3263 4802 3495 4867 impera-

1924 4887 2073 4949 toris,
2104 4896 2281 4940 tentus
2308 4907 2334 4940 a
2365 4887 2727 4953 Qumlratiano
2752 4888 3049 4957 Augustali,
3083 4887 3238 4941 simul
3276 4896 3327 4941 et
3376 4902 3497 4941 cum

1922 4992 1988 5029 co
2016 4976 2093 5029 \‘ir
2124 4976 2213 5029 Dei
2262 4976 2535 5031 llilarinus
2581 4979 2801 5047 jnhetur
2844 4980 2996 5033 idolis
3036 4978 3358 5031 sacriﬁcare.
3402 4975 3501 5030 Cui

1925 5064 2155 5121 lideliter
2184 5069 2487 5130 reluctanti,
2513 5067 2674 5136 jussit
2703 5069 3099 5136 Quadratianus
3129 5065 3244 5134 ejus
3271 5082 3330 5119 os
3370 5066 3506 5135 lapi-

1926 5158 2082 5213 dibus
2123 5161 2399 5224 contundi,
2442 5160 2739 5215 Hilarinum
2787 5176 2910 5214 vero
2955 5158 3272 5212 monachum
3302 5157 3351 5208 in
3377 5170 3504 5209 con-

1927 5266 2111 5318 Spectu
2162 5251 2327 5318 ipsius
2371 5252 2548 5305 taudiu
2596 5254 2825 5306 fustibus
2856 5252 2983 5305 caedi
3040 5250 3210 5303 dorec
3255 5248 3502 5317 spiritum

1929 5340 2225 5405 emitteret;
2259 5342 2448 5395 deinde
2498 5343 2710 5395 heatmn
2742 5342 3003 5394 Donatum
3049 5340 3098 5393 in
3137 5338 3379 5394 custodia
3422 5355 3508 5393 re-

1929 5431 2092 5488 cludi.
2119 5432 2216 5487 Ubi
2245 5450 2364 5489 cum
2390 5436 2667 5488 innumera
2696 5433 2947 5487 miracula
2976 5432 3232 5487 Dominus
3260 5445 3353 5500 per
3389 5447 3508 5487 ser-

1933 5542 2056 5579 vum
2091 5543 2245 5581 suum
2270 5537 2604 5596 operaretur,
2641 5526 2782 5580 misit
2811 5526 3226 5593 Quadratianus,
3255 5534 3309 5578 et
3333 5525 3509 5593 gladio

1935 5620 2196 5687 percussit
2229 5620 2457 5687 septimo
2487 5617 2605 5671 ldus
2651 5619 2893 5686 Augusti.
2924 5617 3085 5687 Cujus
3124 5632 3318 5686 corpus
3354 5616 3512 5670 Chri-

1936 5709 2095 5764 stiani
2117 5708 2277 5778 juxta
2306 5708 2580 5763 civitatem
2609 5723 2731 5763 cum
2762 5708 3107 5763 veneratione
3129 5706 3509 5773 sepelivcrunt,

327 5903 351 5931 ι
394 5890 564 5944 Etiam
625 5890 869 5960 superius
895 5886 1221 5942 HLKalcn‘l.
1262 5885 1508 5957 Augusti,
1555 5884 1656 5941 bac
1702 5898 1830 5939 voce
1865 5898 1994 5940 usus
2020 5890 2126 5940 est.
