4046 6444
571 417 712 475 1155
1487 412 1548 468 Β.
1588 407 1892 469 NOTKERI
1927 407 2225 467 BALBULI
2260 408 2321 467 S.
2361 407 2566 467 GALLI
2604 406 2910 468 MONACHI
3685 411 3836 473 1136

565 533 825 607 martyris
847 546 976 590 vero
1001 529 1230 587 llilarini
1255 542 1378 586 ossa
1399 529 1452 584 in
1473 528 1697 584 civitate
1715 527 1865 585 Ostia
1888 526 2150 583 tumulata
2178 530 2228 590 Α
2253 525 2367 582 veri
2392 526 2692 600 presbyteri
2735 535 2791 581 et
2827 524 3174 596 confessoris.
3201 523 3304 594 Qui
3329 534 3393 582 ut
3415 525 3535 597 ejus
3561 533 3839 582 testantur

565 637 899 691 servantur.
1194 675 1197 680 .
2147 667 2149 670 .
2250 630 2422 694 gesta,
2470 620 2690 675 natione
2742 619 2929 685 lndus,
2976 619 3080 675 ﬁde
3127 619 3330 675 Christi
3379 619 3618 685 fervens,
3666 635 3836 675 causa

640 722 795 792 Apud
817 719 1175 783 Mediolanum
1195 716 1368 773 sancti
1390 713 1670 783 Faustini,
1701 722 1942 786 tempore
1980 711 2153 770 Aure-
2250 711 2602 783 Evangelium
2662 709 2990 781 praedicandi
3017 763 3020 766 ,
3046 710 3472 766 laboriosissima
3518 712 3840 781 peregrina-

566 811 625 868 lii
649 811 938 870 Commodi
965 809 1316 882 martyrizati.
2251 804 2397 860 tione
2417 811 2687 872 suscepta,
2709 801 2874 856 etiam
2901 801 2969 856 ad
2997 801 3277 872 pmfamm
3306 802 3494 857 urbem
3519 802 3838 867 deveniens,

638 904 796 974 Apud
821 902 1155 973 provinciam
1185 899 1459 965 Rhetiam,
1490 899 1714 956 civitate
1763 898 2026 971 Augusta,
2055 913 2153 954 na-
2251 903 2526 975 ingentem
2574 913 2908 971 paganorum
2953 897 3354 953 multitudinem
3392 895 3558 952 verbo
3583 905 3641 953 et
3671 896 3842 952 mira-

568 997 758 1064 sivitas
782 1003 984 1049 sanctas
1027 993 1190 1048 Afrae.
1219 991 1350 1060 Quae
1397 1007 1522 1049 cum
1551 1002 1695 1048 esset
1718 1005 1928 1063 pagana
1965 1001 2153 1046 etme—
2251 993 2387 1051 culis
2435 993 2503 1047 ad
2553 991 2712 1048 ﬁdem
2765 989 2964 1046 Christi
3013 990 3310 1054 convertit;
3361 1003 3595 1059 cumque
3621 988 3677 1042 in
3703 1002 3843 1057 pace

567 1089 762 1149 retrix,
800 1102 898 1156 per
941 1085 1246 1140 doctrinam
1277 1084 1453 1140 sancti
1489 1081 1731 1150 Narcissi
1781 1081 2153 1139 Gerundensis
2252 1086 2562 1157 quievisset,
2604 1083 2853 1138 conditus
2888 1091 2984 1138 est
3024 1082 3079 1136 in
3122 1081 3348 1137 basilica
3376 1081 3521 1136 beati
3548 1079 3840 1149 Stephani,

563 1179 831 1250 episcopi,
877 1192 944 1232 eo
969 1192 1066 1247 per
1093 1177 1319 1247 gratiam
1375 1175 1471 1231 Dei
1511 1175 1725 1241 directi,
1765 1173 1829 1230 ad
1876 1174 2153 1230 Christum
2253 1178 2424 1251 signis
2461 1175 2658 1241 clarus,
2691 1175 2830 1229 mira
2854 1172 3092 1229 ﬁdelium
3125 1172 3474 1228 veneratione
3505 1170 3728 1226 colitur.

562 1284 854 1332 conversa,
877 1278 932 1323 et
957 1283 1078 1322 cum
1107 1267 1254 1322 omni
1277 1267 1438 1322 domo
1464 1283 1560 1322 sua
1586 1267 1883 1335 baptizata,
1907 1280 2003 1336 pro
2025 1281 2154 1320 eon-
2325 1271 2366 1326 V
2397 1271 2472 1325 In.
2502 1270 2640 1326 Aue.
2663 1297 2735 1309 —
2764 1266 2962 1339 Vigilia
2990 1266 3162 1322 sancti
3195 1264 3496 1320 Laurentii.

565 1360 806 1416 fessione
853 1359 1065 1413 Domini
1117 1373 1242 1413 cum
1293 1367 1465 1413 matre
1505 1357 1711 1427 Hilaria
1736 1366 1793 1412 et
1825 1357 2037 1427 puellis,
2063 1356 2157 1411 Di-
2325 1364 2525 1419 Eodem
2550 1363 2638 1417 die
2658 1360 2846 1416 Romae
2879 1359 3079 1414 natalis
3100 1359 3274 1414 sancti
3301 1357 3527 1413 Romani
3553 1356 3842 1428 martyris.

562 1468 698 1524 gnat
732 1451 992 1508 Eumenia
1023 1448 1335 1522 [Emlomia]
1374 1459 1430 1506 el
1454 1449 1742 1520 Euprepia.
1806 1448 1916 1520 igni
1937 1458 2022 1504 εει
2046 1455 2156 1502 "‘8-
2254 1456 2358 1525 Qui
2391 1454 2734 1511 confessione
2783 1451 2929 1508 beati
2970 1451 3246 1506 Laurentii
3279 1459 3663 1520 compunctus,
3693 1449 3848 1518 petiit

572 1543 708 1598 dita.
1694 1581 1696 1583 ›
1879 1595 1881 1597 ,
2085 1589 2087 1591 .
2255 1545 2325 1601 ab
2353 1561 2418 1600 eo
2441 1543 2740 1614 baptizari;
2779 1549 2837 1596 et
2869 1556 3015 1606 mox,
3064 1537 3290 1608 jubente
3319 1538 3506 1603 Decio,
3531 1553 3662 1592 cum
3693 1537 3854 1591 fusti-

642 1635 711 1690 Vl
752 1635 830 1690 la.
857 1635 994 1691 Aue.
1023 1664 1095 1676 —
1141 1633 1328 1690 Romae
1373 1632 1633 1688 nativitas
1683 1629 1858 1688 sancti
1917 1629 2151 1701 Cyriaei.
2254 1637 2357 1694 bos
2378 1637 2651 1693 exhibitas
2675 1644 2730 1690 et
2763 1633 3060 1689 decollatus
3088 1641 3176 1686 est

572 1725 675 1793 Qui
699 1734 824 1796 post
850 1725 1064 1795 longam
1097 1727 1336 1801 carceris
1391 1724 2030 1802 maeerationem,-quam
2057 1722 2156 1776 sub
2271 1777 2276 1780 ,
2328 1731 2386 1786 in
2414 1728 2625 1785 Verona
2673 1727 2895 1783 civitate
2928 1724 3098 1781 Firmi
3125 1734 3180 1780 et
3213 1723 3447 1788 Rustici,
3475 1723 3568 1793 qui
3603 1731 3855 1792 tempore

567 1817 902 1874 Maximiano
926 1817 1148 1889 pertulit
1177 1834 1299 1873 cum
1327 1817 1568 1874 Sisinnio
1594 1817 1928 1873 condiacono
1951 1831 2069 1882 suo,
2099 1823 2156 1871 et
2260 1821 2575 1879 Maximiani
2631 1817 2975 1889 imperatoris
3016 1826 3074 1872 et
3110 1815 3329 1872 Anulini
3385 1813 3690 1872 consiliarii
3736 1812 3857 1882 ejus

569 1908 750 1980 Largo
779 1916 835 1964 et
879 1906 1199 1979 Smaragdo,
1228 1917 1350 1979 post
1382 1908 1550 1962 multa
1599 1906 1742 1963 facta
1792 1905 2076 1971 miracula,
2101 1905 2155 1959 in
2186 1892 2233 1952 Β
2259 1917 2405 1990 passi
2442 1923 2588 1970 sum,
2975 1974 2977 1976 η

565 1999 772 2071 quibus
801 1998 968 2053 ﬁliam
1014 1999 1336 2055 Diocletiani
1373 1999 1670 2053 Artemiam
1705 1999 1871 2069 ipsius
1910 2007 2096 2069 regatu
2123 2011 2155 2050 a
2271 2057 2279 2068 τ
2330 2010 2389 2066 ιη
2410 2008 2631 2066 oriente
2654 2008 2837 2079 passio
2871 2005 3165 2062 ιηιιιιοι-ιιιπι
3193 2012 3513 2076 martyrum.

571 2090 840 2145 daemonio
879 2091 1091 2145 curavit
1122 2105 1186 2145 ac
1227 2089 1558 2160 baptizavit;
1601 2089 1765 2144 tiliam
1797 2104 2012 2159 quoque
2060 2088 2158 2144 Sa-

2331 2101 2390 2156 ln
2434 2099 2656 2157 Colonia
2689 2098 2954 2161 Faustini,
3002 2095 3318 2160 Marcellini,
3352 2091 3716 2157 Seeundiani,
3746 2090 3857 2147 Ve-

567 2181 718 2252 poris
749 2180 890 2252 regis
941 2181 1228 2236 Persarum
1267 2179 1502 2246 Jobiam,
1545 2181 1744 2236 missus
1773 2179 1864 2234 illo
1885 2195 1916 2234 a
1945 2178 2155 2235 Diocle-

2262 2191 2423 2255 riani,
2449 2190 2602 2261 juxta
2643 2187 3086 2258 Martyrologium
3129 2185 3275 2242 beati
3300 2184 3637 2256 Hieronymi,
3670 2198 3799 2238 cum
3824 2197 3855 2236 a

569 2274 722 2328 tiano
748 2289 848 2343 pro
877 2273 1001 2338 hoc,
1044 2287 1196 2342 atque
1239 2272 1488 2328 liberavit
1522 2289 1554 2328 a
1583 2272 1870 2337 daemonio,
1897 2287 1961 2326 ae
1982 2271 2158 2341 bapti-

2260 2283 2623 2347 nostratibus,
2647 2282 3081 2352 apocryphorum
3107 2278 3467 2335 deliramenta
3489 2277 3857 2342 sectantibus,

566 2367 718 2420 zavit
763 2382 886 2420 cum
919 2366 1032 2433 ipso
1060 2380 1204 2434 rege,
1238 2375 1294 2420 et
1341 2365 1463 2420 aliis
1505 2365 1765 2420 trecentis
1799 2374 1854 2419 et
1886 2364 2154 2435 triginta:
2261 2390 2292 2429 δ
2323 2375 2484 2430 beato
2531 2374 2686 2428 Sixto
2746 2380 2968 2442 propter
3021 2369 3490 2426 continuationem
3542 2375 3860 2436 temporum

570 2460 790 2513 rediens
818 2459 1044 2514 Romam
1092 2468 1214 2528 post
1236 2468 1467 2514 mortem
1499 2459 1838 2541 Diocletiani,
1870 2469 2051 2515 tentus
2075 2468 2160 2516 est
2260 2467 2552 2538 baptizati,
2577 2475 2634 2520 et
2656 2481 2687 2519 a
2722 2463 2888 2519 Decio
2911 2462 3161 2518 dicantur
3200 2457 3538 2528 interempti.

570 2553 716 2606 inter
739 2553 872 2607 alios
899 2552 1239 2608 Christianos
1264 2568 1295 2606 a
1318 2553 1427 2608 ﬁlio
1455 2565 1481 2593 λ
1503 2553 1620 2624 ejus
1645 2552 1989 2617 Maximiano,
2019 2563 2074 2606 et
2102 2551 2158 2605 in
2308 2558 2397 2615 -ιν
2423 2558 2498 2612 Ιι).
2539 2557 2674 2615 Auc.
2715 2586 2786 2597 —
2839 2555 3046 2619 Romaa,
3099 2553 3188 2608 via
3234 2551 3547 2616 Tiburtina,
3595 2549 3860 2605 nativitas

569 2646 873 2700 custodiam
902 2646 1118 2711 missus,
1157 2662 1221 2700 eo
1256 2647 1398 2718 quod
1447 2660 1692 2702 sororem
1718 2661 1869 2701 suam
1898 2645 2161 2700 Christia-
2262 2651 2436 2708 sancti
2488 2647 2758 2704 Laurentii
2784 2644 3156 2701 archidiaconi
3179 2652 3236 2699 et
3261 2642 3522 2714 martyris
3555 2641 3662 2696 sub
3693 2641 3859 2696 Decio

570 2752 699 2790 nam
724 2736 960 2792 fecisset.
986 2737 1190 2793 Deinde
1216 2739 1476 2809 praecepit
1514 2739 1656 2793 idem
1702 2737 2059 2792 Maximianus
2104 2746 2162 2792 ut
2264 2744 2613 2812 imperatore.
2653 2737 2750 2793 Cui
2794 2738 2982 2792 beatus
3034 2734 3220 2790 Sixlus
3264 2746 3454 2788 omnes
3485 2731 3782 2786 faculiales
3803 2739 3857 2784 ει

577 2831 663 2884 die
691 2831 1049 2899 processionis
1074 2847 1217 2896 suae,
1238 2833 1438 2895 nudus,
1474 2831 1683 2885 catenis
1705 2829 1997 2900 obligatus,
2031 2838 2159 2883 ante
2264 2834 2548 2888 thesauros
2594 2828 2872 2892 Ecclesiae,
2911 2841 3142 2897 pergens
3167 2825 3232 2902 ad
3267 2839 3527 2880 coronam
3579 2820 3857 2890 martyrii,

572 2921 800 2974 rhcdam
827 2921 943 2991 ejus
977 2923 1301 2975 traheretur.
1326 2923 1393 2976 Et
1418 2930 1538 2990 post
1559 2922 1662 2976 hoc
1689 2922 1919 2976 eductus
1950 2921 2016 2975 de
2039 2936 2160 2975 car-
2263 2927 2498 2996 reliquit.
2528 2923 2675 2991 Quos
2707 2921 2795 2977 ille
2837 2920 3090 2975 muniﬁca
3133 2917 3460 2973 liberalitate
3495 2914 3773 2970 debilibus
3803 2921 3859 2966 et

568 3027 702 3066 cere
730 3028 852 3066 cum
876 3013 1039 3067 sociis
1065 3012 1238 3082 Largo
1268 3022 1323 3066 et
1348 3011 1649 3080 Smaragdo
1676 3020 1732 3066 et
1751 3011 2158 3075 Crescentiano,
2263 3020 2384 3074 aliis
2425 3017 2776 3087 pauperibus,
2802 3011 3089 3085 viduisque
3124 3022 3180 3068 et
3224 3010 3594 3082 indigentibus
3617 3022 3854 3077 erogare

572 3119 674 3174 Per
699 3105 1018 3173 Camasium
1075 3105 1364 3170 Vitiarium.
1394 3105 1514 3174 Pice
1547 3105 1809 3175 I'eliQuata
1853 3116 2016 3174 caput
2042 3103 2160 3172 ejus
2265 3112 2496 3167 curavit.
2515 3111 2630 3176 Quo
2644 3109 2830 3164 audito
2859 3108 3052 3163 Decius
3072 3105 3254 3162 Caesar
3272 3103 3401 3159 fecit
3426 3118 3553 3158 eum
3575 3102 3681 3158 sibi
3712 3116 3858 3169 pra:-

579 3196 864 3265 perfusum
890 3206 994 3251 est.
1025 3196 1095 3250 Et
1122 3213 1334 3252 rursum
1383 3205 1506 3266 post
1534 3198 1648 3252 dies
1673 3206 1906 3267 quatuor
1933 3196 2161 3252 eductus
2266 3203 2469 3259 seutari
2505 3219 2518 3255 :
2548 3210 2605 3257 et
2649 3201 2893 3256 auditum
2928 3198 3150 3254 tradidit
3177 3212 3299 3251 eum
3338 3194 3632 3251 Valeriano
3691 3192 3856 3248 Urbis

577 3296 657 3342 est
691 3287 867 3340 dcimo
906 3288 972 3341 de
996 3303 1233 3351 carcere,
1259 3288 1312 3341 in
1337 3297 1542 3342 catasta
1591 3297 1868 3352 extensus,
1894 3297 2158 3343 attractus
2186 3267 2232 3331 Ο
2263 3292 2543 3364 praefecto,
2573 3292 2664 3361 qui
2702 3299 2758 3346 et
2789 3291 2902 3360 ipse
2930 3289 3081 3345 dedit
3121 3303 3245 3343 eum
3297 3287 3352 3341 in
3396 3287 3706 3342 custodiam
3738 3283 3859 3338 cui-

571 3378 760 3432 uervis
782 3387 839 3432 et
891 3377 1124 3433 fustibus
1154 3394 1323 3434 etesus
1351 3394 1365 3432 :
1397 3389 1518 3449 post
1556 3380 1671 3434 dies
1696 3380 1918 3449 aliquot,
1939 3379 2160 3448 jubente
2265 3388 2389 3444 dam
2442 3383 2750 3456 Hippolyto,
2797 3392 2854 3436 et
2905 3380 3225 3453 Hippolytus
3278 3377 3503 3434 reclusit
3555 3391 3682 3431 eum
3727 3389 3856 3429 cum

575 3472 926 3539 Maximiano,
955 3475 1131 3544 capite
1154 3482 1545 3549 truncatusest
1575 3491 1696 3529 cum
1728 3473 1903 3544 Largo
1928 3483 1982 3527 et
2006 3474 2163 3528 Sma-
2265 3476 2471 3532 multis.
2519 3475 2722 3530 ibidem
2765 3474 2956 3529 beatus
3001 3471 3327 3527 Laurentius
3365 3480 3488 3540 post
3514 3468 3857 3524 sanationem

575 3566 745 3633 ragdo
772 3575 827 3619 et
847 3566 966 3620 aliis
985 3565 1172 3637 viginti
1201 3583 1212 3618 :
1246 3582 1476 3636 quorum
1507 3581 1731 3636 corpora
1755 3565 1972 3632 collegit
1998 3575 2162 3620 noctu
2264 3568 2506 3639 Cyriacae
2528 3566 2722 3631 viduae,
2752 3575 2809 3620 et
2837 3563 3282 3619 illuminationem
3309 3559 3732 3622 Crescentionis,
3749 3557 3858 3612 Lur

571 3656 816 3714 Joannes
874 3662 1159 3731 presbyter
1209 3670 1263 3715 et
1316 3661 1562 3732 sepelivit
1591 3660 1644 3714 in
1671 3658 2023 3738 viarSalaria,
2062 3661 2162 3715 sub
2265 3659 2663 3716 eillumcaecum
2687 3656 2742 3711 in
2765 3654 2984 3711 nomine
3007 3652 3350 3709 JesuChristi
3378 3650 3654 3706 videntem
3670 3648 3852 3704 reddi-

574 3752 663 3805 die
690 3752 902 3808 decimo
948 3762 1142 3809 octavo
1171 3753 1290 3808 Kal.
1322 3753 1546 3824 Aprilis.
1605 3752 1737 3807 Post
1764 3751 1882 3807 dies
1921 3761 2045 3808 octo
2069 3767 2164 3808 ve-
2218 3765 2223 3776 '
2265 3751 2364 3808 dit.
2389 3749 2502 3806 Hoc
2529 3749 2732 3805 factum
2778 3747 3060 3802 audientes
3083 3744 3237 3799 multi
3267 3743 3420 3808 caeci,
3449 3741 3740 3796 veniebant
3788 3738 3855 3792 ad

574 3845 752 3901 niens
779 3845 973 3900 beatus
1012 3843 1297 3901 Marcellus
1338 3846 1624 3915 episcopus
1646 3858 1769 3898 cum
1805 3843 2007 3900 Lucina
2039 3859 2160 3898 ma-
2265 3844 2485 3900 beatum
2508 3841 2878 3905 Laurentium,
2910 3847 2966 3893 et
2990 3835 3455 3892 illuminabantur.
3485 3832 3641 3900 Quod
3665 3829 3853 3884 videns

575 3942 733 3987 trona
769 3934 1257 3998 Christianissima,
1290 3935 1530 3990 condivit
1580 3948 1810 4002 corpora
1843 3943 2160 3990 sanctorum
2265 3935 2584 4008 Hippolytus
2621 3929 3331 3997 eredidit,etcatechizatus
3356 3937 3522 3996 atque
3544 3925 3855 3994 baptizatus

574 4036 703 4076 cum
749 4024 1084 4076 aromatibus
1139 4032 1192 4076 et
1245 4023 1670 4078 linteaminibus.
1707 4022 1910 4078 Deinde
1943 4023 2166 4078 sustulit
2265 4038 2369 4086 est.
2388 4025 2680 4096 Completis
2706 4033 2887 4078 autem
2913 4023 3088 4078 tribus
3109 4021 3318 4083 diebus,
3348 4018 3401 4073 in
3426 4016 3703 4088 quibusex
3725 4028 3852 4084 per-

577 4129 640 4170 ea
664 4123 718 4170 et
751 4115 1029 4169 transtulit
1055 4115 1106 4169 in
1156 4115 1417 4184 praedium
1448 4131 1604 4170 suum
1632 4117 1718 4170 via
1751 4116 2012 4183 Ostiensi,
2043 4117 2162 4171 mil-
2267 4120 2434 4176 missu
2490 4115 2784 4186 Hippolyti,
2829 4113 2942 4181 jam
2988 4111 3302 4170 Christiani,
3336 4123 3528 4164 omnes
3564 4106 3850 4162 facultates

576 4207 732 4263 liario
760 4208 827 4262 ab
852 4208 983 4262 urbe
1015 4206 1186 4262 Roma
1225 4207 1475 4278 septimo,
1507 4215 1562 4262 et
1595 4222 1756 4261 manu
1789 4223 1887 4262 sua
1913 4209 2162 4264 recondi-
2266 4215 2523 4272 Ecclesia:
2571 4215 2761 4268 beatus
2820 4210 3148 4266 Laurentius
3196 4205 3529 4278 pauperibus
3571 4200 3848 4270 expendit.

575 4302 652 4356 dit
683 4301 733 4354 in
763 4300 1114 4371 sarcopltagis
1143 4300 1509 4371 lapideis,‘die
1529 4309 1722 4355 octavo
1747 4301 1948 4356 mensis
1980 4303 2163 4373 Augu-
2265 4306 2618 4379 prasentavit
2646 4319 2707 4360 se
2755 4303 2870 4372 ipse
2913 4302 2965 4356 in
3007 4299 3204 4370 palatio
3253 4295 3605 4351 Sallustiano.
3635 4291 3849 4350 Decius.

577 4392 668 4445 διίο
721 4391 1013 4460 θλνβθείυε
1045 4406 1175 4446 vero
1202 4391 1438 4446 νίείπίυε
1467 4391 1622 4460 ρειίίι
1666 4391 1883 4446 domum
1923 4391 2161 4465 Cyriaci.
2267 4401 2462 4463 iratus,
2484 4396 2648 4466 jussit
2672 4411 2796 4451 eum
2827 4392 3119 4463 exspoliari
3159 4397 3216 4445 et
3239 4388 3371 4445 caedi
3423 4382 3805 4453 scorpionibus
3834 4398 3849 4434 :

575 4500 739 4553 quam
771 4485 1063 4537 donaverat
1107 4483 1157 4538 ei
1201 4483 1567 4539 Diocletianus
1613 4485 1912 4556 Augustus,
1955 4495 2012 4542 et
2039 4504 2163 4544 eam
2267 4505 2454 4567 postea
2480 4494 2692 4549 vinctus
2727 4490 2938 4548 catenis
2965 4490 3158 4544 ductus
3181 4495 3264 4540 est
3293 4485 3486 4540 beatus
3522 4477 3854 4533 Laurenlius

577 4575 764 4630 statim
789 4574 1146 4629 Maximianus
1188 4576 1478 4630 concessit.
1510 4574 1788 4646 Ingressus
1817 4585 2002 4634 autem
2028 4579 2163 4636 Car-
2191 4639 2239 4656 ﬁ
2269 4587 2324 4642 in
2371 4585 2632 4656 palatium
2667 4581 2869 4638 Tiberii
2912 4589 2972 4634 ut
3005 4579 3078 4634 ibi
3116 4576 3429 4638 audiretur;
3484 4579 3540 4626 et
3573 4568 3852 4624 iracundia

576 4665 780 4734 pasius,
818 4666 1019 4720 invenit
1043 4665 1219 4720 locum
1243 4665 1332 4719 ubi
1359 4675 1578 4720 sanctus
1605 4657 1868 4737 Cyriacus
1898 4670 2162 4728 diaconus
2192 4657 2243 4700 υ
2268 4679 2460 4749 plenus
2495 4675 2687 4731 Decius
2702 4673 2864 4743 jussit
2892 4686 3016 4727 eum
3041 4669 3240 4723 nudum
3274 4665 3429 4720 caedi.
3457 4662 3558 4728 Qui
3584 4663 3714 4715 dum
3756 4674 3856 4713 ca:-

578 4753 780 4808 fontem
802 4755 1110 4820 aediﬁcavit,
1137 4771 1294 4825 quem
1327 4757 1667 4810 consecravit
1712 4758 1903 4814 beatus
1933 4759 2163 4818 Marcel-
2265 4772 2489 4825 deretur
2518 4767 2788 4822 clamabat
2817 4765 2885 4819 ad
2930 4763 3201 4818 Caesarem
3234 4776 3245 4812 :
3280 4777 3299 4808 ι
3333 4757 3496 4820 Ecce,
3557 4754 3748 4814 miser,
3773 4748 3854 4802 vel

576 4845 660 4899 lus
709 4845 1010 4914 episcopus,
1043 4846 1132 4899 ubi
1179 4847 1460 4902 venientes
1503 4847 1569 4900 ad
1617 4848 1798 4912 ﬁdem,
1854 4851 2168 4920 baptizabat
2266 4862 2426 4916 modo
2448 4872 2713 4929 cognosce
2743 4857 2870 4927 quia
2898 4871 3007 4910 non
3034 4853 3210 4909 sentio
3229 4857 3498 4905 tormenta
3530 4855 3647 4899 tua.
3674 4843 3854 4896 i'l‘une

577 4939 770 4994 beatus
814 4937 1076 5010 Cyriacus
1103 4954 1117 4992 :
1145 4940 1199 4993 in
1247 4956 1354 5010 quo
1405 4941 1523 4997 loco
1573 4943 1866 5012 Carpasius
1914 4947 2164 5003 balneum
2268 4951 2461 5005 Decius
2493 4950 2659 5004 fustes
2683 4947 2868 5018 augeri
2912 4946 3139 5015 darique
3170 4941 3235 4996 ad
3268 4940 3441 4994 latera
3468 4938 3590 5005 ejus
3623 4935 3857 4988 laminas

578 5032 680 5088 sibi
707 5036 912 5094 statuit,
945 5040 1000 5085 et
1025 5031 1150 5084 dum
1187 5030 1531 5087 lavassentet
1552 5035 1740 5103 epulas
1770 5037 2162 5105 exhibuisscnt,
2269 5045 2472 5098 ferreas
2532 5043 2784 5096 ardentes
2825 5038 3008 5109 jussit.
3068 5037 3264 5090 Beatus
3338 5046 3469 5086 vero
3523 5028 3855 5083 Laurentius

579 5123 869 5192 Carpasius
922 5131 979 5177 et
1025 5121 1395 5177 novemdecim
1445 5125 1649 5192 pariter
1696 5142 1819 5181 cum
1870 5129 2005 5197 ipso,
2038 5147 2161 5185 cum
2269 5134 2442 5188 dixit;
2473 5153 2490 5184 ς
2525 5134 2752 5188 nomine
2774 5131 2898 5186 Jesu
2927 5129 3160 5191 Christe,
3185 5127 3328 5181 Dens
3348 5124 3414 5178 de
3435 5122 3569 5184 Deo,
3596 5122 3857 5174 miserere

581 5217 888 5272 deriderent
937 5214 1094 5269 ﬁdem
1135 5214 1522 5282 Christianam,
1556 5218 1737 5272 subito
1768 5220 2076 5276 ceciderunt
2109 5231 2165 5278 et
2270 5224 2401 5278 mihi
2423 5240 2580 5279 servo
2609 5234 2722 5287 tuo,
2748 5225 2871 5294 quia
2905 5231 3192 5277 accusatus
3227 5234 3334 5272 non
3365 5212 3553 5284 negavi
3581 5231 3595 5276 ;
3627 5214 3858 5266 interm—

582 5311 778 5365 IIIOI‘lUi
809 5319 951 5363 SIIM-
1603 5349 1606 5352 ~
2268 5324 2445 5383 galus,
2473 5324 2525 5369 te
2547 5315 2831 5369 Dominum
2853 5313 3039 5370 Jesum
3071 5312 3346 5367 Christum
3371 5304 3655 5361 confessus
3680 5316 3850 5354 sum.»

651 5403 706 5456 ln
750 5400 1056 5456 Nicomedia
1104 5401 1297 5456 natalis
1337 5411 1651 5457 sanctorum
1701 5403 2162 5471 Nazarii,Juliani
2271 5405 2336 5459 Et
2383 5421 2504 5460 cum
2563 5408 2865 5462 diutissime
2930 5406 3226 5476 plumbatis
3281 5401 3611 5460 mederetur,
3669 5394 3852 5449 dixit:

580 5503 636 5548 et
663 5495 871 5564 Agapes
898 5492 1140 5560 virginis,
1200 5491 1542 5563 Eutycliiani,
1575 5492 1985 5565 Philadelphia,
2021 5496 2162 5552 Leo-
2277 5518 2296 5552 ‹
2328 5501 2555 5556 Domine
2587 5500 2712 5555 Jesu
2738 5499 2974 5564 Christe,
3005 5501 3096 5570 qui
3125 5513 3227 5570 pro
3257 5494 3432 5549 salute.
3455 5499 3642 5544 nostra
3668 5489 3858 5556 digna-

581 5583 743 5639 llidis-
2273 5601 2357 5648 tus
2392 5608 2452 5648 es
2479 5593 2686 5646 forman
2727 5593 2868 5646 servi
2919 5593 3173 5664 accipere
3202 5596 3262 5642 ut
3308 5598 3409 5638 nos
3443 5597 3473 5634 a
3501 5579 3728 5634 servitio
3753 5578 3861 5629 dt-

651 5672 804 5742 Apud
830 5671 1088 5727 Viennam
1119 5671 1307 5728 Gallite
1338 5671 1525 5728 urbem
1569 5676 1825 5734 nativitas
1854 5678 2033 5736 sancti
2059 5677 2161 5740 Se.
2267 5699 2488 5758 manum
2518 5683 2805 5753 liberares,
2831 5685 3016 5764 accipe
3052 5681 3314 5758 spiritum
3361 5687 3564 5729 meum.
3609 5688 3627 5719 ι
3666 5668 3731 5723 Et
3757 5682 3859 5719 au—

709 5843 940 5913 Collega.
967 5843 1099 5899 Vide
1130 5846 1319 5901 baron.
1354 5845 1404 5898 in
1443 5843 1637 5900 Annal.
2025 5864 2068 5910 ,ξ
2105 5865 2158 5897 ”ἰ
2200 5883 2224 5906 ,,

3086 5864 3114 5886 ιχ

2019 5923 2137 5974 ὲξτ.
2276 5958 2372 5974 ,.,
2629 5916 2738 5969 μδ
3091 5931 3179 5974 ᾗ
3347 5916 3433 5960 δὲῖἱε.

2149 6029 2210 6040 's.
