3956 5544
118 332 247 393 4157

116 450 221 501 dita
242 454 326 501 est
359 459 463 501 vox
492 461 505 497 τ
540 464 559 497 ι
603 446 792 502 Adhuc
821 445 990 502 multa
1015 450 1315 504 certamina
1349 449 1444 504 tibi
1483 448 1685 505 deben-
1718 451 1773 511 Α

118 549 215 592 tur.
259 556 277 587 ›
326 536 479 591 Tunc
519 546 775 593 extensus
818 538 871 592 in
920 547 1150 605 catasta,
1212 548 1268 595 et
1316 532 1692 609 scorpionibus

120 630 433 700 gravissime
471 645 666 693 ursus,
696 631 984 686 subridens
1016 641 1071 687 et
1099 632 1301 704 gratias
1328 648 1515 705 agens,
1544 633 1693 689 dice-

119 724 248 775 bat:
293 742 311 773 ι
350 721 676 777 Benedictus
702 737 784 787 es,
828 722 1055 779 Domine
1085 723 1230 779 Deus
1276 723 1437 778 Pater
1477 722 1692 778 Domini

121 814 287 868 nostri
315 814 439 869 Jesu
463 814 687 877 Christi,
705 815 795 885 qui
820 815 975 871 nobis
1001 816 1213 873 donasti
1244 816 1690 881 misericordiam,

120 920 276 974 quam
303 906 479 960 meriti
516 923 619 963 non
667 922 853 963 sumus
886 926 899 961 :
941 908 1035 964 sed
1076 918 1151 975 tu,
1204 909 1449 975 Domine,
1475 917 1697 980 propter

123 1004 277 1050 tuam
323 999 603 1067 pietatem,
655 999 721 1053 da
777 1000 931 1055 nobis
984 1000 1234 1072 gratiam,
1266 1008 1326 1055 ut
1368 1008 1698 1071 cognoscant

119 1107 304 1146 omnes
366 1092 806 1159 circumstantes,
859 1094 986 1165 quia
1024 1102 1104 1149 ‘tu
1159 1093 1459 1150 consolaris
1513 1108 1699 1149 servos

121 1192 256 1237 tuos.
293 1204 309 1233 ι
340 1184 490 1262 Tunc
521 1200 659 1240 unus
689 1185 757 1240 de
811 1185 1095 1251 militibus,
1137 1187 1357 1241 nomine
1398 1185 1695 1251 Romanus,

121 1276 348 1331 credidit
376 1276 605 1333 Domino
657 1275 785 1333 Jesu
816 1278 1061 1343 Christo,
1098 1286 1156 1334 et
1182 1277 1319 1333 dixit
1375 1278 1534 1333 beato
1559 1276 1700 1332 Lau-

124 1368 295 1422 rentio
332 1385 345 1421 :
377 1387 396 1419 ‹
434 1369 604 1423 Video
639 1378 764 1424 ante
818 1378 869 1425 te
920 1370 1195 1425 hominem
1245 1369 1697 1441 pulcherrimum,

119 1468 350 1515 stantem
404 1475 525 1515 cum
580 1460 767 1525 linteo,
816 1470 868 1515 et
909 1468 1278 1532 extergentem
1326 1470 1414 1515 tua
1450 1459 1696 1515 vulnera.

118 1550 320 1619 Adjuro
371 1559 425 1605 te
478 1566 576 1621 per
622 1550 922 1617 Christum,
971 1552 1061 1622 qui
1114 1551 1210 1606 tibi
1261 1551 1412 1606 misit
1450 1550 1701 1623 angelum

118 1658 287 1707 suum,
351 1656 421 1697 ne
449 1657 536 1697 me
562 1642 926 1712 derelinquas.
970 1662 988 1696 ι
1023 1641 1259 1697 Levatus
1299 1641 1465 1713 igitur
1508 1641 1701 1696 beatus

117 1742 325 1805 martyr
365 1733 431 1788 de
457 1743 688 1799 catasta,
716 1742 772 1789 et
797 1733 1028 1798 solutus,
1085 1733 1328 1789 redditus
1370 1741 1454 1789 est
1499 1732 1703 1803 Hippo-

117 1825 243 1897 lyto,
276 1835 488 1881 tantum
542 1826 593 1880 in
619 1826 838 1896 palatio.
892 1826 1128 1881 Veniens
1175 1834 1356 1880 autem
1418 1826 1699 1880 Romanus
1732 1812 1776 1872 Β

115 1935 232 1974 cum
279 1934 469 1985 urceo,
507 1920 655 1975 misit
709 1936 767 1976 se
807 1921 874 1975 ad
913 1921 1081 1990 pedes
1133 1920 1275 1976 beati
1328 1919 1609 1974 Laurentii
1641 1928 1700 1974 ut

115 2010 519 2080 baptizaretur:
552 2022 606 2067 et
636 2026 761 2067 mox
795 2011 1125 2082 baptizatus,
1152 2027 1217 2067 ac
1239 2027 1298 2067 se
1332 2010 1700 2066 Christianum

115 2102 327 2171 publica
358 2118 489 2158 voce
518 2102 817 2173 professus,
852 2104 1081 2158 eductus
1123 2101 1271 2159 foras
1320 2118 1506 2157 muros
1535 2111 1704 2171 porta:

116 2194 366 2262 Salaria,
397 2196 693 2252 decollatus
720 2204 824 2251 est.
880 2195 1082 2252 Decius
1116 2205 1298 2251 autem
1324 2195 1506 2252 Ctesar
1527 2195 1704 2266 pergit

114 2295 267 2342 noctu
295 2288 371 2343 ad
413 2288 652 2343 thermas
678 2286 832 2356 juxta
862 2287 1118 2358 palatium
1161 2286 1403 2341 Sallustii
1430 2302 1444 2351 ;
1473 2295 1527 2340 et
1550 2285 1706 2340 exhi-

113 2374 221 2431 bito
252 2377 311 2431 ei
343 2387 530 2431 sancto
574 2375 887 2441 Laurentio,
944 2376 1106 2431 allata
1140 2384 1269 2432 sunt
1301 2376 1480 2431 omnia
1504 2389 1704 2447 genera

113 2476 510 2524 tormentorum
544 2484 557 2520 :
587 2466 901 2538 plumbataa,
958 2466 1157 2532 fustes,
1209 2468 1442 2531 laminae,
1476 2482 1703 2539 ungues,

116 2558 258 2623 lecti,
286 2558 495 2615 baculi.
530 2560 595 2613 Et
618 2560 754 2614 dixit
787 2558 985 2614 Decius
1021 2559 1180 2615 beato
1222 2559 1448 2629 martyri
1483 2577 1496 2613 :
1531 2577 1549 2609 ‹
1586 2557 1705 2613 Jam

124 2654 326 2723 depone
360 2653 645 2724 perfidiam
681 2654 817 2708 artis
860 2654 1103 2720 magicae,
1137 2662 1191 2706 et
1237 2652 1325 2706 dic
1357 2652 1511 2706 nobis
1546 2666 1709 2721 gene-

123 2747 402 2802 rositatem
460 2755 630 2801 tuam.
685 2765 703 2798 ι
761 2744 858 2801 Cui
897 2744 1087 2801 beatus
1138 2743 1467 2799 Laurentius
1524 2744 1703 2797 dixit:

127 2856 146 2891 ι
182 2838 457 2907 Quantum
490 2840 556 2895 ad
593 2855 781 2911 genus,
831 2838 1103 2909 Hispanus
1154 2855 1271 2894 sum
1347 2837 1592 2893 eruditus
1621 2836 1708 2891 vel

122 2932 361 2987 nutritus
382 2930 683 2998 Romanus,
726 2941 782 2986 et
810 2946 840 2986 a
872 2931 1156 2986 cunabulis
1181 2928 1546 2995 Christianus,
1585 2944 1709 2983 eru-

124 3024 266 3079 ditus
319 3023 472 3078 omni
550 3022 666 3094 lege
733 3030 922 3079 sancta
974 3031 1030 3077 et
1074 3022 1275 3077 divina.
1316 3042 1334 3075 ι
1376 3022 1441 3075 Ει
1472 3021 1704 3075 Decius:

128 3135 144 3167 ι
182 3115 466 3180 Sacrifica,
517 3114 709 3185 inquit,
767 3116 892 3182 diis,
944 3132 1071 3171 nam
1126 3114 1230 3169 nisi
1288 3113 1706 3178 saeriﬁcavcris,

122 3223 226 3264 nox
259 3209 367 3264 ista
398 3209 450 3263 in
502 3220 552 3263 te
582 3208 917 3278 cXpendetur
959 3223 1082 3263 cum
1121 3206 1421 3278 suppliciis.
1452 3226 1469 3258 ι
1514 3224 1531 3257 ι
1570 3205 1707 3269 Mea,
1736 3181 1783 3240 (ἶ

123 3303 299 3372 inquit
331 3300 445 3367 ille,
477 3316 583 3356 nox
613 3302 903 3356 obscurum
949 3316 1053 3355 nou
1082 3301 1266 3364 habet,
1311 3299 1403 3355 sed
1439 3298 1617 3353 omnis
1656 3297 1709 3351 in

122 3393 239 3451 luce
303 3395 581 3451 clarescit.
634 3414 653 3447 ι
689 3393 756 3447 Ει
806 3408 929 3448 cum
979 3382 1600 3460 caaderetur'lapidibus
1650 3404 1713 3443 os

122 3486 257 3555 ejus,
290 3487 530 3551 ridebat,
555 3496 609 3542 et
636 3484 1048 3541 confortabatur
1072 3499 1136 3538 ac
1161 3482 1376 3537 dicebat
1402 3500 1413 3534 :
1444 3472 1462 3533 ὲ
1496 3480 1713 3537 Gratias

125 3580 218 3635 tibi
253 3594 399 3651 ago,
436 3578 686 3643 Domine,
713 3577 836 3648 quia
872 3586 925 3630 tu
958 3591 1017 3630 es
1047 3574 1307 3630 Dominus
1350 3574 1591 3627 omnium
1629 3588 1715 3626 re-

122 3688 263 3727 rum.
305 3692 325 3726 ι
364 3671 574 3728 Allatus
613 3680 699 3728 est
738 3679 919 3727 autem
966 3669 1137 3735 lectus
1163 3683 1285 3724 cum
1323 3667 1496 3722 tribus
1523 3666 1711 3731 costis,

122 3775 177 3823 et
208 3765 548 3837 exspoliatus
585 3766 774 3821 beatus
816 3763 1140 3819 Laurentius
1191 3760 1530 3815 vestimentis
1579 3760 1711 3822 suis,

127 3870 387 3916 extentus
434 3867 518 3915 est
544 3860 596 3913 in
625 3868 828 3914 cratem
873 3856 1134 3920 ferream,
1161 3864 1217 3910 et
1248 3869 1370 3909 cum
1414 3852 1583 3907 furcis
1609 3850 1718 3906 fer-

124 3954 236 4009 reis
276 3954 519 4009 coriatus
552 3953 802 4022 desuper,
830 3950 966 4005 dixit
989 3948 1157 4004 Decio
1191 3967 1204 4003 :
1235 3966 1253 4000 ε
1292 3948 1403 4018 Ego
1435 3962 1522 4000 me
1544 3942 1713 3999 obtuli

125 4045 457 4101 sacriﬁcium
489 4045 601 4100 Deo
636 4044 689 4098 in
745 4041 967 4098 odorem
996 4038 1308 4103 suavitatis,
1342 4036 1470 4107 quia
1503 4034 1715 4090 sacrifi-

124 4137 278 4193 cium
329 4144 415 4190 est
467 4136 578 4190 Deo
634 4134 856 4205 spiritus
914 4131 1331 4188 contribulatus.
1369 4148 1388 4181 ι
1418 4125 1719 4184 Carnifices

126 4238 317 4286 tamen
375 4226 632 4296 urgenter
675 4226 1061 4280 ministrabant
1102 4225 1390 4288 carbones,
1438 4222 1719 4277 mittentes

123 4323 229 4379 sub
258 4328 488 4383 cratem,
524 4329 579 4373 et
628 4318 862 4388 desuper
908 4333 1031 4372 eum
1069 4318 1520 4387 ‘comprimentes
1549 4315 1719 4371 furcis

123 4413 348 4471 ferreis.
384 4410 618 4467 Sanctus
658 4408 988 4473 Laurentius
1033 4409 1169 4463 dixit
1201 4426 1216 4465 :
1251 4429 1269 4461 ι
1299 4410 1477 4473 Disce,
1528 4408 1717 4471 miser,

1158 322 1781 394 MARTYROLOGIUM.

1810 365 1881 377 —
1917 326 2319 400 MENS.“AUG.
2406 329 2432 339 ’θ
3237 358 3376 415 “53

1796 462 1932 508 tero.
1963 453 2114 510 Tunc
2150 455 2340 512 beatus
2360 452 2604 515 Justinus
2642 468 2697 515 et
2733 446 3070 536 Hippolytus,
3102 467 3375 539 plorantes

1794 555 1849 602 et
1874 548 2099 604 multum
2135 551 2343 617 tristes,
2388 551 2628 609 tulerunt
2670 572 2869 627 corpus
2911 560 3053 615 beati
3096 561 3374 619 Laurentii

1794 643 2069 714 martyris,
2098 652 2154 698 et
2190 654 2454 700 venerunt
2495 646 2549 701 in
2602 648 2690 702 via
2727 648 3007 705 Tiburtina
3036 653 3088 707 in
3113 656 3376 722 przediutn

1795 742 2059 789 matrona:
2109 734 2305 800 viduze,
2334 736 2553 793 nomine
2606 736 2866 810 Cyriacae,
2900 742 2953 796 in
2984 758 3113 814 agro
3135 743 3374 811 Verano,

1798 828 1863 882 ad
1902 844 2063 899 quam
2116 830 2232 899 ipse
2283 830 2473 887 beatus
2513 842 2722 905 martyr
2779 833 2960 890 fuerat
3004 846 3188 902 noctu,
3216 839 3380 894 cuiet

1797 918 2020 975 linteum
2050 921 2216 986 dedit,
2249 921 2392 976 unde
2419 933 2732 980 sanctorum
2783 926 2948 995 pedes
2974 934 3298 993 exterserat,
3324 937 3383 984 et

1799 1011 1872 1066 ibi
1924 1013 2034 1083 jam
2089 1013 2224 1068 hora
2250 1014 2557 1085 vespertina
2617 1016 2982 1086 sepeliverunt
3015 1029 3211 1088 quarto
3256 1019 3383 1075 ldus

1798 1102 2045 1174 Augusti.
2104 1104 2169 1158 Et
2222 1103 2605 1176 jejunaverunt
2652 1117 2874 1177 agentes
2933 1110 3146 1180 vigilias
3206 1110 3385 1165 noctis

1800 1194 1978 1248 triduo
2004 1210 2125 1248 cum
2150 1196 2491 1251 multitudine
2534 1196 3004 1264 Christianorum;
3034 1200 3225 1256 beatus
3248 1216 3382 1257 vero

1801 1285 2044 1341 Justinus
2082 1287 2365 1357 presbyter
2386 1288 2582 1343 obtulit
2610 1289 2937 1353 sacrificium
2958 1290 3155 1357 laudis,
3186 1301 3239 1347 et
3260 1309 3386 1363 par-

1805 1378 2010 1448 ticipati
2052 1386 2407 1433 suntomnes.
2442 1379 2593 1435 Tunc
2620 1381 2763 1450 passi
2803 1390 2929 1437 sunt
2970 1382 3244 1450 Claudius,
3281 1384 3385 1440 Se-

1802 1486 1985 1534 verus,
2014 1470 2359 1525 Crescentius
2407 1480 2462 1526 et
2518 1471 2815 1537 Romanus,
2851 1474 2965 1543 ipso
2999 1474 3085 1529 die
3122 1490 3230 1545 quo
3254 1476 3385 1549 bea-

1804 1572 1891 1618 tus
1912 1563 2257 1627 Laurentius,
2287 1572 2410 1634 post
2440 1563 2660 1618 tertium
2697 1563 2838 1619 diem
2872 1565 3045 1621 sancti
3073 1564 3211 1622 Sixti
3240 1582 3386 1621 mar-

1807 1657 1963 1729 tyris.

1876 1751 2075 1805 Eodem
2112 1751 2199 1806 die
2228 1750 2412 1807 Roma:
2441 1751 2671 1807 militum
2709 1760 2925 1809 centum
2951 1760 3006 1809 et
3033 1753 3391 1825 quadraginta

1802 1842 2061 1913 quinque.

1798 1955 1807 1961 ο
1870 1931 1934 1985 Ill
1978 1931 2053 1987 In.
2098 1932 2230 1988 Anc.
2260 1965 2331 1975 —
2357 1934 2541 1990 Romae
2586 1934 2727 1991 inter
2775 1936 2908 1991 duas
2950 1935 3157 1991 Lauros
3196 1935 3394 1992 natalis

1804 2025 1976 2079 sancti
2005 2024 2257 2087 Tiburtii,
2292 2024 2383 2079 filii
2410 2027 2705 2081 Chromatii
2739 2026 2900 2082 Urbis
2920 2026 3180 2097 praefecti,
3204 2043 3391 2098 quem,

1803 2134 1923 2173 cum
1951 2130 2094 2175 esset
2134 2120 2673 2185 scholasticissinws,
2707 2122 3020 2176 erudierunt
3048 2122 3101 2176 in
3133 2123 3237 2178 ﬁde
3264 2122 3393 2178 bea-

1806 2218 1890 2264 tus
1922 2210 2271 2265 Sebastianus
2301 2220 2356 2265 et
2394 2220 2611 2266 sanctus
2647 2211 3074 2282 Tranquillinus,
3107 2230 3170 2269 ac
3195 2214 3394 2284 glorio-

1804 2315 1897 2354 sus
1924 2300 2209 2372 presbyter
2247 2300 2593 2371 Polycarpus,
2636 2303 2725 2370 qui
2772 2303 2943 2372 ipsum
2972 2304 3025 2357 in
3063 2320 3218 2359 sacro
3249 2303 3397 2360 fonte

1803 2392 2143 2463 baptismatis
2189 2394 2494 2458 innovavit,
2536 2404 2589 2448 et
2639 2394 2897 2449 familiam
2944 2394 3059 2462 ejus
3104 2396 3396 2465 promiscui

1806 2498 1968 2538 sexus
1999 2482 2143 2537 mille
2167 2482 2591 2555 quadringentos
2612 2500 2734 2539 cum
2759 2500 2823 2539 eo
2850 2484 3056 2555 pariter
3078 2486 3398 2555 baptizavit.

1806 2571 1979 2639 Hujus
2034 2573 2173 2626 filius
2226 2572 2502 2627 Tiburtius
2553 2590 2673 2627 cum
2729 2584 2949 2646 propter
3000 2564 3398 2632 innnanitatcm

1804 2664 2226 2735 persecutionis,
2275 2672 2327 2718 et
2380 2673 2533 2733 pater
2577 2665 2722 2734 ejus,
2775 2667 3062 2735 et'ingens
3114 2668 3400 2723 multitudo

1807 2755 2235 2808 Christianorum
2280 2770 2401 2809 cum
2451 2754 2542 2809 illo
2581 2757 2633 2809 in
2677 2754 3028 2825 Campaniam
3061 2772 3125 2810 ex
3172 2758 3400 2813 consilio

1808 2846 2081 2915 pontificis
2106 2845 2223 2901 Gaii
2258 2847 2602 2915 perrexisset,
2635 2862 2817 2901 amore
2848 2848 3093 2918 martyrii
3126 2846 3395 2918 ﬂagrans,

1809 2937 2009 2990 resedit
2033 2937 2084 2989 in
2116 2935 2247 2990 urbe
2273 2934 2463 2991 Roma.
2497 2936 2703 2991 Etcum
2735 2936 2954 3007 jejuniis
2983 2948 3037 2993 ct
3062 2938 3400 2993 orationibus

1809 3030 1882 3085 ibi
1914 3047 2034 3085 cum
2067 3031 2223 3085 beato
2258 3029 2392 3086 Gaio
2434 3046 2571 3101 papa
2610 3040 2990 3100 occuparetur,
3036 3032 3264 3102 quadam
3312 3032 3400 3086 die

1756 3177 1780 3200 η
1812 3122 2118 3187 transiens,
2154 3122 2381 3175 incurrit
2423 3121 2473 3175 in
2507 3122 2779 3175 hominem
2807 3122 2917 3191 qui,
2952 3122 3018 3175 dc
3048 3122 3156 3177 alto
3182 3121 3397 3191 lapsus,

1814 3213 1886 3267 ita
1932 3221 2093 3283 caput
2125 3221 2179 3269 et
2208 3212 2389 3267 omnia
2437 3212 2675 3266 membra
2715 3222 3004 3282 quassatus
3032 3221 3181 3276 erat,
3227 3220 3287 3266 ut
3333 3211 3401 3266 de

1812 3304 1923 3359 sola
1949 3304 2225 3374 sepultura
2249 3304 2366 3374 ejus
2392 3314 2614 3375 agerent
2653 3304 2706 3358 hi
2748 3303 2811 3357 ad
2857 3320 2992 3373 quos
3021 3305 3290 3373 pertinere
3318 3304 3401 3356 vi-

1811 3397 2038 3451 debatur
2064 3414 2075 3449 :
2104 3394 2255 3463 juxta
2290 3410 2448 3465 quem
2481 3396 2594 3465 ipse
2621 3395 2883 3458 accessit,
2935 3404 2989 3448 et
3027 3395 3191 3462 coepit
3220 3395 3400 3448 dicere

1813 3504 1976 3558 super
2019 3486 2136 3555 ejus
2180 3486 2401 3540 vulnera
2456 3486 2598 3541 lente
2635 3487 2933 3540 orationem
2982 3486 3316 3539 Dominicam
3349 3494 3403 3538 et

1814 3578 2152 3649 Symbolum,
2185 3588 2238 3633 et
2274 3578 2345 3632 ita
2378 3576 2553 3633 factus
2576 3586 2660 3631 est
2688 3578 2850 3631 homo
2874 3576 3115 3630 solidatis
3146 3576 3404 3631 membris

1760 3714 1773 3723 τ
1815 3674 2127 3736 incolumis,
2178 3672 2331 3743 quasi
2381 3670 2514 3726 nihil
2554 3671 2602 3726 ei
2648 3670 2981 3737 contigisset.
3026 3670 3175 3723 Tunc
3207 3683 3401 3737 appre-

1815 3768 2057 3823 hendens
2098 3775 2349 3837 parentes
2390 3764 2538 3833 ejus,
2572 3763 2871 3835 segregavit
2903 3778 2997 3817 eos
3025 3778 3054 3816 a
3096 3763 3297 3826 turbis,
3350 3771 3407 3817 et

1817 3858 2074 3914 indicavit
2115 3858 2193 3911 eis
2238 3858 2491 3911 virtutem
2539 3854 2777 3910 Christi:
2807 3863 2861 3907 et
2908 3854 3095 3909 videns
3162 3854 3403 3907 animum

1816 3963 2005 4004 eorum
2035 3948 2197 4002 fixum
2224 3946 2439 4000 fortiter
2470 3946 2522 4000 itt
2554 3946 2746 3999 timore
2774 3944 3009 4007 Domini,
3035 3942 3285 4012 perduxit
3313 3958 3408 3997 eos

1818 4041 1886 4096 ad
1916 4055 2107 4110 papam
2137 4038 2354 4104 Caium,
2385 4036 2477 4107 qui
2496 4035 2749 4105 juvenem
2781 4043 3031 4089 sanatum
3065 4050 3127 4089 ac
3156 4034 3264 4089 Deo
3285 4050 3409 4105 gra-

1820 4134 1926 4187 tias
1953 4132 2277 4187 referentem
2296 4170 2311 4195 ,
2354 4139 2410 4185 et
2442 4138 2694 4200 parentes
2715 4127 2831 4196 ejus
2856 4128 3062 4196 pariter
3092 4126 3407 4196 baptizavit.

1818 4227 2027 4282 Interea
2074 4226 2199 4281 dum
2243 4223 2479 4295 procella
2516 4221 2911 4292 persecutionis
2944 4220 3181 4289 graviter
3221 4233 3411 4272 excre-

1821 4326 2017 4377 sceret,
2044 4314 2225 4384 junxit
2258 4329 2315 4369 se
2349 4313 2566 4383 quidam
2595 4311 2901 4379 Torquatus
2943 4310 3158 4364 nomine
3179 4349 3194 4373 ,
3240 4310 3408 4363 simu-

1823 4408 1933 4463 lata
1964 4408 2088 4471 fide,
2120 4406 2263 4460 veris
2286 4403 2485 4459 Christi
2518 4401 2754 4466 famulis,
2776 4409 2829 4455 et
2857 4400 2967 4470 egit
2996 4408 3410 4468 artequatenus

123 4515 336 4579 quanta
371 4512 456 4560 est
482 4504 655 4557 virtus
695 4500 905 4556 Domini
933 4498 1060 4555 Jesu
1082 4498 1285 4555 Christi
1316 4501 1409 4555 Dei
1442 4499 1568 4563 mei,
1590 4513 1715 4552 nam
1751 4539 1796 4598 υ
1822 4509 2065 4554 orantem
2110 4505 2353 4552 sanctum
2396 4494 2698 4547 Tiburtium
2746 4491 2939 4591 pagani
2981 4491 3407 4598 comprehende-

122 4603 403 4659 carbones
432 4598 508 4653 tui
542 4597 672 4653 mihi
720 4594 1057 4666 refrigerium
1099 4602 1377 4664 praestant,
1415 4593 1506 4647 tibi
1534 4599 1713 4669 autem

124 4694 459 4767 supplicium
503 4692 913 4762 sempiternum.
960 4688 1095 4756 Quia
1131 4689 1246 4759 ipse
1281 4678 1717 4743 Dominus'novit

124 4788 254 4858 quia
291 4793 587 4840 accusatus
619 4799 724 4838 non
773 4781 988 4853 negavi,
1042 4782 1408 4851 interrogatus
1437 4778 1715 4834 Christum

126 4879 421 4936 confessus
446 4892 589 4943 sum,
632 4884 844 4931 assatus
871 4874 1073 4945 gratias
1124 4889 1246 4943 ago.
1280 4893 1299 4927 ι
1335 4873 1401 4926 Ει
1426 4872 1576 4925 vultu
1601 4872 1721 4941 pul-

128 4970 415 5027 cherrimo
443 4968 653 5023 dicebat
686 4985 698 5021 :
732 4985 749 5018 ι
779 4965 995 5022 Gratias
1026 4965 1119 5020 tibi
1149 4981 1249 5036 ago
1270 5006 1284 5031 ,
1321 4958 1548 5019 Domine
1594 4961 1723 5019 Jesu

130 5064 374 5124 Christe,
408 5061 532 5131 quia
573 5049 658 5115 me
700 5061 1009 5116 confortare
1061 5062 1310 5132 dignatus
1357 5074 1435 5114 es.
1472 5078 1488 5110 ι
1525 5059 1590 5112 Ει
1616 5061 1724 5115 ele-

132 5171 271 5212 vans
301 5153 490 5209 oculos
538 5168 665 5208 suns
705 5152 757 5205 in
825 5154 1067 5217 Decium,
1105 5153 1183 5207 ait
1222 5170 1235 5206 :
1268 5173 1285 5205 ε
1323 5151 1484 5214 Ecce,
1537 5151 1726 5218 miser,

138 5248 338 5305 assasti
388 5261 548 5299 unam
600 5254 836 5316 partem,
889 5260 1081 5315 regyra
1125 5245 1309 5304 aliam.
1366 5251 1421 5299 et
1456 5247 1726 5303 munduca

138 5355 281 5395 eam.
324 5357 342 5389 ι
370 5335 584 5391 Gratias
630 5335 793 5405 igitur
840 5350 1004 5406 agens
1053 5345 1106 5390 et
1162 5336 1473 5406 glorificans
1529 5336 1727 5409 Deum,

142 5431 318 5484 (ἥτε.-.
366 5446 383 5456 ι
425 5424 638 5458 Ρηηιέηι-
665 5426 755 5458 ιῖιιῖ
786 5442 884 5460 nam
935 5426 1155 5462 “numina
1191 5424 1305 5464 lacn
1337 5424 1552 5463 Phr-icta
1601 5432 1724 5470 ηιιῖοι

366 5446 383 5456 ι
425 5424 638 5458 ρηηιῖηο
665 5426 755 5458 Ιῖιιῖ
786 5442 884 5460 nan

1823 4597 1962 4645 rent.
1993 4587 2091 4654 Qui
2123 4586 2562 4656 comprehensus,
2590 4592 2645 4637 et
2671 4584 2739 4636 ad
2763 4581 3059 4636 Fabianum
3088 4578 3248 4635 Urbis
3272 4597 3416 4651 prae-

1823 4681 2021 4736 fectum
2050 4677 2359 4749 perductus,
2384 4691 2506 4730 cum
2534 4673 2807 4728 Christum
2830 4671 3266 4728 constantissime
3288 4686 3413 4726 con-

1827 4774 2103 4833 fiteretur,
2146 4767 2309 4836 jussit
2336 4765 2609 4822 Fabianus
2648 4774 2773 4820 ante
2796 4763 2960 4834 pedes
2997 4759 3113 4829 ejus
3150 4761 3415 4816 carbones

1829 4868 2080 4922 ardentes
2103 4860 2324 4927 effundi,
2366 4859 2549 4913 dicens
2575 4859 2639 4911 ad
2664 4873 2829 4914 eum:
2872 4873 2890 4906 ι
2922 4853 3069 4923 Elige
3110 4853 3205 4905 tibi
3250 4866 3416 4903 unum

1830 4974 1860 5013 c
1888 4958 2093 5013 duobus
2118 4974 2131 5009 :
2175 4963 2264 5010 aut
2292 4954 2449 5023 thura
2475 4951 2527 5004 in
2560 4951 2678 5006 istis
2718 4947 3043 5007 carbonibus
3067 4944 3173 4997 diis
3202 4943 3386 4995 addice
3405 4980 3422 5004 ,

1832 5061 1924 5106 aut
1952 5049 2176 5122 pedibus
2205 5048 2361 5104 nudis
2389 5060 2552 5114 super
2579 5061 2673 5101 eos
2708 5044 2921 5102 incede.
2955 5056 2971 5089 ι
2998 5034 3094 5088 lllc
3131 5044 3309 5087 autem
3342 5031 3427 5122 fa-

1834 5119 1982 5199 ciens
2015 5140 2229 5211 signum
2279 5136 2474 5196 crucis,
2512 5146 2830 5192 constanter
2872 5125 3013 5181 nuda
3040 5138 3212 5189 super
3238 5119 3439 5219 eosin-

1835 5249 2051 5307 gressus
2069 5206 2161 5288 est
2189 5235 2413 5305 planta;
2451 5236 2507 5281 et
2533 5230 2704 5295 οωρῑι
2734 5231 2933 5307 dicere
2949 5233 2960 5267 :
2999 5232 3018 5263 ι
3056 5212 3291 5281 Depone
3328 5206 3449 5307 infi-

1836 5295 2135 5390 delitatem,
2167 5339 2222 5381 et
2249 5326 2397 5381 disce
2422 5318 2547 5387 quia
2579 5320 2732 5377 solus
2772 5324 2863 5376 est
2913 5306 3049 5360 Deus
3080 5317 3258 5340 "nam
3291 5295 3458 5336 Mn“-

2365 5410 2631 5454 hronlnrig
2693 5409 2940 5448 ιιηηιῖηηι

1836 5422 2012 5452 lanii".
2062 5422 2313 5456 nmnihnc
