4046 6418
563 292 704 360 H39

1487 297 1548 352 Β.
1576 295 1880 368 nomen]
1905 249 2199 364 essent;
2237 294 2296 352 s.
2329 293 2538 354 caua
2576 292 2882 352 MONACHI

3691 302 3832 360 tuo

566 414 716 468 'I‘unc
743 414 930 471 beatus
959 412 1234 469 Tiburtius
1261 411 1606 480 exclamavit,
1633 413 1857 468 dicens:
1893 431 1912 466 ι
1943 411 2143 466 Obmu-
2163 416 2217 485 Α
2245 407 2408 464 ﬁdem
2438 422 2589 462 suam
2618 404 3057 464 constantissime
3095 406 3443 466 conﬁteretur
3461 447 3480 477 ,
3525 421 3831 470 commotus

567 515 730 569 tcsce,
771 505 987 571 infelix,
1031 514 1084 560 et
1127 505 1236 560 noli
1284 505 1423 562 banc
1465 504 1716 575 injuriam
1761 504 1981 560 auribus
2007 505 2142 572 meis

565 594 761 659 facere,
795 604 852 650 ut
883 597 1096 652 audiam
1123 606 1178 652 te
1193 611 1289 652 ore
1310 596 1496 652 rabido
1522 596 1806 652 latrantem
1831 595 2139 666 melliﬁuunp

564 702 758 739 bonurn
785 696 839 740 et
869 696 1138 741 sanctum.
1173 706 1194 739 ι
1236 686 1408 742 Iratus
1453 685 1722 741 Fabianus
1757 687 1978 742 dictavit
2023 702 2140 754 seni-

563 780 784 832 tcntiam
825 779 1128 850 capitalem,
1160 787 1220 833 ut
1253 778 1429 849 gladio
1469 777 1886 834 interﬁceretur.
1941 777 2140 835 Ductus

557 878 740 923 autem
771 869 1050 940 gloriosus
1086 879 1295 941 martyr
1323 868 1599 924 Tiburtius
1631 869 1683 924 in
1724 868 1808 923 via
1837 867 2133 936 Levicana,

558 962 717 1015 tertio
759 962 826 1014 ab
855 959 1000 1017 Urbe
1031 959 1316 1026 milliario,
1359 977 1466 1016 uno
1503 961 1610 1017 ictu
1641 960 1802 1033 gladii
1851 975 2138 1031 percussus

2236 501 2323 569 ira
2351 500 2650 566 Calvisius,
2691 499 2855 569 jussit
2889 515 3013 560 eum
3057 502 3237 570 acrius
3276 502 3543 573 torqueri,
3574 514 3741 574 atque
3763 513 3832 562 ad

2235 592 2485 660 ultimum
2533 591 2758 648 dictavit
2807 594 3156 662 sententiam,
3207 594 3435 650 dicens:
3501 613 3520 647 ι
3566 593 3831 655 Jubemus

2236 681 2464 751 Eppium
2490 679 2642 752 justo
2655 681 2864 750 judicio
2895 683 3151 740 interﬁci.
3193 703 3212 737 ›
3242 684 3440 740 Beatus
3467 700 3599 741 vero
3625 686 3830 758 Ευριυ,

2236 774 2442 848 gratias
2470 787 2635 844 agens
2667 773 2799 840 Deo,
2828 782 2884 830 et
2913 773 3134 846 ﬂectens
3153 791 3328 849 genua
3369 792 3468 832 sua
3485 817 3500 842 ,
3535 777 3680 833 facta
3705 793 3824 835 ora

2229 861 2381 936 tione
2401 863 2932 938 pparavitcervicem,
2956 873 3011 924 et
3028 865 3326 938 decollatus
3370 876 3454 922 est
3497 868 3660 924 tertio
3705 867 3827 932 Idus

2233 951 2480 1025 Augusti.
2511 953 2676 1021 Cujus
2703 941 2924 1032 corpus,
2962 959 3290 1014 aromatibus
3314 959 3614 1032 conditum,
3645 961 3828 1032 sepul-

544 1053 854 1124 abscessit;
891 1063 945 1108 et
973 1054 1024 1108 in
1052 1054 1239 1109 eodem
1264 1053 1381 1112 loco
1406 1071 1435 1108 a
1465 1055 1694 1125 quodam
1723 1062 1948 1125 parente
1980 1053 2112 1112 Chri

2227 1049 2347 1118 tum
2381 1051 2464 1098 est
2493 1043 2545 1098 in
2577 1043 2696 1100 loco
2725 1039 3021 1120 venerabili
3050 1046 3251 1126 Catipte
3272 1047 3554 1126 _[Catante]
3586 1052 3823 1112 civitatu

543 1145 735 1208 .stiano
760 1145 1003 1217 sepultus
1032 1154 1115 1202 est
1141 1147 1301 1201 tertio
1325 1145 1448 1201 Idus
1474 1147 1720 1218 Augusti.

539 1293 546 1296 .
628 1238 827 1292 Eodem
856 1239 941 1294 die
965 1237 1146 1294 Roma:
1167 1247 1366 1294 sanctae
1389 1236 1650 1293 Susanna:
1673 1236 1895 1309 virginis
1915 1245 1971 1292 et
1991 1252 2135 1293 mar-

541 1328 708 1399 tyris,
741 1329 840 1383 sub
869 1328 1201 1387 Diocletiano
1231 1341 1284 1386 et
1322 1329 1650 1402 Maximiano
1688 1331 2129 1401 imperatoribus,

547 1427 726 1497 judice
751 1428 1080 1485 Macedonio.
1108 1429 1232 1494 Fuit
1251 1440 1429 1490 autem
1455 1431 1559 1486 ﬁlia
1587 1432 1803 1502 gloriosi
1831 1433 2132 1506 presbyteri

537 1527 606 1572 .et
633 1521 888 1590 martyris
912 1519 1148 1588 Gabinii,
1181 1521 1368 1577 fratris
1395 1522 1512 1580 Gaii
1550 1538 1700 1594 papae
1742 1533 1797 1579 et
1835 1525 2127 1596 martyris,

547 1609 710 1662 nobili
759 1618 874 1664 sata
926 1612 1268 1683 propagine:
1311 1628 1471 1682 quam
1521 1625 1677 1684 pater
1721 1615 2130 1686 diligentissime

548 1704 834 1770 nutrierat,
859 1713 913 1759 et
936 1707 1132 1772 divinis
1155 1707 1354 1770 litteris
1373 1709 1659 1764 imbuerat.
1687 1711 1924 1768 Audiens
1945 1712 2128 1784 itaque

2231 1134 2407 1216 pridie
2435 1134 2558 1189 Idus
2581 1136 2832 1206 Augusti.

2300 1225 2502 1281 Eodem
2531 1227 2616 1283 die
2638 1229 2818 1298 passio
2844 1227 3060 1309 Hilaris:
3087 1233 3276 1306 matris
3300 1235 3472 1292 beata:
3499 1237 3646 1294 Afra
3671 1253 3822 1296 mat--

2200 1317 2386 1388 'tyris.
2418 1316 2547 1385 Qum
2589 1335 2710 1374 cum
2739 1322 2806 1376 ad
2839 1321 3140 1392 sepulcrum
3173 1325 3315 1398 illius
3357 1330 3686 1401 excubaret,
3720 1331 3824 1388 ibt~

2232 1411 2352 1467 dem
2380 1430 2475 1483 pro
2506 1413 2609 1488 _ﬁde
2630 1414 2836 1472 Christi
2857 1431 2887 1470 a
2911 1419 3349 1487 persecutoribus
3377 1419 3484 1492 igni
3513 1422 3720 1476 tradita
3744 1429 3824 1478 est

2231 1519 2352 1560 cum
2379 1504 2548 1576 Digna
2581 1516 2636 1563 et
2664 1506 2890 1563 Emenia
2915 1507 3246 1585 [Eunomia]
3273 1520 3328 1566 et
3365 1511 3674 1583 Euprepia,
3707 1527 3822 1584 quis

2229 1595 2447 1653 fuerunt
2473 1600 2662 1670 puellze
2694 1609 2894 1655 sanan
2922 1600 3084 1656 Afrae.

2298 1693 2354 1747 In
2384 1693 2619 1748 Historia
2645 1692 2883 1768 [Istria?]
2912 1695 3084 1752 sancti
3113 1691 3311 1762 Juliani
3343 1710 3464 1751 cum
3494 1697 3668 1753 sociis
3687 1706 3820 1756 suta.

544 1797 910 1855 Diocletianus
937 1801 1002 1855 de
1036 1801 1209 1870 puclla
1240 1805 1378 1872 quod
1414 1802 1812 1874 pulchritudine
1835 1815 1891 1860 et
1916 1783 2124 1876 sapien-
2149 1791 2200 1850 Β
2297 1783 2354 1839 In
2401 1783 2592 1857 Syriat
2621 1787 2739 1842 Vico
2771 1787 3064 1859 Magarnot
3113 1787 3310 1843 "amis
3353 1799 3670 1846 “Duorum
3713 1789 3799 1845 5h

545 1890 615 1944 tia
647 1891 1008 1960 praecelleret,
1043 1894 1188 1948 misit
1216 1894 1280 1947 ad
1309 1893 1573 1952 Gabinum
1608 1898 1895 1966 quemdam
1931 1913 2126 1953 conso-

531 1981 756 2048 brinum
791 1999 967 2048 suum,
999 1986 1216 2042 nomine
1243 1986 1546 2052 Claudium,
1587 1998 1640 2043 et
1684 1989 1838 2058 petiit
1866 2003 1986 2044 eam
2013 1990 2123 2043 Au-

529 2083 700 2145 ..gusto
743 2075 1035 2132 Maximino
1079 2077 1188 2134 ﬁlio
1230 2095 1328 2134 suo
1370 2081 1423 2134 in
1455 2079 1757 2149 conjugem.
1788 2081 1950 2153 Cujus
1979 2083 2122 2151 peti-

528 2167 739 2224 tionem
767 2178 822 2224 et
851 2170 954 2225 ﬁlia
976 2180 1031 2227 et
1058 2181 1211 2242 patre
1235 2187 1296 2227 ac
1320 2175 1588 2245 praecipue
1610 2187 1802 2245 patruo
1829 2177 2118 2244 refutante,

542 2263 700 2318 etiam
736 2264 849 2334 ipse
877 2263 1132 2320 Claudius
1168 2281 1196 2319 a
1238 2267 1394 2321 beato
1434 2267 1566 2323 Gaio
1596 2267 1890 2324 instructus
1916 2277 2117 2325 etcum

541 2369 705 2408 uxore
730 2370 824 2410 sua
851 2355 1116 2427 Euprepia
1143 2367 1197 2412 et
1221 2357 1343 2413 ﬁliis
1365 2359 1672 2415 Alexandro
1696 2371 1748 2416 et
1771 2360 1922 2416 Cutia
1951 2363 2120 2432 bapti-

541 2455 693 2501 tatus
719 2454 834 2511 est,
865 2456 921 2502 et
962 2447 1014 2502 in
1057 2455 1260 2502 tantum
1291 2450 1342 2504 in
1377 2451 1480 2505 Iide
1507 2452 1804 2517 convaluit,
1837 2463 1896 2507 ut
1925 2469 2115 2510 omnes

540 2551 666 2591 suas
711 2535 995 2595 facultates
1024 2539 1281 2594 venderet
1328 2550 1382 2595 et
1424 2543 1749 2612 pauperibus
1791 2544 2114 2601 Christianis

538 2635 803 2697 erogaret.
848 2627 999 2695 Quod
1044 2630 1266 2685 audiens
1297 2631 1652 2687 Diocletianus
1697 2635 1842 2689 misit
1889 2636 2114 2691 fratrem

535 2720 666 2787 ejus,
698 2723 914 2778 nomine
941 2722 1249 2791 Maximum,
1274 2727 1400 2796 quid
1427 2728 1490 2781 de
1517 2728 1690 2796 puella
1722 2727 1966 2784 Susanna
1996 2745 2116 2802 age-

535 2823 651 2867 ret:
695 2815 786 2883 qui
819 2824 872 2868 et
904 2815 1016 2885 ipse
1055 2832 1088 2872 a
1132 2816 1305 2873 beatis
1342 2818 1478 2874 Gaio
1506 2829 1560 2874 et
1587 2821 1798 2877 Gabino
1826 2823 2113 2895 diligenter

533 2905 848 2973 instructus,
882 2908 934 2962 in
968 2908 1291 2980 Christoque
1323 2912 1652 2981 baptizatus,
1686 2915 1849 2984 cmpit
1887 2915 2112 2972 faculta-

535 3004 614 3050 tes
659 3013 786 3053 suas
834 3001 1097 3066 vendere,
1149 3010 1203 3056 et
1249 3018 1344 3072 per
1374 3005 1659 3074 quemdam
1689 3021 1843 3061 suum
1875 3008 2108 3064 amicum

529 3089 746 3142 nomine
790 3089 1160 3154 Thrasonem,
1209 3091 1729 3149 Christianissinmm
1768 3097 1973 3164 virum,
2014 3113 2110 3169 per

531 3177 680 3232 vicos
722 3186 775 3233 et
826 3194 1073 3236 carceres
1120 3182 1445 3238 ministrare.
1501 3185 1706 3252 Quibus
1742 3187 2108 3245 Diocletianus

521 3270 823 3338 compertis
846 3272 990 3327 misit
1017 3270 1240 3338 Iulium,
1263 3275 1352 3344 qui
1381 3275 1680 3342 Claudium,
1706 3289 1759 3332 et
1785 3278 2074 3334 Maximum
2092 3320 2106 3346 ,

515 3370 583 3416 'ct
609 3361 952 3433 Euprepiam,
981 3379 1100 3434 qua:
1127 3364 1232 3420 alio
1263 3367 1503 3433 nomine,
1532 3383 1596 3422 ex
1625 3369 1814 3424 Grzrco
1838 3380 1893 3425 et
1916 3369 2109 3426 Latino

531 3458 830 3526 composito
869 3458 951 3514 vel
992 3459 1372 3529 interpretato,
1405 3461 1751 3534 Prtepedigna
1799 3465 2024 3531 dicitur,
2053 3474 2109 3521 et

528 3547 894 3604 Alexandrum
946 3561 1108 3621 atque
1153 3552 1363 3607 Cutiam
1408 3554 1654 3622 puniret,
1689 3555 1958 3627 jussitque
1998 3557 2107 3612 ﬁlio

461 3648 469 3655 '
527 3653 628 3695 suo
652 3638 945 3695 Maximino
969 3650 1026 3696 ut
1060 3643 1375 3697 abuteretur
1398 3643 1644 3700 Susanna
1683 3646 1736 3699 in
1780 3647 1936 3702 domo
1974 3663 2102 3714 sua,

527 3732 667 3788 sicut
713 3734 810 3803 ipsi
859 3734 1065 3790 liberet.
1094 3735 1195 3803 Qui
1224 3736 1497 3806 ingressus
1526 3741 1740 3794 domum
1781 3741 1868 3794 ubi
1918 3748 2102 3797 sancta

529 3821 916 3897 virgo'ord‘bat,
949 3830 1081 3884 vidit
1110 3831 1327 3885 nimiam
1357 3831 1659 3886 claritatem
1687 3849 1850 3902 super
1879 3850 2018 3899 eam,
2047 3840 2104 3890 et
2195 3861 2200 3866 ’

528 3919 837 3975 timefactus
869 3922 934 3975 ad
973 3923 1230 3991 palatium
1262 3926 1508 3980 recurrit.
1548 3925 1698 3993 Quod
1740 3929 2102 3985 Diocletianus

505 4009 782 4076 audiens,
816 4012 963 4066 misit
1003 4013 1334 4082 Macedium,
1385 4019 1474 4086 qui
1520 4033 1640 4073 eam
1693 4020 1831 4074 intra
1879 4022 2098 4076 domum

509 4101 694 4170 .patris
741 4102 822 4157 sui
870 4105 1297 4175 constringeret,
1343 4107 1538 4177 illeque
1581 4111 1932 4181 exspoliatam
1976 4117 2097 4168 eam

517 4194 684 4262 erepit
717 4193 944 4250 fustibus
975 4197 1198 4252 caedere.
1227 4197 1468 4268 Cumque
1500 4200 1654 4256 beata
1695 4203 1848 4274 virgo
1887 4204 1939 4258 in
1969 4218 2098 4259 con-

522 4285 755 4343 fessione
791 4289 990 4345 Christi
1041 4302 1448 4360 perseveraret,
1475 4295 1654 4365 gladio
1682 4306 1958 4366 percussa,
1988 4301 2096 4368 spi-

502 4378 678 4431 ritum
709 4379 1192 4438 incontaminatum
1220 4383 1448 4441 Domino
1489 4387 1739 4443 reddidit.
1775 4390 1941 4461 Cujus
1974 4405 2095 4448 cor-

505 4480 616 4538 pus
641 4468 842 4525 Serena
869 4473 1107 4544 Augusta
1128 4515 1144 4539 ,
1186 4476 1399 4532 occulte
1435 4477 1763 4546 Christiana,
1796 4493 1955 4539 noctu
1981 4487 2093 4540 col-

517 4562 666 4631 legit,
703 4573 758 4618 et
787 4568 1033 4622 manibus
1074 4568 1187 4624 suis
1225 4571 1557 4626 aromatibus
1593 4575 1867 4629 conditum
1897 4591 1961 4631 ac
1991 4576 2088 4632 lin-

518 4654 842 4709 tcaminibus
865 4657 1159 4713 involutum
1191 4661 1370 4730 posuit
1392 4662 1544 4731 juxta
1573 4673 1819 4718 Sanctum
1851 4665 2086 4722 Alexan-

515 4745 671 4797 drum
725 4746 882 4799 lertio
926 4745 1049 4802 Idus
1097 4749 1340 4820 Augusti.
1389 4753 1714 4824 Sanguinem
1757 4770 1884 4811 vero
1921 4759 2088 4813 maris

509 4835 777 4891 velamine
819 4836 1073 4904 detersit,
1117 4849 1172 4894 et
1209 4843 1384 4909 posuit
1436 4844 1488 4896 in
1535 4859 1694 4913 capsa
1737 4855 1990 4917 argentea
2030 4850 2084 4904 in

497 4926 710 4995 .palatio
739 4927 928 4983 domus
955 4941 1085 4994 suae,
1119 4932 1209 4984 ubi
1234 4932 1320 4986 die
1343 4945 1614 5005 noctuque
1653 4938 1866 4994 furtivis
1885 4941 2085 4996 oratio-

510 5014 668 5070 nibus
695 5017 1038 5087 semetipsam
1065 5018 1291 5076 Domino
1315 5021 1640 5080 eﬁ‘undebat.

579 5105 816 5176 Nicopoli
850 5110 1031 5177 pasSio
1061 5110 1351 5166 multorum
1389 5127 1710 5187 martyrum.

577 5194 617 5249 II
645 5195 719 5250 Io.
751 5197 886 5253 Avo.
916 5228 986 5239 —
1012 5200 1069 5254 In
1110 5199 1292 5257 Sicilia
1333 5203 1550 5260 civitate
1579 5207 1764 5262 Catina
1808 5210 2079 5286 [Catana]

505 5287 701 5342 natalis
720 5291 890 5344 sancti
921 5290 1078 5362 Eupli
1100 5294 1331 5359 diaconi,
1357 5296 1458 5349 sub
1487 5295 1818 5355 Diocletiano
1839 5311 1893 5356 et
1915 5301 2083 5358 Maxi-

504 5381 684 5434 miano
710 5381 984 5453 Augustis.
1009 5385 1108 5452 Qui
1139 5403 1260 5441 cum
1291 5397 1445 5444 extra
1483 5391 1661 5446 velum
1707 5396 1982 5449 secretarii
2020 5410 2078 5452 se

500 5471 866 5528 Christianum
886 5486 1030 5531 esset
1048 5481 1349 5543 conlessus,
1375 5483 1718 5539 intromissus
1743 5495 1844 5548 est,
1853 5483 2080 5552 jnbente

495 5563 805 5621 Calvisiano
829 5568 1120 5636 consulari,
1151 5571 1202 5626 in
1228 5575 1592 5632 auditorium:
1625 5588 1680 5634 et
1713 5594 1836 5634 cum
1876 5581 2074 5638 ibidem

499 5775 506 5780 .
554 5748 595 5789 ,ι
628 5735 760 5795 Vide
784 5737 1072 5799 Baronium
1107 5744 1162 5801 in
1188 5745 1509 5806 Annalibus.

2226 1876 2396 1932 ebarii
2433 1886 2488 1932 et
2533 1876 2764 1944 Iuliani,
2799 1879 2886 1934 ubi
2927 1878 3092 1936 multa
3131 1879 3320 1951 religio
3345 1882 3599 1940 convenit
3627 1896 3822 1937 mons.

2225 1969 2473 2024 chorum.

2295 2057 2370 2111 In.
2402 2059 2538 2114 Ana.
2573 2088 2644 2098 —
2682 2059 2866 2116 Roma:
2892 2060 3148 2117 nativitas
3175 2061 3348 2118 sancti
3387 2060 3697 2134 Hippolyti,
3727 2063 3820 2132 qui

2226 2155 2464 2218 tempore
2513 2148 2660 2204 Decii
2707 2150 3077 2220 imperatoris,
3114 2150 3309 2221 ligatus
3351 2152 3514 2222 pedes
3566 2153 3636 2208 ad
3682 2151 3817 2206 colla

2222 2253 2482 2308 equorum
2518 2240 2922 2305 indomitorum,
2953 2243 3030 2298 sic
3066 2257 3165 2312 per
3199 2244 3428 2300 carduos
3456 2252 3513 2299 et
3556 2243 3816 2322 tribulos,

2218 2339 2489 2400 prterupta
2526 2337 2580 2386 et
2613 2333 2780 2386 ardua
2819 2340 3039 2399 tractus,
3069 2334 3248 2390 emisit
3274 2335 3545 2408 spiritum.
3578 2335 3650 2389 Et
3679 2335 3820 2391 Con-

2221 2419 2420 2473 cordia:
2449 2420 2676 2476 nutricis
2699 2420 2842 2491 ejus,
2869 2438 2989 2492 qua:
3018 2431 3139 2479 ante
3165 2425 3335 2496 ipsum
3361 2426 3658 2498 plumbatis
3677 2442 3814 2484 caesa

2220 2514 2616 2585 martyrizavit.
2649 2513 2716 2569 Et
2745 2514 2972 2572 aliorum
3015 2531 3206 2574 novem
3235 2518 3301 2575 de
3334 2518 3495 2574 domo
3523 2519 3674 2588 ejus,
3721 2519 3813 2590 Qui

2222 2601 2384 2656 simul
2411 2603 2662 2659 decollati
2693 2615 2837 2661 sunt.

2215 2738 2223 2746 .
2290 2695 2582 2766 Dorosyllue
2626 2695 2800 2769 [apud
2831 2696 3016 2766 torum
3062 2697 3269 2774 Syllae]
3314 2703 3486 2758 sancti
3537 2703 3808 2759 Cassianl.

2217 2782 2319 2852 Qui
2347 2801 2469 2841 cum
2497 2789 2727 2843 adorare
2755 2788 2891 2844 idola
2923 2789 3198 2854 noluisset,
3235 2791 3598 2863 interrogatus
3627 2810 3658 2847 a
3689 2810 3810 2865 per-

2219 2887 2467 2934 secutore
2507 2881 2634 2951 quid
2675 2882 2809 2935 artis
2847 2882 3104 2947 haberet,
3153 2877 3581 2954 responditquia
3611 2902 3811 2956 pueros

2214 2978 2377 3025 notas
2407 2972 2642 3027 doceret.
2677 2972 2742 3026 Et
2773 2988 2898 3028 mox
2929 2973 3186 3043 spoliatus
3229 2976 3466 3031 vestibus
3486 3018 3500 3041 ,
3539 2993 3604 3032 ac
3637 2995 3808 3034 mani.-

2217 3045 2316 3118 bus
2344 3074 2464 3134 post
2495 3047 2639 3136 terga
2676 3066 2950 3132 revinctis,
2979 3068 3237 3121 statuitur
3267 3069 3322 3122 in
3346 3070 3545 3134 medio,
3573 3073 3808 3128 vocatis.-

2138 3167 2182 3229 ρ
2216 3170 2320 3225 que
2349 3156 2556 3225 pueris,
2591 3157 2782 3227 quibus
2827 3147 3067 3214 docendo
3093 3175 3286 3215 exosus
3328 3161 3533 3228 fuerat,
3563 3163 3690 3218 data
3725 3174 3804 3219 est

2215 3245 2443 3302 facultas
2488 3263 2610 3304 eum
2659 3250 2974 3320 perimendi.
3030 3253 3096 3306 At
3141 3252 3213 3306 illi
3257 3263 3521 3322 quantum
3571 3257 3802 3311 oderunt

2215 3339 2504 3406 discentes,
2540 3349 2743 3395 tantmn
2777 3356 2834 3396 se
2865 3341 3045 3397 ulcisci
3075 3344 3367 3411 gaudentes
3387 3386 3401 3409 ,
3431 3343 3520 3399 alii
3551 3361 3678 3400 eum
3719 3355 3768 3401 ta
3796 3384 3801 3388 -

2212 3428 2354 3484 bulis
2406 3444 2471 3485 ac
2520 3430 2678 3485 buxis
2733 3429 3024 3496 feriebant,
3077 3433 3166 3487 alii
3221 3434 3373 3504 stylis
3422 3435 3796 3494 vulnerabant.

2213 3518 2450 3586 Quorum
2481 3532 2683 3592 quanto
2714 3523 2978 3579 inﬁrmior
3006 3535 3123 3579 erat
3162 3542 3376 3592 manus,
3410 3538 3558 3584 tanto
3587 3532 3798 3601 gravio—

2211 3628 2324 3666 rem
2358 3599 2597 3686 martyrii
2637 3630 2850 3686 poenam
2886 3618 3052 3674 dilata
3080 3630 3255 3677 morte
3283 3621 3537 3678 faciebat.
3568 3599 3796 3696 Seripsrt

2203 3693 2530 3761 Prudentius
2562 3717 2738 3778 poeta.

2280 3796 2512 3853 Pictavis
2534 3799 2798 3870 depositio
2818 3799 3157 3874 Radegundze
3185 3807 3406 3882 regium,
3429 3822 3550 3878 qua:
3573 3820 3629 3865 et
3649 3812 3793 3888 prius

2205 3885 2259 3939 in
2301 3887 2499 3956 palatio
2535 3888 2757 3959 jejuniis
2784 3901 2839 3947 et
2862 3896 3195 3951 orationibus
3229 3905 3388 3970 atque
3423 3885 3790 3974 eleemosynav

2194 3991 2320 4052 _rum
2352 3976 2722 4050 largitionibus
2748 3984 2854 4039 Deo
2874 3983 3084 4054 placere
3112 3990 3334 4055 studuit,
3364 4007 3426 4046 ac
3447 3994 3791 4061 postmodum

2203 4083 2232 4121 a
2264 4078 2450 4123 sancto
2495 4069 2745 4126 Medardo
2786 4072 3160 4134 Suessionensi
3203 4079 3452 4150 episcopo
3501 4081 3552 4136 in
3607 4099 3778 4136 mena.

2201 4157 2357 4212 cham
2402 4171 2750 4229 consecrata,
2792 4169 2927 4221 adeo
2969 4183 3027 4222 se
3069 4167 3299 4224 hostiam
3348 4171 3525 4226 vivam
3575 4173 3790 4232 Christo

2199 4250 2458 4306 exhibere
2484 4256 2718 4321 curavit,
2743 4265 2800 4310 ut
2827 4258 2967 4313 inter
2992 4259 3135 4315 mille
3160 4277 3348 4317 cruces
3374 4280 3509 4334 quas
3537 4281 3638 4335 pro
3675 4266 3794 4336 ejus

2201 4359 2385 4398 amore
2412 4346 2683 4413 sustinuit,
2717 4349 2880 4404 etiam
2912 4352 3129 4408 circulis
3167 4356 3346 4423 mrcis,
3374 4373 3403 4410 a
3436 4375 3590 4414 more
3616 4363 3790 4417 sacri-

2197 4431 2467 4506 legorum,
2492 4440 2830 4496 sanctissima
2856 4443 3073 4499 brachia
3102 4463 3199 4501 sua
3224 4451 3515 4520 constringi
3547 4451 3787 4510 fecisset.

2121 4531 2170 4590 ι)
2199 4522 2303 4580 Sed
2333 4529 2547 4583 easdem
2575 4530 2945 4590 tribulationcs
2966 4549 3338 4594 remunerator
3360 4539 3596 4596 ﬁdelium
3621 4545 3786 4619 etiam

2196 4616 2248 4670 in
2280 4621 2530 4686 prazsenti
2571 4638 2982 4694 recompensare
3012 4627 3260 4699 dignatus
3297 4640 3410 4697 est,
3457 4649 3708 4691 annuens
3736 4617 3786 4693 ei

2193 4712 2372 4765 omnia
2403 4729 2738 4786 quzecunque
2766 4718 3007 4787 petiisset
3041 4720 3093 4775 in
3124 4723 3356 4778 nomine-
3376 4723 3564 4794 ipsius.

2265 4801 2426 4857 XVIII
2456 4803 2589 4861 KAL.
2623 4806 2893 4864 Serrane.
2921 4840 2991 4852 —
3017 4811 3209 4886 Vigilia
3240 4817 3629 4886 assumptionis
3656 4835 3784 4875 san-

2191 4901 2288 4948 cta:
2313 4894 2509 4952 Marite.

2260 4983 2444 5042 Romae
2475 4990 2734 5060 depositio
2762 4997 2933 5050 sancti
2972 4996 3190 5053 Eusebii
3218 5001 3452 5072 episcopi
3485 5011 3538 5058 et
3569 5005 3778 5061 conlcs-

2187 5078 2359 5142 soris,
2407 5080 2496 5147 qui
2542 5094 2805 5150 praesente
2841 5086 3160 5146 Constantio
3190 5092 3512 5163 imperatore
3550 5096 3772 5162 Ariano,

2183 5180 2305 5220 cum
2331 5168 2489 5223 ﬁdem
2521 5173 2841 5230 catholicam
2863 5183 3296 5236 constantissime
3325 5183 3656 5250 defenderet,
3680 5195 3770 5242 et-

2184 5253 2455 5312 Liberium
2480 5274 2671 5330 papam
2695 5265 2910 5321 Arianae
2928 5269 3165 5338 perﬁdia:
3186 5275 3521 5329 consensisse
3543 5276 3768 5342 doleret,

2181 5349 2402 5418 jubente
2428 5354 2614 5407 eodem
2642 5354 2978 5424 Constantio,
3005 5361 3298 5418 includitur
3327 5364 3378 5418 in
3407 5367 3639 5434 quodam
3669 5384 3764 5422 cu-

2177 5441 2359 5496 biculo
2388 5444 2576 5499 domus
2606 5462 2740 5512 suae,
2775 5451 3006 5506 habente
3037 5454 3088 5508 in
3120 5455 3401 5510 latitudine
3435 5459 3602 5528 pedes
3630 5474 3764 5529 qna-

2177 5539 2336 5598 luor,
2368 5535 2454 5588 ubi
2503 5537 2684 5594 multis
2714 5539 2903 5596 diebus
2940 5543 2990 5596 in
3028 5546 3274 5600 oratione
3301 5556 3614 5602 constanter
3645 5564 3763 5618 per-

2180 5625 2464 5692 severavit,
2499 5641 2562 5682 ac
2584 5638 2704 5698 post
2731 5647 2942 5688 menses
2966 5643 3167 5703 septem
3194 5637 3368 5692 adhuc
3395 5647 3574 5693 tamen
3597 5638 3759 5693 inclu-
