4046 6484
351 330 480 387 “4|

1391 335 2018 397 MARTYROLOGIUM.
2057 368 2128 380 -—-
2167 335 2372 395 MENS.
2413 338 2578 396 AUG.

3477 333 3614 402 i142

346 459 460 509 sus,
484 441 696 498 decimo
721 442 989 502 Kalendas
1015 445 1348 520 Septembris
1367 450 1744 508 domuitionem
1775 466 1930 508 acce-
1958 455 2006 513 Α
2033 449 2188 518 Quod
2218 450 2381 505 etiam
2408 466 2579 522 usque
2627 449 2692 506 ad
2731 451 2845 508 haec
2890 450 3344 511 Nortmaunorum
3374 465 3614 528 tempora

345 535 443 613 pit.
491 534 657 607 Cujus
698 552 894 608 corpus
930 539 1262 611 collegerunt
1304 540 1598 614 Gregorius
1624 553 1679 599 et
1707 542 1929 601 Orosius

349 627 684 702 presbyteri,
729 638 784 682 et
828 631 1154 701 sepelierunt
1199 632 1256 688 in
1303 643 1490 706 crypta
1531 633 1687 704 juxta
1734 649 1929 705 corpus

345 715 490 788 beati
518 716 655 774 Sixti
689 719 923 792 episcopi
949 733 1004 784 et
1027 726 1299 797 martyris,
1323 726 1408 782 via
1433 727 1628 798 Appia,
1653 728 1705 783 in
1731 743 1932 784 cmme-

348 810 487 866 terio
513 809 750 879 Callisti,
784 815 874 869 ubi
909 824 964 871 et
991 817 1204 876 titulum
1243 819 1358 889 ejus
1385 821 1703 888 scribentes,
1737 838 1931 893 posue-

345 911 475 964 runt
516 903 629 959 ita:
671 905 1137 966 Eusebia/tonum
1160 911 1276 967 Dei.
1306 915 1543 970 Audiens
1584 916 1928 972 Constantius

343 995 488 1067 quod
517 995 808 1070 Gregorius
829 1009 884 1056 et
911 1000 1134 1062 Orosius
1172 1005 1545 1075 sepelivisseut
1568 1022 1761 1078 corpus
1787 1008 1928 1064 beati

344 1086 563 1146 Eusebii
591 1090 646 1145 in
677 1093 864 1150 eadem
891 1103 1080 1166 crypta
1115 1097 1202 1154 ubi
1250 1097 1377 1153 illud
1413 1100 1754 1166 condiderat,
1790 1117 1927 1171 prae.

343 1183 489 1252 cepit
532 1183 712 1239 vivum
759 1185 958 1244 includi
998 1187 1318 1262 Gregorium
1361 1207 1566 1262 :quem
1611 1194 1927 1250 semivivum

343 1284 505 1332 noctu
534 1276 756 1336 Orosius
778 1281 1063 1353 presbyter
1089 1286 1300 1356 excepit
1328 1287 1472 1351 inde,
1498 1295 1552 1342 et
1590 1297 1710 1358 post
1736 1287 1926 1358 paulu-

341 1368 454 1424 lum
487 1370 796 1430 defuuctum
821 1375 976 1446 juxta
1010 1393 1205 1449 corpus
1242 1381 1413 1436 sancti
1445 1382 1661 1438 Eusebii
1707 1382 1929 1455 presby-

341 1460 442 1515 teri
472 1462 738 1532 sepelivit.
769 1463 1042 1538 Factaque
1067 1478 1151 1525 est
1187 1472 1504 1542 gravissima
1542 1474 1844 1544 persecutio
1873 1475 1928 1530 iu

340 1553 608 1610 catholica
628 1555 868 1616 Ecclesia
893 1561 960 1617 ab
984 1561 1223 1630 Ariauis,
1255 1566 1437 1621 sedem
1467 1567 1818 1636 apostolicam
1852 1577 1929 1625 te~

340 1654 500 1702 uente
528 1655 659 1705 tunc
687 1648 924 1708 Liberio.

411 1738 663 1795 Mendara
694 1741 865 1814 Syriae
893 1746 1090 1803 natalis
1139 1750 1315 1806 sancti
1342 1749 1648 1808 Fortunati.

408 1832 464 1888 lu
486 1835 667 1892 Africa
694 1837 972 1895 Demetrii.

406 1925 546 1982 Alibi
585 1927 860 2000 Ettlycliii,
889 1930 1064 1996 Pauli,
1099 1933 1272 1990 Eracli
1306 1935 1609 2011 [Heraclii],
1635 1937 1923 1996 Possesso-

337 2018 429 2083 ris,
463 2019 665 2088 Parmi,
693 2022 890 2084 Dissei.
929 2023 1160 2094 Hermas,
1221 2027 1546 2100 Prospoliui,
1597 2031 1919 2100 Prosalami,

334 2108 589 2167 llermize.

407 2202 537 2258 Item
567 2204 802 2261 Heraclii
835 2223 959 2263 cum
993 2207 1188 2265 tribus.

357 2319 364 2326 -
405 2295 459 2349 ln
485 2297 729 2367 Aquileia
758 2300 954 2357 natalis
991 2311 1303 2358 sanctorum
1337 2303 1554 2373 Felicis,
1587 2307 1921 2375 Fortunatae,

337 2388 655 2444 V'inceutize.

350 2557 352 2559 _
408 2481 538 2536 Item
567 2481 692 2537 alibi
724 2481 964 2550 Eusebii,
992 2485 1155 2540 Tituli
1187 2488 1500 2546 conditoris.

407 2573 547 2631 XVII
588 2575 720 2630 KAL.
755 2576 1026 2634 Serrana.
1059 2610 1126 2619 —
1173 2581 1486 2652 Assumptic
1530 2584 1703 2638 beatae
1744 2583 1925 2640 Maria:

333 2671 612 2742 genitricis
647 2671 760 2727 Dei.
790 2672 893 2728 Pro
921 2690 1026 2744 quo
1063 2676 1282 2730 nomine
1321 2692 1442 2730 cum
1502 2678 1552 2730 in
1599 2687 1922 2734 cretei-orum

335 2772 646 2832 sanctorum
673 2767 923 2833 transitu,
944 2768 1208 2839 depositio
1232 2770 1313 2824 vel
1340 2771 1615 2838 durmitio,
1650 2781 1740 2827 aut
1771 2783 1922 2828 certe

336 2857 516 2912 natale
543 2857 648 2912 dici
687 2858 876 2925 soleat,
920 2861 1050 2931 quid
1091 2863 1412 2918 venerabilis
1439 2862 1601 2919 Pater
1628 2864 1924 2937 Gregorius

337 2947 640 3006 Turonicus
661 2953 944 3023 episc0pus
975 2953 1028 3008 in
1059 2954 1195 3010 libro
1220 2955 1602 3013 Miraculornm
1636 2958 1703 3013 de
1732 2959 1921 3015 eadem

338 3048 706 3117 assumptione
759 3051 974 3115 sentiat,
1031 3051 1161 3107 libet
1189 3054 1255 3108 ad
1286 3055 1573 3110 utilitatem
1627 3056 1920 3127 legentium

335 3142 812 3197 commemorando
842 3143 1084 3212 proferre
1115 3163 1126 3200 :
1175 3166 1192 3198 ι
1227 3147 1355 3202 Post
1398 3148 1768 3204 admirabilem
1824 3149 1924 3220 igi-

2024 544 2226 617 jugiter
2254 545 2466 601 actitari
2489 546 2719 603 solebat.
2775 545 2881 602 Sed
2925 561 2994 603 ue
3032 548 3170 605 idem
3225 549 3522 606 catholicus
3557 558 3616 606 et

2028 634 2353 691 venerabilis
2378 634 2541 692 Pater
2571 644 2762 692 contra
2793 636 3113 708 Apostolum
3159 640 3398 695 sensisse
3428 639 3610 695 videa-

2027 737 2138 793 tur,
2169 729 2257 784 ubi
2286 729 2362 784 ait
2391 748 2403 782 :
2437 727 2677 784 Christus
2707 733 2990 785 resurrexit
3038 749 3069 784 a
3104 733 3344 798 mortuis,
3368 730 3614 802 primitiis

2024 823 2421 878 dormientium.
2455 824 2718 890 Quoniam
2760 825 2896 878 enim
2943 840 3034 893 per
3078 825 3338 879 hominem
3372 840 3529 885 mors,
3562 832 3610 878 et

2027 931 2122 985 per
2136 915 2396 970 hominem
2411 914 2718 969 resurrectio
2747 924 3094 969 mortuorum.
3113 913 3178 968 Et
3205 915 3340 969 sicut
3369 913 3421 968 in
3447 913 3612 967 Adam

2029 1023 2207 1062 omnes
2246 1007 2564 1073 moriuntur,
2624 1009 2696 1060 ita
2745 1008 2877 1061 etin
2924 1006 3131 1062 Christo
3175 1023 3352 1061 omnes
3388 1006 3616 1074 viviﬁca-

2029 1100 2240 1165 buntur,
2271 1102 2626 1172 unusquisque
2663 1111 2835 1154 autem
2884 1102 2941 1155 in
2986 1117 3083 1155 suo
3137 1102 3343 1167 ordine,
3371 1100 3616 1170 primitite

2030 1192 2296 1259 Christus,
2326 1194 2512 1248 deinde
2545 1193 2599 1248 hi
2646 1194 2734 1265 qui
2768 1203 2888 1249 sunt
2916 1192 3110 1250 Christi
3156 1193 3210 1248 in
3249 1194 3470 1248 adventu
3500 1192 3614 1262 ejus

2029 1284 2083 1357 (l
2127 1283 2250 1342 Cor.
2284 1285 2397 1356 xv).
2431 1285 2719 1341 Sciendum
2770 1285 2894 1356 quia
2945 1283 3028 1341 vel
3077 1286 3192 1340 hac
3238 1282 3486 1355 specialis
3531 1296 3618 1336 as-

2029 1377 2264 1447 sumptio
2297 1375 2543 1447 corporis
2575 1376 2900 1432 veneranda:
2941 1375 3222 1448 genitricis
3265 1374 3361 1430 Dei
3408 1372 3609 1436 Mariae,

2029 1469 2114 1522 vel
2138 1482 2324 1523 eorum
2349 1468 2588 1539 quicum
2618 1466 2845 1523 Domino
2896 1467 3200 1523 surrexisse
3249 1465 3520 1539 leguntur,
3557 1470 3617 1521 et

2029 1558 2085 1616 in
2107 1560 2307 1616 caelum
2334 1559 2646 1616 ascendisse
2693 1560 3008 1626 creduntur,
3047 1558 3401 1634 apostolicam
3433 1563 3620 1613 aucto-

2030 1653 2249 1708 ritatem
2278 1653 2452 1722 magis
2477 1650 2735 1722 adjuvant
2767 1666 2931 1723 quam
2980 1651 3317 1723 impugnant.
3348 1649 3616 1718 Quoniam

2030 1753 2086 1804 et
2109 1759 2306 1815 corpus
2331 1745 2482 1811 illud,
2499 1745 2564 1800 de
2585 1760 2694 1816 quo
2717 1745 2860 1801 Deus
2886 1744 3220 1814 iucorporari
3242 1742 3428 1802 voluit,
3449 1740 3608 1796 citius

1951 1833 2000 1894 B
2029 1836 2082 1892 iu
2113 1836 2309 1892 cmlum
2345 1836 2612 1892 sublevari
2649 1837 2846 1902 decuit,
2869 1845 2924 1890 et
2953 1836 3074 1890 illos
3095 1849 3238 1891 verze
3268 1831 3618 1890 resurrectio-

2030 1931 2116 1985 nis
2142 1938 2195 1985 et
2220 1931 2555 1985 ascensionis
2607 1939 2805 1985 nostum
2833 1939 3001 1985 testes
3027 1930 3267 2000 praeisse,
3297 1927 3485 1998 procul
3515 1927 3616 1981 dn-

2028 2023 2120 2080 bio
2141 2034 2373 2081 constat.
2401 2025 2474 2079 De
2519 2026 2716 2095 quibus
2761 2024 2888 2096 quia
2944 2025 3243 2080 doctissimi
3296 2031 3621 2079 traetatores

2027 2118 2278 2172 videntur
2307 2117 2448 2172 inter
2475 2133 2534 2172 se
2569 2117 2854 2182 dissidere,
2912 2133 3015 2171 non
3073 2126 3156 2173 est
3202 2133 3380 2173 meum
3423 2116 3473 2170 iu
3510 2124 3620 2169 tam

2027 2210 2176 2266 brevi
2201 2210 2464 2281 opusculo
2489 2211 2735 2265 definire.
2767 2210 2879 2266 Hoc
2927 2220 3108 2265 tamen
3160 2209 3465 2263 certissime
3499 2221 3622 2260 cum

2027 2304 2322 2360 universali
2349 2303 2585 2359 Ecclesia
2618 2314 2671 2359 et
2703 2304 2977 2358 credimus
3013 2311 3071 2356 et
3118 2302 3462 2364 confitemur,
3496 2298 3622 2368 quia

2027 2399 2072 2454 si
2100 2397 2608 2453 revereudissimum
2644 2396 2776 2451 illud
2801 2409 3002 2466 corpus
3023 2410 3090 2450 ex
3113 2409 3219 2464 quo
3243 2394 3382 2448 Deus
3412 2400 3492 2448 est
3539 2391 3622 2444 in-

2033 2501 2300 2555 rarnatus,
2327 2492 2507 2546 adhuc
2557 2490 2754 2545 alicubi
2803 2489 2859 2544 iu
2911 2499 3056 2544 terra
3106 2489 3338 2554 celatur,
3365 2485 3622 2542 revelatio

2027 2583 2216 2652 utique
2269 2583 2435 2653 ipsius
2481 2583 2547 2637 ad
2603 2583 3032 2638 destructionem
3077 2581 3397 2637 Antichristi
3443 2595 3621 2636 reser-

2027 2685 2204 2729 vatur.

2099 2771 2298 2825 Eodem
2331 2770 2417 2824 die
2447 2770 2496 2824 iu
2523 2769 2837 2826 Nicomedia
2856 2770 3112 2825 uativitas
3135 2778 3445 2824 sanctormu
3469 2766 3624 2823 Stra-

2027 2863 2188 2923 tonis,
2226 2861 2454 2932 Philippi
2489 2872 2542 2918 et
2569 2863 2915 2933 Eutychiaui,
2948 2877 3071 2918 cum
3107 2861 3268 2917 sociis
3297 2875 3507 2915 eorum.

2102 2952 2288 3007 Ruina:
2329 2954 2500 3008 sancti
2557 2954 2826 3010 Tharsicii
2875 2955 3145 3027 martyris.
3203 2951 3373 3020 Quem
3427 2951 3624 3024 pagani

2028 3060 2152 3101 cam
2185 3045 2516 3100 invenissent
2541 3045 2738 3102 Christi
2770 3046 3010 3115 corporis
3031 3053 3365 3101 sacramenta
3399 3055 3620 3114 portan-

2031 3144 2162 3201 tem,
2197 3145 2480 3205 ctnperunt
2529 3136 2797 3191 discutere
2843 3136 2971 3205 quid
3011 3143 3194 3206 ageret
3220 3142 3275 3188 et
3310 3134 3438 3204 quid
3469 3147 3624 3204 gere—

337 3239 425 3288 ιηι·
458 3230 754 3288 nomn-“ca,
799 3236 1134 3292 ascensionis
1189 3238 1439 3307 gloriam,
1491 3255 1631 3309 qum,
1684 3213 1922 3296 εοηιιηῇο
1951 3213 1996 3276 C
2031 3238 2130 3283 ret.
2154 3231 2221 3281 At
2252 3228 2359 3293 ille,
2386 3226 2933 3297 iudiguumjudicans
2959 3227 3135 3297 porcis
3157 3229 3387 3294 prodere
3411 3239 3621 3294 marga-

336 3321 613 3377 diabulieae
675 3325 1025 3397 malignitatis
1075 3330 1270 3397 capite,
1332 3341 1540 3386 mentes
1591 3332 1826 3386 lidelium
1854 3333 1919 3387 ad

336 3416 744 3486 contemplanda
770 3419 1008 3478 etelestia
1037 3422 1320 3488 animavit,
1354 3425 1529 3478 sancti
1560 3425 1788 3493 apostoli
1820 3425 1924 3481 Do-

336 3509 549 3565 miuiet
591 3509 888 3566 Salvatoris
931 3515 1098 3567 nostri
1157 3531 1277 3568 cum
1325 3517 1482 3571 beata
1540 3517 1706 3572 Maria
1749 3528 1924 3573 matre

337 3600 477 3670 ejus,
506 3600 558 3655 in
587 3617 747 3656 unam
775 3605 1084 3674 congregati
1129 3606 1372 3673 domum,
1419 3609 1598 3662 omnia
1653 3610 1925 3679 ponebant

337 3690 393 3748 in
422 3692 678 3757 medium,
712 3709 810 3748 uec
838 3695 1132 3765 quidquam
1183 3712 1340 3752 suum
1385 3711 1508 3753 esse
1550 3699 1745 3769 aliquis
1781 3701 1924 3754 dice-

337 3781 455 3848 bat,
484 3783 580 3839 sed
606 3785 978 3855 unusquisque
1003 3796 1197 3844 cuncta
1219 3789 1528 3857 possidebat
1554 3791 1607 3845 in
1633 3791 1921 3859 charitate,

339 3874 478 3931 sicut
503 3891 660 3932 sacer
686 3880 994 3948 apostolica:
1045 3881 1274 3937 actionis
1324 3895 1543 3938 enarrat
1568 3885 1762 3955 stylus.
1795 3885 1924 3941 Post

338 3965 454 4022 haec
482 3969 709 4039 dispersi
725 3978 851 4024 sunt
877 3985 972 4040 per
994 3973 1239 4042 regiones
1261 3975 1504 4030 diversas
1532 3977 1597 4029 ad
1624 3977 1926 4045 [medicau-

339 4058 465 4115 dttm
483 4060 706 4116 verbum
724 4061 836 4116 Dei.
870 4061 1112 4132 Denique
1145 4063 1364 4135 impleto
1389 4067 1544 4122 beata
1569 4067 1735 4120 Maria
1767 4065 1924 4135 hujus

336 4149 464 4204 vitae
490 4165 673 4215 cursu,
697 4168 819 4207 cum
843 4154 956 4223 jam
983 4167 1268 4212 vocaretur
1288 4173 1317 4212 c
1349 4159 1565 4226 saeculo,
1609 4160 1924 4231 congregati

340 4247 466 4298 sunt
489 4243 677 4296 omnes
700 4246 928 4313 apostoli
956 4247 1023 4300 de
1047 4249 1274 4318 singulis
1298 4250 1606 4321 regionibus
1621 4253 1686 4306 ad
1706 4253 1924 4308 domum

338 4336 474 4405 ejus.
511 4336 755 4408 Cumque
801 4341 1078 4397 audissent
1124 4345 1250 4412 quia
1303 4355 1449 4400 esset
1504 4350 1828 4403 assumenda
1860 4349 1927 4405 de

339 4429 559 4493 mundo,
592 4428 884 4499 vigilabant
908 4445 1031 4485 cum
1055 4447 1117 4486 ea
1156 4433 1334 4488 simul.
1395 4435 1461 4490 Et
1503 4452 1628 4492 ecce
1663 4439 1927 4494 Dominus

343 4517 498 4574 Jesus
525 4520 741 4576 advenit
771 4535 891 4576 cum
920 4521 1125 4592 angelis
1151 4524 1289 4588 suis,
1313 4526 1652 4596 etaccipieus
1685 4529 1920 4584 animam

2027 3324 2185 3388 ritas,
2226 3323 2408 3376 tandiu
2456 3321 2686 3377 fustibus
2743 3337 2806 3376 ac
2856 3321 3124 3390 lapidibus
3171 3335 3342 3374 caesus
3373 3327 3476 3383 est,
3507 3332 3614 3387 quo

2026 3430 2199 3484 usque
2235 3415 2483 3485 spiritum
2515 3412 2819 3468 exhalaret.
2875 3413 2942 3466 Et
2974 3411 3217 3466 revoluto
3247 3409 3363 3478 ejus
3392 3425 3621 3480 corpore

2029 3509 2279 3579 sacrilegi
2311 3509 2647 3562 discussores
2679 3506 2813 3561 nihil
2844 3515 3134 3576 potuerunt
3167 3505 3220 3559 in
3277 3505 3397 3577 ejus
3443 3506 3619 3560 maui-

2027 3598 2131 3654 bus
2154 3599 2603 3667 vestimentisque
2638 3597 2881 3653 invenire
2904 3605 3371 3653 sacramentorum
3396 3595 3622 3651 Christi.

2028 3691 2322 3747 Christiani
2353 3699 2533 3744 autem
2572 3689 2902 3758 collegerunt
2929 3705 3124 3761 corpus
3152 3688 3287 3757 ejus,
3326 3698 3380 3742 et
3429 3687 3622 3758 sepeli-

2027 3791 2223 3838 veruut
2261 3783 2314 3834 iu
2341 3780 2657 3837 coemeterio
2681 3779 2898 3834 Callixti
2922 3780 3008 3833 via
3033 3779 3225 3850 Appia.

2095 3873 2236 3931 XVII
2258 3873 2370 3928 Ku.
2392 3873 2663 3928 Serrano.
2682 3905 2750 3913 —
2769 3873 2827 3928 In
2850 3872 3028 3928 Nicma
3054 3873 3318 3946 Bithynia:
3368 3874 3622 3928 nativitas

2029 3968 2201 4024 sancti
2235 3967 2438 4022 Ursatii
2467 3965 2797 4022 confessoris
2850 3967 2950 4022 sub
2998 3966 3209 4022 Licinio
3252 3977 3619 4036 persecutore.

2029 4057 2132 4126 Qui
2157 4058 2368 4123 deinde,
2399 4058 2587 4114 relicta
2621 4059 2834 4124 militia,
2881 4058 3178 4114 solitariam
3215 4060 3379 4114 vitam
3411 4060 3463 4113 in
3492 4074 3622 4128 qua-

2030 4152 2153 4208 dam
2181 4161 2329 4206 turre
2371 4152 2610 4223 praefatae
2655 4151 2806 4207 urbis
2857 4152 2990 4222 egit,
3036 4152 3308 4222 tantisque
3335 4153 3626 4206 viitntibus

2030 4249 2246 4314 claruit,
2275 4260 2335 4305 ut
2366 4259 2422 4304 et
2464 4250 2737 4305 daemones
2782 4249 3055 4319 expulisse
3100 4258 3152 4301 et
3198 4248 3471 4316 ingentem
3506 4243 3624 4296 dr‘a-

2031 4357 2222 4398 couem
2249 4342 2455 4397 orando
2483 4342 2821 4398 interemisse
2844 4341 3073 4412 legatur.
3103 4339 3378 4408 Scriptum
3405 4336 3456 4389 iu
3481 4333 3620 4388 libro

2031 4435 2224 4506 quinto
2257 4435 2506 4490 Historia:
2535 4435 2916 4490 ecclesiastica:
2944 4432 3275 4504 Tripartitte.

2102 4525 2287 4581 Roma:
2316 4537 2519 4583 sancta:
2541 4527 2758 4584 Serenaa
2780 4526 2967 4582 uxoris
2997 4524 3268 4596 quondam
3299 4519 3623 4578 Diocletiani

341 4607 460 4676 ejus
482 4649 496 4674 ,
521 4611 741 4665 tradidit
774 4580 1099 4683 archangelo
1127 4580 1372 4669 Michaeli
1404 4625 1458 4670 et
1499 4580 1925 4676 iecessitiDilE
1952 4580 2002 4640 Ι)
2027 4616 2277 4686 Augusti.

341 4701 462 4757 culo
490 4711 668 4758 autem
698 4703 1013 4760 levaverunt
1043 4707 1270 4776 apostoli
1304 4724 1500 4779 corpus
1545 4710 1684 4780 ejus,
1731 4727 1925 4782 posue-

342 4804 572 4865 ruutqne
609 4796 735 4852 illud
771 4799 823 4852 iu
870 4810 1242 4866 monumento,
1295 4811 1349 4856 et
1401 4804 1792 4867 custodiebant,
1827 4807 1922 4861 ad-

340 4896 558 4942 ventum
588 4889 796 4944 Domini
822 4891 1213 4959 praestolantes.
1252 4892 1318 4946 Et
1347 4907 1472 4949 ecce
1519 4895 1712 4950 iterum
1749 4898 1922 4952 astitit

342 4982 422 5036 eis
480 4981 756 5050 Dominus,
805 4996 1221 5056 susceptumque
1293 5001 1490 5056 corpus
1555 4995 1800 5042 sanctum
1866 4989 1940 5044 in'

342 5078 506 5142 nube,
529 5076 726 5133 deferri
743 5080 904 5149 jussit
947 5081 1000 5134 in
1054 5081 1384 5150 paradisum.
1419 5082 1515 5137 Ubi
1548 5098 1690 5137 nunc
1717 5099 1925 5138 resum-

341 5179 432 5240 pta
462 5170 664 5236 anima,
695 5186 817 5226 cum
867 5171 1054 5227 electis
1101 5173 1216 5242 ejus
1269 5174 1568 5241 exsultans,
1600 5175 1925 5231 aeternitatis

340 5259 502 5324 bono,
532 5261 678 5317 nullo
717 5276 975 5318 occasura
1029 5263 1154 5331 fine,
1199 5264 1513 5334 perfruitur.
1550 5287 1567 5319 ι
1608 5267 1722 5322 Ilnc
1752 5283 1926 5336 usque

344 5349 660 5421 Gregorius.
689 5351 841 5420 Quod
869 5353 910 5406 si
941 5368 1098 5423 quem
1129 5362 1308 5407 movet
1331 5359 1598 5424 quomodo
1629 5358 1766 5413 idem
1793 5358 1926 5414 Gre-

345 5442 548 5514 gorius,
577 5445 629 5499 in
658 5442 866 5499 Occasu
899 5443 1026 5498 solis
1051 5445 1278 5514 positus,
1307 5460 1367 5500 ea
1422 5463 1541 5516 quze
1595 5449 1648 5502 iu
1699 5449 1922 5507 Oriente

345 5541 470 5586 sunt
497 5541 646 5602 gesta
674 5534 1022 5603 compererit,
1058 5549 1124 5589 ex
1154 5533 1273 5590 aliis
1323 5535 1440 5606 ejus
1483 5537 1701 5606 scriptis
1759 5557 1926 5611 agno-

345 5635 462 5679 scat
491 5626 615 5695 quia
652 5625 718 5680 de
741 5634 854 5681 toto
875 5625 1004 5680 orbe
1039 5625 1104 5681 ad
1137 5637 1384 5685 sanctum
1434 5629 1739 5695 Marlinutn,
1783 5634 1926 5688 sicut

345 5717 411 5780 ad
443 5718 809 5789 philosophos,
839 5721 1285 5784 concurrebatur,
1309 5731 1360 5775 et
1399 5723 1464 5776 de
1492 5723 1744 5778 Occiduis
1769 5744 1924 5780 lllllll-

345 5809 399 5867 di
427 5811 670 5882 partibus
716 5810 831 5867 loca
867 5819 1051 5867 sancta
1093 5813 1146 5866 in
1181 5811 1365 5868 Judtea
1410 5813 1920 5886 frequentabantur.

2101 4711 2156 4764 ln
2184 4709 2512 4765 Alexandria
2543 4709 2797 4765 nativitas
2823 4717 3138 4765 sanctorum
3169 4705 3408 4776 Orionis,
3441 4703 3619 4762 [Emi-

2027 4803 2109 4870 lii,
2139 4805 2354 4875 Aguati.

2101 4897 2158 4950 lu
2186 4897 2402 4952 Perside
2424 4896 2619 4968 Thyrsi
2656 4912 2778 4952 cum
2822 4897 2985 4952 sociis
3016 4896 3147 4952 suis.

2099 4987 2216 5044 XVI
2270 4989 2382 5044 ΚΜ,
2425 4988 2869 5044 Sensum—lu
2922 4987 3170 5044 Caesarea
3264 4982 3621 5055 Cappadociae

2033 5078 2294 5132 nativitas
2323 5080 2496 5132 sancti
2538 5077 2785 5134 Mamma:
2817 5080 2931 5134 sive
2954 5076 3276 5132 Mannuetis.
3326 5073 3427 5144 Qui
3486 5083 3620 5128 tem-

2030 5170 2256 5240 poribus
2284 5171 2562 5226 Aureliani
2597 5172 2832 5243 tyranni,
2875 5171 3088 5244 quando
3113 5168 3419 5239 persecutio
3447 5165 3621 5220 maxi-

2033 5281 2122 5319 ma
2153 5264 2250 5318 fuit
2276 5264 2619 5331 Christianis,
2653 5281 2777 5320 cum
2835 5278 2968 5333 puer
3022 5268 3167 5315 esset
3210 5259 3396 5313 decem
3442 5273 3615 5311 anno-
3667 5313 3680 5326 ,

2031 5357 2178 5426 rum,
2233 5360 2434 5416 relictis
2459 5360 2728 5424 omnibus,
2762 5356 2897 5426 fugit
2941 5357 2993 5408 iu
3030 5363 3266 5409 montem
3311 5367 3432 5407 cum
3462 5365 3625 5421 peco-

2034 5454 2186 5510 ribus
2216 5455 2348 5519 suis,
2383 5470 2502 5524 quae
2530 5451 2725 5506 ibidem
2756 5449 3012 5521 pascebat
3041 5458 3096 5502 et
3122 5461 3308 5502 eorum
3357 5445 3495 5498 lacte
3529 5458 3619 5500 ve.—

2035 5547 2307 5603 seebatur.
2338 5546 2445 5615 .Ubi
2477 5544 2716 5598 visitatio
2744 5541 2925 5596 divina
2949 5556 3111 5611 super
3140 5539 3292 5594 illum
3335 5535 3508 5602 venit,
3545 5534 3623 5591 ei-

2033 5655 2138 5709 que
2166 5637 2515 5709 prmsiguavit
2535 5635 2768 5708 qualiter
2799 5650 2895 5706 pro
2917 5633 3120 5690 Christi
3147 5632 3363 5686 nomine
3390 5630 3499 5700 pati
3525 5628 3622 5682 de-

2033 5729 2207 5784 beret.
2231 5728 2362 5782 Cum
2391 5743 2520 5798 ergo
2569 5728 2695 5782 fera:
2746 5727 3024 5781 silvestres
3084 5724 3150 5780 ad
3198 5739 3319 5779 eum
3346 5722 3613 5783 venirent,

2033 5823 2148 5894 ipse
2168 5838 2255 5893 jue
2285 5821 2477 5878 sedens
2515 5820 2754 5892 quotidie
2801 5817 3156 5892 Evangelium
3190 5815 3434 5891 legeret,
3473 5827 3627 5903 tuan-Il
