4046 6492
512 412 653 472 1145

1418 410 1479 466 n.
1517 409 1823 470 NOTKERI
1857 408 2152 472 saccum
2193 416 2252 475 s.
2291 362 2503 482 GALLI‘
2532 415 2836 478 MONACHI

3642 419 3760 475 HM

510 524 818 585 suetissitne
842 524 987 580 circa
1020 538 1144 580 eum
1184 525 1560 590 versabantur,
1609 540 1906 596 earumque
1948 525 2090 582 lacte
2114 534 2169 594 Α
2191 530 2267 586 nl.
2304 529 2413 587 Sed
2461 547 2584 587 cum
2609 530 2815 603 gratias
2841 528 2955 588 Deo
2977 536 3193 603 martyr
3217 534 3431 603 ageret,
3459 528 3671 600 ﬂagellis
3690 544 3762 590 est

511 636 702 678 servus
721 621 815 676 Dei
837 632 893 676 et
922 636 981 676 se
1006 629 1062 676 et
1097 620 1233 676 alios
1260 636 1525 693 pauperes
1557 622 1610 678 in
1637 621 1909 679 alimoniis
1940 623 2092 695 juva-

512 714 624 770 bat.
658 712 794 771 Cum
820 713 1059 769 audisset
1080 713 1181 769 hoc
1209 712 1513 770 Alexander
1551 729 1752 786 praeses
1790 729 1914 772 eum
1953 714 2095 772 inter

512 805 658 861 feras
687 806 1049 862 communiter
1075 805 1279 871 vivere,
1305 806 1527 877 magica:
1557 806 1661 861 arti
1692 804 1822 861 illud
1871 806 2097 877 deputa-

512 895 623 952 vit:
662 904 1018 967 vocatumque
1046 896 1113 952 ad
1148 910 1207 952 se
1233 895 1420 952 multis
1445 898 1731 952 tormentis
1759 896 1973 963 afﬂixit,
1991 898 2096 955 hoc

518 996 625 1054 est,
648 986 875 1058 cquuleo
903 1001 1222 1058 suspensum
1246 987 1421 1053 torsit,
1445 996 1501 1043 et
1537 989 1590 1044 in
1634 988 1905 1044 caminum
1956 987 2095 1062 ignis

524 1079 802 1133 ardentem
835 1078 1001 1141 misit,
1030 1078 1124 1134 sed
1151 1078 1204 1132 in
1228 1077 1379 1141 nullo
1407 1093 1530 1134 eum
1578 1079 1716 1150 ignis
1765 1079 1961 1136 laedere
1998 1093 2097 1151 po-

516 1171 638 1224 tuit.
670 1169 866 1226 Postea
888 1168 1050 1238 jussit
1080 1186 1204 1226 eum
1254 1170 1501 1242 lapidari,
1527 1171 1581 1227 in
1611 1180 1839 1237 tantum,
1869 1184 1931 1227 ut
1958 1186 2096 1242 pene

519 1273 692 1319 totum
719 1280 916 1335 corpus
936 1264 1078 1320 Illius
1098 1264 1364 1336 lapidibus
1387 1264 1707 1336 cperiretur.
1732 1263 1901 1332 Quem
1920 1279 2100 1335 perse-

514 1367 675 1413 cutor
695 1367 967 1413 mortuum
992 1358 1235 1421 credens,
1257 1358 1495 1413 secessit.
1524 1355 1630 1412 Sed
1653 1357 1928 1421 Dominus,
1954 1371 2099 1412 mar-

516 1458 692 1520 tyrem
724 1464 879 1507 suum
908 1450 1132 1506 illaesum
1159 1466 1409 1516 servans,
1447 1459 1632 1521 postea
1666 1465 1762 1506 sua
1810 1450 2100 1507 vocatione

512 1544 582 1599 ad
609 1544 852 1601 caelestia
882 1559 1045 1623 regna
1098 1559 1219 1599 eum
1265 1543 1593 1610 arcessivit;
1636 1545 1825 1614 sicque
1873 1544 1926 1598 in
1960 1555 2095 1615 pace

514 1635 747 1690 animam
771 1628 1023 1700 reddens,
1055 1635 1121 1690 ad
1144 1644 1404 1708 aeternam
1436 1634 1681 1704 requiem
1710 1635 1981 1706 migravit.

578 1730 636 1785 ln
662 1729 846 1785 Africa
890 1739 1199 1786 sanctorum
1242 1738 1546 1802 martyrum
1594 1728 1832 1785 Liberati
1862 1728 2099 1795 abbatis,

508 1821 775 1878 Bonifacii
801 1821 1031 1886 diaconi,
1051 1820 1222 1876 Servii
1256 1818 1457 1894 [Servi]
1489 1828 1543 1874 et
1574 1819 1778 1876 Rustici
1812 1820 2098 1875 subdiaco-

2192 634 2386 687 eaasus,
2434 629 2492 676 et
2540 618 2713 676 nudus
2762 634 3054 691 suspensus
3087 619 3284 691 capite
3334 619 3585 674 deorsum
3607 636 3760 692 verso,

2194 711 2306 767 acri
2331 710 2517 768 subter
2543 709 2689 767 fumo
2717 710 2881 777 facto,
2905 725 3027 767 cum
3074 711 3297 767 diceret
3340 710 3593 781 prasidi:
3627 731 3645 764 ε
3676 712 3763 769 Sa-

2194 802 2395 875 pientia
2424 811 2513 858 tua
2543 812 2599 859 et
2624 803 2835 860 vanitas
2864 812 2953 857 tua
2977 802 3031 858 in
3061 802 3225 860 furno
3264 801 3502 869 laboret,
3542 822 3563 856 ι
3594 804 3759 861 iterum

2197 895 2423 968 ﬂagellis
2448 896 2672 952 eraditur
2697 895 2728 950 ὸ
2753 896 2999 966 quatuor.
3024 894 3131 951 sibi
3181 895 3423 952 invicem
3463 896 3760 954 succedenti-

2199 985 2324 1051 bus,
2356 986 2552 1043 deinde
2598 986 2909 1042 bullientem
2954 1001 3153 1057 aquam
3201 1001 3375 1057 super
3411 995 3645 1042 ventrem
3667 989 3761 1060 ejus

2198 1078 2429 1147 ministri
2455 1078 2653 1134 diaboli
2691 1078 3012 1135 effuderunt.
3055 1079 3278 1135 Interea
3313 1078 3507 1151 judex,
3533 1079 3596 1135 de
3620 1083 3761 1141 tribu-

2198 1169 2306 1226 nali
2335 1185 2434 1227 suo
2454 1171 2674 1237 cadens,
2703 1170 2961 1227 collectus
2990 1186 3023 1226 a
3057 1170 3342 1226 ministris
3370 1171 3425 1226 in
3462 1170 3596 1226 lecto
3627 1173 3756 1227 recli-

2200 1269 2378 1326 natur,
2426 1271 2482 1316 et
2515 1261 2755 1318 sentiens
2803 1261 2898 1316 Dei
2950 1261 3215 1318 virtutem
3274 1261 3332 1317 in
3390 1270 3636 1336 martyre,
3664 1274 3758 1335 post

2200 1350 2473 1407 modicum
2534 1352 2745 1407 tristem
2800 1352 3039 1408 animam
3094 1353 3310 1408 amisit.
3357 1352 3438 1408 De
3484 1354 3634 1408 beato
3657 1362 3760 1409 Vero

2198 1441 2429 1514 Agapito
2452 1444 2815 1499 renuntiatum
2853 1451 2938 1500 est
2962 1444 3313 1516 imperatori,
3334 1444 3429 1516 qui
3460 1445 3660 1501 beatum
3690 1447 3758 1502 vi-

2202 1548 2322 1589 rum
2357 1534 2603 1592 leonibus
2643 1535 2807 1606 jussit
2837 1536 3060 1608 projici;
3089 1538 3191 1594 sed
3233 1537 3615 1595 mansuefacta!
3636 1538 3754 1605 fere,

2202 1625 2429 1695 pedibus
2472 1629 2727 1701 martyris
2782 1629 2850 1683 ad
2906 1629 3754 1689 lambendumseinclinaverunt.

2204 1715 2317 1772 Hoc
2364 1718 2608 1775 videntes
2655 1719 2877 1776 sceleris
2918 1720 3179 1787 ministri,
3231 1720 3477 1777 tulerunt
3512 1722 3574 1776 de
3612 1723 3755 1777 medio

2204 1818 2447 1864 sanctum
2498 1821 2812 1884 martyrem,
2851 1818 2907 1866 et
2944 1819 3219 1867 venerunt
3275 1818 3470 1866 contra
3521 1811 3752 1867 civitatem

510 1932 725 1981 norum,
760 1916 949 1987 Rogati
977 1923 1032 1971 et
1053 1914 1338 1985 Septimini
1365 1912 1665 1988 [Septimi],
1702 1911 2095 1969 monachorum

2202 1899 2604 1966 Praenestinam,
2621 1902 2712 1957 ubi
2741 1911 2869 1958 sunt
2888 1903 3008 1959 dum
3042 1903 3324 1960 columna:
3344 1914 3402 1961 et
3428 1904 3499 1960 ibi
3526 1904 3639 1961 eum
3665 1905 3755 1976 gla-

508 2020 566 2068 et
594 2009 809 2065 Maximi
840 2009 1009 2078 pueri.
1040 2006 1555 2078 Quipersecutione
1577 2003 1920 2069 Wandalica,
1941 2001 2094 2071 jussu

509 2102 866 2158 crudelissimi
896 2110 1061 2172 atque
1094 2100 1399 2170 impiissimi
1427 2099 1569 2170 regis
1600 2096 1816 2153 Ilcnrici
1842 2094 2090 2168 [Hunne-

510 2192 636 2267 rici]
667 2194 733 2248 de
770 2192 1044 2249 territorio
1072 2190 1363 2262 Caspensis
1401 2190 1660 2254 civitatis,
1693 2206 1759 2245 ex
1788 2188 2097 2263 habitacula

511 2286 825 2342 monasterii
872 2284 1150 2345 abstracti,
1190 2291 1353 2354 atque
1392 2284 1459 2338 ad
1490 2283 1676 2338 urbem
1706 2282 2097 2351 Carthaginen—

515 2392 632 2431 sem
670 2376 916 2448 perducti
941 2384 1084 2432 sunt.
1126 2373 1229 2431 Ubi
1272 2390 1371 2445 pro
1426 2372 1767 2429 confessione
1818 2372 2099 2429 catholica:

512 2456 637 2527 ﬁdei
664 2479 718 2525 et
743 2471 884 2525 unici
915 2448 1256 2541 baptismatis
1279 2468 1596 2526 defensione
1618 2470 1798 2541 primo
1834 2468 2098 2525 carcerali

513 2563 775 2618 custodite
800 2561 1116 2631 mancipati,
1166 2570 1223 2618 et
1267 2561 1576 2618 crudelibus
1602 2561 1734 2621 ferri
1773 2562 2099 2633 ponderibus

513 2655 731 2719 arctati,
767 2652 1066 2709 tenebrosis
1093 2653 1331 2724 deputati
1357 2662 1483 2709 sunt
1518 2653 1670 2709 locis.
1706 2653 1804 2709 Ubi
1838 2669 1961 2709 cum
2013 2653 2101 2709 die

516 2760 584 2801 ac
603 2756 758 2801 nocte
788 2745 1307 2801 Christianissimum
1332 2744 1585 2817 populum
1620 2748 1671 2801 in
1699 2745 1819 2800 fidei
1843 2753 2099 2801 constan-

513 2838 589 2893 tia
628 2839 966 2903 roborarent,
1006 2837 1171 2907 jussit
1227 2845 1506 2909 tyrannus,
1561 2837 1747 2894 furore
1782 2853 2097 2904 succensus,

513 2947 706 2988 navem
741 2931 1007 3004 lignorum
1053 2931 1341 3001 manipulis
1385 2930 1687 3002 adimpleri,
1746 2942 1911 3002 atque
1946 2931 2001 2985 in
2035 2945 2099 2986 ea

516 3040 706 3080 omnes
730 3025 935 3096 pariter
975 3023 1240 3095 alligatos,
1267 3023 1321 3078 in
1351 3020 1529 3079 medio
1555 3021 1729 3093 pelagi
1754 3023 1877 3093 igne
1899 3036 2101 3093 suppo-

516 3116 624 3171 site
644 3114 1000 3171 concremari.
1020 3098 1271 3184 Cumque
1288 3129 1385 3184 pro
1407 3112 1685 3169 voluntate
1711 3112 1928 3169 nefandi
1958 3112 2102 3184 regis

514 3206 602 3261 vel
639 3192 937 3261 crudelium
968 3203 1620 3270 ministrorum,extensis
1635 3218 1822 3259 eorum
1850 3204 2103 3261 manibus

515 3305 574 3353 et
608 3294 833 3367 pedibus
861 3294 1103 3362 elevatis,
1136 3294 1278 3367 ignis
1317 3293 1511 3352 fuisset
1541 3295 1700 3368 lignis
1726 3295 1971 3366 injectus,
1994 3304 2105 3352 sta-

517 3392 616 3446 tim
647 3390 876 3461 imperio
914 3388 1116 3454 divino,
1166 3386 1472 3445 videntibus
1519 3389 1751 3453 cunctis,
1801 3388 2106 3445 exstinctus

516 3489 623 3537 est.
649 3481 716 3536 Et
742 3481 866 3534 dum
895 3479 1089 3549 saepius
1105 3478 1686 3543 revocaretur,iterum
1717 3487 1879 3548 atque
1909 3480 2107 3534 iterum

516 3571 999 3644 exstinguebantur
1040 3570 1180 3643 globi
1223 3570 1582 3625 ﬂammarum.
1633 3569 1785 3626 [nde
1831 3569 2001 3641 magis
2027 3578 2110 3642 ty-

518 3678 725 3719 rannus
777 3661 958 3718 furore
1011 3661 1171 3717 simul
1218 3672 1274 3716 et
1304 3661 1508 3732 pudore
1537 3661 1796 3731 repletus,
1820 3660 1987 3732 jussit
2012 3675 2108 3717 eos

515 3746 788 3809 remorum
814 3754 1057 3809 vectibus
1082 3753 1321 3817 enecari,
1346 3763 1402 3808 et
1427 3753 1501 3807 ita
1533 3752 1776 3825 singulos
1808 3754 1858 3807 in
1889 3754 2105 3807 modum

516 3861 711 3902 cauum
733 3846 976 3901 cerebris
1002 3844 1347 3900 comminutis
1389 3844 1656 3914 exstingui
1693 3862 1705 3897 :
1734 3844 1920 3913 sicque
1972 3858 2105 3912 spe-

518 3939 723 3992 ciosum
759 3952 979 3993 cursum
1020 3935 1336 3992 certaminis
1379 3935 1483 4001 sui,
1530 3943 1827 3990 coronante
1855 3934 2105 3999 Domino,

519 4028 884 4097 perfecerunt.
933 4026 1172 4095 Corpora
1223 4041 1409 4081 eorum
1450 4025 1501 4079 in
1555 4040 1704 4080 mare
1734 4025 1959 4096 jactata,
2012 4023 2106 4080 sed

519 4118 709 4173 eadem
737 4117 870 4172 liora
898 4116 1060 4171 illaesa
1086 4116 1360 4171 littoribus
1403 4116 1637 4183 reddita,
1661 4125 1714 4170 et
1742 4132 1771 4170 a
1794 4116 2107 4172 Christiano

514 4208 715 4281 populo
740 4215 1049 4263 reverenter
1067 4206 1297 4271 sublata,
1328 4215 1602 4278 praeeunte
1627 4207 1773 4262 clero
1797 4221 1919 4261 cum
1946 4207 2115 4277 Itym-l

517 4302 602 4356 nis
629 4299 958 4356 solemnibus
982 4298 1200 4354 condita
1248 4306 1374 4353 sunt
1413 4296 1465 4351 in
1495 4297 1825 4353 monasterio
1853 4296 2115 4369 continuo

519 4378 637 4465 [pro
674 4387 948 4462 eontiguo]
980 4388 1239 4455 basilicae,
1266 4390 1411 4458 quod
1437 4388 1635 4445 dicitur
1656 4386 1934 4443 Celerinte.
1960 4385 2117 4467 Scri-l

518 4487 600 4542 bit
638 4487 830 4541 beatus
875 4483 1064 4539 Victor
1095 4483 1385 4538 Africanus
1435 4482 1723 4553 cpiscopus
1775 4481 1828 4535 in
1868 4480 2108 4536 Historia

519 4579 761 4649 ejusdem
813 4575 1145 4633 Wandalicae
1188 4575 1582 4646 persecutionis
1631 4589 1838 4646 :quam
1875 4582 1931 4628 et
1991 4573 2107 4643 ipse

518 4683 643 4724 cum
681 4667 895 4724 exteris
937 4665 1217 4733 sustinuit,
1260 4673 1316 4722 et
1355 4663 1498 4722 fideli
1528 4674 1693 4735 atque
1724 4662 1923 4720 illustri
1965 4663 2107 4735 stylo

521 4758 765 4831 digessit.

589 4849 646 4904 in
672 4846 1001 4904 Alexandria
1029 4846 1271 4903 Orionis.

591 4938 713 4997 XIV
738 4938 875 4995 Kac.
917 4938 1188 4995 Sarrana.
1209 4967 1283 4981 --
1318 4937 1472 5010 Apud
1498 4938 1774 4995 civitatem
1822 4937 2111 4994 Praenesti-

519 5045 669 5095 nam,
721 5027 974 5084 milliario
1031 5029 1099 5084 ab
1150 5026 1296 5084 Urbe
1348 5028 1624 5084 tricesimo
1676 5028 1856 5093 tertio,
1910 5028 2108 5085 natalis

522 5120 695 5175 sancti
722 5118 936 5191 Agapiti
968 5119 1224 5190 martyris
1277 5118 1377 5173 sub
1417 5117 1711 5176 Aureliano
1753 5121 2104 5191 imperatore,

517 5211 751 5283 praeside
785 5211 1070 5266 Antiocho.
1104 5209 1207 5278 Qui
1240 5224 1361 5265 cum
1399 5218 1545 5265 esset
1585 5226 1850 5267 annorum
1882 5212 2121 5282 quinde-'

474 5308 496 5329 '
521 5303 653 5367 citn,
676 5312 731 5358 et
777 5316 876 5372 pro
898 5316 1083 5379 amore
1107 5299 1310 5357 Christi
1365 5300 1626 5373 martyrio
1660 5299 1918 5367 ferveret,
1946 5302 2103 5371 jussu

528 5395 870 5470 imperatoris
898 5402 1097 5459 tentus,
1126 5402 1181 5449 et
1202 5394 1379 5465 primo
1394 5394 1574 5449 nervis
1591 5394 1772 5449 crudis
1801 5394 1892 5449 diu
1907 5390 2105 5461 caesus,

526 5488 725 5544 deinde
750 5485 967 5559 praesidi
1017 5492 1078 5539 ut
1122 5484 1493 5556 impelleretur
1533 5483 1847 5541 sacrificare
1878 5482 2119 5541 traditus

522 5587 626 5635 est.
656 5578 761 5646 Qui
818 5580 872 5634 in
907 5578 1201 5634 durissimo
1236 5586 1397 5648 atque
1448 5576 1837 5632 obscurissimo
1890 5590 2113 5631 carcere

521 5688 647 5727 eum
677 5672 914 5737 reclusit,
945 5680 999 5728 et
1023 5686 1121 5742 per
1164 5677 1396 5741 quatuor
1423 5668 1538 5724 dies
1577 5669 1626 5723 ei
1665 5669 1843 5725 cibum
1894 5683 2109 5725 omnem

520 5766 744 5833 negavit
781 5784 794 5821 :
828 5765 953 5822 inde
973 5781 1095 5821 cum
1135 5764 1201 5818 de
1237 5779 1456 5820 carcere
1478 5763 1691 5833 praesidi
1738 5764 1929 5818 fuisset
1957 5761 2112 5817 exhi-

521 5852 695 5921 bitus,
718 5867 920 5924 prunas
949 5853 1206 5911 ardentes
1226 5867 1392 5924 super
1417 5860 1579 5922 caput
1601 5851 1721 5923 ejus
1741 5852 1904 5922 jussit
1932 5852 2111 5924 impo-

1042 5946 1279 5969 .-ιΑρ’-σαι

1158 5981 1290 6008 “0-7.

966 5980 1146 5996 εοεαε-σιντ

2200 1992 2289 2048 dio
2312 2003 2701 2064 percusserunt
2732 1994 2833 2050 sub
2857 1995 3061 2052 die.....

2270 2104 2396 2179 (Hic
2417 2107 2605 2163 iterum
2642 2106 3008 2190 desiderantur
3034 2108 3241 2234 utfiunt
3278 2107 3501 2180 pagella
3536 2109 3587 2163 in
3610 2126 3701 2164 ma-
3758 2126 3761 2129 λ

2733 2190 3000 2234 uuscrmto
3030 2196 3089 2234 co
3132 2181 3260 2234 rce.)

2733 2179 3000 2249 uuscripto
3030 2179 3260 2251 codice.)

2198 2303 2352 2363 caput
2371 2309 2484 2363 ejus
2507 2293 2644 2347 sicut
2673 2309 2823 2364 mons
2844 2305 2920 2347 est
2950 2302 3071 2349 ante
3109 2309 3214 2360 me,
3254 2293 3396 2348 unde
3422 2302 3555 2348 totus
3575 2304 3740 2347 contre-

2203 2387 2386 2441 misco.
2416 2386 2672 2441 Traditur
2693 2401 2822 2457 ergo
2850 2385 3056 2447 aliis,et
3080 2386 3286 2457 gaudio
3318 2384 3571 2456 repletus,
3598 2397 3750 2437 manus

2202 2491 2328 2533 suas
2356 2492 2495 2547 aqua
2546 2470 2697 2541 lavit,
2733 2492 2906 2548 genua
2957 2476 3143 2543 ﬂexit,
3180 2477 3455 2533 cervicem
3493 2476 3556 2530 ad
3591 2484 3748 2530 terrain

2201 2567 2505 2623 humiliavit
2530 2609 2545 2633 ,
2579 2567 2883 2623 orationem
2922 2567 2989 2623 ad
3023 2576 3228 2623 terram
3279 2565 3455 2633 fudit,
3482 2563 3746 2635 martyrium

2203 2659 2462 2729 suscepit.
2701 2701 2705 2706 .

2258 2748 2425 2819 'Apud
2448 2747 2688 2819 Capuam
2714 2748 2968 2806 nativitas
2996 2750 3175 2808 sancti
3202 2749 3330 2805 Rufi
3351 2747 3611 2821 martyris,
3631 2743 3743 2801 docti

2201 2851 2257 2897 et
2279 2839 2537 2911 baptizati
2570 2855 2600 2895 a
2638 2838 2798 2897 beato
2833 2841 3171 2911 Apollinare.
3249 2883 3254 2888 .

2274 2930 2461 2986 Tomis
2504 2939 2818 2986 sanctorum
2876 2941 3174 3005 martyrum
3223 2931 3515 2988 Marcellini
3564 2926 3741 2992 tribuni,

2203 3030 2259 3078 et
2285 3021 2472 3077 uxoris
2492 3019 2609 3091 ejus
2636 3020 2908 3082 Mannete,
2931 3031 2988 3078 et
3012 3021 3107 3077 lilii
3143 3023 3317 3094 ipsius
3341 3020 3572 3085 Joannis,
3605 3016 3742 3073 etSe-

2206 3113 2447 3185 rapionis
2466 3113 2676 3176 clerici,
2709 3119 2766 3168 et
2792 3112 2941 3169 Petri
2972 3113 3184 3170 militis.

2277 3204 2334 3258 ln
2356 3202 2565 3267 Galliis,
2602 3203 2823 3259 civitate
2850 3195 3178 3271 Arelatensi,
3232 3201 3410 3261 sancti
3435 3197 3631 3258 Caesarii
3654 3194 3742 3267 epi-

2208 3296 2355 3367 scopi
2378 3304 2435 3351 et
2455 3294 2804 3359 confessoris.

2224 3442 2227 3443 ν
2278 3385 2433 3457 Apud
2475 3384 2924 3457 Augustodunum
2977 3384 3153 3444 sancti
3209 3384 3425 3457 Syagrii
3473 3376 3675 3454 episcopi
3696 3383 3739 3433 et

2208 3477 2557 3535 confessoris.
3472 3464 3482 3479 ’

2280 3571 2325 3626 V
2362 3571 2494 3626 ΚΑι..
2532 3571 2803 3628 Serrana.
2829 3602 2905 3616 —
2934 3571 3250 3630 Beatissimi
3278 3568 3538 3628 Hermetis
3576 3570 3736 3632 martyr

2209 3663 2305 3719 ris.
2337 3662 2439 3730 Qui
2470 3678 2593 3718 cum
2622 3672 2767 3720 esset
2796 3663 3102 3734 praefectus,
3128 3665 3201 3722 ab
3222 3662 3521 3720 Alexandro
3537 3652 3739 3729 pontiﬁce

2209 3766 2267 3810 et
2292 3764 2536 3826 martyre
2583 3756 2909 3828 baptizatur,
2944 3756 3150 3829 filiique
3188 3756 3309 3827 ejus
3351 3762 3405 3813 et
3439 3748 3616 3807 familia
3644 3755 3734 3800 cum

2212 3846 2336 3913 illo;
2374 3847 2571 3903 deinde
2602 3848 2670 3903 ab
2704 3847 2999 3904 Aureliano
3028 3848 3361 3918 imperatore
3386 3855 3551 3902 trusus
3573 3840 3617 3895 in
3647 3849 3736 3892 car-

2208 3955 2388 3997 cerem
2408 3981 2423 4006 ,
2467 3941 2741 3995 tribunum
2765 3940 3051 4008 Quirinum
3083 3958 3210 3997 cum
3243 3940 3390 3997 omni
3416 3938 3563 3993 domo
3585 3944 3663 3987 sua
3683 3922 3733 3979 ad

2209 4033 2368 4088 fidem
2420 4034 2705 4088 convertit.
2739 4032 2893 4101 Quod
2918 4033 3157 4107 audiens
3203 4030 3539 4092 Aurelianus,
3563 4023 3732 4079 beatum

2210 4123 2445 4180 Hermen
2477 4122 2836 4197 [Hermetcm]
2868 4122 3124 4179 decollari
3158 4120 3435 4193 praecepit.

2280 4214 2480 4269 Eodem
2527 4214 2633 4279 die,
2667 4212 2720 4268 in
2760 4211 2971 4276 Africa,
3013 4212 3288 4283 depositio
3312 4206 3479 4267 sancti
3502 4197 3731 4271 Augustth

2209 4304 2468 4376 episcopi,
2502 4302 2766 4358 mirabilis
2791 4303 2843 4357 in
2880 4302 3026 4358 omni
3066 4301 3295 4358 scientia
3317 4298 3437 4354 viri.
3467 4293 3557 4362 Qui
3583 4286 3731 4383 debts-

2209 4395 2317 4451 resi
2341 4393 2760 4449 Manichaeorum
2790 4393 2856 4449 ad
2884 4392 3080 4449 Christi
3104 4392 3353 4464 gratiam
3375 4378 3616 4475 Ambrosii

2212 4486 2363 4557 scopi
2395 4484 2637 4541 doctrina
2687 4499 3003 4550 conversus,
3048 4463 3383 4555 Hipponensi
3424 4470 3646 4534 Ecclesiae
3671 4463 3730 4519 di-

2214 4576 2507 4648 gnissimus
2546 4575 2840 4646 praeﬁcitur
2867 4574 3116 4631 antistes.
3147 4573 3320 4647 Hujus
3342 4560 3619 4656 venerabile
3638 4567 3728 4656 αξξ·

2214 4645 2335 4740 pus,
2366 4668 2518 4738 prius
2549 4645 2615 4722 de
2644 4682 2742 4724 sua
2775 4667 2992 4722 civitate
3037 4645 3260 4737 propter
3305 4661 3549 4721 barbaros
3583 4645 3727 4706 Sardi-

2212 4759 2359 4814 niam
2405 4757 2753 4825 translatum,
2791 4772 2964 4829 nuper
3006 4773 3039 4812 a
3064 4756 3393 4829 Lnitprando
3426 4760 3540 4820 rege
3564 4744 3724 4806 L008?

2213 4848 2506 4905 hardorum
2530 4847 2733 4904 Ticinis
2760 4847 2988 4905 relatum
3010 4858 3175 4921 atque
3204 4841 3488 4907 honoriﬁce
3507 4830 3722 4893 conditu!n

2213 4948 2317 4997 est.
3396 4994 3402 5005 ,
3460 4988 3463 4995 .

2285 5030 2487 5087 Eodem
2518 5031 2605 5086 die
2634 5030 2951 5096 Emmoniaa,
2983 5044 3105 5101 qua:
3143 5040 3228 5088 est
3272 5028 3454 5087 civitas
3488 5006 3718 5090 provinciae

2210 5119 2444 5188 Carnite,
2474 5121 2655 5191 passio
2687 5121 2860 5177 sancti
2889 5121 3090 5193 Pelagii
3120 5121 3386 5194 martyris.
3415 5112 3504 5181 Qui
3528 5107 3716 5200 ΨΨΡῨΓῨ

2210 5180 2525 5268 Numeriani
2579 5213 2947 5282 imperatoris,
3008 5180 3203 5284 agente
3248 5180 3714 5284 {’clasiojEvilasi-u]

2202 5304 2421 5376 jUdice,
2468 5319 2567 5375 pro
2597 5275 2703 5359 (ide
2748 5275 2953 5361 Christi
2996 5275 3170 5375 primo
3208 5303 3334 5361 ferri
3376 5294 3584 5370 pondere
3612 5275 3717 5376 c0110

2211 5395 2572 5465 ωεηίῡυειιυθ
2595 5404 2879 5467 gravatus,
2906 5396 2959 5451 in
2995 5411 3268 5451 carcerem
3317 5387 3527 5447 truditur
3548 5395 3560 5431 :
3585 5370 3715 5428 educ-

2216 5495 2306 5563 tus
2333 5487 2498 5558 virgis
2527 5488 2862 5551 verberatur,
2907 5488 3030 5545 dein
3059 5486 3291 5544 fustibus
3328 5479 3542 5564 caeditur,

2218 5553 2447 5646 equuleo
2476 5590 2790 5647 suspensus,
2823 5575 3035 5648 ungulis
3060 5576 3350 5637 laceratur,
3381 5567 3486 5624 oleo
3509 5553 3711 5651 ὒυιίίξηξθ

2216 5681 2462 5723 ventrem
2496 5668 2814 5732 infunditur,
2838 5683 3001 5739 super
3027 5667 3321 5738 fragmenta
3347 5663 3590 5718 testarum.
3611 5641 3720 5739 “8f.

2220 5762 2288 5816 tis
2312 5761 2560 5816 manibus
2604 5777 2667 5816 ac
2700 5737 2946 5832 pedibus,
2989 5737 3339 5830 protrahitur,
3376 5749 3606 5825 postremo
3641 5737 3716 5793 ⁶²ἰ

2212 5854 2327 5926 pite
2356 5863 2652 5910 truncatur.
