  <div class='ocr_page' id='page_1' title='image "/cluster/home/n/w/nwhite01/storage/ocr_20150623/131/hvd.32044015471725/578.png"; bbox 0 0 4046 6424; ppageno 0'>
   <div class='ocr_carea' id='block_1_1' title="bbox 239 389 392 486">
    <p class='ocr_par' dir='ltr' id='par_1_1' title="bbox 239 389 392 486">
     <span class='ocr_line' id='line_1_1' title="bbox 239 389 392 486; baseline 0 0"><span class='ocrx_word' id='word_1_1' title='bbox 239 389 392 486; x_wconf 57' lang='grc'><strong>1143</strong></span> 
     </span>
    </p>
   </div>
   <div class='ocr_carea' id='block_1_2' title="bbox 1209 401 2560 487">
    <p class='ocr_par' dir='ltr' id='par_1_2' title="bbox 1209 401 2560 487">
     <span class='ocr_line' id='line_1_2' title="bbox 1209 401 2560 487; baseline 0.002 -3"><span class='ocrx_word' id='word_1_2' title='bbox 1209 424 1833 484; x_wconf 81' lang='lat' dir='ltr'><strong>MARTYROLOGIUM.</strong></span> <span class='ocrx_word' id='word_1_3' title='bbox 1872 459 1938 468; x_wconf 86' lang='lat'><strong><em>—</em></strong></span> <span class='ocrx_word' id='word_1_4' title='bbox 1981 425 2183 485; x_wconf 68' lang='lat' dir='ltr'><strong>usus.</strong></span> <span class='ocrx_word' id='word_1_5' title='bbox 2221 401 2560 487; x_wconf 16' lang='lat' dir='ltr'><strong>‘SEPTEMB.</strong></span> 
     </span>
    </p>
   </div>
   <div class='ocr_carea' id='block_1_3' title="bbox 3361 433 3500 494">
    <p class='ocr_par' dir='ltr' id='par_1_3' title="bbox 3361 433 3500 494">
     <span class='ocr_line' id='line_1_3' title="bbox 3361 433 3500 494; baseline 0.029 -4"><span class='ocrx_word' id='word_1_6' title='bbox 3361 433 3500 494; x_wconf 70' lang='grc'><strong>1146</strong></span> 
     </span>
    </p>
   </div>
   <div class='ocr_carea' id='block_1_4' title="bbox 265 519 3524 622">
    <p class='ocr_par' dir='ltr' id='par_1_4' title="bbox 265 519 3524 622">
     <span class='ocr_line' id='line_1_4' title="bbox 265 519 3524 622; baseline 0.003 -24"><span class='ocrx_word' id='word_1_7' title='bbox 265 519 268 522; x_wconf 15' lang='grc' dir='ltr'>ν</span> <span class='ocrx_word' id='word_1_8' title='bbox 312 543 513 598; x_wconf 86' lang='lat' dir='ltr'><strong>Eodem</strong></span> <span class='ocrx_word' id='word_1_9' title='bbox 539 543 964 607; x_wconf 84' lang='lat' dir='ltr'><strong>die,Brillatcnsi</strong></span> <span class='ocrx_word' id='word_1_10' title='bbox 989 542 1203 614; x_wconf 87' lang='lat' dir='ltr'><strong>oppido,</strong></span> <span class='ocrx_word' id='word_1_11' title='bbox 1244 543 1499 598; x_wconf 88' lang='lat' dir='ltr'><strong>nativitas</strong></span> <span class='ocrx_word' id='word_1_12' title='bbox 1526 543 1698 597; x_wconf 91' lang='lat' dir='ltr'><strong>sancti</strong></span> <span class='ocrx_word' id='word_1_13' title='bbox 1728 541 1822 596; x_wconf 84' lang='lat' dir='ltr'><strong>Ju-</strong></span> <span class='ocrx_word' id='word_1_14' title='bbox 1848 545 1900 605; x_wconf 79' lang='grc' dir='ltr'><strong>Α</strong></span> <span class='ocrx_word' id='word_1_15' title='bbox 1926 543 2120 600; x_wconf 98' lang='lat' dir='ltr'><strong>bantur</strong></span> <span class='ocrx_word' id='word_1_16' title='bbox 2180 548 2457 618; x_wconf 82' lang='lat' dir='ltr'><strong>inquirens</strong></span> <span class='ocrx_word' id='word_1_17' title='bbox 2509 549 2588 604; x_wconf 91' lang='lat' dir='ltr'><strong>eis</strong></span> <span class='ocrx_word' id='word_1_18' title='bbox 2641 564 2854 620; x_wconf 87' lang='lat' dir='ltr'><strong>quoque</strong></span> <span class='ocrx_word' id='word_1_19' title='bbox 2897 548 3118 620; x_wconf 90' lang='lat' dir='ltr'><strong>pietatis</strong></span> <span class='ocrx_word' id='word_1_20' title='bbox 3170 565 3354 622; x_wconf 86' lang='lat' dir='ltr'><strong>opera,</strong></span> <span class='ocrx_word' id='word_1_21' title='bbox 3385 529 3524 622; x_wconf 72' lang='lat' dir='ltr'><strong>ipsa</strong></span> 
     </span>
    </p>
   </div>
   <div class='ocr_carea' id='block_1_5' title="bbox 239 635 1818 712">
    <p class='ocr_par' dir='ltr' id='par_1_5' title="bbox 239 635 1818 712">
     <span class='ocr_line' id='line_1_5' title="bbox 239 635 1818 712; baseline 0 -23"><span class='ocrx_word' id='word_1_22' title='bbox 239 635 510 712; x_wconf 80' lang='lat' dir='ltr'><strong>liani,_qtii</strong></span> <span class='ocrx_word' id='word_1_23' title='bbox 542 652 571 689; x_wconf 94' lang='lat' dir='ltr'><strong>a</strong></span> <span class='ocrx_word' id='word_1_24' title='bbox 611 637 1046 705; x_wconf 90' lang='lat' dir='ltr'><strong>persecutoribus</strong></span> <span class='ocrx_word' id='word_1_25' title='bbox 1069 638 1138 692; x_wconf 94' lang='lat' dir='ltr'><strong>ob</strong></span> <span class='ocrx_word' id='word_1_26' title='bbox 1170 635 1372 692; x_wconf 76' lang='lat' dir='ltr'><strong>Christi</strong></span> <span class='ocrx_word' id='word_1_27' title='bbox 1403 635 1818 704; x_wconf 88' lang='lat' dir='ltr'><strong>confessionem,</strong></span> 
     </span>
    </p>
   </div>
   <div class='ocr_carea' id='block_1_6' title="bbox 241 727 1112 800">
    <p class='ocr_par' dir='ltr' id='par_1_6' title="bbox 241 727 1112 800">
     <span class='ocr_line' id='line_1_6' title="bbox 241 727 1112 800; baseline 0.001 -18"><span class='ocrx_word' id='word_1_28' title='bbox 241 727 459 782; x_wconf 84' lang='lat' dir='ltr'><strong>desecm</strong></span> <span class='ocrx_word' id='word_1_29' title='bbox 481 738 714 800; x_wconf 91' lang='lat' dir='ltr'><strong>gutture,</strong></span> <span class='ocrx_word' id='word_1_30' title='bbox 753 738 974 784; x_wconf 90' lang='lat' dir='ltr'><strong>necatus</strong></span> <span class='ocrx_word' id='word_1_31' title='bbox 1009 739 1112 785; x_wconf 88' lang='lat' dir='ltr'><strong>est.</strong></span> 
     </span>
    </p>
   </div>
   <div class='ocr_carea' id='block_1_7' title="bbox 319 820 1825 892">
    <p class='ocr_par' dir='ltr' id='par_1_7' title="bbox 319 820 1825 892">
     <span class='ocr_line' id='line_1_7' title="bbox 319 820 1825 892; baseline -0.001 -15"><span class='ocrx_word' id='word_1_32' title='bbox 319 820 786 888; x_wconf 72' lang='lat' dir='ltr'><strong>Constantinopoli</strong></span> <span class='ocrx_word' id='word_1_33' title='bbox 811 821 981 874; x_wconf 80' lang='lat' dir='ltr'><strong>sancti</strong></span> <span class='ocrx_word' id='word_1_34' title='bbox 1023 820 1313 875; x_wconf 83' lang='lat' dir='ltr'><strong>Alexandri</strong></span> <span class='ocrx_word' id='word_1_35' title='bbox 1345 821 1581 892; x_wconf 85' lang='lat' dir='ltr'><strong>episcopi</strong></span> <span class='ocrx_word' id='word_1_36' title='bbox 1610 831 1664 876; x_wconf 90' lang='lat' dir='ltr'><strong>et</strong></span> <span class='ocrx_word' id='word_1_37' title='bbox 1695 835 1825 876; x_wconf 82' lang='lat' dir='ltr'><strong>con-</strong></span> 
     </span>
    </p>
   </div>
   <div class='ocr_carea' id='block_1_8' title="bbox 240 912 1825 983">
    <p class='ocr_par' dir='ltr' id='par_1_8' title="bbox 240 912 1825 983">
     <span class='ocr_line' id='line_1_8' title="bbox 240 912 1825 983; baseline -0.001 -13"><span class='ocrx_word' id='word_1_38' title='bbox 240 915 482 980; x_wconf 86' lang='lat' dir='ltr'><strong>fessoris,</strong></span> <span class='ocrx_word' id='word_1_39' title='bbox 527 912 682 980; x_wconf 86' lang='lat' dir='ltr'><strong>cujus</strong></span> <span class='ocrx_word' id='word_1_40' title='bbox 729 913 931 967; x_wconf 88' lang='lat' dir='ltr'><strong>virtute</strong></span> <span class='ocrx_word' id='word_1_41' title='bbox 975 914 1236 968; x_wconf 90' lang='lat' dir='ltr'><strong>orationis</strong></span> <span class='ocrx_word' id='word_1_42' title='bbox 1278 913 1439 968; x_wconf 90' lang='lat' dir='ltr'><strong>Arius</strong></span> <span class='ocrx_word' id='word_1_43' title='bbox 1481 913 1690 983; x_wconf 90' lang='lat' dir='ltr'><strong>crepuit</strong></span> <span class='ocrx_word' id='word_1_44' title='bbox 1716 926 1825 968; x_wconf 90' lang='lat' dir='ltr'><strong>me-</strong></span> 
     </span>
    </p>
   </div>
   <div class='ocr_carea' id='block_1_9' title="bbox 241 1005 1816 1076">
    <p class='ocr_par' dir='ltr' id='par_1_9' title="bbox 241 1005 1816 1076">
     <span class='ocr_line' id='line_1_9' title="bbox 241 1005 1816 1076; baseline 0.001 -17"><span class='ocrx_word' id='word_1_45' title='bbox 241 1009 384 1073; x_wconf 90' lang='lat' dir='ltr'><strong>dius,</strong></span> <span class='ocrx_word' id='word_1_46' title='bbox 411 1014 467 1062; x_wconf 88' lang='lat' dir='ltr'><strong>et</strong></span> <span class='ocrx_word' id='word_1_47' title='bbox 498 1005 691 1060; x_wconf 72' lang='lat' dir='ltr'><strong>diffusa</strong></span> <span class='ocrx_word' id='word_1_48' title='bbox 717 1014 842 1059; x_wconf 91' lang='lat' dir='ltr'><strong>sunt</strong></span> <span class='ocrx_word' id='word_1_49' title='bbox 881 1005 1061 1059; x_wconf 85' lang='lat' dir='ltr'><strong>omnia</strong></span> <span class='ocrx_word' id='word_1_50' title='bbox 1109 1006 1226 1076; x_wconf 88' lang='lat' dir='ltr'><strong>ejus</strong></span> <span class='ocrx_word' id='word_1_51' title='bbox 1256 1007 1462 1061; x_wconf 83' lang='lat' dir='ltr'><strong>viscera</strong></span> <span class='ocrx_word' id='word_1_52' title='bbox 1499 1007 1553 1062; x_wconf 92' lang='lat' dir='ltr'><strong>in</strong></span> <span class='ocrx_word' id='word_1_53' title='bbox 1597 1016 1816 1060; x_wconf 90' lang='lat' dir='ltr'><strong>terram.</strong></span> 
     </span>
    </p>
   </div>
   <div class='ocr_carea' id='block_1_10' title="bbox 312 1095 1822 1174">
    <p class='ocr_par' dir='ltr' id='par_1_10' title="bbox 312 1095 1822 1174">
     <span class='ocr_line' id='line_1_10' title="bbox 312 1095 1822 1174; baseline 0.001 -22"><span class='ocrx_word' id='word_1_54' title='bbox 312 1099 512 1153; x_wconf 90' lang='lat' dir='ltr'><strong>Eodem</strong></span> <span class='ocrx_word' id='word_1_55' title='bbox 543 1097 628 1152; x_wconf 90' lang='lat' dir='ltr'><strong>die</strong></span> <span class='ocrx_word' id='word_1_56' title='bbox 653 1097 793 1166; x_wconf 90' lang='lat' dir='ltr'><strong>apud</strong></span> <span class='ocrx_word' id='word_1_57' title='bbox 820 1096 1089 1153; x_wconf 90' lang='lat' dir='ltr'><strong>Santonas</strong></span> <span class='ocrx_word' id='word_1_58' title='bbox 1124 1099 1294 1155; x_wconf 88' lang='lat' dir='ltr'><strong>sancti</strong></span> <span class='ocrx_word' id='word_1_59' title='bbox 1321 1100 1532 1155; x_wconf 75' lang='lat' dir='ltr'><strong>V&#39;ibiani</strong></span> <span class='ocrx_word' id='word_1_60' title='bbox 1564 1095 1822 1174; x_wconf 88' lang='lat' dir='ltr'><strong>[Viviani]</strong></span> 
     </span>
    </p>
   </div>
   <div class='ocr_carea' id='block_1_11' title="bbox 239 1191 498 1260">
    <p class='ocr_par' dir='ltr' id='par_1_11' title="bbox 239 1191 498 1260">
     <span class='ocr_line' id='line_1_11' title="bbox 239 1191 498 1260; baseline -0.004 -15"><span class='ocrx_word' id='word_1_61' title='bbox 239 1191 498 1260; x_wconf 88' lang='lat' dir='ltr'><strong>episc0pi.</strong></span> 
     </span>
    </p>
   </div>
   <div class='ocr_carea' id='block_1_12' title="bbox 310 1281 1822 1354">
    <p class='ocr_par' dir='ltr' id='par_1_12' title="bbox 310 1281 1822 1354">
     <span class='ocr_line' id='line_1_12' title="bbox 310 1281 1822 1354; baseline 0.003 -19"><span class='ocrx_word' id='word_1_62' title='bbox 310 1281 376 1335; x_wconf 85' lang='lat' dir='ltr'><strong>IV</strong></span> <span class='ocrx_word' id='word_1_63' title='bbox 408 1282 538 1337; x_wconf 78' lang='lat' dir='ltr'><strong>KAL.</strong></span> <span class='ocrx_word' id='word_1_64' title='bbox 572 1281 839 1337; x_wconf 67' lang='lat' dir='ltr'><strong>Serrane.</strong></span> <span class='ocrx_word' id='word_1_65' title='bbox 862 1311 930 1324; x_wconf 86' lang='lat'><strong>—-</strong></span> <span class='ocrx_word' id='word_1_66' title='bbox 954 1282 1137 1337; x_wconf 75' lang='lat' dir='ltr'><strong>Romze</strong></span> <span class='ocrx_word' id='word_1_67' title='bbox 1168 1281 1380 1339; x_wconf 69' lang='lat' dir='ltr'><strong>Sabina:</strong></span> <span class='ocrx_word' id='word_1_68' title='bbox 1404 1284 1679 1354; x_wconf 83' lang='lat' dir='ltr'><strong>martyris,</strong></span> <span class='ocrx_word' id='word_1_69' title='bbox 1703 1298 1822 1352; x_wconf 67' lang='lat' dir='ltr'><strong>quae</strong></span> 
     </span>
    </p>
   </div>
   <div class='ocr_carea' id='block_1_13' title="bbox 237 1376 1820 1447">
    <p class='ocr_par' dir='ltr' id='par_1_13' title="bbox 237 1376 1820 1447">
     <span class='ocr_line' id='line_1_13' title="bbox 237 1376 1820 1447; baseline 0.002 -20"><span class='ocrx_word' id='word_1_70' title='bbox 237 1391 398 1444; x_wconf 89' lang='lat' dir='ltr'><strong>passa</strong></span> <span class='ocrx_word' id='word_1_71' title='bbox 446 1384 549 1440; x_wconf 92' lang='lat' dir='ltr'><strong>est,</strong></span> <span class='ocrx_word' id='word_1_72' title='bbox 581 1376 818 1430; x_wconf 82' lang='lat' dir='ltr'><strong>Adriano</strong></span> <span class='ocrx_word' id='word_1_73' title='bbox 873 1376 1190 1446; x_wconf 86' lang='lat' dir='ltr'><strong>imperante,</strong></span> <span class='ocrx_word' id='word_1_74' title='bbox 1242 1378 1340 1431; x_wconf 89' lang='lat' dir='ltr'><strong>sub</strong></span> <span class='ocrx_word' id='word_1_75' title='bbox 1377 1377 1632 1447; x_wconf 84' lang='lat' dir='ltr'><strong>praefecto</strong></span> <span class='ocrx_word' id='word_1_76' title='bbox 1671 1378 1820 1431; x_wconf 73' lang='lat' dir='ltr'><strong>urb’s</strong></span> 
     </span>
    </p>
   </div>
   <div class='ocr_carea' id='block_1_14' title="bbox 238 1465 1821 1536">
    <p class='ocr_par' dir='ltr' id='par_1_14' title="bbox 238 1465 1821 1536">
     <span class='ocr_line' id='line_1_14' title="bbox 238 1465 1821 1536; baseline 0.001 -16"><span class='ocrx_word' id='word_1_77' title='bbox 238 1467 467 1536; x_wconf 79' lang='lat' dir='ltr'><strong>Elpidio,</strong></span> <span class='ocrx_word' id='word_1_78' title='bbox 499 1481 796 1536; x_wconf 85' lang='lat' dir='ltr'><strong>omnesque</strong></span> <span class='ocrx_word' id='word_1_79' title='bbox 839 1465 955 1534; x_wconf 82' lang='lat' dir='ltr'><strong>ejus</strong></span> <span class='ocrx_word' id='word_1_80' title='bbox 984 1465 1268 1522; x_wconf 77' lang='lat' dir='ltr'><strong>facultates</strong></span> <span class='ocrx_word' id='word_1_81' title='bbox 1307 1467 1593 1521; x_wconf 84' lang='lat' dir='ltr'><strong>dominicis</strong></span> <span class='ocrx_word' id='word_1_82' title='bbox 1623 1467 1701 1520; x_wconf 89' lang='lat' dir='ltr'><strong>vel</strong></span> <span class='ocrx_word' id='word_1_83' title='bbox 1727 1483 1821 1536; x_wconf 86' lang='lat' dir='ltr'><strong>pu-</strong></span> 
     </span>
    </p>
   </div>
   <div class='ocr_carea' id='block_1_15' title="bbox 235 1557 1820 1632">
    <p class='ocr_par' dir='ltr' id='par_1_15' title="bbox 235 1557 1820 1632">
     <span class='ocr_line' id='line_1_15' title="bbox 235 1557 1820 1632; baseline 0.002 -20"><span class='ocrx_word' id='word_1_84' title='bbox 235 1559 392 1614; x_wconf 87' lang='lat' dir='ltr'><strong>blicis</strong></span> <span class='ocrx_word' id='word_1_85' title='bbox 420 1559 588 1614; x_wconf 87' lang='lat' dir='ltr'><strong>titulis</strong></span> <span class='ocrx_word' id='word_1_86' title='bbox 625 1559 968 1630; x_wconf 85' lang='lat' dir='ltr'><strong>insignantur</strong></span> <span class='ocrx_word' id='word_1_87' title='bbox 1013 1557 1431 1632; x_wconf 86' lang='lat' dir='ltr'><strong>[assignantur].</strong></span> <span class='ocrx_word' id='word_1_88' title='bbox 1478 1560 1695 1629; x_wconf 86' lang='lat' dir='ltr'><strong>Sepulta</strong></span> <span class='ocrx_word' id='word_1_89' title='bbox 1737 1569 1820 1615; x_wconf 89' lang='lat' dir='ltr'><strong>est</strong></span> 
     </span>
    </p>
   </div>
   <div class='ocr_carea' id='block_1_16' title="bbox 237 1652 1822 1722">
    <p class='ocr_par' dir='ltr' id='par_1_16' title="bbox 237 1652 1822 1722">
     <span class='ocr_line' id='line_1_16' title="bbox 237 1652 1822 1722; baseline 0 -15"><span class='ocrx_word' id='word_1_90' title='bbox 237 1660 416 1707; x_wconf 87' lang='lat' dir='ltr'><strong>autem</strong></span> <span class='ocrx_word' id='word_1_91' title='bbox 441 1653 492 1705; x_wconf 91' lang='lat' dir='ltr'><strong>in</strong></span> <span class='ocrx_word' id='word_1_92' title='bbox 524 1661 870 1707; x_wconf 88' lang='lat' dir='ltr'><strong>monumento</strong></span> <span class='ocrx_word' id='word_1_93' title='bbox 895 1652 948 1706; x_wconf 93' lang='lat' dir='ltr'><strong>in</strong></span> <span class='ocrx_word' id='word_1_94' title='bbox 976 1667 1082 1722; x_wconf 90' lang='lat' dir='ltr'><strong>quo</strong></span> <span class='ocrx_word' id='word_1_95' title='bbox 1103 1653 1215 1721; x_wconf 89' lang='lat' dir='ltr'><strong>ipsa</strong></span> <span class='ocrx_word' id='word_1_96' title='bbox 1244 1653 1544 1722; x_wconf 89' lang='lat' dir='ltr'><strong>composuit</strong></span> <span class='ocrx_word' id='word_1_97' title='bbox 1570 1653 1688 1705; x_wconf 88' lang='lat' dir='ltr'><strong>fidei</strong></span> <span class='ocrx_word' id='word_1_98' title='bbox 1713 1667 1822 1707; x_wconf 74' lang='lat' dir='ltr'><strong>sua:</strong></span> 
     </span>
    </p>
   </div>
   <div class='ocr_carea' id='block_1_17' title="bbox 237 1741 1822 1813">
    <p class='ocr_par' dir='ltr' id='par_1_17' title="bbox 237 1741 1822 1813">
     <span class='ocr_line' id='line_1_17' title="bbox 237 1741 1822 1813; baseline -0.001 -16"><span class='ocrx_word' id='word_1_99' title='bbox 237 1743 552 1810; x_wconf 84' lang='lat' dir='ltr'><strong>magistram</strong></span> <span class='ocrx_word' id='word_1_100' title='bbox 583 1743 793 1798; x_wconf 89' lang='lat' dir='ltr'><strong>beatam</strong></span> <span class='ocrx_word' id='word_1_101' title='bbox 828 1751 1122 1813; x_wconf 84' lang='lat' dir='ltr'><strong>martyrem</strong></span> <span class='ocrx_word' id='word_1_102' title='bbox 1151 1741 1473 1812; x_wconf 82' lang='lat' dir='ltr'><strong>Serapltiam</strong></span> <span class='ocrx_word' id='word_1_103' title='bbox 1495 1783 1508 1806; x_wconf 92' lang='lat'><strong>,</strong></span> <span class='ocrx_word' id='word_1_104' title='bbox 1537 1741 1603 1796; x_wconf 89' lang='lat' dir='ltr'><strong>ad</strong></span> <span class='ocrx_word' id='word_1_105' title='bbox 1636 1756 1822 1795; x_wconf 89' lang='lat' dir='ltr'><strong>arcum</strong></span> 
     </span>
    </p>
   </div>
   <div class='ocr_carea' id='block_1_18' title="bbox 236 1835 1823 1906">
    <p class='ocr_par' dir='ltr' id='par_1_18' title="bbox 236 1835 1823 1906">
     <span class='ocr_line' id='line_1_18' title="bbox 236 1835 1823 1906; baseline 0.002 -17"><span class='ocrx_word' id='word_1_106' title='bbox 236 1835 506 1900; x_wconf 84' lang='lat' dir='ltr'><strong>Faustini,</strong></span> <span class='ocrx_word' id='word_1_107' title='bbox 529 1835 682 1906; x_wconf 84' lang='lat' dir='ltr'><strong>juxta</strong></span> <span class='ocrx_word' id='word_1_108' title='bbox 709 1849 890 1890; x_wconf 88' lang='lat' dir='ltr'><strong>aream</strong></span> <span class='ocrx_word' id='word_1_109' title='bbox 925 1836 1305 1900; x_wconf 80' lang='lat' dir='ltr'><strong>Vinditianam,</strong></span> <span class='ocrx_word' id='word_1_110' title='bbox 1336 1837 1387 1891; x_wconf 92' lang='lat' dir='ltr'><strong>in</strong></span> <span class='ocrx_word' id='word_1_111' title='bbox 1417 1836 1614 1892; x_wconf 71' lang='lat' dir='ltr'><strong>oouido</strong></span> <span class='ocrx_word' id='word_1_112' title='bbox 1637 1836 1823 1892; x_wconf 85' lang='lat' dir='ltr'><strong>Vindi-</strong></span> 
     </span>
    </p>
   </div>
   <div class='ocr_carea' id='block_1_19' title="bbox 233 1931 408 1983">
    <p class='ocr_par' dir='ltr' id='par_1_19' title="bbox 233 1931 408 1983">
     <span class='ocr_line' id='line_1_19' title="bbox 233 1931 408 1983; baseline -0.017 -1"><span class='ocrx_word' id='word_1_113' title='bbox 233 1931 408 1983; x_wconf 88' lang='lat' dir='ltr'><strong>nensi.</strong></span> 
     </span>
    </p>
   </div>
   <div class='ocr_carea' id='block_1_20' title="bbox 307 2017 1818 2089">
    <p class='ocr_par' dir='ltr' id='par_1_20' title="bbox 307 2017 1818 2089">
     <span class='ocr_line' id='line_1_20' title="bbox 307 2017 1818 2089; baseline 0.001 -18"><span class='ocrx_word' id='word_1_114' title='bbox 307 2017 506 2072; x_wconf 83' lang='lat' dir='ltr'><strong>Eodem</strong></span> <span class='ocrx_word' id='word_1_115' title='bbox 533 2017 620 2073; x_wconf 90' lang='lat' dir='ltr'><strong>die</strong></span> <span class='ocrx_word' id='word_1_116' title='bbox 645 2018 930 2072; x_wconf 90' lang='lat' dir='ltr'><strong>decollatio</strong></span> <span class='ocrx_word' id='word_1_117' title='bbox 969 2019 1140 2074; x_wconf 89' lang='lat' dir='ltr'><strong>sancti</strong></span> <span class='ocrx_word' id='word_1_118' title='bbox 1169 2017 1392 2073; x_wconf 90' lang='lat' dir='ltr'><strong>Joannis</strong></span> <span class='ocrx_word' id='word_1_119' title='bbox 1421 2019 1694 2088; x_wconf 85' lang='lat' dir='ltr'><strong>Baptistae,</strong></span> <span class='ocrx_word' id='word_1_120' title='bbox 1728 2018 1818 2089; x_wconf 92' lang='lat' dir='ltr'><strong>qui</strong></span> 
     </span>
    </p>
   </div>
   <div class='ocr_carea' id='block_1_21' title="bbox 232 2108 1820 2178">
    <p class='ocr_par' dir='ltr' id='par_1_21' title="bbox 232 2108 1820 2178">
     <span class='ocr_line' id='line_1_21' title="bbox 232 2108 1820 2178; baseline 0.002 -16"><span class='ocrx_word' id='word_1_121' title='bbox 232 2123 410 2178; x_wconf 72' lang='lat' dir='ltr'><strong>primo</strong></span> <span class='ocrx_word' id='word_1_122' title='bbox 439 2109 489 2162; x_wconf 91' lang='lat' dir='ltr'><strong>in</strong></span> <span class='ocrx_word' id='word_1_123' title='bbox 525 2108 770 2164; x_wconf 90' lang='lat' dir='ltr'><strong>Samaria</strong></span> <span class='ocrx_word' id='word_1_124' title='bbox 801 2111 1046 2164; x_wconf 90' lang='lat' dir='ltr'><strong>conditus</strong></span> <span class='ocrx_word' id='word_1_125' title='bbox 1070 2122 1172 2177; x_wconf 88' lang='lat' dir='ltr'><strong>est,</strong></span> <span class='ocrx_word' id='word_1_126' title='bbox 1211 2121 1356 2165; x_wconf 85' lang='lat' dir='ltr'><strong>nunc</strong></span> <span class='ocrx_word' id='word_1_127' title='bbox 1381 2112 1432 2165; x_wconf 91' lang='lat' dir='ltr'><strong>in</strong></span> <span class='ocrx_word' id='word_1_128' title='bbox 1460 2112 1820 2166; x_wconf 75' lang='lat' dir='ltr'><strong>Alexandria.</strong></span> 
     </span>
    </p>
   </div>
   <div class='ocr_carea' id='block_1_22' title="bbox 237 2202 1820 2275">
    <p class='ocr_par' dir='ltr' id='par_1_22' title="bbox 237 2202 1820 2275">
     <span class='ocr_line' id='line_1_22' title="bbox 237 2202 1820 2275; baseline 0.001 -19"><span class='ocrx_word' id='word_1_129' title='bbox 237 2202 406 2256; x_wconf 90' lang='lat' dir='ltr'><strong>Porro</strong></span> <span class='ocrx_word' id='word_1_130' title='bbox 457 2212 620 2274; x_wconf 88' lang='lat' dir='ltr'><strong>caput</strong></span> <span class='ocrx_word' id='word_1_131' title='bbox 660 2204 726 2258; x_wconf 90' lang='lat' dir='ltr'><strong>de</strong></span> <span class='ocrx_word' id='word_1_132' title='bbox 766 2203 1156 2275; x_wconf 82' lang='lat' dir='ltr'><strong>Hierosolymis</strong></span> <span class='ocrx_word' id='word_1_133' title='bbox 1203 2204 1269 2259; x_wconf 89' lang='lat' dir='ltr'><strong>ad</strong></span> <span class='ocrx_word' id='word_1_134' title='bbox 1320 2204 1592 2260; x_wconf 71' lang='lat' dir='ltr'><strong>Phtenicis</strong></span> <span class='ocrx_word' id='word_1_135' title='bbox 1636 2204 1820 2260; x_wconf 87' lang='lat' dir='ltr'><strong>urbem</strong></span> 
     </span>
    </p>
   </div>
   <div class='ocr_carea' id='block_1_23' title="bbox 233 2298 875 2354">
    <p class='ocr_par' dir='ltr' id='par_1_23' title="bbox 233 2298 875 2354">
     <span class='ocr_line' id='line_1_23' title="bbox 233 2298 875 2354; baseline 0.002 -2"><span class='ocrx_word' id='word_1_136' title='bbox 233 2298 477 2353; x_wconf 86' lang='lat' dir='ltr'><strong>Edissam</strong></span> <span class='ocrx_word' id='word_1_137' title='bbox 509 2298 743 2352; x_wconf 88' lang='lat' dir='ltr'><strong>delatum</strong></span> <span class='ocrx_word' id='word_1_138' title='bbox 773 2308 875 2354; x_wconf 90' lang='lat' dir='ltr'><strong>est.</strong></span> 
     </span>
    </p>
   </div>
   <div class='ocr_carea' id='block_1_24' title="bbox 305 2389 1826 2455">
    <p class='ocr_par' dir='ltr' id='par_1_24' title="bbox 305 2389 1826 2455">
     <span class='ocr_line' id='line_1_24' title="bbox 305 2389 1826 2455; baseline 0.001 -10"><span class='ocrx_word' id='word_1_139' title='bbox 305 2393 364 2446; x_wconf 90' lang='lat' dir='ltr'><strong>lll</strong></span> <span class='ocrx_word' id='word_1_140' title='bbox 401 2391 531 2446; x_wconf 72' lang='lat' dir='ltr'><strong>KAL.</strong></span> <span class='ocrx_word' id='word_1_141' title='bbox 564 2392 832 2447; x_wconf 71' lang='lat' dir='ltr'><strong>Serrana.</strong></span> <span class='ocrx_word' id='word_1_142' title='bbox 863 2423 934 2432; x_wconf 91' lang='lat'><strong>——</strong></span> <span class='ocrx_word' id='word_1_143' title='bbox 968 2391 1174 2455; x_wconf 82' lang='lat' dir='ltr'><strong>Rotuae,</strong></span> <span class='ocrx_word' id='word_1_144' title='bbox 1208 2391 1293 2445; x_wconf 91' lang='lat' dir='ltr'><strong>via</strong></span> <span class='ocrx_word' id='word_1_145' title='bbox 1342 2390 1601 2455; x_wconf 80' lang='lat' dir='ltr'><strong>Ostiensi,</strong></span> <span class='ocrx_word' id='word_1_146' title='bbox 1627 2389 1826 2447; x_wconf 82' lang='lat' dir='ltr'><strong>Felicis</strong></span> 
     </span>
    </p>
   </div>
   <div class='ocr_carea' id='block_1_25' title="bbox 242 2486 1824 2556">
    <p class='ocr_par' dir='ltr' id='par_1_25' title="bbox 242 2486 1824 2556">
     <span class='ocr_line' id='line_1_25' title="bbox 242 2486 1824 2556; baseline -0.001 -15"><span class='ocrx_word' id='word_1_147' title='bbox 242 2496 297 2541; x_wconf 89' lang='lat' dir='ltr'><strong>et</strong></span> <span class='ocrx_word' id='word_1_148' title='bbox 329 2486 554 2540; x_wconf 86' lang='lat' dir='ltr'><strong>Adatteti</strong></span> <span class='ocrx_word' id='word_1_149' title='bbox 598 2495 917 2556; x_wconf 85' lang='lat' dir='ltr'><strong>martyrum.</strong></span> <span class='ocrx_word' id='word_1_150' title='bbox 954 2486 1049 2539; x_wconf 87' lang='lat' dir='ltr'><strong>llic</strong></span> <span class='ocrx_word' id='word_1_151' title='bbox 1076 2486 1147 2539; x_wconf 85' lang='lat' dir='ltr'><strong>Fc</strong></span> <span class='ocrx_word' id='word_1_152' title='bbox 1173 2486 1224 2538; x_wconf 86' lang='lat' dir='ltr'><strong>ix</strong></span> <span class='ocrx_word' id='word_1_153' title='bbox 1245 2501 1365 2540; x_wconf 91' lang='lat' dir='ltr'><strong>cum</strong></span> <span class='ocrx_word' id='word_1_154' title='bbox 1394 2487 1458 2538; x_wconf 88' lang='lat' dir='ltr'><strong>ad</strong></span> <span class='ocrx_word' id='word_1_155' title='bbox 1491 2486 1824 2540; x_wconf 81' lang='lat' dir='ltr'><strong>diversorum</strong></span> 
     </span>
    </p>
   </div>
   <div class='ocr_carea' id='block_1_26' title="bbox 233 2576 1825 2646">
    <p class='ocr_par' dir='ltr' id='par_1_26' title="bbox 233 2576 1825 2646">
     <span class='ocr_line' id='line_1_26' title="bbox 233 2576 1825 2646; baseline -0.002 -14"><span class='ocrx_word' id='word_1_156' title='bbox 233 2579 454 2632; x_wconf 87' lang='lat' dir='ltr'><strong>deorum</strong></span> <span class='ocrx_word' id='word_1_157' title='bbox 484 2577 745 2644; x_wconf 79' lang='lat' dir='ltr'><strong>imagines</strong></span> <span class='ocrx_word' id='word_1_158' title='bbox 766 2577 1056 2631; x_wconf 80' lang='lat' dir='ltr'><strong>duceretur</strong></span> <span class='ocrx_word' id='word_1_159' title='bbox 1078 2576 1479 2646; x_wconf 84' lang='lat' dir='ltr'><strong>compellendus</strong></span> <span class='ocrx_word' id='word_1_160' title='bbox 1494 2577 1825 2642; x_wconf 86' lang='lat' dir='ltr'><strong>sacrificare,</strong></span> 
     </span>
    </p>
   </div>
   <div class='ocr_carea' id='block_1_27' title="bbox 234 2667 1824 2742">
    <p class='ocr_par' dir='ltr' id='par_1_27' title="bbox 234 2667 1824 2742">
     <span class='ocr_line' id='line_1_27' title="bbox 234 2667 1824 2742; baseline -0.004 -14"><span class='ocrx_word' id='word_1_161' title='bbox 234 2673 477 2742; x_wconf 81' lang='lat' dir='ltr'><strong>Serapis,</strong></span> <span class='ocrx_word' id='word_1_162' title='bbox 509 2671 758 2726; x_wconf 79' lang='lat' dir='ltr'><strong>Mercurii</strong></span> <span class='ocrx_word' id='word_1_163' title='bbox 787 2680 841 2725; x_wconf 92' lang='lat' dir='ltr'><strong>ct</strong></span> <span class='ocrx_word' id='word_1_164' title='bbox 864 2671 1045 2724; x_wconf 66' lang='lat' dir='ltr'><strong>Diana:</strong></span> <span class='ocrx_word' id='word_1_165' title='bbox 1066 2667 1356 2723; x_wconf 80' lang='lat' dir='ltr'><strong>exsufﬂans</strong></span> <span class='ocrx_word' id='word_1_166' title='bbox 1382 2679 1587 2723; x_wconf 84' lang='lat' dir='ltr'><strong>statuas</strong></span> <span class='ocrx_word' id='word_1_167' title='bbox 1613 2669 1824 2739; x_wconf 81' lang='lat' dir='ltr'><strong>dejecit.</strong></span> 
     </span>
    </p>
   </div>
   <div class='ocr_carea' id='block_1_28' title="bbox 232 2760 1829 2832">
    <p class='ocr_par' dir='ltr' id='par_1_28' title="bbox 232 2760 1829 2832">
     <span class='ocr_line' id='line_1_28' title="bbox 232 2760 1829 2832; baseline -0.001 -16"><span class='ocrx_word' id='word_1_168' title='bbox 232 2762 337 2816; x_wconf 84' lang='lat' dir='ltr'><strong>Pro</strong></span> <span class='ocrx_word' id='word_1_169' title='bbox 367 2777 469 2832; x_wconf 89' lang='lat' dir='ltr'><strong>qua</strong></span> <span class='ocrx_word' id='word_1_170' title='bbox 513 2777 570 2817; x_wconf 90' lang='lat' dir='ltr'><strong>re</strong></span> <span class='ocrx_word' id='word_1_171' title='bbox 605 2778 897 2832; x_wconf 84' lang='lat' dir='ltr'><strong>suspensus</strong></span> <span class='ocrx_word' id='word_1_172' title='bbox 944 2772 1025 2815; x_wconf 89' lang='lat' dir='ltr'><strong>est.</strong></span> <span class='ocrx_word' id='word_1_173' title='bbox 1065 2761 1114 2814; x_wconf 91' lang='lat' dir='ltr'><strong>in</strong></span> <span class='ocrx_word' id='word_1_174' title='bbox 1147 2760 1465 2829; x_wconf 79' lang='lat' dir='ltr'><strong>equuleum,</strong></span> <span class='ocrx_word' id='word_1_175' title='bbox 1498 2769 1552 2813; x_wconf 92' lang='lat' dir='ltr'><strong>et</strong></span> <span class='ocrx_word' id='word_1_176' title='bbox 1594 2760 1660 2814; x_wconf 89' lang='lat' dir='ltr'><strong>de</strong></span> <span class='ocrx_word' id='word_1_177' title='bbox 1692 2760 1829 2831; x_wconf 82' lang='lat' dir='ltr'><strong>pati-</strong></span> 
     </span>
    </p>
   </div>
   <div class='ocr_carea' id='block_1_29' title="bbox 233 2851 1828 2922">
    <p class='ocr_par' dir='ltr' id='par_1_29' title="bbox 233 2851 1828 2922">
     <span class='ocr_line' id='line_1_29' title="bbox 233 2851 1828 2922; baseline -0.004 -13"><span class='ocrx_word' id='word_1_178' title='bbox 233 2854 361 2909; x_wconf 89' lang='lat' dir='ltr'><strong>bulo</strong></span> <span class='ocrx_word' id='word_1_179' title='bbox 385 2854 565 2909; x_wconf 81' lang='lat' dir='ltr'><strong>vivens</strong></span> <span class='ocrx_word' id='word_1_180' title='bbox 589 2853 1077 2922; x_wconf 80' lang='lat' dir='ltr'><strong>depositus,jussus</strong></span> <span class='ocrx_word' id='word_1_181' title='bbox 1092 2861 1174 2906; x_wconf 90' lang='lat' dir='ltr'><strong>est</strong></span> <span class='ocrx_word' id='word_1_182' title='bbox 1201 2852 1474 2906; x_wconf 67' lang='lat' dir='ltr'><strong>decollari.</strong></span> <span class='ocrx_word' id='word_1_183' title='bbox 1494 2851 1736 2922; x_wconf 89' lang='lat' dir='ltr'><strong>Cumque</strong></span> <span class='ocrx_word' id='word_1_184' title='bbox 1764 2867 1828 2904; x_wconf 78' lang='lat' dir='ltr'><strong>eo</strong></span> 
     </span>
    </p>
   </div>
   <div class='ocr_carea' id='block_1_30' title="bbox 234 2944 1833 3016">
    <p class='ocr_par' dir='ltr' id='par_1_30' title="bbox 234 2944 1833 3016">
     <span class='ocr_line' id='line_1_30' title="bbox 234 2944 1833 3016; baseline -0.005 -13"><span class='ocrx_word' id='word_1_185' title='bbox 234 2949 540 3011; x_wconf 87' lang='lat' dir='ltr'><strong>duceretur,</strong></span> <span class='ocrx_word' id='word_1_186' title='bbox 575 2949 764 3002; x_wconf 87' lang='lat' dir='ltr'><strong>obvius</strong></span> <span class='ocrx_word' id='word_1_187' title='bbox 796 2959 877 3001; x_wconf 89' lang='lat' dir='ltr'><strong>est</strong></span> <span class='ocrx_word' id='word_1_188' title='bbox 901 2947 949 3002; x_wconf 91' lang='lat' dir='ltr'><strong>ei</strong></span> <span class='ocrx_word' id='word_1_189' title='bbox 981 2947 1193 3016; x_wconf 88' lang='lat' dir='ltr'><strong>quidam</strong></span> <span class='ocrx_word' id='word_1_190' title='bbox 1231 2946 1572 3000; x_wconf 84' lang='lat' dir='ltr'><strong>Christianus</strong></span> <span class='ocrx_word' id='word_1_191' title='bbox 1594 2986 1608 3008; x_wconf 91' lang='lat'><strong>,</strong></span> <span class='ocrx_word' id='word_1_192' title='bbox 1637 2944 1833 3012; x_wconf 63' lang='lat' dir='ltr'><strong>quidi-~</strong></span> 
     </span>
    </p>
   </div>
   <div class='ocr_carea' id='block_1_31' title="bbox 233 3029 1828 3106">
    <p class='ocr_par' dir='ltr' id='par_1_31' title="bbox 233 3029 1828 3106">
     <span class='ocr_line' id='line_1_31' title="bbox 233 3029 1828 3106; baseline -0.002 -15"><span class='ocrx_word' id='word_1_193' title='bbox 233 3041 361 3093; x_wconf 90' lang='lat' dir='ltr'><strong>vino</strong></span> <span class='ocrx_word' id='word_1_194' title='bbox 386 3041 638 3093; x_wconf 91' lang='lat' dir='ltr'><strong>instinctu</strong></span> <span class='ocrx_word' id='word_1_195' title='bbox 663 3039 840 3092; x_wconf 84' lang='lat' dir='ltr'><strong>subito</strong></span> <span class='ocrx_word' id='word_1_196' title='bbox 864 3037 1212 3091; x_wconf 75' lang='lat' dir='ltr'><strong>exclamavit:</strong></span> <span class='ocrx_word' id='word_1_197' title='bbox 1241 3055 1257 3086; x_wconf 77' lang='grc' dir='ltr'>ι</span> <span class='ocrx_word' id='word_1_198' title='bbox 1288 3035 1462 3106; x_wconf 78' lang='lat' dir='ltr'><strong>Etcgo</strong></span> <span class='ocrx_word' id='word_1_199' title='bbox 1480 3036 1650 3106; x_wconf 89' lang='lat' dir='ltr'><strong>ipsum</strong></span> <span class='ocrx_word' id='word_1_200' title='bbox 1669 3029 1828 3104; x_wconf 79' lang='lat' dir='ltr'><strong>quem</strong></span> 
     </span>
    </p>
   </div>
   <div class='ocr_carea' id='block_1_32' title="bbox 241 3121 1832 3199">
    <p class='ocr_par' dir='ltr' id='par_1_32' title="bbox 241 3121 1832 3199">
     <span class='ocr_line' id='line_1_32' title="bbox 241 3121 1832 3199; baseline -0.003 -14"><span class='ocrx_word' id='word_1_201' title='bbox 241 3131 330 3185; x_wconf 86' lang='lat' dir='ltr'><strong>hic</strong></span> <span class='ocrx_word' id='word_1_202' title='bbox 361 3139 580 3184; x_wconf 89' lang='lat' dir='ltr'><strong>sanctus</strong></span> <span class='ocrx_word' id='word_1_203' title='bbox 636 3129 914 3199; x_wconf 85' lang='lat' dir='ltr'><strong>presbyter</strong></span> <span class='ocrx_word' id='word_1_204' title='bbox 953 3128 1260 3190; x_wconf 85' lang='lat' dir='ltr'><strong>confitetur,</strong></span> <span class='ocrx_word' id='word_1_205' title='bbox 1313 3128 1595 3181; x_wconf 58' lang='lat' dir='ltr'><strong>fluminum</strong></span> <span class='ocrx_word' id='word_1_206' title='bbox 1643 3121 1832 3180; x_wconf 49' lang='lat' dir='ltr'><strong>Jesum&#39;</strong></span> 
     </span>
    </p>
   </div>
   <div class='ocr_carea' id='block_1_33' title="bbox 239 3217 1825 3286">
    <p class='ocr_par' dir='ltr' id='par_1_33' title="bbox 239 3217 1825 3286">
     <span class='ocr_line' id='line_1_33' title="bbox 239 3217 1825 3286; baseline -0.003 -12"><span class='ocrx_word' id='word_1_207' title='bbox 239 3219 520 3274; x_wconf 84' lang='lat' dir='ltr'><strong>Christum</strong></span> <span class='ocrx_word' id='word_1_208' title='bbox 565 3218 703 3272; x_wconf 88' lang='lat' dir='ltr'><strong>colo.</strong></span> <span class='ocrx_word' id='word_1_209' title='bbox 759 3217 914 3271; x_wconf 64' lang='lat' dir='ltr'><strong>iMox</strong></span> <span class='ocrx_word' id='word_1_210' title='bbox 967 3227 1022 3271; x_wconf 90' lang='lat' dir='ltr'><strong>et</strong></span> <span class='ocrx_word' id='word_1_211' title='bbox 1076 3218 1188 3286; x_wconf 90' lang='lat' dir='ltr'><strong>ipse</strong></span> <span class='ocrx_word' id='word_1_212' title='bbox 1223 3217 1648 3286; x_wconf 89' lang='lat' dir='ltr'><strong>comprehensus</strong></span> <span class='ocrx_word' id='word_1_213' title='bbox 1703 3230 1825 3269; x_wconf 91' lang='lat' dir='ltr'><strong>cum</strong></span> 
     </span>
    </p>
   </div>
   <div class='ocr_carea' id='block_1_34' title="bbox 239 3280 1898 3377">
    <p class='ocr_par' dir='ltr' id='par_1_34' title="bbox 239 3280 1898 3377">
     <span class='ocr_line' id='line_1_34' title="bbox 239 3280 1898 3377; baseline -0.005 -9"><span class='ocrx_word' id='word_1_214' title='bbox 239 3313 404 3368; x_wconf 90' lang='lat' dir='ltr'><strong>beato</strong></span> <span class='ocrx_word' id='word_1_215' title='bbox 436 3311 614 3366; x_wconf 86' lang='lat' dir='ltr'><strong>Felice</strong></span> <span class='ocrx_word' id='word_1_216' title='bbox 657 3310 949 3366; x_wconf 73' lang='lat' dir='ltr'><strong>decollatus</strong></span> <span class='ocrx_word' id='word_1_217' title='bbox 983 3320 1082 3363; x_wconf 87' lang='lat' dir='ltr'><strong>est.</strong></span> <span class='ocrx_word' id='word_1_218' title='bbox 1119 3309 1270 3363; x_wconf 91' lang='lat' dir='ltr'><strong>llunc</strong></span> <span class='ocrx_word' id='word_1_219' title='bbox 1298 3318 1481 3377; x_wconf 80' lang='lat' dir='ltr'><strong>postea</strong></span> <span class='ocrx_word' id='word_1_220' title='bbox 1507 3306 1822 3372; x_wconf 86' lang='lat' dir='ltr'><strong>ChriStiaui,</strong></span> <span class='ocrx_word' id='word_1_221' title='bbox 1854 3280 1898 3342; x_wconf 62' lang='grc' dir='ltr'><strong>(ἶ</strong></span> 
     </span>
    </p>
   </div>
   <div class='ocr_carea' id='block_1_35' title="bbox 235 3400 1823 3473">
    <p class='ocr_par' dir='ltr' id='par_1_35' title="bbox 235 3400 1823 3473">
     <span class='ocr_line' id='line_1_35' title="bbox 235 3400 1823 3473; baseline -0.003 -15"><span class='ocrx_word' id='word_1_222' title='bbox 235 3405 360 3473; x_wconf 88' lang='lat' dir='ltr'><strong>quia</strong></span> <span class='ocrx_word' id='word_1_223' title='bbox 402 3421 596 3458; x_wconf 89' lang='lat' dir='ltr'><strong>nomen</strong></span> <span class='ocrx_word' id='word_1_224' title='bbox 644 3403 760 3472; x_wconf 89' lang='lat' dir='ltr'><strong>ejus</strong></span> <span class='ocrx_word' id='word_1_225' title='bbox 802 3403 1184 3473; x_wconf 79' lang='lat' dir='ltr'><strong>ignorabatur,</strong></span> <span class='ocrx_word' id='word_1_226' title='bbox 1235 3403 1538 3456; x_wconf 84' lang='lat' dir='ltr'><strong>Adauctum</strong></span> <span class='ocrx_word' id='word_1_227' title='bbox 1590 3400 1823 3471; x_wconf 85' lang='lat' dir='ltr'><strong>appella-</strong></span> 
     </span>
    </p>
   </div>
   <div class='ocr_carea' id='block_1_36' title="bbox 237 3494 1820 3567">
    <p class='ocr_par' dir='ltr' id='par_1_36' title="bbox 237 3494 1820 3567">
     <span class='ocr_line' id='line_1_36' title="bbox 237 3494 1820 3567; baseline -0.003 -17"><span class='ocrx_word' id='word_1_228' title='bbox 237 3507 453 3562; x_wconf 88' lang='lat' dir='ltr'><strong>verunt,</strong></span> <span class='ocrx_word' id='word_1_229' title='bbox 502 3497 625 3567; x_wconf 91' lang='lat' dir='ltr'><strong>quia</strong></span> <span class='ocrx_word' id='word_1_230' title='bbox 657 3497 880 3566; x_wconf 86' lang='lat' dir='ltr'><strong>martyri</strong></span> <span class='ocrx_word' id='word_1_231' title='bbox 912 3494 1072 3549; x_wconf 87' lang='lat' dir='ltr'><strong>Felici</strong></span> <span class='ocrx_word' id='word_1_232' title='bbox 1104 3501 1294 3549; x_wconf 91' lang='lat' dir='ltr'><strong>auctus</strong></span> <span class='ocrx_word' id='word_1_233' title='bbox 1326 3494 1395 3547; x_wconf 92' lang='lat' dir='ltr'><strong>sit</strong></span> <span class='ocrx_word' id='word_1_234' title='bbox 1430 3495 1496 3548; x_wconf 90' lang='lat' dir='ltr'><strong>ad</strong></span> <span class='ocrx_word' id='word_1_235' title='bbox 1533 3507 1820 3558; x_wconf 75' lang='lat' dir='ltr'><strong>coronam;</strong></span> 
     </span>
    </p>
   </div>
   <div class='ocr_carea' id='block_1_37' title="bbox 244 3584 1828 3663">
    <p class='ocr_par' dir='ltr' id='par_1_37' title="bbox 244 3584 1828 3663">
     <span class='ocr_line' id='line_1_37' title="bbox 244 3584 1828 3663; baseline -0.004 -17"><span class='ocrx_word' id='word_1_236' title='bbox 244 3593 455 3663; x_wconf 87' lang='lat' dir='ltr'><strong>ipsique</strong></span> <span class='ocrx_word' id='word_1_237' title='bbox 515 3606 612 3662; x_wconf 90' lang='lat' dir='ltr'><strong>pro</strong></span> <span class='ocrx_word' id='word_1_238' title='bbox 659 3589 782 3643; x_wconf 85' lang='lat' dir='ltr'><strong>ﬁdei</strong></span> <span class='ocrx_word' id='word_1_239' title='bbox 827 3588 1166 3644; x_wconf 82' lang='lat' dir='ltr'><strong>confessione</strong></span> <span class='ocrx_word' id='word_1_240' title='bbox 1212 3602 1410 3644; x_wconf 88' lang='lat' dir='ltr'><strong>corona</strong></span> <span class='ocrx_word' id='word_1_241' title='bbox 1453 3586 1699 3657; x_wconf 89' lang='lat' dir='ltr'><strong>martyrii</strong></span> <span class='ocrx_word' id='word_1_242' title='bbox 1754 3584 1828 3640; x_wconf 87' lang='lat' dir='ltr'><strong>sit</strong></span> 
     </span>
    </p>
   </div>
   <div class='ocr_carea' id='block_1_38' title="bbox 235 3687 1622 3739">
    <p class='ocr_par' dir='ltr' id='par_1_38' title="bbox 235 3687 1622 3739">
     <span class='ocr_line' id='line_1_38' title="bbox 235 3687 1622 3739; baseline 0.004 0"><span class='ocrx_word' id='word_1_243' title='bbox 235 3694 416 3739; x_wconf 87' lang='lat' dir='ltr'><strong>aucta.</strong></span> <span class='ocrx_word' id='word_1_244' title='bbox 1619 3687 1622 3691; x_wconf 76' lang='grc'><em>’</em></span> 
     </span>
    </p>
   </div>
   <div class='ocr_carea' id='block_1_39' title="bbox 305 3768 1826 3838">
    <p class='ocr_par' dir='ltr' id='par_1_39' title="bbox 305 3768 1826 3838">
     <span class='ocr_line' id='line_1_39' title="bbox 305 3768 1826 3838; baseline -0.004 -9"><span class='ocrx_word' id='word_1_245' title='bbox 305 3775 347 3829; x_wconf 87' lang='lat' dir='ltr'><strong>ll</strong></span> <span class='ocrx_word' id='word_1_246' title='bbox 380 3775 514 3829; x_wconf 70' lang='lat' dir='ltr'><strong>Kac.</strong></span> <span class='ocrx_word' id='word_1_247' title='bbox 545 3772 1155 3829; x_wconf 53' lang='lat' dir='ltr'><strong>Serrane—Treviris</strong></span> <span class='ocrx_word' id='word_1_248' title='bbox 1179 3771 1350 3826; x_wconf 90' lang='lat' dir='ltr'><strong>sancti</strong></span> <span class='ocrx_word' id='word_1_249' title='bbox 1380 3769 1587 3824; x_wconf 82' lang='lat' dir='ltr'><strong>Paulini</strong></span> <span class='ocrx_word' id='word_1_250' title='bbox 1617 3768 1826 3838; x_wconf 84' lang='lat' dir='ltr'><strong>cpisco-</strong></span> 
     </span>
    </p>
   </div>
   <div class='ocr_carea' id='block_1_40' title="bbox 231 3863 1826 3940">
    <p class='ocr_par' dir='ltr' id='par_1_40' title="bbox 231 3863 1826 3940">
     <span class='ocr_line' id='line_1_40' title="bbox 231 3863 1826 3940; baseline -0.003 -18"><span class='ocrx_word' id='word_1_251' title='bbox 231 3870 283 3940; x_wconf 87' lang='lat' dir='ltr'><strong>pi</strong></span> <span class='ocrx_word' id='word_1_252' title='bbox 327 3878 380 3922; x_wconf 80' lang='lat' dir='ltr'><strong>ct</strong></span> <span class='ocrx_word' id='word_1_253' title='bbox 405 3868 752 3924; x_wconf 81' lang='lat' dir='ltr'><strong>confessoris.</strong></span> <span class='ocrx_word' id='word_1_254' title='bbox 787 3867 886 3934; x_wconf 91' lang='lat' dir='ltr'><strong>Qui</strong></span> <span class='ocrx_word' id='word_1_255' title='bbox 923 3878 1161 3936; x_wconf 89' lang='lat' dir='ltr'><strong>tempore</strong></span> <span class='ocrx_word' id='word_1_256' title='bbox 1195 3865 1409 3919; x_wconf 77' lang='lat' dir='ltr'><strong>Arianae</strong></span> <span class='ocrx_word' id='word_1_257' title='bbox 1433 3863 1826 3934; x_wconf 83' lang='lat' dir='ltr'><strong>persecutionis</strong></span> 
     </span>
    </p>
   </div>
   <div class='ocr_carea' id='block_1_41' title="bbox 235 3954 1826 4029">
    <p class='ocr_par' dir='ltr' id='par_1_41' title="bbox 235 3954 1826 4029">
     <span class='ocr_line' id='line_1_41' title="bbox 235 3954 1826 4029; baseline -0.003 -15"><span class='ocrx_word' id='word_1_258' title='bbox 235 3979 264 4014; x_wconf 88' lang='lat' dir='ltr'><strong>a</strong></span> <span class='ocrx_word' id='word_1_259' title='bbox 294 3959 612 4015; x_wconf 90' lang='lat' dir='ltr'><strong>Constantio</strong></span> <span class='ocrx_word' id='word_1_260' title='bbox 656 3961 985 4029; x_wconf 83' lang='lat' dir='ltr'><strong>imperatore</strong></span> <span class='ocrx_word' id='word_1_261' title='bbox 1014 3959 1083 4012; x_wconf 92' lang='lat' dir='ltr'><strong>ob</strong></span> <span class='ocrx_word' id='word_1_262' title='bbox 1133 3957 1463 4012; x_wconf 88' lang='lat' dir='ltr'><strong>catholicam</strong></span> <span class='ocrx_word' id='word_1_263' title='bbox 1498 3955 1654 4029; x_wconf 90' lang='lat' dir='ltr'><strong>fidem</strong></span> <span class='ocrx_word' id='word_1_264' title='bbox 1682 3954 1826 4010; x_wconf 87' lang='lat' dir='ltr'><strong>exsi-</strong></span> 
     </span>
    </p>
   </div>
   <div class='ocr_carea' id='block_1_42' title="bbox 232 4045 1822 4122">
    <p class='ocr_par' dir='ltr' id='par_1_42' title="bbox 232 4045 1822 4122">
     <span class='ocr_line' id='line_1_42' title="bbox 232 4045 1822 4122; baseline -0.002 -19"><span class='ocrx_word' id='word_1_265' title='bbox 232 4050 306 4106; x_wconf 88' lang='lat' dir='ltr'><strong>lio</strong></span> <span class='ocrx_word' id='word_1_266' title='bbox 343 4051 628 4122; x_wconf 89' lang='lat' dir='ltr'><strong>relegatus,</strong></span> <span class='ocrx_word' id='word_1_267' title='bbox 661 4060 713 4106; x_wconf 90' lang='lat' dir='ltr'><strong>et</strong></span> <span class='ocrx_word' id='word_1_268' title='bbox 759 4053 808 4104; x_wconf 91' lang='lat' dir='ltr'><strong>in</strong></span> <span class='ocrx_word' id='word_1_269' title='bbox 854 4067 918 4105; x_wconf 89' lang='lat' dir='ltr'><strong>eo</strong></span> <span class='ocrx_word' id='word_1_270' title='bbox 967 4066 1135 4119; x_wconf 89' lang='lat' dir='ltr'><strong>usque</strong></span> <span class='ocrx_word' id='word_1_271' title='bbox 1173 4049 1240 4103; x_wconf 90' lang='lat' dir='ltr'><strong>ad</strong></span> <span class='ocrx_word' id='word_1_272' title='bbox 1270 4057 1499 4103; x_wconf 85' lang='lat' dir='ltr'><strong>mortem</strong></span> <span class='ocrx_word' id='word_1_273' title='bbox 1546 4045 1822 4117; x_wconf 86' lang='lat' dir='ltr'><strong>fatigatus,</strong></span> 
     </span>
    </p>
   </div>
   <div class='ocr_carea' id='block_1_43' title="bbox 240 4141 1680 4214">
    <p class='ocr_par' dir='ltr' id='par_1_43' title="bbox 240 4141 1680 4214">
     <span class='ocr_line' id='line_1_43' title="bbox 240 4141 1680 4214; baseline -0.003 -17"><span class='ocrx_word' id='word_1_274' title='bbox 240 4143 380 4214; x_wconf 89' lang='lat' dir='ltr'><strong>apud</strong></span> <span class='ocrx_word' id='word_1_275' title='bbox 410 4143 650 4198; x_wconf 89' lang='lat' dir='ltr'><strong>Africam</strong></span> <span class='ocrx_word' id='word_1_276' title='bbox 681 4145 850 4196; x_wconf 69' lang='lat' dir='ltr'><strong>beata:</strong></span> <span class='ocrx_word' id='word_1_277' title='bbox 873 4144 1139 4212; x_wconf 89' lang='lat' dir='ltr'><strong>passionis</strong></span> <span class='ocrx_word' id='word_1_278' title='bbox 1171 4141 1379 4210; x_wconf 88' lang='lat' dir='ltr'><strong>accepit</strong></span> <span class='ocrx_word' id='word_1_279' title='bbox 1406 4155 1680 4194; x_wconf 87' lang='lat' dir='ltr'><strong>coronant.</strong></span> 
     </span>
    </p>
   </div>
   <div class='ocr_carea' id='block_1_44' title="bbox 313 4219 1824 4303">
    <p class='ocr_par' dir='ltr' id='par_1_44' title="bbox 313 4219 1824 4303">
     <span class='ocr_line' id='line_1_44' title="bbox 313 4219 1824 4303; baseline 0 -17"><span class='ocrx_word' id='word_1_280' title='bbox 313 4232 520 4286; x_wconf 86' lang='lat' dir='ltr'><strong>Eodem</strong></span> <span class='ocrx_word' id='word_1_281' title='bbox 566 4233 650 4285; x_wconf 86' lang='lat' dir='ltr'><strong>die</strong></span> <span class='ocrx_word' id='word_1_282' title='bbox 689 4234 828 4302; x_wconf 89' lang='lat' dir='ltr'><strong>apud</strong></span> <span class='ocrx_word' id='word_1_283' title='bbox 866 4235 1104 4287; x_wconf 87' lang='lat' dir='ltr'><strong>Athenas</strong></span> <span class='ocrx_word' id='word_1_284' title='bbox 1146 4233 1285 4286; x_wconf 90' lang='lat' dir='ltr'><strong>beati</strong></span> <span class='ocrx_word' id='word_1_285' title='bbox 1311 4231 1474 4286; x_wconf 89' lang='lat' dir='ltr'><strong>Aristi</strong></span> <span class='ocrx_word' id='word_1_286' title='bbox 1502 4219 1824 4303; x_wconf 73' lang='lat' dir='ltr'><strong>[Aristidis],</strong></span> 
     </span>
    </p>
   </div>
   <div class='ocr_carea' id='block_1_45' title="bbox 236 4323 1828 4396">
    <p class='ocr_par' dir='ltr' id='par_1_45' title="bbox 236 4323 1828 4396">
     <span class='ocr_line' id='line_1_45' title="bbox 236 4323 1828 4396; baseline -0.001 -18"><span class='ocrx_word' id='word_1_287' title='bbox 236 4323 345 4378; x_wconf 85' lang='lat' dir='ltr'><strong>ﬁde</strong></span> <span class='ocrx_word' id='word_1_288' title='bbox 378 4323 752 4394; x_wconf 82' lang='lat' dir='ltr'><strong>sapientiaque</strong></span> <span class='ocrx_word' id='word_1_289' title='bbox 794 4323 1100 4386; x_wconf 89' lang='lat' dir='ltr'><strong>clarissimi,</strong></span> <span class='ocrx_word' id='word_1_290' title='bbox 1126 4325 1216 4390; x_wconf 91' lang='lat' dir='ltr'><strong>qui</strong></span> <span class='ocrx_word' id='word_1_291' title='bbox 1240 4324 1479 4377; x_wconf 84' lang='lat' dir='ltr'><strong>Adriano</strong></span> <span class='ocrx_word' id='word_1_292' title='bbox 1509 4323 1737 4396; x_wconf 83' lang='lat' dir='ltr'><strong>principi</strong></span> <span class='ocrx_word' id='word_1_293' title='bbox 1763 4323 1828 4377; x_wconf 90' lang='lat' dir='ltr'><strong>de</strong></span> 
     </span>
    </p>
   </div>
   <div class='ocr_carea' id='block_1_46' title="bbox 239 4414 1826 4488">
    <p class='ocr_par' dir='ltr' id='par_1_46' title="bbox 239 4414 1826 4488">
     <span class='ocr_line' id='line_1_46' title="bbox 239 4414 1826 4488; baseline -0.001 -16"><span class='ocrx_word' id='word_1_294' title='bbox 239 4417 504 4488; x_wconf 82' lang='lat' dir='ltr'><strong>religione</strong></span> <span class='ocrx_word' id='word_1_295' title='bbox 563 4415 867 4471; x_wconf 88' lang='lat' dir='ltr'><strong>Christiana</strong></span> <span class='ocrx_word' id='word_1_296' title='bbox 921 4416 1087 4470; x_wconf 85' lang='lat' dir='ltr'><strong>libros</strong></span> <span class='ocrx_word' id='word_1_297' title='bbox 1135 4415 1351 4481; x_wconf 89' lang='lat' dir='ltr'><strong>obtulit,</strong></span> <span class='ocrx_word' id='word_1_298' title='bbox 1395 4425 1446 4469; x_wconf 92' lang='lat' dir='ltr'><strong>et</strong></span> <span class='ocrx_word' id='word_1_299' title='bbox 1474 4416 1617 4484; x_wconf 86' lang='lat' dir='ltr'><strong>quod</strong></span> <span class='ocrx_word' id='word_1_300' title='bbox 1664 4414 1826 4470; x_wconf 69' lang='lat' dir='ltr'><strong>Iesus</strong></span> 
     </span>
    </p>
   </div>
   <div class='ocr_carea' id='block_1_47' title="bbox 236 4507 1828 4580">
    <p class='ocr_par' dir='ltr' id='par_1_47' title="bbox 236 4507 1828 4580">
     <span class='ocr_line' id='line_1_47' title="bbox 236 4507 1828 4580; baseline 0 -16"><span class='ocrx_word' id='word_1_301' title='bbox 236 4509 484 4564; x_wconf 80' lang='lat' dir='ltr'><strong>Christus</strong></span> <span class='ocrx_word' id='word_1_302' title='bbox 508 4525 668 4565; x_wconf 87' lang='lat' dir='ltr'><strong>verus</strong></span> <span class='ocrx_word' id='word_1_303' title='bbox 716 4519 859 4565; x_wconf 89' lang='lat' dir='ltr'><strong>esset</strong></span> <span class='ocrx_word' id='word_1_304' title='bbox 905 4509 1068 4576; x_wconf 90' lang='lat' dir='ltr'><strong>Deus,</strong></span> <span class='ocrx_word' id='word_1_305' title='bbox 1101 4517 1368 4580; x_wconf 64' lang='lat' dir='ltr'><strong>praesente</strong></span> <span class='ocrx_word' id='word_1_306' title='bbox 1404 4507 1518 4576; x_wconf 90' lang='lat' dir='ltr'><strong>illo,</strong></span> <span class='ocrx_word' id='word_1_307' title='bbox 1543 4507 1828 4578; x_wconf 88' lang='lat' dir='ltr'><strong>jucundis-</strong></span> 
     </span>
    </p>
   </div>
   <div class='ocr_carea' id='block_1_48' title="bbox 238 4600 705 4671">
    <p class='ocr_par' dir='ltr' id='par_1_48' title="bbox 238 4600 705 4671">
     <span class='ocr_line' id='line_1_48' title="bbox 238 4600 705 4671; baseline -0.002 -15"><span class='ocrx_word' id='word_1_308' title='bbox 238 4600 373 4656; x_wconf 89' lang='lat' dir='ltr'><strong>sime</strong></span> <span class='ocrx_word' id='word_1_309' title='bbox 415 4602 705 4671; x_wconf 88' lang='lat' dir='ltr'><strong>peroravit.</strong></span> 
     </span>
    </p>
   </div>
   <div class='ocr_carea' id='block_1_49' title="bbox 783 4744 1326 4824">
    <p class='ocr_par' dir='ltr' id='par_1_49' title="bbox 783 4744 1326 4824">
     <span class='ocr_line' id='line_1_49' title="bbox 783 4744 1326 4824; baseline -0.006 -18"><span class='ocrx_word' id='word_1_310' title='bbox 783 4744 1273 4806; x_wconf 81' lang='lat' dir='ltr'><strong>SEPTEMBER.</strong></span> <span class='ocrx_word' id='word_1_311' title='bbox 1318 4819 1326 4824; x_wconf 94' lang='lat'><strong>_</strong></span> 
     </span>
    </p>
   </div>
   <div class='ocr_carea' id='block_1_50' title="bbox 275 4843 1778 4922">
    <p class='ocr_par' dir='ltr' id='par_1_50' title="bbox 275 4843 1778 4922">
     <span class='ocr_line' id='line_1_50' title="bbox 275 4843 1778 4922; baseline -0.002 -17"><span class='ocrx_word' id='word_1_312' title='bbox 275 4845 621 4922; x_wconf 81' lang='lat' dir='ltr'><strong>Septemoer</strong></span> <span class='ocrx_word' id='word_1_313' title='bbox 648 4844 828 4906; x_wconf 70' lang='lat' dir='ltr'><strong>habet</strong></span> <span class='ocrx_word' id='word_1_314' title='bbox 859 4844 988 4906; x_wconf 80' lang='lat' dir='ltr'><strong>dies</strong></span> <span class='ocrx_word' id='word_1_315' title='bbox 1032 4863 1182 4916; x_wconf 83' lang='lat' dir='ltr'><strong>xxx,</strong></span> <span class='ocrx_word' id='word_1_316' title='bbox 1218 4843 1350 4905; x_wconf 86' lang='lat' dir='ltr'><strong>Iun.</strong></span> <span class='ocrx_word' id='word_1_317' title='bbox 1400 4860 1544 4904; x_wconf 79' lang='lat' dir='ltr'><strong>vero</strong></span> <span class='ocrx_word' id='word_1_318' title='bbox 1597 4859 1778 4904; x_wconf 73' lang='lat' dir='ltr'><strong>XXIX.</strong></span> 
     </span>
    </p>
   </div>
   <div class='ocr_carea' id='block_1_51' title="bbox 306 4963 1490 5022">
    <p class='ocr_par' dir='ltr' id='par_1_51' title="bbox 306 4963 1490 5022">
     <span class='ocr_line' id='line_1_51' title="bbox 306 4963 1490 5022; baseline -0.003 -1"><span class='ocrx_word' id='word_1_319' title='bbox 306 4965 437 5021; x_wconf 75' lang='lat' dir='ltr'><strong>KAL.</strong></span> <span class='ocrx_word' id='word_1_320' title='bbox 473 4965 740 5022; x_wconf 74' lang='lat' dir='ltr'><strong>SEPTEMB.</strong></span> <span class='ocrx_word' id='word_1_321' title='bbox 759 4965 966 5021; x_wconf 80' lang='lat' dir='ltr'><strong>—Jesu</strong></span> <span class='ocrx_word' id='word_1_322' title='bbox 999 4963 1143 5019; x_wconf 88' lang='lat' dir='ltr'><strong>Nave</strong></span> <span class='ocrx_word' id='word_1_323' title='bbox 1168 4973 1222 5019; x_wconf 88' lang='lat' dir='ltr'><strong>et</strong></span> <span class='ocrx_word' id='word_1_324' title='bbox 1251 4963 1490 5020; x_wconf 89' lang='lat' dir='ltr'><strong>Gedeon.</strong></span> 
     </span>
    </p>
   </div>
   <div class='ocr_carea' id='block_1_52' title="bbox 307 5053 1819 5127">
    <p class='ocr_par' dir='ltr' id='par_1_52' title="bbox 307 5053 1819 5127">
     <span class='ocr_line' id='line_1_52' title="bbox 307 5053 1819 5127; baseline -0.004 -11"><span class='ocrx_word' id='word_1_325' title='bbox 307 5062 507 5116; x_wconf 86' lang='lat' dir='ltr'><strong>Eodem</strong></span> <span class='ocrx_word' id='word_1_326' title='bbox 547 5061 633 5115; x_wconf 90' lang='lat' dir='ltr'><strong>die</strong></span> <span class='ocrx_word' id='word_1_327' title='bbox 685 5059 879 5114; x_wconf 86' lang='lat' dir='ltr'><strong>natalis</strong></span> <span class='ocrx_word' id='word_1_328' title='bbox 908 5059 1264 5114; x_wconf 77' lang='lat' dir='ltr'><strong>sanctissima:</strong></span> <span class='ocrx_word' id='word_1_329' title='bbox 1300 5057 1528 5127; x_wconf 88' lang='lat' dir='ltr'><strong>virginis</strong></span> <span class='ocrx_word' id='word_1_330' title='bbox 1574 5053 1819 5118; x_wconf 61' lang='lat' dir='ltr'><strong>Verenaa,</strong></span> 
     </span>
    </p>
   </div>
   <div class='ocr_carea' id='block_1_53' title="bbox 236 5149 1826 5224">
    <p class='ocr_par' dir='ltr' id='par_1_53' title="bbox 236 5149 1826 5224">
     <span class='ocr_line' id='line_1_53' title="bbox 236 5149 1826 5224; baseline -0.003 -16"><span class='ocrx_word' id='word_1_331' title='bbox 236 5150 481 5208; x_wconf 53' lang='lat' dir='ltr'><strong>Thebane</strong></span> <span class='ocrx_word' id='word_1_332' title='bbox 507 5169 720 5224; x_wconf 84' lang='lat' dir='ltr'><strong>genere,</strong></span> <span class='ocrx_word' id='word_1_333' title='bbox 751 5169 872 5222; x_wconf 58' lang='lat' dir='ltr'><strong>quae</strong></span> <span class='ocrx_word' id='word_1_334' title='bbox 901 5169 930 5205; x_wconf 89' lang='lat' dir='ltr'><strong>a</strong></span> <span class='ocrx_word' id='word_1_335' title='bbox 962 5153 1276 5221; x_wconf 88' lang='lat' dir='ltr'><strong>parentibus</strong></span> <span class='ocrx_word' id='word_1_336' title='bbox 1313 5152 1436 5208; x_wconf 84' lang='lat' dir='ltr'><strong>suis‘</strong></span> <span class='ocrx_word' id='word_1_337' title='bbox 1454 5150 1666 5206; x_wconf 91' lang='lat' dir='ltr'><strong>cuidam</strong></span> <span class='ocrx_word' id='word_1_338' title='bbox 1712 5149 1826 5219; x_wconf 90' lang='lat' dir='ltr'><strong>epi-</strong></span> 
     </span>
    </p>
   </div>
   <div class='ocr_carea' id='block_1_54' title="bbox 236 5243 1825 5315">
    <p class='ocr_par' dir='ltr' id='par_1_54' title="bbox 236 5243 1825 5315">
     <span class='ocr_line' id='line_1_54' title="bbox 236 5243 1825 5315; baseline -0.004 -13"><span class='ocrx_word' id='word_1_339' title='bbox 236 5262 403 5315; x_wconf 87' lang='lat' dir='ltr'><strong>scopo</strong></span> <span class='ocrx_word' id='word_1_340' title='bbox 432 5245 788 5309; x_wconf 84' lang='lat' dir='ltr'><strong>Chaeremoni,</strong></span> <span class='ocrx_word' id='word_1_341' title='bbox 815 5246 904 5313; x_wconf 89' lang='lat' dir='ltr'><strong>qui</strong></span> <span class='ocrx_word' id='word_1_342' title='bbox 927 5253 979 5299; x_wconf 92' lang='lat' dir='ltr'><strong>et</strong></span> <span class='ocrx_word' id='word_1_343' title='bbox 1003 5245 1343 5312; x_wconf 90' lang='lat' dir='ltr'><strong>postmodum</strong></span> <span class='ocrx_word' id='word_1_344' title='bbox 1377 5243 1640 5314; x_wconf 86' lang='lat' dir='ltr'><strong>martyrio</strong></span> <span class='ocrx_word' id='word_1_345' title='bbox 1671 5257 1825 5297; x_wconf 89' lang='lat' dir='ltr'><strong>coro-</strong></span> 
     </span>
    </p>
   </div>
   <div class='ocr_carea' id='block_1_55' title="bbox 237 5337 1825 5406">
    <p class='ocr_par' dir='ltr' id='par_1_55' title="bbox 237 5337 1825 5406">
     <span class='ocr_line' id='line_1_55' title="bbox 237 5337 1825 5406; baseline -0.003 -12"><span class='ocrx_word' id='word_1_346' title='bbox 237 5349 398 5394; x_wconf 85' lang='lat' dir='ltr'><strong>natus</strong></span> <span class='ocrx_word' id='word_1_347' title='bbox 431 5347 546 5404; x_wconf 89' lang='lat' dir='ltr'><strong>est,</strong></span> <span class='ocrx_word' id='word_1_348' title='bbox 580 5340 645 5392; x_wconf 89' lang='lat' dir='ltr'><strong>ad</strong></span> <span class='ocrx_word' id='word_1_349' title='bbox 693 5339 1039 5393; x_wconf 86' lang='lat' dir='ltr'><strong>imbuendum</strong></span> <span class='ocrx_word' id='word_1_350' title='bbox 1085 5338 1530 5393; x_wconf 90' lang='lat' dir='ltr'><strong>commendatur:</strong></span> <span class='ocrx_word' id='word_1_351' title='bbox 1574 5337 1825 5406; x_wconf 87' lang='lat' dir='ltr'><strong>deinceps</strong></span> 
     </span>
    </p>
   </div>
   <div class='ocr_carea' id='block_1_56' title="bbox 237 5424 1822 5500">
    <p class='ocr_par' dir='ltr' id='par_1_56' title="bbox 237 5424 1822 5500">
     <span class='ocr_line' id='line_1_56' title="bbox 237 5424 1822 5500; baseline -0.003 -17"><span class='ocrx_word' id='word_1_352' title='bbox 237 5432 303 5485; x_wconf 88' lang='lat' dir='ltr'><strong>ad</strong></span> <span class='ocrx_word' id='word_1_353' title='bbox 334 5429 645 5485; x_wconf 86' lang='lat' dir='ltr'><strong>inferiorem</strong></span> <span class='ocrx_word' id='word_1_354' title='bbox 676 5427 967 5500; x_wconf 57' lang='lat' dir='ltr'><strong>Egyptmn</strong></span> <span class='ocrx_word' id='word_1_355' title='bbox 996 5444 1116 5482; x_wconf 91' lang='lat' dir='ltr'><strong>cum</strong></span> <span class='ocrx_word' id='word_1_356' title='bbox 1147 5427 1268 5482; x_wconf 92' lang='lat' dir='ltr'><strong>aliis</strong></span> <span class='ocrx_word' id='word_1_357' title='bbox 1294 5425 1538 5481; x_wconf 88' lang='lat' dir='ltr'><strong>fidelibus</strong></span> <span class='ocrx_word' id='word_1_358' title='bbox 1559 5424 1822 5495; x_wconf 89' lang='lat' dir='ltr'><strong>profecta,</strong></span> 
     </span>
    </p>
   </div>
   <div class='ocr_carea' id='block_1_57' title="bbox 234 5517 1826 5592">
    <p class='ocr_par' dir='ltr' id='par_1_57' title="bbox 234 5517 1826 5592">
     <span class='ocr_line' id='line_1_57' title="bbox 234 5517 1826 5592; baseline -0.003 -16"><span class='ocrx_word' id='word_1_359' title='bbox 234 5522 410 5576; x_wconf 77' lang='lat' dir='ltr'><strong>beata:</strong></span> <span class='ocrx_word' id='word_1_360' title='bbox 438 5537 497 5576; x_wconf 90' lang='lat' dir='ltr'><strong>se</strong></span> <span class='ocrx_word' id='word_1_361' title='bbox 536 5521 752 5592; x_wconf 82' lang='lat' dir='ltr'><strong>legioni,</strong></span> <span class='ocrx_word' id='word_1_362' title='bbox 785 5521 833 5574; x_wconf 92' lang='lat' dir='ltr'><strong>id</strong></span> <span class='ocrx_word' id='word_1_363' title='bbox 863 5529 946 5575; x_wconf 89' lang='lat' dir='ltr'><strong>est</strong></span> <span class='ocrx_word' id='word_1_364' title='bbox 976 5519 1228 5575; x_wconf 83' lang='lat' dir='ltr'><strong>Mauritio</strong></span> <span class='ocrx_word' id='word_1_365' title='bbox 1250 5530 1303 5573; x_wconf 92' lang='lat' dir='ltr'><strong>et</strong></span> <span class='ocrx_word' id='word_1_366' title='bbox 1351 5519 1513 5572; x_wconf 90' lang='lat' dir='ltr'><strong>sociis</strong></span> <span class='ocrx_word' id='word_1_367' title='bbox 1551 5520 1684 5583; x_wconf 91' lang='lat' dir='ltr'><strong>suis,</strong></span> <span class='ocrx_word' id='word_1_368' title='bbox 1735 5517 1826 5589; x_wconf 90' lang='lat' dir='ltr'><strong>qui</strong></span> 
     </span>
    </p>
   </div>
   <div class='ocr_carea' id='block_1_58' title="bbox 234 5611 1825 5686">
    <p class='ocr_par' dir='ltr' id='par_1_58' title="bbox 234 5611 1825 5686">
     <span class='ocr_line' id='line_1_58' title="bbox 234 5611 1825 5686; baseline -0.003 -16"><span class='ocrx_word' id='word_1_369' title='bbox 234 5624 366 5671; x_wconf 82' lang='lat' dir='ltr'><strong>tunc</strong></span> <span class='ocrx_word' id='word_1_370' title='bbox 397 5617 676 5686; x_wconf 87' lang='lat' dir='ltr'><strong>temporis,</strong></span> <span class='ocrx_word' id='word_1_371' title='bbox 702 5616 852 5684; x_wconf 91' lang='lat' dir='ltr'><strong>quasi</strong></span> <span class='ocrx_word' id='word_1_372' title='bbox 885 5613 1219 5668; x_wconf 88' lang='lat' dir='ltr'><strong>Diocletiano</strong></span> <span class='ocrx_word' id='word_1_373' title='bbox 1245 5621 1298 5667; x_wconf 91' lang='lat' dir='ltr'><strong>et</strong></span> <span class='ocrx_word' id='word_1_374' title='bbox 1333 5612 1663 5666; x_wconf 79' lang='lat' dir='ltr'><strong>Maximiano</strong></span> <span class='ocrx_word' id='word_1_375' title='bbox 1688 5611 1825 5666; x_wconf 89' lang='lat' dir='ltr'><strong>mili-</strong></span> 
     </span>
    </p>
   </div>
   <div class='ocr_carea' id='block_1_59' title="bbox 237 5699 1816 5772">
    <p class='ocr_par' dir='ltr' id='par_1_59' title="bbox 237 5699 1816 5772">
     <span class='ocr_line' id='line_1_59' title="bbox 237 5699 1816 5772; baseline -0.006 -9"><span class='ocrx_word' id='word_1_376' title='bbox 237 5708 400 5763; x_wconf 75' lang='lat' dir='ltr'><strong>taturi</strong></span> <span class='ocrx_word' id='word_1_377' title='bbox 457 5699 1116 5766; x_wconf 77' lang='lat' dir='ltr'><strong>ibidemcommonebant,</strong></span> <span class='ocrx_word' id='word_1_378' title='bbox 1166 5703 1365 5757; x_wconf 88' lang='lat' dir='ltr'><strong>Christi</strong></span> <span class='ocrx_word' id='word_1_379' title='bbox 1416 5703 1568 5772; x_wconf 88' lang='lat' dir='ltr'><strong>virgo</strong></span> <span class='ocrx_word' id='word_1_380' title='bbox 1610 5701 1816 5754; x_wconf 89' lang='lat' dir='ltr'><strong>ltaliant</strong></span> 
     </span>
    </p>
   </div>
   <div class='ocr_carea' id='block_1_60' title="bbox 232 5795 1819 5866">
    <p class='ocr_par' dir='ltr' id='par_1_60' title="bbox 232 5795 1819 5866">
     <span class='ocr_line' id='line_1_60' title="bbox 232 5795 1819 5866; baseline -0.006 -9"><span class='ocrx_word' id='word_1_381' title='bbox 232 5801 554 5858; x_wconf 74' lang='lat' dir='ltr'><strong>veniredcsi</strong></span> <span class='ocrx_word' id='word_1_382' title='bbox 581 5801 776 5864; x_wconf 75' lang='lat' dir='ltr'><strong>lerans,</strong></span> <span class='ocrx_word' id='word_1_383' title='bbox 811 5797 1106 5866; x_wconf 76' lang='lat' dir='ltr'><strong>conjunxit.</strong></span> <span class='ocrx_word' id='word_1_384' title='bbox 1148 5795 1505 5850; x_wconf 84' lang='lat' dir='ltr'><strong>Mediolanum</strong></span> <span class='ocrx_word' id='word_1_385' title='bbox 1539 5810 1670 5863; x_wconf 87' lang='lat' dir='ltr'><strong>ergo</strong></span> <span class='ocrx_word' id='word_1_386' title='bbox 1699 5807 1819 5862; x_wconf 86' lang='lat' dir='ltr'><strong>per-</strong></span> 
     </span>
    </p>
   </div>
   <div class='ocr_carea' id='block_1_61' title="bbox 229 5885 1817 5962">
    <p class='ocr_par' dir='ltr' id='par_1_61' title="bbox 229 5885 1817 5962">
     <span class='ocr_line' id='line_1_61' title="bbox 229 5885 1817 5962; baseline -0.006 -11"><span class='ocrx_word' id='word_1_387' title='bbox 229 5893 481 5960; x_wconf 76' lang='lat' dir='ltr'><strong>.Veuicns,</strong></span> <span class='ocrx_word' id='word_1_388' title='bbox 519 5892 740 5962; x_wconf 84' lang='lat' dir='ltr'><strong>locaque</strong></span> <span class='ocrx_word' id='word_1_389' title='bbox 769 5891 822 5945; x_wconf 89' lang='lat' dir='ltr'><strong>in</strong></span> <span class='ocrx_word' id='word_1_390' title='bbox 853 5889 1046 5960; x_wconf 91' lang='lat' dir='ltr'><strong>quibus</strong></span> <span class='ocrx_word' id='word_1_391' title='bbox 1077 5887 1250 5944; x_wconf 87' lang='lat' dir='ltr'><strong>sancti</strong></span> <span class='ocrx_word' id='word_1_392' title='bbox 1293 5896 1562 5957; x_wconf 84' lang='lat' dir='ltr'><strong>martyres</strong></span> <span class='ocrx_word' id='word_1_393' title='bbox 1583 5885 1817 5942; x_wconf 74' lang='lat' dir='ltr'><strong>contine-</strong></span> 
     </span>
    </p>
   </div>
   <div class='ocr_carea' id='block_1_62' title="bbox 1848 1909 1895 1970">
    <p class='ocr_par' dir='ltr' id='par_1_62' title="bbox 1848 1909 1895 1970">
     <span class='ocr_line' id='line_1_62' title="bbox 1848 1909 1895 1970; baseline 0 -2"><span class='ocrx_word' id='word_1_394' title='bbox 1848 1909 1895 1970; x_wconf 88' lang='lat' dir='ltr'><strong>B</strong></span> 
     </span>
    </p>
   </div>
   <div class='ocr_carea' id='block_1_63' title="bbox 1852 4634 1903 4699">
    <p class='ocr_par' dir='ltr' id='par_1_63' title="bbox 1852 4634 1903 4699">
     <span class='ocr_line' id='line_1_63' title="bbox 1852 4634 1903 4699; baseline 0 0"><span class='ocrx_word' id='word_1_395' title='bbox 1852 4634 1903 4699; x_wconf 88' lang='lat' dir='ltr'><strong>D</strong></span> 
     </span>
    </p>
   </div>
   <div class='ocr_carea' id='block_1_64' title="bbox 1923 635 3499 712">
    <p class='ocr_par' dir='ltr' id='par_1_64' title="bbox 1923 635 3499 712">
     <span class='ocr_line' id='line_1_64' title="bbox 1923 635 3499 712; baseline 0.005 -24"><span class='ocrx_word' id='word_1_396' title='bbox 1923 635 2087 688; x_wconf 88' lang='lat' dir='ltr'><strong>etiam</strong></span> <span class='ocrx_word' id='word_1_397' title='bbox 2119 639 2440 709; x_wconf 90' lang='lat' dir='ltr'><strong>martyrium</strong></span> <span class='ocrx_word' id='word_1_398' title='bbox 2478 639 2714 708; x_wconf 88' lang='lat' dir='ltr'><strong>optando</strong></span> <span class='ocrx_word' id='word_1_399' title='bbox 2741 640 3179 705; x_wconf 89' lang='lat' dir='ltr'><strong>subministrans,</strong></span> <span class='ocrx_word' id='word_1_400' title='bbox 3212 658 3241 695; x_wconf 91' lang='lat' dir='ltr'><strong>a</strong></span> <span class='ocrx_word' id='word_1_401' title='bbox 3266 641 3499 712; x_wconf 90' lang='lat' dir='ltr'><strong>quodam</strong></span> 
     </span>
    </p>
   </div>
   <div class='ocr_carea' id='block_1_65' title="bbox 1923 730 3501 790">
    <p class='ocr_par' dir='ltr' id='par_1_65' title="bbox 1923 730 3501 790">
     <span class='ocr_line' id='line_1_65' title="bbox 1923 730 3501 790; baseline 0.005 -8"><span class='ocrx_word' id='word_1_402' title='bbox 1923 737 2110 784; x_wconf 88' lang='lat' dir='ltr'><strong>sancto</strong></span> <span class='ocrx_word' id='word_1_403' title='bbox 2134 730 2248 784; x_wconf 90' lang='lat' dir='ltr'><strong>viro</strong></span> <span class='ocrx_word' id='word_1_404' title='bbox 2289 730 2520 786; x_wconf 86' lang='lat' dir='ltr'><strong>Maximo</strong></span> <span class='ocrx_word' id='word_1_405' title='bbox 2566 733 2637 787; x_wconf 91' lang='lat' dir='ltr'><strong>ibi</strong></span> <span class='ocrx_word' id='word_1_406' title='bbox 2681 733 2900 788; x_wconf 89' lang='lat' dir='ltr'><strong>detenta</strong></span> <span class='ocrx_word' id='word_1_407' title='bbox 2945 734 3210 789; x_wconf 89' lang='lat' dir='ltr'><strong>subsistit.</strong></span> <span class='ocrx_word' id='word_1_408' title='bbox 3261 734 3501 790; x_wconf 87' lang='lat' dir='ltr'><strong>Audiens</strong></span> 
     </span>
    </p>
   </div>
   <div class='ocr_carea' id='block_1_66' title="bbox 1923 821 3504 900">
    <p class='ocr_par' dir='ltr' id='par_1_66' title="bbox 1923 821 3504 900">
     <span class='ocr_line' id='line_1_66' title="bbox 1923 821 3504 900; baseline 0.006 -25"><span class='ocrx_word' id='word_1_409' title='bbox 1923 821 2154 892; x_wconf 91' lang='lat' dir='ltr'><strong>denique</strong></span> <span class='ocrx_word' id='word_1_410' title='bbox 2204 834 2446 879; x_wconf 87' lang='lat' dir='ltr'><strong>sanctant</strong></span> <span class='ocrx_word' id='word_1_411' title='bbox 2505 825 2859 881; x_wconf 70' lang='lat' dir='ltr'><strong>Thebteorum</strong></span> <span class='ocrx_word' id='word_1_412' title='bbox 2916 827 3229 898; x_wconf 74' lang='lat' dir='ltr'><strong>legionem,</strong></span> <span class='ocrx_word' id='word_1_413' title='bbox 3272 843 3504 900; x_wconf 86' lang='lat' dir='ltr'><strong>cumquo</strong></span> 
     </span>
    </p>
   </div>
   <div class='ocr_carea' id='block_1_67' title="bbox 1924 915 3500 992">
    <p class='ocr_par' dir='ltr' id='par_1_67' title="bbox 1924 915 3500 992">
     <span class='ocr_line' id='line_1_67' title="bbox 1924 915 3500 992; baseline 0.004 -27"><span class='ocrx_word' id='word_1_414' title='bbox 1924 929 2083 982; x_wconf 87' lang='lat' dir='ltr'><strong>quem</strong></span> <span class='ocrx_word' id='word_1_415' title='bbox 2132 915 2288 969; x_wconf 82' lang='lat' dir='ltr'><strong>unice</strong></span> <span class='ocrx_word' id='word_1_416' title='bbox 2327 916 2594 988; x_wconf 87' lang='lat' dir='ltr'><strong>deligebat</strong></span> <span class='ocrx_word' id='word_1_417' title='bbox 2626 917 2922 984; x_wconf 79' lang='lat' dir='ltr'><strong>Victorem,</strong></span> <span class='ocrx_word' id='word_1_418' title='bbox 2952 920 3208 992; x_wconf 87' lang='lat' dir='ltr'><strong>martyrio</strong></span> <span class='ocrx_word' id='word_1_419' title='bbox 3247 934 3500 975; x_wconf 89' lang='lat' dir='ltr'><strong>consum-</strong></span> 
     </span>
    </p>
   </div>
   <div class='ocr_carea' id='block_1_68' title="bbox 1924 999 3505 1086">
    <p class='ocr_par' dir='ltr' id='par_1_68' title="bbox 1924 999 3505 1086">
     <span class='ocr_line' id='line_1_68' title="bbox 1924 999 3505 1086; baseline 0.005 -27"><span class='ocrx_word' id='word_1_420' title='bbox 1924 1008 2079 1071; x_wconf 88' lang='lat' dir='ltr'><strong>mari,</strong></span> <span class='ocrx_word' id='word_1_421' title='bbox 2113 1025 2209 1078; x_wconf 88' lang='lat' dir='ltr'><strong>per</strong></span> <span class='ocrx_word' id='word_1_422' title='bbox 2232 999 2566 1081; x_wconf 82' lang='lat' dir='ltr'><strong>Alpinajuga</strong></span> <span class='ocrx_word' id='word_1_423' title='bbox 2613 1011 2678 1065; x_wconf 90' lang='lat' dir='ltr'><strong>ad</strong></span> <span class='ocrx_word' id='word_1_424' title='bbox 2707 1011 2986 1067; x_wconf 84' lang='lat' dir='ltr'><strong>Acaunum</strong></span> <span class='ocrx_word' id='word_1_425' title='bbox 3027 1011 3354 1086; x_wconf 80' lang='lat' dir='ltr'><strong>[Agaunum]</strong></span> <span class='ocrx_word' id='word_1_426' title='bbox 3390 1027 3505 1067; x_wconf 85' lang='lat' dir='ltr'><strong>rem</strong></span> 
     </span>
    </p>
   </div>
   <div class='ocr_carea' id='block_1_69' title="bbox 1922 1099 3500 1172">
    <p class='ocr_par' dir='ltr' id='par_1_69' title="bbox 1922 1099 3500 1172">
     <span class='ocr_line' id='line_1_69' title="bbox 1922 1099 3500 1172; baseline 0.003 -20"><span class='ocrx_word' id='word_1_427' title='bbox 1922 1099 2235 1168; x_wconf 80' lang='lat' dir='ltr'><strong>experitura</strong></span> <span class='ocrx_word' id='word_1_428' title='bbox 2285 1102 2576 1172; x_wconf 88' lang='lat' dir='ltr'><strong>pertendit.</strong></span> <span class='ocrx_word' id='word_1_429' title='bbox 2623 1103 2747 1158; x_wconf 90' lang='lat' dir='ltr'><strong>Inde</strong></span> <span class='ocrx_word' id='word_1_430' title='bbox 2781 1103 2935 1172; x_wconf 79' lang='lat' dir='ltr'><strong>juxta</strong></span> <span class='ocrx_word' id='word_1_431' title='bbox 2975 1103 3232 1159; x_wconf 84' lang='lat' dir='ltr'><strong>Ararium</strong></span> <span class='ocrx_word' id='word_1_432' title='bbox 3262 1102 3500 1167; x_wconf 83' lang='lat' dir='ltr'><strong>fluvium,</strong></span> 
     </span>
    </p>
   </div>
   <div class='ocr_carea' id='block_1_70' title="bbox 1924 1192 3508 1263">
    <p class='ocr_par' dir='ltr' id='par_1_70' title="bbox 1924 1192 3508 1263">
     <span class='ocr_line' id='line_1_70' title="bbox 1924 1192 3508 1263; baseline 0.003 -18"><span class='ocrx_word' id='word_1_433' title='bbox 1924 1207 2028 1245; x_wconf 91' lang='lat' dir='ltr'><strong>non</strong></span> <span class='ocrx_word' id='word_1_434' title='bbox 2052 1192 2456 1263; x_wconf 87' lang='lat' dir='ltr'><strong>longeacastro</strong></span> <span class='ocrx_word' id='word_1_435' title='bbox 2489 1195 2774 1262; x_wconf 89' lang='lat' dir='ltr'><strong>Solodoro,</strong></span> <span class='ocrx_word' id='word_1_436' title='bbox 2825 1197 2924 1252; x_wconf 89' lang='lat' dir='ltr'><strong>sub</strong></span> <span class='ocrx_word' id='word_1_437' title='bbox 2973 1198 3308 1252; x_wconf 88' lang='lat' dir='ltr'><strong>districtione</strong></span> <span class='ocrx_word' id='word_1_438' title='bbox 3351 1197 3508 1250; x_wconf 81' lang='lat' dir='ltr'><strong>mira-</strong></span> 
     </span>
    </p>
   </div>
   <div class='ocr_carea' id='block_1_71' title="bbox 1923 1281 3508 1354">
    <p class='ocr_par' dir='ltr' id='par_1_71' title="bbox 1923 1281 3508 1354">
     <span class='ocr_line' id='line_1_71' title="bbox 1923 1281 3508 1354; baseline 0.004 -18"><span class='ocrx_word' id='word_1_439' title='bbox 1923 1281 2014 1336; x_wconf 91' lang='lat' dir='ltr'><strong>bili</strong></span> <span class='ocrx_word' id='word_1_440' title='bbox 2036 1283 2388 1353; x_wconf 83' lang='lat' dir='ltr'><strong>jejuniorum,</strong></span> <span class='ocrx_word' id='word_1_441' title='bbox 2420 1287 2746 1354; x_wconf 82' lang='lat' dir='ltr'><strong>vigiliarum,</strong></span> <span class='ocrx_word' id='word_1_442' title='bbox 2791 1289 3125 1354; x_wconf 87' lang='lat' dir='ltr'><strong>orationum,</strong></span> <span class='ocrx_word' id='word_1_443' title='bbox 3158 1288 3273 1343; x_wconf 90' lang='lat' dir='ltr'><strong>dies</strong></span> <span class='ocrx_word' id='word_1_444' title='bbox 3301 1296 3356 1343; x_wconf 88' lang='lat' dir='ltr'><strong>et</strong></span> <span class='ocrx_word' id='word_1_445' title='bbox 3383 1301 3508 1342; x_wconf 59' lang='lat' dir='ltr'><strong>noce</strong></span> 
     </span>
    </p>
   </div>
   <div class='ocr_carea' id='block_1_72' title="bbox 1925 1379 3507 1450">
    <p class='ocr_par' dir='ltr' id='par_1_72' title="bbox 1925 1379 3507 1450">
     <span class='ocr_line' id='line_1_72' title="bbox 1925 1379 3507 1450; baseline 0.004 -22"><span class='ocrx_word' id='word_1_446' title='bbox 1925 1385 2005 1431; x_wconf 89' lang='lat' dir='ltr'><strong>tes</strong></span> <span class='ocrx_word' id='word_1_447' title='bbox 2032 1379 2376 1442; x_wconf 86' lang='lat' dir='ltr'><strong>continuans,</strong></span> <span class='ocrx_word' id='word_1_448' title='bbox 2425 1379 2710 1434; x_wconf 88' lang='lat' dir='ltr'><strong>habitavit.</strong></span> <span class='ocrx_word' id='word_1_449' title='bbox 2743 1381 2800 1435; x_wconf 88' lang='lat' dir='ltr'><strong>In</strong></span> <span class='ocrx_word' id='word_1_450' title='bbox 2855 1379 3086 1450; x_wconf 91' lang='lat' dir='ltr'><strong>quodam</strong></span> <span class='ocrx_word' id='word_1_451' title='bbox 3139 1380 3305 1449; x_wconf 89' lang='lat' dir='ltr'><strong>igitur</strong></span> <span class='ocrx_word' id='word_1_452' title='bbox 3345 1393 3507 1448; x_wconf 86' lang='lat' dir='ltr'><strong>specu</strong></span> 
     </span>
    </p>
   </div>
   <div class='ocr_carea' id='block_1_73' title="bbox 1922 1467 3511 1540">
    <p class='ocr_par' dir='ltr' id='par_1_73' title="bbox 1922 1467 3511 1540">
     <span class='ocr_line' id='line_1_73' title="bbox 1922 1467 3511 1540; baseline 0.003 -21"><span class='ocrx_word' id='word_1_453' title='bbox 1922 1467 2248 1533; x_wconf 88' lang='lat' dir='ltr'><strong>arctissimo,</strong></span> <span class='ocrx_word' id='word_1_454' title='bbox 2305 1479 2543 1539; x_wconf 89' lang='lat' dir='ltr'><strong>tempore</strong></span> <span class='ocrx_word' id='word_1_455' title='bbox 2573 1486 2630 1525; x_wconf 90' lang='lat' dir='ltr'><strong>se</strong></span> <span class='ocrx_word' id='word_1_456' title='bbox 2687 1470 2960 1540; x_wconf 89' lang='lat' dir='ltr'><strong>aliquanto</strong></span> <span class='ocrx_word' id='word_1_457' title='bbox 3001 1486 3220 1527; x_wconf 91' lang='lat' dir='ltr'><strong>carnem</strong></span> <span class='ocrx_word' id='word_1_458' title='bbox 3268 1485 3511 1526; x_wconf 85' lang='lat' dir='ltr'><strong>macera-</strong></span> 
     </span>
    </p>
   </div>
   <div class='ocr_carea' id='block_1_74' title="bbox 1925 1558 3510 1632">
    <p class='ocr_par' dir='ltr' id='par_1_74' title="bbox 1925 1558 3510 1632">
     <span class='ocr_line' id='line_1_74' title="bbox 1925 1558 3510 1632; baseline 0.002 -22"><span class='ocrx_word' id='word_1_459' title='bbox 1925 1570 2042 1610; x_wconf 87' lang='lat' dir='ltr'><strong>tura</strong></span> <span class='ocrx_word' id='word_1_460' title='bbox 2075 1559 2312 1614; x_wconf 88' lang='lat' dir='ltr'><strong>inclusit.</strong></span> <span class='ocrx_word' id='word_1_461' title='bbox 2351 1559 2500 1616; x_wconf 87' lang='lat' dir='ltr'><strong>Umle</strong></span> <span class='ocrx_word' id='word_1_462' title='bbox 2552 1578 2655 1615; x_wconf 92' lang='lat' dir='ltr'><strong>non</strong></span> <span class='ocrx_word' id='word_1_463' title='bbox 2702 1561 2859 1632; x_wconf 88' lang='lat' dir='ltr'><strong>longe</strong></span> <span class='ocrx_word' id='word_1_464' title='bbox 2901 1577 3036 1617; x_wconf 90' lang='lat' dir='ltr'><strong>anus</strong></span> <span class='ocrx_word' id='word_1_465' title='bbox 3073 1562 3318 1632; x_wconf 75' lang='lat' dir='ltr'><strong>quaedam</strong></span> <span class='ocrx_word' id='word_1_466' title='bbox 3355 1558 3510 1616; x_wconf 85' lang='lat' dir='ltr'><strong>Chri-</strong></span> 
     </span>
    </p>
   </div>
   <div class='ocr_carea' id='block_1_75' title="bbox 1924 1649 3512 1723">
    <p class='ocr_par' dir='ltr' id='par_1_75' title="bbox 1924 1649 3512 1723">
     <span class='ocr_line' id='line_1_75' title="bbox 1924 1649 3512 1723; baseline -0.001 -19"><span class='ocrx_word' id='word_1_467' title='bbox 1924 1649 2097 1704; x_wconf 89' lang='lat' dir='ltr'><strong>stiana</strong></span> <span class='ocrx_word' id='word_1_468' title='bbox 2125 1651 2425 1716; x_wconf 88' lang='lat' dir='ltr'><strong>habitabat,</strong></span> <span class='ocrx_word' id='word_1_469' title='bbox 2451 1661 2504 1707; x_wconf 90' lang='lat' dir='ltr'><strong>et.</strong></span> <span class='ocrx_word' id='word_1_470' title='bbox 2528 1654 2786 1723; x_wconf 84' lang='lat' dir='ltr'><strong>quidquid</strong></span> <span class='ocrx_word' id='word_1_471' title='bbox 2825 1653 3155 1722; x_wconf 68' lang='lat' dir='ltr'><strong>sacraivirgo</strong></span> <span class='ocrx_word' id='word_1_472' title='bbox 3183 1651 3396 1722; x_wconf 81' lang='lat' dir='ltr'><strong>Operari</strong></span> <span class='ocrx_word' id='word_1_473' title='bbox 3419 1665 3512 1721; x_wconf 89' lang='lat' dir='ltr'><strong>po-</strong></span> 
     </span>
    </p>
   </div>
   <div class='ocr_carea' id='block_1_76' title="bbox 1929 1741 3510 1814">
    <p class='ocr_par' dir='ltr' id='par_1_76' title="bbox 1929 1741 3510 1814">
     <span class='ocr_line' id='line_1_76' title="bbox 1929 1741 3510 1814; baseline 0.001 -18"><span class='ocrx_word' id='word_1_474' title='bbox 1929 1751 2068 1796; x_wconf 89' lang='lat' dir='ltr'><strong>terat</strong></span> <span class='ocrx_word' id='word_1_475' title='bbox 2100 1741 2291 1797; x_wconf 88' lang='lat' dir='ltr'><strong>nmiier</strong></span> <span class='ocrx_word' id='word_1_476' title='bbox 2340 1745 2595 1814; x_wconf 78' lang='lat' dir='ltr'><strong>pranlicta</strong></span> <span class='ocrx_word' id='word_1_477' title='bbox 2644 1745 2906 1811; x_wconf 74' lang='lat' dir='ltr'><strong>vendidit,</strong></span> <span class='ocrx_word' id='word_1_478' title='bbox 2949 1761 3011 1800; x_wconf 84' lang='lat' dir='ltr'><strong>ac</strong></span> <span class='ocrx_word' id='word_1_479' title='bbox 3053 1745 3120 1799; x_wconf 92' lang='lat' dir='ltr'><strong>de</strong></span> <span class='ocrx_word' id='word_1_480' title='bbox 3165 1745 3267 1800; x_wconf 89' lang='lat' dir='ltr'><strong>hoc</strong></span> <span class='ocrx_word' id='word_1_481' title='bbox 3312 1751 3510 1798; x_wconf 70' lang='lat' dir='ltr'><strong>sanctm</strong></span> 
     </span>
    </p>
   </div>
   <div class='ocr_carea' id='block_1_77' title="bbox 1927 1838 3514 1909">
    <p class='ocr_par' dir='ltr' id='par_1_77' title="bbox 1927 1838 3514 1909">
     <span class='ocr_line' id='line_1_77' title="bbox 1927 1838 3514 1909; baseline 0 -18"><span class='ocrx_word' id='word_1_482' title='bbox 1927 1838 2018 1892; x_wconf 74' lang='lat' dir='ltr'><strong>lci</strong></span> <span class='ocrx_word' id='word_1_483' title='bbox 2048 1839 2245 1892; x_wconf 72' lang='lat' dir='ltr'><strong>vit-tum</strong></span> <span class='ocrx_word' id='word_1_484' title='bbox 2283 1839 2549 1893; x_wconf 80' lang='lat' dir='ltr'><strong>exhibuit.</strong></span> <span class='ocrx_word' id='word_1_485' title='bbox 2577 1838 2708 1893; x_wconf 87' lang='lat' dir='ltr'><strong>Nam</strong></span> <span class='ocrx_word' id='word_1_486' title='bbox 2746 1839 3046 1909; x_wconf 87' lang='lat' dir='ltr'><strong>sacrilegus</strong></span> <span class='ocrx_word' id='word_1_487' title='bbox 3067 1839 3244 1894; x_wconf 88' lang='lat' dir='ltr'><strong>adhuc</strong></span> <span class='ocrx_word' id='word_1_488' title='bbox 3275 1852 3514 1909; x_wconf 52' lang='lat' dir='ltr'><strong>pagano»</strong></span> 
     </span>
    </p>
   </div>
   <div class='ocr_carea' id='block_1_78' title="bbox 1927 1929 3509 2003">
    <p class='ocr_par' dir='ltr' id='par_1_78' title="bbox 1927 1929 3509 2003">
     <span class='ocr_line' id='line_1_78' title="bbox 1927 1929 3509 2003; baseline -0.001 -19"><span class='ocrx_word' id='word_1_489' title='bbox 1927 1946 2045 1984; x_wconf 92' lang='lat' dir='ltr'><strong>rum</strong></span> <span class='ocrx_word' id='word_1_490' title='bbox 2081 1929 2258 1985; x_wconf 91' lang='lat' dir='ltr'><strong>cultus</strong></span> <span class='ocrx_word' id='word_1_491' title='bbox 2290 1931 2624 1986; x_wconf 88' lang='lat' dir='ltr'><strong>Alamannos</strong></span> <span class='ocrx_word' id='word_1_492' title='bbox 2651 1932 2902 1987; x_wconf 87' lang='lat' dir='ltr'><strong>obtinuit.</strong></span> <span class='ocrx_word' id='word_1_493' title='bbox 2940 1931 3105 2003; x_wconf 88' lang='lat' dir='ltr'><strong>Signa</strong></span> <span class='ocrx_word' id='word_1_494' title='bbox 3156 1931 3322 2002; x_wconf 84' lang='lat' dir='ltr'><strong>igitur</strong></span> <span class='ocrx_word' id='word_1_495' title='bbox 3350 1945 3509 2000; x_wconf 91' lang='lat' dir='ltr'><strong>quam</strong></span> 
     </span>
    </p>
   </div>
   <div class='ocr_carea' id='block_1_79' title="bbox 1927 2021 3516 2096">
    <p class='ocr_par' dir='ltr' id='par_1_79' title="bbox 1927 2021 3516 2096">
     <span class='ocr_line' id='line_1_79' title="bbox 1927 2021 3516 2096; baseline -0.001 -18"><span class='ocrx_word' id='word_1_496' title='bbox 1927 2025 2154 2096; x_wconf 89' lang='lat' dir='ltr'><strong>plurima</strong></span> <span class='ocrx_word' id='word_1_497' title='bbox 2204 2025 2430 2080; x_wconf 89' lang='lat' dir='ltr'><strong>Domino</strong></span> <span class='ocrx_word' id='word_1_498' title='bbox 2478 2041 2572 2095; x_wconf 87' lang='lat' dir='ltr'><strong>per</strong></span> <span class='ocrx_word' id='word_1_499' title='bbox 2601 2026 2854 2080; x_wconf 79' lang='lat' dir='ltr'><strong>famulam</strong></span> <span class='ocrx_word' id='word_1_500' title='bbox 2883 2041 3033 2082; x_wconf 88' lang='lat' dir='ltr'><strong>suam</strong></span> <span class='ocrx_word' id='word_1_501' title='bbox 3078 2033 3355 2095; x_wconf 88' lang='lat' dir='ltr'><strong>operante,</strong></span> <span class='ocrx_word' id='word_1_502' title='bbox 3385 2021 3516 2077; x_wconf 56' lang='lat' dir='ltr'><strong>Ala:</strong></span> 
     </span>
    </p>
   </div>
   <div class='ocr_carea' id='block_1_80' title="bbox 1925 2113 3515 2188">
    <p class='ocr_par' dir='ltr' id='par_1_80' title="bbox 1925 2113 3515 2188">
     <span class='ocr_line' id='line_1_80' title="bbox 1925 2113 3515 2188; baseline -0.003 -17"><span class='ocrx_word' id='word_1_503' title='bbox 1925 2118 2108 2172; x_wconf 90' lang='lat' dir='ltr'><strong>manni</strong></span> <span class='ocrx_word' id='word_1_504' title='bbox 2147 2119 2211 2172; x_wconf 85' lang='lat' dir='ltr'><strong>ad</strong></span> <span class='ocrx_word' id='word_1_505' title='bbox 2237 2118 2391 2172; x_wconf 88' lang='lat' dir='ltr'><strong>fidem</strong></span> <span class='ocrx_word' id='word_1_506' title='bbox 2426 2119 2623 2173; x_wconf 83' lang='lat' dir='ltr'><strong>Christi</strong></span> <span class='ocrx_word' id='word_1_507' title='bbox 2649 2119 2973 2173; x_wconf 86' lang='lat' dir='ltr'><strong>commoveri</strong></span> <span class='ocrx_word' id='word_1_508' title='bbox 3002 2125 3301 2188; x_wconf 75' lang='lat' dir='ltr'><strong>emperttnt.</strong></span> <span class='ocrx_word' id='word_1_509' title='bbox 3338 2113 3515 2185; x_wconf 77' lang='lat' dir='ltr'><strong>Virgi-</strong></span> 
     </span>
    </p>
   </div>
   <div class='ocr_carea' id='block_1_81' title="bbox 1925 2208 3514 2282">
    <p class='ocr_par' dir='ltr' id='par_1_81' title="bbox 1925 2208 3514 2282">
     <span class='ocr_line' id='line_1_81' title="bbox 1925 2208 3514 2282; baseline -0.004 -16"><span class='ocrx_word' id='word_1_510' title='bbox 1925 2213 2010 2266; x_wconf 89' lang='lat' dir='ltr'><strong>nis</strong></span> <span class='ocrx_word' id='word_1_511' title='bbox 2033 2211 2214 2282; x_wconf 87' lang='lat' dir='ltr'><strong>itaque</strong></span> <span class='ocrx_word' id='word_1_512' title='bbox 2241 2209 2380 2264; x_wconf 83' lang='lat' dir='ltr'><strong>fama</strong></span> <span class='ocrx_word' id='word_1_513' title='bbox 2410 2212 2460 2266; x_wconf 92' lang='lat' dir='ltr'><strong>in</strong></span> <span class='ocrx_word' id='word_1_514' title='bbox 2497 2220 2702 2265; x_wconf 88' lang='lat' dir='ltr'><strong>tantum</strong></span> <span class='ocrx_word' id='word_1_515' title='bbox 2734 2211 3012 2265; x_wconf 84' lang='lat' dir='ltr'><strong>miraculis</strong></span> <span class='ocrx_word' id='word_1_516' title='bbox 3036 2208 3389 2280; x_wconf 86' lang='lat' dir='ltr'><strong>prodentibus</strong></span> <span class='ocrx_word' id='word_1_517' title='bbox 3414 2223 3514 2261; x_wconf 75' lang='lat' dir='ltr'><strong>ex-</strong></span> 
     </span>
    </p>
   </div>
   <div class='ocr_carea' id='block_1_82' title="bbox 1928 2299 3506 2373">
    <p class='ocr_par' dir='ltr' id='par_1_82' title="bbox 1928 2299 3506 2373">
     <span class='ocr_line' id='line_1_82' title="bbox 1928 2299 3506 2373; baseline -0.003 -16"><span class='ocrx_word' id='word_1_518' title='bbox 1928 2303 2117 2366; x_wconf 85' lang='lat' dir='ltr'><strong>crevit,</strong></span> <span class='ocrx_word' id='word_1_519' title='bbox 2150 2311 2208 2355; x_wconf 92' lang='lat' dir='ltr'><strong>ut</strong></span> <span class='ocrx_word' id='word_1_520' title='bbox 2238 2311 2410 2355; x_wconf 72' lang='lat' dir='ltr'><strong>mater</strong></span> <span class='ocrx_word' id='word_1_521' title='bbox 2441 2302 2704 2373; x_wconf 89' lang='lat' dir='ltr'><strong>virginum</strong></span> <span class='ocrx_word' id='word_1_522' title='bbox 2747 2300 2959 2365; x_wconf 82' lang='lat' dir='ltr'><strong>effecta,</strong></span> <span class='ocrx_word' id='word_1_523' title='bbox 2985 2300 3313 2356; x_wconf 89' lang='lat' dir='ltr'><strong>discretione</strong></span> <span class='ocrx_word' id='word_1_524' title='bbox 3337 2299 3506 2368; x_wconf 87' lang='lat' dir='ltr'><strong>pieta-</strong></span> 
     </span>
    </p>
   </div>
   <div class='ocr_carea' id='block_1_83' title="bbox 1931 2387 3511 2463">
    <p class='ocr_par' dir='ltr' id='par_1_83' title="bbox 1931 2387 3511 2463">
     <span class='ocr_line' id='line_1_83' title="bbox 1931 2387 3511 2463; baseline -0.004 -15"><span class='ocrx_word' id='word_1_525' title='bbox 1931 2395 1999 2448; x_wconf 85' lang='lat' dir='ltr'><strong>tis</strong></span> <span class='ocrx_word' id='word_1_526' title='bbox 2025 2394 2168 2447; x_wconf 89' lang='lat' dir='ltr'><strong>omni</strong></span> <span class='ocrx_word' id='word_1_527' title='bbox 2196 2393 2392 2463; x_wconf 84' lang='lat' dir='ltr'><strong>populo</strong></span> <span class='ocrx_word' id='word_1_528' title='bbox 2422 2392 2746 2447; x_wconf 85' lang='lat' dir='ltr'><strong>venerabilis</strong></span> <span class='ocrx_word' id='word_1_529' title='bbox 2770 2392 3048 2447; x_wconf 86' lang='lat' dir='ltr'><strong>existeret.</strong></span> <span class='ocrx_word' id='word_1_530' title='bbox 3066 2389 3231 2458; x_wconf 87' lang='lat' dir='ltr'><strong>Cujus</strong></span> <span class='ocrx_word' id='word_1_531' title='bbox 3262 2387 3511 2444; x_wconf 86' lang='lat' dir='ltr'><strong>laudabili</strong></span> 
     </span>
    </p>
   </div>
   <div class='ocr_carea' id='block_1_84' title="bbox 1929 2482 3516 2554">
    <p class='ocr_par' dir='ltr' id='par_1_84' title="bbox 1929 2482 3516 2554">
     <span class='ocr_line' id='line_1_84' title="bbox 1929 2482 3516 2554; baseline -0.001 -18"><span class='ocrx_word' id='word_1_532' title='bbox 1929 2486 2053 2538; x_wconf 71' lang='lat' dir='ltr'><strong>vita:</strong></span> <span class='ocrx_word' id='word_1_533' title='bbox 2082 2485 2328 2539; x_wconf 86' lang='lat' dir='ltr'><strong>diabolus</strong></span> <span class='ocrx_word' id='word_1_534' title='bbox 2360 2484 2623 2548; x_wconf 88' lang='lat' dir='ltr'><strong>invidens,</strong></span> <span class='ocrx_word' id='word_1_535' title='bbox 2652 2483 2939 2553; x_wconf 88' lang='lat' dir='ltr'><strong>quemdam</strong></span> <span class='ocrx_word' id='word_1_536' title='bbox 2965 2491 3254 2554; x_wconf 89' lang='lat' dir='ltr'><strong>tyrannum</strong></span> <span class='ocrx_word' id='word_1_537' title='bbox 3290 2482 3390 2535; x_wconf 90' lang='lat' dir='ltr'><strong>sub</strong></span> <span class='ocrx_word' id='word_1_538' title='bbox 3418 2497 3516 2551; x_wconf 84' lang='lat' dir='ltr'><strong>po-</strong></span> 
     </span>
    </p>
   </div>
   <div class='ocr_carea' id='block_1_85' title="bbox 1933 2572 3506 2643">
    <p class='ocr_par' dir='ltr' id='par_1_85' title="bbox 1933 2572 3506 2643">
     <span class='ocr_line' id='line_1_85' title="bbox 1933 2572 3506 2643; baseline -0.001 -15"><span class='ocrx_word' id='word_1_539' title='bbox 1933 2585 2126 2629; x_wconf 75' lang='lat' dir='ltr'><strong>testate</strong></span> <span class='ocrx_word' id='word_1_540' title='bbox 2159 2575 2383 2628; x_wconf 73' lang='lat' dir='ltr'><strong>liomani</strong></span> <span class='ocrx_word' id='word_1_541' title='bbox 2430 2575 2665 2628; x_wconf 85' lang='lat' dir='ltr'><strong>nominis</strong></span> <span class='ocrx_word' id='word_1_542' title='bbox 2703 2572 3081 2638; x_wconf 84' lang='lat' dir='ltr'><strong>inflammavit,</strong></span> <span class='ocrx_word' id='word_1_543' title='bbox 3107 2573 3198 2642; x_wconf 91' lang='lat' dir='ltr'><strong>qui</strong></span> <span class='ocrx_word' id='word_1_544' title='bbox 3245 2572 3506 2643; x_wconf 86' lang='lat' dir='ltr'><strong>virginem</strong></span> 
     </span>
    </p>
   </div>
   <div class='ocr_carea' id='block_1_86' title="bbox 1931 2661 3513 2735">
    <p class='ocr_par' dir='ltr' id='par_1_86' title="bbox 1931 2661 3513 2735">
     <span class='ocr_line' id='line_1_86' title="bbox 1931 2661 3513 2735; baseline -0.004 -15"><span class='ocrx_word' id='word_1_545' title='bbox 1931 2668 2022 2720; x_wconf 91' lang='lat' dir='ltr'><strong>Dei</strong></span> <span class='ocrx_word' id='word_1_546' title='bbox 2057 2667 2424 2735; x_wconf 90' lang='lat' dir='ltr'><strong>multipliciter</strong></span> <span class='ocrx_word' id='word_1_547' title='bbox 2452 2664 2721 2728; x_wconf 75' lang='lat' dir='ltr'><strong>affectam,</strong></span> <span class='ocrx_word' id='word_1_548' title='bbox 2756 2665 2984 2735; x_wconf 62' lang='lat' dir='ltr'><strong>publica:</strong></span> <span class='ocrx_word' id='word_1_549' title='bbox 3019 2663 3277 2719; x_wconf 70' lang='lat' dir='ltr'><strong>custodire</strong></span> <span class='ocrx_word' id='word_1_550' title='bbox 3305 2661 3513 2716; x_wconf 87' lang='lat' dir='ltr'><strong>manci-</strong></span> 
     </span>
    </p>
   </div>
   <div class='ocr_carea' id='block_1_87' title="bbox 1934 2751 3510 2828">
    <p class='ocr_par' dir='ltr' id='par_1_87' title="bbox 1934 2751 3510 2828">
     <span class='ocr_line' id='line_1_87' title="bbox 1934 2751 3510 2828; baseline -0.004 -18"><span class='ocrx_word' id='word_1_551' title='bbox 1934 2760 2102 2828; x_wconf 87' lang='lat' dir='ltr'><strong>pavit.</strong></span> <span class='ocrx_word' id='word_1_552' title='bbox 2150 2758 2205 2812; x_wconf 92' lang='lat' dir='ltr'><strong>In</strong></span> <span class='ocrx_word' id='word_1_553' title='bbox 2245 2774 2351 2827; x_wconf 92' lang='lat' dir='ltr'><strong>quo</strong></span> <span class='ocrx_word' id='word_1_554' title='bbox 2410 2759 2457 2811; x_wconf 91' lang='lat' dir='ltr'><strong>ei</strong></span> <span class='ocrx_word' id='word_1_555' title='bbox 2511 2756 2783 2827; x_wconf 87' lang='lat' dir='ltr'><strong>ergastulo</strong></span> <span class='ocrx_word' id='word_1_556' title='bbox 2820 2756 3035 2826; x_wconf 88' lang='lat' dir='ltr'><strong>juvenis</strong></span> <span class='ocrx_word' id='word_1_557' title='bbox 3070 2754 3286 2826; x_wconf 90' lang='lat' dir='ltr'><strong>quidam</strong></span> <span class='ocrx_word' id='word_1_558' title='bbox 3330 2751 3510 2807; x_wconf 88' lang='lat' dir='ltr'><strong>eximii</strong></span> 
     </span>
    </p>
   </div>
   <div class='ocr_carea' id='block_1_88' title="bbox 1933 2847 3522 2920">
    <p class='ocr_par' dir='ltr' id='par_1_88' title="bbox 1933 2847 3522 2920">
     <span class='ocr_line' id='line_1_88' title="bbox 1933 2847 3522 2920; baseline -0.001 -14"><span class='ocrx_word' id='word_1_559' title='bbox 1933 2851 2234 2920; x_wconf 81' lang='lat' dir='ltr'><strong>splendoris</strong></span> <span class='ocrx_word' id='word_1_560' title='bbox 2284 2851 2564 2920; x_wconf 87' lang='lat' dir='ltr'><strong>apparuit,</strong></span> <span class='ocrx_word' id='word_1_561' title='bbox 2608 2865 2768 2919; x_wconf 91' lang='lat' dir='ltr'><strong>quem</strong></span> <span class='ocrx_word' id='word_1_562' title='bbox 2820 2848 2942 2918; x_wconf 87' lang='lat' dir='ltr'><strong>quis</strong></span> <span class='ocrx_word' id='word_1_563' title='bbox 3000 2855 3146 2903; x_wconf 89' lang='lat' dir='ltr'><strong>esset</strong></span> <span class='ocrx_word' id='word_1_564' title='bbox 3193 2847 3522 2917; x_wconf 46' lang='lat' dir='ltr'><strong>interrogat.</strong></span> 
     </span>
    </p>
   </div>
   <div class='ocr_carea' id='block_1_89' title="bbox 1931 2937 3517 3009">
    <p class='ocr_par' dir='ltr' id='par_1_89' title="bbox 1931 2937 3517 3009">
     <span class='ocr_line' id='line_1_89' title="bbox 1931 2937 3517 3009; baseline -0.006 -11"><span class='ocrx_word' id='word_1_565' title='bbox 1931 2944 2023 2998; x_wconf 87' lang='lat' dir='ltr'><strong>llle</strong></span> <span class='ocrx_word' id='word_1_566' title='bbox 2067 2957 2187 2996; x_wconf 90' lang='lat' dir='ltr'><strong>cum</strong></span> <span class='ocrx_word' id='word_1_567' title='bbox 2217 2956 2275 2996; x_wconf 90' lang='lat' dir='ltr'><strong>se</strong></span> <span class='ocrx_word' id='word_1_568' title='bbox 2316 2940 2623 2994; x_wconf 87' lang='lat' dir='ltr'><strong>Mauritium</strong></span> <span class='ocrx_word' id='word_1_569' title='bbox 2660 2955 2780 2995; x_wconf 88' lang='lat' dir='ltr'><strong>esse</strong></span> <span class='ocrx_word' id='word_1_570' title='bbox 2809 2938 3179 3009; x_wconf 82' lang='lat' dir='ltr'><strong>responderet,</strong></span> <span class='ocrx_word' id='word_1_571' title='bbox 3211 2937 3354 2991; x_wconf 93' lang='lat' dir='ltr'><strong>illico</strong></span> <span class='ocrx_word' id='word_1_572' title='bbox 3386 2951 3517 3006; x_wconf 82' lang='lat' dir='ltr'><strong>pur-</strong></span> 
     </span>
    </p>
   </div>
   <div class='ocr_carea' id='block_1_90' title="bbox 1932 3027 3520 3104">
    <p class='ocr_par' dir='ltr' id='par_1_90' title="bbox 1932 3027 3520 3104">
     <span class='ocr_line' id='line_1_90' title="bbox 1932 3027 3520 3104; baseline -0.006 -18"><span class='ocrx_word' id='word_1_573' title='bbox 1932 3043 2243 3104; x_wconf 67' lang='lat' dir='ltr'><strong>puratorum</strong></span> <span class='ocrx_word' id='word_1_574' title='bbox 2269 3039 2452 3102; x_wconf 89' lang='lat' dir='ltr'><strong>septus</strong></span> <span class='ocrx_word' id='word_1_575' title='bbox 2480 3030 2844 3095; x_wconf 89' lang='lat' dir='ltr'><strong>multitudine,</strong></span> <span class='ocrx_word' id='word_1_576' title='bbox 2871 3032 2935 3082; x_wconf 89' lang='lat' dir='ltr'><strong>ah</strong></span> <span class='ocrx_word' id='word_1_577' title='bbox 2957 3027 3128 3083; x_wconf 93' lang='lat' dir='ltr'><strong>oculis</strong></span> <span class='ocrx_word' id='word_1_578' title='bbox 3151 3027 3375 3097; x_wconf 86' lang='lat' dir='ltr'><strong>virginis</strong></span> <span class='ocrx_word' id='word_1_579' title='bbox 3395 3038 3520 3078; x_wconf 80' lang='lat' dir='ltr'><strong>ora-</strong></span> 
     </span>
    </p>
   </div>
   <div class='ocr_carea' id='block_1_91' title="bbox 1933 3125 3516 3196">
    <p class='ocr_par' dir='ltr' id='par_1_91' title="bbox 1933 3125 3516 3196">
     <span class='ocr_line' id='line_1_91' title="bbox 1933 3125 3516 3196; baseline -0.007 -14"><span class='ocrx_word' id='word_1_580' title='bbox 1933 3129 2131 3183; x_wconf 87' lang='lat' dir='ltr'><strong>tionem</strong></span> <span class='ocrx_word' id='word_1_581' title='bbox 2164 3126 2502 3196; x_wconf 84' lang='lat' dir='ltr'><strong>implorantis</strong></span> <span class='ocrx_word' id='word_1_582' title='bbox 2536 3125 2814 3188; x_wconf 75' lang='lat' dir='ltr'><strong>eximitur,</strong></span> <span class='ocrx_word' id='word_1_583' title='bbox 2844 3131 2897 3179; x_wconf 93' lang='lat' dir='ltr'><strong>et</strong></span> <span class='ocrx_word' id='word_1_584' title='bbox 2925 3126 3114 3178; x_wconf 89' lang='lat' dir='ltr'><strong>eadem</strong></span> <span class='ocrx_word' id='word_1_585' title='bbox 3143 3129 3298 3177; x_wconf 90' lang='lat' dir='ltr'><strong>nocte</strong></span> <span class='ocrx_word' id='word_1_586' title='bbox 3331 3128 3516 3190; x_wconf 88' lang='lat' dir='ltr'><strong>tyran-</strong></span> 
     </span>
    </p>
   </div>
   <div class='ocr_carea' id='block_1_92' title="bbox 1937 3208 3520 3294">
    <p class='ocr_par' dir='ltr' id='par_1_92' title="bbox 1937 3208 3520 3294">
     <span class='ocr_line' id='line_1_92' title="bbox 1937 3208 3520 3294; baseline -0.006 -22"><span class='ocrx_word' id='word_1_587' title='bbox 1937 3234 2044 3294; x_wconf 21' lang='lat' dir='ltr'><strong>nus.</strong></span> <span class='ocrx_word' id='word_1_588' title='bbox 2063 3217 2389 3272; x_wconf 83' lang='lat' dir='ltr'><strong>validissima</strong></span> <span class='ocrx_word' id='word_1_589' title='bbox 2429 3215 2578 3271; x_wconf 87' lang='lat' dir='ltr'><strong>febre</strong></span> <span class='ocrx_word' id='word_1_590' title='bbox 2615 3224 2916 3284; x_wconf 89' lang='lat' dir='ltr'><strong>correptus,</strong></span> <span class='ocrx_word' id='word_1_591' title='bbox 2950 3213 3044 3268; x_wconf 89' lang='lat' dir='ltr'><strong>sed</strong></span> <span class='ocrx_word' id='word_1_592' title='bbox 3077 3212 3342 3283; x_wconf 84' lang='lat' dir='ltr'><strong>virginem</strong></span> <span class='ocrx_word' id='word_1_593' title='bbox 3367 3208 3434 3264; x_wconf 92' lang='lat' dir='ltr'><strong>ad</strong></span> <span class='ocrx_word' id='word_1_594' title='bbox 3460 3220 3520 3264; x_wconf 84' lang='lat' dir='ltr'><strong>se</strong></span> 
     </span>
    </p>
   </div>
   <div class='ocr_carea' id='block_1_93' title="bbox 1931 3301 3519 3378">
    <p class='ocr_par' dir='ltr' id='par_1_93' title="bbox 1931 3301 3519 3378">
     <span class='ocr_line' id='line_1_93' title="bbox 1931 3301 3519 3378; baseline -0.006 -14"><span class='ocrx_word' id='word_1_595' title='bbox 1931 3324 2130 3365; x_wconf 83' lang='lat' dir='ltr'><strong>vocans</strong></span> <span class='ocrx_word' id='word_1_596' title='bbox 2155 3316 2172 3373; x_wconf 81' lang='lat'><strong>,‘</strong></span> <span class='ocrx_word' id='word_1_597' title='bbox 2212 3323 2307 3378; x_wconf 90' lang='lat' dir='ltr'><strong>per</strong></span> <span class='ocrx_word' id='word_1_598' title='bbox 2341 3307 2459 3376; x_wconf 84' lang='lat' dir='ltr'><strong>ejus</strong></span> <span class='ocrx_word' id='word_1_599' title='bbox 2498 3307 2797 3362; x_wconf 88' lang='lat' dir='ltr'><strong>orationem</strong></span> <span class='ocrx_word' id='word_1_600' title='bbox 2849 3305 3104 3360; x_wconf 92' lang='lat' dir='ltr'><strong>continuo</strong></span> <span class='ocrx_word' id='word_1_601' title='bbox 3139 3311 3382 3366; x_wconf 90' lang='lat' dir='ltr'><strong>sanatur,</strong></span> <span class='ocrx_word' id='word_1_602' title='bbox 3412 3301 3519 3356; x_wconf 91' lang='lat' dir='ltr'><strong>sic-</strong></span> 
     </span>
    </p>
   </div>
   <div class='ocr_carea' id='block_1_94' title="bbox 1930 3394 3516 3475">
    <p class='ocr_par' dir='ltr' id='par_1_94' title="bbox 1930 3394 3516 3475">
     <span class='ocr_line' id='line_1_94' title="bbox 1930 3394 3516 3475; baseline -0.006 -18"><span class='ocrx_word' id='word_1_603' title='bbox 1930 3396 2034 3475; x_wconf 86' lang='lat' dir='ltr'><strong>que</strong></span> <span class='ocrx_word' id='word_1_604' title='bbox 2066 3419 2186 3459; x_wconf 91' lang='lat' dir='ltr'><strong>cum</strong></span> <span class='ocrx_word' id='word_1_605' title='bbox 2239 3402 2397 3457; x_wconf 77' lang='lat' dir='ltr'><strong>laude</strong></span> <span class='ocrx_word' id='word_1_606' title='bbox 2425 3401 2667 3455; x_wconf 87' lang='lat' dir='ltr'><strong>omnium</strong></span> <span class='ocrx_word' id='word_1_607' title='bbox 2714 3399 2780 3454; x_wconf 92' lang='lat' dir='ltr'><strong>ad</strong></span> <span class='ocrx_word' id='word_1_608' title='bbox 2819 3399 2995 3454; x_wconf 93' lang='lat' dir='ltr'><strong>locum</strong></span> <span class='ocrx_word' id='word_1_609' title='bbox 3027 3396 3295 3466; x_wconf 83' lang='lat' dir='ltr'><strong>virginum</strong></span> <span class='ocrx_word' id='word_1_610' title='bbox 3325 3394 3516 3450; x_wconf 88' lang='lat' dir='ltr'><strong>remit-</strong></span> 
     </span>
    </p>
   </div>
   <div class='ocr_carea' id='block_1_95' title="bbox 1929 3487 3525 3567">
    <p class='ocr_par' dir='ltr' id='par_1_95' title="bbox 1929 3487 3525 3567">
     <span class='ocr_line' id='line_1_95' title="bbox 1929 3487 3525 3567; baseline -0.006 -16"><span class='ocrx_word' id='word_1_611' title='bbox 1929 3499 2078 3552; x_wconf 89' lang='lat' dir='ltr'><strong>titur.</strong></span> <span class='ocrx_word' id='word_1_612' title='bbox 2105 3496 2158 3550; x_wconf 91' lang='lat' dir='ltr'><strong>ln</strong></span> <span class='ocrx_word' id='word_1_613' title='bbox 2193 3509 2300 3567; x_wconf 90' lang='lat' dir='ltr'><strong>quo</strong></span> <span class='ocrx_word' id='word_1_614' title='bbox 2341 3510 2461 3548; x_wconf 86' lang='lat' dir='ltr'><strong>cum</strong></span> <span class='ocrx_word' id='word_1_615' title='bbox 2495 3494 2580 3549; x_wconf 90' lang='lat' dir='ltr'><strong>die</strong></span> <span class='ocrx_word' id='word_1_616' title='bbox 2602 3493 2835 3562; x_wconf 90' lang='lat' dir='ltr'><strong>quodam</strong></span> <span class='ocrx_word' id='word_1_617' title='bbox 2865 3490 3021 3561; x_wconf 91' lang='lat' dir='ltr'><strong>panis</strong></span> <span class='ocrx_word' id='word_1_618' title='bbox 3047 3487 3358 3552; x_wconf 84' lang='lat' dir='ltr'><strong>defecisset,</strong></span> <span class='ocrx_word' id='word_1_619' title='bbox 3389 3498 3525 3557; x_wconf 75' lang='lat' dir='ltr'><strong>quc-</strong></span> 
     </span>
    </p>
   </div>
   <div class='ocr_carea' id='block_1_96' title="bbox 1927 3579 3513 3644">
    <p class='ocr_par' dir='ltr' id='par_1_96' title="bbox 1927 3579 3513 3644">
     <span class='ocr_line' id='line_1_96' title="bbox 1927 3579 3513 3644; baseline -0.008 0"><span class='ocrx_word' id='word_1_620' title='bbox 1927 3589 2154 3644; x_wconf 89' lang='lat' dir='ltr'><strong>rimonia</strong></span> <span class='ocrx_word' id='word_1_621' title='bbox 2177 3587 2252 3642; x_wconf 86' lang='lat' dir='ltr'><strong>&#39;de</strong></span> <span class='ocrx_word' id='word_1_622' title='bbox 2284 3587 2387 3641; x_wconf 91' lang='lat' dir='ltr'><strong>hoc</strong></span> <span class='ocrx_word' id='word_1_623' title='bbox 2409 3585 2675 3640; x_wconf 85' lang='lat' dir='ltr'><strong>exoritur.</strong></span> <span class='ocrx_word' id='word_1_624' title='bbox 2706 3583 2797 3638; x_wconf 90' lang='lat' dir='ltr'><strong>llta</strong></span> <span class='ocrx_word' id='word_1_625' title='bbox 2823 3597 3042 3638; x_wconf 89' lang='lat' dir='ltr'><strong>sorores</strong></span> <span class='ocrx_word' id='word_1_626' title='bbox 3064 3582 3129 3636; x_wconf 90' lang='lat' dir='ltr'><strong>dc</strong></span> <span class='ocrx_word' id='word_1_627' title='bbox 3151 3579 3328 3636; x_wconf 86' lang='lat' dir='ltr'><strong>divina</strong></span> <span class='ocrx_word' id='word_1_628' title='bbox 3354 3593 3513 3635; x_wconf 87' lang='lat' dir='ltr'><strong>com-</strong></span> 
     </span>
    </p>
   </div>
   <div class='ocr_carea' id='block_1_97' title="bbox 1933 3671 3521 3750">
    <p class='ocr_par' dir='ltr' id='par_1_97' title="bbox 1933 3671 3521 3750">
     <span class='ocr_line' id='line_1_97' title="bbox 1933 3671 3521 3750; baseline -0.008 -13"><span class='ocrx_word' id='word_1_629' title='bbox 1933 3697 2154 3737; x_wconf 86' lang='lat' dir='ltr'><strong>moncus</strong></span> <span class='ocrx_word' id='word_1_630' title='bbox 2178 3679 2426 3750; x_wconf 85' lang='lat' dir='ltr'><strong>largitate</strong></span> <span class='ocrx_word' id='word_1_631' title='bbox 2455 3677 2728 3734; x_wconf 87' lang='lat' dir='ltr'><strong>confidere</strong></span> <span class='ocrx_word' id='word_1_632' title='bbox 2751 3718 2764 3741; x_wconf 98' lang='lat'><strong>,</strong></span> <span class='ocrx_word' id='word_1_633' title='bbox 2793 3676 2847 3731; x_wconf 95' lang='lat' dir='ltr'><strong>in</strong></span> <span class='ocrx_word' id='word_1_634' title='bbox 2875 3675 3174 3730; x_wconf 89' lang='lat' dir='ltr'><strong>orationem</strong></span> <span class='ocrx_word' id='word_1_635' title='bbox 3215 3689 3315 3743; x_wconf 90' lang='lat' dir='ltr'><strong>pro</strong></span> <span class='ocrx_word' id='word_1_636' title='bbox 3341 3671 3521 3727; x_wconf 87' lang='lat' dir='ltr'><strong>inuni-</strong></span> 
     </span>
    </p>
   </div>
   <div class='ocr_carea' id='block_1_98' title="bbox 1927 3765 3518 3836">
    <p class='ocr_par' dir='ltr' id='par_1_98' title="bbox 1927 3765 3518 3836">
     <span class='ocr_line' id='line_1_98' title="bbox 1927 3765 3518 3836; baseline -0.006 -10"><span class='ocrx_word' id='word_1_637' title='bbox 1927 3771 2108 3826; x_wconf 88' lang='lat' dir='ltr'><strong>nentis</strong></span> <span class='ocrx_word' id='word_1_638' title='bbox 2163 3768 2503 3824; x_wconf 87' lang='lat' dir='ltr'><strong>necessitatis</strong></span> <span class='ocrx_word' id='word_1_639' title='bbox 2571 3782 2734 3822; x_wconf 89' lang='lat' dir='ltr'><strong>causa</strong></span> <span class='ocrx_word' id='word_1_640' title='bbox 2804 3765 3204 3836; x_wconf 86' lang='lat' dir='ltr'><strong>prosternitur,</strong></span> <span class='ocrx_word' id='word_1_641' title='bbox 3263 3771 3320 3817; x_wconf 86' lang='lat' dir='ltr'><strong>et</strong></span> <span class='ocrx_word' id='word_1_642' title='bbox 3389 3775 3518 3817; x_wconf 88' lang='lat' dir='ltr'><strong>ecce</strong></span> 
     </span>
    </p>
   </div>
   <div class='ocr_carea' id='block_1_99' title="bbox 1932 3848 3521 3932">
    <p class='ocr_par' dir='ltr' id='par_1_99' title="bbox 1932 3848 3521 3932">
     <span class='ocr_line' id='line_1_99' title="bbox 1932 3848 3521 3932; baseline -0.008 -16"><span class='ocrx_word' id='word_1_643' title='bbox 1932 3862 2214 3932; x_wconf 88' lang='lat' dir='ltr'><strong>in0pinato</strong></span> <span class='ocrx_word' id='word_1_644' title='bbox 2283 3859 2641 3929; x_wconf 84' lang='lat' dir='ltr'><strong>quadraginta</strong></span> <span class='ocrx_word' id='word_1_645' title='bbox 2701 3857 2886 3921; x_wconf 89' lang='lat' dir='ltr'><strong>sacci,</strong></span> <span class='ocrx_word' id='word_1_646' title='bbox 2950 3853 3318 3910; x_wconf 69' lang='lat' dir='ltr'><strong>mundissima:</strong></span> <span class='ocrx_word' id='word_1_647' title='bbox 3372 3848 3521 3922; x_wconf 88' lang='lat' dir='ltr'><strong>pleni</strong></span> 
     </span>
    </p>
   </div>
   <div class='ocr_carea' id='block_1_100' title="bbox 1937 3943 3524 4019">
    <p class='ocr_par' dir='ltr' id='par_1_100' title="bbox 1937 3943 3524 4019">
     <span class='ocr_line' id='line_1_100' title="bbox 1937 3943 3524 4019; baseline -0.006 -11"><span class='ocrx_word' id='word_1_648' title='bbox 1937 3953 2152 4016; x_wconf 70' lang='lat' dir='ltr'><strong>fat-inre,</strong></span> <span class='ocrx_word' id='word_1_649' title='bbox 2185 3953 2249 4005; x_wconf 89' lang='lat' dir='ltr'><strong>ad</strong></span> <span class='ocrx_word' id='word_1_650' title='bbox 2293 3951 2491 4006; x_wconf 91' lang='lat' dir='ltr'><strong>ostium</strong></span> <span class='ocrx_word' id='word_1_651' title='bbox 2536 3950 2743 4006; x_wconf 66' lang='lat' dir='ltr'><strong>cellulae</strong></span> <span class='ocrx_word' id='word_1_652' title='bbox 2791 3948 3154 4019; x_wconf 89' lang='lat' dir='ltr'><strong>reperiuntur,</strong></span> <span class='ocrx_word' id='word_1_653' title='bbox 3204 3962 3270 4002; x_wconf 87' lang='lat' dir='ltr'><strong>ex</strong></span> <span class='ocrx_word' id='word_1_654' title='bbox 3325 3943 3524 4014; x_wconf 84' lang='lat' dir='ltr'><strong>quibus</strong></span> 
     </span>
    </p>
   </div>
   <div class='ocr_carea' id='block_1_101' title="bbox 1926 4037 3518 4117">
    <p class='ocr_par' dir='ltr' id='par_1_101' title="bbox 1926 4037 3518 4117">
     <span class='ocr_line' id='line_1_101' title="bbox 1926 4037 3518 4117; baseline -0.004 -17"><span class='ocrx_word' id='word_1_655' title='bbox 1926 4061 2025 4117; x_wconf 92' lang='lat' dir='ltr'><strong>per</strong></span> <span class='ocrx_word' id='word_1_656' title='bbox 2075 4059 2246 4098; x_wconf 86' lang='lat' dir='ltr'><strong>annos</strong></span> <span class='ocrx_word' id='word_1_657' title='bbox 2297 4043 2503 4113; x_wconf 90' lang='lat' dir='ltr'><strong>aliquot</strong></span> <span class='ocrx_word' id='word_1_658' title='bbox 2552 4043 2899 4113; x_wconf 83' lang='lat' dir='ltr'><strong>congregatio</strong></span> <span class='ocrx_word' id='word_1_659' title='bbox 2951 4041 3040 4096; x_wconf 88' lang='lat' dir='ltr'><strong>illa</strong></span> <span class='ocrx_word' id='word_1_660' title='bbox 3089 4037 3518 4097; x_wconf 71' lang='lat' dir='ltr'><strong>sustentabatur.</strong></span> 
     </span>
    </p>
   </div>
   <div class='ocr_carea' id='block_1_102' title="bbox 1927 4131 3519 4208">
    <p class='ocr_par' dir='ltr' id='par_1_102' title="bbox 1927 4131 3519 4208">
     <span class='ocr_line' id='line_1_102' title="bbox 1927 4131 3519 4208; baseline -0.006 -15"><span class='ocrx_word' id='word_1_661' title='bbox 1927 4137 2172 4208; x_wconf 89' lang='lat' dir='ltr'><strong>Cumque</strong></span> <span class='ocrx_word' id='word_1_662' title='bbox 2189 4137 2299 4208; x_wconf 89' lang='lat' dir='ltr'><strong>jam</strong></span> <span class='ocrx_word' id='word_1_663' title='bbox 2330 4135 2449 4190; x_wconf 91' lang='lat' dir='ltr'><strong>finis</strong></span> <span class='ocrx_word' id='word_1_664' title='bbox 2472 4135 2572 4190; x_wconf 90' lang='lat' dir='ltr'><strong>sibi</strong></span> <span class='ocrx_word' id='word_1_665' title='bbox 2593 4136 2717 4190; x_wconf 81' lang='lat' dir='ltr'><strong>vitae</strong></span> <span class='ocrx_word' id='word_1_666' title='bbox 2737 4134 3216 4206; x_wconf 85' lang='lat' dir='ltr'><strong>appropinquaret,</strong></span> <span class='ocrx_word' id='word_1_667' title='bbox 3244 4131 3519 4186; x_wconf 85' lang='lat' dir='ltr'><strong>infirmata</strong></span> 
     </span>
    </p>
   </div>
   <div class='ocr_carea' id='block_1_103' title="bbox 1927 4221 3518 4298">
    <p class='ocr_par' dir='ltr' id='par_1_103' title="bbox 1927 4221 3518 4298">
     <span class='ocr_line' id='line_1_103' title="bbox 1927 4221 3518 4298; baseline -0.006 -15"><span class='ocrx_word' id='word_1_668' title='bbox 1927 4242 2176 4298; x_wconf 87' lang='lat' dir='ltr'><strong>corpore,</strong></span> <span class='ocrx_word' id='word_1_669' title='bbox 2214 4243 2317 4281; x_wconf 90' lang='lat' dir='ltr'><strong>non</strong></span> <span class='ocrx_word' id='word_1_670' title='bbox 2346 4234 2525 4280; x_wconf 90' lang='lat' dir='ltr'><strong>autem</strong></span> <span class='ocrx_word' id='word_1_671' title='bbox 2555 4224 2814 4296; x_wconf 91' lang='lat' dir='ltr'><strong>propositi</strong></span> <span class='ocrx_word' id='word_1_672' title='bbox 2846 4225 2928 4279; x_wconf 91' lang='lat' dir='ltr'><strong>sui</strong></span> <span class='ocrx_word' id='word_1_673' title='bbox 2961 4223 3196 4293; x_wconf 90' lang='lat' dir='ltr'><strong>rigorem</strong></span> <span class='ocrx_word' id='word_1_674' title='bbox 3219 4221 3518 4290; x_wconf 82' lang='lat' dir='ltr'><strong>deponens,</strong></span> 
     </span>
    </p>
   </div>
   <div class='ocr_carea' id='block_1_104' title="bbox 1927 4310 3517 4379">
    <p class='ocr_par' dir='ltr' id='par_1_104' title="bbox 1927 4310 3517 4379">
     <span class='ocr_line' id='line_1_104' title="bbox 1927 4310 3517 4379; baseline -0.008 -5"><span class='ocrx_word' id='word_1_675' title='bbox 1927 4318 2123 4374; x_wconf 85' lang='lat' dir='ltr'><strong>lectulo</strong></span> <span class='ocrx_word' id='word_1_676' title='bbox 2163 4316 2439 4372; x_wconf 89' lang='lat' dir='ltr'><strong>decubuit.</strong></span> <span class='ocrx_word' id='word_1_677' title='bbox 2468 4315 2534 4370; x_wconf 84' lang='lat' dir='ltr'><strong>Et</strong></span> <span class='ocrx_word' id='word_1_678' title='bbox 2563 4315 2686 4368; x_wconf 91' lang='lat' dir='ltr'><strong>dum</strong></span> <span class='ocrx_word' id='word_1_679' title='bbox 2729 4314 2908 4368; x_wconf 88' lang='lat' dir='ltr'><strong>obitus</strong></span> <span class='ocrx_word' id='word_1_680' title='bbox 2938 4312 3020 4367; x_wconf 92' lang='lat' dir='ltr'><strong>sui</strong></span> <span class='ocrx_word' id='word_1_681' title='bbox 3052 4310 3345 4366; x_wconf 85' lang='lat' dir='ltr'><strong>terminum</strong></span> <span class='ocrx_word' id='word_1_682' title='bbox 3377 4323 3517 4379; x_wconf 65' lang='lat' dir='ltr'><strong>prte-</strong></span> 
     </span>
    </p>
   </div>
   <div class='ocr_carea' id='block_1_105' title="bbox 1929 4402 3514 4474">
    <p class='ocr_par' dir='ltr' id='par_1_105' title="bbox 1929 4402 3514 4474">
     <span class='ocr_line' id='line_1_105' title="bbox 1929 4402 3514 4474; baseline -0.006 -9"><span class='ocrx_word' id='word_1_683' title='bbox 1929 4410 2180 4473; x_wconf 88' lang='lat' dir='ltr'><strong>stolatur,</strong></span> <span class='ocrx_word' id='word_1_684' title='bbox 2221 4409 2372 4462; x_wconf 84' lang='lat' dir='ltr'><strong>adest</strong></span> <span class='ocrx_word' id='word_1_685' title='bbox 2399 4407 2492 4462; x_wconf 92' lang='lat' dir='ltr'><strong>Dei</strong></span> <span class='ocrx_word' id='word_1_686' title='bbox 2529 4405 2762 4474; x_wconf 82' lang='lat' dir='ltr'><strong>genitrix</strong></span> <span class='ocrx_word' id='word_1_687' title='bbox 2799 4405 2950 4474; x_wconf 87' lang='lat' dir='ltr'><strong>virgo</strong></span> <span class='ocrx_word' id='word_1_688' title='bbox 2980 4403 3170 4469; x_wconf 80' lang='lat' dir='ltr'><strong>Maria,</strong></span> <span class='ocrx_word' id='word_1_689' title='bbox 3201 4402 3514 4456; x_wconf 80' lang='lat' dir='ltr'><strong>innumera-</strong></span> 
     </span>
    </p>
   </div>
   <div class='ocr_carea' id='block_1_106' title="bbox 1929 4495 3502 4570">
    <p class='ocr_par' dir='ltr' id='par_1_106' title="bbox 1929 4495 3502 4570">
     <span class='ocr_line' id='line_1_106' title="bbox 1929 4495 3502 4570; baseline -0.004 -14"><span class='ocrx_word' id='word_1_690' title='bbox 1929 4501 2067 4557; x_wconf 87' lang='lat' dir='ltr'><strong>biles</strong></span> <span class='ocrx_word' id='word_1_691' title='bbox 2113 4501 2380 4570; x_wconf 87' lang='lat' dir='ltr'><strong>virginum</strong></span> <span class='ocrx_word' id='word_1_692' title='bbox 2427 4499 2622 4554; x_wconf 91' lang='lat' dir='ltr'><strong>choros</strong></span> <span class='ocrx_word' id='word_1_693' title='bbox 2667 4497 2976 4567; x_wconf 76' lang='lat' dir='ltr'><strong>przecedens</strong></span> <span class='ocrx_word' id='word_1_694' title='bbox 3022 4514 3035 4550; x_wconf 87' lang='lat'><strong>:</strong></span> <span class='ocrx_word' id='word_1_695' title='bbox 3078 4511 3240 4566; x_wconf 90' lang='lat' dir='ltr'><strong>quam</strong></span> <span class='ocrx_word' id='word_1_696' title='bbox 3293 4495 3502 4550; x_wconf 82' lang='lat' dir='ltr'><strong>Verona</strong></span> 
     </span>
    </p>
   </div>
   <div class='ocr_carea' id='block_1_107' title="bbox 1934 4585 3504 4651">
    <p class='ocr_par' dir='ltr' id='par_1_107' title="bbox 1934 4585 3504 4651">
     <span class='ocr_line' id='line_1_107' title="bbox 1934 4585 3504 4651; baseline -0.005 -4"><span class='ocrx_word' id='word_1_697' title='bbox 1934 4601 2045 4647; x_wconf 90' lang='lat' dir='ltr'><strong>tota</strong></span> <span class='ocrx_word' id='word_1_698' title='bbox 2077 4590 2359 4645; x_wconf 90' lang='lat' dir='ltr'><strong>devotione</strong></span> <span class='ocrx_word' id='word_1_699' title='bbox 2408 4588 2714 4651; x_wconf 86' lang='lat' dir='ltr'><strong>intendens,</strong></span> <span class='ocrx_word' id='word_1_700' title='bbox 2763 4597 2816 4640; x_wconf 90' lang='lat' dir='ltr'><strong>et</strong></span> <span class='ocrx_word' id='word_1_701' title='bbox 2847 4587 2989 4642; x_wconf 93' lang='lat' dir='ltr'><strong>unde</strong></span> <span class='ocrx_word' id='word_1_702' title='bbox 3029 4585 3133 4641; x_wconf 91' lang='lat' dir='ltr'><strong>hoc</strong></span> <span class='ocrx_word' id='word_1_703' title='bbox 3182 4595 3504 4651; x_wconf 89' lang='lat' dir='ltr'><strong>mereretur,</strong></span> 
     </span>
    </p>
   </div>
   <div class='ocr_carea' id='block_1_108' title="bbox 1930 4674 3509 4752">
    <p class='ocr_par' dir='ltr' id='par_1_108' title="bbox 1930 4674 3509 4752">
     <span class='ocr_line' id='line_1_108' title="bbox 1930 4674 3509 4752; baseline -0.004 -14"><span class='ocrx_word' id='word_1_704' title='bbox 1930 4684 2293 4752; x_wconf 84' lang='lat' dir='ltr'><strong>interrOgans,</strong></span> <span class='ocrx_word' id='word_1_705' title='bbox 2326 4681 2393 4733; x_wconf 92' lang='lat' dir='ltr'><strong>ab</strong></span> <span class='ocrx_word' id='word_1_706' title='bbox 2425 4677 2612 4734; x_wconf 87' lang='lat' dir='ltr'><strong>eadem</strong></span> <span class='ocrx_word' id='word_1_707' title='bbox 2655 4677 2750 4732; x_wconf 88' lang='lat' dir='ltr'><strong>Dei</strong></span> <span class='ocrx_word' id='word_1_708' title='bbox 2773 4677 3034 4748; x_wconf 87' lang='lat' dir='ltr'><strong>genitriee</strong></span> <span class='ocrx_word' id='word_1_709' title='bbox 3059 4677 3264 4732; x_wconf 88' lang='lat' dir='ltr'><strong>audivit</strong></span> <span class='ocrx_word' id='word_1_710' title='bbox 3299 4695 3311 4731; x_wconf 94' lang='lat'>:</span> <span class='ocrx_word' id='word_1_711' title='bbox 3345 4697 3362 4729; x_wconf 75' lang='grc' dir='ltr'>ι</span> <span class='ocrx_word' id='word_1_712' title='bbox 3409 4674 3509 4732; x_wconf 71' lang='grc' dir='ltr'><strong>νει</strong></span> 
     </span>
    </p>
   </div>
   <div class='ocr_carea' id='block_1_109' title="bbox 1929 4766 3519 4844">
    <p class='ocr_par' dir='ltr' id='par_1_109' title="bbox 1929 4766 3519 4844">
     <span class='ocr_line' id='line_1_109' title="bbox 1929 4766 3519 4844; baseline -0.006 -15"><span class='ocrx_word' id='word_1_713' title='bbox 1929 4775 2008 4840; x_wconf 90' lang='lat' dir='ltr'><strong>ni,</strong></span> <span class='ocrx_word' id='word_1_714' title='bbox 2033 4775 2224 4844; x_wconf 91' lang='lat' dir='ltr'><strong>inquit,</strong></span> <span class='ocrx_word' id='word_1_715' title='bbox 2259 4781 2317 4826; x_wconf 83' lang='grc' dir='ltr'><strong>ιιι</strong></span> <span class='ocrx_word' id='word_1_716' title='bbox 2348 4771 2414 4825; x_wconf 92' lang='lat' dir='ltr'><strong>ab</strong></span> <span class='ocrx_word' id='word_1_717' title='bbox 2440 4785 2504 4826; x_wconf 92' lang='lat' dir='ltr'><strong>eo</strong></span> <span class='ocrx_word' id='word_1_718' title='bbox 2529 4769 2612 4824; x_wconf 90' lang='lat' dir='ltr'><strong>cui</strong></span> <span class='ocrx_word' id='word_1_719' title='bbox 2641 4766 2869 4822; x_wconf 83' lang='lat' dir='ltr'><strong>fideliter</strong></span> <span class='ocrx_word' id='word_1_720' title='bbox 2901 4769 3157 4831; x_wconf 86' lang='lat' dir='ltr'><strong>serviisti,</strong></span> <span class='ocrx_word' id='word_1_721' title='bbox 3195 4783 3519 4821; x_wconf 87' lang='lat' dir='ltr'><strong>remunere-</strong></span> 
     </span>
    </p>
   </div>
   <div class='ocr_carea' id='block_1_110' title="bbox 1931 4847 3515 4932">
    <p class='ocr_par' dir='ltr' id='par_1_110' title="bbox 1931 4847 3515 4932">
     <span class='ocr_line' id='line_1_110' title="bbox 1931 4847 3515 4932; baseline -0.008 -10"><span class='ocrx_word' id='word_1_722' title='bbox 1931 4868 2026 4923; x_wconf 88' lang='lat' dir='ltr'><strong>ris.</strong></span> <span class='ocrx_word' id='word_1_723' title='bbox 2066 4885 2084 4918; x_wconf 75' lang='grc' dir='ltr'><strong><em>ι</em></strong></span> <span class='ocrx_word' id='word_1_724' title='bbox 2115 4865 2232 4932; x_wconf 84' lang='lat' dir='ltr'><strong>Quo</strong></span> <span class='ocrx_word' id='word_1_725' title='bbox 2258 4863 2423 4926; x_wconf 89' lang='lat' dir='ltr'><strong>dicto,</strong></span> <span class='ocrx_word' id='word_1_726' title='bbox 2473 4861 2626 4915; x_wconf 86' lang='lat' dir='ltr'><strong>beata</strong></span> <span class='ocrx_word' id='word_1_727' title='bbox 2683 4857 2770 4912; x_wconf 91' lang='lat' dir='ltr'><strong>illa</strong></span> <span class='ocrx_word' id='word_1_728' title='bbox 2804 4847 2995 4913; x_wconf 87' lang='lat' dir='ltr'><strong>anima</strong></span> <span class='ocrx_word' id='word_1_729' title='bbox 3029 4874 3225 4928; x_wconf 87' lang='lat' dir='ltr'><strong>corpus</strong></span> <span class='ocrx_word' id='word_1_730' title='bbox 3273 4856 3515 4924; x_wconf 88' lang='lat' dir='ltr'><strong>reliquit.</strong></span> 
     </span>
    </p>
   </div>
   <div class='ocr_carea' id='block_1_111' title="bbox 1936 4947 3514 5031">
    <p class='ocr_par' dir='ltr' id='par_1_111' title="bbox 1936 4947 3514 5031">
     <span class='ocr_line' id='line_1_111' title="bbox 1936 4947 3514 5031; baseline -0.01 -16"><span class='ocrx_word' id='word_1_731' title='bbox 1936 4958 2157 5031; x_wconf 88' lang='lat' dir='ltr'><strong>Sepulta</strong></span> <span class='ocrx_word' id='word_1_732' title='bbox 2182 4965 2266 5012; x_wconf 90' lang='lat' dir='ltr'><strong>est</strong></span> <span class='ocrx_word' id='word_1_733' title='bbox 2293 4965 2472 5011; x_wconf 89' lang='lat' dir='ltr'><strong>autem</strong></span> <span class='ocrx_word' id='word_1_734' title='bbox 2513 4953 2670 5008; x_wconf 90' lang='lat' dir='ltr'><strong>beata</strong></span> <span class='ocrx_word' id='word_1_735' title='bbox 2698 4952 2853 5024; x_wconf 84' lang='lat' dir='ltr'><strong>virgo</strong></span> <span class='ocrx_word' id='word_1_736' title='bbox 2878 4951 2930 5007; x_wconf 90' lang='lat' dir='ltr'><strong>in</strong></span> <span class='ocrx_word' id='word_1_737' title='bbox 2972 4950 3089 5006; x_wconf 91' lang='lat' dir='ltr'><strong>loco</strong></span> <span class='ocrx_word' id='word_1_738' title='bbox 3119 4950 3207 5003; x_wconf 79' lang='lat' dir='ltr'><strong>(Illi</strong></span> <span class='ocrx_word' id='word_1_739' title='bbox 3233 4947 3514 5000; x_wconf 86' lang='lat' dir='ltr'><strong>Zurzacha</strong></span> 
     </span>
    </p>
   </div>
   <div class='ocr_carea' id='block_1_112' title="bbox 1931 5061 2176 5106">
    <p class='ocr_par' dir='ltr' id='par_1_112' title="bbox 1931 5061 2176 5106">
     <span class='ocr_line' id='line_1_112' title="bbox 1931 5061 2176 5106; baseline -0.008 0"><span class='ocrx_word' id='word_1_740' title='bbox 1931 5061 2176 5106; x_wconf 69' lang='lat' dir='ltr'><strong>V’OCﬂllll‘.</strong></span> 
     </span>
    </p>
   </div>
   <div class='ocr_carea' id='block_1_113' title="bbox 1997 5129 3519 5211">
    <p class='ocr_par' dir='ltr' id='par_1_113' title="bbox 1997 5129 3519 5211">
     <span class='ocr_line' id='line_1_113' title="bbox 1997 5129 3519 5211; baseline -0.009 -16"><span class='ocrx_word' id='word_1_741' title='bbox 1997 5142 2149 5211; x_wconf 87' lang='lat' dir='ltr'><strong>Apud</strong></span> <span class='ocrx_word' id='word_1_742' title='bbox 2171 5139 2406 5210; x_wconf 89' lang='lat' dir='ltr'><strong>Capuam</strong></span> <span class='ocrx_word' id='word_1_743' title='bbox 2442 5137 2696 5192; x_wconf 87' lang='lat' dir='ltr'><strong>nativitas</strong></span> <span class='ocrx_word' id='word_1_744' title='bbox 2723 5135 2891 5190; x_wconf 88' lang='lat' dir='ltr'><strong>Prisci</strong></span> <span class='ocrx_word' id='word_1_745' title='bbox 2931 5132 3205 5203; x_wconf 88' lang='lat' dir='ltr'><strong>martyris,</strong></span> <span class='ocrx_word' id='word_1_746' title='bbox 3249 5129 3340 5200; x_wconf 92' lang='lat' dir='ltr'><strong>qui</strong></span> <span class='ocrx_word' id='word_1_747' title='bbox 3379 5141 3519 5182; x_wconf 87' lang='lat' dir='ltr'><strong>unus</strong></span> 
     </span>
    </p>
   </div>
   <div class='ocr_carea' id='block_1_114' title="bbox 1927 5228 2921 5301">
    <p class='ocr_par' dir='ltr' id='par_1_114' title="bbox 1927 5228 2921 5301">
     <span class='ocr_line' id='line_1_114' title="bbox 1927 5228 2921 5301; baseline -0.009 -12"><span class='ocrx_word' id='word_1_748' title='bbox 1927 5235 2030 5289; x_wconf 86' lang='lat' dir='ltr'><strong>fuit</strong></span> <span class='ocrx_word' id='word_1_749' title='bbox 2055 5249 2121 5288; x_wconf 83' lang='lat' dir='ltr'><strong>ex</strong></span> <span class='ocrx_word' id='word_1_750' title='bbox 2151 5232 2386 5301; x_wconf 88' lang='lat' dir='ltr'><strong>antiquis</strong></span> <span class='ocrx_word' id='word_1_751' title='bbox 2404 5229 2602 5286; x_wconf 90' lang='lat' dir='ltr'><strong>Christi</strong></span> <span class='ocrx_word' id='word_1_752' title='bbox 2627 5228 2921 5298; x_wconf 89' lang='lat' dir='ltr'><strong>discipulis.</strong></span> 
     </span>
    </p>
   </div>
   <div class='ocr_carea' id='block_1_115' title="bbox 1941 5315 3519 5394">
    <p class='ocr_par' dir='ltr' id='par_1_115' title="bbox 1941 5315 3519 5394">
     <span class='ocr_line' id='line_1_115' title="bbox 1941 5315 3519 5394; baseline -0.009 -11"><span class='ocrx_word' id='word_1_753' title='bbox 1941 5351 1945 5356; x_wconf 85' lang='grc'><strong><em>-</em></strong></span> <span class='ocrx_word' id='word_1_754' title='bbox 2000 5326 2199 5383; x_wconf 87' lang='lat' dir='ltr'><strong>Eodem</strong></span> <span class='ocrx_word' id='word_1_755' title='bbox 2230 5325 2313 5380; x_wconf 90' lang='lat' dir='ltr'><strong>die</strong></span> <span class='ocrx_word' id='word_1_756' title='bbox 2342 5325 2481 5394; x_wconf 89' lang='lat' dir='ltr'><strong>apud</strong></span> <span class='ocrx_word' id='word_1_757' title='bbox 2515 5323 2758 5378; x_wconf 89' lang='lat' dir='ltr'><strong>Senonas</strong></span> <span class='ocrx_word' id='word_1_758' title='bbox 2781 5320 2913 5390; x_wconf 89' lang='lat' dir='ltr'><strong>Lupi</strong></span> <span class='ocrx_word' id='word_1_759' title='bbox 2947 5316 3202 5390; x_wconf 84' lang='lat' dir='ltr'><strong>episcopi,</strong></span> <span class='ocrx_word' id='word_1_760' title='bbox 3231 5315 3519 5370; x_wconf 88' lang='lat' dir='ltr'><strong>sanctitate</strong></span> 
     </span>
    </p>
   </div>
   <div class='ocr_carea' id='block_1_116' title="bbox 1929 5416 2991 5476">
    <p class='ocr_par' dir='ltr' id='par_1_116' title="bbox 1929 5416 2991 5476">
     <span class='ocr_line' id='line_1_116' title="bbox 1929 5416 2991 5476; baseline -0.013 0"><span class='ocrx_word' id='word_1_761' title='bbox 1929 5429 1985 5476; x_wconf 91' lang='lat' dir='ltr'><strong>et</strong></span> <span class='ocrx_word' id='word_1_762' title='bbox 2018 5418 2290 5474; x_wconf 87' lang='lat' dir='ltr'><strong>miraculis</strong></span> <span class='ocrx_word' id='word_1_763' title='bbox 2323 5416 2566 5470; x_wconf 90' lang='lat' dir='ltr'><strong>illustris.</strong></span> <span class='ocrx_word' id='word_1_764' title='bbox 2989 5435 2991 5438; x_wconf 63' lang='grc' dir='ltr'><strong><em>ι</em></strong></span> 
     </span>
    </p>
   </div>
   <div class='ocr_carea' id='block_1_117' title="bbox 2003 5500 3522 5582">
    <p class='ocr_par' dir='ltr' id='par_1_117' title="bbox 2003 5500 3522 5582">
     <span class='ocr_line' id='line_1_117' title="bbox 2003 5500 3522 5582; baseline -0.008 -13"><span class='ocrx_word' id='word_1_765' title='bbox 2003 5515 2131 5569; x_wconf 89' lang='lat' dir='ltr'><strong>Item</strong></span> <span class='ocrx_word' id='word_1_766' title='bbox 2166 5510 2305 5582; x_wconf 89' lang='lat' dir='ltr'><strong>apttd</strong></span> <span class='ocrx_word' id='word_1_767' title='bbox 2334 5509 2636 5563; x_wconf 64' lang='lat' dir='ltr'><strong>Caesaream</strong></span> <span class='ocrx_word' id='word_1_768' title='bbox 2678 5503 3031 5575; x_wconf 69' lang='lat' dir='ltr'><strong>Cappadociae</strong></span> <span class='ocrx_word' id='word_1_769' title='bbox 3059 5502 3284 5573; x_wconf 89' lang='lat' dir='ltr'><strong>Longini</strong></span> <span class='ocrx_word' id='word_1_770' title='bbox 3335 5500 3522 5557; x_wconf 85' lang='lat' dir='ltr'><strong>militis</strong></span> 
     </span>
    </p>
   </div>
   <div class='ocr_carea' id='block_1_118' title="bbox 1928 5595 3515 5676">
    <p class='ocr_par' dir='ltr' id='par_1_118' title="bbox 1928 5595 3515 5676">
     <span class='ocr_line' id='line_1_118' title="bbox 1928 5595 3515 5676; baseline -0.008 -13"><span class='ocrx_word' id='word_1_771' title='bbox 1928 5616 1980 5663; x_wconf 88' lang='lat' dir='ltr'><strong>et</strong></span> <span class='ocrx_word' id='word_1_772' title='bbox 2011 5605 2290 5676; x_wconf 87' lang='lat' dir='ltr'><strong>martyris,</strong></span> <span class='ocrx_word' id='word_1_773' title='bbox 2321 5602 2410 5671; x_wconf 90' lang='lat' dir='ltr'><strong>qui</strong></span> <span class='ocrx_word' id='word_1_774' title='bbox 2449 5600 2649 5655; x_wconf 91' lang='lat' dir='ltr'><strong>dicitur</strong></span> <span class='ocrx_word' id='word_1_775' title='bbox 2673 5599 2857 5653; x_wconf 87' lang='lat' dir='ltr'><strong>lancea</strong></span> <span class='ocrx_word' id='word_1_776' title='bbox 2886 5598 3025 5652; x_wconf 91' lang='lat' dir='ltr'><strong>latus</strong></span> <span class='ocrx_word' id='word_1_777' title='bbox 3051 5596 3259 5651; x_wconf 89' lang='lat' dir='ltr'><strong>Domini</strong></span> <span class='ocrx_word' id='word_1_778' title='bbox 3283 5595 3515 5666; x_wconf 88' lang='lat' dir='ltr'><strong>aperire.</strong></span> 
     </span>
    </p>
   </div>
   <div class='ocr_carea' id='block_1_119' title="bbox 1929 5686 3519 5763">
    <p class='ocr_par' dir='ltr' id='par_1_119' title="bbox 1929 5686 3519 5763">
     <span class='ocr_line' id='line_1_119' title="bbox 1929 5686 3519 5763; baseline -0.007 -12"><span class='ocrx_word' id='word_1_779' title='bbox 1929 5695 2027 5751; x_wconf 83' lang='lat' dir='ltr'><strong>Hic</strong></span> <span class='ocrx_word' id='word_1_780' title='bbox 2061 5712 2181 5751; x_wconf 90' lang='lat' dir='ltr'><strong>cum</strong></span> <span class='ocrx_word' id='word_1_781' title='bbox 2215 5702 2399 5763; x_wconf 89' lang='lat' dir='ltr'><strong>postea</strong></span> <span class='ocrx_word' id='word_1_782' title='bbox 2453 5694 2520 5746; x_wconf 90' lang='lat' dir='ltr'><strong>ab</strong></span> <span class='ocrx_word' id='word_1_783' title='bbox 2551 5690 2808 5761; x_wconf 89' lang='lat' dir='ltr'><strong>apostolis</strong></span> <span class='ocrx_word' id='word_1_784' title='bbox 2859 5689 3246 5758; x_wconf 86' lang='lat' dir='ltr'><strong>baptizaretur,</strong></span> <span class='ocrx_word' id='word_1_785' title='bbox 3299 5687 3367 5740; x_wconf 91' lang='lat' dir='ltr'><strong>ab</strong></span> <span class='ocrx_word' id='word_1_786' title='bbox 3414 5686 3519 5741; x_wconf 90' lang='lat' dir='ltr'><strong>0c-</strong></span> 
     </span>
    </p>
   </div>
   <div class='ocr_carea' id='block_1_120' title="bbox 1926 5777 3521 5855">
    <p class='ocr_par' dir='ltr' id='par_1_120' title="bbox 1926 5777 3521 5855">
     <span class='ocr_line' id='line_1_120' title="bbox 1926 5777 3521 5855; baseline -0.008 -12"><span class='ocrx_word' id='word_1_787' title='bbox 1926 5798 2049 5843; x_wconf 86' lang='lat' dir='ltr'><strong>tavo</strong></span> <span class='ocrx_word' id='word_1_788' title='bbox 2100 5786 2324 5855; x_wconf 67' lang='lat' dir='ltr'><strong>praeside</strong></span> <span class='ocrx_word' id='word_1_789' title='bbox 2377 5784 2818 5850; x_wconf 89' lang='lat' dir='ltr'><strong>comprehensus,</strong></span> <span class='ocrx_word' id='word_1_790' title='bbox 2860 5780 3039 5845; x_wconf 77' lang='lat' dir='ltr'><strong>lingua</strong></span> <span class='ocrx_word' id='word_1_791' title='bbox 3075 5779 3314 5833; x_wconf 89' lang='lat' dir='ltr'><strong>abscissa</strong></span> <span class='ocrx_word' id='word_1_792' title='bbox 3343 5777 3521 5832; x_wconf 87' lang='lat' dir='ltr'><strong>denti-</strong></span> 
     </span>
    </p>
   </div>
   <div class='ocr_carea' id='block_1_121' title="bbox 1921 5857 3496 5950">
    <p class='ocr_par' dir='ltr' id='par_1_121' title="bbox 1921 5857 3496 5950">
     <span class='ocr_line' id='line_1_121' title="bbox 1921 5857 3496 5950; baseline -0.006 -14"><span class='ocrx_word' id='word_1_793' title='bbox 1921 5881 2128 5950; x_wconf 79' lang='lat' dir='ltr'><strong>busque</strong></span> <span class='ocrx_word' id='word_1_794' title='bbox 2157 5878 2420 5941; x_wconf 83' lang='lat' dir='ltr'><strong>excussis,</strong></span> <span class='ocrx_word' id='word_1_795' title='bbox 2445 5875 2625 5944; x_wconf 88' lang='lat' dir='ltr'><strong>capite</strong></span> <span class='ocrx_word' id='word_1_796' title='bbox 2655 5889 2753 5944; x_wconf 83' lang='lat' dir='ltr'><strong>pro</strong></span> <span class='ocrx_word' id='word_1_797' title='bbox 2776 5871 2994 5929; x_wconf 87' lang='lat' dir='ltr'><strong>Christo</strong></span> <span class='ocrx_word' id='word_1_798' title='bbox 3019 5859 3324 5928; x_wconf 63' lang='lat' dir='ltr'><strong>truncatur.</strong></span> <span class='ocrx_word' id='word_1_799' title='bbox 3341 5857 3496 5926; x_wconf 67' lang='lat' dir='ltr'><strong>Sinni</strong></span> 
     </span>
    </p>
   </div>
  </div>
