4046 6432
600 382 733 441 Ili?

597 508 717 548 cum
746 507 810 548 eo
833 500 1123 549 coronatus
1148 499 1231 548 est
1270 490 1626 562 Aphronisius
1648 505 1770 545 com
1783 487 2178 556 mentariensis,

596 583 687 655 qtti
723 583 884 638 etiam
914 593 1037 656 post
1068 582 1454 641 abscissionem
1477 579 1672 653 linguae
1706 578 1981 636 Christum
2020 594 2182 651 cxpe-

597 674 706 731 dite
737 674 1072 746 loquebatur.

668 769 738 826 lV
773 764 909 827 Nos.
960 768 1227 827 Serrana.
1255 801 1325 814 -—
1353 770 1619 828 Nativitas
1659 770 1828 827 sancti
1863 770 2000 826 Justi
2046 769 2185 841 Lng-

597 863 856 941 dunensis
886 865 1143 938 episcopi.
1173 864 1271 935 Qui
1297 867 1434 923 clam
1463 868 1829 939 episc0patum
1855 865 2183 935 relinquens,

598 960 667 1026 ad
714 960 1003 1032 {Egyptum
1060 962 1333 1033 migravit,
1388 963 1682 1017 comitante
1714 977 1773 1016 se
1821 961 2053 1031 quodam
2105 959 2184 1013 le-

597 1044 773 1115 c'torc,
831 1051 914 1106 cui
968 1065 1163 1106 nomen
1204 1063 1320 1107 erat
1367 1054 1575 1108 Viator.
1618 1052 1819 1107 Ibidem
1879 1052 2041 1123 igitur
2089 1068 2189 1123 per

599 1136 805 1219 aliquot
834 1158 1006 1198 annos
1033 1145 1313 1200 monachis
1353 1147 1671 1205 associatus.
1694 1135 1863 1198 vitam
1911 1145 1963 1200 in
2003 1155 2186 1199 sancta

599 1234 1011 1309 conversatione
1040 1232 1231 1289 finivit.
1253 1234 1459 1305 Corpus
1487 1236 1603 1303 ejus
1625 1254 1651 1289 a
1689 1237 1952 1306 religiosis
1976 1237 2187 1290 civibus

597 1320 918 1395 Lugdunum
972 1342 1094 1383 cum
1154 1329 1367 1383 ossibus
1431 1330 1603 1383 sancti
1666 1327 1899 1382 Viatoris
1957 1327 2187 1382 ministri

597 1415 768 1493 ipsius
796 1419 1053 1486 delatum,
1098 1421 1152 1476 in
1180 1420 1401 1477 basilica
1446 1431 1649 1491 septem
1686 1421 1935 1479 Fratrum
1978 1420 2192 1475 Macha-

597 1511 857 1583 1520mm.

616 1668 623 1671 _
672 1602 872 1659 Eodem
905 1604 1011 1670 die,
1051 1604 1105 1660 in
1134 1606 1357 1677 praefata
1386 1606 1537 1670 urbe,
1562 1604 1755 1677 Elpidii
1783 1604 2023 1676 ejusdem
2052 1602 2186 1658 civi-

598 1697 726 1753 tatis
757 1698 1013 1768 episcopi.

668 1792 825 1863 Apud
855 1793 1134 1862 Apamiam
1164 1793 1305 1849 beati
1343 1791 1559 1847 Antonii
1593 1794 1864 1864 martyris.

668 1883 732 1941 lIl
758 1882 889 1939 Non.
910 1882 1178 1940 Serrana.
1195 1884 1452 1940 —Romae
1468 1886 1743 1955 Seraphize
1759 1885 2002 1957 virginis,
2019 1899 2193 1955 passm

598 1974 698 2029 sub
727 1975 963 2030 Adriano
997 1977 1344 2047 imperatore,
1367 1976 1549 2049 judice
1573 1976 1789 2032 Bel-illo.
1826 1976 1970 2040 llaec,
2006 1975 2193 2031 Antio-

598 2068 769 2123 chcna
801 2082 1016 2136 genere,
1034 2070 1172 2139 apud
1191 2079 1433 2126 sanctam
1458 2084 1680 2124 manens
1693 2068 1970 2133 Sabinam,
1988 2068 2195 2137 rapitur

598 2167 644 2234 et
664 2158 876 2228 prmsidi
897 2159 1197 2215 exhibetur.
1221 2160 1457 2234 Quicum
1490 2163 1555 2216 ab
1577 2176 1638 2215 ca
1667 2161 1785 2215 fidei
1812 2161 1987 2216 verbis
2016 2162 2192 2216 incre-

597 2259 844 2322 parctnr,
870 2252 1039 2307 iratus
1060 2269 1275 2323 praeses,
1303 2230 1468 2324 jussit
1494 2269 1612 2308 cam
1647 2255 1853 2309 duobus
1877 2254 2014 2308 tradi
2037 2254 2191 2325 juve-

599 2343 779 2407 nibus,
810 2357 1039 2411 quorunt
1065 2342 1284 2399 lascivia
1325 2343 1477 2415 virgo
1515 2352 1973 2412 corrumperetur.
2004 2342 2103 2408 Qui
2130 2349 2191 2397 ut

599 2447 717 2503 eam
743 2422 1056 2506 contingere
1085 2436 1383 2501 tentabant,
1404 2436 1580 2491 subito
1609 2445 1749 2491 terra
1772 2435 2024 2506 prostrati
2051 2436 2193 2495 ceci-

604 2523 800 2579 derunt
826 2512 1124 2581 exanimes.
1157 2525 1357 2580 Iterum
1403 2525 1612 2597 virgine
1637 2526 1889 2595 adducta,
1920 2527 2189 2597 deportati

600 2621 727 2685 sunt
758 2624 812 2668 et
825 2611 1053 2683 juvenes
1094 2624 1219 2671 ante
1249 2616 1550 2685 praesidem.
1593 2615 1674 2670 Ad
1701 2630 1836 2686 quos
1877 2616 2027 2688 virgo
2065 2632 2186 2673 cum

599 2705 842 2761 oratione
869 2706 1149 2771 accedens,
1201 2706 1381 2763 erexit
1426 2704 1546 2762 illos
1604 2704 1659 2761 in
1704 2716 1845 2762 statu
1881 2723 1999 2763 suo.
2056 2706 2185 2763 Post

600 2780 717 2853 haec
746 2796 893 2869 jussu
945 2798 1193 2869 praesidis
1222 2798 1453 2855 fustibus
1491 2799 1736 2865 cmditnr,
1766 2809 1819 2855 et
1860 2815 2085 2854 excussa
2117 2815 2182 2854 ex

598 2874 685 2961 ljis
712 2887 907 2945 assella
948 2888 1006 2945 in
1057 2889 1271 2944 oculum
1313 2890 1526 2962 tyranni
1560 2890 1785 2957 insiluit,
1840 2900 1889 2947 et
1941 2891 2186 2961 protinus

598 2994 723 3050 eum
750 2978 957 3035 luscum
1001 2977 1199 3036 eﬁ‘ccit.
1244 2981 1343 3048 Qui
1377 2982 1502 3036 data
1553 2981 1818 3039 sententia
1861 2981 2037 3051 gladio
2066 2998 2182 3037 eam

596 3069 809 3143 percuti
834 3069 1009 3140 jubet.
1047 3069 1177 3138 Quae
1215 3070 1424 3142 sepulta
1454 3082 1537 3129 est
1567 3074 1723 3146 juxta
1751 3073 2010 3146 collegam
2032 3088 2184 3129 suam

599 3162 877 3225 Sabinam.

1502 379 1563 436 Β.
1606 378 1910 439 NOTKERI
1950 376 2242 453 BALBULI
2279 377 2338 434 S.
2376 377 2581 436 GALLI
2620 376 2925 435 MONACHI

3674 384 3781 445 ωε

2211 497 2255 554 Α
2283 491 2596 560 prostravit.
2662 489 2943 545 Exclamat
2981 489 3093 562 jam
3131 489 3327 546 victum
3370 490 3615 550 Victorem
3646 497 3780 555 victor

2284 579 2563 637 diabolus:
2604 600 2621 635 ι
2678 579 2815 648 Quid
2864 580 2994 653 agis,
3052 582 3246 653 inquit,
3298 583 3647 654 perfectissime
3690 591 3782 647 vir?

2284 674 2394 731 Cur
2414 673 2657 745 jungeris
2697 674 2873 737 alteri,
2903 674 2993 743 qui
3035 689 3064 727 a
3112 672 3278 729 fratre
3325 676 3647 731 recessisti?»
3686 678 3783 737 Post

2285 769 2451 847 multa
2479 768 2755 837 jactantiae
2805 768 3179 837 irrisionisque
3217 768 3542 839 improperia,
3569 785 3623 823 ex
3659 773 3783 828 oculis

2287 860 2495 930 decepti
2545 859 2788 914 diabolus
2836 859 3073 914 evanuit.
3130 860 3197 913 At
3246 859 3352 923 ille,
3399 860 3513 929 quia
3558 862 3785 931 ceciderat,

2287 934 2435 1008 velut
2460 950 2727 1006 exanimis
2763 949 2988 1006 effectus
3017 958 3118 1006 est.
3163 951 3397 1005 Tandem
3424 952 3473 1006 in
3503 967 3556 1009 se
3577 969 3783 1021 reversus,

2289 1047 2355 1103 ad
2420 1046 2637 1100 fratrem
2694 1044 3013 1099 Severinum
3071 1044 3373 1115 repedavit,
3430 1043 3588 1115 primo
3636 1047 3785 1117 pudore

2290 1137 2570 1201 conticuit,
2604 1136 2726 1191 dein
2761 1150 2991 1191 causam
3017 1137 3248 1207 aperuit,
3281 1137 3489 1206 ipseque
3513 1138 3601 1192 sibi
3627 1154 3784 1209 ptenam

2291 1232 2592 1286 constituit.
2624 1229 2859 1286 Findens
2880 1245 3115 1300 namque
3137 1230 3405 1295 arborem,
3445 1245 3699 1299 manusque
3722 1246 3789 1301 per

2292 1322 2512 1377 tissuras
2559 1321 2840 1388 inserens,
2890 1331 2944 1376 et
2990 1321 3174 1376 cuneis
3225 1320 3515 1391 pessulans,
3547 1319 3785 1375 cicatricem

2293 1414 2504 1469 arboris
2529 1413 2740 1469 clausit.
2771 1413 2843 1468 De
2869 1428 2975 1484 qua
3001 1427 3159 1485 poena
3189 1427 3288 1467 nec
3312 1411 3570 1482 cpiscOpo,
3592 1413 3660 1465 cui
3687 1427 3747 1465 res
3766 1426 3787 1465 a

2290 1506 2461 1562 fratre
2486 1523 2583 1563 suo
2620 1506 2871 1570 innotuit,
2920 1514 2980 1560 ut
3009 1505 3340 1560 eximeretur
3363 1502 3629 1570 consensit,
3661 1503 3730 1557 sed
3750 1503 3790 1558 in

2291 1597 2478 1653 eadem
2511 1605 2621 1652 toto
2655 1596 2891 1652 triennio
2941 1593 3285 1665 perduravit;
3346 1592 3595 1647 Dominica
3638 1599 3789 1647 tantum

2292 1687 2378 1743 die
2412 1688 2677 1744 modicum
2714 1687 2869 1758 panis
2899 1694 2955 1742 et
2983 1700 3157 1757 aqum,
3215 1693 3430 1739 coactus
3459 1698 3485 1738 a
3526 1682 3681 1747 fratre,
3704 1695 3792 1754 per-

2297 1782 2460 1851 cepit,
2489 1782 2578 1852 qui
2603 1781 2766 1835 etiam
2786 1779 2992 1852 jejunio
3023 1796 3080 1835 se
3108 1777 3269 1834 simili
3300 1793 3396 1849 pro
3415 1792 3641 1847 germano
3662 1791 3793 1830 mace-

2222 1859 2271 1921 Β
2299 1872 2461 1926 ravit.
2501 1870 2598 1926 Vix
2630 1870 2822 1925 deinde
2849 1886 2945 1940 per
2987 1871 3301 1940 episcopum
3328 1885 3358 1923 a
3385 1867 3619 1938 supplicio
3641 1868 3792 1923 abstra-

2295 1974 2436 2030 ctus,
2477 1963 2577 2018 sub
2606 1963 2753 2018 omni
2787 1963 3046 2035 religione
3086 1962 3388 2017 sanctitatis
3416 1962 3566 2016 vitam
3604 1960 3736 2021 duxit,
3756 1968 3792 2015 et

2293 2053 2636 2125 postmodum
2694 2053 3047 2109 Amiterninae
3095 2052 3248 2108 urbis
3303 2052 3570 2124 episcopus
3618 2051 3788 2123 eligitur.

2292 2145 2625 2203 Procedente
2653 2161 2782 2203 vero
2811 2155 3068 2217 tempore,
3098 2147 3397 2218 imperante
3436 2145 3609 2212 Nerva,
3642 2145 3694 2198 ab
3715 2144 3791 2196 Att-

2293 2237 2498 2294 rcliano
2531 2237 2713 2309 judice
2752 2237 2955 2292 diutius
2998 2237 3285 2293 tormentis
3331 2237 3657 2300 examinatus,
3695 2232 3792 2304 apud

2293 2332 2471 2388 locum
2505 2333 2595 2402 qui
2618 2331 2841 2387 Cotialis
2873 2330 3195 2403 appellatur,
3222 2331 3275 2386 in
3304 2339 3541 2402 puteutes
3563 2340 3609 2384 ct
3629 2327 3792 2397 sulphu-

2290 2440 2413 2481 reas
2436 2440 2621 2496 aquas,
2637 2424 2811 2495 capite
2835 2424 3110 2490 deorsum,
3128 2440 3229 2495 per
3246 2433 3357 2479 tres
3396 2424 3548 2479 horas
3574 2432 3791 2488 suspensus

2291 2515 2670 2586 tcnerijussus
2698 2528 2798 2572 est.
2832 2515 2984 2583 Quod
3026 2531 3147 2571 cum
3190 2532 3289 2588 per
3330 2516 3550 2571 triduum
3587 2520 3787 2585 ageretur,

2288 2612 2549 2682 martyrio
2578 2619 2868 2666 coronatus
2903 2611 3158 2683 migravit
3197 2612 3265 2669 ad
3293 2611 3576 2668 Dominum.

2357 2703 2489 2759 Item
2529 2703 2715 2760 Roma:
2753 2705 2925 2760 sancti
2956 2703 3271 2762 Herculani.

2298 2784 2307 2789 ﬁ
2359 2794 2572 2868 Capuae,
2619 2794 2826 2864 Quinti,
2863 2793 3077 2853 Acontii
3109 2805 3167 2853 et
3216 2797 3425 2865 Donati,
3472 2790 3791 2868 Eutychetiset

2286 2888 2541 2946 Maronis.
3329 2886 3334 2890 '

2359 2980 2470 3037 VIII
2510 2981 2587 3039 In.
2625 2982 2893 3042 Serrane.
2916 2982 3280 3040 —Nativitas
3316 2981 3481 3040 sancti
3523 2978 3669 3052 Magni
3694 2991 3784 3032 con-

2284 3069 2528 3135 fessoris,
2562 3074 2810 3145 discipuli
2857 3084 2913 3131 et
2953 3075 3168 3132 comitis
3206 3076 3353 3134 beati
3400 3073 3545 3142 Galli,
3593 3067 3786 3128 mirabilis

2289 3172 2453 3236 atque
2490 3168 2814 3224 sanctissimi
2839 3168 2960 3224 viri.

608 3220 629 3325 ἶ
668 3255 711 3311 ll
760 3255 895 3312 Non.
945 3255 1217 3315 Serrane.
1246 3289 1317 3302 —-
1354 3258 1524 3332 Moysi
1570 3260 1867 3331 prophetae.
1919 3260 1989 3315 Et
2042 3261 2181 3331 apud
2213 3220 2259 3284 Ο
2314 3220 2317 3221 7
2850 3220 3148 3334 prophetae,
3201 3271 3257 3320 et
3307 3261 3497 3319 natalis
3541 3252 3786 3327 Onesiphori

599 3346 870 3420 Ancyram
896 3347 1121 3415 Galatia:
1149 3359 1457 3409 sanctorum
1499 3361 1798 3425 martyrum
1843 3350 2043 3419 Rufini,
2078 3351 2185 3408 Sil-

600 3442 728 3511 yani
758 3452 810 3497 et
843 3441 1071 3499 Vitalici.

656 3532 950 3613 [Cabillona
971 3534 1224 3591 nativitas
1249 3536 1421 3591 sancti
1469 3534 1704 3591 Marcelli
1752 3535 2030 3609 martyris.
2079 3534 2181 3605 Qui

602 3626 938 3697 temporibus
961 3623 1219 3682 Antonini
1249 3642 1314 3683 ex
1349 3642 1577 3684 numero
1615 3628 2004 3699 quinquaginta
2034 3642 2181 3682 mar«

601 3724 779 3788 tyrum
826 3717 1074 3790 Lugduni
1123 3719 1176 3775 in
1221 3719 1550 3792 ergastulum
1599 3719 1985 3791 projectorutn,
2038 3729 2184 3791 pate-

602 3806 763 3866 factis
811 3796 1066 3867 divinitus
1112 3811 1364 3869 claustris
1409 3814 1617 3878 exiens,
1673 3812 1944 3867 hominem
1993 3828 2023 3866 a
2078 3826 2186 3883 quo

605 3902 842 3972 hospitio
865 3913 1146 3975 susceptus
1169 3912 1253 3961 cst
1281 3920 1404 3961 cum
1449 3906 1594 3961 omni
1623 3905 1780 3962 domo
1801 3921 1896 3961 sua
1918 3906 2187 3961 convertit
2234 3934 2235 3937 η

608 3994 675 4073 ad
720 3995 1047 4062 Dominum;
1092 4004 1149 4050 et
1202 4008 1386 4066 postea
1415 3996 1745 4052 Cavillonetn
1803 3991 2184 4069 [Cabillouetn]

606 4084 853 4165 veniens,
876 4101 905 4138 a
942 4083 1128 4141 Prisco
1157 4087 1386 4156 praeside
1436 4087 1621 4142 multis
1654 4090 1926 4144 cruciatus
1956 4098 2187 4144 tormen-

605 4176 697 4244 tis,
725 4185 959 4244 ercctus,
991 4177 1045 4234 in
1092 4186 1291 4235 terram
1319 4178 1690 4249 cingulotenus
1712 4178 1957 4235 defossus
2002 4189 2104 4246 est,
2133 4187 2188 4234 et

604 4250 685 4333 sic
724 4269 882 4325 tertia
911 4268 999 4325 die
1022 4269 1134 4325 Deo
1160 4269 1389 4325 reddidit
1415 4270 1672 4325 animam.

610 4418 619 4427 ,
678 4363 842 4420 Nonus
862 4363 1130 4421 SEPTEIIR.
1151 4394 1224 4405 —
1243 4365 1501 4421 Victorini
1528 4366 1781 4438 martyris
1800 4366 1857 4422 in
1879 4368 2189 4424 suburbano

605 4453 810 4511 Bomzc.
852 4455 953 4512 Hic
997 4471 1118 4513 cum
1168 4456 1338 4513 fratre
1383 4473 1482 4513 suo
1536 4457 1816 4525 Severino,
1873 4459 1974 4516 sub
2001 4469 2187 4517 mutua

604 4550 889 4629 charitatis
935 4551 1216 4629 servitute,
1247 4567 1353 4622 qua
1400 4550 1602 4608 diutius
1628 4553 1949 4610 alterutrum
1980 4553 2081 4609 sibi
2112 4553 2190 4608 fa-

604 4640 967 4709 mulabantur,
1012 4643 1249 4700 inrtanto
1297 4645 1513 4700 virtutis
1560 4658 1813 4717 provectu
1844 4646 2103 4712 excrevit,
2127 4656 2187 4703 ut

601 4741 726 4804 post
751 4742 1027 4803 erogatam
1052 4736 1377 4805 pauperibus
1408 4737 1785 4804 substantiam,
1821 4747 1940 4810 post
1969 4739 2183 4810 longam

602 4825 940 4892 servitutem,
969 4842 1077 4897 qua
1114 4828 1249 4883 alter
1273 4829 1425 4884 alteri
1459 4832 1632 4887 nudus
1677 4848 1741 4887 ac
1789 4832 1936 4887 solus
1960 4831 2186 4887 famula-

601 4915 796 4984 batur,
847 4921 1014 4975 eremi
1070 4936 1169 4991 pro
1224 4922 1334 4977 Deo
1386 4923 1728 4981 solitudinem
1790 4926 2176 4997 ingrederetur.

602 5006 845 5081 Cumque
872 5026 924 5065 In
955 5011 1057 5067 hac
1092 5013 1237 5067 omni
1286 5029 1343 5068 se
1371 5014 1627 5069 virtutum
1679 5018 1854 5071 studio
1880 5025 2181 5086 exerceret,

601 5115 732 5157 ecce
754 5103 963 5160 daemon
994 5105 1048 5161 in
1099 5104 1272 5161 forma
1323 5106 1570 5163 mulieris
1596 5117 1719 5163 ante
1745 5110 1943 5165 ostium
1975 5126 2035 5166 se
2062 5110 2186 5177 viri,

602 5190 907 5265 hujusmodi
962 5196 1191 5267 ejulatus
1237 5198 1514 5266 entittens,
1565 5201 1828 5272 projecit:
1884 5223 1901 5254 ι
1934 5203 2047 5259 Heu
2082 5220 2187 5273 me,

555 5350 559 5354 μ
602 5281 799 5354 inquit,
833 5287 1108 5354 miseram,
1147 5288 1299 5345 silvis
1335 5304 1655 5356 erroneam,
1689 5293 1926 5347 tenebris
1966 5310 2182 5365 vagam,

602 5373 794 5431 bestiis
831 5372 1231 5435 devorandatnl
1270 5381 1432 5451 Eripe
1479 5398 1583 5448 me,
1626 5382 1871 5453 quisquis
1918 5399 1976 5439 es
2028 5386 2187 5455 hujus

598 5465 708 5541 loci
734 5468 922 5534 incola,
951 5471 1076 5541 quia
1100 5473 1147 5527 si
1169 5473 1375 5529 victura
1423 5491 1559 5534 sum.
1596 5485 1743 5530 tuum
1773 5476 1892 5533 erit.
1929 5476 1972 5530 si
2019 5477 2184 5531 mori-

606 5567 751 5624 tura,
781 5567 951 5615 tuum.
982 5579 1001 5612 ι
1039 5561 1164 5618 Haec
1202 5571 1255 5618 et
1300 5563 1403 5618 alia
1446 5565 1833 5621 miserabiliora
1866 5565 2180 5621 vociferanti

598 5649 918 5712 ,Victorinus
942 5654 1114 5722 aperit
1132 5652 1376 5723 januam.
1404 5655 1531 5712 Post
1570 5659 1857 5723 modicum,
1888 5660 2030 5714 inter
2048 5659 2184 5714 alios

604 5752 789 5801 motus
833 5745 1098 5816 corporis,
1132 5747 1322 5817 pedem
1352 5749 1527 5821 imago
1572 5753 1865 5822 protendit,
1912 5754 2184 5808 hominem

610 5831 708 5905 Dei
761 5837 951 5909 tetigit,
1012 5839 1234 5907 noxium
1280 5841 1518 5900 calorem
1566 5843 1814 5918 incussit,
1863 5847 2187 5917 vulneravit,

2293 3351 2652 3425 apostolorum
2682 3354 2947 3426 discipuli.

2360 3447 2515 3518 Apud
2562 3447 2800 3503 Africam
2851 3449 3047 3509 natalis
3077 3457 3386 3505 sanctorum
3424 3443 3732 3501 confcssorum
3753 3446 3787 3489 et

2292 3539 2661 3609 episcoporum
2714 3539 3017 3604 Donatiani,
3070 3537 3350 3603 Praesidii,
3410 3532 3659 3597 Mansueti,
3693 3525 3786 3582 Ger-

2292 3631 2458 3695 mani,
2492 3630 2730 3697 Fusculi,
2782 3631 2874 3702 qui
2923 3629 3304 3701 persecutione
3345 3624 3645 3686 Wantlalica,
3679 3618 3785 3686 lUSS“

2292 3722 2522 3781 Hunnlci
2557 3722 2897 3797 [llunnerici]
2924 3724 3067 3794 regis
3092 3723 3303 3789 Ariani,
3335 3718 3600 3777 crudeliter
3619 3710 3786 3767 fustibus

2291 3818 2439 3885 caesi,
2464 3817 2651 3873 exsilio
2682 3816 2917 3873 damnati
2948 3824 3092 3871 sunt.
3122 3814 3272 3871 Inter
3299 3829 3430 3885 quos
3459 3811 3603 3867 etiam
3640 3803 3788 3875 episco-

2293 3924 2414 3982 pus,
2445 3909 2662 3964 nominc
2692 3908 2894 3974 Lictus,
2928 3907 3178 3964 incendio
3208 3914 3547 3975 consumptus
3580 3907 3664 3954 est.
3685 3893 3787 3947 Τυηε

2294 3997 2439 4054 idem
2468 4008 2725 4070 tyrannus
2769 4015 2872 4053 una
2903 3998 2989 4055 die
3031 3998 3314 4054 universas
3351 3995 3534 4051 Africae
3557 3986 3710 4047 clausit
3730 3997 3787 4035 ce

2295 4091 2519 4158 clesias,
2571 4106 2893 4162 onmemque
2937 4092 3314 4162 episcoporum
3369 4083 3681 4146 substantiam
3715 4073 3790 4131 suis

2293 4185 2559 4257 episcopis
2584 4184 2930 4241 condonavit.

2367 4275 2460 4334 VII
2487 4265 2579 4343 ,ln‘.
2628 4275 2897 4333 Serrana.
2922 4306 2997 4317 —
3023 4277 3174 4349 Apud
3211 4274 3561 4332 Nicomediam
3604 4264 3789 4324 nativitas

2296 4373 2467 4430 sancti
2494 4371 2734 4439 Joannis,
2766 4373 3061 4438 nobilitate,
3093 4374 3302 4429 honore
3328 4389 3391 4429 ac
3416 4367 3577 4427 saeculi
3599 4361 3792 4436 dignitate

2297 4466 2539 4521 illustris.
2570 4465 2670 4533 Qui
2716 4466 2816 4520 sub
2843 4465 3171 4520 Maximiano
3220 4474 3275 4521 et
3325 4461 3626 4520 Diocletiano
3650 4455 3790 4508 librum

2297 4560 2475 4630 impiae
2522 4560 2655 4631 legis
2687 4575 2894 4623 eorum,
2946 4558 3069 4613 fidei
3120 4556 3303 4615 calore
3347 4568 3628 4616 succensus,
3668 4548 3791 4613 inspe-

2295 4658 2479 4705 ctante
2513 4649 2728 4721 populo,
2771 4648 3077 4704 minutatim
3123 4648 3428 4718 discerpsit.
3472 4641 3605 4713 Quod
3646 4646 3790 4704 cogno-

2294 4747 2514 4796 scentes
2544 4739 2781 4812 tyranni,
2821 4738 2969 4794 omni
3003 4754 3126 4793 eum
3171 4737 3501 4795 crudelitatis
3527 4741 3692 4805 genere
3712 4724 3792 4793 jus-

2292 4840 2480 4889 serunt
2519 4831 2778 4901 torqueri.
2811 4830 2919 4887 Sed
2961 4830 3248 4888 carnifices
3295 4843 3462 4900 usque
3489 4826 3600 4898 dpm
3638 4819 3790 4874 viscera

2294 4925 2411 4996 ejus
2444 4923 2790 4990 defecissent,
2818 4923 2873 4979 in
2903 4932 3151 4979 sanctum
3194 4932 3483 4995 martyrem
3506 4918 3724 4973 furentes,
3746 4915 3791 4958 ιιθ

2295 5018 2505 5075 tristem
2527 5017 2742 5087 quidem
2761 5031 2885 5072 eum
2908 5016 3083 5088 poenis
3105 5013 3317 5072 edicere
3339 5016 3621 5085 potuerunt.
3671 5092 3680 5095 _
3725 5087 3736 5095 _
3763 5084 3772 5095 .

2368 5108 2433 5164 VI
2458 5107 2533 5164 In.
2560 5106 2832 5164 Serrana.
2860 5135 2934 5148 —
2959 5106 3226 5163 Nativitas
3259 5116 3456 5162 sanctae
3474 5099 3558 5158 Dei
3583 5087 3793 5169 genitricis

2292 5197 2495 5253 Marim.

2362 5290 2564 5346 Eodem
2595 5290 2683 5347 die
2707 5289 2847 5360 apud
2886 5288 3252 5346 Nicomediam
3281 5285 3450 5343 sancti
3475 5273 3668 5337 Adriani
3687 5280 3791 5325 mar—

2293 5384 2430 5456 tyris
2474 5398 2596 5441 cum
2627 5383 2749 5438 aliis
2787 5382 2975 5455 viginti
3031 5382 3217 5438 tribus.
3268 5380 3498 5448 Quorum
3529 5361 3793 5459 passio-list

2291 5453 2490 5545 ubique
2540 5475 2724 5530 habita
2778 5453 3071 5539 lectitetur,
3121 5471 3323 5541 aliquid
3374 5480 3541 5524 tamen
3575 5453 3794 5551 brevitatis

2291 5567 2424 5623 mihi
2481 5584 2645 5624 causa
2700 5568 2766 5623 de
2806 5568 2890 5623 his
2941 5564 3347 5622 memorandum
3396 5560 3606 5616 videtur.

2293 5660 2467 5716 simus
2494 5659 2654 5729 igitur
2684 5668 2891 5729 martyr
2915 5658 3182 5714 Adrianus
3206 5651 3526 5727 temporibus
3548 5639 3792 5730 Maximiani

2292 5752 2446 5823 prior
2470 5750 2629 5806 olIicii
2679 5762 2817 5806 erat.
2855 5749 2957 5818 Qui
3002 5764 3228 5805 cernens
3255 5761 3413 5816 quam
3455 5738 3604 5797 multa
3645 5721 3796 5823 ευριξιιο

2250 5920 2257 5923 Α
2292 5814 2504 5905 ciorum
2532 5845 2729 5902 acerba
2753 5814 2927 5902 sancti
2968 5843 3062 5902 Dei
3092 5814 3422 5917 paterentur,
3454 5827 3654 5906 inquirit
3683 5814 3796 5888 cal“

2218 4607 2269 4668 D
