3956 5550
67 242 241 301 1149

1068 246 1689 306 MARTYROLOGIUM.
1726 277 1796 290 -ι
1838 247 2038 307 MENS.
2086 251 2417 309 SEPTEMB.

3239 257 3378 311 Μειο

67 355 377 411 mercedis
404 355 577 426 gratia
604 356 729 411 talia
761 356 1020 413 facerent.
1065 357 1166 424 Qui
1209 374 1329 413 cum
1360 359 1545 429 viginti
1580 369 1690 416 tres
1718 363 1767 421 A
1798 360 2105 419 nullatenus
2149 379 2180 419 a
2223 365 2412 421 bestiis
2470 364 2824 431 laederentur,
2878 364 3097 423 Priscus
3150 382 3381 438 procon-

67 459 379 519 martyres
421 452 488 505 ob
518 450 896 509 indefectivam
927 462 981 506 et
1008 453 1424 509 iuenarrabilem
1455 454 1695 510 caelestis
1732 471 1758 494 ο
1794 452 1889 515 sui,
1927 454 2045 509 illos
2086 457 2422 514 concremari
2472 458 2711 514 decernit
2744 477 2757 511 ε
2790 458 2995 515 interea
3039 458 3271 515 orationi
3302 460 3378 514 in-

67 542 254 610 regni
306 542 699 611 jocunditatem
746 546 1063 617 martyrium
1108 561 1166 599 se
1222 546 1366 602 ferre
1408 547 1691 615 dixissent,

67 632 242 688 illico
277 634 558 700 assiliens,
591 636 740 691 stetit
777 635 830 689 in
872 635 1046 690 medio
1070 652 1282 703 eorum,
1312 647 1366 693 et
1405 640 1693 696 adnotatus

68 737 161 779 est
204 727 364 782 inter
396 726 734 784 conlessores
761 738 816 784 et
845 729 1075 785 athletas
1106 731 1220 785 Dei.
1243 730 1481 786 Audiens
1524 732 1691 787 Maxi-

67 817 318 885 mianus
344 816 484 875 inter
507 819 722 872 nomina
752 829 1062 875 sanctorum
1106 820 1401 875 Adrianum
1447 822 1689 889 recitari,

82 906 250 959 ussi‘t
288 924 432 971 eum,
470 909 611 963 l'erro
656 910 917 975 vinctum,
958 926 1081 965 cum
1125 911 1344 981 reliquis
1387 913 1589 967 sanctis
1622 913 1689 968 ad

68 1014 375 1055 rarcerem
405 1002 663 1069 pertrahi.
688 1001 823 1057 Erat
854 1012 1031 1057 autem
1065 1003 1177 1071 ipse
1205 1018 1466 1057 annorum
1499 1002 1687 1073 viginti

68 1104 311 1144 aovcm.
359 1090 510 1158 Quod
557 1093 783 1148 audiens
833 1109 967 1149 uxor
1003 1095 1139 1165 ejus,
1191 1095 1408 1161 nomine
1456 1095 1685 1163 Natalia,

68 1184 584 1251 Cltristiauissinta,
613 1189 808 1259 gaudio
836 1191 991 1259 plena
1022 1193 1262 1257 cucurrit
1290 1193 1355 1247 ad
1386 1208 1684 1260 carcerem,

68 1287 115 1331 τι
164 1277 329 1332 inter
359 1281 521 1333 multa
560 1282 919 1345 hortamenta,
969 1286 1228 1340 suadebat
1268 1286 1317 1341 ei
1358 1304 1422 1341 ne
1467 1297 1688 1357 propter

68 1370 332 1439 aliquam
393 1383 619 1429 terrenae
682 1376 961 1445 dignitatis
1009 1378 1275 1448 gloriam,
1327 1390 1421 1434 aut
1469 1390 1687 1450 propter

68 1477 262 1527 nmine
317 1474 521 1519 metum
577 1467 907 1523 imminentis
958 1473 1237 1533 consortio
1284 1487 1341 1526 se
1386 1484 1683 1544 martyrum

67 1554 459 1611 subtraheret.
507 1557 607 1623 Qui
639 1559 805 1613 iratus
836 1570 1026 1615 contra
1057 1554 1377 1627 Adrianum,
1426 1573 1532 1617 tam
1564 1579 1685 1619 cru-

68 1647 278 1701 .lelitcr
302 1665 428 1702 eum
452 1651 582 1702 credi
613 1652 893 1722 pra'cepit,
926 1660 983 1705 ut
1031 1655 1232 1722 apertis
1278 1655 1443 1710 costis
1472 1655 1679 1711 viscera

1796 549 2111 606 cumbentcs
2158 552 2284 609 dato
2334 554 2433 608 sibi
2484 553 2633 622 pacis
2678 552 2891 617 osculo,
2943 554 3189 623 spiritum
3243 552 3379 607 emi-

1790 651 1999 709 serunt.

1864 734 1927 787 lll
1982 734 2057 790 lo.
2111 736 2750 795 Sensum—Nativitas
2811 751 3121 795 sanctorum
3180 750 3378 811 marty-

1793 841 1911 882 rum
1952 829 2147 886 Felicis
2185 843 2237 887 et
2278 832 2493 902 Regula:
2538 835 2740 888 sororis
2778 832 2909 900 ejus.
2953 834 3189 900 Quorum
3228 832 3376 885 festio

1795 920 1930 976 vitas
1978 925 2101 993 quia
2146 925 2403 979 solemnis
2454 926 2592 995 apud
2661 942 2757 981 nos
2807 936 3119 987 veneratur,
3176 925 3377 992 passio-

1790 1021 1983 1090 nisque
2030 1035 2215 1073 eorum
2270 1019 2599 1085 censeriptio
2648 1017 2890 1085 pluribus
2940 1026 3061 1071 nota
3112 1017 3375 1077 habetur,

1788 1114 2005 1185 scriptis
2047 1113 2406 1182 superaddere
2449 1112 2678 1181 scripta.
2733 1127 2836 1164 non
2886 1126 3023 1178 opus
3076 1109 3201 1163 mihi
3258 1121 3377 1163 esse

1788 1206 2019 1261 videtur.
2054 1205 2165 1260 Hoc
2220 1212 2424 1259 tantum
2470 1205 2649 1257 dicere
2683 1203 2909 1257 suﬁiciat
2962 1202 3099 1271 quod
3139 1198 3373 1270 praedicti

1787 1308 2086 1368 martyres,
2136 1295 2200 1349 de
2244 1295 2515 1348 consortio
2561 1294 2789 1348 Mauritii
2823 1304 2873 1347 et
2920 1292 3187 1346 sociorum
3233 1288 3374 1357 ejus,

1784 1405 1883 1458 per
1937 1398 2086 1444 vasta
2143 1386 2346 1451 eremi,
2401 1400 2519 1455 qua)
2575 1384 2786 1437 Darona
2845 1391 3100 1445 vocatur,
3156 1380 3375 1433 tenden-

1788 1488 1900 1541 tes,
1956 1479 2005 1531 in
2060 1489 2242 1548 partes
2290 1474 2594 1530 Germaniae
2642 1475 3003 1536 devenerunt,
3054 1483 3107 1525 et
3157 1472 3206 1524 in
3240 1485 3373 1540 quo-

1787 1574 1909 1629 dam
1960 1572 2075 1628 loco
2101 1572 2254 1642 juxta
2305 1569 2522 1626 ﬂuvium
2571 1569 2941 1624 Lindimacum
2994 1566 3369 1627 subsistentes,

1785 1666 1980 1736 vigiliis
2026 1664 2383 1735 precibusque
2414 1677 2533 1719 cum
2581 1661 2725 1715 omni
2772 1659 2987 1729 pietatis
3032 1658 3209 1711 studio
3240 1672 3369 1725 ope-

68 1750 438 1807 ipparerent.
472 1740 701 1796 Rursum
735 1743 1003 1798 cumaliis
1034 1745 1384 1801 incarcerem
1423 1748 1673 1802 truditur.
1706 1739 1753 1798 B
1783 1773 1895 1811 mm
1948 1758 2167 1811 damni,
2234 1756 2365 1808 Dum
2423 1753 2536 1807 haec
2586 1768 2613 1805 ει
2668 1749 3026 1805 sunttliSSimiS
3080 1760 3371 1817 agerentur
3427 1810 3430 1812 γ

68 1832 287 1898 Quibus
315 1835 516 1899 denuo,
571 1838 904 1905 consumptis
954 1852 1088 1907 pene
1132 1839 1410 1902 carnibus,
1442 1839 1673 1905 eductis,

73 1941 281 1979 usstttn
314 1934 399 1980 est
423 1936 479 1981 ut
502 1936 654 1995 vecte
704 1944 896 1998 magno
937 1928 1111 1983 ferreo
1145 1930 1287 1985 tibia:
1329 1948 1511 1985 eormn
1541 1948 1672 1987 con-

67 2017 469 2087 ‘ringerentur.
503 2017 807 2074 Contractis
853 2036 981 2089 ergo
1009 2022 1259 2076 cruribus
1290 2023 1546 2085 omnium,
1585 2040 1675 2092 pe-

71 2106 348 2175 libusuue
387 2107 592 2172 incisis,
619 2110 780 2163 etiam
806 2125 997 2164 manus
1034 2112 1270 2165 Adriano
1301 2113 1534 2167 abscissa
1568 2123 1669 2167 est.

68 2200 279 2266 )uibus
314 2200 390 2255 ita
435 2202 652 2257 Christo
709 2204 1063 2268 transmissis,
1115 2204 1322 2259 Natalia
1357 2206 1669 2276 Byzantium

70 2293 360 2361 navigans,
410 2308 517 2361 quo
559 2304 873 2349 sanctorum
915 2296 1089 2350 delata
1142 2308 1268 2350 sunt
1311 2312 1563 2367 corpora,
1615 2308 1671 2353 et

70 2401 169 2456 psa
206 2396 338 2455 post
363 2386 568 2456 aliquot
598 2389 713 2443 dies
744 2389 1074 2444 obdormivit
1104 2390 1155 2445 in
1188 2390 1433 2445 Domino.

122 2478 167 2533 V
207 2478 292 2533 lo.
334 2478 680 2534 Sensum—
705 2480 890 2536 Passio
911 2491 1217 2537 sanctorum
1243 2494 1539 2554 martyrum
1566 2484 1669 2539 Do-

68 2571 234 2624 -othci
295 2578 357 2625 et
410 2571 666 2641 Gorgonii
699 2573 837 2642 apud
896 2572 1296 2639 Nicomediam,
1328 2576 1427 2629 sub
1460 2575 1668 2630 Diocle-

73 2664 203 2718 iano
236 2665 593 2735 imperatore.
624 2665 686 2720 Hi
733 2666 1031 2723 ciliciorum
1082 2684 1201 2738 quia
1232 2670 1372 2724 intra
1407 2669 1662 2740 palatium

68 2756 502 2821 -xhibebantur,
550 2760 795 2828 magistri
842 2770 1029 2824 erant,
1082 2770 1134 2816 et
1178 2762 1409 2818 cubiculi
1469 2764 1663 2832 regalis

67 2851 362 2919 irrepositi.
429 2851 529 2918 Qui
581 2851 904 2909 Christianae
962 2855 1082 2910 ﬁdei
1148 2866 1475 2917 sectatores.
1540 2874 1662 2913 cum

67 2943 131 2996 lie
174 2944 426 3012 quadam
471 2943 705 3013 aliquem
754 2946 1001 3004 viderent
1052 2958 1344 3019 martyrem
1387 2949 1662 3019 suppliciis

67 3036 377 3090 :nmaniler
426 3036 698 3095 lacerari:
741 3056 759 3089 ι
807 3039 948 3105 Cur,
1006 3042 1188 3105 aiunt,
1244 3043 1569 3111 imperator,
1604 3044 1656 3099 in

1780 1849 2085 1920 germanis,
2126 1848 2318 1901 adsunt
2364 1844 2537 1898 mmtii
2587 1846 2653 1896 ab
2688 1842 3005 1911 impiissimo
3047 1839 3370 1897 Maximiano

1777 1944 2001 2008 directi,
2052 1952 2110 1996 ut
2157 1952 2370 1997 sanetos
2418 1939 2508 1993 Dei
2561 1937 2640 1991 vel
2689 1936 2844 1991 idolis
2885 1936 3191 1988 sacriﬁcare
3222 1949 3369 1986 com-

1776 2035 2072 2105 pellerent,
2128 2033 2210 2087 vel
2280 2030 2565 2085 tormentis
2618 2044 2711 2083 eos
2779 2027 2941 2081 variis
3006 2025 3194 2095 punire
3261 2038 3364 2077 non

1777 2125 2072 2183 differrent.
2133 2123 2279 2178 Beati
2340 2122 2501 2193 igitur
2565 2131 2833 2189 martyres
2888 2116 3167 2186 sacrilegis
3228 2115 3363 2185 peti-

1776 2219 2011 2275 tionibus
2066 2217 2383 2271 ﬁducialitcr
2442 2215 2784 2271 resistentes.
2842 2212 3122 2279 sociosque
3154 2226 3210 2263 se
3242 2226 3365 2261 sati-

1771 2320 1979 2366 ctorum
2047 2309 2314 2371 Mauritii,
2368 2307 2654 2376 Exuperii,
2721 2304 2943 2357 Candidi
3011 2320 3073 2356 ac
3127 2300 3361 2355 Victoris

1771 2403 2119 2465 conﬁtentes,
2173 2402 2225 2454 in
2274 2398 2474 2454 ferreas
2531 2406 2677 2451 rotas
2733 2396 2854 2465 igne
2902 2394 3195 2447 candentes
3244 2391 3364 2445 alli-

1769 2506 1994 2566 gantur,
2049 2504 2100 2548 et
2152 2490 2511 2547 ineifabilibus
2566 2489 2786 2557 insuper
2840 2484 3121 2540 tormentis
3172 2498 3362 2537 excru-

1769 2590 2002 2643 ciantur.
2071 2586 2146 2639 Ac
2200 2582 2511 2640 beatissima
2560 2580 2761 2649 Regula
2826 2594 2987 2647 super
3052 2576 3346 2630 ferventem

1768 2684 1942 2754 picem
1991 2679 2239 2750 imposita
2289 2688 2405 2741 est,
2457 2675 2542 2730 cui
2590 2674 2754 2729 etiam
2805 2671 3033 2724 lmllieus
3081 2668 3358 2737 plumbum

1766 2781 1831 2834 ad
1882 2777 2174 2848 potandum
2206 2789 2234 2827 a
2263 2771 2517 2827 carniﬁce
2545 2762 2660 2823 dari
2701 2777 2780 2822 est
2811 2773 3155 2837 prmcclittnn.
3194 2763 3357 2815 (Ium-

1765 2886 1869 2939 que
1922 2868 2081 2921 nullis
2150 2864 2531 2934 suppliciorum
2601 2858 2991 2915 acerbitatibus
3053 2872 3080 2906 a
3137 2853 3355 2908 (lbi-isto

1765 2964 1940 3019 divelli
1993 2961 2333 3031 potuissent,
2374 2958 2524 3027 jussa
2571 2962 2697 3008 sunt
2726 2953 2803 3006 eis
2853 2950 3029 3018 capita
3061 2945 3349 3016 amputari.

1763 3054 1880 3121 Quo
1923 3053 2094 3115 l‘acto,
2136 3048 2367 3103 truncati
2417 3056 2683 3116 martyres
2727 3041 2969 3095 abscissa
3018 3038 3192 3108 capita
3243 3036 3354 3090 suis

67 3143 147 3182 ioc
199 3129 589 3199 persequeris).
638 3130 792 3199 Cl'j'IS
843 3146 942 3186 “08
985 3148 1199 3202 quoque
1250 3133 1487 3190 ουηοτθδ
1538 3136 1652 3190 (ξιί-
1684 3119 1728 3181 C
1762 3119 2012 3200 manibus
2058 3140 2357 3209 bajulautes
2399 3154 2428 3191 a
2476 3137 2592 3191 loco
2635 3134 2723 3187 ubi
2764 3131 3009 3187 decollati
3047 3136 3172 3184 sunt
3200 3126 3353 3182 cubi-

68 3221 286 3277 rtimus?
329 3239 347 3273 ι
382 3219 528 3287 Quos
588 3221 675 3277 ille
730 3222 781 3276 in
840 3224 1073 3278 medium
1125 3241 1448 3290 accersens,
1492 3224 1655 3293 jussit

68 3312 320 3382 :ppendi,
379 3312 558 3382 ﬂagris
610 3313 834 3379 laniari,
897 3316 1007 3370 sale
1062 3326 1115 3372 et
1168 3328 1323 3372 aceto
1368 3319 1652 3388 profundi,

67 3421 109 3459 lC
158 3406 365 3463 deinde
395 3406 1028 3476 craticulaetorqucndos
1072 3411 1307 3480 imponi,
1338 3419 1391 3468 et
1423 3412 1488 3468 ad
1526 3412 1654 3469 ulti-

68 3514 197 3551 num
252 3497 451 3567 laqueo
503 3514 793 3568 suspensos
834 3501 1180 3572 strangulari.

116 3588 174 3642 lu
229 3587 489 3653 Sabinis,
533 3589 783 3645 milliario
825 3592 891 3644 ab
927 3591 1072 3647 Urbe
1122 3594 1423 3659 tricesimo,
1458 3596 1652 3653 natalis

68 3688 372 3735 auctorum
430 3678 750 3750 Hyacinthi,
801 3681 1128 3748 Alexandri,
1172 3685 1399 3742 Tiburtii
1448 3698 1655 3759 marty-

68 3789 193 3827 'UIII.

114 3864 327 3919 Eodem
370 3864 456 3919 die
507 3863 678 3935 Sergii
724 3880 904 3935 papae,
953 3884 1040 3936 qui
1075 3868 1215 3923 sedit
1262 3868 1445 3925 Romae
1489 3870 1648 3926 annis

69 3958 333 4011 redecim.
388 3957 486 4011 llic
526 3958 728 4012 invenit
774 3959 922 4014 mira:
966 3961 1350 4030 magnitudinis
1394 3965 1458 4019 de
1487 3978 1648 4021 cruce

68 4050 250 4105 ihristi
295 4050 596 4116 portionem
634 4050 685 4105 in
715 4052 855 4107 beati
910 4052 1054 4108 Petri
1084 4056 1344 4109 sacrario.
1382 4056 1499 4112 illic
1529 4065 1645 4117 sta-

67 4142 142 4194 uit
174 4140 231 4193 in
282 4148 522 4208 tempore
555 4140 831 4197 fractionis
876 4145 1139 4200 Dominiei
1178 4148 1422 4218 corporis
1462 4148 1643 4219 Agnus

67 4232 137 4283 lci
191 4229 442 4291 cantari;
492 4238 547 4285 et
595 4242 654 4285 ut
685 4233 874 4288 diebus
915 4238 1342 4309 annuntiationis
1395 4239 1639 4307 Domini,

70 4320 390 4376 ormitionis
432 4336 494 4377 ac
540 4324 837 4378 nativitatis
889 4336 1089 4381 sancta:
1142 4329 1322 4384 Maria:
1363 4341 1418 4386 et
1464 4332 1521 4385 S.
1557 4332 1641 4387 Si-

68 4412 277 4475 Iconis,
344 4414 485 4484 quod
528 4413 838 4484 ‘Hypapanti
903 4416 1091 4471 Griece
1151 4418 1384 4485 dicitur,
1438 4421 1639 4477 litania:

67 4513 227 4558 teant
268 4519 297 4557 a
357 4504 413 4560 S.
444 4508 714 4571 Adriano,
768 4517 823 4562 et
860 4509 929 4565 ad
979 4518 1223 4565 sanctam
1273 4511 1496 4568 Mariam
1536 4530 1627 4583 po-

68 4598 189 4653 ulus
210 4610 495 4654 occurrat.

1764 3238 1829 3291 tis
1880 3233 2270 3306 quinquaginta
2328 3230 2764 3299 deportaverunt.

1831 3328 2030 3381 Eodem
2062 3326 2147 3378 die
2186 3324 2269 3376 via
2304 3320 2508 3375 Salaria
2530 3360 2544 3384 ,
2585 3315 2895 3372 cmmcterio
2934 3312 3171 3375 Basillae,
3204 3307 3349 3365 Proti

1756 3430 1813 3476 et
1859 3417 2139 3490 Hyacinthi
2179 3424 2511 3485 martyrum,
2566 3410 2655 3479 qui
2707 3416 2861 3462 erant
2909 3404 3138 3459 eunuchi
3178 3401 3350 3457 beatae

1756 3512 2008 3579 Eugeuize
2075 3506 2313 3578 virginis.
2397 3504 2495 3570 Qui
2563 3502 2838 3570 aliquanto
2914 3507 3150 3565 tempore
3208 3491 3348 3561 apud

1754 3608 2021 3677 Egyptum
2070 3603 2121 3656 in
2164 3598 2491 3655 monasterio
2535 3609 2814 3650 servorum
2870 3590 2959 3645 Dei
3011 3584 3346 3689 conversati,

1753 3696 1947 3752 deinde
2005 3709 2127 3749 cum
2186 3691 2497 3745 beatissima
2554 3687 2761 3756 virgine
2819 3683 3041 3737 Ruinam
3100 3683 3345 3741 reversi,

1752 3789 1854 3843 sub
1880 3786 2123 3842 Gallieno
2170 3783 2493 3852 imperatore
2537 3794 2632 3849 pro
2658 3778 2776 3831 ,ﬁde
2811 3773 3008 3832 Christi
3059 3769 3347 3826 durissime

1751 3883 2133 3944 verberantur,
2191 3893 2253 3930 ac
2306 3874 2499 3929 deinde
2538 3872 2742 3942 pariter
2796 3868 3149 3924 decollantur.
3192 3866 3341 3930 Quo-

1749 3974 1909 4030 modo
1960 3987 2088 4027 vero
2138 3972 2293 4024 beata
2341 3966 2575 4037 Eugenia
2629 3974 2849 4035 propter
2907 3953 3348 4017 Dettnrmascu-

1745 4066 1856 4121 lum
1918 4079 1977 4119 se
2022 4061 2284 4118 simulans
2326 4059 2490 4112 vitam
2536 4055 2936 4123 sanctissimam
2987 4050 3235 4112 duxerit,
3281 4062 3344 4105 ac

1744 4172 1775 4211 a
1822 4154 2008 4210 Niceto
2048 4150 2303 4221 praefecto
2350 4150 2594 4211 detenta,
2649 4145 2998 4203 simulacrum
3044 4141 3225 4197 Diana:
3287 4138 3340 4193 iu

1744 4249 2016 4321 pulverem
2050 4243 2256 4298 orando
2300 4240 2595 4309 redegerit,
2636 4238 2867 4308 qualiter
2896 4235 3060 4288 etiam
3100 4228 3339 4321 scapulis

1745 4320 1862 4410 ejus
1916 4338 2117 4408 ingenti
2176 4350 2306 4390 saxo
2366 4333 2622 4392 astricto,
2682 4331 2733 4383 in
2792 4327 3027 4383 Tiberim
3094 4320 3340 4393 prmcipi-

1748 4443 1852 4491 tata
1899 4431 2171 4500 passionis
2216 4442 2326 4484 suae
2375 4424 2725 4494 COlltpicVel‘il.
2768 4436 3024 4492 agonem,
3073 4415 3209 4472 liber
3232 4414 3340 4473 Ge-

1743 4536 1948 4580 storum
1996 4522 2112 4593 ejus
2152 4520 2480 4575 sutiicieutcr
2526 4517 2769 4586 exponit.

1815 4616 1853 4670 ll
1920 4615 1989 4668 ln.
2048 4608 2588 4678 Serrana—Apud
2644 4607 2830 4661 urbem
2883 4602 3158 4663 Ticinum,
3214 4614 3339 4669 quin

105 4692 169 4745 Ν
219 4692 301 4747 In.
360 4692 900 4765 Serreun.—~Apud
965 4695 1201 4751 Africam
1254 4698 1449 4754 natalis
1503 4714 1634 4755 san-

70 4794 250 4839 torum
282 4787 659 4856 episcoporum
692 4789 1031 4852 Nemesiani,
1085 4790 1309 4855 Felicis,
1345 4791 1517 4847 Lucii.

104 4878 239 4932 Item
285 4879 511 4945 Felicis,
554 4882 759 4945 Littaﬁ,
805 4882 1059 4957 Polyani,
1112 4886 1377 4949 Victoris,
1416 4886 1629 4943 Jaderis

70 4980 88 5023 t
134 4971 334 5027 Dativi.
389 4974 489 5040 Qui
540 4976 640 5031 sub
692 4975 853 5033 Decio
903 4977 1191 5052 [Gallieno]
1235 4987 1288 5034 et
1339 4977 1629 5036 Valeriano

76 5078 132 5117 r0
190 5064 295 5120 ﬁde
350 5067 549 5122 Christi
603 5072 838 5139 graviter
890 5074 1120 5131 fustibus
1183 5075 1345 5140 caesi,
1408 5090 1625 5144 compe-

73 5156 193 5210 ihus
258 5158 455 5224 vincti,
519 5169 574 5214 et
636 5163 700 5214 ad
758 5162 1009 5223 fodienda
1065 5170 1283 5225 metalla
1345 5167 1620 5238 deputati,

70 5250 349 5317 inrtvrium
410 5264 941 5314 consummaverunt.

100 5336 298 5391 Eodem
352 5340 442 5393 die
490 5342 543 5395 in
593 5342 918 5407 Caleltidona
954 5352 1341 5426 [Chalcedone]
1380 5354 1480 5409 SS.
1515 5355 1618 5411 So-

67 5426 231 5482 lhenis
273 5440 327 5486 et
376 5429 608 5489 Victoris
632 5476 646 5499 ,
698 5440 786 5508 qui
837 5459 958 5500 cum
994 5446 1145 5501 beata
1183 5446 1481 5515 Euphemia
1519 5463 1616 5517 pro

76 5517 219 5550 ,ιτ-ςινίῖ
261 5522 403 5550 ..Λα-ξιξ

1738 4719 1793 4767 et
1839 4709 2034 4778 Papia,
2083 4716 2394 4762 sanctorum
2444 4701 2815 4756 conlessorum
2862 4695 2984 4768 Syri
3027 4701 3080 4751 et
3122 4690 3337 4763 Hyven-

1735 4803 1793 4856 tii
1842 4799 2276 4873 [JmeutiiLQui
2329 4812 2359 4849 a
2409 4795 2566 4848 beato
2618 4794 2947 4861 Hermagora
3000 4786 3335 4858 Aquileiensi

1734 4895 2021 4964 pontiﬁce,
2070 4890 2335 4963 discipulo
2375 4887 2515 4941 beati
2568 4887 2728 4943 Marci
2782 4879 3157 4951 evangelistae,
3208 4877 3339 4932 illnc

1740 4984 1965 5047 direCti,
2029 4998 2155 5053 post
2209 4980 2495 5041 continuas
2556 4976 3081 5039 instantissimasque
3142 4966 3346 5039 prtedi-

1735 5078 1982 5133 cationes
2040 5092 2108 5134 ac
2163 5075 2514 5154 plurimorum
2568 5068 2950 5127 miraculorum
3002 5060 3232 5114 virtutes
3282 5056 3345 5109 in

1732 5185 1864 5240 Pace
1908 5168 2259 5236 ‘l'lieverunt.

1798 5264 1874 5317 ln.
1929 5260 2223 5332 Sena“,
2246 5293 2325 5311 ..-
2348 5259 2493 5327 Apud
2537 5250 2910 5313 Alexandriam
2937 5242 3190 5316 Algypti,
3226 5237 3360 5293 Phi-

1726 5355 1853 5427 lippi
1911 5354 2180 5440 episcopi
2233 5371 2294 5419 ει
2351 5350 2624 5421 martyris.
2681 5346 2783 5416 Qui
2840 5334 3363 5440 primum-pmice-

1724 5461 1810 5507 tus
1858 5449 1993 5512 fuit,
2052 5434 2168 5521 se‘d
2208 5446 2438 5515 dcimle,
2490 5445 2668 5501 divina
2716 5437 2918 5496 ascitus
2973 5434 3187 5499 gratia.
3243 5434 3372 5521 rp"

2816 5544 2865 5550 --
2910 5531 3071 5550 ΑΙηιεΑ
3117 5520 3371 5550 l‘..l|:nnn

411 5538 475 5550 nn
518 5526 674 5550 ΛΑ..--
