4046 6468
577 389 712 445 1151

1484 326 1553 438 Β..
1587 381 1893 444 NOTKERI
1928 370 2227 438 BALBULI
2265 377 2326 436 S.
2365 375 2572 439 GALLI
2610 375 2921 436 MONACIII

3675 382 3786 445 1151

648 502 849 559 Eodem
898 501 985 558 die
1032 501 1207 557 sancti
1256 501 1451 558 Aniani
1512 501 1813 574 presbyteri
1861 509 1922 556 et
1958 499 2171 556 abbatis
2196 502 2249 563 Α
2274 485 2547 567 rotarum,
2598 509 2719 571 post
2771 500 2996 557 verbera
3047 509 3104 556 et
3150 502 3331 573 ignes,
3377 501 3687 580 lapidumque
3713 528 3785 569 an.

577 595 891 652 monasterii
935 596 1108 651 sancti
1153 594 1422 650 Romarici
1447 602 1471 659 ,‘
1505 595 1596 664 qui
1635 594 1785 650 mira!
1829 594 2170 650 abstinentia!

578 696 632 743 et
669 686 1065 743 anachoretica:
1101 688 1225 742 vita:
1274 685 1544 753 sectator,
1596 686 1857 742 illustrem
1897 684 2172 742 miraculis

578 787 633 834 ct
678 780 971 834 Virtutibus
1030 779 1257 833 duxerat
1303 779 1489 832 vitam.

650 869 814 924 XVIII
843 869 976 926 Kac.
1018 870 1220 926 Ocres.
1241 900 1311 909 —
1328 868 1514 925 Romae
1536 870 1588 925 in
1618 871 1932 927 cmmeterio
1954 868 2171 926 Callixti

580 961 780 1018 natalis
825 963 996 1017 sancti
1040 960 1275 1017 Cornelii
1316 956 1588 1032 episcopi,
1635 964 1726 1032 qui
1779 964 1878 1017 sub
1922 976 2166 1031 persecu-

581 1054 726 1108 tione
781 1052 1015 1108 Deciana
1062 1052 1442 1109 Centttntcellis
1484 1048 1682 1108 exsilio
1738 1054 2027 1123 deputatus
2067 1062 2172 1108 est.

579 1143 787 1216 Postea,
818 1144 983 1200 Decio
1017 1146 1325 1209 exhibitas,
1364 1162 1486 1202 cum
1527 1147 1673 1201 nullo
1703 1165 1731 1200 a
1769 1147 1875 1202 ﬁde
1908 1147 2174 1202 catholica

579 1249 763 1308 posset
808 1238 1054 1304 deﬂecti,
1102 1239 1287 1310 jussus
1333 1251 1417 1295 est
1463 1240 1714 1295 decollari
1750 1256 1764 1294 :
1798 1256 2028 1312 cumque
2072 1243 2176 1296 dn-

579 1341 830 1396 ceretur,
887 1343 1107 1402 rogatus
1144 1333 1380 1388 visitavit
1411 1349 1630 1390 uxorem
1683 1333 1868 1389 militis
1903 1336 2175 1401 Cerealis,

579 1438 701 1493 quae
731 1425 970 1495 quinque
997 1425 1152 1480 annis
1180 1426 1474 1496 pars-lytica
1514 1426 1736 1495 jacens,
1769 1438 1958 1480 orante
1989 1437 2176 1481 sancto

578 1516 866 1584 Cornelio,
913 1528 1093 1573 erecta
1145 1527 1200 1573 et
1251 1529 1437 1573 sanata
1490 1528 1590 1572 est.
1648 1519 1764 1584 Quo
1819 1520 1964 1582 viso,
2023 1517 2174 1573 multi

578 1608 836 1681 haptizati
887 1624 1044 1676 sunt,
1094 1620 1150 1666 et
1193 1626 1315 1666 cum
1373 1611 1529 1667 beato
1580 1611 1831 1667 Cornelio
1890 1612 2174 1677 trucidati,

578 1714 808 1756 numero
867 1701 1055 1772 viginti
1117 1710 1172 1756 et
1228 1717 1367 1757 unus
1421 1718 1435 1755 :
1486 1710 1542 1757 et
1594 1701 1834 1757 Cerealis
1892 1718 2017 1756 cum
2078 1718 2174 1758 sua

582 1802 751 1845 uxore
796 1787 1059 1863 ‘Salustia.

2270 594 2533 666 gularium
2563 596 2822 667 pondera,
2844 602 2967 667 post
2993 610 3213 652 secures
3238 606 3294 653 et
3317 600 3598 671 sartagines
3623 604 3785 677 igneas,

2271 685 2324 740 in
2362 686 2631 742 theatrum
2680 687 2925 751 ducitur,
2990 702 3055 743 ac
3103 687 3348 744 leonibus
3398 696 3451 745 et
3485 690 3650 749 bestiis
3684 697 3787 769 obji-

2270 776 2432 831 citur.
2490 775 2643 832 Tunc
2690 776 2848 833 beata
2901 778 3106 849 virgine
3156 787 3348 834 orante
3402 794 3501 835 una
3548 781 3787 843 bestiarum

2272 868 2532 933 accessit,
2581 883 2928 938 morsumque
2980 877 3169 925 sancto
3220 869 3339 941 ejus
3380 871 3579 941 corpori
3619 871 3787 944 inﬁxit,

2272 968 2326 1016 et
2367 960 2438 1015 ita
2488 945 2675 1016 sancta
2704 960 2822 1016 ‘Dei
2873 960 3109 1015 animam
3154 961 3356 1016 emisit.
3400 986 3403 991 -

2274 1078 2283 1084 -
2347 1051 2545 1108 Eodem
2593 1052 2679 1108 die
2732 1051 2920 1133 Roma;
2968 1060 3168 1108 sancta:
3218 1051 3398 1108 Luciae
3427 1062 3481 1109 et
3522 1053 3785 1117 Geminiani.

2275 1144 2404 1213 Qum
2459 1144 2613 1200 beata
2668 1143 2917 1200 videlicet
2974 1143 3141 1200 Lucia
3182 1146 3312 1201 cum
3373 1146 3580 1218 triginta
3632 1159 3678 1205 et
3718 1166 3789 1208 sex

2273 1238 2431 1293 annis
2473 1237 2526 1292 in
2556 1224 2821 1292 laudabili
2860 1237 3174 1306 virginitate
3229 1237 3343 1294 Deo
3388 1228 3641 1307 serviret,
3670 1257 3790 1299 aecu-

2276 1335 2391 1382 sata
2439 1336 2521 1383 est
2558 1344 2587 1383 a
2634 1327 2743 1383 lilio
2775 1343 2875 1383 suo
2915 1328 3214 1400 Euprepio,
3266 1337 3323 1385 et
3368 1340 3543 1386 coacta
3585 1341 3636 1387 ut
3675 1334 3789 1391 idolis

2276 1419 2652 1486 sacriﬁcaret,
2684 1421 3011 1492 imperatore
3047 1421 3409 1487 Diocletiano,
3431 1423 3668 1493 judicibus
3685 1425 3789 1497 Apo-

2275 1512 2441 1567 frasio
2491 1521 2546 1568 et
2586 1509 2842 1593 biegaSio.
2892 1515 3043 1583 Quod
3090 1513 3273 1570 facere
3321 1523 3673 1583 contemnens,
3700 1525 3788 1587 post

2276 1617 2548 1659 carcerem
2595 1614 2650 1660 et
2687 1606 2983 1661 saevissima
3014 1607 3248 1662 verbera
3290 1607 3450 1662 missa
3485 1617 3565 1663 est
3601 1607 3646 1663 in
3670 1607 3787 1663 ollam

2232 1776 2237 1779 Α
2277 1694 2396 1765 pice
2451 1704 2506 1751 et
2560 1696 2779 1766 plumbo
2831 1696 3167 1766 ferventem;
3225 1699 3292 1755 de
3340 1688 3441 1772 qua
3496 1699 3640 1756 illaesa
3677 1714 3791 1773 egre-

2234 1814 2239 1823 -
2277 1787 2462 1852 tliells,
2514 1799 2738 1845 onerata
2792 1788 2940 1846 ferro
2981 1800 3035 1847 et
3087 1790 3309 1862 plumbo
3359 1805 3455 1863 per
3500 1791 3677 1863 plateas
3713 1802 3790 1847 tra-

651 1879 854 1936 Eodem
889 1881 977 1938 die
1019 1883 1158 1952 apud
1196 1883 1434 1939 Africam
1479 1884 1621 1939 beati
1648 1884 1905 1956 Cypriani
1935 1885 2173 1956 episcopi
2207 1872 2251 1932 Β
2278 1880 2424 1935 hitur
2454 1874 2742 1948 civitatis,
2800 1890 2857 1938 et
2904 1898 3028 1938 cum
3076 1882 3461 1955 pertransissct
3512 1884 3694 1938 domum
3724 1898 3790 1939 cu-

578 1982 633 2029 et
662 1975 919 2046 martyris
944 2016 958 2039 ,
1003 1976 1094 2047 qui
1140 1979 1240 2033 sub
1270 1976 1555 2032 Valeriano
1590 1988 1646 2033 et
1676 1977 1941 2040 Gallieno,
1977 1989 2170 2050 agente

577 2065 808 2136 Aspasio
847 2069 1199 2137 proconsule,
1245 2069 1299 2123 in
1349 2069 1600 2124 exsilium
1659 2070 1912 2134 mittitur,
1944 2078 2000 2124 et
2032 2078 2178 2141 post-

579 2172 644 2213 ea
707 2159 775 2214 de
828 2161 1023 2216 exsilio
1073 2170 1389 2228 revocatus,
1448 2178 1478 2215 a
1532 2161 1766 2216 Maximo
1817 2164 2171 2232 proconsule,

581 2250 675 2320 qui
743 2250 974 2316 Aspasio
1008 2240 1405 2321 successerat,
1458 2255 1528 2309 ob
1584 2254 2002 2324 insuperabilem
2054 2254 2178 2309 ﬁdei
2224 2300 2235 2307 .

581 2330 942 2396 constantiam
989 2342 1165 2412 gladio
1214 2338 1555 2412 percussus,
1585 2344 1838 2415 migravit
1885 2346 1951 2399 ad
2002 2345 2186 2400 Domi-

582 2443 735 2482 num.
786 2423 937 2487 Passi
988 2442 1114 2487 sunt
1183 2442 1359 2488 autem
1415 2449 1537 2488 cum
1592 2448 1658 2489 eo
1724 2435 2182 2503 Crescentianus,

588 2523 794 2579 Auctor
839 2523 1103 2599 [Victor].
1155 2527 1353 2583 Rosnla
1382 2520 1454 2584 et
1504 2527 1804 2585 Generalis.
1867 2529 2032 2603 Cujus
2058 2547 2184 2588 ossa

584 2629 707 2670 cum
767 2625 959 2671 sancto
1015 2618 1191 2687 capite
1245 2619 1417 2673 sancti
1464 2618 1842 2686 Pantaleonis,
1896 2624 2185 2679 membris-

584 2720 691 2777 que
743 2704 956 2777 Sperati
1007 2709 1292 2780 martyris,
1342 2709 1503 2780 legati
1555 2710 1732 2766 Caroli
1788 2711 1965 2782 Magni
2016 2714 2183 2784 impe-

585 2800 817 2866 ratoris,
862 2802 930 2857 ab
972 2801 1156 2857 Aaron
1210 2818 1335 2874 rege
1376 2802 1664 2859 Persarum
1714 2807 1956 2872 reversi,
1999 2822 2183 2863 secum

584 2906 654 2946 ex
699 2892 921 2949 Oriente
969 2894 1411 2964 deportaverunt.
1460 2894 1606 2963 Quas
1656 2896 1937 2952 beatorum
1985 2913 2190 2971 marty-

590 2996 710 3036 rum
770 2982 1059 3053 reliquias,
1112 2985 1180 3039 ab
1228 2984 1558 3054 imperatore
1605 3001 1924 3051 concessas,
1974 2987 2188 3060 Lugdu-

588 3072 775 3127 nensis
826 3064 1113 3144 episcOpus
1156 3075 1209 3128 in
1254 3091 1347 3131 sua
1408 3075 1691 3131 collocavit
1736 3076 1976 3132 civitate.

661 3162 863 3219 Eodem
903 3163 990 3221 die
1031 3164 1288 3220 exultatio
1325 3175 1529 3222 sancite
1556 3167 1733 3222 crucis
1767 3184 1780 3220 :
1817 3183 1939 3238 quae
1983 3170 2051 3224 ab
2082 3170 2188 3226 Ile-

588 3251 714 3308 lena
769 3254 1026 3321 inventa,
1080 3255 1153 3311 ita
1211 3271 1307 3326 per
1358 3258 1592 3313 medium
1651 3268 1797 3314 secta
1834 3234 1963 3323 test,
2024 3270 2082 3315 ut
2133 3234 2264 3319 etc

590 3359 726 3400 crux
773 3344 1163 3419 Hierosolymis
1215 3358 1569 3417 conservata,
1621 3359 1678 3405 ct
1728 3366 1863 3406 crux
1913 3350 2186 3408 Constan-

595 3436 877 3506 tinopolim
926 3438 1000 3492 sit
1027 3439 1326 3510 deportata.
1354 3440 1485 3497 Post
1529 3441 1693 3496 multa
1727 3453 2188 3521 temporum'cur-
2219 3494 2230 3507 ,

592 3528 763 3584 ricula
788 3569 803 3595 ,
864 3528 1151 3587 Persarum
1211 3547 1343 3603 gens
1392 3549 1515 3589 cum
1581 3550 1707 3608 rege
1758 3550 1875 3591 suo
1915 3536 2192 3593 Chosdroe

591 3622 792 3678 multas
831 3623 1198 3680 Romanorum
1255 3628 1559 3696 provincias
1606 3630 1989 3696 devastantes,
2019 3632 2184 3686 etiam

593 3714 1022 3789 Hierosolymam
1077 3718 1357 3774 invadunt.
1424 3719 1499 3775 De
1556 3735 1661 3791 qua
1721 3722 1970 3793 plurimis
2026 3739 2193 3779 orna-

590 3823 897 3866 mentorum
928 3810 1234 3882 insignibus
1284 3811 1511 3879 ablatis,
1564 3830 1782 3871 crucem
1834 3832 2053 3887 quoque
2084 3818 2194 3875 Do-

592 3901 846 3957 minicani
899 3903 1195 3960 abducunt.
1245 3904 1416 3973 Quam
1464 3905 1743 3964 Chosdroe
1785 3910 1838 3964 in
1872 3918 2073 3966 turrem
2103 3928 2197 3968 ars

593 4001 845 4063 genteam
884 3995 1196 4062 constituit,
1249 3998 1461 4068 sibique
1502 3998 1557 4053 in
1602 4002 1791 4055 eadem
1836 4002 1973 4057 turri
2003 4004 2187 4059 sedem

594 4098 664 4139 ex
707 4097 841 4137 auro
891 4085 1137 4152 paravit,
1174 4086 1231 4141 in
1269 4102 1375 4157 qua
1416 4087 1566 4144 velut
1611 4089 1814 4162 collega
1862 4093 1952 4148 Dei
1998 4095 2189 4150 sedere

595 4175 898 4232 consuevit.
931 4175 1213 4234 Heraclius
1243 4178 1407 4250 igitur
1433 4179 1711 4237 Romanus
1740 4183 2033 4249 imperator
2057 4200 2205 4241 con-;

596 4275 678 4324 tra
726 4268 921 4325 Persas
954 4269 1152 4327 bellum
1180 4287 1501 4345 aggressus,
1530 4275 1711 4331 occiso
1756 4271 2063 4343 Chosdroe,
2097 4294 2192 4335 ve-

596 4362 838 4419 nerabile
892 4364 1096 4436 lignum
1137 4382 1261 4423 cum
1311 4384 1507 4440 magna
1553 4372 1902 4428 veneratione
1947 4383 2189 4445 reporta-

595 4451 720 4507 vit:
753 4462 811 4509 et
847 4453 902 4509 in
951 4457 1142 4511 eodem
1184 4456 1270 4513 die
1314 4458 1504 4524 caecis,
1553 4461 1896 4534 paralyticis,
1936 4462 2186 4535 leprosis,

598 4542 948 4602 daemoniacis
994 4546 1241 4618 pluribus
1268 4550 1508 4610 sanatis.
1536 4551 1701 4607 etiam
1744 4563 1989 4611 mortuus
2014 4556 2185 4612 vitam

600 4638 826 4708 recepit.
1046 4674 1052 4683 ρ
1894 4690 1895 4693 η

624 4752 631 4757 -
674 4725 814 4783 XVII
878 4728 1047 4795 Kac.“
1074 4731 1598 4792 0cros.—Natalis
1661 4739 1835 4796 sancti
1890 4738 2197 4797 Nicomedis

600 4822 888 4893 martyris,
917 4837 1079 4894 quem
1106 4823 1331 4882 Flaccus
1359 4842 1572 4893 comes,
1603 4829 1749 4901 quia
1769 4845 1966 4902 corpus
1993 4839 2198 4887 sanctae

600 4910 854 4969 Feliculae
905 4915 1158 4987 martyris
1216 4917 1490 4989 sepelivit,
1544 4928 1598 4976 et
1648 4920 1777 4991 quia
1825 4921 1984 4978 idolis
2029 4922 2199 4978 sacri-

600 5000 766 5059 ﬁcare
816 5006 1173 5077 contempsit,
1220 5015 1449 5064 eatenus
1493 5010 1784 5080 plumbatis
1828 5012 1960 5067 caedi
1996 5010 2196 5079 jussit,

601 5094 774 5152 donec
822 5098 989 5152 vitam
1048 5098 1261 5179 ﬁniret,
1312 5114 1615 5172 corpusque
1671 5100 1788 5171 ejus
1838 5103 1893 5157 in
1954 5100 2195 5159 Tiberim

599 5190 1030 5261 praecipitatum,
1084 5209 1116 5248 a
1168 5193 1395 5251 diacono
1440 5209 1538 5251 suo
1588 5195 1873 5252 collectum
1926 5204 1985 5253 et
2025 5196 2200 5253 hono—

600 5282 754 5339 riﬁce
793 5284 1062 5355 sepultum
1104 5294 1208 5343 est.
1402 5334 1405 5337 ι
2114 5344 2119 5347 ,

671 5375 875 5431 Eodem
901 5378 988 5433 die
1010 5379 1061 5433 in
1095 5379 1370 5435 territorio
1391 5378 1753 5436 Cavillonensi
1784 5379 2194 5456 [Cabillonensi]

601 5468 802 5524 natalis
852 5470 1024 5525 sancti
1072 5468 1341 5526 Valeriani
1395 5473 1670 5544 martyris.

673 5559 794 5615 XVI
835 5560 968 5617 Kac.
1019 5559 1229 5617 Ocros.‘
1257 5562 1390 5617 -[n
1442 5565 1662 5620 civitate
1706 5564 2048 5623 Chalcedone
2100 5581 2200 5620 na-

604 5653 729 5708 talis
775 5662 974 5709 sanctae
1018 5654 1349 5723 Euphetniae.
1398 5653 1522 5712 llaec
1569 5658 1669 5712 sub
1719 5656 2051 5713 Diocletiano
2097 5656 2200 5712 im-

603 5755 859 5820 peratore
911 5762 1033 5803 cum
1076 5746 1196 5802 aliis
1240 5748 1597 5817 quadraginta
1645 5764 1836 5805 novem
1883 5750 2083 5804 tradita
2115 5757 2199 5805 est

606 5840 914 5915 proconsuli
964 5840 1182 5907 Prisco,
1235 5851 1288 5897 et
1344 5851 1466 5912 post
1513 5858 1763 5900 carceres
1814 5857 1881 5900 ac
1930 5850 2201 5900 tormenta

2218 4596 2271 4657 Ι)

2212 5498 2219 5507 ο
2309 5470 2468 5536 duos,
2523 5468 2800 5540 Eutychen
2844 5474 2900 5522 et
2945 5464 3223 5531 Acutiam,
3274 5456 3365 5531 «ιυί
3410 5439 3673 5540 ίηιίῖψν

2273 1971 2487 2041 jusdam
2541 1974 2774 2043 potentis
2807 1974 3024 2029 nomine
3078 1973 3416 2037 Geminiani.
3459 1974 3587 2028 idem
3623 1974 3791 2028 virete-

2281 2066 2398 2121 lcsti
2465 2066 2728 2122 miraculo
2783 2068 3068 2123 instinctus
3127 2066 3266 2140 (visa
3320 2075 3403 2122 est
3456 2066 3630 2137 quippe
3673 2079 3790 2136 super

2280 2168 2443 2229 caput
2497 2158 2614 2229 ejus
2655 2158 2902 2215 columba
2949 2160 3242 2233 residere),
3287 2158 3522 2230 pervenit
3566 2157 3623 2212 ad
3662 2157 3791 2212 locum

2283 2251 2373 2306 ubi
2403 2259 2589 2306 sancta
2622 2251 2717 2306 Dei
2750 2240 3133 2323 torquebatur,
3171 2260 3229 2307 et
3277 2260 3460 2323 petens
3504 2248 3790 2320 baptismum,

2282 2357 2404 2397 cum
2456 2344 2543 2397 illa
2585 2344 2790 2413 pariter
2831 2342 3007 2415 gladio
3054 2342 3354 2399 trucidatus
3382 2351 3479 2398 est.

2355 2436 2450 2493 XV
2477 2437 2614 2492 Kac.
2646 2436 2849 2494 Ocres.
2880 2468 2953 2480 -—
2974 2436 3031 2492 In
3066 2435 3367 2493 Britanniis
3393 2434 3612 2492 Socratis
3637 2440 3682 2488 ct
3706 2428 3791 2486 Sto.

2283 2520 2473 2601 phanL
2560 2578 2566 2583 .
2844 2552 2845 2559 η
2899 2528 2905 2561 θ
3298 2546 3303 2551 ‘
3376 2536 3387 2563 ί
3650 2534 3655 2555 τ

2290 2642 2295 2645 -
2358 2620 2696 2688 Novioduno,
2721 2621 3015 2687 Valeriani,
3045 2620 3276 2677 Macrini
3303 2630 3358 2678 et
3380 2617 3631 2677 Gordiani.

2293 2728 2297 2733 ·
2358 2712 2545 2768 Roma:
2591 2713 2851 2770 nativitas
2891 2714 3065 2770 sancti
3113 2711 3314 2769 Justini
3363 2708 3652 2784 presbyteri,
3683 2705 3790 2776 quia

2286 2808 2448 2863 beato
2476 2805 2632 2862 Sixto
2680 2807 2965 2862 ordinatus
3007 2813 3116 2873 est,
3149 2807 3312 2876 eique
3335 2806 3520 2886 beatus
3543 2797 3789 2856 Laurentius

2290 2901 2455 2970 pedes
2517 2900 2725 2965 lavans,
2773 2899 2888 2956 suis
2945 2914 3003 2954 se
3062 2885 3403 2955 orationibus
3456 2885 3788 2950 commendavit.

2288 2990 2432 3046 Idem
2456 2988 2721 3047 Justinus
2752 3003 2993 3060 corpora
3042 2999 3362 3045 sanctorum
3400 2982 3658 3057 Hippolyti.
3687 2979 3789 3035 ϐου·

2292 3083 2517 3148 cordim,
2542 3081 2754 3148 Irenaei,
2793 3079 3026 3136 Abundii
3054 3091 3111 3136 et
3128 3080 3349 3153 Cyrilla:
3377 3076 3491 3133 ﬁlia:
3518 3071 3642 3130 Decii
3668 3071 3787 3137 impe-

2295 3177 2513 3242 ratoris,
2543 3175 2835 3246 sepulturae
2861 3173 3103 3237 tradidit,
3132 3181 3191 3229 et
3221 3174 3275 3229 in
3310 3166 3649 3244 persecutione
3669 3157 3787 3223 Decii.

2294 3266 2435 3324 Galli
2462 3276 2518 3322 et
2554 3264 2857 3329 Volusiani,
2886 3261 3252 3320 confessionis
3276 3259 3441 3334 gloria
3479 3248 3789 3327 insignissimi

2294 3361 2415 3417 fuit.
2882 3394 2885 3397 λ
3121 3396 3127 3405 ι

2301 3477 2341 3498 -.
2363 3451 2497 3507 Item
2560 3448 2748 3506 Romae
2812 3447 3058 3504 Narcissi
3111 3460 3172 3503 et
3232 3442 3605 3503 Crescentionis
3642 3439 3788 3500 marty-

2293 3561 2436 3601 rum.

2362 3634 2665 3707 'l‘ungrensi
2688 3634 2908 3691 dioecesi
2932 3631 3131 3689 natalis
3157 3628 3334 3687 sancti
3358 3616 3646 3718 Landebcrti
3663 3612 3788 3718 [Elii

2291 3726 2458 3801 berti]
2488 3706 2746 3798 episcopi.
2775 3726 2877 3795 Qui
2901 3725 3030 3782 dum
3056 3724 3265 3797 regiam
3291 3723 3498 3779 domum
3514 3711 3613 3769 zelo
3627 3706 3786 3805 rel-igitr

2292 3823 2379 3879 nis
2420 3836 2708 3886 accensus,
2764 3820 3117 3890 increpassct,
3182 3818 3325 3873 intra
3367 3813 3567 3869 domum

2293 3908 2601 3969 occiditur:
2660 3909 2817 3980 cujus
2871 3886 3181 3981 sepulcrum
3246 3902 3449 3963 crebris
3495 3886 3786 3952 miraculorum

2291 4005 2697 4064 ostensionibus
2726 4003 3053 4060 illustratur.
3258 4020 3259 4023 ‘
3548 4075 3555 4076 γ
3591 4072 3629 4076 Α
3672 4069 3683 4076 _

2364 4097 2483 4154 XIV
2533 4095 2671 4152 Kac.
2701 4094 2908 4154 Ocres.
2938 4123 3011 4136 —
3058 4091 3331 4149 Nativitas
3383 4075 3557 4144 sancti
3588 4064 3786 4167 Iethgtlii.

2290 4187 2501 4261 Olympi
2542 4186 2740 4259 Lycia,
2784 4193 2840 4241 et
2866 4182 3052 4257 postea
3078 4175 3208 4256 Tyri
3236 4175 3486 4255 episcopis
3507 4168 3585 4241 qui
3610 4159 3687 4220 sub

2289 4251 2527 4336 cletia'iio
2542 4251 2604 4333 in
2622 4251 3176 4350 Ebacide—[Chalcide]
3194 4251 3451 4345 martyrio
3467 4251 3787 4359 οοτᾳηίιξξξξξ

2316 4398 2321 4403 -
2361 4369 2584 4427 Viennae
2618 4368 2791 4425 sancti
2824 4342 3086 4424 Ferreoli.
3111 4342 3217 4434 Qui
3264 4342 3385 4421 cum
3411 4360 3542 4413 esset
3569 4342 3787 4403 tribunitta

2290 4463 2597 4536 potestatis,
2623 4475 2723 4533 pro
2770 4459 2877 4516 ﬁde
2903 4458 3109 4516 Christi
3147 4449 3508 4514 crudelissime
3523 4435 3784 4538 γθξδξτξίξξ

2297 4521 2508 4611 catenis
2533 4521 2732 4623 ligatus
2756 4551 2811 4607 in
2844 4565 3123 4607 carcerem
3148 4548 3412 4609 truditur;
3439 4535 3565 4593 unde
3590 4521 3786 4624 Deiri"

2301 4610 2499 4702 solutis
2518 4610 2749 4699 vinculis
2768 4642 3040 4707 educitur,
3067 4651 3123 4697 et
3143 4648 3331 4713 postea
3358 4633 3424 4690 ab
3444 4610 3787 4713 inseque}!va

2303 4735 2371 4791 ad
2396 4733 2717 4790 Brivatense
2742 4705 3079 4789 territorium
3105 4705 3418 4803 perductus,
3443 4713 3599 4788 capite
3623 4705 3787 4763 δεῖπν’

2303 4835 2478 4884 catur.
3616 4893 3620 4894 ν
3717 4881 3727 4894 .
3745 4875 3763 4894 ,i

2326 4958 2329 4963 -
2373 4922 2489 4979 XIII
2517 4921 2652 4978 Kac.
2690 4920 2896 4979 Ocres.
2934 4949 3004 4961 —
3032 4918 3092 4975 In
3130 4913 3352 4989 Neapoli
3395 4892 3785 4993 Camp”?

2304 5024 2438 5085 tate,
2471 5014 2670 5070 natalis
2708 5013 2897 5121 sancti.
2919 5010 3192 5121 Januarii:
3218 4975 3785 5121 Benevenlariig'atgls';

2309 5075 2575 5179 episcopi,
2631 5104 2772 5161 Sosii
2844 5103 3080 5206 diaconi.
3125 5075 3443 5212 Mertsenatis
3455 5075 3784 5212 ni

2311 5165 2574 5261 civitatis;
2603 5206 2660 5251 et
2694 5194 2908 5250 diaconi
2937 5192 3104 5258 Festi,
3144 5181 3429 5290 etlecto‘ris

2305 5301 2431 5343 cum
2481 5255 2807 5340 ducerentur
2860 5286 2927 5340 ad
2979 5255 3233 5347 mortem,
3276 5272 3511 5333 viderunt
3546 5255 3714 5347 inter:

2308 5375 2598 5433 Proculum
2643 5373 2953 5429 Puteolanas
2994 5370 3234 5428 civitatis
3260 5331 3788 5478 'dia.con:III‘I‘LJ:"at?t

3321 5498 3787 5616 angina-€33”

3493 5628 3597 5677 cum
3622 5603 3721 5662 illis.

3532 5704 3634 5764 talis
3659 5683 3786 5749 εειιια

2309 5577 2482 5633 quare
2534 5557 2667 5628 justi
2711 5556 3033 5626 juberentur
3075 5553 3267 5611 occidi.
3321 5553 3447 5640 Quot

2309 5651 2516 5708 stianos
2547 5663 2668 5704 esse
2688 5646 3020 5719 intelligens,
3050 5641 3303 5701 decollari
3320 5634 3475 5710 jussit

2382 5743 2584 5800 Eodem
2620 5742 2707 5798 die
2757 5741 2812 5795 in
2848 5738 3073 5795 Palesna
3104 5723 3425 5812 [Palaestina]
3465 5723 3634 5814 natans
3659 5723 3786 5749 οι...-

2461 5835 2473 5840 ,
2536 5833 2635 5840 ...η
2689 5830 2708 5840 -
2792 5830 2828 5840 -
2868 5831 2883 5840 .
2923 5831 2934 5840 .
2983 5829 3044 5840 η.
3081 5829 3095 5840 .
3134 5828 3171 5840 ..
3276 5833 3288 5840 ,
3336 5814 3431 5840 ,τηε
3473 5785 3787 5840 mmmam,

2307 5798 2479 5893 ita...
2532 5830 2734 5907 {sua},
2790 5830 2939 5890 Palei
2983 5798 3172 5906 [Ρειὲι]
3238 5833 3296 5886 οι
3336 5814 3435 5879 Nili
3473 5798 3684 5877 episcopo
