4046 6424
257 391 398 449 “55

1257 379 1877 445 MARTYROLOGIUM.
1898 415 1971 431 --
1990 385 2196 443 MENS.
2235 384 2571 444 SEPTEMB.

3378 387 3516 453 1154

256 507 348 576 qui
385 502 757 575 persecutione
804 501 1118 559 Diocletiani
1164 516 1286 557 cum
1336 499 1586 570 plurimis
1616 501 1832 556 clericis
1861 506 1907 562 A
1935 500 2266 567 confortans,
2318 502 2464 555 venit
2509 499 2809 556 Seleuciam
2854 509 2907 556 et
2953 500 3025 556 ibi
3083 502 3136 557 in
3186 517 3320 573 pace
3369 504 3522 575 quieo

256 612 356 668 pro
385 596 602 652 Christo
626 596 735 667 igni
758 595 1062 666 consumpti
1085 602 1229 649 sunt.

327 708 483 780 Apud
522 708 792 764 Niceriam
842 706 1167 782 [Nuteriam]
1219 706 1390 762 sancti
1430 706 1687 777 martyris
1733 706 1839 761 Fe-

257 800 378 857 licis
406 810 463 855 et
481 799 835 869 Constantia,
868 800 959 869 qui
992 800 1094 854 sub
1118 796 1332 853 Nerone
1360 797 1505 866 passi
1534 805 1678 851 sunt.

331 912 390 968 In
438 912 716 967 territorio
762 910 1072 983 Lingonica:
1125 911 1359 966 civitatis
1407 909 1578 966 sancti
1629 908 1843 982 Sigonis

261 1004 547 1079 [Sequani]
579 1005 900 1077 presbyteri.

300 1118 425 1185 _Xll
478 1117 611 1173 KAL.
684 1116 886 1173 Ocroe.
928 1147 1000 1158 —
1031 1116 1089 1172 lu
1152 1116 1351 1189 Cyzico
1397 1114 1595 1171 natalis
1647 1123 1845 1170 sanctae

257 1213 473 1270 Faustze
502 1212 730 1282 virginis
768 1221 827 1267 et
854 1212 1072 1267 Evilasii
1111 1212 1209 1267 sub
1249 1210 1575 1265 Maximiano
1612 1209 1845 1278 impera-

262 1312 400 1359 tore.
457 1302 628 1369 Quam
684 1302 827 1356 idem
891 1302 1154 1357 Evilasius
1199 1300 1408 1370 primus
1466 1298 1649 1369 palatii
1686 1298 1849 1369 jussit

260 1409 438 1449 rasam
463 1392 753 1457 decalvari,
799 1393 920 1447 dein
951 1406 1267 1462 suSpensam
1313 1390 1579 1459 torqueri,
1617 1388 1852 1443 loculos-

258 1498 365 1555 que
409 1481 614 1549 aﬂ‘crri,
667 1482 963 1537 immissam
1005 1482 1168 1536 etiam
1206 1480 1353 1535 illam
1407 1488 1569 1550 atque
1629 1478 1846 1533 inﬁxam

264 1575 419 1646 quasi
470 1574 672 1644 lignum
699 1573 932 1627 mediam
967 1573 1162 1627 secari.
1206 1572 1359 1639 Quod
1405 1587 1526 1626 cum
1556 1570 1851 1625 carniﬁces

261 1664 473 1725 eflicere
512 1679 616 1719 non
646 1672 890 1735 possent,
914 1679 1013 1719 nec
1044 1664 1211 1719 serris
1239 1658 1356 1719 eam
1381 1663 1600 1729 laedere,
1632 1672 1852 1733 stupens

262 1755 533 1812 Evilasius
560 1754 775 1809 Christo
817 1754 1065 1809 credidit.
1103 1754 1217 1809 Hoc
1259 1754 1348 1808 ubi
1380 1754 1673 1824 imperator
1699 1768 1849 1807 com-

1878 627 1883 663 τ
1941 594 2037 647 vit.

1994 682 2122 750 ~\t'lll
2174 684 2306 739 ΚΑι.
2364 687 2566 740 Ucroe.
2613 714 2683 726 —
2731 684 3024 756 Conceptio
3069 686 3241 742 sancti
3295 687 3524 745 Joannis

1940 776 2216 848 Baptism.

2012 870 2404 942 Augustoduno
2443 871 2617 927 sancti
2665 871 2928 927 Andochit
2964 872 3287 944 presbyteri,
3328 871 3527 944 Thyrsi

1943 961 2151 1016 diaconi
2180 972 2234 1016 et
2277 962 2494 1018 Felicis.
2525 963 2626 1030 Qui
2659 978 2688 1017 a
2734 952 3030 1034 Polycarpo
3058 964 3311 1034 episcopo
3340 964 3407 1018 ad
3435 965 3529 1019 do-

1942 1056 2169 1110 cendum
2204 1055 2429 1110 Galliam
2472 1057 2683 1122 directi,
2733 1056 3025 1112 Aureliano
3054 1057 3402 1126 imperatore,
3435 1057 3532 1112 fla-

1945 1146 2097 1215 gellis
2121 1146 2267 1211 caesi,
2300 1148 2349 1200 in
2380 1147 2555 1218 ignem
2588 1147 2756 1210 missi,
2781 1147 2953 1202 versis
2979 1148 3229 1202 manibus
3257 1147 3525 1217 suspensi,

1946 1244 2000 1291 et
2024 1237 2090 1290 ad
2114 1236 2357 1290 ultimum
2392 1237 2633 1292 vectibus
2656 1238 2708 1291 in
2744 1237 2880 1293 colla
2915 1237 3179 1307 percussi,
3207 1237 3530 1307 martyrium

1949 1331 2373 1400 compleverunt.
2510 1368 2511 1371 η
3296 1364 3299 1366 -

2022 1422 2112 1475 Vll
2158 1421 2288 1476 KAL.
2341 1420 2538 1478 Ocros.
2592 1452 2662 1462 —
2702 1420 2965 1476 Nativitas
3035 1420 3183 1477 beati
3255 1419 3530 1490 Cleophae,

1951 1514 2037 1568 cui
2106 1513 2369 1569 Dominus
2425 1524 2546 1583 post
2610 1515 3064 1569 resurrectionem
3116 1515 3170 1568 in
3223 1513 3310 1568 via
3372 1526 3537 1584 appa-

1954 1604 2082 1660 ruit.

1990 1750 1995 1755 .
2024 1693 2089 1750 Vl
2113 1693 2243 1749 ΚΑι.
2275 1693 2476 1750 Ocros.
2502 1724 2574 1734 —
2600 1693 2923 1749 Sanctorum
2955 1701 3249 1764 martyrum
3275 1691 3532 1764 Cypriani

1954 1788 2213 1858 episcopi,
2248 1796 2304 1842 et
2335 1786 2555 1843 Iustinae
2584 1787 2831 1858 virginis.
2872 1786 3242 1841 Schola~ticus
3293 1785 3535 1855 quidam,

267 1846 434 1951 ﬁeri"
478 1844 641 1915 jussu
688 1843 981 1951 Evnimium,
1016 1845 1551 1951 “Spensumfcrius
1593 1845 1852 1946 torqueri’
1888 1856 1931 1914 Β
1956 1843 2215 1951 Agladitts
2245 1881 2481 1944 nomine,
2530 1843 2700 1951 apud”
2720 1880 3060 1934 Antiochiam
3098 1879 3284 1934 videns
3312 1843 3539 1934 beatam

263 1935 519 1991 Faustam
548 1950 677 1989 vero
722 1935 920 1989 nudam
951 1936 1016 1989 de
1056 1950 1276 1990 carcere
1306 1935 1483 1999 educi,
1512 1943 1565 1988 et
1610 1934 1661 1989 ei
1693 1945 1854 2003 caput

267 2028 548 2091 terebrari,
578 2042 640 2081 ac
668 2026 848 2082 claves
893 2026 1062 2097 infigi,
1098 2026 1287 2081 faciem
1316 2041 1531 2097 quoque
1573 2042 1636 2081 ac
1682 2036 1850 2080 totum

266 2132 462 2187 corpus
491 2116 659 2172 clavis
700 2115 952 2186 impleri:
986 2125 1109 2185 post
1154 2117 1269 2171 hinc
1306 2118 1635 2187 sartagiuem
1666 2117 1845 2187 igniri,

266 2224 386 2280 quae
431 2209 519 2263 illa
551 2208 809 2279 psallente
856 2206 1122 2279 refriguit.
1154 2207 1300 2264 Inter
1336 2210 1451 2265 haec
1482 2209 1690 2264 caelesti
1722 2224 1851 2264 voce

264 2301 465 2366 vocati,
497 2302 834 2357 tradiderunt
857 2301 1130 2370 spiritum.

338 2411 410 2468 XI
445 2403 579 2469 ΚΑΙ..
608 2410 811 2468 Oc'ron.
834 2411 1128 2467 —Natalis
1172 2411 1344 2467 sancti
1374 2410 1588 2466 Mathize
1615 2410 1845 2481 apostoli

267 2513 325 2561 et
350 2502 710 2573 evangelistae,
744 2503 895 2573 cujus
934 2502 1201 2574 passionis
1237 2502 1463 2557 historia
1503 2503 1849 2570 circumqua-

268 2608 378 2665 que
406 2594 797 2663 frequentatur.

348 2703 393 2759 Χ
448 2701 584 2757 ΚΑι..
641 2701 842 2757 Οοτοιι.
899 2731 970 2742 -
1006 2700 1064 2756 In
1110 2702 1382 2773 Hispaniis
1424 2700 1687 2774 [Galliis]
1726 2702 1857 2758 urbe

276 2795 479 2851 Siduno
510 2792 797 2865 [Seduno],
829 2792 948 2848 loco
981 2792 1205 2847 Acauuo
1229 2791 1518 2865 [Agauuo],
1548 2805 1857 2846 sanctorum

283 2895 584 2956 martyrum
611 2883 844 2937 Mauritii
869 2893 923 2938 et
949 2884 1161 2938 socioru
1212 2920 1213 2923 η
1247 2884 1381 2953 ejus.
1413 2883 1514 2951 Qui
1544 2884 1610 2937 ab
1637 2882 1861 2939 Oriente

274 2979 340 3033 de
371 2976 571 3031 Thebis
599 2975 817 3029 civitate
846 2973 1095 3044 profecti,
1129 2976 1227 3030 sub
1258 2974 1585 3029 Maximiano
1624 2962 1876 3042 impera?

275 3079 412 3135 tore,
460 3082 582 3123 cum
620 3066 835 3137 legione
861 3083 955 3121 sua
988 3082 1085 3123 sex
1128 3055 1354 3121 millium
1398 3076 1451 3121 et
1480 3076 1859 3121 sexcentorum

273 3172 501 3213 numero
526 3157 767 3211 virorum
794 3172 893 3226 pro
924 3156 1026 3211 fide
1066 3156 1267 3211 Chriin
1313 3156 1559 3210 trucidati
1612 3166 1757 3207 sunt.
1795 3154 1856 3206 Ili

1954 1973 2245 2038 Justinam,
2278 1974 2481 2028 exarsit
2508 1973 2560 2027 in
2590 1972 3024 2045 concupiscentia
3048 1971 3185 2039 ejus,
3212 1979 3265 2025 et
3290 1970 3543 2041 promisit

1955 2063 2223 2135 Cypriano
2247 2078 2404 2133 mago
2426 2063 2531 2118 duo
2554 2062 2756 2117 talenta
2781 2063 2899 2116 auri
2924 2062 2967 2116 si
2990 2062 3250 2132 virginem
3270 2059 3542 2115 Justinam

1956 2160 2009 2214 in
2040 2159 2181 2213 illius
2214 2174 2455 2213 amorem
2497 2159 2778 2213 excitaret.
2814 2156 3116 2227 Cyprianus
3151 2170 3362 2225 magus,
3412 2168 3546 2209 con-

1954 2250 2165 2304 vocatis
2196 2248 2496 2312 daemoniis,
2517 2248 2681 2317 coepit
2708 2260 2867 2317 agere
2906 2254 2965 2299 ut
2988 2259 3086 2316 per
3113 2260 3207 2300 eos
3236 2252 3421 2301 sancta
3450 2244 3546 2298 Dei

1958 2344 2331 2408 seduceretur;
2357 2357 2590 2412 cumque
2621 2343 2673 2396 id
2701 2342 2974 2397 daemones
3001 2341 3310 2397 nullatenus
3332 2340 3546 2396 efﬁcere

1956 2435 2221 2499 valerent,
2253 2451 2316 2491 ac
2340 2437 2494 2507 signo
2526 2435 2784 2490 Cruciftxi
2824 2450 2881 2491 se
2906 2436 2973 2489 ab
2994 2449 3058 2490 ea
3089 2435 3273 2505 repelli
3312 2435 3549 2491 fateren-

1958 2536 2065 2591 tur,
2125 2526 2446 2598 Cyprianus,
2494 2524 2693 2579 diaboli
2740 2524 2998 2578 virtutem
3042 2533 3419 2589 contemnens,
3478 2525 3547 2579 ab

1959 2613 2532 2683 episcopoAnthymo
2583 2611 2862 2665 catholicis
2926 2626 2985 2665 se
3042 2612 3316 2681 mysteriis
3378 2612 3547 2667 imbui

1961 2707 2189 2774 rogavit.
2232 2704 2351 2767 Nec
2390 2703 2583 2769 multo,
2617 2712 2735 2773 post
2799 2692 3060 2758 diaconus
3121 2703 3437 2770 ordinatur,
3484 2719 3549 2759 ac

1961 2796 2154 2851 deinde
2206 2793 2494 2871 virtutibus
2541 2802 2596 2848 et
2648 2792 2923 2848 miraculis
2989 2786 3334 2859 excrescens,
3382 2794 3546 2849 etiam

1961 2890 2302 2957 episcopatus
2350 2886 2610 2956 dignitate
2665 2884 3006 2940 sublimatur.
3052 2885 3383 2941 Procedente
3414 2895 3552 2940 tem-

1963 2997 2092 3053 pore
2136 2981 2439 3052 Cyprianus
2484 2980 2775 3049 episcopus
2816 2988 2872 3032 et
2903 2978 3055 3049 virgo
3095 2978 3297 3034 Christi
3336 2977 3551 3034 Justina

1963 3074 2361 3142 comprehensi,
2386 3072 2617 3126 vinculis
2639 3070 2931 3141 alligantur
2956 3087 2970 3125 :
3008 3070 3297 3142 episcopus
3326 3085 3554 3140 Suspen-

1964 3184 2055 3223 sus
2077 3166 2453 3236 exungulatur,
2482 3172 2666 3219 sancta
2697 3163 2789 3217 Dei
2821 3161 3145 3233 post’alapas
3159 3162 3340 3218 crudis
3367 3161 3552 3217 nervis

274 3251 330 3306 in
359 3249 616 3303 auxilium
650 3248 974 3303 Maximiano
1007 3247 1253 3301 accersiti
1292 3254 1576 3309 venerunt,
1606 3245 1699 3299 sed
1730 3260 1853 3298 cum
1887 3229 1930 3291 C
1966 3229 2274 3314 ίηηηίηιίιεξι.
2308 3258 2548 3320 cadit“...
2594 3256 2717 3311 dein
2742 3229 2863 3311 om},
2895 3229 3223 3325 piem-adipe
3248 3264 3303 3310 et
3336 3271 3459 3311 cera
3497 3255 3553 3310 in

277 3343 331 3397 in
361 3341 645 3410 sacrilegio
680 3341 823 3393 illum
853 3342 1001 3410 sequi
1040 3339 1517 3409 contempsissent,
1548 3348 1603 3390 ut
1634 3347 1860 3391 czeteros

276 3442 401 3506 post
420 3450 476 3489 se
511 3433 722 3488 facilius
752 3433 1058 3495 inclinaret,
1094 3432 1362 3485 decimum
1392 3445 1662 3499 quemque
1689 3446 1753 3481 ex
1786 3429 1864 3483 eis

278 3524 335 3578 in
382 3522 554 3578 oculis
603 3538 785 3576 eorum
826 3519 1059 3590 jugulari
1106 3520 1375 3590 praecepit.
1416 3519 1546 3586 Quae
1579 3518 1864 3573 declinatio

279 3631 402 3670 cum
451 3615 532 3670 bis
578 3614 646 3668 ab
682 3612 1119 3669 interfectoribus
1167 3623 1534 3681 exerceretur,
1565 3622 1618 3666 et
1671 3613 1863 3680 reliqui

278 3700 631 3756 nihilominus
665 3700 717 3752 in
766 3698 1032 3752 sententia
1077 3710 1402 3768 perstarent,
1458 3714 1563 3752 una
1600 3707 1653 3751 et
1702 3697 1864 3751 simili

279 3791 676 3854 interfectioue,
722 3799 912 3859 sponte
949 3805 1045 3844 sua
1086 3789 1224 3844 colla
1266 3790 1643 3844 submittentes
1679 3804 1868 3842 onmes

279 3884 636 3939 trucidantur.
662 3884 1047 3937 Maximianum
1072 3894 1250 3939 autem
1266 3885 1422 3952 digna
1436 3885 1663 3953 perculit
1684 3898 1864 3951 poena.

279 3975 493 4032 Geuero
528 3976 670 4031 enim
719 3992 817 4031 suo
852 3975 1168 4031 Constantio
1214 3976 1866 4043 insidiarideprehensus,

280 4065 675 4137 strangulatur,
707 4076 760 4121 et
788 4067 1063 4121 teterrimo
1085 4064 1346 4136 supplicio
1377 4061 1621 4126 aﬂet‘tus,
1649 4065 1866 4133 impiam

277 4154 449 4206 vitam
481 4165 651 4209 morte
676 4156 835 4226 digna
864 4156 1056 4210 liuivit.

353 4264 423 4319 IX
451 4264 584 4319 KAL.
620 4265 822 4321 Ocron.
851 4298 921 4307 —
947 4268 1087 4323 Sosii
1126 4269 1361 4333 diaconi,
1395 4269 1459 4323 de
1514 4285 1621 4338 quo
1663 4270 1870 4324 decimo

284 4360 444 4413 tertio
478 4358 698 4413 Kalend.
739 4359 989 4413 Octobris
1012 4360 1270 4414 invenies.
1858 4368 1861 4371 λ

356 4451 556 4506 Eodem
585 4451 670 4505 die
696 4450 909 4506 Theclae
950 4451 1196 4521 virginis,
1238 4452 1375 4521 apud
1401 4451 1698 4507 Seleuciam
1722 4455 1871 4522 quie-

282 4546 505 4611 scentis,
561 4560 681 4614 qua:
725 4543 793 4598 de
854 4543 1075 4597 civitate
1134 4544 1368 4598 lconioa
1420 4544 1580 4599 beato
1629 4546 1870 4614 apostolo

283 4634 452 4689 Paulo
519 4634 779 4689 instructa
847 4642 949 4688 est.
1004 4633 1175 4699 Quam
1242 4643 1414 4687 mater
1470 4634 1587 4703 ejus
1643 4649 1870 4690 cernens

282 4727 646 4783 Christianam
676 4737 730 4781 et
759 4726 975 4797 nuptias
1004 4727 1396 4795 repudiantem,
1428 4728 1703 4780 accusavit
1730 4728 1870 4796 apud

281 4818 541 4891 judicem.
588 4821 832 4877 Adducta
873 4820 1055 4891 itaque
1103 4829 1290 4874 sancta
1328 4818 1523 4872 'l‘hecla
1575 4820 1625 4873 in
1682 4835 1869 4890 pyram

287 4912 618 4978 immittitur,
649 4923 703 4967 et
741 4912 883 4969 facto
918 4913 1094 4967 crucis
1140 4912 1314 4981 signo,
1353 4911 1528 4981 pluvia
1560 4927 1871 4982 erumpens,

285 5005 532 5061 flammas
569 5008 845 5061 exstinxit.
886 5006 1079 5062 Postea
1120 5006 1363 5062 leonibus
1404 5013 1460 5059 et
1487 5004 1627 5058 ursis
1674 5006 1876 5060 nudata

288 5098 484 5154 iterum
516 5098 817 5168 iterumque
844 5097 1127 5166 objicitur:
1158 5099 1226 5153 de
1251 5097 1445 5167 quibus
1469 5096 1647 5151 divina
1677 5096 1876 5151 virtute

288 5200 550 5261 protecta,
619 5191 670 5245 in
713 5189 914 5245 fossam
963 5206 1101 5260 aqua
1149 5199 1205 5244 et
1268 5190 1606 5259 serpentibus
1661 5187 1873 5258 plenam

292 5282 648 5352 immergitur,
684 5281 750 5336 de
799 5296 904 5349 qua
964 5280 1312 5335 nihilominus
1344 5294 1462 5335 eam
1494 5280 1666 5351 gratia
1695 5279 1875 5335 divina

293 5372 518 5426 illaesam
546 5370 750 5426 eduxit.
776 5370 1042 5441 Alligatur
1072 5371 1323 5440 deinceps
1359 5370 1568 5424 duobus
1603 5369 1876 5425 ferocissi-

292 5463 397 5517 tnis
426 5463 613 5528 tauris,
651 5462 796 5518 ferro
826 5464 1108 5525 candente,
1143 5471 1201 5516 ut
1226 5477 1344 5516 eam
1375 5462 1745 5530 decerperent,
1774 5462 1873 5517 stic

293 5552 540 5608 mulatis:
569 5553 683 5623 qui,
716 5552 933 5609 funibus
952 5553 1230 5624 disruptis,
1252 5552 1357 5608 huc
1387 5552 1619 5622 illucque
1642 5552 1871 5622 disjeCti,

295 5654 587 5716 martyrem
619 5646 927 5715 relinquunt
969 5645 1210 5700 illmsam.
1251 5644 1404 5699 Tunc
1442 5643 1663 5699 dimissa
1702 5644 1873 5712 virgo,

294 5735 652 5806 Tryphmnam
691 5736 991 5807 religiosam
1030 5736 1304 5801 feminam,
1349 5751 1468 5805 qute
1509 5743 1563 5788 et
1618 5734 1877 5803 martyrio

294 5825 411 5893 ejus
464 5825 655 5895 adfuit,
711 5844 831 5883 cum
878 5827 1021 5885 omni
1070 5828 1227 5883 donto
1279 5826 1394 5897 ejtis
1425 5828 1476 5884 in
1526 5826 1627 5882 fide
1677 5824 1875 5885 Christi

1966 3350 2237 3419 sartagine
2267 3357 2560 3410 torrentur,
2588 3356 2867 3416 postremo
2911 3347 3074 3401 etiam
3103 3347 3281 3418 gladio
3301 3346 3555 3417 jugulan-

1970 3450 2075 3495 tur.
2111 3440 2215 3495 Sed
2246 3448 2299 3495 et
2330 3439 2677 3509 Theoguotus
2708 3438 2928 3507 quidam
2960 3439 3120 3493 simul
3164 3454 3286 3494 cum
3316 3438 3420 3494 illis
3454 3454 3555 3509 pu-

1969 3533 2117 3587 nitur
2151 3533 2248 3585 sub
2286 3531 2619 3586 Diocletiano
2642 3530 2987 3600 imperatore,
3027 3528 3209 3599 judice
3249 3530 3553 3585 Eutelamio

1972 3621 2365 3695 [Eutholmio].

2042 3712 2085 3767 Υ
2109 3712 2240 3765 ΚΑι..
2274 3710 2473 3767 Ocron.
2503 3742 2574 3752 —
2607 3711 2761 3782 Apud
2800 3708 3027 3781 Egeam
3059 3711 3316 3767 nativitas
3342 3717 3557 3767 sancto-

1972 3820 2090 3857 rum
2136 3803 2346 3858 Cosmae
2383 3814 2439 3858 et
2475 3804 2744 3868 Damiaui,
2790 3803 3167 3872 persecutione
3214 3803 3554 3869 Diocletiani,

1970 3900 2070 3952 sub
2097 3898 2321 3966 praeside
2356 3896 2536 3968 Lysia,
2576 3896 2666 3965 qui
2706 3910 2775 3950 ex
2803 3897 3001 3950 Arabia
3034 3896 3273 3961 oriundi,
3300 3906 3416 3950 arte
3444 3909 3559 3949 me-

1972 3990 2075 4045 dici
2100 3988 2340 4053 fuerunt,
2373 4003 2601 4056 quorum
2645 3986 2841 4041 fratres
2880 3987 3151 4043 Antimius
3198 3985 3558 4059 [Anthimus],

1973 4079 2249 4142 Leontius,
2286 4078 2581 4147 Euprepius
2610 4077 2960 4133 vocabantur.
2993 4076 3093 4144 Qui
3117 4078 3381 4133 culturam
3408 4093 3559 4146 sper-

1978 4174 2485 4251 ncntesgidolorum,
2530 4152 2758 4244 pedibus
2784 4173 2948 4228 vincti
2987 4188 3047 4227 ac
3080 4174 3325 4227 manibus
3353 4172 3560 4226 fortiter

1976 4271 2396 4340 torquebantur:
2433 4268 2624 4321 deinde
2655 4266 2888 4320 catenati
2930 4265 2981 4317 in
3024 4280 3176 4318 mare
3220 4272 3556 4333 merguntur,

1974 4366 2040 4417 de
2062 4378 2168 4431 quo
2198 4377 2293 4429 per
2311 4359 2558 4430 angelum
2585 4358 2675 4412 Dei
2704 4357 3028 4419 liberantur;
3059 4355 3251 4409 deinde
3280 4355 3333 4409 in
3360 4355 3556 4409 arden-

1974 4467 2082 4510 tem
2138 4456 2313 4520 ignem
2366 4462 2493 4508 sunt
2544 4452 2791 4522 projecti,
2849 4466 2956 4521 quo
3017 4449 3219 4504 sanctis
3278 4450 3561 4505 orantibus

1975 4546 2262 4608 exstincto,
2295 4544 2492 4599 iterum
2539 4544 2787 4612 suspensi
2824 4542 3227 4599 cruciabantur.
3268 4540 3419 4609 Quod
3466 4556 3560 4610 pa-

1900 4604 1949 4664 D
1977 4637 2172 4691 tienter
2218 4634 2557 4698 sufferentes,
2597 4635 2648 4687 in
2690 4648 2905 4689 crucem
2951 4634 3111 4689 levati
3164 4632 3557 4702 lapidahantur,

1974 4745 2037 4783 ac
2061 4728 2253 4783 deinde
2295 4727 2506 4796 sagittis
2534 4736 2878 4796 appetuntur.
2909 4726 3105 4781 Verum
3148 4741 3270 4780 cum
3316 4725 3366 4778 in
3418 4724 3561 4779 nullo

1976 4820 2315 4881 laederentur,
2373 4818 2464 4871 sed
2518 4818 2794 4872 mittentes
2848 4832 2912 4872 ac
2974 4819 3392 4873 circumstantes
3453 4830 3559 4869 non

1975 4910 2130 4978 pauci
2170 4915 2662 4976 repercuterentur,
2704 4904 2841 4976 jussi
2893 4916 3017 4963 sunt
3055 4924 3085 4961 a
3124 4907 3352 4977 praeside
3379 4904 3556 4975 gladio

1978 5000 2259 5054 trucidari.

2049 5091 2117 5145 IV
2147 5090 2278 5144 KAL.
2310 5088 2513 5144 Oc'ron.
2540 5120 2611 5129 —
2634 5089 2693 5143 In
2726 5089 3015 5159 Hispaniis,
3046 5088 3263 5142 civitate
3289 5080 3558 5153 Corduba,

1979 5186 2188 5251 Fausti,
2234 5183 2473 5239 Januarii
2519 5192 2573 5239 et
2624 5182 2906 5237 Martialis.
2945 5181 3047 5248 Qui
3097 5181 3274 5251 primo
3317 5180 3562 5251 cquuleis

1978 5280 2233 5341 cruciati,
2269 5278 2463 5333 deinde
2510 5279 2650 5333 rasis
2680 5274 3010 5347 superciliis,
3055 5276 3275 5330 auribus
3310 5276 3562 5331 naribus-

1979 5386 2083 5440 que
2119 5370 2381 5439 praecisis,
2412 5371 2661 5425 dentibus
2698 5369 2861 5422 etiam
2903 5366 3272 5437 superioribus
3297 5367 3559 5433 excussis,

1978 5460 2284 5531 deturpati,
2334 5462 2401 5514 ad
2451 5460 2696 5513 ultimum
2749 5458 2890 5530 ignis
2943 5458 3196 5529 passione
3246 5459 3562 5530 martyrium

1979 5560 2507 5612 consummaverunt.

2049 5648 2114 5702 lll
2151 5646 2286 5701 KAL.
2345 5645 2545 5701 Ocron.
2574 5677 2644 5687 —
2670 5645 2727 5701 ln
2772 5651 2956 5698 monte
2999 5641 3251 5713 Gargano
3298 5641 3563 5697 memoria

1981 5738 2123 5791 beati
2180 5737 2487 5809 archangeli
2534 5736 2835 5802 Michaelis,
2892 5735 2984 5791 ubi
3033 5742 3347 5790 consecrata
3394 5734 3561 5804 ipsius

1984 5827 2200 5891 nomine
2228 5827 2458 5886 habetur
2481 5828 2729 5896 ecclesia,
2754 5844 2874 5899 quae
2899 5828 3001 5885 hoc
3028 5826 3187 5883 modo
3208 5825 3421 5893 cognita
3445 5834 3558 5880 est.
