4046 6436
493 410 634 468 H55

1412 398 1473 452 Β.
1512 393 1814 453 NOTKERI
1852 375 2150 449 BALBULt
2182 375 2241 446 s.
2281 383 2486 444 GALLI
2518 372 2828 442 moment

3624 380 3767 437 “56

480 508 706 596 Quidam
729 522 1009 595 praedives,
1032 516 1250 574 nomine
1276 513 1578 583 Garganus,
1601 511 1666 563 de
1692 506 1844 576 cujus
1866 513 2057 559 eventu
2088 507 2138 566 Α
2164 502 2303 556 mica
2338 499 2420 553 vis
2447 495 2714 554 concitata
2745 495 3068 566 tempestate
3091 492 3347 565 magnum
3369 492 3761 565 navigantibus

481 619 800 674 vocabulum
867 613 1033 668 monti
1093 609 1316 664 inditum
1355 616 1472 670 est,
1539 602 1745 658 inlinita
1809 613 2063 669 pecorum

488 689 833 768 multitudine
856 705 1109 778 pollebat.
1133 700 1372 770 Contigit
1398 707 1574 752 autem
1606 706 1834 757 taurum,
1860 689 2064 761 peculio

485 812 783 868 remeante,
829 800 1043 854 domum
1091 809 1194 848 non
1244 806 1363 846 esse
1410 802 1705 864 reversum.
1753 782 1922 850 Quem
1972 781 2065 834 do-

485 889 659 953 minus
700 876 800 964 per
840 889 990 946 devia
1023 901 1247 958 quaeque
1289 884 1590 953 requirens,
1620 877 1825 932 invenit
1850 875 2064 929 tandem

485 990 538 1043 in
570 973 772 1040 vertice
817 981 1038 1044 montis,
1089 969 1293 1031 foribus
1333 972 1608 1041 cujusdam
1658 968 1911 1024 assistere
1947 979 2067 1030 spe—

483 1073 677 1132 luucze.
719 1071 888 1140 Quem
933 1085 1052 1124 cum
1102 1067 1295 1136 sagitta
1364 1064 1622 1133 petisset,
1651 1059 1739 1113 illa
1771 1066 2065 1112 retrorsum

483 1183 603 1224 cum
638 1167 836 1234 impetu
867 1171 1070 1217 retorta
1095 1201 1110 1223 ,
1137 1157 1410 1212 dominum
1458 1151 1739 1224 percussit.
1775 1148 1926 1215 Quod
1957 1145 2069 1215 epi—

483 1272 676 1327 scopus
710 1253 1064 1324 romperiens,
1093 1250 1296 1304 indicto
1327 1246 1534 1301 civibus
1560 1243 1808 1297 triduano
1841 1238 2063 1308 jejunio,

483 1363 699 1404 causam
749 1343 1015 1399 interfecti
1065 1340 1299 1395 hominis
1331 1354 1358 1391 a
1392 1337 1502 1391 Deo
1536 1332 1743 1389 monuit
1796 1330 2069 1400 i‘nquiren-
2099 1361 2101 1364 ‹

483 1438 627 1493 dam.
669 1436 896 1490 Peracto
933 1435 1113 1502 itaque
1150 1429 1385 1500 jejunio,
1431 1425 1679 1497 apparuit
1727 1432 1943 1478 sanctus
1975 1419 2070 1474 Mi-

483 1528 636 1583 chael
662 1529 936 1598 episcopo,
966 1540 1062 1578 sua
1092 1525 1194 1577 hoc
1226 1522 1502 1574 insinuans
1530 1526 1708 1572 acwm
1739 1530 1858 1569 esse
1889 1512 2069 1564 volun-

486 1630 595 1674 tate
623 1637 639 1685 1:
672 1637 690 1670 ι
726 1619 963 1680 Locum,
1010 1614 1292 1683 inquiens,
1341 1612 1481 1665 hunc
1521 1609 1784 1671 incolere,
1833 1606 2072 1672 mihique

486 1710 764 1780 proprium
798 1706 1071 1760 vindicare
1097 1701 1331 1758 decrevi.
1364 1721 1382 1753 ο
1413 1698 1519 1754 Nec
1540 1713 1675 1769 Opus
1702 1712 1842 1760 esse,
1871 1693 2068 1764 inquit,

488 1805 555 1855 ab
596 1800 902 1854 hominibus
945 1796 1229 1851 ecclesiam
1280 1794 1477 1848 ibidem
1528 1791 1786 1853 dedicari,
1833 1787 1926 1842 sed
1956 1803 1983 1839 a
2015 1801 2071 1841 se

2167 592 2463 663 periculum
2511 589 2777 644 exhibuit.
2826 586 2897 640 At
2946 585 3036 640 ille
3090 600 3455 656 consurgens,
3509 583 3798 652 invocato_

2167 686 2385 741 nomine
2433 683 2681 748 Domini,
2716 678 3076 751 procellarum
3103 679 3499 738 immanitatem
3529 677 3761 748 sedavit.

2166 779 2372 835 Deinde
2419 776 2750 834 Britanniam
2801 774 3160 844 perveniens,
3211 773 3460 842 tuemini
3507 779 3760 830 exortam

2167 870 2538 942 compescuit;
2580 867 2782 922 tribuni
2819 864 3098 934 cujusdam
3143 863 3329 930 ﬁliam,
3380 864 3564 920 decem
3601 861 3764 918 arantis

2167 976 2399 1022 mecum,
2437 957 2784 1020 illuminavit;
2830 955 2882 1007 in
2916 955 3092 1008 vicina
3136 969 3241 1022 qua
3279 951 3536 1016 manebat
3569 948 3762 1006 casala

2171 1051 2356 1106 furens
2404 1048 2706 1103 incendium
2758 1045 3020 1099 exstinxit
3050 1062 3062 1097 :
3102 1041 3432 1098 inﬁrmitatis
3462 1058 3571 1098 sua:
3603 1041 3762 1096 dolo-

2173 1159 2283 1199 rem
2317 1145 2453 1213 (crat
2481 1141 2676 1210 quippe
2707 1131 2836 1191 lirso
2872 1137 3007 1206 pede
3051 1133 3264 1205 debilis)
3292 1133 3502 1208 ccelesti
3542 1149 3603 1188 se
3634 1133 3769 1186 visi-

2173 1243 2317 1289 tante
2349 1245 2574 1302 persona
2621 1217 2985 1296 chuperavit.
3025 1224 3268 1280 Saxones
3309 1234 3362 1280 et
3393 1224 3529 1279 Picti
3570 1232 3767 1278 contra

2175 1327 2422 1380 Britones
2448 1338 2511 1378 eo
2540 1331 2777 1390 tempore
2807 1315 3004 1373 bellum
3033 1317 3350 1387 intulerunt,
3374 1317 3468 1372 sed
3487 1313 3771 1370 Germano

2176 1407 2326 1473 ducis
2378 1417 2608 1471 cilicium
2662 1422 3002 1480 asSumentc,
3033 1411 3387 1482 precibusque
3436 1425 3543 1463 non
3597 1408 3768 1462 armis

2175 1511 2500 1572 dimicante,
2531 1509 2712 1560 hostes
2760 1505 2810 1558 in
2861 1503 3042 1572 fugam
3085 1512 3388 1557 vertuntur.
3420 1501 3552 1555 Post
3600 1499 3772 1553 multa

2173 1605 2432 1658 virtutum
2459 1599 2709 1670 insignia,
2747 1597 3057 1654 Ravennam
3096 1611 3193 1666 pro
3223 1609 3354 1664 pace
3386 1593 3768 1646 Armoricana:

2180 1695 2356 1765 gentis
2399 1691 2796 1762 supplicaturus
2846 1689 3081 1751 advenit,
3121 1687 3298 1756 ibique
3325 1701 3354 1738 a
3385 1683 3773 1738 Valentiniazm

2178 1785 2476 1842 honorifice
2526 1791 2836 1850 susceptus,
2880 1787 3001 1850 post
3048 1777 3248 1845 aliquot
3295 1776 3407 1828 dies
3445 1774 3605 1826 ﬁnem
3644 1773 3775 1826 vitae

485 1891 755 1946 conditam
776 1929 791 1954 ,
841 1903 872 1941 a
911 1903 974 1941 se
999 1900 1211 1955 quoque
1256 1884 1522 1946 eamdem,
1563 1883 1755 1951 inquit,
1793 1893 2072 1933 consecra-
2109 1869 2150 1926 Β
2180 1878 2428 1951 prmsenti
2456 1875 2728 1947 imposuit,
2757 1885 3058 1943 corpusque
3089 1869 3255 1939 ipsius
3284 1868 3351 1921 ad
3393 1881 3547 1921 suam
3577 1864 3775 1920 urbem

489 1991 618 2036 tam.
657 1978 888 2033 Tantum
918 1994 1013 2032 eos
1039 1977 1294 2047 praecepit
1342 1976 1546 2028 intrare
1593 1974 1950 2043 precibusque
1979 1970 2072 2022 de-

487 2073 625 2127 votis
655 2071 829 2126 locum
857 2067 1222 2140 frequentare.
1257 2067 1498 2134 Qualiter
1528 2074 1707 2118 autem
1733 2063 1944 2118 civibus
1976 2076 2074 2130 per

487 2173 730 2221 sanctum
757 2162 1141 2232 archangelum
1173 2159 1484 2215 cmlestibus
1511 2157 1746 2212 ostensis
1776 2154 2092 2219 miraculis,

487 2260 714 2315 victoria
745 2259 811 2313 de
856 2257 1104 2312 hostibus
1153 2253 1345 2308 collata
1378 2253 1479 2315 sit,
1514 2261 1680 2319 atque
1722 2249 1786 2302 de
1831 2249 2073 2318 ejusdem

490 2353 592 2406 loci
621 2352 725 2405 situ
759 2348 1250 2414 miraculorumquc
1289 2343 1486 2397 ibidem
1515 2351 1855 2396 ostensor-um
1891 2353 2076 2393 mune-

491 2444 736 2507 rositate,
767 2442 818 2495 in
857 2440 1127 2509 plerisque
1151 2435 1426 2490 codicibus
1453 2435 1714 2504 scriptum
1743 2432 2000 2501 reperies.

561 2533 603 2587 ll
661 2532 794 2588 ΚΑι..
824 2528 1027 2586 Ocron.
1053 2557 1124 2568 —-
1145 2526 1202 2581 ln
1241 2535 1421 2579 castro
1443 2523 1629 2579 Gallias
1671 2521 1930 2576 Solodoro
1955 2534 2076 2589 pas-

495 2625 576 2680 si‘o
608 2631 915 2678 sanctorum
945 2629 1241 2690 martyrum
1266 2615 1500 2672 Victoris
1531 2624 1584 2669 et
1616 2612 1737 2668 Ursi
1765 2628 1832 2666 ex
1867 2613 2076 2679 legione

491 2711 865 2772 'l‘hebaeorum.
904 2711 1004 2779 Qui
1045 2711 1197 2782 jussu
1243 2706 1550 2761 Maximiani
1602 2705 1668 2758 ab
1700 2703 1917 2757 llirtaco
1945 2702 2080 2756 diris

491 2807 767 2879 suppliciis
798 2804 1043 2869 cruciati,
1081 2802 1275 2857 deinde
1305 2802 1358 2855 in
1402 2800 1576 2870 ignem
1605 2796 1776 2861 missi,
1802 2803 2078 2863 postremo

496 2903 672 2976 gladio
690 2900 1054 2956 consummati
1083 2908 1227 2953 sunt.

563 2993 765 3051 Eodem
795 2995 881 3048 die
911 2991 1048 3064 apud
1091 2989 1404 3046 Bethlehem
1440 2985 1591 3042 Iudae
1617 2983 1879 3054 depositio
1902 2981 2076 3036 sancti

496 3086 806 3159 Hieronymi
851 3084 1175 3157 presbyteri.
1227 3080 1346 3145 Hic,
1392 3089 1550 3133 natus
1595 3078 1649 3131 in
1689 3076 1884 3146 oppido
1932 3072 2075 3126 Stri-

494 3181 668 3244 donis,
694 3179 834 3249 quod
864 3176 1140 3232 Dalmatia:
1171 3173 1436 3244 quondam
1477 3168 1871 3238 Pannonizeque
1910 3164 2076 3219 conli-

495 3273 646 3327 niurn‘
670 3237 792 3334 biit,
816 3278 968 3338 patre
993 3237 1244 3329 Eusebio,
1276 3273 1479 3319 vestem
1507 3261 1703 3316 Christi
1731 3237 1860 3329 puer
1890 3256 2076 3311 Itonia:
2104 3237 2148 3298 Ο

495 3365 754 3433 suscepit,
781 3363 960 3432 ibique
985 3360 1180 3415 litteris
1201 3358 1404 3413 G‘rsccis
1431 3371 1493 3409 ac
1521 3354 1727 3408 Latinis
1760 3369 1789 3405 a
1820 3351 2080 3420 primmvo

495 3457 737 3512 eruditus
776 3464 878 3519 est,
923 3451 1426 3524 probatissimorum
1454 3461 1667 3517 quoque
1691 3443 2080 3498 monachortm

498 3534 739 3604 habitum
790 3543 1099 3611 factumque
1154 3541 1394 3594 imitatus
1444 3545 1556 3600 est;
1615 3533 1872 3588 Romana:
1916 3533 2081 3585 etiam

496 3639 752 3694 Ecclesia:
812 3636 1098 3707 presbyter
1153 3633 1433 3686 ordinatus
1484 3635 1800 3683 cunctorum
1841 3622 2081 3692 judicio,

499 3730 846 3803 dignissimus
878 3741 1087 3783 summo
1124 3723 1428 3780 sacerdotio
1453 3734 1573 3775 esse
1609 3717 1940 3773 decernitur.
1977 3712 2083 3767 Sed

499 3833 784 3897 postquam
839 3819 1152 3876 aemulorum
1201 3816 1396 3871 invidia
1452 3813 1624 3867 Roma
1673 3809 1937 3880 eﬂugatus
1977 3813 2081 3869 est,

497 3895 817 3984 Gregorium
851 3908 1250 3965 Nazianzenum
1283 3900 1940 3971 Constantinopolitanum
1966 3895 2082 3964 epi-

497 4023 716 4081 scopum
747 4006 984 4061 discendi
1036 4004 1204 4076 gratia
1238 4002 1421 4056 adivit.
1453 3999 1581 4053 lude
1616 3996 1828 4067 Syriam
1873 3992 2078 4063 petivit,

497 4123 561 4162 ac
619 4107 832 4159 deserta
881 4099 999 4155 loca
1054 4097 1357 4158 accedens,
1415 4093 1468 4146 in
1529 4089 1747 4144 horrida
1799 4084 2084 4140 solitudine

497 4192 907 4267 quadriennium
967 4188 1144 4257 exegit
1193 4201 1206 4237 :
1259 4183 1379 4238 dein
1444 4177 1761 4233 Bethlehem
1827 4173 2082 4243 Oppidum

500 4290 710 4353 adiens,
748 4286 800 4340 in
845 4295 1082 4354 przesepe
1121 4275 1334 4332 Domini
1367 4271 1601 4342 prudens
1632 4283 1690 4323 se
1728 4263 1926 4320 animal
1957 4278 2087 4317 con-

499 4380 624 4436 tulit
668 4388 1101 4449 permansurum.
1130 4366 1358 4435 Quantis
1388 4363 1460 4417 ibi
1496 4362 1674 4415 denuo
1717 4357 1913 4427 vigiliis
1942 4353 2084 4425 jeju-

498 4444 710 4540 niisqtie
749 4463 1027 4527 institerit,
1058 4460 1201 4532 quali
1231 4454 1484 4512 instantia
1517 4450 1863 4505 Hebraeorum
1896 4444 2086 4498 biblio-

503 4563 688 4617 thecas
723 4559 943 4613 auribus
976 4553 1285 4607 Latinorum
1327 4544 1639 4607 inseruerit,
1684 4540 1832 4594 novit
1877 4537 1962 4590 ille
1997 4535 2083 4589 cui

2177 1973 2404 2028 relatum
2441 1978 2544 2024 est.

2247 2062 2432 2118 Tomis
2462 2059 2682 2114 civitate
2718 2062 3028 2111 sanctorum
3055 2051 3248 2119 Prisci,
3278 2047 3576 2108 Crescentii
3614 2043 3793 2122 [αι-εί

2173 2156 2398 2228 scentis]
2417 2198 2429 2220 ,
2463 2153 2701 2224 Evagrii.

2253 2250 2438 2304 Remis
2469 2247 2641 2301 sancti
2670 2243 2913 2299 Remedii
2942 2241 3176 2313 episc0pi
3199 2249 3253 2294 et
3284 2236 3634 2300 confessoris,
3671 2234 3790 2289 viri

2177 2342 2498 2400 clarissimae
2528 2336 2741 2390 virtutis
2768 2344 2822 2389 et
2849 2333 3174 2389 sanctitatis.
3215 2331 3313 2386 Hic
3353 2339 3568 2401 gentem
3596 2326 3777 2380 Fran-

2175 2449 2362 2491 corum
2391 2429 2546 2484 idolis
2567 2428 2830 2490 deditam,
2857 2441 2982 2496 rege
3007 2425 3242 2494 ipsorum
3262 2419 3511 2493 primitus
3533 2420 3776 2481 initiata,

2178 2523 2449 2582 convertit
2488 2522 2553 2576 ad
2580 2519 2874 2575 Christum.
2913 2517 3012 2571 Hic
3059 2511 3200 2570 inter
3225 2526 3419 2569 caetera
3449 2511 3593 2567 facta
3623 2511 3778 2582 puel-

2177 2615 2285 2670 lam
2319 2631 2346 2667 a
2390 2611 2583 2667 mortis
2631 2606 2845 2662 vinculo
2892 2607 3189 2661 suscitavit.
3241 2605 3593 2676 Septuaginta
3647 2601 3779 2674 plus

2179 2707 2358 2762 minus
2393 2718 2564 2758 annos
2595 2702 2648 2756 in
2676 2701 2806 2770 epis
2829 2707 2990 2768 opatu
3019 2697 3327 2768 complevit.

2251 2819 2314 2873 Vl
2359 2816 2492 2873 Non.
2538 2815 2742 2872 Ocron.
2774 2843 2844 2852 —
2873 2812 3088 2867 Eusebii
3139 2827 3322 2883 papas,
3374 2810 3464 2880 qui
3520 2809 3658 2864 sedit
3717 2809 3773 2862 in

2177 2914 2498 2986 episcopatu
2546 2923 2717 2964 annos
2769 2915 2996 2974 septem,
3049 2904 3289 2974 sepultus
3334 2903 3418 2956 via
3471 2903 3669 2972 Appia,
3719 2901 3779 2955 in

2179 3003 2491 3059 ccetneterio
2537 2999 2774 3056 Callixti.
2820 2996 2986 3065 Cujus
3036 3004 3274 3064 tempore
3329 2993 3607 3047 Dominica
3645 3007 3782 3046 crux

2181 3095 2393 3149 inventa
2427 3101 2528 3148 est.
2563 3092 2659 3147 llic
2686 3091 2974 3146 haereticos
3006 3087 3211 3141 invenit
3251 3085 3303 3139 in
3347 3084 3486 3140 Urbe
3506 3126 3520 3150 ,
3549 3099 3688 3153 quos
3710 3083 3782 3136 ad

2181 3205 2374 3246 manus
2403 3187 2804 3258 impositionem
2842 3180 3233 3239 reconciliavit.

2253 3303 2408 3373 Apud
2476 3299 2840 3353 Nicomediam
2911 3294 3165 3350 nativitas
3238 3290 3408 3346 sancti
3481 3289 3783 3344 Eleutherii

2183 3396 2461 3468 martyris.
2495 3392 2761 3463 Tempore
2789 3388 3105 3445 Diocletiani
3144 3385 3366 3455 contigit
3396 3383 3658 3454 palatium
3688 3385 3776 3436 in-

2184 3489 2376 3545 cendio
2430 3484 2784 3555 conﬂagrare,
2837 3481 2978 3552 quod
3029 3479 3324 3546 imperator
3366 3490 3396 3528 a
3445 3473 3780 3530 Christianis

2186 3578 2319 3633 falsa
2365 3576 2673 3646 suspicione
2703 3573 2904 3628 factum
2941 3579 3158 3641 putans,
3204 3565 3368 3636 jussit
3392 3580 3582 3619 omnes
3621 3564 3787 3618 Chri—

2187 3672 2392 3726 stianos
2440 3667 2648 3738 colligi,
2681 3676 2734 3720 et
2781 3665 2916 3719 alios
2963 3661 3180 3732 quidem
3222 3658 3399 3730 gladio
3445 3657 3784 3716 detruncari,

2189 3763 2324 3817 alios
2374 3761 2588 3830 ignibus
2637 3755 2994 3813 concremari.
3049 3753 3289 3819 Quorum
3333 3749 3569 3818 primus,
3605 3756 3660 3801 et
3690 3746 3787 3816 qui

2187 3869 2376 3908 omnes
2423 3852 2490 3906 ad
2528 3849 2847 3922 martyrium
2887 3848 3215 3907 hortaretur,
3249 3849 3368 3896 erat
3410 3839 3786 3910 Lcudegarius

2189 3940 2620 4016 [Eletitherius].
2675 3941 2827 3994 Tunc
2875 3937 3092 4006 quidam
3139 3932 3371 3988 ﬂammis
3425 3930 3631 4000 injecti,
3691 3931 3789 3985 alii

2191 4038 2369 4107 gladio
2403 4034 2672 4098 trucidati,
2716 4033 2770 4087 in
2806 4031 3025 4102 pelagus
3055 4029 3219 4084 etiam
3267 4025 3484 4097 plurimi
3526 4032 3655 4078 sunt
3693 4024 3792 4078 de-

2189 4131 2376 4185 mersi.
2412 4130 2611 4183 Verum
2647 4127 2834 4180 beatus
2863 4122 3228 4185 Eleutherius,
3257 4117 3668 4173 itnnianissimis
3698 4117 3790 4171 diu

2191 4221 2534 4275 excruciatus
2569 4216 2884 4280 tormentis,
2923 4216 2990 4268 ad
3020 4213 3265 4267 ultimum
3310 4210 3544 4264 ﬂaminis
3577 4209 3789 4262 innuis-

2189 4326 2301 4374 sus,
2334 4309 2580 4378 martyrii
2608 4307 2841 4377 palmam
2872 4313 2955 4360 est
2986 4303 3232 4373 adeptus.

2260 4421 2316 4476 ln
2375 4420 2578 4474 Atratis
2625 4414 2996 4491 [Atrebatis],
3049 4414 3169 4468 villa
3218 4411 3550 4485 Syrricinio,
3611 4409 3794 4482 passio

2191 4515 2364 4570 sancti
2397 4512 2733 4583 Leodegarii,
2761 4507 3264 4580 Augustodunensis
3294 4504 3555 4575 episcopi.

501 4653 726 4711 sudores
775 4666 899 4706 suos
947 4645 1260 4702 immolavit.
1301 4639 1567 4700 Tandem,
1623 4643 1742 4704 post
1791 4630 2085 4700 perfectam
2117 4603 2165 4663 ί)
2264 4627 2307 4681 V
2339 4625 2475 4682 Non.
2505 4626 2780 4680 Ocroa.»
2797 4622 3063 4678 Nativitas
3088 4622 3257 4676 sancti
3281 4617 3526 4688 Dionysii
3551 4617 3792 4686 Al‘enpa-

499 4743 860 4818 placitumque
883 4739 991 4793 Deo
1014 4733 1501 4792 conuersationem,
1530 4724 1874 4792 nonagesimo
1895 4729 2086 4774 octavo

500 4816 674 4891 anatis
721 4848 829 4887 suae
861 4845 1001 4883 anno
1046 4830 1186 4896 apud
1235 4822 1545 4878 Bethlehem
1577 4817 1831 4888 oppidum
1864 4816 1915 4868 in
1959 4825 2088 4883 pace

501 4925 725 4996 quievit,
757 4922 994 4980 secundo
1016 4917 1285 4974 Kalendas
1318 4912 1586 4973 Octobris,
1621 4908 1939 4964 duodecimo
1979 4903 2086 4957 Ho-

502 5018 642 5074 norii
693 5015 1032 5088 imperatoris
1079 5025 1239 5065 anno.
1275 5008 1467 5062 Libros
1512 5019 1639 5059 suos
1688 5017 1785 5072 per
1819 5000 2088 5069 quinqua-

506 5112 654 5184 ginta
698 5118 752 5166 et
790 5125 883 5164 sex
924 5120 1094 5162 annos
1137 5101 1390 5160 confecit.

1109 5217 1322 5282 OCTO
1333 5217 1501 5276 BER.

509 5329 744 5396 Mensis
795 5321 1086 5388 Octobris
1125 5319 1300 5381 habet
1347 5313 1476 5376 dies
1533 5330 1710 5378 xxxx,
1765 5310 1895 5372 Iun.
1952 5327 2094 5371 vero

1225 5415 1372 5459 XXX.

581 5509 714 5567 ΚΜ..
785 5508 985 5564 Oc'rou.
1036 5532 1107 5544 —-
1157 5499 1312 5569 Apud
1384 5493 1815 5550 Antissiodorum
1901 5489 2097 5545 natalis

513 5601 686 5661 sancti
716 5596 970 5657 Germani
1019 5591 1275 5664 episcopi.
1311 5589 1412 5656 Qui
1449 5590 1518 5643 ob
1555 5586 1896 5642 refutandam
1941 5582 2112 5638 Pela-I

513 5700 686 5770 gianaa
740 5692 962 5750 haeresis
1025 5687 1344 5760 perlidiam,
1398 5682 1639 5737 onmium
1695 5679 2095 5734 Gallicanorum

513 5787 826 5857 pontificum
868 5781 1108 5852 judicio,
1161 5776 1466 5832 Britannias
1514 5773 1764 5828 mittitur.
1810 5773 1868 5827 ln
1921 5771 2096 5826 medio

517 5873 681 5945 ip’tur
703 5873 905 5958 pelagi,
935 5886 1055 5926 cum
1090 5869 1190 5924 iter
1236 5869 1425 5922 beatus
1471 5861 1711 5934 pontifex
1757 5871 1962 5932 ageret,
1996 5862 2096 5916 ini—

2197 4723 2350 4792 gitae,
2379 4721 2466 4788 qui
2509 4721 2575 4774 ab
2607 4715 2850 4787 apostolo
2895 4714 3061 4769 Paulo
3087 4715 3155 4768 ad
3189 4713 3345 4767 tidem
3393 4711 3657 4764 deductus
3679 4749 3694 4766 .
3724 4709 3793 4762 ab

2199 4815 2316 4883 ipso
2345 4814 2505 4867 etiam
2550 4812 2758 4880 primus
2805 4809 3138 4862 Athenarum
3183 4805 3465 4876 episcenos
3513 4811 3597 4856 est
3644 4801 3794 4853 ordi-

2201 4912 2380 4965 natus,
2412 4910 2464 4955 et
2513 4901 2612 4955 sub
2648 4900 2887 4953 Adriano
2933 4897 3211 4967 principe,
3261 4904 3382 4966 post
3423 4893 3790 4948 clarissimam

2201 4993 2325 5048 iidei
2370 4991 2769 5049 confessionem
2801 4999 2856 5045 et
2891 4989 3214 5058 gravissima
3255 4996 3653 5041 tormentorum
3704 4999 3791 5055 κθ.

2201 5099 2350 5146 nera,
2385 5084 2648 5154 martyrio
2678 5091 2970 5137 coronatus
2997 5088 3102 5136 est.

2271 5198 2423 5266 Apud
2454 5197 2705 5264 antiquos
2740 5194 2982 5249 Saxones
3008 5190 3204 5247 natalis
3228 5201 3540 5245 sanctorum
3576 5190 3714 5243 Edili
3741 5198 3796 5244 et

2204 5287 2475 5342 Evaldorii
2545 5286 2806 5358 [duorum
2871 5280 3266 5354 Envaldorum]
3320 5283 3790 5353 presbyterorum.

2202 5379 2302 5446 Qui
2333 5395 2453 5434 cum
2480 5378 2846 5432 Willohrordo
2883 5376 3135 5446 episeopo
3164 5375 3446 5429 venientes
3482 5375 3532 5427 in
3561 5372 3794 5427 Germa-

2203 5475 2382 5540 niam,
2412 5475 2744 5528 transierunt
2785 5471 2852 5525 ad
2896 5469 3173 5531 Saxones.
3209 5468 3391 5538 ibique
3437 5468 3528 5522 Dei
3565 5465 3793 5520 verbum

2199 5566 2537 5637 praedicando
2586 5579 2615 5617 a
2653 5563 2874 5633 paganis
2911 5555 3077 5616 Occisi
3120 5568 3264 5615 sunt.
3295 5559 3376 5614 Ad
3402 5573 3633 5628 quorum
3667 5571 3790 5611 cor-

2198 5675 2332 5731 pora
2364 5663 2524 5712 noctu
2573 5656 2662 5709 lux
2709 5669 3005 5725 apparens,
3053 5651 3208 5722 cujus
3249 5659 3432 5706 essent
3479 5648 3658 5703 meriti
3701 5647 3795 5702 de-

2202 5751 2451 5807 claravit.

2275 5861 2338 5914 lV'
2372 5859 2504 5916 Non.
2535 5859 2734 5914 Ocrou.
2758 5856 2988 5926 -—Apud
3012 5853 3327 5911 Corinthum
3359 5854 3535 5926 Crispi
3567 5863 3619 5909 et
3642 5849 3789 5917 Gaii,
