4046 6494
310 428 447 483 1157

1320 426 1938 485 MARTYROLOGIUM.
1977 462 2045 471 —
2075 430 2279 487 MENS.
2320 430 2559 490 OCTOB.

3428 438 3565 491 1158

309 556 537 612 quorum
571 538 843 608 apostolus
891 537 1089 595 Paulus
1131 537 1183 593 in
1212 532 1449 609 Epistola
1487 540 1553 593 ad
1584 540 1890 594 Corinthios
1918 546 1963 603 Α
1994 540 2126 594 nihil
2148 540 2434 595 laederetur
2460 542 2526 594 ab
2553 542 2696 609 igne,
2727 540 2988 597 decollata
3014 550 3135 599 est:
3166 543 3317 615 cujus
3341 541 3407 600 de
3428 543 3565 601 collo

307 631 551 686 meminit
581 630 629 701 (1
664 629 785 684 Cor.
818 631 891 701 v).

376 722 430 775 ln
459 722 689 794 .sEgypto
720 732 1029 777 sanctorum
1056 732 1349 794 martyrum
1387 721 1552 777 Marci
1579 734 1631 776 et
1658 722 1880 778 Marcel-

306 816 430 871 liani
464 814 714 880 fratrum,
747 825 800 869 et
831 832 951 870 cum
1000 817 1078 871 eis
1125 817 1354 870 aliorum
1394 818 1687 887 promiscui
1719 832 1880 872 sexus

304 906 776 961 immmerabilium
814 926 826 959 :
872 923 1097 978 quormu
1151 907 1239 961 alii
1290 906 1516 961 [laminis
1548 907 1750 972 traditi,
1787 908 1876 961 alii

302 1002 355 1056 in
389 1016 534 1055 mare
564 1000 817 1065 demersi,
841 999 1079 1055 nonnulli
1109 1000 1283 1054 inedia
1313 1001 1636 1070 consumpti,
1663 999 1876 1069 quidam

300 1097 554 1167 patibulis
584 1095 746 1161 afﬁxi,
778 1096 975 1152 caelum
1010 1105 1343 1152 meruerunt.

368 1188 429 1241 lll
462 1186 594 1243 Non.
638 1186 839 1243 Ocrea.
864 1189 1106 1259 -—Apud
1158 1188 1396 1244 Siciliam
1437 1188 1640 1244 Placidi
1679 1200 1733 1245 et
1774 1191 1883 1245 En-

299 1281 461 1353 tycbii
495 1280 828 1349 aliorumque
857 1282 1096 1352 triginta.

368 1372 423 1425 lu
451 1370 657 1435 Galliis,
697 1371 916 1427 civitate
954 1371 1227 1437 Valentia,
1258 1372 1580 1444 Apollinaris
1616 1373 1873 1445 episcopi,

295 1464 588 1519 virtutibus
626 1473 680 1518 et
705 1465 965 1536 martyrio
994 1466 1238 1535 insignis.

320 1626 323 1633 Α
370 1557 523 1629 Apud
550 1558 868 1613 Eumeniam
902 1558 1154 1615 Thrasea:
1187 1560 1421 1630 episcopi
1458 1562 1717 1633 martyrio
1747 1578 1876 1616 con-

293 1647 569 1713 summati,
607 1648 697 1717 qui
743 1665 880 1705 unus
924 1666 991 1705 ex
1018 1652 1274 1721 antiquis,
1325 1653 1414 1720 qui
1455 1654 1606 1723 quasi
1657 1670 1724 1707 ex
1769 1663 1879 1707 tra-

293 1736 498 1791 ditione
540 1737 784 1806 priorum
836 1754 893 1794 se
958 1741 1232 1810 accepisse
1285 1742 1478 1795 asserit
1539 1742 1873 1797 Salvatorem

288 1828 611 1903 prrecepisse
653 1829 911 1899 apostolis
955 1846 1020 1885 ne
1068 1840 1193 1887 ante
1246 1831 1619 1888 duodecimum
1673 1850 1873 1889 annmn

291 1920 630 1976 discederent
662 1922 730 1976 ab
762 1922 1165 1995 Hierosolymis.

359 2010 399 2064 H
434 2010 565 2064 Non.
599 2009 800 2068 Ocrea.
826 2043 894 2052 ——
916 2012 1071 2082 Apud
1104 2014 1340 2084 Capuam
1382 2025 1691 2072 sanctormn
1732 2017 1872 2073 Mar-

287 2103 427 2166 celti,
456 2104 622 2169 Casti,
654 2103 888 2170 Emilii,
930 2105 1227 2162 Saturnini.

310 2258 315 2271 ί
354 2194 410 2249 lu
440 2194 647 2260 Galliis,
674 2195 895 2251 civitate
933 2196 1176 2265 Agenno,
1220 2199 1367 2255 Fidis
1410 2198 1606 2274 [Fidei]
1640 2202 1869 2272 virginis

285 2297 335 2341 et
388 2288 677 2358 martyris,
735 2288 887 2356 cujus
936 2290 1182 2361 exemplo
1230 2292 1416 2347 beatus
1465 2293 1756 2363 Caprasius
1802 2295 1871 2350 ad

285 2378 601 2449 martyrium
631 2379 900 2435 animatus
939 2391 1041 2435 est.

352 2464 553 2523 Eodem
595 2470 679 2523 die
723 2468 943 2536 Sagaris
983 2471 1239 2541 martyris
1282 2481 1335 2526 et
1388 2473 1626 2543 episcopi
1674 2473 1870 2530 Laodi-

283 2562 480 2627 censis,
507 2561 599 2632 qui
628 2578 765 2618 unus
795 2561 896 2617 fuit
935 2563 1001 2618 de
1046 2565 1190 2619 beati
1241 2564 1391 2620 Pauli
1430 2568 1659 2638 apostoli
1706 2568 1869 2624 disci-

282 2656 441 2711 oulis.

350 2746 484 2801 Non.
509 2746 712 2803 Ocron.
750 2777 821 2787 —
847 2746 1055 2814 Romae,
1086 2749 1172 2803 via
1210 2748 1401 2820 Appia,
1452 2753 1648 2808 natalis
1691 2755 1866 2809 sancti

280 2838 448 2894 Marci
486 2841 723 2910 episcopi
750 2849 805 2896 et
844 2840 1192 2897 confessoris.
1224 2843 1322 2909 Qui
1355 2845 1547 2901 sedens
1578 2847 1630 2901 in
1660 2849 1866 2917 episco-

278 2941 404 3000 patu
432 2946 601 2987 annos
627 2932 783 2997 duos,
816 2948 1029 2987 menses
1060 2948 1272 3001 novem,
1308 2936 1527 3007 triginta
1561 2939 1695 3004 dies,
1738 2956 1867 2995 con-

286 3023 459 3078 stituit
488 3032 544 3076 ttt
583 3024 874 3093 episcopus
916 3023 1101 3091 Ostiae,
1136 3026 1227 3096 qui
1258 3031 1860 3103 consecrateoiscopos,

277 3116 437 3185 pallio
469 3125 732 3170 uteretur.

349 3206 548 3261 Eodem
573 3207 659 3262 die
689 3216 1002 3262 sanctorum
1021 3207 1198 3276 Juliae,
1229 3209 1403 3282 Sergii
1426 3222 1481 3267 et
1510 3213 1727 3281 Bacchi,
1761 3217 1859 3270 sub

277 3299 604 3357 Maximiano
634 3303 979 3373 imperatore.
1009 3304 1067 3358 ln
1093 3305 1245 3373 cujus
1274 3308 1471 3377 palatio
1497 3306 1720 3379 Sergius
1750 3309 1860 3379 pri-

278 3393 549 3459 micerius,
568 3393 807 3448 Bacchus
825 3410 951 3449 vero
966 3398 1385 3463 secundicrrius,
1400 3414 1523 3455 cum
1548 3401 1686 3469 apud
1712 3415 1863 3454 eum-

277 3485 399 3539 dem
451 3486 831 3557 imperatorem
880 3500 1305 3555 accusarentur,
1362 3493 1470 3545 imo
1518 3494 1861 3549 veracissime

280 3577 836 3647 deprehenderentur,
885 3581 1027 3648 quod
1070 3580 1275 3649 abjccta
1318 3582 1580 3637 idolorum
1625 3584 1857 3650 enltura,

280 3669 391 3721 veri
452 3667 543 3723 Dei
595 3668 830 3724 cultores
887 3670 1204 3736 existerent,
1254 3688 1377 3727 cum
1432 3689 1529 3727 nec
1567 3673 1726 3727 minis
1762 3689 1860 3729 nec

274 3756 660 3812 blandimentis
689 3772 718 3809 a
767 3757 889 3812 fidei
938 3759 1191 3813 firmitate
1235 3769 1451 3829 possent
1485 3762 1661 3827 avelli,
1705 3764 1859 3832 jussu

277 3847 619 3916 imperatoris
648 3848 931 3919 chlamyde
961 3851 1131 3915 exuti,
1155 3850 1507 3905 muliebribus
1533 3862 1655 3907 sunt
1693 3852 1861 3906 induti

275 3942 519 4006 colobiis,
550 3951 605 3996 et
630 3942 707 3996 sic
745 3958 840 4011 per
871 3944 1100 3997 mediam
1136 3944 1413 3998 civitatem
1444 3946 1651 3999 catenis
1687 3947 1860 3999 cervi-

276 4035 426 4089 cibus
458 4036 723 4105 impositis
747 4038 1158 4105 pertrahuntur.
1198 4036 1482 4092 Postretno
1518 4057 1546 4092 a
1579 4040 1713 4093 duce
1740 4039 1856 4093 An-

278 4126 456 4180 tiocho
486 4137 755 4195 praecepto
778 4128 1111 4193 Maximiani,
1142 4128 1216 4182 ita
1262 4136 1385 4182 sunt
1416 4132 1676 4200 martyrio
1706 4146 1859 4185 coro-

276 4216 409 4279 nati,
436 4226 493 4269 ut
520 4215 786 4283 Bacchus,
811 4220 935 4273 dum
957 4230 1213 4275 extensus
1237 4221 1419 4276 crudis
1439 4220 1663 4292 ﬂagellis
1686 4226 1859 4279 caade-

278 4320 429 4365 retur
472 4310 744 4365 emitteret
772 4311 1039 4379 spiritum.
1076 4313 1295 4382 Sergius
1344 4330 1472 4369 vero
1525 4327 1645 4385 post
1694 4318 1858 4372 multa

279 4408 544 4454 tormenta
576 4398 753 4469 gladio
783 4414 956 4454 caesus
981 4409 1081 4455 est.
1102 4402 1340 4467 Quormn
1356 4421 1585 4473 corpora
1613 4409 1859 4463 tollentes

277 4489 590 4554 Christiani,
633 4490 929 4545 honorifice
958 4492 1011 4545 in
1043 4508 1148 4546 uno
1179 4493 1296 4547 loco
1325 4495 1705 4564 sepeliverunt.
1757 4496 1855 4551 Ubi

277 4597 331 4659 et
359 4588 507 4655 virgo
530 4586 688 4651 Julia,
721 4602 837 4655 quae
866 4587 966 4641 sub
1009 4587 1273 4642 Martiano
1297 4590 1525 4657 przeside
1563 4605 1719 4659 passa
1750 4600 1853 4657 est,

280 4680 606 4751 martyribus
627 4680 827 4733 sociata
858 4679 1107 4747 quiescit.

352 4772 549 4826 Eodem
580 4772 664 4827 die
692 4781 1000 4827 sanctorum
1036 4783 1330 4845 martyrum
1362 4773 1596 4829 Marcelli
1636 4786 1691 4830 et
1715 4778 1858 4848 Apu-

278 4865 364 4927 lei,
397 4866 485 4934 qui
519 4866 692 4935 primo
728 4867 1071 4921 adbteseruut
1098 4866 1301 4923 Simoni
1340 4868 1524 4939 Mago;
1548 4872 1641 4925 sed
1673 4873 1859 4927 viden-

280 4969 362 5013 tes
405 4960 671 5014 mirabilia
715 4976 834 5030 qutr
870 4961 1124 5015 Dominus
1163 4977 1258 5031 per
1296 4963 1593 5031 apostolum
1638 4963 1854 5019 Petrum

276 5062 532 5123 operatus
561 5062 663 5118 est,
703 5054 894 5107 relicto
917 5054 1161 5119 Simone,
1186 5054 1492 5125 apostolicae
1513 5071 1571 5110 se
1596 5056 1855 5111 doctrinae

279 5143 638 5207 tradiderunt,
692 5151 745 5197 et
794 5152 913 5212 post
968 5144 1269 5213 passionem
1318 5146 1702 5217 apostolorum,
1757 5147 1858 5217 ipsi

279 5248 494 5305 quoque
529 5235 790 5305 martyrio
827 5236 1069 5289 coronati
1100 5242 1242 5289 sunt.

351 5326 461 5383 Vlll
502 5326 579 5381 In.
619 5328 819 5381 Oc'ron.
856 5354 929 5365 —
969 5323 1124 5394 Apud
1154 5327 1393 5389 tiretam,
1442 5329 1577 5382 urbe
1620 5328 1856 5401 Gortyaa,

278 5421 421 5476 beati
446 5420 676 5491 Philippi
705 5419 965 5489 episcopi,
999 5419 1208 5488 magnis
1234 5419 1523 5473 virtutibus
1560 5420 1680 5475 viri.

352 5510 749 5566 Thessalonica:
776 5510 945 5564 sancti
975 5508 1227 5564 Demetrii
1260 5510 1532 5580 martyris.

350 5601 481 5655 Item
538 5600 791 5655 nativitas
843 5600 1123 5670 Reparatae
1169 5599 1396 5668 virginis
1446 5609 1500 5653 et
1576 5601 1852 5671 martyris,

281 5708 400 5764 qua:
427 5707 580 5763 passa
617 5700 700 5747 est
724 5692 776 5746 in
811 5690 1067 5747 Cmsaraea
1099 5690 1395 5746 Pal-.estina:
1434 5692 1534 5745 sub
1569 5692 1726 5745 Decio
1758 5692 1856 5745 im-

268 5794 547 5855 peratore.
588 5786 715 5853 Quae
762 5794 883 5854 post
922 5783 1135 5838 fervens
1181 5784 1451 5853 plumbum
1492 5793 1545 5838 et
1593 5784 1855 5839 mamillas

284 5875 573 5942 abscissus,
602 5875 654 5929 in
685 5877 954 5930 caminum
983 5874 1144 5929 missa
1172 5884 1252 5928 est
1284 5874 1590 5939 ardentem;
1625 5889 1854 5943 cumque

1886 4650 1935 4707 1)

1985 632 2211 686 candida
2248 634 2359 687 visa
2393 640 2474 687 est
2501 633 2714 687 evolare
2742 634 3008 689 columba.

2055 726 2143 781 νη
2188 727 2260 779 lo.
2297 726 2496 781 Ocrea.
2540 758 2605 766 —
2641 726 2871 783 Abralne
2900 728 3241 798 patriarchm.

2056 817 2204 884 Apud
2229 816 2505 869 l’arasium
2533 815 2814 889 [Parisios]
2838 818 3017 886 passio
3041 817 3277 889 Dionysii
3298 820 3559 894 episcopi,

1983 904 2271 959 Eleutbcrii
2306 907 2603 978 presbyteri
2640 916 2693 960 et
2733 908 2932 963 Rustici
2965 908 3197 964 diaconi.
3227 909 3329 977 Qui
3371 913 3559 968 beatus

1982 1000 2262 1068 episcopus
2302 1017 2327 1051 a
2376 1000 2626 1068 pontifice
2652 999 2894 1053 Romano
2920 1016 3079 1055 causa
3113 1003 3561 1071 peregrinationis

1983 1092 2033 1144 in
2064 1091 2264 1146 Gallias
2310 1094 2562 1158 directus,
2619 1093 2946 1147 Parisiorum
3000 1095 3273 1149 civitatem
3322 1096 3556 1151 devenit.

1985 1183 2083 1240 Ubi
2127 1200 2245 1237 eum
2288 1202 2381 1254 per
2413 1185 2614 1255 aliquot
2645 1202 2812 1241 annos
2848 1185 3124 1241 miraculis
3172 1187 3327 1241 fidem
3360 1186 3559 1243 conﬁr-

1982 1275 2271 1338 mantibus,
2304 1276 2524 1345 populos
2556 1278 2619 1329 ad
2648 1276 2787 1329 viam
2802 1277 3049 1332 veritatis
3069 1285 3387 1333 convertere
3412 1289 3557 1332 sata-

1980 1374 2147 1437 geret,
2174 1384 2200 1418 a
2226 1366 2475 1435 pmsfecto
2502 1369 3055 1437 eomprebensuscum
3071 1367 3294 1424 Rustico
3318 1378 3370 1423 et
3393 1370 3552 1425 Eleu-

1981 1456 2154 1511 therio
2196 1459 2454 1529 martyrio
2494 1470 2780 1515 coronatus
2813 1470 2916 1514 est.

1998 1622 2003 1627 η
2048 1549 2201 1620 Apud
2225 1551 2499 1606 Coloniam
2518 1552 2863 1623 Agrippinam
2886 1553 3077 1609 natalis
3096 1554 3268 1609 sancti
3295 1552 3558 1611 Gereonis

1978 1658 2099 1697 cum
2155 1644 2273 1697 aliis
2310 1645 2566 1699 trecentis
2622 1646 3009 1713 novemdecim,
3069 1661 3204 1716 quos
3266 1644 3439 1703 fertur
3492 1648 3559 1702 de

1978 1736 2185 1807 legione
2220 1739 2360 1793 beati
2394 1740 2623 1793 Manritii
2654 1739 2835 1795 fuisse.
2877 1738 2979 1806 Qui
3011 1750 3330 1811 spernentes
3363 1741 3558 1795 funesti

1977 1826 2286 1882 Maximiani
2319 1829 2625 1899 imperium,
2648 1845 2746 1899 pro
2767 1845 2893 1884 vera
2917 1830 3174 1901 religione
3198 1830 3390 1901 gladiis
3421 1830 3556 1885 colla

1900 1914 1948 1974 Β
1974 1923 2349 1978 subdiderunt.

2048 2012 2112 2067 Vl
2139 2013 2211 2068 In.
2240 2012 2441 2069 Ocron.
2470 2042 2543 2053 —-
2566 2012 2667 2068 Lot
2688 2013 2984 2085 prophetae.

2044 2106 2199 2175 Apud
2226 2106 2441 2161 Cretam
2476 2105 2654 2177 Pinyti
2685 2106 2946 2177 episcopi,
2983 2105 3074 2177 qui
3121 2106 3436 2162 memoriam
3471 2105 3554 2161 sui

1976 2198 2027 2252 in
2057 2199 2277 2268 scriptis
2299 2215 2329 2253 a
2360 2214 2418 2254 se
2442 2199 2601 2254 editis
2628 2199 2804 2253 vivam
2828 2199 3068 2269 reliquit.

2045 2294 2173 2346 Item
2200 2293 2338 2362 apud
2366 2292 2837 2362 Agrippinensium
2865 2292 3053 2347 urbem
3080 2300 3388 2347 sanctorum
3410 2306 3554 2347 mar-

1976 2391 2151 2456 tyrum
2177 2383 2382 2437 Mallosi
2415 2392 2470 2436 et
2500 2382 2751 2438 Victoris.

2040 2475 2096 2529 1n
2124 2475 2400 2529 Britannia
2426 2474 2632 2528 Paulini
2656 2474 2885 2529 Eburaci
2912 2476 3171 2546 episcopi.
3200 2474 3299 2542 Qui
3333 2477 3552 2530 ordina-

1972 2575 2057 2623 tus
2093 2568 2378 2635 episcopus
2411 2581 2441 2617 a
2471 2566 2629 2620 hcato
2657 2564 2833 2629 Justo,
2866 2580 3026 2635 quem
3055 2576 3275 2622 sanctus
3300 2565 3554 2636 Augusti-

1969 2675 2087 2723 nus,
2107 2661 2312 2728 primus
2341 2658 2634 2729 Anglorum
2660 2657 3297 2725 pontifex,cousecravit,
3336 2668 3552 2727 gentem

1967 2751 2477 2815 Northumbrorum,
2522 2750 2625 2805 hoc
2658 2758 2741 2806 est
2784 2765 2903 2805 eam
2956 2752 3226 2803 nationem
3257 2750 3550 2820 Anglorum

1966 2858 2086 2911 qua:
2124 2842 2190 2896 ad
2235 2842 2539 2911 aquilonem
2587 2828 2811 2896 Hum’bri
2858 2840 3094 2897 fluminis
3134 2841 3415 2903 habitabat
3482 2841 3551 2894 ad

1966 2934 2125 2988 [idem
2162 2933 2448 2988 convertit.

1980 3082 1981 3085 η
2038 3026 2076 3081 ν
2111 3028 2185 3082 ln.
2219 3026 2419 3082 Ocrea.
2450 3056 2520 3066 —-
2546 3024 2702 3097 Apud
2741 3025 3030 3090 Tbarsum,
3078 3034 3417 3093 metropottm
3462 3025 3551 3080 Ci-

1966 3119 2120 3183 liciae,
2165 3119 2358 3173 natalis
2390 3117 2620 3173 Tharaci
2650 3118 2947 3188 presbyteri
2987 3114 3195 3189 [Probi]
3242 3125 3296 3169 et
3334 3115 3547 3189 Andro-

1968 3213 2074 3266 nici
2131 3222 2451 3282 martyrum.
2500 3209 2601 3275 Qui
2656 3210 2970 3263 Diocletiani
3021 3210 3397 3279 persecutione
3451 3207 3551 3263 sub

1962 3301 2197 3357 Maximo
2234 3302 2460 3371 praeside
2488 3316 2704 3355 carcere
2734 3302 2925 3371 puniti,
2970 3302 3150 3355 nervis
3196 3299 3341 3366 caesi,
3394 3300 3550 3354 testis

1963 3395 2229 3458 defricati,
2273 3395 2495 3447 ardente
2524 3407 2728 3463 papyro
2775 3392 2985 3455 adusti,
3015 3390 3354 3445 maxillarum
3397 3390 3541 3445 frac-

1964 3494 2137 3541 turam
2165 3494 2217 3537 et
2245 3484 2496 3537 tibiarum
2528 3491 2793 3536 tormenta
2818 3481 3079 3551 perpessi,
3102 3481 3239 3534 aceti
3267 3489 3321 3536 et
3345 3480 3551 3548 sinapis

1964 3580 2017 3634 in
2043 3578 2264 3631 naribus
2292 3578 2554 3631 inlusione
2596 3576 2844 3640 cruciati,
2875 3584 2993 3644 post
3019 3574 3285 3628 obeliscos
3328 3573 3546 3644 ignitus,

1962 3685 2083 3744 post
2114 3672 2355 3726 confixos
2382 3671 2548 3724 clavis
2575 3670 2901 3724 acutissimis
2939 3670 3152 3738 digitos,
3192 3676 3313 3737 post
3358 3670 3546 3721 oculo-

1964 3781 2084 3819 rum
2114 3763 2613 3832 transpunctionem
2642 3762 2941 3831 lingumque
2968 3760 3379 3821 abscissionem,
3410 3759 3548 3814 ursis

1962 3864 2017 3909 et
2048 3856 2290 3909 leonibus
2327 3852 2547 3924 projecti
2576 3865 2719 3907 sunt.
2756 3852 2859 3906 Sed
2881 3868 3001 3907 cum
3028 3852 3222 3906 anulla
3250 3852 3546 3906 bestiarum

1961 3950 2305 4011 lwderentur,
2337 3947 2511 4015 gladio
2535 3946 2789 4016 jugulati,
2824 3946 2965 4011 inter
2987 3959 3213 4013 corpora
3239 3941 3550 3997 interfecto—

1960 4058 2078 4096 rum
2110 4040 2293 4110 projici
2312 4038 2586 4106 jubentur.
2620 4037 2715 4091 Ubi
2740 4045 2899 4092 noctu
2923 4036 3065 4090 velut
3088 4035 3242 4090 stella
3270 4036 3545 4105 splendida

1963 4135 2029 4189 de
2056 4134 2192 4188 coelo
2217 4133 2447 4186 demissa
2481 4147 2641 4200 super
2666 4146 2894 4199 corpora
2929 4141 3243 4184 sanctorum
3278 4129 3544 4184 Christia—

1962 4227 2045 4279 nis
2078 4226 2293 4280 rcvelati
2344 4233 2490 4289 sunt,
2544 4233 2597 4278 et
2643 4223 2882 4292 ejusdem
2926 4222 3116 4276 ducatu
3148 4210 3333 4282 stellae,
3365 4218 3544 4289 sepul~

1962 4326 2097 4371 tune
2136 4318 2440 4370 traduntur.

2033 4408 2095 4461 ιγ
2133 4409 2210 4462 ln.
2234 4408 2436 4462 Ocres.
2468 4436 2541 4447 —-
2571 4406 2725 4474 Apud
2752 4405 3063 4459 Ravennam
3092 4403 3264 4458 sancti
3295 4400 3505 4457 Edistii.

2032 4498 2088 4552 lu
2129 4499 2312 4553 Africa
2360 4507 2670 4552 sanctorum
2716 4497 3085 4552 confessorum
3135 4503 3190 4550 et
3243 4502 3543 4563 martyrum

1961 4602 2191 4664 quatuor
2226 4592 2449 4647 millium
2485 4602 2873 4661 nongentorum
2911 4588 3245 4657 septuaginta
3294 4599 3408 4649 sex,
3450 4583 3542 4652 qui

1965 4687 2338 4754 persecutione
2370 4680 2848 4747 WandalicajuSsu
2873 4677 3165 4733 Hunnerici
3192 4676 3333 4746 regis
3352 4675 3539 4731 Ariani

1962 4775 2105 4829 inter
2132 4773 2345 4827 Mauros
2376 4772 2740 4826 ferocissimos
2771 4769 3011 4839 deputati
3041 4776 3184 4823 sunt.
3226 4768 3367 4822 Inter
3405 4781 3541 4836 quas

1960 4876 2117 4921 erant
2154 4865 2417 4935 Cyrianus
2461 4876 2515 4919 et
2560 4863 2729 4928 Felix,
2782 4862 3035 4931 praecipui
3075 4861 3384 4916 sacerdotes
3434 4858 3541 4914 Do-

1961 4962 2114 5017 mini.
2146 4961 2383 5027 Quorum
2411 4960 2501 5012 alii
2526 4959 2651 5012 dum
2682 4956 2956 5011 hastiliqu
2989 4954 3299 5023 cuspidibus
3321 4952 3389 5006 ad
3412 4966 3539 5004 cur-

1960 5050 2183 5106 rendum
2210 5049 2628 5118 impellerentur,
2659 5047 2748 5101 alii
2778 5046 2954 5117 ligatis
2981 5043 3204 5113 pedibus
3230 5055 3327 5110 per
3353 5053 3539 5108 asper»

1962 5143 2097 5196 rima
2135 5140 2499 5203 traherentur,
2533 5148 2641 5193 tam
2664 5138 2784 5192 diro
2814 5136 3067 5202 discerpti
3095 5131 3374 5201 supplicio,
3400 5131 3543 5186 inter

1960 5250 2153 5290 manus
2180 5232 2615 5288 contrahentium
2646 5230 2891 5298 spiritum
2920 5225 3264 5281 exhalabant.

2029 5323 2217 5380 Romae
2247 5322 2440 5378 natalis
2458 5322 2627 5378 sancti
2656 5318 2851 5373 Bedisti
2881 5313 3118 5388 [Edistii]
3147 5313 3417 5383 martyris.

2028 5414 2086 5469 In
2104 5414 2259 5487 Syria
2281 5413 2509 5469 Eustatii
2526 5407 2850 5484 [Eustachii]
2868 5406 3192 5478 presbyteri,
3212 5403 3537 5470 Eucharisti.

1957 5506 2138 5573 Burri,
2169 5506 2375 5563 Bonati.

2030 5597 2086 5651 ln
2116 5595 2409 5664 Campania
2437 5593 2658 5655 Patriae,
2690 5591 3021 5648 Fortunatae.

2029 5690 2091 5743 ιιι
2117 5688 2189 5742 Ιι).
2209 5687 2410 5742 Ocron.
2426 5687 2663 5756 -—Apud
2685 5683 2989 5740 Trohadam
3016 5676 3328 5754 [Troadem]
3353 5674 3533 5745 Carpi,

1959 5778 2201 5848 discipuli
2235 5777 2458 5848 apostoli
2481 5777 2654 5831 Pauli.

2029 5868 2327 5923 Antiochiae
2369 5867 2672 5938 Theophili,
2712 5868 2799 5937 qui
2830 5874 3012 5921 sextus
3047 5864 3113 5918 ab
3144 5860 3399 5932 apostolis
3432 5860 3536 5915 Ec-
