4046 6464
488 359 625 419 “59

1427 349 1488 404 Β.
1529 345 1832 405 NOTKERI
1866 343 2162 401 BALBULI
2203 342 2263 403 S.
2300 344 2505 402 GALLI
2539 344 2845 404 MONACHI

3614 348 3753 404 H60

488 479 666 536 clesim
718 466 1091 544 pontificatum
1122 465 1312 530 tenuit,
1359 465 1442 518 vir
1492 463 1908 520 eruditissimus.
1972 461 2071 514 Hic
2099 462 2146 522 Α
2178 470 2336 514 caute
2365 477 2526 515 manu
2563 501 2578 527 ,
2611 461 2820 516 devicta
2848 500 2864 527 ,
2903 459 3243 530 sanitateque
3272 467 3488 531 recepta
3517 500 3532 527 ,
3567 461 3755 517 solita-

489 567 874 629 conslituitdie
913 563 1159 627 Sabbati,
1184 553 1444 632 jejunium
1495 568 1576 614 ter
1625 559 1677 613 in
1731 573 1877 611 anno
1932 555 2067 621 fieri,

491 660 782 720 secundum
813 653 1172 726 prophetiam,
1197 649 1475 714 frumenti,
1499 649 1608 702 vini
1635 655 1688 702 et
1714 647 1836 701 olei.

2178 552 2310 607 riam
2370 553 2566 607 ducere
2609 555 2773 608 vitam
2821 553 3175 618 desiderans,
3225 555 3627 609 erentisccreta
3654 554 3754 608 soli

2178 641 2286 697 Deo
2315 643 2556 699 vacando
2587 684 2600 709 ,
2631 659 2737 698 non
2763 659 2963 699 vacans
2995 643 3227 699 fovebat.
3272 645 3382 699 Rex
3408 646 3575 716 igilur
3603 645 3760 716 Sige-

561 753 618 805 in
647 738 920 818 Hispaniis
949 742 1151 809 Fausti,
1183 739 1350 796 Marci
1397 746 1452 796 et
1492 739 1672 795 Adrize
1714 736 1978 811 [Januarii
2018 747 2075 791 et
2175 733 2397 798 hertus,
2466 744 2524 787 ut
2579 735 2784 788 audivit
2845 735 2898 788 in
2963 735 3191 804 publicis
3246 751 3367 791 cum
3427 736 3755 790 commorari

497 839 806 912 Martialis].

569 939 625 990 In
652 929 1010 990 Chalcedonia
1035 927 1274 983 Marcelli

566 1027 622 1080 In
661 1022 992 1079 Alexandria
1021 1019 1192 1075 sancti
1228 1015 1503 1074 Anastasii
1532 1013 1790 1086 episcOpi.

565 1116 607 1170 ll
661 1115 732 1168 In.
785 1112 987 1168 Oc'ron.
1018 1139 1089 1152 —
1117 1108 1384 1163 Nativitas
1432 1105 1605 1161 sancti
1639 1103 1850 1159 Callixti
1903 1116 2076 1173 papa},

499 1206 589 1276 qui
618 1205 716 1260 sub
752 1201 1059 1257 Alexandro
1094 1199 1425 1270 imperatore
1456 1195 1776 1267 martyrium
1820 1193 2076 1262 suscepit.

499 1297 786 1365 Postquam
833 1293 975 1348 enim
1017 1289 1388 1345 Palmacbium
1434 1285 1812 1357 proconsulem
1856 1293 1911 1338 et
1939 1281 2099 1337 Sim-'

500 1389 716 1459 plicium
758 1394 1087 1448 senatorem,
1146 1395 1270 1437 cum
1310 1379 1458 1434 omni
1509 1377 1713 1432 familia
1765 1391 1973 1440 eorum,
2020 1389 2085 1430 ac

504 1478 700 1532 multos
737 1475 872 1530 alios
917 1471 1236 1543 baptizavit,
1293 1477 1473 1525 tentus
1521 1476 1604 1525 est
1650 1469 1718 1523 ab
1752 1466 2082 1531 Alexandro,

503 1568 643 1622 fame
670 1565 960 1627 cruciatur,
1010 1561 1241 1617 fustibus
1280 1559 1522 1624 caeditur,
1571 1558 1831 1614 custodia:
1882 1556 2088 1613 manci-

502 1666 682 1728 patur.
724 1655 781 1709 In
824 1668 929 1724 qua
961 1637 1206 1707 custodia
1245 1648 1530 1720 presbyter
1579 1646 1696 1716 ejus
1743 1646 2086 1716 Calepodius,

504 1747 704 1801 dudum
747 1743 1151 1814 martyrizatus,
1210 1755 1334 1796 eum
1385 1738 1618 1794 visitans
1672 1737 2085 1802 consolabatur;

2176 825 2603 894 possessionibus
2629 867 2642 889 ,
2677 825 2839 894 jussit
2886 827 3001 881 fieri
3040 828 3493 897 conscriptionem
3523 827 3751 881 firmita-

2183 914 2249 970 tis
2281 955 2296 980 ,
2327 926 2385 969 ut
2405 915 2489 969 vir
2511 926 2734 972 sanctus
2762 917 2940 972 locum
2963 932 3119 987 quem
3146 918 3416 973 incolebat
3453 933 3549 987 per
3575 928 3764 972 aucto-

2180 1006 2393 1063 ritatem
2442 1009 2756 1074 obtineret;
2813 1009 2955 1063 datis
2997 1010 3160 1064 etiam
3190 1009 3262 1063 illi
3293 1010 3409 1064 auri
3432 1011 3757 1080 argentique

2180 1101 2507 1171 ponderibus
2532 1142 2547 1168 ,
2602 1101 2844 1156 Cunzoni
2895 1102 3018 1157 duci
3067 1103 3348 1172 pratcepit,
3388 1111 3446 1155 ut
3483 1103 3526 1156 si
3565 1101 3763 1156 solitu-

2182 1193 2322 1248 dinis
2366 1193 2538 1248 incola
2559 1193 2721 1248 vellet
2748 1233 2766 1260 ,
2815 1193 3129 1248 solatiorum
3161 1194 3210 1248 ei
3253 1197 3463 1263 copiam
3499 1193 3568 1247 ad
3595 1192 3768 1248 aedili-

2183 1285 2410 1340 candam
2456 1284 2646 1340 cellam
2697 1285 3155 1339 subministraret.
3187 1282 3399 1338 Athleta
3448 1283 3628 1352 itaque
3672 1281 3769 1337 Dei

2184 1377 2464 1448 spirituale
2517 1385 2932 1432 constructurus
2991 1374 3314 1438 aedilicium,
3373 1375 3768 1444 parcimoniaa,

2184 1468 2520 1523 orationibus
2547 1467 2854 1540 vigiliisque
2882 1465 3135 1519 insistens
3158 1504 3172 1530 ,
3201 1463 3456 1534 papulnm
3479 1463 3550 1517 ab
3575 1477 3768 1518 errore

2188 1557 2503 1613 idololatria:
2538 1550 2849 1620 revocavit,
2901 1554 3190 1610 simulacra
3231 1569 3417 1608 eorum
3457 1551 3774 1623 confregit,

2186 1645 2464 1716 signorum
2505 1645 2699 1701 effectu
2739 1644 3181 1713 pradicationem
3223 1658 3382 1698 suam
3426 1640 3778 1696 audientibus

2149 1801 2154 1804 _
2190 1737 2609 1791 commendavit.
2660 1735 2902 1802 Quarum
2945 1733 3388 1788 numerositatem
3415 1771 3431 1796 ,
3469 1731 3596 1800 quia
3638 1729 3780 1784 liber

502 1834 592 1889 ubi
624 1834 786 1888 etiam
817 1832 1064 1896 militem,
1106 1829 1380 1885 Privatum
1418 1827 1658 1893 nomine,
1705 1825 1774 1880 ab
1827 1825 2096 1882 ulceribus
2124 1829 2174 1890 B
2200 1829 2324 1883 vitte
2371 1835 2426 1883 et
2487 1828 2740 1881 virtutum
2791 1826 2907 1897 ejus
2959 1826 3157 1894 ubique
3197 1825 3428 1880 habetur
3453 1832 3506 1877 et
3533 1822 3736 1893 legitur
3762 1861 3780 1887 ,

509 1940 752 1990 sanans,
815 1923 938 1978 fidei
991 1921 1271 1976 catholicze
1320 1918 1656 1990 aggregavit.
1714 1918 1865 1974 Unde
1923 1919 2093 1972 iratus

504 2013 809 2070 Alexander
860 2013 1076 2066 beatum
1117 2009 1408 2064 Callistum
1453 2022 1551 2078 per
1595 2007 1893 2062 fenestram
1947 2007 2093 2062 domi

504 2101 856 2173 przecipitari,
883 2108 939 2156 et
967 2100 1132 2169 ligato
1156 2099 1224 2153 ad
1250 2099 1446 2154 collum
1472 2099 1588 2169 ejus
1609 2113 1763 2163 saxo,
1792 2098 1845 2152 in
1876 2107 2092 2168 puteum

503 2193 661 2264 jubet
701 2192 962 2262 demergi,
996 2199 1052 2245 et
1081 2190 1135 2244 in
1175 2205 1300 2244 eum
1329 2191 1525 2246 rudera
1553 2189 1840 2245 cumulari.
1885 2188 2036 2244 Unde
2065 2204 2097 2244 a

509 2285 621 2342 suis
649 2285 878 2350 levatus,
912 2284 968 2338 in
989 2283 1306 2339 cmmeterio
1330 2282 1605 2354 Calepodii
1635 2291 1718 2338 est
1758 2291 1916 2337 terrae
1949 2295 2098 2337 com-

511 2376 815 2431 mendatus.

583 2467 840 2523 Corduba
873 2464 1049 2522 sancti
1073 2465 1231 2536 Lupi,
1252 2465 1506 2522 Aureliae.

581 2556 844 2629 Lugduno
878 2557 1163 2612 translatio
1189 2555 1329 2612 Justi
1373 2556 1615 2628 episcopi
1647 2563 1705 2612 et
1749 2557 2098 2624 confessoris,

512 2649 603 2721 qui
640 2647 976 2704 eremiticam
997 2648 1198 2703 ducens
1217 2647 1406 2713 vitam,
1423 2647 1742 2720 prophetico
1768 2648 1958 2718 spiritu
1980 2663 2101 2719 quae

510 2749 634 2813 post
666 2755 724 2797 se
753 2749 937 2796 essent
962 2750 1192 2796 ventura
1222 2741 1497 2810 praedixit.

582 2832 659 2887 In.
687 2830 891 2888 Oc'roe.
919 2860 990 2872 —
1023 2829 1083 2885 In
1129 2829 1318 2886 Galliis
1367 2831 1506 2900 apud
1541 2829 1822 2886 Coloniam
1851 2830 2108 2903 Agrippi-'

461 2989 466 2995 ,
514 2938 639 2978 nam
663 2931 971 2978 sanctorum
987 2920 1298 2976 Maurorum
1333 2922 1401 2977 de
1423 2921 1680 2977 militibus
1713 2931 1916 2977 sanctae
1939 2923 2102 2994 legio-

515 3014 600 3069 nis
626 3013 1002 3068 Thebazorum.
1044 3012 1147 3080 Qui
1179 3028 1300 3068 cum
1340 3025 1529 3069 essent
1576 3029 1804 3070 numero
1835 3015 2102 3086 quinqua-

517 3104 688 3174 ginta,
733 3103 996 3172 martyrio
1022 3104 1405 3171 consummati,
1444 3105 1498 3159 in
1547 3105 1737 3160 eadem
1789 3107 1921 3162 urbe
1975 3117 2102 3162 sunt

518 3192 743 3248 conditi.

590 3282 646 3337 In
675 3283 858 3354 Capua
884 3282 1058 3340 Libuli
1081 3293 1137 3340 et
1162 3295 1363 3342 sanctis
1395 3285 1728 3344 Fortunatze.

588 3373 790 3430 Eodem
821 3375 908 3431 die
935 3375 1077 3447 apud
1106 3377 1424 3448 Lugdunum
1449 3379 1699 3435 Antiochi
1737 3381 1996 3454 episcopi.

596 3464 744 3520 XVII
778 3465 913 3522 KAL.
941 3467 1184 3523 Novum.
1211 3499 1280 3510 --
1314 3469 1371 3523 In
1399 3470 1528 3526 Asia
1553 3470 1753 3527 Cerere.

591 3555 650 3612 In
679 3555 860 3613 Africa
887 3558 1242 3615 ducentorum
1270 3561 1612 3635 septuaginta
1653 3566 1856 3634 pariter
1884 3581 2112 3623 corona-

523 3653 726 3701 torum.

594 3737 727 3794 Item
739 3747 1048 3796 sanctorum
1073 3751 1373 3816 martyrum
1396 3744 1666 3812 Martiani,
1691 3748 1962 3819 Satyriani
1986 3765 2110 3806 cum

527 3827 736 3884 duobus
775 3829 1032 3888 fratribus
1056 3847 1268 3900 eorum,
1313 3845 1368 3890 et
1417 3836 1663 3893 Maxima:
1705 3840 1949 3911 virginis.
2009 3840 2112 3908 Qui

527 3921 628 3976 sub
657 3921 935 3979 Geiserico
967 3940 1093 3996 rege
1114 3927 1316 3983 Ariano
1346 3929 1580 3998 primum
1615 3932 1832 3987 nodosis
1880 3933 2115 3990 fustibus

528 4025 700 4080 usque
726 4013 797 4067 ad
822 4029 944 4068 ossa
973 4016 1249 4086 discerpti,
1283 4029 1469 4088 postea
1504 4022 1557 4075 in
1588 4037 1754 4078 nervo
1783 4026 1996 4089 arctati,
2031 4026 2116 4080 di-

528 4102 762 4173 vinaque
817 4105 1018 4160 virtute
1060 4106 1301 4173 liberati,
1342 4112 1604 4167 continuo
1657 4115 1954 4171 incolumes
2005 4115 2116 4171 elli-

531 4192 769 4248 ciuntur.
793 4191 1047 4250 Maximia
1073 4195 1274 4253 Christi
1305 4197 1529 4266 famula,
1559 4202 1800 4267 dimissa,
1824 4206 2117 4260 multarum

533 4284 805 4356 virginum
826 4295 1001 4342 mater
1025 4297 1109 4344 est
1137 4287 1348 4345 effecta.
1376 4290 1588 4362 Reliqui
1619 4292 1774 4362 jussu
1810 4296 2115 4366 impiissimi

533 4377 770 4448 tyranni,
797 4377 978 4450 ligatis
1004 4381 1231 4451 pedibus
1281 4391 1402 4453 post
1445 4393 1595 4454 terga
1623 4387 1956 4441 currentium
1983 4403 2118 4458 qua-

533 4466 830 4539 drigarum,
873 4470 1015 4526 inter
1067 4472 1286 4543 spinosa
1330 4473 1443 4530 loca
1497 4473 1731 4544 discissi,
1764 4479 2025 4534 obierunt
2059 4480 2114 4534 in

537 4555 790 4614 Domino.

533 4666 536 4668 τ
609 4659 636 4688 δ
663 4648 865 4704 Eodem
890 4648 978 4705 die
1006 4654 1146 4722 apud
1177 4652 1505 4710 Alemannos
1524 4695 1539 4722 ,
1567 4657 1659 4727 qui
1683 4667 1739 4712 et
1759 4656 1938 4723 Suevi,
1960 4658 2116 4728 juxta

535 4738 700 4810 Alpes
755 4739 1057 4798 Rhetianas
1086 4783 1104 4811 ,
1148 4745 1414 4815 depositio
1459 4748 1575 4803 sive
1623 4751 1883 4806 transitus
1936 4752 2020 4806 vel
2048 4753 2118 4809 ad

541 4842 804 4890 aeternam
841 4834 1011 4888 vitam
1065 4837 1264 4893 natalis
1296 4839 1414 4894 dies
1441 4878 1459 4907 ,
1486 4839 1785 4896 beatissimi
1813 4841 1952 4898 Galli
1987 4858 2119 4899 con-

537 4923 764 4980 fessoris
793 4963 810 4991 ,
836 4922 1030 4981 festive
1049 4927 1371 4984 celebratur.
1400 4931 1501 4998 Qui
1533 4933 1601 4988 de
1623 4934 1796 4989 insula
1823 4933 2114 5007 Hybernia,

537 5029 659 5084 quae
694 5014 840 5069 inter
866 5015 1206 5073 Britanniam
1254 5029 1310 5077 et
1339 5021 1649 5093 Hispaniam
1676 5027 1779 5081 sita
1807 5038 1924 5094 est,
1951 5028 2120 5085 divini

539 5106 740 5161 amoris
788 5106 1046 5163 instinctu
1105 5124 1226 5164 cum
1279 5115 1538 5184 magistro
1569 5125 1624 5171 et
1659 5119 1853 5174 abbate
1891 5134 1988 5175 suo
2011 5120 2116 5177 Co-

543 5196 802 5286 lumbano
853 5199 1300 5271 peregrinaturus
1362 5219 1460 5274 per
1521 5205 1724 5264 Gallias
1763 5211 1866 5265 iter
1913 5227 2118 5283 agens,

541 5287 921 5342 Alemanniam
974 5290 1254 5362 ingressus
1304 5303 1408 5349 est.
1464 5295 1698 5353 Veniens
1726 5300 1893 5370 igitur
1915 5303 1967 5356 in
2007 5317 2123 5358 ere-

543 5395 690 5435 mum
715 5394 835 5450 quae
857 5382 962 5436 sita
990 5392 1074 5438 est
1103 5385 1246 5440 inter
1271 5385 1435 5456 Alpes
1465 5388 1780 5445 Rhetiarum
1811 5399 1867 5445 et
1904 5391 2121 5464 Brigan-

544 5472 643 5527 tini
673 5473 972 5545 marginem
1003 5474 1150 5531 lacus
1178 5518 1192 5544 ,
1241 5487 1398 5548 patre
1432 5478 1762 5537 Columbano
1792 5482 1995 5539 Italiam
2022 5501 2117 5555 pe-

547 5569 697 5619 tente
720 5602 738 5630 ,
771 5564 1086 5622 infirmitate
1137 5569 1388 5626 detentus
1418 5580 1521 5627 est.
1549 5570 1664 5640 Qua
1693 5613 1708 5640 ,
1738 5573 1918 5630 divina
1947 5577 2117 5632 medi-

621 5750 652 5782 ι
687 5737 880 5798 Omnia
905 5756 970 5799 ex
999 5740 1302 5802 Walal‘rido
1333 5746 1601 5805 Strabono
1627 5748 1930 5824 desumpta.

2195 1917 2462 1986 hodieque
2481 1932 2578 1986 per
2601 1917 2860 1972 miracula
2881 1932 2999 1986 quae
3021 1916 3173 1986 prius
3197 1926 3346 1986 gesta
3371 1923 3498 1970 sunt
3513 1929 3779 1984 augmen-

2197 2017 2380 2064 tantur
2410 2049 2426 2075 ,
2473 2009 2527 2063 in
2559 2009 2967 2078 prasentiarum
3016 2007 3388 2078 supersil.mus
3417 2046 3433 2073 ,
3470 2006 3576 2060 hoc
3603 2005 3784 2060 solum

2195 2113 2684 2160 commemorantes
2728 2101 2869 2171 quod
2900 2101 3080 2156 divina
3110 2102 3283 2170 pietas
3315 2101 3530 2154 beatum
3562 2098 3784 2154 Gallum

2198 2194 2343 2268 genti
2397 2192 2731 2248 Alemannis:
2780 2191 3083 2262 apostolum
3138 2190 3309 2257 fecit,
3344 2191 3434 2261 qui
3467 2191 3782 2254 nationem,

2198 2301 2360 2357 quam
2399 2285 2711 2355 paganismo
2765 2284 3062 2340 involutam
3116 2285 3319 2354 reperit
3348 2323 3364 2349 ,
3397 2282 3520 2337 fidei
3549 2281 3788 2337 veritate

2199 2375 2500 2440 imbutam,
2532 2376 2598 2430 de
2632 2375 2868 2430 tenebris
2892 2376 3207 2446 ignorantia:
3232 2375 3300 2429 ad
3335 2373 3504 2429 solem
3529 2373 3784 2442 justitiz,

2199 2467 2292 2538 qui
2325 2465 2572 2522 Christus
2606 2475 2689 2522 est
2721 2507 2736 2532 ,
2795 2467 2910 2538 ipse
2958 2467 3109 2521 callis
3139 2465 3231 2520 Dei
3281 2465 3453 2521 solers
3494 2466 3676 2520 viator
3703 2480 3789 2519 re-

2201 2557 2395 2624 duxit,
2455 2573 2519 2614 ac
2577 2558 2753 2614 locum
2793 2573 2951 2627 quem
3006 2569 3229 2614 eatenus
3275 2559 3531 2612 humanae
3574 2565 3790 2611 natura

2203 2649 2626 2706 inaccessibilem
2657 2690 2672 2715 ,
2743 2649 2979 2720 solisque
3035 2649 3264 2715 bestiis,
3334 2648 3682 2720 serpentibus
3733 2658 3791 2703 et

2205 2743 2484 2799 daemoniis
2537 2743 2819 2799 obsessum
2866 2744 3070 2800 invenit
3098 2783 3114 2808 ,
3160 2744 3463 2798 exturbatis
3491 2742 3745 2796 hostibus
3769 2781 3786 2808 ,

2205 2835 2473 2891 divinitati
2508 2834 2875 2890 habitaculum
2925 2834 3186 2890 exhibuit.
3221 2833 3518 2894 Videndum
3545 2848 3793 2888 summo-

2205 2930 2332 2996 pere
2369 2941 2435 2980 ac
2460 2927 2757 2980 timendum
2792 2935 2877 2980 est
2921 2941 2987 2981 ne
3009 2925 3414 2980 tabernaculum
3453 2924 3591 2987 Dei,
3632 2924 3783 2994 quod

2207 3017 2667 3073 dei'nonstratione
2705 3017 2886 3072 divina
2915 3018 3207 3086 multisque
3243 3015 3532 3072 sudoribus
3554 3017 3640 3069 vir
3661 3030 3790 3068 san-

2207 3115 2327 3162 ctus
2375 3107 2550 3162 erexit
2582 3146 2596 3172 ,
2628 3099 2891 3177 quodque
2939 3107 3104 3176 regali
3147 3107 3468 3161 auctoritate
3498 3106 3554 3159 in
3585 3112 3792 3158 sortem

2129 3185 2180 3252 C
2209 3210 2264 3255 et
2296 3201 2592 3256 funiculum
2623 3200 2953 3255 hmreditatis
2999 3199 3090 3254 Dei
3123 3207 3525 3270 sequestratum
3553 3204 3656 3260 est,
3687 3198 3792 3250 ali-

2212 3308 2316 3360 qua
2349 3292 2598 3346 humanae
2627 3292 3061 3361 praesumptionis
3107 3290 3410 3348 temeritate
3457 3290 3790 3359 impetatur,

2210 3384 2278 3440 ne
2308 3387 2534 3439 avaritia
2554 3394 2791 3454 occupet
2813 3386 3089 3439 hominum
3118 3425 3132 3448 ,
3173 3383 3314 3454 quod
3354 3399 3383 3436 a
3411 3383 3562 3438 rabie
3587 3383 3793 3437 daemo-

2212 3492 2339 3531 nunt
2381 3487 2436 3530 et
2467 3476 2671 3530 srevitia
2709 3484 3064 3546 expurgatunt
3095 3483 3176 3528 est
3223 3474 3544 3528 belluarurn.
3574 3471 3797 3527 Postre-

2213 3582 2302 3622 mo
2334 3607 2349 3631 ,
2387 3581 2454 3621 ne
2483 3581 2589 3636 quo
2616 3566 2777 3620 delati
2817 3578 2946 3620 sunt
2997 3569 3065 3621 ab
3107 3566 3262 3636 equis
3311 3564 3587 3620 indemitis
3641 3576 3798 3618 artus

2211 3657 2348 3714 Galli
2377 3658 2611 3714 defuncti
2642 3698 2657 3724 ,
2685 3658 2758 3714 ibi
2779 3673 2903 3714 eum
2933 3659 3222 3714 molestare
3250 3666 3548 3728 praesumat
3572 3657 3793 3727 inquie-

2217 3753 2344 3808 tudo
2369 3751 2623 3820 quaelibet
2647 3765 2810 3806 ausus
2841 3751 3083 3805 humani.

2286 3843 2407 3899 XVI
2464 3843 2598 3898 ΚΜ..
2631 3842 2871 3900 Novum.
2898 3871 2971 3883 -—
2992 3842 3218 3897 Martha:
3243 3843 3446 3898 sororis
3475 3840 3671 3896 Lazari
3690 3882 3706 3907 ,
3741 3849 3800 3895 et

2215 3938 2553 4003 Aristionis,
2606 3937 2703 4007 qui
2755 3951 2892 3991 unus
2952 3935 3059 3991 fuit
3109 3951 3179 3992 ex
3223 3935 3565 4006 septuaginta
3627 3934 3796 3988 disci-

2217 4029 2374 4101 pulis.

2286 4120 2418 4175 Item
2463 4119 2661 4174 natalis
2686 4117 2916 4174 Heronis
2941 4158 2957 4184 ,
2986 4117 3077 4188 qui
3105 4127 3224 4189 post
3251 4125 3498 4172 sanctum
3523 4115 3796 4187 lgnatium

2215 4209 2612 4264 Antiochenam
2665 4208 2806 4263 rexit
2834 4207 3128 4263 Ecclesiam
3159 4247 3175 4273 ,
3205 4207 3349 4276 quod
3373 4216 3430 4260 et
3456 4207 3559 4275 ipsi
3587 4206 3800 4274 Iguatio

2217 4297 2284 4352 ad
2333 4298 2640 4368 passionem
2677 4298 2828 4352 eunti
2869 4297 3164 4351 revelatum
3212 4304 3314 4352 est.
3355 4296 3457 4362 Qui
3508 4304 3564 4350 et
3612 4295 3801 4349 vitaet

2218 4391 2480 4462 martyrio
2529 4390 2774 4459 magistri
2824 4389 2909 4444 sui
2948 4388 3191 4444 imitator
3243 4385 3466 4442 effectus
3493 4394 3577 4442 est
3609 4426 3626 4452 ,
3680 4396 3800 4441 erat

2216 4481 2362 4537 enim
2385 4482 2642 4537 diaconus
2660 4480 2873 4552 lgnatii.

2287 4573 2344 4627 In
2373 4571 2563 4628 Galliis
2588 4613 2603 4638 ,
2653 4573 2873 4627 civitate
2918 4572 3180 4627 Arausica
3206 4611 3221 4638 ,
3269 4571 3526 4626 Florentii
3550 4571 3799 4643 episcopi

2219 4662 2310 4733 qui
2338 4662 2520 4717 multis
2541 4663 2831 4716 virtutibus
2859 4662 3037 4718 clarus
3065 4703 3080 4729 ,
3114 4663 3166 4717 in
3190 4676 3325 4733 pace
3346 4662 3572 4731 quievit.

2287 4754 2345 4809 In
2368 4753 2676 4809 Nicomedia
2697 4754 3010 4808 Alexandri.

2288 4844 2347 4900 In
2373 4843 2691 4900 Mauritania
2717 4845 2861 4911 Nini,
2892 4845 3140 4911 Victurii,
3181 4844 3471 4902 Nobilitani
3493 4887 3508 4913 ,
3541 4845 3799 4913 Mariani,

2219 4933 2395 5001 Lucii,
2421 4934 2638 5001 Mittini,
2669 4935 3058 4992 Crescentiani.

2288 5028 2422 5084 Item
2451 5029 2732 5084 translatio
2760 5029 3003 5098 corporis
3027 5030 3202 5084 sancti
3230 5029 3369 5086 Galli
3397 5070 3413 5097 ,
3449 5038 3506 5086 et
3529 5030 3804 5087 dedicatio

2220 5122 2462 5194 Opiparis
2509 5123 2537 5162 δ
2591 5131 2646 5176 et
2693 5122 3086 5176 decentissimas
3134 5123 3368 5178 basilica:
3422 5122 3627 5192 ipsius,
3679 5139 3804 5193 qum

2222 5213 2366 5270 inter
2405 5214 2540 5268 duos
2592 5224 2802 5268 montes
2847 5211 3082 5268 Cirrium
3123 5223 3180 5268 et
3205 5213 3803 5270 Walthrammesberch

2221 5307 2535 5368 constructa
2561 5313 2644 5359 est
2673 5343 2689 5370 ,
2717 5320 2746 5357 a
2777 5305 3004 5360 meridie
3031 5307 3232 5360 habens
3259 5304 3480 5360 ﬂuvrum
3515 5305 3802 5372 Steinaha,

2223 5397 2292 5453 ab
2345 5396 2594 5468 aquilone
2648 5395 2868 5452 fluvium
2913 5397 3166 5468 Nigraha.
3221 5399 3321 5466 Qui
3364 5399 3603 5455 locusex
3633 5400 3804 5470 ipsius

2224 5489 2368 5546 beati
2399 5489 2615 5545 nomine
2640 5490 2811 5544 sancti
2862 5489 3001 5545 Galli
3036 5491 3423 5547 monasterium
3452 5504 3805 5562 cognomina-

2227 5587 2336 5635 tur.
2378 5579 2480 5636 Ubi
2533 5579 2759 5635 Domino
2801 5579 3058 5635 virtutum
3087 5580 3204 5649 ejus
3233 5583 3424 5637 merita
3447 5581 3802 5648 declarante,

2301 5759 2332 5800 ιι
2372 5755 2620 5828 Ορὶρατω
2652 5798 2666 5825 ,
2697 5757 2752 5815 id
2777 5767 2859 5815 est
2885 5757 3136 5816 maximis
3162 5758 3467 5832 sumptibus
3489 5763 3804 5816 exstructas.
