3956 5390
675 322 686 328 μ
714 305 752 322 ’δ’

85 350 186 407 161

1057 354 1685 417 MARTYROLOGIUM.
1725 390 1795 402 —-
1831 361 2039 420 MENS.
2078 364 2326 425 OCTOB.
2414 415 2419 422 .

3205 380 3350 468 lilii).

86 467 176 521 cci
215 464 589 560 illuminantur
623 505 637 554 ,
669 465 849 522 surdis
877 465 1095 560 auditus
1134 469 1410 535 tribuitur,
1434 472 1642 528 mancis
1670 477 1721 538 Α
1748 474 1802 530 in
1834 490 1893 532 se
1921 477 2029 532 vivi
2067 479 2309 536 hominis
2336 491 2646 539 remaneret
2672 525 2687 551 ,
2715 502 2916 560 apertis
2951 495 3124 550 oculis
3155 464 3291 550 disit
3321 516 3336 554 :

95 553 266 608 »εγειιί
295 551 654 620 conceditur,
696 556 829 610 muti
878 555 1183 625 linguarum
1212 558 1490 615 laxatione
1516 577 1641 632 gra-

85 647 294 701 ιιιιιιιιιι·
325 688 339 712 ,
393 646 599 702 claudis
649 661 868 718 gressus
909 649 1218 720 diriguntur
1245 692 1260 717 ,
1293 654 1646 721 encrgumeni

116 736 409 805 spiritibus
457 752 690 807 nequam
739 736 1039 792 liberantur
1068 753 1082 792 :
1122 739 1300 795 clinici
1331 750 1494 812 atque
1520 739 1662 797 con-’

91 830 210 883 acti
239 870 253 893 ,
317 829 535 900 indepta
591 828 761 900 gratis
808 829 1043 885 sanitate
1069 870 1084 896 ,
1125 831 1411 904 eriguntur
1445 873 1460 899 ,
1493 833 1647 889 dolor

86 921 294 976 :ntium
336 922 602 977 medicina
649 923 819 978 trabis
864 924 1229 994 compescitur
1262 967 1278 992 ,
1310 925 1656 999 reliquarum

91 1014 209 1068 iam
244 1015 620 1070 inlirmitatum
649 1016 954 1072 exinanitio
983 1017 1179 1073 ibidem
1211 1018 1468 1076 efficitur.

104 1106 212 1160 XV
277 1105 414 1162 KAL.
448 1107 694 1164 Novsun.
735 1137 808 1148 —
848 1107 1034 1164 Sancti
1086 1110 1248 1168 Luca:
1282 1113 1662 1187 bistoriogra-"

86 1198 121 1250 ιί
175 1206 238 1252 ει
299 1199 646 1270 evangelista!
675 1240 690 1266 ,
753 1198 909 1269 cujus
957 1201 1082 1256 vita:
1125 1205 1638 1273 conversationem,

85 1291 202 1349 ficii
265 1295 661 1366 professionem
693 1295 708 1362 ,
775 1295 899 1352 linis
930 1296 1249 1366 qualitatem
1281 1338 1297 1364 ,
1321 1299 1376 1353 in
1401 1299 1640 1370 Epistola

85 1389 186 1442 tuli
219 1429 236 1454 ,
297 1389 352 1444 in
400 1389 628 1446 Actibus
679 1389 1044 1460 apostolorum
1073 1430 1090 1459 ,
1140 1391 1196 1446 in
1250 1391 1532 1464 Evangelii
1556 1395 1640 1450 sui

85 1481 308 1536 ‘ooemio
339 1481 598 1551 reperies.

95 1570 299 1627 Romae
325 1570 652 1644 Tryphoniae
680 1573 869 1629 uxoris
898 1572 1048 1630 Decii
1085 1574 1434 1644 imperatoris
1461 1619 1478 1642 ,
1518 1591 1640 1648 quas

85 1672 152 1720 ist
205 1663 652 1722 interfectionem
693 1663 918 1723 Callixti
943 1675 1011 1729 et'
1027 1667 1306 1724 Laurentii
1335 1709 1351 1736 ,
1379 1667 1639 1726 divinitus

85 1757 222 1813 mito
279 1759 480 1814 marito
528 1774 664 1826 suo,
718 1763 917 1831 aquam
967 1759 1308 1832 baptismatis
1357 1777 1482 1818 cum
1527 1761 1637 1820 lilia

85 1848 174 1905 :cii
199 1849 411 1922 Cyrilla
434 1851 705 1921 suscepit,
736 1858 790 1906 et
813 1850 920 1906 alia
949 1851 1038 1907 die
1063 1850 1316 1908 defuncta
1347 1861 1453 1908 est.

95 1941 312 1998 Eodem
365 1941 470 1998 die
500 1941 837 2013 Asclepiadis
897 1943 1225 2000 Antiocheni
1291 1943 1531 2016 episcopi
1578 1952 1635 2000 et

85 2036 299 2107 artyris
322 2037 423 2093 sub
447 2034 614 2092 Decio
637 2035 986 2107 imperatore.
1133 2075 1135 2078 -

94 2127 217 2184 XIV
289 2127 426 2184 ΚΑΙ..
464 2125 707 2184 Novsun.
747 2159 818 2170 —
856 2129 1015 2201 Apud
1063 2129 1408 2186 Antiochiam
1461 2129 1634 2202 Syria:

85 2217 228 2274 italis
256 2218 436 2274 sancti
466 2216 716 2274 Beronici
748 2259 763 2285 ,
798 2218 1031 2291 Pelagia:
1081 2226 1137 2274 et
1190 2220 1420 2276 aliorum
1472 2221 1632 2292 quin-

85 2310 292 2380 iaginta
330 2325 547 2368 novem.
574 2309 706 2378 Qum
740 2311 957 2382 Pelagia
987 2312 1165 2382 primo
1196 2311 1299 2366 fuit
1325 2313 1424 2367 sub
1451 2312 1630 2383 genti-

85 2403 194 2458 atis
249 2402 364 2457 ritu
417 2403 718 2469 meretrix,
773 2411 961 2474 postea
1010 2419 1109 2474 per
1169 2404 1402 2476 gratiam
1454 2402 1550 2458 Dei
1577 2412 1634 2460 et

87 2497 197 2552 neti
247 2495 352 2553 Dei
399 2495 578 2552 Νοιιηὶ
621 2496 862 2568 episcopi
905 2498 1098 2569 dogma
1125 2498 1192 2552 ad
1237 2497 1397 2553 ﬁdem
1425 2497 1630 2552 Christi

90 2606 291 2647 nversa
332 2599 388 2647 et
415 2590 692 2662 baptizata
716 2631 734 2657 ,
796 2591 980 2646 omnia
1015 2607 1112 2646 sua
1148 2593 1479 2662 pauperibus
1506 2607 1629 2648 ero-

91 2685 168 2740 vit
192 2724 208 2751 ,
233 2693 297 2739 et
330 2685 383 2739 in
406 2693 590 2741 monte
633 2683 831 2742 Oliveti
861 2685 1208 2741 Antiochiam
1237 2686 1496 2742 deserens
1523 2726 1538 2753 ,
1575 2687 1628 2741 in

85 2791 143 2831 eo
200 2775 302 2832 ubi
348 2777 609 2833 Dominus
661 2776 860 2833 caelum
897 2778 1145 2834 ascendit
1199 2778 1479 2850 parvulam
1527 2777 1630 2834 sibi

86 2867 212 2922 llam
240 2867 594 2935 construxit,
625 2875 680 2922 et
702 2869 804 2923 sub
835 2868 979 2923 virili
1017 2869 1205 2924 habitu
1227 2884 1292 2925 ac
1321 2869 1625 2924 monastica

90 2960 446 3016 nversatione
466 2999 482 3027 ,
511 2968 838 3030 prmsentem
864 2960 1036 3014 vitam
1073 2958 1269 3015 finivit.

90 3054 304 3110 Eodem
338 3055 425 3110 die
449 3054 734 3110 beatorum
776 3063 1079 3126 martyrum
1103 3095 1118 3121 ,
1163 3054 1443 3110 Tholomei
1478 3054 1625 3128 [Pto-

85 3147 226 3221 maei]
259 3157 323 3203 et
351 3145 524 3203 Lucii.
552 3146 655 3214 Qui
679 3146 1007 3204 Tholomeus
1032 3157 1156 3218 post
1180 3149 1396 3204 vincula
1421 3158 1476 3203 et
1501 3165 1623 3203 car-

87 3255 199 3293 rem
236 3279 252 3302 ,
289 3237 489 3309 quibus
526 3252 556 3293 a
588 3239 907 3294 centurione
947 3248 1172 3310 propter
1196 3241 1364 3295 divini
1393 3241 1629 3295 nominis
1657 3223 1699 3285 C

88 3329 426 3385 nfessionem
458 3329 733 3385 cruciatus
777 3336 862 3385 εει
891 3369 904 3396 ,
933 3327 1104 3398 judici
1143 3328 1366 3386 Urbicio
1393 3346 1632 3401 pra-sen-

86 3433 164 3477 ιιιε
195 3463 209 3488 ,
240 3423 426 3478 denuo
454 3421 522 3477 ab
549 3422 639 3478 illo
670 3423 738 3478 de
757 3421 971 3477 cultura
1015 3423 1360 3478 examinatus
1387 3434 1490 3477 est.
1527 3420 1628 3478 Cui

86 3515 359 3572 iolomens
398 3530 411 3569 :
461 3533 480 3567 ι
518 3514 619 3582 Qui
671 3523 833 3587 negat
867 3556 882 3582 ,
921 3515 1142 3585 inquit,
1181 3516 1322 3585 quod
1356 3525 1481 3580 est,
1511 3516 1630 3570 sine

96 3606 185 3661 bio
219 3603 498 3675 culpabile
522 3603 735 3674 judicat
763 3621 884 3661 esse
923 3606 1067 3675 quod
1097 3613 1272 3676 negat.
1311 3626 1329 3658 ι
1361 3604 1628 3662 Continuo

86 3697 142 3750 rei
169 3697 238 3750 ab
268 3693 754 3763 Urbiciojubetur.’
779 3695 934 3762 Quod
960 3695 1150 3751 videns
1178 3694 1379 3751 Lucius
1406 3696 1627 3765 quidam

89 3787 378 3842 tristianus
404 3827 418 3852 ,
460 3774 608 3842 dixit
626 3777 692 3840 ad
717 3786 955 3857 judicem
989 3803 1003 3840 :
1041 3805 1060 3837 ι
1096 3785 1204 3841 Cur
1232 3825 1247 3842 .
1277 3785 1455 3856 inquit
1483 3826 1498 3851 ,
1535 3785 1625 3842 hic

85 3893 190 3932 uno
218 3918 234 3943 ,
288 3876 491 3932 nullius
515 3877 762 3933 criminis
798 3885 1085 3933 accusatus
1109 3917 1124 3940 ,
1158 3877 1251 3932 sed
1273 3876 1388 3933 sola
1417 3875 1627 3946 profes-

86 3984 175 4025 me
218 3968 654 4026 Christianitatis
686 4009 701 4036 ,
760 3967 884 4024 duci
927 3967 1152 4036 jubetur
1177 3969 1246 4023 ad
1290 3969 1567 4023 mortem?
1600 3988 1618 4023 ι

85 4062 119 4115 ii
168 4059 428 4117 Urbicius
473 4060 595 4115 ait:
626 4078 646 4112 ι
694 4058 766 4116 Ut
806 4060 963 4116 video
999 4101 1014 4125 ,
1065 4071 1120 4116 ει
1171 4069 1227 4114 ιιι
1281 4058 1624 4116 Christianus

102 4151 127 4204 ?
161 4169 180 4203 ›
217 4150 339 4216 Quo
367 4149 658 4206 confitente
686 4193 701 4219 ,
744 4151 932 4221 jussus
965 4161 1051 4208 est
1087 4161 1142 4208 et
1196 4154 1310 4224 ipse
1366 4153 1621 4210 interfici.

85 4241 128 4296 :d
169 4250 228 4295 et
269 4240 464 4295 tertius
488 4241 708 4310 quidam
755 4242 997 4311 ejusdem
1039 4245 1118 4298 rei
1145 4261 1307 4300 causa
1337 4245 1496 4300 simul
1519 4262 1622 4316 pu-

86 4346 174 4391 tus
226 4342 332 4390 est.
383 4333 536 4390 Passi
587 4345 714 4390 sunt
759 4336 859 4390 sub
906 4336 1182 4392 Antonino
1231 4338 1283 4391 bi
1316 4325 1618 4406 martyres,

90 4428 373 4483 cxandriae
399 4427 593 4498 sepulti
621 4437 764 4483 sunt.
1601 4440 1606 4444 '

92 4521 150 4575 lu
173 4520 370 4576 Galliis
393 4521 611 4576 civitate
638 4520 851 4590 Aginno
887 4516 1156 4592 [Agenno]
1190 4518 1437 4589 Caprasii
1476 4534 1620 4574 mar-

1760 585 1780 619 ι
1825 569 2094 639 Egredere
2120 613 2133 637 ,
2163 576 2442 644 egredere,
2470 579 2672 645 anima,
2709 585 2836 652 quid
2863 586 3019 642 times
3042 589 3065 642 ?
3088 590 3215 660 quid
3239 590 3340 647 du-

1751 659 1895 716 bitas
1921 662 2308 735 ?septuaginta
2357 684 2523 739 prope
2562 673 2718 728 annis
2756 677 2969 732 servisti
2993 659 3215 738 Christo
3240 724 3254 749 ,
3286 693 3343 740 et

1750 761 1983 808 mortem
2034 752 2296 814 formidas
2332 757 2355 812 ?
2398 779 2416 812 ι
2459 759 2518 816 In
2560 762 2676 820 haec
2701 767 2868 823 verba
2909 769 3187 828 exhalavit
3223 775 3337 845 spi-

1751 845 1939 902 ritum.

1817 941 1939 1014 Ipsa
1975 943 2062 1001 die
2083 947 2260 1004 sancti
2287 948 2490 1006 Asterii
2521 963 2824 1026 presnyteri
2849 999 2864 1022 ,
2893 960 3067 1016 sancti
3096 943 3354 1031 Callixti,

1747 1036 1840 1106 qui
1881 1053 2005 1093 cum
2048 1055 2245 1112 corpus
2295 1044 2468 1114 patris
2512 1046 2779 1104 elevatum
2804 1050 2870 1104 de
2923 1062 3086 1122 puteo
3139 1057 3338 1127 sepeli-

1745 1132 1915 1188 visset
1942 1174 1957 1200 ,
1991 1136 2249 1206 praecepit
2276 1153 2400 1194 eum
2426 1138 2738 1198 Alexander
2761 1159 2860 1216 per
2888 1155 3107 1217 pontem
3133 1127 3353 1220 praeci-j

1744 1225 1926 1295 pitari.
3345 1282 3352 1292 .

1767 1375 1772 1378 _
1815 1314 1947 1373 ltem
1988 1322 2270 1379 translatio
2298 1325 2442 1400 beaji
2490 1325 2726 1386 Viatoris
2762 1331 2816 1387 in
2845 1347 3030 1389 eremo
3063 1375 3081 1400 ,
3117 1309 3348 1393 comitis.

1743 1414 1916 1469 sancti
1943 1413 2106 1472 Justi.

1816 1505 1906 1602 XII
1971 1509 2106 1564 ΚΑι.
2148 1510 2389 1570 Novus.
2426 1547 2498 1558 —-
2525 1519 2917 1594 hierosolymis
2969 1525 3183 1596 Marci,
3235 1533 3332 1602 qui

1742 1599 1952 1668 primus
1997 1602 2196 1685 ibidem
2241 1622 2306 1662 ex
2335 1611 2588 1679 gentibus
2630 1615 3000 1686 episcopatum
3032 1621 3203 1678 lenuit
3228 1599 3334 1692 ,‘et

1742 1692 2004 1764 martyrio
2025 1708 2430 1764 consummatus
2453 1711 2552 1758 est.

1761 1835 1768 1840 .
1813 1784 1946 1842 ltem
1976 1787 2148 1844 beata:
2170 1789 2431 1861 Salomae,
2465 1811 2584 1866 quae
2615 1813 2738 1853 cum
2765 1800 2989 1872 reliquis
3011 1804 3333 1863 mulieribus

1662 1858 1713 1917 Β
1741 1879 1888 1938 circa
1916 1881 2496 1957 Dominisepulturam
2527 1900 2650 1947 erat
2675 1858 2933 1950 sollicita.

1811 1975 1969 2047 Apud
1998 1977 2285 2036 Thraciam
2326 1983 2380 2038 in
2420 1985 2793 2056 Adrianopoli,
2843 2000 3155 2048 sanctormn
3201 1993 3330 2049 Pbia

1737 2069 1864 2140 lippi
1904 2073 2186 2145 episcopi,
2227 2076 2445 2133 Eusebii
2478 2121 2492 2146 ,
2542 2079 2728 2138 Severi
2779 2086 3086 2158 presbyteri
3124 2129 3138 2151 ,
3197 2087 3334 2144 ller—

1737 2162 1897 2218 metis
1937 2164 2170 2221 diaconi.
2196 2166 2300 2235 Qui
2321 2170 2582 2226 ecclesias
2617 2171 2687 2227 ab
2725 2174 2927 2246 iniquis
2950 2177 3169 2248 spoliari
3195 2195 3328 2234 cou-

1738 2251 2068 2310 tradicentes
2088 2297 2102 2321 ,
2129 2260 2394 2330 martyrio
2419 2270 2546 2316 sunt
2572 2266 2844 2320 coronati.

1807 2346 1878 2401 XI
1908 2346 2043 2403 ΚΑι.
2078 2347 2322 2407 Novus.
2353 2383 2424 2394 —
2449 2354 2606 2424 Apud
2641 2357 2984 2416 Antiochiam
3026 2362 3200 2436 Syriae
3231 2382 3328 2421 na-

1737 2443 1860 2498 talis
1900 2443 2214 2500 Theodoriti
2266 2445 2586 2523 [Theodori]
2633 2453 2954 2525 presbyteri.
3007 2456 3106 2524 Qui
3144 2475 3328 2529 persc—

1734 2536 1952 2591 cutione
2013 2533 2214 2592 Juliani
2269 2539 2418 2609 impii
2448 2543 2677 2612 equuleo
2723 2553 2778 2599 et
2825 2546 3164 2618 lampadibus
3213 2553 3330 2610 dire

1733 2631 2008 2686 cruciatus
2049 2641 2175 2688 est:
2224 2634 2424 2690 milites
2469 2645 2651 2691 autem
2700 2639 2850 2693 illum
2903 2649 3218 2712 torquentes
3258 2651 3328 2702 ab

1733 2731 1954 2795 aspectu
2001 2726 2246 2796 angelico
2298 2729 2474 2783 territi
2528 2740 2854 2786 corruerunt
2893 2733 2946 2788 in
2991 2733 3221 2801 faciem,
3272 2748 3329 2793 et

1731 2816 2086 2872 crediderunt
2109 2817 2164 2873 in
2194 2815 2491 2874 Christum.
2519 2821 2665 2889 Quos
2694 2821 2860 2892 jussit
2887 2835 3152 2897 tyrannus
3182 2829 3327 2897 pela«

1730 2922 1798 2979 go
1821 2907 2089 2981 immergi.
2121 2908 2329 2977 Quibus
2351 2912 2540 2967 beatus
2564 2911 2926 2969 Theodoritus
2955 2915 3324 2991 {Theodorus}

1729 3005 1844 3059 ait:
1883 3022 1902 3056 ι
1937 3004 2252 3072 Praeeedite,
2301 3005 2522 3072 fratres,
2553 3023 2654 3079 ego
2681 3023 2896 3079 quoque
2928 3026 3191 3081 superans
3222 3013 3322 3066 ini-

1729 3097 1929 3152 micum
1957 3113 2158 3169 sequar
2186 3099 2255 3153 ad
2282 3098 2594 3166 Dominum,
2631 3122 2650 3153 ι
2686 3102 2875 3172 sicque
2900 3104 3114 3160 occisus
3139 3105 3318 3176 gladio

1735 3190 2054 3259 martyrium
2083 3180 2499 3246 consummavit.
2535 3192 2636 3248 Hic
2675 3195 2837 3249 etiam
2867 3196 3188 3265 prophetico
3215 3198 3325 3269 spi-

1736 3281 1840 3334 ritu
1874 3279 2152 3335 interitnm
2183 3281 2383 3337 Juliani
2415 3283 2468 3337 in
2497 3282 2719 3339 Perside
2741 3288 3009 3356 praedixit.

1741 3415 1744 3418 .
1803 3372 1859 3426 In
1905 3371 2183 3443 Hispaniis
2210 3372 2474 3430 Servandi
2513 3385 2568 3431 et
2613 3376 2893 3433 Germani.
2926 3379 3026 3446 Qui
3061 3389 3184 3450 post
3206 3397 3326 3437 ver-

1730 3462 1859 3520 bera
1911 3473 1966 3518 et
2009 3480 2287 3520 carcerem
2343 3465 2715 3537 longissimum
2764 3468 2870 3524 iter
2926 3469 3074 3525 ferro
3138 3474 3323 3529 onusti

1730 3557 2100 3629 perfecerunt,
2145 3568 2202 3616 et
2231 3561 2528 3615 novissime
2563 3563 2861 3632 amputatis
2901 3565 3172 3633 capitibus
3198 3581 3323 3636 pas‘

1729 3652 1939 3708 sionem
1975 3654 2404 3724 compleverunt.

1798 3745 1848 3799 Χ
1877 3743 2012 3800 ΚΑΙ..
2041 3744 2287 3802 Novsu.
2313 3776 2382 3787 —
2410 3746 2468 3801 ln
2501 3745 2757 3816 Venusia,
2812 3750 3034 3807 civitate
3078 3751 3323 3822 Apuliae,

1726 3837 1924 3892 natalis
1968 3840 2141 3894 sancti
2171 3839 2367 3896 Felicis
2394 3842 2663 3913 episcopi,
2708 3843 2971 3900 Audactis
3019 3843 3324 3922 [Audacti]

1725 3939 1782 3986 et
1822 3930 2065 3986 Januarii
2111 3933 2593 4005 presbyterorum,
2658 3933 2943 3991 Fortunati
2989 3944 3044 3990 et
3094 3935 3326 4008 Septimi

1725 4023 2011 4079 lectorum.
2065 4023 2168 4092 Qui
2197 4027 2534 4098 temporibus
2579 4027 2900 4084 Diocletiani
2951 4028 3007 4084 in
3051 4028 3326 4084 occisione

1725 4119 1892 4191 gladii
1929 4120 2317 4192 migraverunt.
3316 4107 3318 4111 ’

1795 4215 1926 4271 item
1956 4213 2211 4268 Venantii
2240 4217 2476 4282 abbatis,
2509 4219 2575 4273 de
2601 4234 2709 4289 quo
2738 4221 3000 4289 scriptum
3038 4226 3314 4294 estquod,

1724 4309 1904 4364 adhuc
1939 4308 1992 4363 in
2025 4308 2187 4363 terris
2216 4309 2564 4374 constitutus,
2616 4312 2905 4366 missarum
2956 4313 3218 4372 solemnia
3263 4319 3321 4376 in

1723 4401 1864 4454 caelo
1891 4402 2258 4454 consummari
2307 4402 2625 4471 agnoverit;
2661 4413 2716 4458 et
2763 4419 2886 4459 cum
2933 4407 3222 4476 aliquando
3251 4412 3323 4468 ad

1730 4492 1926 4546 missas
1951 4490 2238 4546 Dominica
2284 4491 2613 4548 recitaretur
2639 4495 2838 4561 oratio,
2869 4498 3104 4553 audierit
3131 4513 3325 4570 quem-

87 4611 184 4665 ᾖδ’
225 4610 331 4678 Qui
376 4582 807 4682 persecutioﬁem
851 4582 1065 4683 fagi‘éns
1113 4582 1166 4664 il“!
1205 4582 1461 4680 spélunca
1488 4610 1622 4666 deli‘
1653 4598 1705 4659 D
1731 4583 1855 4640 dam
1885 4599 1917 4640 e
1965 4582 2173 4683 tumulo
2225 4586 2500 4642 sacerdoti
2529 4589 2985 4657 respondentem:
3021 4589 3129 4646 Sed
3155 4591 3326 4651 libera

88 4703 172 4756 it:
208 4703 443 4758 audiens
492 4711 674 4758 autem
720 4701 937 4757 beatam
990 4701 1258 4772 virginem
1298 4700 1488 4756 Fidem
1526 4716 1624 4772 pro

88 4793 247 4848 iristo
277 4795 574 4866 agonizare
607 4835 621 4862 ,
660 4803 718 4849 et
751 4793 865 4866 ipse
906 4793 1180 4849 animatus
1201 4794 1453 4864 martyrii
1474 4793 1625 4852 inde-

85 4899 147 4937 us
177 4893 264 4939 est
291 4886 550 4953 palmam.

97 4972 215 5028 ΧΙΙΙ
277 4974 416 5031 ΚΑι..
448 4977 690 5033 Noveun.
734 5007 800 5017 —-
826 4978 981 5048 Apud
1012 4976 1383 5033 Nicomediam
1405 4990 1627 5038 sancto-

95 5081 144 5117 ιιι
209 5077 516 5139 martyrum
574 5069 754 5135 Dasii,
814 5068 1028 5135 Zotici,
1083 5069 1237 5143 Gagii
1290 5067 1448 5142 [Caii]
1499 5087 1626 5136 cum

85 5157 143 5210 iis
175 5159 469 5215 duodecim
503 5159 762 5215 millibus.

95 5249 228 5304 item
268 5252 548 5324 Simplicii
588 5252 742 5320 cujus
781 5254 891 5307 vita
945 5257 1242 5324 probabilis
1289 5257 1388 5311 fuit
1435 5264 1634 5332 multis

85 5355 190 5372 ιιιοιι
220 5341 418 5390 saluus
448 5385 456 5390 _
510 5343 582 5382 ἰιει
613 5350 665 5380 nl
719 5343 818 5370 ι-ιτιτ
862 5360 870 5370 ·
920 5343 992 5358 ’¹¹“
1074 5348 1085 5360 ’
1203 5349 1214 5360 ’

1733 4696 1826 4734 nos
1861 4699 1893 4734 a
1919 4678 2080 4734 malo.

1803 4771 1876 4829 1X
1919 4771 2054 4828 Κιι.
2105 4771 2348 4829 Novsus.
2381 4799 2451 4814 —-
2495 4774 2554 4829 ln
2603 4770 2916 4833 Nicomedia
2966 4777 3162 4835 natalis
3209 4779 3326 4835 dies

1734 4866 1923 4924 Severi
1951 4875 2007 4921 et
2033 4865 2316 4923 Dorothei.

1807 4958 1864 5013 ln
1895 4957 2160 5014 Caesaraaa
2190 4957 2548 5028 Cappadociae
2581 4959 2834 5032 Longini,
2889 4959 2956 5014 de
2983 4976 3090 5028 quo
3116 4967 3325 5028 postea.

1813 5051 1923 5108 Vlll
1953 5050 2086 5107 KAL.
2112 5052 2363 5110 Novus.
2390 5080 2462 5091 —-
2487 5037 2678 5109 Romre
2697 5050 2883 5124 passio
2927 5051 3251 5124 Cbrysantbi
3276 5059 3333 5106 et

1740 5146 1946 5212 Darire,
1996 5147 2090 5216 qui
2121 5149 2221 5205 sub
2267 5143 2447 5215 specie
2479 5145 2711 5218 conjugii
2739 5143 3047 5201 castitatem
3083 5157 3335 5198 servave-

1743 5248 1868 5297 runt
1891 5248 2240 5310 perpetuam;
2275 5251 2400 5292 nam
2434 5235 2810 5308 Chrysanthus
2848 5231 3066 5288 Dariam
3102 5250 3129 5286 a
3164 5229 3339 5302 genti-
