  <div class='ocr_page' id='page_1' title='image "/cluster/home/n/w/nwhite01/storage/ocr_20150623/131/hvd.32044015471725/587.png"; bbox 0 0 4046 6452; ppageno 0'>
   <div class='ocr_carea' id='block_1_1' title="bbox 522 392 668 457">
    <p class='ocr_par' dir='ltr' id='par_1_1' title="bbox 522 392 668 457">
     <span class='ocr_line' id='line_1_1' title="bbox 522 392 668 457; baseline 0.014 -1"><span class='ocrx_word' id='word_1_1' title='bbox 522 392 668 457; x_wconf 58' lang='lat' dir='ltr'><strong>ﬂ“</strong></span> 
     </span>
    </p>
   </div>
   <div class='ocr_carea' id='block_1_2' title="bbox 1439 386 2868 454">
    <p class='ocr_par' dir='ltr' id='par_1_2' title="bbox 1439 386 2868 454">
     <span class='ocr_line' id='line_1_2' title="bbox 1439 386 2868 454; baseline 0.002 -4"><span class='ocrx_word' id='word_1_2' title='bbox 1439 390 1503 451; x_wconf 86' lang='lat' dir='ltr'><strong>B.</strong></span> <span class='ocrx_word' id='word_1_3' title='bbox 1543 386 1848 451; x_wconf 74' lang='lat' dir='ltr'><strong>NOTKERI</strong></span> <span class='ocrx_word' id='word_1_4' title='bbox 1882 389 2178 450; x_wconf 74' lang='lat' dir='ltr'><strong>BALB&#39;ULI</strong></span> <span class='ocrx_word' id='word_1_5' title='bbox 2214 392 2276 451; x_wconf 71' lang='lat' dir='ltr'><strong>‘S.</strong></span> <span class='ocrx_word' id='word_1_6' title='bbox 2317 391 2523 452; x_wconf 81' lang='lat' dir='ltr'><strong>GALLI</strong></span> <span class='ocrx_word' id='word_1_7' title='bbox 2559 392 2868 454; x_wconf 81' lang='lat' dir='ltr'><strong>MONACHI</strong></span> 
     </span>
    </p>
   </div>
   <div class='ocr_carea' id='block_1_3' title="bbox 3673 401 3816 461">
    <p class='ocr_par' dir='ltr' id='par_1_3' title="bbox 3673 401 3816 461">
     <span class='ocr_line' id='line_1_3' title="bbox 3673 401 3816 461; baseline 0.028 -4"><span class='ocrx_word' id='word_1_8' title='bbox 3673 401 3816 461; x_wconf 66' lang='lat' dir='ltr'><strong>HM</strong></span> 
     </span>
    </p>
   </div>
   <div class='ocr_carea' id='block_1_4' title="bbox 520 464 3823 585">
    <p class='ocr_par' dir='ltr' id='par_1_4' title="bbox 520 464 3823 585">
     <span class='ocr_line' id='line_1_4' title="bbox 520 464 3823 585; baseline 0.002 -15"><span class='ocrx_word' id='word_1_9' title='bbox 520 464 794 579; x_wconf 68' lang='lat' dir='ltr'><strong>trocleas,</strong></span> <span class='ocrx_word' id='word_1_10' title='bbox 839 507 1075 569; x_wconf 81' lang='lat' dir='ltr'><strong>fustibus</strong></span> <span class='ocrx_word' id='word_1_11' title='bbox 1103 507 1413 576; x_wconf 62' lang='lat' dir='ltr'><strong>caeduntur,</strong></span> <span class='ocrx_word' id='word_1_12' title='bbox 1463 508 1627 564; x_wconf 89' lang='lat' dir='ltr'><strong>sudes</strong></span> <span class='ocrx_word' id='word_1_13' title='bbox 1669 506 1884 580; x_wconf 87' lang='lat' dir='ltr'><strong>ungulis</strong></span> <span class='ocrx_word' id='word_1_14' title='bbox 1927 520 2116 563; x_wconf 91' lang='lat' dir='ltr'><strong>eorum</strong></span> <span class='ocrx_word' id='word_1_15' title='bbox 2145 512 2194 574; x_wconf 77' lang='grc' dir='ltr'><strong>Α</strong></span> <span class='ocrx_word' id='word_1_16' title='bbox 2222 488 2383 566; x_wconf 92' lang='lat' dir='ltr'><strong>simul</strong></span> <span class='ocrx_word' id='word_1_17' title='bbox 2431 526 2460 565; x_wconf 87' lang='lat' dir='ltr'><strong>a</strong></span> <span class='ocrx_word' id='word_1_18' title='bbox 2499 527 2633 583; x_wconf 85' lang='lat' dir='ltr'><strong>papa</strong></span> <span class='ocrx_word' id='word_1_19' title='bbox 2666 511 2926 584; x_wconf 84' lang='lat' dir='ltr'><strong>Dionysio</strong></span> <span class='ocrx_word' id='word_1_20' title='bbox 2972 510 3268 583; x_wconf 84' lang='lat' dir='ltr'><strong>baptizati,</strong></span> <span class='ocrx_word' id='word_1_21' title='bbox 3317 510 3545 585; x_wconf 68' lang='lat' dir='ltr'><strong>iubente</strong></span> <span class='ocrx_word' id='word_1_22' title='bbox 3580 514 3823 576; x_wconf 87' lang='lat' dir='ltr'><strong>Claudio</strong></span> 
     </span>
    </p>
   </div>
   <div class='ocr_carea' id='block_1_5' title="bbox 522 598 2115 677">
    <p class='ocr_par' dir='ltr' id='par_1_5' title="bbox 522 598 2115 677">
     <span class='ocr_line' id='line_1_5' title="bbox 522 598 2115 677; baseline -0.003 -17"><span class='ocrx_word' id='word_1_23' title='bbox 522 602 852 677; x_wconf 76' lang='lat' dir='ltr'><strong>infiguntur,</strong></span> <span class='ocrx_word' id='word_1_24' title='bbox 901 601 1100 659; x_wconf 83' lang='lat' dir='ltr'><strong>hiemis</strong></span> <span class='ocrx_word' id='word_1_25' title='bbox 1135 609 1379 674; x_wconf 89' lang='lat' dir='ltr'><strong>tempore</strong></span> <span class='ocrx_word' id='word_1_26' title='bbox 1423 599 1720 657; x_wconf 84' lang='lat' dir='ltr'><strong>molaribus</strong></span> <span class='ocrx_word' id='word_1_27' title='bbox 1763 598 1901 655; x_wconf 90' lang='lat' dir='ltr'><strong>collo</strong></span> <span class='ocrx_word' id='word_1_28' title='bbox 1927 613 2115 665; x_wconf 89' lang='lat' dir='ltr'><strong>eorum</strong></span> 
     </span>
    </p>
   </div>
   <div class='ocr_carea' id='block_1_6' title="bbox 523 690 2112 766">
    <p class='ocr_par' dir='ltr' id='par_1_6' title="bbox 523 690 2112 766">
     <span class='ocr_line' id='line_1_6' title="bbox 523 690 2112 766; baseline -0.002 -15"><span class='ocrx_word' id='word_1_29' title='bbox 523 693 806 766; x_wconf 78' lang='lat' dir='ltr'><strong>suspensis</strong></span> <span class='ocrx_word' id='word_1_30' title='bbox 826 692 991 751; x_wconf 82' lang='lat' dir='ltr'><strong>ﬂuvio</strong></span> <span class='ocrx_word' id='word_1_31' title='bbox 1021 692 1435 766; x_wconf 90' lang='lat' dir='ltr'><strong>immerguntur,</strong></span> <span class='ocrx_word' id='word_1_32' title='bbox 1464 690 1684 764; x_wconf 84' lang='lat' dir='ltr'><strong>plumbo</strong></span> <span class='ocrx_word' id='word_1_33' title='bbox 1715 690 1859 750; x_wconf 79' lang='lat' dir='ltr'><strong>facto</strong></span> <span class='ocrx_word' id='word_1_34' title='bbox 1886 691 2112 763; x_wconf 91' lang='lat' dir='ltr'><strong>liquido,</strong></span> 
     </span>
    </p>
   </div>
   <div class='ocr_carea' id='block_1_7' title="bbox 523 783 2116 858">
    <p class='ocr_par' dir='ltr' id='par_1_7' title="bbox 523 783 2116 858">
     <span class='ocr_line' id='line_1_7' title="bbox 523 783 2116 858; baseline -0.001 -15"><span class='ocrx_word' id='word_1_35' title='bbox 523 783 753 858; x_wconf 72' lang='lat' dir='ltr'><strong>oleoque</strong></span> <span class='ocrx_word' id='word_1_36' title='bbox 780 799 903 842; x_wconf 90' lang='lat' dir='ltr'><strong>cum</strong></span> <span class='ocrx_word' id='word_1_37' title='bbox 933 786 1073 856; x_wconf 87' lang='lat' dir='ltr'><strong>&#39;pice</strong></span> <span class='ocrx_word' id='word_1_38' title='bbox 1119 792 1174 841; x_wconf 88' lang='lat' dir='ltr'><strong>et</strong></span> <span class='ocrx_word' id='word_1_39' title='bbox 1199 785 1357 856; x_wconf 86' lang='lat' dir='ltr'><strong>adipe</strong></span> <span class='ocrx_word' id='word_1_40' title='bbox 1386 783 1616 842; x_wconf 79' lang='lat' dir='ltr'><strong>ferventi</strong></span> <span class='ocrx_word' id='word_1_41' title='bbox 1646 785 1988 857; x_wconf 87' lang='lat' dir='ltr'><strong>ingeruntur,</strong></span> <span class='ocrx_word' id='word_1_42' title='bbox 2019 784 2116 841; x_wconf 90' lang='lat' dir='ltr'><strong>sed</strong></span> 
     </span>
    </p>
   </div>
   <div class='ocr_carea' id='block_1_8' title="bbox 522 874 2115 953">
    <p class='ocr_par' dir='ltr' id='par_1_8' title="bbox 522 874 2115 953">
     <span class='ocr_line' id='line_1_8' title="bbox 522 874 2115 953; baseline -0.002 -19"><span class='ocrx_word' id='word_1_43' title='bbox 522 877 594 953; x_wconf 81' lang='lat' dir='ltr'><strong>de</strong></span> <span class='ocrx_word' id='word_1_44' title='bbox 622 876 710 934; x_wconf 91' lang='lat' dir='ltr'><strong>his</strong></span> <span class='ocrx_word' id='word_1_45' title='bbox 735 877 989 934; x_wconf 89' lang='lat' dir='ltr'><strong>omnibus</strong></span> <span class='ocrx_word' id='word_1_46' title='bbox 1033 876 1216 933; x_wconf 87' lang='lat' dir='ltr'><strong>divina</strong></span> <span class='ocrx_word' id='word_1_47' title='bbox 1245 875 1570 933; x_wconf 74' lang='lat' dir='ltr'><strong>liberatione</strong></span> <span class='ocrx_word' id='word_1_48' title='bbox 1605 876 1931 947; x_wconf 84' lang='lat' dir='ltr'><strong>eripiuntur.</strong></span> <span class='ocrx_word' id='word_1_49' title='bbox 1960 874 2115 947; x_wconf 87' lang='lat' dir='ltr'><strong>Quod</strong></span> 
     </span>
    </p>
   </div>
   <div class='ocr_carea' id='block_1_9' title="bbox 523 958 2112 1039">
    <p class='ocr_par' dir='ltr' id='par_1_9' title="bbox 523 958 2112 1039">
     <span class='ocr_line' id='line_1_9' title="bbox 523 958 2112 1039; baseline -0.003 -13"><span class='ocrx_word' id='word_1_50' title='bbox 523 982 650 1026; x_wconf 86' lang='lat' dir='ltr'><strong>cum</strong></span> <span class='ocrx_word' id='word_1_51' title='bbox 687 968 895 1024; x_wconf 87' lang='lat' dir='ltr'><strong>videret</strong></span> <span class='ocrx_word' id='word_1_52' title='bbox 939 975 1116 1024; x_wconf 87' lang='lat' dir='ltr'><strong>tortor</strong></span> <span class='ocrx_word' id='word_1_53' title='bbox 1139 982 1330 1024; x_wconf 89' lang='lat' dir='ltr'><strong>eorum</strong></span> <span class='ocrx_word' id='word_1_54' title='bbox 1360 958 1693 1039; x_wconf 83' lang='lat' dir='ltr'><strong>Retiovapus</strong></span> <span class='ocrx_word' id='word_1_55' title='bbox 1719 958 2112 1039; x_wconf 75' lang='lat' dir='ltr'><strong>[RiCtiovartts]</strong></span> 
     </span>
    </p>
   </div>
   <div class='ocr_carea' id='block_1_10' title="bbox 522 1057 2119 1129">
    <p class='ocr_par' dir='ltr' id='par_1_10' title="bbox 522 1057 2119 1129">
     <span class='ocr_line' id='line_1_10' title="bbox 522 1057 2119 1129; baseline -0.002 -13"><span class='ocrx_word' id='word_1_56' title='bbox 522 1057 688 1116; x_wconf 85' lang='lat' dir='ltr'><strong>nullis</strong></span> <span class='ocrx_word' id='word_1_57' title='bbox 732 1072 827 1115; x_wconf 90' lang='lat' dir='ltr'><strong>eos</strong></span> <span class='ocrx_word' id='word_1_58' title='bbox 850 1057 970 1115; x_wconf 63' lang='lat' dir='ltr'><strong>laedi</strong></span> <span class='ocrx_word' id='word_1_59' title='bbox 1007 1072 1167 1129; x_wconf 85' lang='lat' dir='ltr'><strong>posse</strong></span> <span class='ocrx_word' id='word_1_60' title='bbox 1194 1059 1482 1115; x_wconf 75' lang='lat' dir='ltr'><strong>tormentis</strong></span> <span class='ocrx_word' id='word_1_61' title='bbox 1502 1099 1518 1125; x_wconf 93' lang='lat'><strong>,</strong></span> <span class='ocrx_word' id='word_1_62' title='bbox 1566 1073 1627 1115; x_wconf 84' lang='lat' dir='ltr'><strong>se</strong></span> <span class='ocrx_word' id='word_1_63' title='bbox 1654 1057 1842 1114; x_wconf 79' lang='lat' dir='ltr'><strong>furens</strong></span> <span class='ocrx_word' id='word_1_64' title='bbox 1875 1057 2119 1129; x_wconf 73' lang='lat' dir='ltr'><strong>praecipi-</strong></span> 
     </span>
    </p>
   </div>
   <div class='ocr_carea' id='block_1_11' title="bbox 522 1148 2118 1223">
    <p class='ocr_par' dir='ltr' id='par_1_11' title="bbox 522 1148 2118 1223">
     <span class='ocr_line' id='line_1_11' title="bbox 522 1148 2118 1223; baseline -0.002 -15"><span class='ocrx_word' id='word_1_65' title='bbox 522 1151 662 1208; x_wconf 77' lang='lat' dir='ltr'><strong>tavit</strong></span> <span class='ocrx_word' id='word_1_66' title='bbox 692 1149 747 1206; x_wconf 88' lang='lat' dir='ltr'><strong>in</strong></span> <span class='ocrx_word' id='word_1_67' title='bbox 776 1148 979 1223; x_wconf 91' lang='lat' dir='ltr'><strong>ignem.</strong></span> <span class='ocrx_word' id='word_1_68' title='bbox 1007 1148 1368 1207; x_wconf 77' lang='lat' dir='ltr'><strong>Maximianus</strong></span> <span class='ocrx_word' id='word_1_69' title='bbox 1404 1157 1587 1207; x_wconf 88' lang='lat' dir='ltr'><strong>autem</strong></span> <span class='ocrx_word' id='word_1_70' title='bbox 1608 1190 1623 1215; x_wconf 93' lang='lat'><strong>,</strong></span> <span class='ocrx_word' id='word_1_71' title='bbox 1666 1149 1892 1206; x_wconf 83' lang='lat' dir='ltr'><strong>audiens</strong></span> <span class='ocrx_word' id='word_1_72' title='bbox 1914 1148 2118 1206; x_wconf 88' lang='lat' dir='ltr'><strong>satelli-</strong></span> 
     </span>
    </p>
   </div>
   <div class='ocr_carea' id='block_1_12' title="bbox 523 1243 2113 1318">
    <p class='ocr_par' dir='ltr' id='par_1_12' title="bbox 523 1243 2113 1318">
     <span class='ocr_line' id='line_1_12' title="bbox 523 1243 2113 1318; baseline -0.001 -17"><span class='ocrx_word' id='word_1_73' title='bbox 523 1243 597 1305; x_wconf 86' lang='lat' dir='ltr'><strong>tis</strong></span> <span class='ocrx_word' id='word_1_74' title='bbox 618 1245 700 1302; x_wconf 88' lang='lat' dir='ltr'><strong>sui</strong></span> <span class='ocrx_word' id='word_1_75' title='bbox 715 1245 1106 1315; x_wconf 83' lang='lat' dir='ltr'><strong>perditionem,</strong></span> <span class='ocrx_word' id='word_1_76' title='bbox 1121 1258 1215 1302; x_wconf 91' lang='lat' dir='ltr'><strong>eos</strong></span> <span class='ocrx_word' id='word_1_77' title='bbox 1236 1245 1419 1318; x_wconf 89' lang='lat' dir='ltr'><strong>gladio</strong></span> <span class='ocrx_word' id='word_1_78' title='bbox 1444 1245 1813 1301; x_wconf 88' lang='lat' dir='ltr'><strong>consummari</strong></span> <span class='ocrx_word' id='word_1_79' title='bbox 1837 1244 2113 1316; x_wconf 71' lang='lat' dir='ltr'><strong>praecepit.</strong></span> 
     </span>
    </p>
   </div>
   <div class='ocr_carea' id='block_1_13' title="bbox 546 1335 2116 1409">
    <p class='ocr_par' dir='ltr' id='par_1_13' title="bbox 546 1335 2116 1409">
     <span class='ocr_line' id='line_1_13' title="bbox 546 1335 2116 1409; baseline 0 -17"><span class='ocrx_word' id='word_1_80' title='bbox 546 1352 551 1361; x_wconf 87' lang='grc'><strong>·</strong></span> <span class='ocrx_word' id='word_1_81' title='bbox 593 1336 943 1403; x_wconf 71' lang='grc' dir='ltr'><strong>Εοᾶθιηάἱθ,</strong></span> <span class='ocrx_word' id='word_1_82' title='bbox 988 1335 1350 1409; x_wconf 81' lang='lat' dir='ltr'><strong>Petragoricis</strong></span> <span class='ocrx_word' id='word_1_83' title='bbox 1376 1335 1629 1405; x_wconf 84' lang='lat' dir='ltr'><strong>civitate,</strong></span> <span class='ocrx_word' id='word_1_84' title='bbox 1680 1336 1852 1392; x_wconf 84' lang='lat' dir='ltr'><strong>sancti</strong></span> <span class='ocrx_word' id='word_1_85' title='bbox 1881 1337 2116 1393; x_wconf 85' lang='lat' dir='ltr'><strong>Fronto-</strong></span> 
     </span>
    </p>
   </div>
   <div class='ocr_carea' id='block_1_14' title="bbox 522 1427 2116 1506">
    <p class='ocr_par' dir='ltr' id='par_1_14' title="bbox 522 1427 2116 1506">
     <span class='ocr_line' id='line_1_14' title="bbox 522 1427 2116 1506; baseline -0.001 -22"><span class='ocrx_word' id='word_1_86' title='bbox 522 1427 631 1485; x_wconf 84' lang='lat' dir='ltr'><strong>nis.</strong></span> <span class='ocrx_word' id='word_1_87' title='bbox 680 1427 841 1497; x_wconf 89' lang='lat' dir='ltr'><strong>Quia</strong></span> <span class='ocrx_word' id='word_1_88' title='bbox 886 1429 1047 1485; x_wconf 85' lang='lat' dir='ltr'><strong>beato</strong></span> <span class='ocrx_word' id='word_1_89' title='bbox 1091 1427 1255 1486; x_wconf 86' lang='lat' dir='ltr'><strong>Petro</strong></span> <span class='ocrx_word' id='word_1_90' title='bbox 1288 1428 1532 1500; x_wconf 83' lang='lat' dir='ltr'><strong>apostolo</strong></span> <span class='ocrx_word' id='word_1_91' title='bbox 1565 1428 1853 1500; x_wconf 86' lang='lat' dir='ltr'><strong>episcopus</strong></span> <span class='ocrx_word' id='word_1_92' title='bbox 1893 1428 2116 1506; x_wconf 87' lang='lat' dir='ltr'><strong>ordina-</strong></span> 
     </span>
    </p>
   </div>
   <div class='ocr_carea' id='block_1_15' title="bbox 526 1512 2114 1593">
    <p class='ocr_par' dir='ltr' id='par_1_15' title="bbox 526 1512 2114 1593">
     <span class='ocr_line' id='line_1_15' title="bbox 526 1512 2114 1593; baseline 0.001 -18"><span class='ocrx_word' id='word_1_93' title='bbox 526 1512 642 1585; x_wconf 74' lang='lat' dir='ltr'><strong>tus,</strong></span> <span class='ocrx_word' id='word_1_94' title='bbox 715 1534 840 1576; x_wconf 87' lang='lat' dir='ltr'><strong>cum</strong></span> <span class='ocrx_word' id='word_1_95' title='bbox 883 1520 1150 1592; x_wconf 78' lang='lat' dir='ltr'><strong>Gregorio</strong></span> <span class='ocrx_word' id='word_1_96' title='bbox 1192 1521 1516 1593; x_wconf 81' lang='lat' dir='ltr'><strong>presbytero</strong></span> <span class='ocrx_word' id='word_1_97' title='bbox 1555 1520 1624 1575; x_wconf 77' lang='lat' dir='ltr'><strong>ad</strong></span> <span class='ocrx_word' id='word_1_98' title='bbox 1670 1521 2114 1593; x_wconf 72' lang='lat' dir='ltr'><strong>praedicationem</strong></span> 
     </span>
    </p>
   </div>
   <div class='ocr_carea' id='block_1_16' title="bbox 522 1610 2114 1686">
    <p class='ocr_par' dir='ltr' id='par_1_16' title="bbox 522 1610 2114 1686">
     <span class='ocr_line' id='line_1_16' title="bbox 522 1610 2114 1686; baseline -0.001 -17"><span class='ocrx_word' id='word_1_99' title='bbox 522 1610 800 1685; x_wconf 74' lang='lat' dir='ltr'><strong>Evangelii</strong></span> <span class='ocrx_word' id='word_1_100' title='bbox 829 1613 1081 1669; x_wconf 88' lang='lat' dir='ltr'><strong>mittitur.</strong></span> <span class='ocrx_word' id='word_1_101' title='bbox 1112 1613 1214 1682; x_wconf 85' lang='lat' dir='ltr'><strong>Qui</strong></span> <span class='ocrx_word' id='word_1_102' title='bbox 1252 1627 1505 1686; x_wconf 86' lang='lat' dir='ltr'><strong>magnam</strong></span> <span class='ocrx_word' id='word_1_103' title='bbox 1534 1613 1775 1670; x_wconf 80' lang='lat' dir='ltr'><strong>civitatis</strong></span> <span class='ocrx_word' id='word_1_104' title='bbox 1804 1622 2022 1686; x_wconf 88' lang='lat' dir='ltr'><strong>gentem</strong></span> <span class='ocrx_word' id='word_1_105' title='bbox 2046 1614 2114 1669; x_wconf 92' lang='lat' dir='ltr'><strong>ad</strong></span> 
     </span>
    </p>
   </div>
   <div class='ocr_carea' id='block_1_17' title="bbox 522 1702 2118 1777">
    <p class='ocr_par' dir='ltr' id='par_1_17' title="bbox 522 1702 2118 1777">
     <span class='ocr_line' id='line_1_17' title="bbox 522 1702 2118 1777; baseline 0.001 -18"><span class='ocrx_word' id='word_1_106' title='bbox 522 1702 686 1760; x_wconf 80' lang='lat' dir='ltr'><strong>ﬁdem</strong></span> <span class='ocrx_word' id='word_1_107' title='bbox 713 1713 765 1760; x_wconf 91' lang='lat' dir='ltr'><strong>et</strong></span> <span class='ocrx_word' id='word_1_108' title='bbox 793 1705 1187 1777; x_wconf 84' lang='lat' dir='ltr'><strong>professionem</strong></span> <span class='ocrx_word' id='word_1_109' title='bbox 1211 1704 1415 1762; x_wconf 86' lang='lat' dir='ltr'><strong>Christi</strong></span> <span class='ocrx_word' id='word_1_110' title='bbox 1441 1705 1732 1772; x_wconf 87' lang='lat' dir='ltr'><strong>convertit,</strong></span> <span class='ocrx_word' id='word_1_111' title='bbox 1756 1704 2118 1776; x_wconf 86' lang='lat' dir='ltr'><strong>eumdemque</strong></span> 
     </span>
    </p>
   </div>
   <div class='ocr_carea' id='block_1_18' title="bbox 521 1790 2117 1873">
    <p class='ocr_par' dir='ltr' id='par_1_18' title="bbox 521 1790 2117 1873">
     <span class='ocr_line' id='line_1_18' title="bbox 521 1790 2117 1873; baseline -0.001 -18"><span class='ocrx_word' id='word_1_112' title='bbox 521 1798 780 1855; x_wconf 77' lang='lat' dir='ltr'><strong>comitem</strong></span> <span class='ocrx_word' id='word_1_113' title='bbox 802 1814 959 1856; x_wconf 87' lang='lat' dir='ltr'><strong>suum</strong></span> <span class='ocrx_word' id='word_1_114' title='bbox 983 1797 1332 1873; x_wconf 83' lang='lat' dir='ltr'><strong>Gregorium,</strong></span> <span class='ocrx_word' id='word_1_115' title='bbox 1356 1799 1413 1855; x_wconf 89' lang='lat' dir='ltr'><strong>in</strong></span> <span class='ocrx_word' id='word_1_116' title='bbox 1440 1799 1636 1856; x_wconf 86' lang='lat' dir='ltr'><strong>itinere</strong></span> <span class='ocrx_word' id='word_1_117' title='bbox 1658 1790 1994 1865; x_wconf 78' lang='lat' dir='ltr'><strong>defunctum,</strong></span> <span class='ocrx_word' id='word_1_118' title='bbox 2024 1812 2117 1854; x_wconf 87' lang='lat' dir='ltr'><strong>su-</strong></span> 
     </span>
    </p>
   </div>
   <div class='ocr_carea' id='block_1_19' title="bbox 2222 600 3822 681">
    <p class='ocr_par' dir='ltr' id='par_1_19' title="bbox 2222 600 3822 681">
     <span class='ocr_line' id='line_1_19' title="bbox 2222 600 3822 681; baseline 0.004 -25"><span class='ocrx_word' id='word_1_119' title='bbox 2222 600 2550 672; x_wconf 87' lang='lat' dir='ltr'><strong>imperatore</strong></span> <span class='ocrx_word' id='word_1_120' title='bbox 2576 613 2702 657; x_wconf 87' lang='lat' dir='ltr'><strong>sunt</strong></span> <span class='ocrx_word' id='word_1_121' title='bbox 2729 602 3001 658; x_wconf 89' lang='lat' dir='ltr'><strong>decollati.</strong></span> <span class='ocrx_word' id='word_1_122' title='bbox 3053 602 3128 659; x_wconf 86' lang='lat' dir='ltr'><strong>Ibi</strong></span> <span class='ocrx_word' id='word_1_123' title='bbox 3160 613 3287 659; x_wconf 91' lang='lat' dir='ltr'><strong>sunt</strong></span> <span class='ocrx_word' id='word_1_124' title='bbox 3315 612 3369 660; x_wconf 90' lang='lat' dir='ltr'><strong>et</strong></span> <span class='ocrx_word' id='word_1_125' title='bbox 3414 606 3507 660; x_wconf 89' lang='lat' dir='ltr'><strong>alii</strong></span> <span class='ocrx_word' id='word_1_126' title='bbox 3539 617 3822 681; x_wconf 72' lang='lat' dir='ltr'><strong>martyres</strong></span> 
     </span>
    </p>
   </div>
   <div class='ocr_carea' id='block_1_20' title="bbox 2220 693 3816 772">
    <p class='ocr_par' dir='ltr' id='par_1_20' title="bbox 2220 693 3816 772">
     <span class='ocr_line' id='line_1_20' title="bbox 2220 693 3816 772; baseline 0.005 -23"><span class='ocrx_word' id='word_1_127' title='bbox 2220 708 2342 749; x_wconf 91' lang='lat' dir='ltr'><strong>cum</strong></span> <span class='ocrx_word' id='word_1_128' title='bbox 2376 694 2507 765; x_wconf 88' lang='lat' dir='ltr'><strong>ipsis</strong></span> <span class='ocrx_word' id='word_1_129' title='bbox 2537 693 2699 767; x_wconf 88' lang='lat' dir='ltr'><strong>positi</strong></span> <span class='ocrx_word' id='word_1_130' title='bbox 2726 705 2942 749; x_wconf 88' lang='lat' dir='ltr'><strong>centum</strong></span> <span class='ocrx_word' id='word_1_131' title='bbox 2975 704 3029 748; x_wconf 90' lang='lat' dir='ltr'><strong>et</strong></span> <span class='ocrx_word' id='word_1_132' title='bbox 3054 694 3242 764; x_wconf 79' lang='lat' dir='ltr'><strong>viginti</strong></span> <span class='ocrx_word' id='word_1_133' title='bbox 3277 711 3449 764; x_wconf 86' lang='lat' dir='ltr'><strong>unus,</strong></span> <span class='ocrx_word' id='word_1_134' title='bbox 3505 710 3653 754; x_wconf 81' lang='lat' dir='ltr'><strong>inter</strong></span> <span class='ocrx_word' id='word_1_135' title='bbox 3677 715 3816 772; x_wconf 87' lang='lat' dir='ltr'><strong>quos</strong></span> 
     </span>
    </p>
   </div>
   <div class='ocr_carea' id='block_1_21' title="bbox 2220 784 3812 859">
    <p class='ocr_par' dir='ltr' id='par_1_21' title="bbox 2220 784 3812 859">
     <span class='ocr_line' id='line_1_21' title="bbox 2220 784 3812 859; baseline 0.006 -19"><span class='ocrx_word' id='word_1_136' title='bbox 2220 793 2347 857; x_wconf 79' lang='lat' dir='ltr'><strong>sunt</strong></span> <span class='ocrx_word' id='word_1_137' title='bbox 2370 784 2445 840; x_wconf 88' lang='lat' dir='ltr'><strong>illi</strong></span> <span class='ocrx_word' id='word_1_138' title='bbox 2474 794 2727 859; x_wconf 85' lang='lat' dir='ltr'><strong>quatuor,</strong></span> <span class='ocrx_word' id='word_1_139' title='bbox 2759 785 3129 854; x_wconf 82' lang='lat' dir='ltr'><strong>Theodosius,</strong></span> <span class='ocrx_word' id='word_1_140' title='bbox 3159 788 3393 856; x_wconf 88' lang='lat' dir='ltr'><strong>Lucius,</strong></span> <span class='ocrx_word' id='word_1_141' title='bbox 3424 788 3675 859; x_wconf 81' lang='lat' dir='ltr'><strong>Marcus,</strong></span> <span class='ocrx_word' id='word_1_142' title='bbox 3706 792 3812 850; x_wconf 81' lang='lat' dir='ltr'><strong>Pa-</strong></span> 
     </span>
    </p>
   </div>
   <div class='ocr_carea' id='block_1_22' title="bbox 2221 862 3383 952">
    <p class='ocr_par' dir='ltr' id='par_1_22' title="bbox 2221 862 3383 952">
     <span class='ocr_line' id='line_1_22' title="bbox 2221 862 3383 952; baseline -0.002 -19"><span class='ocrx_word' id='word_1_143' title='bbox 2221 893 2316 934; x_wconf 88' lang='lat' dir='ltr'><strong>rus</strong></span> <span class='ocrx_word' id='word_1_144' title='bbox 2345 875 2609 952; x_wconf 83' lang='lat' dir='ltr'><strong>[Petrus].</strong></span> <span class='ocrx_word' id='word_1_145' title='bbox 3378 862 3383 867; x_wconf 55' lang='grc'>’</span> 
     </span>
    </p>
   </div>
   <div class='ocr_carea' id='block_1_23' title="bbox 2290 994 3819 1079">
    <p class='ocr_par' dir='ltr' id='par_1_23' title="bbox 2290 994 3819 1079">
     <span class='ocr_line' id='line_1_23' title="bbox 2290 994 3819 1079; baseline 0.005 -27"><span class='ocrx_word' id='word_1_146' title='bbox 2290 995 2424 1052; x_wconf 91' lang='lat' dir='ltr'><strong>ltem</strong></span> <span class='ocrx_word' id='word_1_147' title='bbox 2450 994 2717 1075; x_wconf 76' lang='lat' dir='ltr'><strong>Bonifacii</strong></span> <span class='ocrx_word' id='word_1_148' title='bbox 2748 1011 2921 1071; x_wconf 58' lang='lat' dir='ltr'><strong>papae,</strong></span> <span class='ocrx_word' id='word_1_149' title='bbox 2968 997 3063 1075; x_wconf 73' lang='lat' dir='ltr'><strong>qui</strong></span> <span class='ocrx_word' id='word_1_150' title='bbox 3094 997 3376 1077; x_wconf 74' lang='lat' dir='ltr'><strong>constituit</strong></span> <span class='ocrx_word' id='word_1_151' title='bbox 3402 1012 3623 1079; x_wconf 82' lang='lat' dir='ltr'><strong>servum</strong></span> <span class='ocrx_word' id='word_1_152' title='bbox 3653 998 3819 1059; x_wconf 88' lang='lat' dir='ltr'><strong>cleri-</strong></span> 
     </span>
    </p>
   </div>
   <div class='ocr_carea' id='block_1_24' title="bbox 2217 1085 3878 1173">
    <p class='ocr_par' dir='ltr' id='par_1_24' title="bbox 2217 1085 3878 1173">
     <span class='ocr_line' id='line_1_24' title="bbox 2217 1085 3878 1173; baseline -0.001 -26"><span class='ocrx_word' id='word_1_153' title='bbox 2217 1103 2342 1153; x_wconf 78' lang='lat' dir='ltr'><strong>cum</strong></span> <span class='ocrx_word' id='word_1_154' title='bbox 2374 1105 2483 1146; x_wconf 90' lang='lat' dir='ltr'><strong>non</strong></span> <span class='ocrx_word' id='word_1_155' title='bbox 2515 1088 2632 1165; x_wconf 75' lang='lat' dir='ltr'><strong>ﬁeri</strong></span> <span class='ocrx_word' id='word_1_156' title='bbox 2665 1104 2769 1161; x_wconf 83' lang='lat' dir='ltr'><strong>nec</strong></span> <span class='ocrx_word' id='word_1_157' title='bbox 2797 1089 3092 1154; x_wconf 86' lang='lat' dir='ltr'><strong>obnoxium</strong></span> <span class='ocrx_word' id='word_1_158' title='bbox 3118 1091 3308 1173; x_wconf 63' lang='lat' dir='ltr'><strong>curiae.</strong></span> <span class='ocrx_word' id='word_1_159' title='bbox 3412 1136 3434 1147; x_wconf 79' lang='lat'><strong>-</strong></span> <span class='ocrx_word' id='word_1_160' title='bbox 3864 1085 3878 1171; x_wconf 55' lang='lat'>&quot;</span> 
     </span>
    </p>
   </div>
   <div class='ocr_carea' id='block_1_25' title="bbox 2289 1166 3871 1277">
    <p class='ocr_par' dir='ltr' id='par_1_25' title="bbox 2289 1166 3871 1277">
     <span class='ocr_line' id='line_1_25' title="bbox 2289 1166 3871 1277; baseline 0.003 -16"><span class='ocrx_word' id='word_1_161' title='bbox 2289 1204 2379 1261; x_wconf 72' lang='lat' dir='ltr'><strong>NII</strong></span> <span class='ocrx_word' id='word_1_162' title='bbox 2426 1204 2561 1261; x_wconf 70' lang='grc' dir='ltr'><strong>ΚΜ..</strong></span> <span class='ocrx_word' id='word_1_163' title='bbox 2615 1203 2861 1261; x_wconf 73' lang='lat' dir='ltr'><strong>Novum.</strong></span> <span class='ocrx_word' id='word_1_164' title='bbox 2888 1204 3142 1277; x_wconf 81' lang='lat' dir='ltr'><strong>-—Apnd</strong></span> <span class='ocrx_word' id='word_1_165' title='bbox 3484 1216 3818 1267; x_wconf 72' lang='lat' dir='ltr'><strong>sanctorum</strong></span> <span class='ocrx_word' id='word_1_166' title='bbox 3864 1166 3871 1171; x_wconf 18' lang='grc' dir='ltr'><strong><em>μ</em></strong></span> 
     </span>
    </p>
   </div>
   <div class='ocr_carea' id='block_1_26' title="bbox 2216 1299 3817 1373">
    <p class='ocr_par' dir='ltr' id='par_1_26' title="bbox 2216 1299 3817 1373">
     <span class='ocr_line' id='line_1_26' title="bbox 2216 1299 3817 1373; baseline 0.003 -16"><span class='ocrx_word' id='word_1_167' title='bbox 2216 1308 2518 1371; x_wconf 78' lang='lat' dir='ltr'><strong>martyrum</strong></span> <span class='ocrx_word' id='word_1_168' title='bbox 2565 1299 2852 1372; x_wconf 78' lang='lat' dir='ltr'><strong>Rogatiani</strong></span> <span class='ocrx_word' id='word_1_169' title='bbox 2886 1300 3193 1372; x_wconf 77' lang='lat' dir='ltr'><strong>presbyteri</strong></span> <span class='ocrx_word' id='word_1_170' title='bbox 3223 1308 3280 1358; x_wconf 83' lang='lat' dir='ltr'><strong>et</strong></span> <span class='ocrx_word' id='word_1_171' title='bbox 3302 1299 3631 1363; x_wconf 64' lang='lat' dir='ltr'><strong>Felicissimi</strong></span> <span class='ocrx_word' id='word_1_172' title='bbox 3650 1342 3665 1368; x_wconf 89' lang='lat'><strong>,</strong></span> <span class='ocrx_word' id='word_1_173' title='bbox 3717 1301 3817 1373; x_wconf 80' lang='lat' dir='ltr'><strong>qui</strong></span> 
     </span>
    </p>
   </div>
   <div class='ocr_carea' id='block_1_27' title="bbox 2214 1391 3262 1463">
    <p class='ocr_par' dir='ltr' id='par_1_27' title="bbox 2214 1391 3262 1463">
     <span class='ocr_line' id='line_1_27' title="bbox 2214 1391 3262 1463; baseline 0.003 -17"><span class='ocrx_word' id='word_1_174' title='bbox 2214 1392 2360 1463; x_wconf 81' lang='lat' dir='ltr'><strong>passi</strong></span> <span class='ocrx_word' id='word_1_175' title='bbox 2393 1401 2522 1451; x_wconf 88' lang='lat' dir='ltr'><strong>sunt</strong></span> <span class='ocrx_word' id='word_1_176' title='bbox 2548 1393 2649 1448; x_wconf 88' lang='lat' dir='ltr'><strong>sub</strong></span> <span class='ocrx_word' id='word_1_177' title='bbox 2680 1392 2845 1455; x_wconf 84' lang='lat' dir='ltr'><strong>Decio</strong></span> <span class='ocrx_word' id='word_1_178' title='bbox 2871 1400 2927 1449; x_wconf 80' lang='lat' dir='ltr'><strong>et</strong></span> <span class='ocrx_word' id='word_1_179' title='bbox 2948 1391 3262 1451; x_wconf 59' lang='lat' dir='ltr'><strong>Valeriano.</strong></span> 
     </span>
    </p>
   </div>
   <div class='ocr_carea' id='block_1_28' title="bbox 2290 1506 3821 1580">
    <p class='ocr_par' dir='ltr' id='par_1_28' title="bbox 2290 1506 3821 1580">
     <span class='ocr_line' id='line_1_28' title="bbox 2290 1506 3821 1580; baseline 0.003 -19"><span class='ocrx_word' id='word_1_180' title='bbox 2290 1506 2494 1562; x_wconf 89' lang='lat' dir='ltr'><strong>Eodem</strong></span> <span class='ocrx_word' id='word_1_181' title='bbox 2538 1507 2627 1564; x_wconf 89' lang='lat' dir='ltr'><strong>die</strong></span> <span class='ocrx_word' id='word_1_182' title='bbox 2674 1516 2983 1564; x_wconf 88' lang='lat' dir='ltr'><strong>sanctorum</strong></span> <span class='ocrx_word' id='word_1_183' title='bbox 3040 1507 3416 1580; x_wconf 87' lang='lat' dir='ltr'><strong>episcoporum</strong></span> <span class='ocrx_word' id='word_1_184' title='bbox 3488 1508 3716 1565; x_wconf 66' lang='lat' dir='ltr'><strong>Ji’edasti</strong></span> <span class='ocrx_word' id='word_1_185' title='bbox 3762 1516 3821 1565; x_wconf 84' lang='lat' dir='ltr'><strong>et</strong></span> 
     </span>
    </p>
   </div>
   <div class='ocr_carea' id='block_1_29' title="bbox 2214 1590 3825 1669">
    <p class='ocr_par' dir='ltr' id='par_1_29' title="bbox 2214 1590 3825 1669">
     <span class='ocr_line' id='line_1_29' title="bbox 2214 1590 3825 1669; baseline 0.002 -16"><span class='ocrx_word' id='word_1_186' title='bbox 2214 1597 2465 1653; x_wconf 80' lang='lat' dir='ltr'><strong>Amandi.</strong></span> <span class='ocrx_word' id='word_1_187' title='bbox 2496 1597 2599 1666; x_wconf 87' lang='lat' dir='ltr'><strong>Qui</strong></span> <span class='ocrx_word' id='word_1_188' title='bbox 2626 1597 2891 1655; x_wconf 73' lang='lat' dir='ltr'><strong>Vedastus</strong></span> <span class='ocrx_word' id='word_1_189' title='bbox 2916 1599 2969 1653; x_wconf 92' lang='lat' dir='ltr'><strong>in</strong></span> <span class='ocrx_word' id='word_1_190' title='bbox 2998 1598 3195 1669; x_wconf 86' lang='lat' dir='ltr'><strong>oppido</strong></span> <span class='ocrx_word' id='word_1_191' title='bbox 3220 1598 3457 1656; x_wconf 75' lang='lat' dir='ltr'><strong>Tullensi</strong></span> <span class='ocrx_word' id='word_1_192' title='bbox 3491 1590 3675 1656; x_wconf 67' lang='lat' dir='ltr'><strong>cilicio</strong></span> <span class='ocrx_word' id='word_1_193' title='bbox 3698 1600 3825 1657; x_wconf 73' lang='lat' dir='ltr'><strong>fun-</strong></span> 
     </span>
    </p>
   </div>
   <div class='ocr_carea' id='block_1_30' title="bbox 2217 1676 3825 1769">
    <p class='ocr_par' dir='ltr' id='par_1_30' title="bbox 2217 1676 3825 1769">
     <span class='ocr_line' id='line_1_30' title="bbox 2217 1676 3825 1769; baseline 0.003 -25"><span class='ocrx_word' id='word_1_194' title='bbox 2217 1689 2445 1769; x_wconf 82' lang='lat' dir='ltr'><strong>gebatur</strong></span> <span class='ocrx_word' id='word_1_195' title='bbox 2487 1690 2784 1764; x_wconf 87' lang='lat' dir='ltr'><strong>presbyteri</strong></span> <span class='ocrx_word' id='word_1_196' title='bbox 2811 1676 2843 1757; x_wconf 68' lang='grc'><strong>,’</strong></span> <span class='ocrx_word' id='word_1_197' title='bbox 2878 1690 2972 1747; x_wconf 90' lang='lat' dir='ltr'><strong>sed</strong></span> <span class='ocrx_word' id='word_1_198' title='bbox 3017 1678 3301 1762; x_wconf 85' lang='lat' dir='ltr'><strong>postquam</strong></span> <span class='ocrx_word' id='word_1_199' title='bbox 3355 1706 3450 1747; x_wconf 87' lang='lat' dir='ltr'><strong>rex</strong></span> <span class='ocrx_word' id='word_1_200' title='bbox 3496 1691 3825 1749; x_wconf 69' lang='lat' dir='ltr'><strong>Clodovaeus</strong></span> 
     </span>
    </p>
   </div>
   <div class='ocr_carea' id='block_1_31' title="bbox 2219 1782 3820 1856">
    <p class='ocr_par' dir='ltr' id='par_1_31' title="bbox 2219 1782 3820 1856">
     <span class='ocr_line' id='line_1_31' title="bbox 2219 1782 3820 1856; baseline 0.002 -18"><span class='ocrx_word' id='word_1_201' title='bbox 2219 1783 2395 1840; x_wconf 88' lang='lat' dir='ltr'><strong>victor</strong></span> <span class='ocrx_word' id='word_1_202' title='bbox 2426 1782 2855 1840; x_wconf 81' lang='lat' dir='ltr'><strong>Alamannorum</strong></span> <span class='ocrx_word' id='word_1_203' title='bbox 2903 1782 3137 1839; x_wconf 69' lang='lat' dir='ltr'><strong>effectus</strong></span> <span class='ocrx_word' id='word_1_204' title='bbox 3154 1792 3258 1851; x_wconf 84' lang='lat' dir='ltr'><strong>est,</strong></span> <span class='ocrx_word' id='word_1_205' title='bbox 3296 1798 3508 1840; x_wconf 81' lang='lat' dir='ltr'><strong>memor</strong></span> <span class='ocrx_word' id='word_1_206' title='bbox 3548 1787 3661 1840; x_wconf 88' lang='lat' dir='ltr'><strong>voti</strong></span> <span class='ocrx_word' id='word_1_207' title='bbox 3709 1801 3820 1856; x_wconf 88' lang='lat' dir='ltr'><strong>quo</strong></span> 
     </span>
    </p>
   </div>
   <div class='ocr_carea' id='block_1_32' title="bbox 522 1877 3822 1964">
    <p class='ocr_par' dir='ltr' id='par_1_32' title="bbox 522 1877 3822 1964">
     <span class='ocr_line' id='line_1_32' title="bbox 522 1877 3822 1964; baseline -0.005 -16"><span class='ocrx_word' id='word_1_208' title='bbox 522 1892 800 1964; x_wconf 85' lang='lat' dir='ltr'><strong>perposito</strong></span> <span class='ocrx_word' id='word_1_209' title='bbox 844 1894 918 1949; x_wconf 93' lang='lat' dir='ltr'><strong>illi</strong></span> <span class='ocrx_word' id='word_1_210' title='bbox 965 1893 1161 1950; x_wconf 87' lang='lat' dir='ltr'><strong>hacqu</strong></span> <span class='ocrx_word' id='word_1_211' title='bbox 1209 1891 1442 1963; x_wconf 86' lang='lat' dir='ltr'><strong>apostoli</strong></span> <span class='ocrx_word' id='word_1_212' title='bbox 1484 1884 1665 1952; x_wconf 83' lang='lat' dir='ltr'><strong>Petri.</strong></span> <span class='ocrx_word' id='word_1_213' title='bbox 1712 1889 2057 1947; x_wconf 82' lang='lat' dir='ltr'><strong>resuscitavit</strong></span> <span class='ocrx_word' id='word_1_214' title='bbox 2083 1905 2115 1945; x_wconf 84' lang='lat' dir='ltr'><strong>a</strong></span> <span class='ocrx_word' id='word_1_215' title='bbox 2148 1884 2189 1944; x_wconf 86' lang='grc' dir='ltr'>Β</span> <span class='ocrx_word' id='word_1_216' title='bbox 2219 1895 2278 1961; x_wconf 83' lang='lat' dir='ltr'><strong>se</strong></span> <span class='ocrx_word' id='word_1_217' title='bbox 2299 1881 2353 1937; x_wconf 90' lang='lat' dir='ltr'><strong>in</strong></span> <span class='ocrx_word' id='word_1_218' title='bbox 2379 1880 2702 1953; x_wconf 83' lang='lat' dir='ltr'><strong>necessitate</strong></span> <span class='ocrx_word' id='word_1_219' title='bbox 2729 1895 2920 1949; x_wconf 78' lang='lat' dir='ltr'><strong>pugnae</strong></span> <span class='ocrx_word' id='word_1_220' title='bbox 2942 1878 3256 1945; x_wconf 73' lang='lat' dir='ltr'><strong>constﬁxit,</strong></span> <span class='ocrx_word' id='word_1_221' title='bbox 3280 1879 3496 1933; x_wconf 86' lang='lat' dir='ltr'><strong>beatum</strong></span> <span class='ocrx_word' id='word_1_222' title='bbox 3519 1877 3822 1936; x_wconf 65' lang='lat' dir='ltr'><strong>Vedastum</strong></span> 
     </span>
    </p>
   </div>
   <div class='ocr_carea' id='block_1_33' title="bbox 521 1984 1344 2058">
    <p class='ocr_par' dir='ltr' id='par_1_33' title="bbox 521 1984 1344 2058">
     <span class='ocr_line' id='line_1_33' title="bbox 521 1984 1344 2058; baseline 0.001 -19"><span class='ocrx_word' id='word_1_223' title='bbox 521 1984 775 2049; x_wconf 86' lang='lat' dir='ltr'><strong>mortuis,</strong></span> <span class='ocrx_word' id='word_1_224' title='bbox 817 1995 870 2040; x_wconf 90' lang='lat' dir='ltr'><strong>et</strong></span> <span class='ocrx_word' id='word_1_225' title='bbox 896 1986 951 2040; x_wconf 92' lang='lat' dir='ltr'><strong>in</strong></span> <span class='ocrx_word' id='word_1_226' title='bbox 980 2000 1117 2058; x_wconf 86' lang='lat' dir='ltr'><strong>pace</strong></span> <span class='ocrx_word' id='word_1_227' title='bbox 1142 1985 1344 2057; x_wconf 88' lang='lat' dir='ltr'><strong>quievit</strong></span> 
     </span>
    </p>
   </div>
   <div class='ocr_carea' id='block_1_34' title="bbox 593 2072 2116 2149">
    <p class='ocr_par' dir='ltr' id='par_1_34' title="bbox 593 2072 2116 2149">
     <span class='ocr_line' id='line_1_34' title="bbox 593 2072 2116 2149; baseline 0.003 -20"><span class='ocrx_word' id='word_1_228' title='bbox 593 2073 728 2146; x_wconf 77' lang='lat' dir='ltr'><strong>Item</strong></span> <span class='ocrx_word' id='word_1_229' title='bbox 760 2075 946 2134; x_wconf 63' lang='lat' dir='ltr'><strong>Romae</strong></span> <span class='ocrx_word' id='word_1_230' title='bbox 974 2077 1156 2149; x_wconf 86' lang='lat' dir='ltr'><strong>passio</strong></span> <span class='ocrx_word' id='word_1_231' title='bbox 1196 2072 1559 2147; x_wconf 84' lang='lat' dir='ltr'><strong>quadraginta</strong></span> <span class='ocrx_word' id='word_1_232' title='bbox 1604 2092 1701 2133; x_wconf 80' lang='lat' dir='ltr'><strong>sex</strong></span> <span class='ocrx_word' id='word_1_233' title='bbox 1727 2076 1985 2143; x_wconf 88' lang='lat' dir='ltr'><strong>militum,</strong></span> <span class='ocrx_word' id='word_1_234' title='bbox 2021 2077 2116 2148; x_wconf 87' lang='lat' dir='ltr'><strong>qui</strong></span> 
     </span>
    </p>
   </div>
   <div class='ocr_carea' id='block_1_35' title="bbox 2227 1972 3823 2043">
    <p class='ocr_par' dir='ltr' id='par_1_35' title="bbox 2227 1972 3823 2043">
     <span class='ocr_line' id='line_1_35' title="bbox 2227 1972 3823 2043; baseline -0.002 -13"><span class='ocrx_word' id='word_1_235' title='bbox 2227 1975 2294 2030; x_wconf 87' lang='lat' dir='ltr'><strong>de</strong></span> <span class='ocrx_word' id='word_1_236' title='bbox 2327 1973 2447 2029; x_wconf 86' lang='lat' dir='ltr'><strong>Tull</strong></span> <span class='ocrx_word' id='word_1_237' title='bbox 2487 1989 2672 2031; x_wconf 89' lang='lat' dir='ltr'><strong>secum</strong></span> <span class='ocrx_word' id='word_1_238' title='bbox 2713 1973 2935 2039; x_wconf 89' lang='lat' dir='ltr'><strong>ducens,</strong></span> <span class='ocrx_word' id='word_1_239' title='bbox 2981 1972 3230 2043; x_wconf 86' lang='lat' dir='ltr'><strong>baptismi</strong></span> <span class='ocrx_word' id='word_1_240' title='bbox 3273 1972 3445 2043; x_wconf 84' lang='lat' dir='ltr'><strong>gratia</strong></span> <span class='ocrx_word' id='word_1_241' title='bbox 3467 1974 3537 2027; x_wconf 85' lang='lat' dir='ltr'><strong>ad</strong></span> <span class='ocrx_word' id='word_1_242' title='bbox 3565 1980 3823 2029; x_wconf 72' lang='lat' dir='ltr'><strong>sanctum</strong></span> 
     </span>
    </p>
   </div>
   <div class='ocr_carea' id='block_1_36' title="bbox 2225 2064 3623 2161">
    <p class='ocr_par' dir='ltr' id='par_1_36' title="bbox 2225 2064 3623 2161">
     <span class='ocr_line' id='line_1_36' title="bbox 2225 2064 3623 2161; baseline -0.004 -39"><span class='ocrx_word' id='word_1_243' title='bbox 2225 2066 2529 2140; x_wconf 78' lang='lat' dir='ltr'><strong>Remigium</strong></span> <span class='ocrx_word' id='word_1_244' title='bbox 2563 2066 2838 2143; x_wconf 77' lang='lat' dir='ltr'><strong>civitatem</strong></span> <span class='ocrx_word' id='word_1_245' title='bbox 2874 2064 3265 2121; x_wconf 79' lang='lat' dir='ltr'><strong>Rhemensium</strong></span> <span class='ocrx_word' id='word_1_246' title='bbox 3288 2065 3623 2161; x_wconf 71' lang='lat' dir='ltr'><strong>properavit.</strong></span> 
     </span>
    </p>
   </div>
   <div class='ocr_carea' id='block_1_37' title="bbox 1791 2184 2547 2289">
    <p class='ocr_par' dir='ltr' id='par_1_37' title="bbox 1791 2184 2547 2289">
     <span class='ocr_line' id='line_1_37' title="bbox 1791 2184 2547 2289; baseline 0.003 -38"><span class='ocrx_word' id='word_1_247' title='bbox 1791 2189 2053 2289; x_wconf 63' lang='lat' dir='ltr'><strong>Reliqua</strong></span> <span class='ocrx_word' id='word_1_248' title='bbox 2089 2184 2547 2273; x_wconf 56' lang='lat' dir='ltr'><strong>desiderantur.</strong></span> 
     </span>
    </p>
   </div>
   <div class='ocr_carea' id='block_1_38' title="bbox 530 2309 3827 2386">
    <p class='ocr_par' dir='ltr' id='par_1_38' title="bbox 1129 2312 3805 2386">
     <span class='ocr_line' id='line_1_38' title="bbox 1129 2312 3805 2386; baseline 0.005 -21"><span class='ocrx_word' id='word_1_249' title='bbox 1129 2356 1157 2371; x_wconf 61' lang='grc' dir='ltr'><strong>ο,</strong></span> <span class='ocrx_word' id='word_1_250' title='bbox 1200 2360 1213 2369; x_wconf 72' lang='grc' dir='ltr'><strong>ρ</strong></span> <span class='ocrx_word' id='word_1_251' title='bbox 1266 2356 1273 2365; x_wconf 72' lang='grc' dir='ltr'><em>ι</em></span> <span class='ocrx_word' id='word_1_252' title='bbox 1306 2360 1367 2367; x_wconf 75' lang='lat'><strong>..-.</strong></span> <span class='ocrx_word' id='word_1_253' title='bbox 1576 2358 1703 2371; x_wconf 52' lang='grc' dir='ltr'><strong>μῆρ’-να</strong></span> <span class='ocrx_word' id='word_1_254' title='bbox 1764 2321 1775 2365; x_wconf 77' lang='grc' dir='ltr'>Ξ</span> <span class='ocrx_word' id='word_1_255' title='bbox 1862 2360 1874 2369; x_wconf 66' lang='grc' dir='ltr'><strong>ο</strong></span> <span class='ocrx_word' id='word_1_256' title='bbox 1896 2362 1901 2371; x_wconf 77' lang='grc' dir='ltr'>ι</span> <span class='ocrx_word' id='word_1_257' title='bbox 1946 2356 1953 2364; x_wconf 78' lang='grc'>⁶</span> <span class='ocrx_word' id='word_1_258' title='bbox 1996 2360 1999 2363; x_wconf 65' lang='grc' dir='ltr'>λ</span> <span class='ocrx_word' id='word_1_259' title='bbox 2272 2356 2277 2362; x_wconf 89' lang='grc'><strong><em>⁸</em></strong></span> <span class='ocrx_word' id='word_1_260' title='bbox 2392 2358 2401 2365; x_wconf 70' lang='grc' dir='ltr'><strong>ν·</strong></span> <span class='ocrx_word' id='word_1_261' title='bbox 2744 2358 2765 2369; x_wconf 73' lang='lat' dir='ltr'><strong>I‘</strong></span> <span class='ocrx_word' id='word_1_262' title='bbox 2870 2360 2873 2363; x_wconf 85' lang='lat'>‘</span> <span class='ocrx_word' id='word_1_263' title='bbox 2967 2362 2989 2375; x_wconf 70' lang='grc' dir='ltr'><strong>,ι</strong></span> <span class='ocrx_word' id='word_1_264' title='bbox 3036 2360 3077 2373; x_wconf 63' lang='grc' dir='ltr'><em>ι)</em></span> <span class='ocrx_word' id='word_1_265' title='bbox 3104 2360 3126 2374; x_wconf 70' lang='grc' dir='ltr'><strong><em>Δ</em></strong></span> <span class='ocrx_word' id='word_1_266' title='bbox 3164 2319 3287 2386; x_wconf 57' lang='grc' dir='ltr'>εἰσύέῇ</span> <span class='ocrx_word' id='word_1_267' title='bbox 3584 2354 3589 2357; x_wconf 30' lang='grc'>⁷</span> <span class='ocrx_word' id='word_1_268' title='bbox 3620 2370 3625 2378; x_wconf 86' lang='grc' dir='ltr'><strong>Ι</strong></span> <span class='ocrx_word' id='word_1_269' title='bbox 3742 2312 3805 2373; x_wconf 50' lang='grc' dir='ltr'><strong>’ῘΙ</strong></span> 
     </span>
    </p>
   </div>
   <div class='ocr_carea' id='block_1_39' title="bbox 1129 2356 2120 2375">
    <p class='ocr_par' dir='ltr' id='par_1_39' title="bbox 1129 2356 1999 2371">
     <span class='ocr_line' id='line_1_39' title="bbox 1129 2356 1999 2371; baseline 0 -2"><span class='ocrx_word' id='word_1_270' title='bbox 1129 2356 1157 2371; x_wconf 72' lang='grc' dir='ltr'><strong>δ.</strong></span> <span class='ocrx_word' id='word_1_271' title='bbox 1200 2360 1213 2369; x_wconf 81' lang='grc' dir='ltr'><strong>,ρ</strong></span> <span class='ocrx_word' id='word_1_272' title='bbox 1266 2356 1273 2365; x_wconf 71' lang='grc' dir='ltr'><em>ι</em></span> <span class='ocrx_word' id='word_1_273' title='bbox 1306 2360 1367 2367; x_wconf 69' lang='grc' dir='ltr'><strong>ρ.-.</strong></span> <span class='ocrx_word' id='word_1_274' title='bbox 1576 2358 1703 2371; x_wconf 53' lang='grc' dir='ltr'><strong>μῆμσενσ</strong></span> <span class='ocrx_word' id='word_1_275' title='bbox 1764 2356 1775 2365; x_wconf 66' lang='lat' dir='ltr'><strong><em>I</em></strong></span> <span class='ocrx_word' id='word_1_276' title='bbox 1862 2360 1901 2371; x_wconf 63' lang='grc' dir='ltr'><strong>σε</strong></span> <span class='ocrx_word' id='word_1_277' title='bbox 1946 2356 1953 2364; x_wconf 72' lang='grc'><strong><em>⁸</em></strong></span> <span class='ocrx_word' id='word_1_278' title='bbox 1996 2360 1999 2363; x_wconf 65' lang='grc' dir='ltr'>λ</span> 
     </span>
    </p>
   </div>
   <div class='ocr_carea' id='block_1_40' title="bbox 2229 2356 3335 2375">
    <p class='ocr_par' dir='ltr' id='par_1_40' title="bbox 2272 2356 3335 2375">
     <span class='ocr_line' id='line_1_40' title="bbox 2272 2356 3335 2375; baseline 0.014 -13"><span class='ocrx_word' id='word_1_279' title='bbox 2272 2356 2277 2362; x_wconf 78' lang='grc' dir='ltr'><strong><em>ι</em></strong></span> <span class='ocrx_word' id='word_1_280' title='bbox 2392 2358 2401 2365; x_wconf 73' lang='grc'><strong>.-</strong></span> <span class='ocrx_word' id='word_1_281' title='bbox 2708 2356 2765 2369; x_wconf 66' lang='lat' dir='ltr'><strong>‘Bt</strong></span> <span class='ocrx_word' id='word_1_282' title='bbox 2870 2360 2873 2363; x_wconf 79' lang='lat'>‘</span> <span class='ocrx_word' id='word_1_283' title='bbox 2967 2362 2989 2375; x_wconf 76' lang='grc' dir='ltr'><strong>,ι</strong></span> <span class='ocrx_word' id='word_1_284' title='bbox 3036 2356 3126 2374; x_wconf 55' lang='grc' dir='ltr'><strong>ιλλ</strong></span> <span class='ocrx_word' id='word_1_285' title='bbox 3164 2356 3289 2375; x_wconf 63' lang='grc' dir='ltr'>δῐσύέυ</span> <span class='ocrx_word' id='word_1_286' title='bbox 3322 2363 3335 2375; x_wconf 79' lang='grc' dir='ltr'><strong>ο</strong></span> 
     </span>
    </p>
   </div>
   <div class='ocr_carea' id='block_1_41' title="bbox 1198 2380 2003 2393">
    <p class='ocr_par' dir='ltr' id='par_1_41' title="bbox 1198 2380 1201 2387">
     <span class='ocr_line' id='line_1_41' title="bbox 1198 2380 1201 2387; baseline 0 0"><span class='ocrx_word' id='word_1_287' title='bbox 1198 2380 1201 2387; x_wconf 72' lang='grc' dir='ltr'>ι</span> 
     </span>
    </p>
   </div>
   <div class='ocr_carea' id='block_1_42' title="bbox 1194 2427 2120 2559">
    <p class='ocr_par' dir='ltr' id='par_1_42' title="bbox 1194 2427 2120 2559">
     <span class='ocr_line' id='line_1_42' title="bbox 1194 2427 2120 2559; baseline 0 0"><span class='ocrx_word' id='word_1_288' title='bbox 1194 2431 1364 2559; x_wconf 61' lang='lat' dir='ltr'><strong>By</strong></span> <span class='ocrx_word' id='word_1_289' title='bbox 1438 2427 2120 2559; x_wconf 54' lang='grc' dir='ltr'><strong>1301⁵1ῑέ</strong></span> 
     </span>
    </p>
   </div>
   <div class='ocr_carea' id='block_1_43' title="bbox 2229 2427 3153 2559">
    <p class='ocr_par' dir='ltr' id='par_1_43' title="bbox 2229 2429 3153 2559">
     <span class='ocr_line' id='line_1_43' title="bbox 2229 2429 3153 2559; baseline 0.012 -10"><span class='ocrx_word' id='word_1_290' title='bbox 2229 2432 2278 2549; x_wconf 85' lang='grc' dir='ltr'><strong>Ι</strong></span> <span class='ocrx_word' id='word_1_291' title='bbox 2344 2429 3153 2559; x_wconf 53' lang='lat' dir='ltr'><strong>BAL“!!!</strong></span> 
     </span>
    </p>
   </div>
   <div class='ocr_carea' id='block_1_44' title="bbox 1942 2468 2853 2487">
    <p class='ocr_par' dir='ltr' id='par_1_44' title="bbox 1942 2468 2853 2487">
     <span class='ocr_line' id='line_1_44' title="bbox 1942 2468 2853 2487; baseline 0 0"><span class='ocrx_word' id='word_1_292' title='bbox 1942 2468 2264 2487; x_wconf 68' lang='lat' dir='ltr'><strong>.—Y&#39;—-</strong></span> <span class='ocrx_word' id='word_1_293' title='bbox 2363 2468 2588 2487; x_wconf 61' lang='lat'><strong>“.-</strong></span> <span class='ocrx_word' id='word_1_294' title='bbox 2631 2468 2853 2487; x_wconf 70' lang='lat'><strong>--—&quot;</strong></span> 
     </span>
    </p>
   </div>
   <div class='ocr_carea' id='block_1_45' title="bbox 1228 2494 2937 2579">
    <p class='ocr_par' dir='ltr' id='par_1_45' title="bbox 1228 2494 2937 2579">
     <span class='ocr_line' id='line_1_45' title="bbox 1228 2494 2937 2579; baseline 0.008 -37"><span class='ocrx_word' id='word_1_295' title='bbox 1228 2494 1364 2561; x_wconf 62' lang='lat' dir='ltr'>pg</span> <span class='ocrx_word' id='word_1_296' title='bbox 1438 2494 2277 2579; x_wconf 44' lang='grc' dir='ltr'><strong>φενῇμμξιιι</strong></span> 
     </span>
    </p>
   </div>
   <div class='ocr_carea' id='block_1_46' title="bbox 1844 2572 2497 2653">
    <p class='ocr_par' dir='ltr' id='par_1_46' title="bbox 1844 2572 2497 2653">
     <span class='ocr_line' id='line_1_46' title="bbox 1844 2572 2497 2653; baseline 0.002 -18"><span class='ocrx_word' id='word_1_297' title='bbox 1844 2572 1901 2635; x_wconf 87' lang='lat' dir='ltr'><strong>S.</strong></span> <span class='ocrx_word' id='word_1_298' title='bbox 1944 2572 2150 2653; x_wconf 76' lang='lat' dir='ltr'><strong>GALLI</strong></span> <span class='ocrx_word' id='word_1_299' title='bbox 2187 2579 2497 2643; x_wconf 66' lang='lat' dir='ltr'><strong>MOHACHI</strong></span> 
     </span>
    </p>
   </div>
   <div class='ocr_carea' id='block_1_47' title="bbox 1022 2689 3315 2784">
    <p class='ocr_par' dir='ltr' id='par_1_47' title="bbox 1022 2689 3315 2784">
     <span class='ocr_line' id='line_1_47' title="bbox 1022 2689 3315 2784; baseline 0 -3"><span class='ocrx_word' id='word_1_300' title='bbox 1022 2689 1801 2784; x_wconf 83' lang='lat' dir='ltr'><strong>EPISTOLA</strong></span> <span class='ocrx_word' id='word_1_301' title='bbox 1897 2691 2074 2779; x_wconf 83' lang='lat' dir='ltr'><strong>AD</strong></span> <span class='ocrx_word' id='word_1_302' title='bbox 2178 2690 3315 2783; x_wconf 83' lang='lat' dir='ltr'><strong>RUODPERTUM.</strong></span> 
     </span>
    </p>
   </div>
   <div class='ocr_carea' id='block_1_48' title="bbox 1540 2819 2808 2902">
    <p class='ocr_par' dir='ltr' id='par_1_48' title="bbox 1540 2819 2808 2902">
     <span class='ocr_line' id='line_1_48' title="bbox 1540 2819 2808 2902; baseline 0.001 -22"><span class='ocrx_word' id='word_1_303' title='bbox 1540 2822 1628 2883; x_wconf 82' lang='lat' dir='ltr'><strong>De</strong></span> <span class='ocrx_word' id='word_1_304' title='bbox 1664 2819 2141 2882; x_wconf 72' lang='lat' dir='ltr'><strong>obtrectationis</strong></span> <span class='ocrx_word' id='word_1_305' title='bbox 2178 2823 2435 2883; x_wconf 77' lang='lat' dir='ltr'><strong>crimine</strong></span> <span class='ocrx_word' id='word_1_306' title='bbox 2464 2842 2525 2883; x_wconf 83' lang='lat' dir='ltr'><strong>se</strong></span> <span class='ocrx_word' id='word_1_307' title='bbox 2545 2830 2808 2902; x_wconf 79' lang='lat' dir='ltr'><strong>purgat.</strong></span> 
     </span>
    </p>
   </div>
   <div class='ocr_carea' id='block_1_49' title="bbox 1285 2939 3045 3019">
    <p class='ocr_par' dir='ltr' id='par_1_49' title="bbox 1285 2939 3045 3019">
     <span class='ocr_line' id='line_1_49' title="bbox 1285 2939 3045 3019; baseline 0 -23"><span class='ocrx_word' id='word_1_308' title='bbox 1285 2939 1460 3015; x_wconf 86' lang='lat' dir='ltr'><strong>(Apud</strong></span> <span class='ocrx_word' id='word_1_309' title='bbox 1489 2939 1730 3005; x_wconf 84' lang='lat' dir='ltr'><strong>Pczium,</strong></span> <span class='ocrx_word' id='word_1_310' title='bbox 1757 2939 2068 2995; x_wconf 85' lang='lat' dir='ltr'><strong>Tltesaurus</strong></span> <span class='ocrx_word' id='word_1_311' title='bbox 2094 2939 2356 2996; x_wconf 87' lang='lat' dir='ltr'><strong>Anecdot.</strong></span> <span class='ocrx_word' id='word_1_312' title='bbox 2382 2942 2734 3016; x_wconf 74' lang='lat' dir='ltr'><strong>novissimus,</strong></span> <span class='ocrx_word' id='word_1_313' title='bbox 2765 2951 2896 3017; x_wconf 83' lang='lat' dir='ltr'><strong>tom.</strong></span> <span class='ocrx_word' id='word_1_314' title='bbox 2934 2941 3045 3019; x_wconf 52' lang='lat' dir='ltr'><strong>ill.)</strong></span> 
     </span>
    </p>
   </div>
   <div class='ocr_carea' id='block_1_50' title="bbox 1937 3037 2359 3054">
    <p class='ocr_par' dir='ltr' id='par_1_50' title="bbox 1937 3037 2359 3054">
     <span class='ocr_line' id='line_1_50' title="bbox 1937 3037 2359 3054; baseline -0.002 -3"><span class='ocrx_word' id='word_1_315' title='bbox 1937 3037 2359 3054; x_wconf 46' lang='lat' dir='ltr'><strong>w—</strong></span> 
     </span>
    </p>
   </div>
   <div class='ocr_carea' id='block_1_51' title="bbox 595 3100 1756 3183">
    <p class='ocr_par' dir='ltr' id='par_1_51' title="bbox 595 3100 1756 3183">
     <span class='ocr_line' id='line_1_51' title="bbox 595 3100 1756 3183; baseline -0.005 -18"><span class='ocrx_word' id='word_1_316' title='bbox 595 3106 772 3165; x_wconf 83' lang='lat' dir='ltr'><strong>Fratri</strong></span> <span class='ocrx_word' id='word_1_317' title='bbox 813 3104 1147 3161; x_wconf 75' lang='lat' dir='ltr'><strong>Ruonren&#39;ro</strong></span> <span class='ocrx_word' id='word_1_318' title='bbox 1184 3100 1413 3159; x_wconf 75' lang='lat' dir='ltr'><strong>NOTKER</strong></span> <span class='ocrx_word' id='word_1_319' title='bbox 1448 3102 1517 3157; x_wconf 79' lang='lat' dir='ltr'><strong>de</strong></span> <span class='ocrx_word' id='word_1_320' title='bbox 1545 3103 1756 3183; x_wconf 74' lang='lat' dir='ltr'><strong>exsilio.</strong></span> 
     </span>
    </p>
   </div>
   <div class='ocr_carea' id='block_1_52' title="bbox 594 3196 2116 3265">
    <p class='ocr_par' dir='ltr' id='par_1_52' title="bbox 594 3196 2116 3265">
     <span class='ocr_line' id='line_1_52' title="bbox 594 3196 2116 3265; baseline -0.004 -6"><span class='ocrx_word' id='word_1_321' title='bbox 594 3204 695 3259; x_wconf 77' lang='lat' dir='ltr'><strong>Vix</strong></span> <span class='ocrx_word' id='word_1_322' title='bbox 723 3199 856 3255; x_wconf 89' lang='lat' dir='ltr'><strong>mihi</strong></span> <span class='ocrx_word' id='word_1_323' title='bbox 883 3213 942 3254; x_wconf 90' lang='lat' dir='ltr'><strong>es</strong></span> <span class='ocrx_word' id='word_1_324' title='bbox 971 3205 1162 3263; x_wconf 87' lang='lat' dir='ltr'><strong>notus,</strong></span> <span class='ocrx_word' id='word_1_325' title='bbox 1210 3204 1266 3251; x_wconf 90' lang='lat' dir='ltr'><strong>et</strong></span> <span class='ocrx_word' id='word_1_326' title='bbox 1313 3196 1482 3250; x_wconf 91' lang='lat' dir='ltr'><strong>miror</strong></span> <span class='ocrx_word' id='word_1_327' title='bbox 1511 3211 1679 3265; x_wconf 88' lang='lat' dir='ltr'><strong>quare</strong></span> <span class='ocrx_word' id='word_1_328' title='bbox 1700 3196 1812 3265; x_wconf 88' lang='lat' dir='ltr'><strong>jam</strong></span> <span class='ocrx_word' id='word_1_329' title='bbox 1844 3198 1918 3253; x_wconf 92' lang='lat' dir='ltr'><strong>sis</strong></span> <span class='ocrx_word' id='word_1_330' title='bbox 1948 3199 1998 3252; x_wconf 89' lang='lat' dir='ltr'><strong>in</strong></span> <span class='ocrx_word' id='word_1_331' title='bbox 2030 3213 2116 3254; x_wconf 90' lang='lat' dir='ltr'><strong>me</strong></span> 
     </span>
    </p>
   </div>
   <div class='ocr_carea' id='block_1_53' title="bbox 523 3287 2116 3359">
    <p class='ocr_par' dir='ltr' id='par_1_53' title="bbox 523 3287 2116 3359">
     <span class='ocr_line' id='line_1_53' title="bbox 523 3287 2116 3359; baseline -0.006 -5"><span class='ocrx_word' id='word_1_332' title='bbox 523 3301 847 3354; x_wconf 90' lang='lat' dir='ltr'><strong>commotus.</strong></span> <span class='ocrx_word' id='word_1_333' title='bbox 872 3289 1132 3345; x_wconf 89' lang='lat' dir='ltr'><strong>Invictum</strong></span> <span class='ocrx_word' id='word_1_334' title='bbox 1158 3287 1396 3343; x_wconf 90' lang='lat' dir='ltr'><strong>animum</strong></span> <span class='ocrx_word' id='word_1_335' title='bbox 1420 3296 1611 3343; x_wconf 89' lang='lat' dir='ltr'><strong>contra</strong></span> <span class='ocrx_word' id='word_1_336' title='bbox 1641 3287 1980 3344; x_wconf 82' lang='lat' dir='ltr'><strong>iracundiam</strong></span> <span class='ocrx_word' id='word_1_337' title='bbox 2004 3291 2116 3359; x_wconf 77' lang='lat' dir='ltr'><strong>geri</strong></span> 
     </span>
    </p>
   </div>
   <div class='ocr_carea' id='block_1_54' title="bbox 522 3377 2117 3458">
    <p class='ocr_par' dir='ltr' id='par_1_54' title="bbox 522 3377 2117 3458">
     <span class='ocr_line' id='line_1_54' title="bbox 522 3377 2117 3458; baseline -0.006 -14"><span class='ocrx_word' id='word_1_338' title='bbox 522 3385 785 3458; x_wconf 80' lang='lat' dir='ltr'><strong>oportuit,</strong></span> <span class='ocrx_word' id='word_1_339' title='bbox 834 3397 940 3437; x_wconf 92' lang='lat' dir='ltr'><strong>non</strong></span> <span class='ocrx_word' id='word_1_340' title='bbox 967 3389 1173 3436; x_wconf 89' lang='lat' dir='ltr'><strong>temere</strong></span> <span class='ocrx_word' id='word_1_341' title='bbox 1199 3377 1463 3435; x_wconf 88' lang='lat' dir='ltr'><strong>concitari</strong></span> <span class='ocrx_word' id='word_1_342' title='bbox 1510 3378 1565 3431; x_wconf 92' lang='lat' dir='ltr'><strong>in</strong></span> <span class='ocrx_word' id='word_1_343' title='bbox 1611 3392 1904 3448; x_wconf 84' lang='lat' dir='ltr'><strong>quoquam.</strong></span> <span class='ocrx_word' id='word_1_344' title='bbox 1963 3380 2117 3435; x_wconf 88' lang='lat' dir='ltr'><strong>Scri-</strong></span> 
     </span>
    </p>
   </div>
   <div class='ocr_carea' id='block_1_55' title="bbox 522 3458 2119 3554">
    <p class='ocr_par' dir='ltr' id='par_1_55' title="bbox 522 3458 2119 3554">
     <span class='ocr_line' id='line_1_55' title="bbox 522 3458 2119 3554; baseline -0.004 -18"><span class='ocrx_word' id='word_1_345' title='bbox 522 3458 673 3554; x_wconf 85' lang='lat' dir='ltr'><strong>ptum</strong></span> <span class='ocrx_word' id='word_1_346' title='bbox 701 3479 865 3536; x_wconf 88' lang='lat' dir='ltr'><strong>estin</strong></span> <span class='ocrx_word' id='word_1_347' title='bbox 891 3476 1183 3547; x_wconf 79' lang='lat' dir='ltr'><strong>Evangelia</strong></span> <span class='ocrx_word' id='word_1_348' title='bbox 1209 3494 1224 3531; x_wconf 91' lang='lat'><strong>:</strong></span> <span class='ocrx_word' id='word_1_349' title='bbox 1250 3476 1341 3548; x_wconf 87' lang='lat' dir='ltr'><strong>qui</strong></span> <span class='ocrx_word' id='word_1_350' title='bbox 1382 3475 1635 3529; x_wconf 79' lang='lat' dir='ltr'><strong>irascitur</strong></span> <span class='ocrx_word' id='word_1_351' title='bbox 1678 3475 1836 3544; x_wconf 79' lang='lat' dir='ltr'><strong>fratri</strong></span> <span class='ocrx_word' id='word_1_352' title='bbox 1879 3493 1974 3529; x_wconf 78' lang='lat' dir='ltr'><strong>suo</strong></span> <span class='ocrx_word' id='word_1_353' title='bbox 2006 3478 2119 3530; x_wconf 79' lang='lat' dir='ltr'><strong>sine</strong></span> 
     </span>
    </p>
   </div>
   <div class='ocr_carea' id='block_1_56' title="bbox 523 3566 2123 3640">
    <p class='ocr_par' dir='ltr' id='par_1_56' title="bbox 523 3566 2123 3640">
     <span class='ocr_line' id='line_1_56' title="bbox 523 3566 2123 3640; baseline -0.004 -12"><span class='ocrx_word' id='word_1_354' title='bbox 523 3591 704 3635; x_wconf 84' lang='lat' dir='ltr'><strong>causa,</strong></span> <span class='ocrx_word' id='word_1_355' title='bbox 736 3587 855 3625; x_wconf 81' lang='lat' dir='ltr'><strong>reus</strong></span> <span class='ocrx_word' id='word_1_356' title='bbox 897 3580 972 3625; x_wconf 79' lang='lat' dir='ltr'><strong>est</strong></span> <span class='ocrx_word' id='word_1_357' title='bbox 991 3568 1197 3640; x_wconf 85' lang='lat' dir='ltr'><strong>judicio</strong></span> <span class='ocrx_word' id='word_1_358' title='bbox 1244 3567 1464 3640; x_wconf 74' lang='lat' dir='ltr'><strong>(Matth.</strong></span> <span class='ocrx_word' id='word_1_359' title='bbox 1488 3566 1567 3637; x_wconf 91' lang='lat' dir='ltr'><strong>v).</strong></span> <span class='ocrx_word' id='word_1_360' title='bbox 1615 3567 1904 3623; x_wconf 84' lang='lat' dir='ltr'><strong>Enimvero</strong></span> <span class='ocrx_word' id='word_1_361' title='bbox 1931 3585 2030 3639; x_wconf 86' lang='lat' dir='ltr'><strong>per</strong></span> <span class='ocrx_word' id='word_1_362' title='bbox 2056 3570 2123 3622; x_wconf 80' lang='lat' dir='ltr'><strong>ii-</strong></span> 
     </span>
    </p>
   </div>
   <div class='ocr_carea' id='block_1_57' title="bbox 527 3659 2119 3733">
    <p class='ocr_par' dir='ltr' id='par_1_57' title="bbox 527 3659 2119 3733">
     <span class='ocr_line' id='line_1_57' title="bbox 527 3659 2119 3733; baseline -0.001 -14"><span class='ocrx_word' id='word_1_363' title='bbox 527 3665 683 3727; x_wconf 90' lang='lat' dir='ltr'><strong>dem,</strong></span> <span class='ocrx_word' id='word_1_364' title='bbox 710 3676 831 3733; x_wconf 83' lang='lat' dir='ltr'><strong>quae</strong></span> <span class='ocrx_word' id='word_1_365' title='bbox 857 3669 941 3717; x_wconf 89' lang='lat' dir='ltr'><strong>est</strong></span> <span class='ocrx_word' id='word_1_366' title='bbox 973 3660 1027 3715; x_wconf 89' lang='lat' dir='ltr'><strong>in</strong></span> <span class='ocrx_word' id='word_1_367' title='bbox 1058 3659 1371 3724; x_wconf 89' lang='lat' dir='ltr'><strong>dilectione,</strong></span> <span class='ocrx_word' id='word_1_368' title='bbox 1418 3673 1696 3730; x_wconf 83' lang='lat' dir='ltr'><strong>nunquam</strong></span> <span class='ocrx_word' id='word_1_369' title='bbox 1746 3674 1847 3731; x_wconf 83' lang='lat' dir='ltr'><strong>ego</strong></span> <span class='ocrx_word' id='word_1_370' title='bbox 1889 3669 2119 3717; x_wconf 86' lang='lat' dir='ltr'><strong>conatus</strong></span> 
     </span>
    </p>
   </div>
   <div class='ocr_carea' id='block_1_58' title="bbox 526 3750 2120 3820">
    <p class='ocr_par' dir='ltr' id='par_1_58' title="bbox 526 3750 2120 3820">
     <span class='ocr_line' id='line_1_58' title="bbox 526 3750 2120 3820; baseline -0.003 -8"><span class='ocrx_word' id='word_1_371' title='bbox 526 3771 646 3812; x_wconf 80' lang='lat' dir='ltr'><strong>sum</strong></span> <span class='ocrx_word' id='word_1_372' title='bbox 681 3753 878 3808; x_wconf 80' lang='lat' dir='ltr'><strong>famam</strong></span> <span class='ocrx_word' id='word_1_373' title='bbox 906 3760 1054 3806; x_wconf 88' lang='lat' dir='ltr'><strong>tuam</strong></span> <span class='ocrx_word' id='word_1_374' title='bbox 1087 3750 1303 3816; x_wconf 68' lang='lat' dir='ltr'><strong>ltedere,</strong></span> <span class='ocrx_word' id='word_1_375' title='bbox 1334 3750 1416 3804; x_wconf 89' lang='lat' dir='ltr'><strong>vel</strong></span> <span class='ocrx_word' id='word_1_376' title='bbox 1444 3765 1633 3805; x_wconf 89' lang='lat' dir='ltr'><strong>eorum</strong></span> <span class='ocrx_word' id='word_1_377' title='bbox 1664 3751 1756 3820; x_wconf 83' lang='lat' dir='ltr'><strong>qui</strong></span> <span class='ocrx_word' id='word_1_378' title='bbox 1790 3761 1966 3805; x_wconf 81' lang='lat' dir='ltr'><strong>tecum</strong></span> <span class='ocrx_word' id='word_1_379' title='bbox 1995 3762 2120 3807; x_wconf 87' lang='lat' dir='ltr'><strong>sunt</strong></span> 
     </span>
    </p>
   </div>
   <div class='ocr_carea' id='block_1_59' title="bbox 524 3841 2117 3911">
    <p class='ocr_par' dir='ltr' id='par_1_59' title="bbox 524 3841 2117 3911">
     <span class='ocr_line' id='line_1_59' title="bbox 524 3841 2117 3911; baseline -0.003 -12"><span class='ocrx_word' id='word_1_380' title='bbox 524 3844 755 3901; x_wconf 73' lang='lat' dir='ltr'><strong>fratrum</strong></span> <span class='ocrx_word' id='word_1_381' title='bbox 790 3841 1115 3911; x_wconf 65' lang='lat' dir='ltr'><strong>insipientia:</strong></span> <span class='ocrx_word' id='word_1_382' title='bbox 1156 3848 1366 3905; x_wconf 88' lang='lat' dir='ltr'><strong>notare,</strong></span> <span class='ocrx_word' id='word_1_383' title='bbox 1396 3841 1852 3910; x_wconf 85' lang='lat' dir='ltr'><strong>quemadmodum</strong></span> <span class='ocrx_word' id='word_1_384' title='bbox 1888 3856 1985 3910; x_wconf 85' lang='lat' dir='ltr'><strong>per</strong></span> <span class='ocrx_word' id='word_1_385' title='bbox 2008 3841 2117 3895; x_wconf 78' lang='lat' dir='ltr'><strong>lia-</strong></span> 
     </span>
    </p>
   </div>
   <div class='ocr_carea' id='block_1_60' title="bbox 526 3929 2119 4004">
    <p class='ocr_par' dir='ltr' id='par_1_60' title="bbox 526 3929 2119 4004">
     <span class='ocr_line' id='line_1_60' title="bbox 526 3929 2119 4004; baseline -0.001 -15"><span class='ocrx_word' id='word_1_386' title='bbox 526 3935 748 3990; x_wconf 83' lang='lat' dir='ltr'><strong>zilinum</strong></span> <span class='ocrx_word' id='word_1_387' title='bbox 776 3932 1154 4004; x_wconf 86' lang='lat' dir='ltr'><strong>presbyterum</strong></span> <span class='ocrx_word' id='word_1_388' title='bbox 1189 3932 1477 3987; x_wconf 85' lang='lat' dir='ltr'><strong>minaciter</strong></span> <span class='ocrx_word' id='word_1_389' title='bbox 1520 3929 1820 3999; x_wconf 84' lang='lat' dir='ltr'><strong>objeceras.</strong></span> <span class='ocrx_word' id='word_1_390' title='bbox 1862 3932 2119 4001; x_wconf 74' lang='lat' dir='ltr'><strong>Alioquin</strong></span> 
     </span>
    </p>
   </div>
   <div class='ocr_carea' id='block_1_61' title="bbox 526 4021 2119 4098">
    <p class='ocr_par' dir='ltr' id='par_1_61' title="bbox 526 4021 2119 4098">
     <span class='ocr_line' id='line_1_61' title="bbox 526 4021 2119 4098; baseline -0.001 -19"><span class='ocrx_word' id='word_1_391' title='bbox 526 4025 711 4098; x_wconf 80' lang='lat' dir='ltr'><strong>gloriae</strong></span> <span class='ocrx_word' id='word_1_392' title='bbox 746 4032 935 4078; x_wconf 83' lang='lat' dir='ltr'><strong>vestrae</strong></span> <span class='ocrx_word' id='word_1_393' title='bbox 965 4038 1088 4078; x_wconf 90' lang='lat' dir='ltr'><strong>cum</strong></span> <span class='ocrx_word' id='word_1_394' title='bbox 1145 4022 1487 4093; x_wconf 78' lang='lat' dir='ltr'><strong>derogarent,</strong></span> <span class='ocrx_word' id='word_1_395' title='bbox 1538 4038 1624 4077; x_wconf 89' lang='lat' dir='ltr'><strong>me</strong></span> <span class='ocrx_word' id='word_1_396' title='bbox 1671 4023 1846 4093; x_wconf 87' lang='lat' dir='ltr'><strong>ipsum</strong></span> <span class='ocrx_word' id='word_1_397' title='bbox 1884 4021 2119 4077; x_wconf 82' lang='lat' dir='ltr'><strong>facerem</strong></span> 
     </span>
    </p>
   </div>
   <div class='ocr_carea' id='block_1_62' title="bbox 527 4113 2121 4191">
    <p class='ocr_par' dir='ltr' id='par_1_62' title="bbox 527 4113 2121 4191">
     <span class='ocr_line' id='line_1_62' title="bbox 527 4113 2121 4191; baseline -0.004 -16"><span class='ocrx_word' id='word_1_398' title='bbox 527 4117 838 4191; x_wconf 82' lang='lat' dir='ltr'><strong>inglorium.</strong></span> <span class='ocrx_word' id='word_1_399' title='bbox 870 4114 1042 4185; x_wconf 85' lang='lat' dir='ltr'><strong>Cupio</strong></span> <span class='ocrx_word' id='word_1_400' title='bbox 1064 4116 1210 4170; x_wconf 88' lang='lat' dir='ltr'><strong>enim</strong></span> <span class='ocrx_word' id='word_1_401' title='bbox 1236 4130 1334 4184; x_wconf 89' lang='lat' dir='ltr'><strong>per</strong></span> <span class='ocrx_word' id='word_1_402' title='bbox 1366 4113 1762 4169; x_wconf 75' lang='lat' dir='ltr'><strong>fraternitatem</strong></span> <span class='ocrx_word' id='word_1_403' title='bbox 1808 4130 1913 4168; x_wconf 85' lang='lat' dir='ltr'><strong>una</strong></span> <span class='ocrx_word' id='word_1_404' title='bbox 1941 4115 2121 4169; x_wconf 81' lang='lat' dir='ltr'><strong>vobis-</strong></span> 
     </span>
    </p>
   </div>
   <div class='ocr_carea' id='block_1_63' title="bbox 526 4204 2120 4280">
    <p class='ocr_par' dir='ltr' id='par_1_63' title="bbox 526 4204 2120 4280">
     <span class='ocr_line' id='line_1_63' title="bbox 526 4204 2120 4280; baseline -0.004 -15"><span class='ocrx_word' id='word_1_405' title='bbox 526 4226 649 4271; x_wconf 84' lang='lat' dir='ltr'><strong>cum</strong></span> <span class='ocrx_word' id='word_1_406' title='bbox 697 4214 752 4264; x_wconf 91' lang='lat' dir='ltr'><strong>et</strong></span> <span class='ocrx_word' id='word_1_407' title='bbox 781 4222 882 4280; x_wconf 88' lang='lat' dir='ltr'><strong>ego</strong></span> <span class='ocrx_word' id='word_1_408' title='bbox 914 4221 1170 4279; x_wconf 83' lang='lat' dir='ltr'><strong>regnare,</strong></span> <span class='ocrx_word' id='word_1_409' title='bbox 1204 4204 1247 4261; x_wconf 88' lang='lat' dir='ltr'><strong>si</strong></span> <span class='ocrx_word' id='word_1_410' title='bbox 1280 4214 1461 4260; x_wconf 87' lang='lat' dir='ltr'><strong>tamen</strong></span> <span class='ocrx_word' id='word_1_411' title='bbox 1490 4206 1750 4275; x_wconf 81' lang='lat' dir='ltr'><strong>regnatis.</strong></span> <span class='ocrx_word' id='word_1_412' title='bbox 1781 4204 1953 4270; x_wconf 83' lang='lat' dir='ltr'><strong>Quod,</strong></span> <span class='ocrx_word' id='word_1_413' title='bbox 1987 4205 2120 4259; x_wconf 84' lang='lat' dir='ltr'><strong>mihi</strong></span> 
     </span>
    </p>
   </div>
   <div class='ocr_carea' id='block_1_64' title="bbox 526 4298 2119 4371">
    <p class='ocr_par' dir='ltr' id='par_1_64' title="bbox 526 4298 2119 4371">
     <span class='ocr_line' id='line_1_64' title="bbox 526 4298 2119 4371; baseline -0.004 -11"><span class='ocrx_word' id='word_1_414' title='bbox 526 4304 575 4360; x_wconf 76' lang='lat' dir='ltr'><strong>si</strong></span> <span class='ocrx_word' id='word_1_415' title='bbox 603 4303 684 4358; x_wconf 88' lang='lat' dir='ltr'><strong>vis</strong></span> <span class='ocrx_word' id='word_1_416' title='bbox 712 4302 958 4366; x_wconf 84' lang='lat' dir='ltr'><strong>credere,</strong></span> <span class='ocrx_word' id='word_1_417' title='bbox 989 4300 1197 4371; x_wconf 88' lang='lat' dir='ltr'><strong>gaudeo</strong></span> <span class='ocrx_word' id='word_1_418' title='bbox 1225 4307 1448 4370; x_wconf 82' lang='lat' dir='ltr'><strong>propter</strong></span> <span class='ocrx_word' id='word_1_419' title='bbox 1478 4307 1530 4353; x_wconf 87' lang='lat' dir='ltr'><strong>te</strong></span> <span class='ocrx_word' id='word_1_420' title='bbox 1565 4299 1710 4369; x_wconf 85' lang='lat' dir='ltr'><strong>quod</strong></span> <span class='ocrx_word' id='word_1_421' title='bbox 1742 4314 1851 4354; x_wconf 88' lang='lat' dir='ltr'><strong>non</strong></span> <span class='ocrx_word' id='word_1_422' title='bbox 1876 4298 2119 4355; x_wconf 70' lang='lat' dir='ltr'><strong>sinistra:</strong></span> 
     </span>
    </p>
   </div>
   <div class='ocr_carea' id='block_1_65' title="bbox 526 4390 2121 4465">
    <p class='ocr_par' dir='ltr' id='par_1_65' title="bbox 526 4390 2121 4465">
     <span class='ocr_line' id='line_1_65' title="bbox 526 4390 2121 4465; baseline -0.003 -15"><span class='ocrx_word' id='word_1_423' title='bbox 526 4394 687 4450; x_wconf 66' lang='lat' dir='ltr'><strong>[antae</strong></span> <span class='ocrx_word' id='word_1_424' title='bbox 710 4393 890 4465; x_wconf 88' lang='lat' dir='ltr'><strong>potius</strong></span> <span class='ocrx_word' id='word_1_425' title='bbox 938 4408 1126 4448; x_wconf 87' lang='lat' dir='ltr'><strong>aurem</strong></span> <span class='ocrx_word' id='word_1_426' title='bbox 1180 4391 1416 4462; x_wconf 78' lang='lat' dir='ltr'><strong>aperias.</strong></span> <span class='ocrx_word' id='word_1_427' title='bbox 1470 4390 1567 4449; x_wconf 87' lang='lat' dir='ltr'><strong>Sin</strong></span> <span class='ocrx_word' id='word_1_428' title='bbox 1590 4401 1773 4447; x_wconf 82' lang='lat' dir='ltr'><strong>autem</strong></span> <span class='ocrx_word' id='word_1_429' title='bbox 1810 4408 1824 4444; x_wconf 91' lang='lat'><strong>:</strong></span> <span class='ocrx_word' id='word_1_430' title='bbox 1854 4390 2121 4446; x_wconf 85' lang='lat' dir='ltr'><strong>accersito</strong></span> 
     </span>
    </p>
   </div>
   <div class='ocr_carea' id='block_1_66' title="bbox 2146 3102 3825 3175">
    <p class='ocr_par' dir='ltr' id='par_1_66' title="bbox 2146 3102 3825 3175">
     <span class='ocr_line' id='line_1_66' title="bbox 2146 3102 3825 3175; baseline 0.003 -15"><span class='ocrx_word' id='word_1_431' title='bbox 2146 3109 2192 3171; x_wconf 87' lang='lat' dir='ltr'><strong>C</strong></span> <span class='ocrx_word' id='word_1_432' title='bbox 2223 3120 2533 3175; x_wconf 86' lang='lat' dir='ltr'><strong>cusaveras.</strong></span> <span class='ocrx_word' id='word_1_433' title='bbox 2582 3104 2649 3159; x_wconf 87' lang='lat' dir='ltr'><strong>Et</strong></span> <span class='ocrx_word' id='word_1_434' title='bbox 2694 3102 2783 3158; x_wconf 88' lang='lat' dir='ltr'><strong>ille</strong></span> <span class='ocrx_word' id='word_1_435' title='bbox 2824 3102 2870 3158; x_wconf 90' lang='lat' dir='ltr'><strong>si</strong></span> <span class='ocrx_word' id='word_1_436' title='bbox 2912 3103 3675 3175; x_wconf 79' lang='lat' dir='ltr'><strong>perseveraveritmentiens,</strong></span> <span class='ocrx_word' id='word_1_437' title='bbox 3718 3122 3825 3167; x_wconf 84' lang='lat' dir='ltr'><strong>nec</strong></span> 
     </span>
    </p>
   </div>
   <div class='ocr_carea' id='block_1_67' title="bbox 2224 3198 3822 3277">
    <p class='ocr_par' dir='ltr' id='par_1_67' title="bbox 2224 3198 3822 3277">
     <span class='ocr_line' id='line_1_67' title="bbox 2224 3198 3822 3277; baseline 0.003 -20"><span class='ocrx_word' id='word_1_438' title='bbox 2224 3201 2572 3257; x_wconf 78' lang='lat' dir='ltr'><strong>confitebitur</strong></span> <span class='ocrx_word' id='word_1_439' title='bbox 2602 3200 2914 3273; x_wconf 84' lang='lat' dir='ltr'><strong>mendacia,</strong></span> <span class='ocrx_word' id='word_1_440' title='bbox 2956 3198 3067 3270; x_wconf 82' lang='lat' dir='ltr'><strong>jam</strong></span> <span class='ocrx_word' id='word_1_441' title='bbox 3093 3200 3415 3272; x_wconf 70' lang='lat' dir='ltr'><strong>coniecturis</strong></span> <span class='ocrx_word' id='word_1_442' title='bbox 3470 3219 3561 3260; x_wconf 86' lang='lat' dir='ltr'><strong>res</strong></span> <span class='ocrx_word' id='word_1_443' title='bbox 3612 3203 3822 3277; x_wconf 75' lang='lat' dir='ltr'><strong>agenda</strong></span> 
     </span>
    </p>
   </div>
   <div class='ocr_carea' id='block_1_68' title="bbox 2221 3293 3818 3365">
    <p class='ocr_par' dir='ltr' id='par_1_68' title="bbox 2221 3293 3818 3365">
     <span class='ocr_line' id='line_1_68' title="bbox 2221 3293 3818 3365; baseline 0 -13"><span class='ocrx_word' id='word_1_444' title='bbox 2221 3303 2324 3361; x_wconf 84' lang='lat' dir='ltr'><strong>est,</strong></span> <span class='ocrx_word' id='word_1_445' title='bbox 2359 3294 2486 3351; x_wconf 92' lang='lat' dir='ltr'><strong>dum</strong></span> <span class='ocrx_word' id='word_1_446' title='bbox 2538 3311 2643 3351; x_wconf 91' lang='lat' dir='ltr'><strong>non</strong></span> <span class='ocrx_word' id='word_1_447' title='bbox 2694 3293 3012 3365; x_wconf 82' lang='lat' dir='ltr'><strong>conceditur</strong></span> <span class='ocrx_word' id='word_1_448' title='bbox 3055 3293 3272 3351; x_wconf 80' lang='lat' dir='ltr'><strong>factum.</strong></span> <span class='ocrx_word' id='word_1_449' title='bbox 3335 3293 3689 3352; x_wconf 85' lang='lat' dir='ltr'><strong>Trahendmu</strong></span> <span class='ocrx_word' id='word_1_450' title='bbox 3731 3306 3818 3355; x_wconf 81' lang='lat' dir='ltr'><strong>est</strong></span> 
     </span>
    </p>
   </div>
   <div class='ocr_carea' id='block_1_69' title="bbox 2221 3384 3815 3461">
    <p class='ocr_par' dir='ltr' id='par_1_69' title="bbox 2221 3384 3815 3461">
     <span class='ocr_line' id='line_1_69' title="bbox 2221 3384 3815 3461; baseline 0.004 -23"><span class='ocrx_word' id='word_1_451' title='bbox 2221 3394 2600 3457; x_wconf 84' lang='lat' dir='ltr'><strong>argumentum</strong></span> <span class='ocrx_word' id='word_1_452' title='bbox 2647 3400 2713 3439; x_wconf 86' lang='lat' dir='ltr'><strong>ex</strong></span> <span class='ocrx_word' id='word_1_453' title='bbox 2750 3384 3001 3461; x_wconf 88' lang='lat' dir='ltr'><strong>omnibus</strong></span> <span class='ocrx_word' id='word_1_454' title='bbox 3028 3386 3302 3445; x_wconf 77' lang='lat' dir='ltr'><strong>attributis</strong></span> <span class='ocrx_word' id='word_1_455' title='bbox 3348 3390 3599 3461; x_wconf 66' lang='lat' dir='ltr'><strong>personae</strong></span> <span class='ocrx_word' id='word_1_456' title='bbox 3632 3396 3688 3442; x_wconf 87' lang='lat' dir='ltr'><strong>et</strong></span> <span class='ocrx_word' id='word_1_457' title='bbox 3719 3405 3815 3444; x_wconf 87' lang='lat' dir='ltr'><strong>ne—</strong></span> 
     </span>
    </p>
   </div>
   <div class='ocr_carea' id='block_1_70' title="bbox 2222 3459 3820 3557">
    <p class='ocr_par' dir='ltr' id='par_1_70' title="bbox 2222 3459 3820 3557">
     <span class='ocr_line' id='line_1_70' title="bbox 2222 3459 3820 3557; baseline 0.004 -27"><span class='ocrx_word' id='word_1_458' title='bbox 2222 3477 2390 3547; x_wconf 83' lang='lat' dir='ltr'><strong>gotio,</strong></span> <span class='ocrx_word' id='word_1_459' title='bbox 2424 3477 2587 3531; x_wconf 91' lang='lat' dir='ltr'><strong>animi</strong></span> <span class='ocrx_word' id='word_1_460' title='bbox 2621 3459 2945 3547; x_wconf 79' lang='lat' dir='ltr'><strong>impulsione</strong></span> <span class='ocrx_word' id='word_1_461' title='bbox 2972 3485 3025 3532; x_wconf 89' lang='lat' dir='ltr'><strong>et</strong></span> <span class='ocrx_word' id='word_1_462' title='bbox 3048 3459 3486 3557; x_wconf 67' lang='lat' dir='ltr'><strong>ratiocinatione,</strong></span> <span class='ocrx_word' id='word_1_463' title='bbox 3512 3480 3820 3537; x_wconf 88' lang='lat' dir='ltr'><strong>honestatis</strong></span> 
     </span>
    </p>
   </div>
   <div class='ocr_carea' id='block_1_71' title="bbox 2221 3550 3819 3657">
    <p class='ocr_par' dir='ltr' id='par_1_71' title="bbox 2221 3550 3819 3657">
     <span class='ocr_line' id='line_1_71' title="bbox 2221 3550 3819 3657; baseline 0.001 -32"><span class='ocrx_word' id='word_1_464' title='bbox 2221 3570 2468 3647; x_wconf 79' lang='lat' dir='ltr'><strong>partibus</strong></span> <span class='ocrx_word' id='word_1_465' title='bbox 2498 3580 2552 3625; x_wconf 91' lang='lat' dir='ltr'><strong>et</strong></span> <span class='ocrx_word' id='word_1_466' title='bbox 2584 3566 2856 3627; x_wconf 78' lang='lat' dir='ltr'><strong>utilitatis.</strong></span> <span class='ocrx_word' id='word_1_467' title='bbox 2889 3567 3113 3643; x_wconf 67' lang='lat' dir='ltr'><strong>Difﬁcile</strong></span> <span class='ocrx_word' id='word_1_468' title='bbox 3143 3580 3227 3626; x_wconf 89' lang='lat' dir='ltr'><strong>est</strong></span> <span class='ocrx_word' id='word_1_469' title='bbox 3252 3550 3387 3657; x_wconf 56' lang='lat' dir='ltr'><strong>ergok</strong></span> <span class='ocrx_word' id='word_1_470' title='bbox 3406 3550 3526 3647; x_wconf 78' lang='lat' dir='ltr'><strong>sine</strong></span> <span class='ocrx_word' id='word_1_471' title='bbox 3571 3572 3661 3628; x_wconf 90' lang='lat' dir='ltr'><strong>his</strong></span> <span class='ocrx_word' id='word_1_472' title='bbox 3684 3572 3819 3627; x_wconf 82' lang='lat' dir='ltr'><strong>locis</strong></span> 
     </span>
    </p>
   </div>
   <div class='ocr_carea' id='block_1_72' title="bbox 2222 3662 3820 3737">
    <p class='ocr_par' dir='ltr' id='par_1_72' title="bbox 2222 3662 3820 3737">
     <span class='ocr_line' id='line_1_72' title="bbox 2222 3662 3820 3737; baseline 0 -20"><span class='ocrx_word' id='word_1_473' title='bbox 2222 3662 2532 3737; x_wconf 89' lang='lat' dir='ltr'><strong>ambiguum</strong></span> <span class='ocrx_word' id='word_1_474' title='bbox 2559 3663 2687 3734; x_wconf 89' lang='lat' dir='ltr'><strong>quid</strong></span> <span class='ocrx_word' id='word_1_475' title='bbox 2717 3664 3048 3719; x_wconf 82' lang='lat' dir='ltr'><strong>discernere.</strong></span> <span class='ocrx_word' id='word_1_476' title='bbox 3090 3663 3199 3737; x_wconf 73' lang='lat' dir='ltr'><strong>Istc</strong></span> <span class='ocrx_word' id='word_1_477' title='bbox 3224 3662 3422 3723; x_wconf 67' lang='lat' dir='ltr'><strong>est‘ille</strong></span> <span class='ocrx_word' id='word_1_478' title='bbox 3447 3666 3630 3723; x_wconf 66' lang='lat' dir='ltr'><strong>statu‘s‘</strong></span> <span class='ocrx_word' id='word_1_479' title='bbox 3656 3662 3820 3719; x_wconf 57' lang='lat' dir='ltr'><strong>ratio.</strong></span> 
     </span>
    </p>
   </div>
   <div class='ocr_carea' id='block_1_73' title="bbox 2223 3749 3817 3831">
    <p class='ocr_par' dir='ltr' id='par_1_73' title="bbox 2223 3749 3817 3831">
     <span class='ocr_line' id='line_1_73' title="bbox 2223 3749 3817 3831; baseline 0 -27"><span class='ocrx_word' id='word_1_480' title='bbox 2223 3751 2362 3831; x_wconf 77' lang='lat' dir='ltr'><strong>nalis</strong></span> <span class='ocrx_word' id='word_1_481' title='bbox 2406 3767 2503 3821; x_wconf 90' lang='lat' dir='ltr'><strong>per</strong></span> <span class='ocrx_word' id='word_1_482' title='bbox 2539 3766 2701 3831; x_wconf 74' lang='lat' dir='ltr'><strong>quem</strong></span> <span class='ocrx_word' id='word_1_483' title='bbox 2734 3752 2969 3807; x_wconf 83' lang='lat' dir='ltr'><strong>maxime</strong></span> <span class='ocrx_word' id='word_1_484' title='bbox 3014 3750 3165 3807; x_wconf 79' lang='lat' dir='ltr'><strong>forus</strong></span> <span class='ocrx_word' id='word_1_485' title='bbox 3212 3751 3308 3829; x_wconf 67' lang='lat' dir='ltr'><strong>[ita</strong></span> <span class='ocrx_word' id='word_1_486' title='bbox 3337 3754 3586 3826; x_wconf 56' lang='lat' dir='ltr'><strong>cod.‘1ro</strong></span> <span class='ocrx_word' id='word_1_487' title='bbox 3617 3749 3817 3825; x_wconf 78' lang='lat' dir='ltr'><strong>forum]</strong></span> 
     </span>
    </p>
   </div>
   <div class='ocr_carea' id='block_1_74' title="bbox 2221 3828 3820 3919">
    <p class='ocr_par' dir='ltr' id='par_1_74' title="bbox 2221 3828 3820 3919">
     <span class='ocr_line' id='line_1_74' title="bbox 2221 3828 3820 3919; baseline 0.001 -23"><span class='ocrx_word' id='word_1_488' title='bbox 2221 3828 2497 3919; x_wconf 82' lang='lat' dir='ltr'><strong>personat,</strong></span> <span class='ocrx_word' id='word_1_489' title='bbox 2532 3828 2758 3913; x_wconf 84' lang='lat' dir='ltr'><strong>surgunt</strong></span> <span class='ocrx_word' id='word_1_490' title='bbox 2782 3843 3045 3898; x_wconf 86' lang='lat' dir='ltr'><strong>acerrima</strong></span> <span class='ocrx_word' id='word_1_491' title='bbox 3096 3838 3677 3917; x_wconf 21' lang='lat' dir='ltr'><strong>bellia,”animos’t:ites</strong></span> <span class='ocrx_word' id='word_1_492' title='bbox 3704 3860 3820 3916; x_wconf 88' lang='lat' dir='ltr'><strong>par-</strong></span> 
     </span>
    </p>
   </div>
   <div class='ocr_carea' id='block_1_75' title="bbox 2222 3930 3818 4019">
    <p class='ocr_par' dir='ltr' id='par_1_75' title="bbox 2222 3930 3818 4019">
     <span class='ocr_line' id='line_1_75' title="bbox 2222 3930 3818 4019; baseline 0.001 -31"><span class='ocrx_word' id='word_1_493' title='bbox 2222 3934 2355 4019; x_wconf 76' lang='lat' dir='ltr'><strong>tium</strong></span> <span class='ocrx_word' id='word_1_494' title='bbox 2385 3934 2710 3990; x_wconf 86' lang='lat' dir='ltr'><strong>criminante</strong></span> <span class='ocrx_word' id='word_1_495' title='bbox 2732 3934 2959 4003; x_wconf 88' lang='lat' dir='ltr'><strong>Catone,</strong></span> <span class='ocrx_word' id='word_1_496' title='bbox 2988 3930 3304 3992; x_wconf 75' lang='lat' dir='ltr'><strong>defensante</strong></span> <span class='ocrx_word' id='word_1_497' title='bbox 3327 3932 3685 4013; x_wconf 83' lang='lat' dir='ltr'><strong>Quintiliano.</strong></span> <span class='ocrx_word' id='word_1_498' title='bbox 3717 3934 3818 3992; x_wconf 86' lang='lat' dir='ltr'><strong>Per</strong></span> 
     </span>
    </p>
   </div>
   <div class='ocr_carea' id='block_1_76' title="bbox 2222 4020 3814 4113">
    <p class='ocr_par' dir='ltr' id='par_1_76' title="bbox 2222 4020 3814 4113">
     <span class='ocr_line' id='line_1_76' title="bbox 2222 4020 3814 4113; baseline -0.002 -28"><span class='ocrx_word' id='word_1_499' title='bbox 2222 4030 2367 4087; x_wconf 89' lang='lat' dir='ltr'><strong>hunc</strong></span> <span class='ocrx_word' id='word_1_500' title='bbox 2412 4045 2497 4085; x_wconf 89' lang='lat' dir='ltr'><strong>me</strong></span> <span class='ocrx_word' id='word_1_501' title='bbox 2527 4038 2581 4085; x_wconf 90' lang='lat' dir='ltr'><strong>ct</strong></span> <span class='ocrx_word' id='word_1_502' title='bbox 2609 4044 2709 4101; x_wconf 85' lang='lat' dir='ltr'><strong>ego</strong></span> <span class='ocrx_word' id='word_1_503' title='bbox 2738 4044 2920 4113; x_wconf 82' lang='lat' dir='ltr'><strong>coram</strong></span> <span class='ocrx_word' id='word_1_504' title='bbox 2954 4026 3187 4113; x_wconf 73' lang='lat' dir='ltr'><strong>purgare</strong></span> <span class='ocrx_word' id='word_1_505' title='bbox 3232 4020 3397 4099; x_wconf 78' lang='lat' dir='ltr'><strong>statui</strong></span> <span class='ocrx_word' id='word_1_506' title='bbox 3432 4046 3537 4109; x_wconf 79' lang='lat' dir='ltr'><strong>pro</strong></span> <span class='ocrx_word' id='word_1_507' title='bbox 3589 4022 3814 4085; x_wconf 79' lang='lat' dir='ltr'><strong>insimu-</strong></span> 
     </span>
    </p>
   </div>
   <div class='ocr_carea' id='block_1_77' title="bbox 2221 4100 3815 4205">
    <p class='ocr_par' dir='ltr' id='par_1_77' title="bbox 2221 4100 3815 4205">
     <span class='ocr_line' id='line_1_77' title="bbox 2221 4100 3815 4205; baseline 0 -29"><span class='ocrx_word' id='word_1_508' title='bbox 2221 4122 2328 4177; x_wconf 90' lang='lat' dir='ltr'><strong>lato</strong></span> <span class='ocrx_word' id='word_1_509' title='bbox 2354 4122 2501 4192; x_wconf 81' lang='lat' dir='ltr'><strong>quod</strong></span> <span class='ocrx_word' id='word_1_510' title='bbox 2531 4137 2811 4194; x_wconf 76' lang='lat' dir='ltr'><strong>argueres.</strong></span> <span class='ocrx_word' id='word_1_511' title='bbox 2848 4100 2904 4179; x_wconf 79' lang='lat' dir='ltr'><strong>Si</strong></span> <span class='ocrx_word' id='word_1_512' title='bbox 2956 4100 3134 4178; x_wconf 67' lang='lat' dir='ltr'><strong>tamen</strong></span> <span class='ocrx_word' id='word_1_513' title='bbox 3175 4124 3321 4205; x_wconf 77' lang='lat' dir='ltr'><strong>optio</strong></span> <span class='ocrx_word' id='word_1_514' title='bbox 3350 4100 3531 4193; x_wconf 62' lang='grc' dir='ltr'><strong>(ἰδίην,</strong></span> <span class='ocrx_word' id='word_1_515' title='bbox 3573 4132 3629 4178; x_wconf 86' lang='lat' dir='ltr'><strong>et</strong></span> <span class='ocrx_word' id='word_1_516' title='bbox 3665 4122 3815 4205; x_wconf 82' lang='lat' dir='ltr'><strong>igno-</strong></span> 
     </span>
    </p>
   </div>
   <div class='ocr_carea' id='block_1_78' title="bbox 2223 4200 3820 4289">
    <p class='ocr_par' dir='ltr' id='par_1_78' title="bbox 2223 4200 3820 4289">
     <span class='ocr_line' id='line_1_78' title="bbox 2223 4200 3820 4289; baseline -0.001 -20"><span class='ocrx_word' id='word_1_517' title='bbox 2223 4225 2310 4272; x_wconf 89' lang='lat' dir='ltr'><strong>tus</strong></span> <span class='ocrx_word' id='word_1_518' title='bbox 2359 4216 2544 4287; x_wconf 91' lang='lat' dir='ltr'><strong>ignoto</strong></span> <span class='ocrx_word' id='word_1_519' title='bbox 2592 4215 2637 4270; x_wconf 90' lang='lat' dir='ltr'><strong>si</strong></span> <span class='ocrx_word' id='word_1_520' title='bbox 2689 4215 2917 4277; x_wconf 82' lang='lat' dir='ltr'><strong>suadere</strong></span> <span class='ocrx_word' id='word_1_521' title='bbox 2963 4216 3093 4286; x_wconf 83' lang='lat' dir='ltr'><strong>quid</strong></span> <span class='ocrx_word' id='word_1_522' title='bbox 3142 4200 3376 4289; x_wconf 84' lang='lat' dir='ltr'><strong>poterit,</strong></span> <span class='ocrx_word' id='word_1_523' title='bbox 3425 4200 3820 4285; x_wconf 33' lang='lat' dir='ltr'><strong>confido&#39;quia</strong></span> 
     </span>
    </p>
   </div>
   <div class='ocr_carea' id='block_1_79' title="bbox 2223 4304 3819 4374">
    <p class='ocr_par' dir='ltr' id='par_1_79' title="bbox 2223 4304 3819 4374">
     <span class='ocr_line' id='line_1_79' title="bbox 2223 4304 3819 4374; baseline 0 -16"><span class='ocrx_word' id='word_1_524' title='bbox 2223 4304 2363 4374; x_wconf 88' lang='lat' dir='ltr'><strong>apud</strong></span> <span class='ocrx_word' id='word_1_525' title='bbox 2402 4312 2453 4359; x_wconf 91' lang='lat' dir='ltr'><strong>te</strong></span> <span class='ocrx_word' id='word_1_526' title='bbox 2500 4314 2794 4360; x_wconf 85' lang='lat' dir='ltr'><strong>excusatus</strong></span> <span class='ocrx_word' id='word_1_527' title='bbox 2843 4321 2958 4361; x_wconf 85' lang='lat' dir='ltr'><strong>ero.</strong></span> <span class='ocrx_word' id='word_1_528' title='bbox 3009 4304 3237 4361; x_wconf 88' lang='lat' dir='ltr'><strong>Interim</strong></span> <span class='ocrx_word' id='word_1_529' title='bbox 3268 4305 3541 4361; x_wconf 87' lang='lat' dir='ltr'><strong>abstineto</strong></span> <span class='ocrx_word' id='word_1_530' title='bbox 3589 4304 3819 4359; x_wconf 86' lang='lat' dir='ltr'><strong>irarum.</strong></span> 
     </span>
    </p>
   </div>
   <div class='ocr_carea' id='block_1_80' title="bbox 2224 4390 3819 4473">
    <p class='ocr_par' dir='ltr' id='par_1_80' title="bbox 2224 4390 3819 4473">
     <span class='ocr_line' id='line_1_80' title="bbox 2224 4390 3819 4473; baseline 0.001 -21"><span class='ocrx_word' id='word_1_531' title='bbox 2224 4390 2427 4468; x_wconf 88' lang='lat' dir='ltr'><strong>Utique</strong></span> <span class='ocrx_word' id='word_1_532' title='bbox 2470 4398 2549 4453; x_wconf 91' lang='lat' dir='ltr'><strong>sic</strong></span> <span class='ocrx_word' id='word_1_533' title='bbox 2594 4398 2794 4454; x_wconf 86' lang='lat' dir='ltr'><strong>videris</strong></span> <span class='ocrx_word' id='word_1_534' title='bbox 2827 4398 2959 4453; x_wconf 88' lang='lat' dir='ltr'><strong>mihi</strong></span> <span class='ocrx_word' id='word_1_535' title='bbox 3006 4399 3256 4471; x_wconf 88' lang='lat' dir='ltr'><strong>sapiens,</strong></span> <span class='ocrx_word' id='word_1_536' title='bbox 3302 4398 3351 4473; x_wconf 83' lang='lat' dir='ltr'><strong>si</strong></span> <span class='ocrx_word' id='word_1_537' title='bbox 3395 4398 3615 4456; x_wconf 89' lang='lat' dir='ltr'><strong>virtutis</strong></span> <span class='ocrx_word' id='word_1_538' title='bbox 3642 4407 3819 4454; x_wconf 76' lang='lat' dir='ltr'><strong>secta-</strong></span> 
     </span>
    </p>
   </div>
   <div class='ocr_carea' id='block_1_81' title="bbox 526 4476 2420 4563">
    <p class='ocr_par' dir='ltr' id='par_1_81' title="bbox 526 4476 2420 4563">
     <span class='ocr_line' id='line_1_81' title="bbox 526 4476 2420 4563; baseline 0.001 -22"><span class='ocrx_word' id='word_1_539' title='bbox 526 4485 753 4542; x_wconf 74' lang='lat' dir='ltr'><strong>{orsitan</strong></span> <span class='ocrx_word' id='word_1_540' title='bbox 785 4486 1080 4555; x_wconf 89' lang='lat' dir='ltr'><strong>impostore</strong></span> <span class='ocrx_word' id='word_1_541' title='bbox 1110 4483 1218 4548; x_wconf 91' lang='lat' dir='ltr'><strong>illo,</strong></span> <span class='ocrx_word' id='word_1_542' title='bbox 1258 4484 1442 4539; x_wconf 89' lang='lat' dir='ltr'><strong>nescio</strong></span> <span class='ocrx_word' id='word_1_543' title='bbox 1484 4500 1615 4554; x_wconf 88' lang='lat' dir='ltr'><strong>quo,</strong></span> <span class='ocrx_word' id='word_1_544' title='bbox 1661 4484 1754 4554; x_wconf 91' lang='lat' dir='ltr'><strong>qui</strong></span> <span class='ocrx_word' id='word_1_545' title='bbox 1783 4484 1993 4538; x_wconf 80' lang='lat' dir='ltr'><strong>zizauia</strong></span> <span class='ocrx_word' id='word_1_546' title='bbox 2031 4499 2119 4539; x_wconf 55' lang='lat' dir='ltr'><strong>se-</strong></span> <span class='ocrx_word' id='word_1_547' title='bbox 2148 4476 2201 4536; x_wconf 85' lang='grc' dir='ltr'><strong>Ι)</strong></span> <span class='ocrx_word' id='word_1_548' title='bbox 2228 4496 2313 4546; x_wconf 86' lang='grc' dir='ltr'><strong>ιοι·</strong></span> <span class='ocrx_word' id='word_1_549' title='bbox 2341 4503 2420 4563; x_wconf 86' lang='lat' dir='ltr'><strong>es.</strong></span> 
     </span>
    </p>
   </div>
   <div class='ocr_carea' id='block_1_82' title="bbox 528 4573 2122 4646">
    <p class='ocr_par' dir='ltr' id='par_1_82' title="bbox 528 4573 2122 4646">
     <span class='ocr_line' id='line_1_82' title="bbox 528 4573 2122 4646; baseline -0.001 -14"><span class='ocrx_word' id='word_1_550' title='bbox 528 4576 776 4632; x_wconf 77' lang='lat' dir='ltr'><strong>minavil.</strong></span> <span class='ocrx_word' id='word_1_551' title='bbox 802 4574 926 4643; x_wconf 84' lang='lat' dir='ltr'><strong>Ivit,</strong></span> <span class='ocrx_word' id='word_1_552' title='bbox 972 4575 1208 4645; x_wconf 89' lang='lat' dir='ltr'><strong>inquies,</strong></span> <span class='ocrx_word' id='word_1_553' title='bbox 1238 4574 1293 4630; x_wconf 90' lang='lat' dir='ltr'><strong>in</strong></span> <span class='ocrx_word' id='word_1_554' title='bbox 1342 4573 1574 4640; x_wconf 84' lang='lat' dir='ltr'><strong>inﬁcias,</strong></span> <span class='ocrx_word' id='word_1_555' title='bbox 1599 4588 1760 4646; x_wconf 87' lang='lat' dir='ltr'><strong>quem</strong></span> <span class='ocrx_word' id='word_1_556' title='bbox 1798 4574 1998 4630; x_wconf 89' lang='lat' dir='ltr'><strong>dudum</strong></span> <span class='ocrx_word' id='word_1_557' title='bbox 2031 4589 2122 4630; x_wconf 79' lang='lat' dir='ltr'><strong>ac-</strong></span> 
     </span>
    </p>
   </div>
   <div class='ocr_carea' id='block_1_83' title="bbox 533 4684 3809 4731">
    <p class='ocr_par' dir='ltr' id='par_1_83' title="bbox 533 4684 3809 4731">
     <span class='ocr_line' id='line_1_83' title="bbox 533 4684 3809 4731; baseline 0.005 -21"><span class='ocrx_word' id='word_1_558' title='bbox 533 4684 3809 4731; x_wconf 49' lang='lat' dir='ltr'><strong>ww“</strong></span> 
     </span>
    </p>
   </div>
   <div class='ocr_carea' id='block_1_84' title="bbox 1201 4742 3141 4921">
    <p class='ocr_par' dir='ltr' id='par_1_84' title="bbox 1201 4742 3141 4921">
     <span class='ocr_line' id='line_1_84' title="bbox 1201 4742 3141 4921; baseline -0.001 -7"><span class='ocrx_word' id='word_1_559' title='bbox 1201 4803 1376 4917; x_wconf 72' lang='grc' dir='ltr'><strong>Β.</strong></span> <span class='ocrx_word' id='word_1_560' title='bbox 1452 4742 2283 4921; x_wconf 67' lang='lat' dir='ltr'><strong>normam</strong></span> <span class='ocrx_word' id='word_1_561' title='bbox 2337 4802 3141 4918; x_wconf 64' lang='lat' dir='ltr'><strong>samum</strong></span> 
     </span>
    </p>
   </div>
   <div class='ocr_carea' id='block_1_85' title="bbox 1852 4971 2491 5031">
    <p class='ocr_par' dir='ltr' id='par_1_85' title="bbox 1852 4971 2491 5031">
     <span class='ocr_line' id='line_1_85' title="bbox 1852 4971 2491 5031; baseline 0.006 -4"><span class='ocrx_word' id='word_1_562' title='bbox 1852 4971 1911 5027; x_wconf 87' lang='lat' dir='ltr'><strong>S.</strong></span> <span class='ocrx_word' id='word_1_563' title='bbox 1939 4972 2146 5029; x_wconf 84' lang='lat' dir='ltr'><strong>GALLI</strong></span> <span class='ocrx_word' id='word_1_564' title='bbox 2182 4972 2491 5031; x_wconf 71' lang='grc' dir='ltr'><strong>ΜΟΝΛῦῐί</strong></span> 
     </span>
    </p>
   </div>
   <div class='ocr_carea' id='block_1_86' title="bbox 1703 5089 2672 5218">
    <p class='ocr_par' dir='ltr' id='par_1_86' title="bbox 1703 5089 2672 5218">
     <span class='ocr_line' id='line_1_86' title="bbox 1703 5089 2672 5218; baseline -0.001 -3"><span class='ocrx_word' id='word_1_565' title='bbox 1703 5089 2672 5218; x_wconf 67' lang='lat' dir='ltr'><strong>FORMUL/E</strong></span> 
     </span>
    </p>
   </div>
   <div class='ocr_carea' id='block_1_87' title="bbox 1181 5247 3167 5340">
    <p class='ocr_par' dir='ltr' id='par_1_87' title="bbox 1181 5247 3167 5340">
     <span class='ocr_line' id='line_1_87' title="bbox 1181 5247 3167 5340; baseline -0.002 -18"><span class='ocrx_word' id='word_1_566' title='bbox 1181 5247 1364 5340; x_wconf 52' lang='lat' dir='ltr'><strong>(Apud</strong></span> <span class='ocrx_word' id='word_1_567' title='bbox 1389 5261 1673 5334; x_wconf 87' lang='lat' dir='ltr'><strong>Neugart.,</strong></span> <span class='ocrx_word' id='word_1_568' title='bbox 1701 5260 1886 5319; x_wconf 83' lang='lat' dir='ltr'><strong>Codex</strong></span> <span class='ocrx_word' id='word_1_569' title='bbox 1906 5260 2289 5332; x_wconf 88' lang='lat' dir='ltr'><strong>diplomaticus</strong></span> <span class='ocrx_word' id='word_1_570' title='bbox 2313 5259 2668 5328; x_wconf 66' lang='lat' dir='ltr'><strong>Alemanniae,</strong></span> <span class='ocrx_word' id='word_1_571' title='bbox 2693 5268 2825 5317; x_wconf 90' lang='lat' dir='ltr'><strong>tom.</strong></span> <span class='ocrx_word' id='word_1_572' title='bbox 2850 5260 2892 5328; x_wconf 87' lang='grc' dir='ltr'><strong>Ι,</strong></span> <span class='ocrx_word' id='word_1_573' title='bbox 2920 5263 3167 5335; x_wconf 70' lang='lat' dir='ltr'><strong>passim.)</strong></span> 
     </span>
    </p>
   </div>
   <div class='ocr_carea' id='block_1_88' title="bbox 1312 5426 1355 5482">
    <p class='ocr_par' dir='ltr' id='par_1_88' title="bbox 1312 5426 1355 5482">
     <span class='ocr_line' id='line_1_88' title="bbox 1312 5426 1355 5482; baseline -0.023 0"><span class='ocrx_word' id='word_1_574' title='bbox 1312 5426 1355 5482; x_wconf 90' lang='lat' dir='ltr'><strong>I.</strong></span> 
     </span>
    </p>
   </div>
   <div class='ocr_carea' id='block_1_89' title="bbox 1022 5520 1658 5612">
    <p class='ocr_par' dir='ltr' id='par_1_89' title="bbox 1022 5520 1658 5612">
     <span class='ocr_line' id='line_1_89' title="bbox 1022 5520 1658 5612; baseline -0.013 -31"><span class='ocrx_word' id='word_1_575' title='bbox 1022 5520 1292 5612; x_wconf 60' lang='lat' dir='ltr'><strong>:I‘tunmo</strong></span> <span class='ocrx_word' id='word_1_576' title='bbox 1326 5520 1658 5576; x_wconf 70' lang='lat' dir='ltr'><strong>WILLIIIEII.</strong></span> 
     </span>
    </p>
   </div>
   <div class='ocr_carea' id='block_1_90' title="bbox 1032 5607 1627 5683">
    <p class='ocr_par' dir='ltr' id='par_1_90' title="bbox 1032 5607 1627 5683">
     <span class='ocr_line' id='line_1_90' title="bbox 1032 5607 1627 5683; baseline -0.008 -14"><span class='ocrx_word' id='word_1_577' title='bbox 1032 5613 1217 5683; x_wconf 76' lang='lat' dir='ltr'><strong>(Anno</strong></span> <span class='ocrx_word' id='word_1_578' title='bbox 1254 5611 1360 5667; x_wconf 84' lang='lat'><strong>855</strong></span> <span class='ocrx_word' id='word_1_579' title='bbox 1398 5612 1476 5665; x_wconf 77' lang='lat' dir='ltr'><strong>vel</strong></span> <span class='ocrx_word' id='word_1_580' title='bbox 1513 5607 1627 5680; x_wconf 86' lang='lat'><strong>60.)</strong></span> 
     </span>
    </p>
   </div>
   <div class='ocr_carea' id='block_1_91' title="bbox 603 5699 2121 5777">
    <p class='ocr_par' dir='ltr' id='par_1_91' title="bbox 603 5699 2121 5777">
     <span class='ocr_line' id='line_1_91' title="bbox 603 5699 2121 5777; baseline -0.004 -17"><span class='ocrx_word' id='word_1_581' title='bbox 603 5702 716 5777; x_wconf 84' lang='lat' dir='ltr'><strong>Ego</strong></span> <span class='ocrx_word' id='word_1_582' title='bbox 740 5705 794 5762; x_wconf 93' lang='lat' dir='ltr'><strong>in</strong></span> <span class='ocrx_word' id='word_1_583' title='bbox 826 5704 923 5761; x_wconf 79' lang='lat' dir='ltr'><strong>Dei</strong></span> <span class='ocrx_word' id='word_1_584' title='bbox 955 5704 1172 5761; x_wconf 90' lang='lat' dir='ltr'><strong>nomine</strong></span> <span class='ocrx_word' id='word_1_585' title='bbox 1203 5705 1507 5770; x_wconf 85' lang='lat' dir='ltr'><strong>Willihere,</strong></span> <span class='ocrx_word' id='word_1_586' title='bbox 1542 5702 1694 5760; x_wconf 84' lang='lat' dir='ltr'><strong>trado</strong></span> <span class='ocrx_word' id='word_1_587' title='bbox 1720 5701 1786 5759; x_wconf 89' lang='lat' dir='ltr'><strong>ad</strong></span> <span class='ocrx_word' id='word_1_588' title='bbox 1811 5699 2121 5759; x_wconf 71' lang='lat' dir='ltr'><strong>cmnobium</strong></span> 
     </span>
    </p>
   </div>
   <div class='ocr_carea' id='block_1_92' title="bbox 607 5812 2205 5888">
    <p class='ocr_par' dir='ltr' id='par_1_92' title="bbox 607 5812 2205 5888">
     <span class='ocr_line' id='line_1_92' title="bbox 607 5812 2205 5888; baseline -0.001 -18"><span class='ocrx_word' id='word_1_589' title='bbox 607 5824 631 5852; x_wconf 80' lang='grc' dir='ltr'>ι</span> <span class='ocrx_word' id='word_1_590' title='bbox 660 5814 795 5888; x_wconf 83' lang='lat' dir='ltr'><strong>Zell,</strong></span> <span class='ocrx_word' id='word_1_591' title='bbox 828 5831 937 5888; x_wconf 90' lang='lat' dir='ltr'><strong>quo</strong></span> <span class='ocrx_word' id='word_1_592' title='bbox 984 5816 1200 5873; x_wconf 90' lang='lat' dir='ltr'><strong>nomine</strong></span> <span class='ocrx_word' id='word_1_593' title='bbox 1227 5817 1412 5888; x_wconf 88' lang='lat' dir='ltr'><strong>plures</strong></span> <span class='ocrx_word' id='word_1_594' title='bbox 1439 5815 1783 5887; x_wconf 85' lang='lat' dir='ltr'><strong>appellantur</strong></span> <span class='ocrx_word' id='word_1_595' title='bbox 1809 5814 1915 5872; x_wconf 87' lang='lat' dir='ltr'><strong>vici</strong></span> <span class='ocrx_word' id='word_1_596' title='bbox 1938 5814 1990 5871; x_wconf 93' lang='lat' dir='ltr'><strong>in</strong></span> <span class='ocrx_word' id='word_1_597' title='bbox 2017 5812 2121 5869; x_wconf 84' lang='lat' dir='ltr'><strong>Ar—</strong></span> <span class='ocrx_word' id='word_1_598' title='bbox 2204 5832 2205 5837; x_wconf 53' lang='grc' dir='ltr'>π</span> 
     </span>
    </p>
   </div>
   <div class='ocr_carea' id='block_1_93' title="bbox 536 5887 822 5959">
    <p class='ocr_par' dir='ltr' id='par_1_93' title="bbox 536 5887 822 5959">
     <span class='ocr_line' id='line_1_93' title="bbox 536 5887 822 5959; baseline 0 -19"><span class='ocrx_word' id='word_1_599' title='bbox 536 5887 822 5959; x_wconf 71' lang='lat' dir='ltr'><strong>gengovia.</strong></span> 
     </span>
    </p>
   </div>
   <div class='ocr_carea' id='block_1_94' title="bbox 2226 5418 3835 5495">
    <p class='ocr_par' dir='ltr' id='par_1_94' title="bbox 2226 5418 3835 5495">
     <span class='ocr_line' id='line_1_94' title="bbox 2226 5418 3835 5495; baseline -0.001 -15"><span class='ocrx_word' id='word_1_600' title='bbox 2226 5421 2399 5480; x_wconf 91' lang='lat' dir='ltr'><strong>sancti</strong></span> <span class='ocrx_word' id='word_1_601' title='bbox 2431 5420 2592 5489; x_wconf 88' lang='lat' dir='ltr'><strong>Galli,</strong></span> <span class='ocrx_word' id='word_1_602' title='bbox 2625 5420 2712 5479; x_wconf 87' lang='lat' dir='ltr'><strong>cui</strong></span> <span class='ocrx_word' id='word_1_603' title='bbox 2735 5421 3062 5479; x_wconf 88' lang='lat' dir='ltr'><strong>venerabilis</strong></span> <span class='ocrx_word' id='word_1_604' title='bbox 3091 5421 3230 5479; x_wconf 82' lang='lat' dir='ltr'><strong>abba</strong></span> <span class='ocrx_word' id='word_1_605' title='bbox 3249 5418 3564 5480; x_wconf 85' lang='lat' dir='ltr'><strong>Grimaldus</strong></span> <span class='ocrx_word' id='word_1_606' title='bbox 3582 5435 3835 5495; x_wconf 61' lang='lat' dir='ltr'><strong>praesse</strong></span> 
     </span>
    </p>
   </div>
   <div class='ocr_carea' id='block_1_95' title="bbox 2227 5511 3833 5589">
    <p class='ocr_par' dir='ltr' id='par_1_95' title="bbox 2227 5511 3833 5589">
     <span class='ocr_line' id='line_1_95' title="bbox 2227 5511 3833 5589; baseline 0 -18"><span class='ocrx_word' id='word_1_607' title='bbox 2227 5514 2584 5587; x_wconf 79' lang='lat' dir='ltr'><strong>dignoscitur,</strong></span> <span class='ocrx_word' id='word_1_608' title='bbox 2613 5527 2781 5587; x_wconf 83' lang='lat' dir='ltr'><strong>unam</strong></span> <span class='ocrx_word' id='word_1_609' title='bbox 2806 5512 3005 5589; x_wconf 77' lang='lat' dir='ltr'><strong>hobam</strong></span> <span class='ocrx_word' id='word_1_610' title='bbox 3034 5512 3089 5569; x_wconf 89' lang='lat' dir='ltr'><strong>in</strong></span> <span class='ocrx_word' id='word_1_611' title='bbox 3121 5512 3277 5579; x_wconf 88' lang='lat' dir='ltr'><strong>silva,</strong></span> <span class='ocrx_word' id='word_1_612' title='bbox 3302 5528 3429 5587; x_wconf 66' lang='lat' dir='ltr'><strong>quae</strong></span> <span class='ocrx_word' id='word_1_613' title='bbox 3459 5513 3674 5585; x_wconf 88' lang='lat' dir='ltr'><strong>adjacet</strong></span> <span class='ocrx_word' id='word_1_614' title='bbox 3694 5511 3833 5571; x_wconf 78' lang='lat' dir='ltr'><strong>We-</strong></span> 
     </span>
    </p>
   </div>
   <div class='ocr_carea' id='block_1_96' title="bbox 2204 5604 3829 5691">
    <p class='ocr_par' dir='ltr' id='par_1_96' title="bbox 2204 5604 3829 5691">
     <span class='ocr_line' id='line_1_96' title="bbox 2204 5604 3829 5691; baseline 0 -27"><span class='ocrx_word' id='word_1_615' title='bbox 2204 5606 2640 5675; x_wconf 12' lang='lat' dir='ltr'><strong>,rimbretiscella</strong></span> <span class='ocrx_word' id='word_1_616' title='bbox 2663 5620 2711 5663; x_wconf 87' lang='grc' dir='ltr'><strong>ιι.</strong></span> <span class='ocrx_word' id='word_1_617' title='bbox 2738 5638 2808 5650; x_wconf 92' lang='grc'><strong><em>-</em></strong></span> <span class='ocrx_word' id='word_1_618' title='bbox 2829 5609 3023 5683; x_wconf 80' lang='lat' dir='ltr'><strong>Actum</strong></span> <span class='ocrx_word' id='word_1_619' title='bbox 3072 5608 3126 5664; x_wconf 91' lang='lat' dir='ltr'><strong>in</strong></span> <span class='ocrx_word' id='word_1_620' title='bbox 3175 5606 3473 5691; x_wconf 72' lang='lat' dir='ltr'><strong>Yiskingnn</strong></span> <span class='ocrx_word' id='word_1_621' title='bbox 3504 5604 3533 5647; x_wconf 73' lang='grc' dir='ltr'>δ</span> <span class='ocrx_word' id='word_1_622' title='bbox 3558 5607 3786 5678; x_wconf 87' lang='lat' dir='ltr'><strong>publice</strong></span> <span class='ocrx_word' id='word_1_623' title='bbox 3809 5648 3829 5674; x_wconf 92' lang='lat'><strong>,</strong></span> 
     </span>
    </p>
   </div>
   <div class='ocr_carea' id='block_1_97' title="bbox 2210 5698 3831 5772">
    <p class='ocr_par' dir='ltr' id='par_1_97' title="bbox 2210 5698 3831 5772">
     <span class='ocr_line' id='line_1_97' title="bbox 2210 5698 3831 5772; baseline 0 -18"><span class='ocrx_word' id='word_1_624' title='bbox 2210 5698 2587 5772; x_wconf 57' lang='lat' dir='ltr'><strong>praesentibus</strong></span> <span class='ocrx_word' id='word_1_625' title='bbox 2616 5698 2735 5757; x_wconf 81' lang='lat' dir='ltr'><strong>istis</strong></span> <span class='ocrx_word' id='word_1_626' title='bbox 2766 5714 2994 5771; x_wconf 85' lang='lat' dir='ltr'><strong>quorum</strong></span> <span class='ocrx_word' id='word_1_627' title='bbox 3022 5698 3112 5755; x_wconf 87' lang='lat' dir='ltr'><strong>hic</strong></span> <span class='ocrx_word' id='word_1_628' title='bbox 3138 5698 3416 5772; x_wconf 84' lang='lat' dir='ltr'><strong>signacula</strong></span> <span class='ocrx_word' id='word_1_629' title='bbox 3442 5698 3831 5755; x_wconf 86' lang='lat' dir='ltr'><strong>continentur.</strong></span> 
     </span>
    </p>
   </div>
   <div class='ocr_carea' id='block_1_98' title="bbox 2302 5810 3831 5884">
    <p class='ocr_par' dir='ltr' id='par_1_98' title="bbox 2302 5810 3831 5884">
     <span class='ocr_line' id='line_1_98' title="bbox 2302 5810 3831 5884; baseline 0.002 -18"><span class='ocrx_word' id='word_1_630' title='bbox 2302 5813 2343 5884; x_wconf 18' lang='grc' dir='ltr'><strong>δέ</strong></span> <span class='ocrx_word' id='word_1_631' title='bbox 2370 5811 2640 5884; x_wconf 75' lang='lat' dir='ltr'><strong>Fischen,</strong></span> <span class='ocrx_word' id='word_1_632' title='bbox 2692 5827 2867 5871; x_wconf 87' lang='lat' dir='ltr'><strong>unum</strong></span> <span class='ocrx_word' id='word_1_633' title='bbox 2887 5812 2941 5869; x_wconf 91' lang='lat' dir='ltr'><strong>in</strong></span> <span class='ocrx_word' id='word_1_634' title='bbox 2966 5826 3087 5884; x_wconf 88' lang='lat' dir='ltr'><strong>cap.</strong></span> <span class='ocrx_word' id='word_1_635' title='bbox 3118 5827 3230 5869; x_wconf 89' lang='lat' dir='ltr'><strong>rur.</strong></span> <span class='ocrx_word' id='word_1_636' title='bbox 3254 5810 3493 5879; x_wconf 69' lang='lat' dir='ltr'><strong>,Lindav.</strong></span> <span class='ocrx_word' id='word_1_637' title='bbox 3518 5852 3533 5879; x_wconf 88' lang='lat'><strong>,</strong></span> <span class='ocrx_word' id='word_1_638' title='bbox 3582 5811 3831 5871; x_wconf 72' lang='lat' dir='ltr'><strong>alterum</strong></span> 
     </span>
    </p>
   </div>
   <div class='ocr_carea' id='block_1_99' title="bbox 2225 5881 2637 5941">
    <p class='ocr_par' dir='ltr' id='par_1_99' title="bbox 2225 5881 2637 5941">
     <span class='ocr_line' id='line_1_99' title="bbox 2225 5881 2637 5941; baseline -0.007 0"><span class='ocrx_word' id='word_1_639' title='bbox 2225 5884 2282 5941; x_wconf 87' lang='lat' dir='ltr'><strong>in</strong></span> <span class='ocrx_word' id='word_1_640' title='bbox 2314 5881 2637 5940; x_wconf 82' lang='lat' dir='ltr'><strong>Stiel‘enhof.</strong></span> 
     </span>
    </p>
   </div>
  </div>
