4046 6470
252 425 396 488 1168
1697 421 1872 480 FORM

1983 418 2076 476 ΑΕ.
3383 425 3548 484 1166¹

249 547 364 620 Sig.
417 525 686 613 Willigeri
715 538 984 596 advocati.
1021 537 1135 609 Sig.
1184 536 1410 601 Heimo,
1437 535 1478 606 1-
1508 533 1760 607 Sigil‘rid,
1792 537 1831 606 1-
1862 540 1905 598 Α
1936 530 2268 589 monasterio
2298 529 2398 588 sub
2443 543 2609 586 censu
2656 546 2712 586 tv
2761 531 2888 588 den.
2921 532 3138 600 dentur,
3187 542 3248 591 ut
3292 535 3424 607 ipsa:
3468 544 3526 595 et

249 621 474 712 Egibert
492 680 505 703 ,
546 637 588 709 1-
612 637 890 692 Ellinwart
907 676 922 702 ,
948 635 987 704 1-
1014 633 1328 687 Ruadmunt
1345 671 1358 695 ,
1381 631 1421 701 1-
1446 631 1723 684 Waldram
1745 671 1758 694 ,
1796 629 1836 700 1-
1942 627 2183 699 lcgitima
2206 641 2392 682 eorum
2421 625 2726 697 procreatio
2758 639 2880 680 eam
2913 625 2968 681 in
2993 642 3164 682 aevum
3187 629 3522 698 possideant.

249 728 620 799 Adalhelm,1-
640 727 898 782 Adalcoz.
931 725 1042 793 Ego
1069 724 1251 794 itaque
1277 721 1479 793 Notger
1503 719 1753 793 [Notker]
1781 721 1836 775 in
1942 721 2054 776 Hoc
2101 729 2281 775 autem
2335 727 2520 774 notum
2570 733 2691 774 esse
2740 719 2975 790 posteris
3022 721 3165 785 volo,
3217 722 3529 797 quodipsaa

251 823 369 877 vice
408 809 591 890 iriingi
643 818 835 887 Scripsi
865 825 921 872 et
950 815 1269 884 subscripsi.
1317 814 1510 868 Notavi
1549 814 1689 867 diem
1720 828 1838 868 vnn
1941 820 2131 884 neptes
2175 827 2309 868 meae
2357 820 2546 882 postea
2597 825 2695 866 sua
2745 819 2940 882 sponte
2987 825 3085 882 per
3111 826 3331 868 manum
3361 812 3532 884 patris

252 915 370 972 Kal.
402 913 542 976 Oct.,
577 927 616 966 ιι
646 909 864 976 feriam,
894 923 1040 964 anno
1077 923 1170 962 χιιι
1200 920 1226 949 ι
1254 906 1510 963 Ludovici
1541 907 1703 978 regis,
1741 906 1842 962 sub
1942 906 2025 961 sui
2071 903 2311 960 Elelandi
2357 905 2547 959 eadem
2595 920 2767 959 χχχιιι
2819 902 3011 975 jugera
3050 905 3118 960 ad
3143 906 3533 961 monasterium
3569 950 3583 978 ε

253 975 617 1062 Huodalricho
646 1002 845 1059 comite
868 1002 916 1053 δ.
1608 975 1626 978 ⁷
1942 1000 2312 1055 reddiderunt.
2353 992 2424 1040 4-
2470 999 2666 1055 Actum
2719 1000 2774 1054 in
2822 999 3177 1056 Richonbach
3219 999 3248 1039 κ
3291 1001 3531 1070 publice,
3565 975 3585 1035 ⁸

467 1097 470 1100 “
1019 1092 1085 1146 11.
1941 1091 2301 1164 praesentibus
2332 1092 2451 1147 istis
2475 1131 2490 1156 ,
2539 1105 2771 1162 quorum
2819 1091 2908 1146 hic
2949 1091 3224 1159 signacula
3253 1092 3536 1147 continen-

742 1201 1002 1240 puecmu
1049 1197 1352 1239 BEREFRIDI-
1945 1193 2056 1240 tur.
2098 1184 2323 1256 Signum
2368 1183 2610 1239 Elelandi
2639 1193 2692 1241 et
2737 1184 2970 1239 ﬁliarum
3001 1182 3148 1253 ejus,
3179 1184 3273 1254 qui
3304 1183 3372 1238 de
3405 1183 3536 1253 ipsis

862 1277 1035 1350 (Anno
1062 1275 1211 1344 858.)
1944 1277 2127 1340 rebus,
2157 1289 2293 1346 quas
2319 1275 2398 1330 eis
2437 1274 2717 1332 Hildebert
2744 1276 2812 1331 de
2846 1275 2963 1346 ipso
2989 1275 3321 1331 monasterio
3349 1275 3534 1344 acqui-

323 1371 523 1428 Christi
554 1371 721 1442 igitur
749 1370 962 1424 favente
991 1357 1278 1424 clementia
1309 1367 1514 1437 placuit
1553 1367 1683 1422 mihi
1716 1367 1841 1423 Grt-
1943 1367 2094 1432 sivit,
2134 1367 2274 1420 hanc
2305 1363 2674 1420 venditionem
2709 1376 2764 1420 et
2809 1365 3222 1420 conventionem
3260 1369 3538 1434 perpetra-

255 1465 437 1520 maldo
501 1463 688 1529 abbati
742 1462 1060 1532 c:cterisque
1117 1450 1408 1526 fratribus,
1472 1461 1843 1516 consentiente
1942 1467 2091 1513 runt.
2136 1455 2291 1527 Sign.
2321 1454 2583 1511 Grimaldi
2615 1456 2826 1512 abbatis
2862 1465 2918 1512 et
2952 1456 3198 1512 advocati
3229 1453 3346 1524 ejus
3377 1455 3539 1510 Ama-

255 1559 418 1612 etiam
446 1557 760 1612 Ruadberto
786 1557 1050 1612 advocato
1076 1567 1295 1621 nostro,
1330 1563 1390 1610 nt
1433 1571 1540 1622 res,
1588 1571 1722 1626 quas
1747 1555 1843 1611 Pe-
1943 1548 2092 1617 iungi
2119 1589 2132 1613 .
2187 1557 2242 1601 ei
2290 1547 2517 1602 aliorum
2577 1547 2832 1613 testium,
2882 1547 2922 1618 'f
2967 1546 3155 1608 Linco.
3189 1545 3229 1615 ἰ’
3255 1545 3538 1612 Adalbert,

257 1648 442 1703 reurid
477 1659 500 1686 ο
537 1647 602 1701 ad
634 1655 879 1702 sanctum
909 1645 1122 1700 Gallum
1155 1645 1398 1712 tradidit,
1431 1659 1531 1716 per
1556 1646 1696 1701 hanc
1723 1661 1844 1716 pre-
1943 1642 2374 1714 1-E-rchanbert,
2422 1641 2463 1712 1-
2507 1640 2740 1705 Paldolt,
2794 1641 2836 1711 1-
2881 1639 3194 1705 Hadabert,
3243 1640 3283 1710 1-
3327 1638 3539 1704 Cozolt,

256 1742 461 1798 cat-iam
486 1740 643 1810 juxta
677 1741 1024 1796 traditionem
1055 1739 1296 1808 legitime
1323 1741 1391 1795 ab
1421 1740 1537 1810 ipso
1562 1746 1842 1809 pet-actam
1943 1739 1986 1808 1-
2019 1737 2362 1800 Winidhere,
2405 1737 2447 1807 1-
2474 1736 2644 1816 Anzo,
2681 1735 2720 1802 1-
2757 1733 3123 1800 Erchanbolil,
3148 1733 3186 1804 1-
3225 1732 3534 1798 Waldberc,

257 1834 565 1906 possidere.
605 1833 752 1888 idem
781 1847 1016 1902 namque
1042 1831 1304 1886 Pereurid
1340 1831 1560 1886 tradidit
1583 1830 1840 1902 quidquid
1945 1832 1987 1904 1-
2015 1831 2184 1898 Pato,
2221 1831 2260 1902 1-
2302 1829 2620 1901 Reginbold,
2666 1829 2706 1899 1-
2749 1827 2920 1894 Wito,
2963 1829 3002 1898 1-
3027 1827 3276 1892 Ruadho,
3307 1825 3350 1896 1-
3373 1825 3543 1880 Lant-

258 1925 610 1996 proprietatis
646 1925 838 1980 habuit
875 1924 928 1978 in
955 1939 1094 1996 pago
1127 1923 1562 1988 Zurichuaénse,
1593 1923 1716 1978 villa
1747 1939 1844 1979 no-
1871 1915 1917 1973 B
1945 1931 2086 1995 pert,
2112 1921 2153 1994 1-
2187 1921 2521 1991 Adalbert,1-
2545 1919 2739 1982 Woil'o,
2771 1921 2812 1992 1-
2841 1921 3099 1982 Adabert,
3130 1919 3170 1990 1-
3199 1917 3536 1990 Thancpert,

260 2015 408 2070 mine
453 2014 863 2070 Pichilincbova
885 2013 937 2080 ἀ,
964 2021 1192 2084 excepto
1235 2029 1341 2068 uno
1373 2023 1527 2084 prato
1557 2014 1695 2068 inter
1740 2014 1845 2068 Pa-
1949 2017 1991 2086 1-
2023 2015 2315 2085 Reginker,
2340 2016 2380 2085 1-
2404 2014 2558 2080 Pato,
2595 2014 2636 2084 1-
2664 2013 2977 2083 Reginbert.
3035 2011 3148 2082 Ego
3197 2011 3380 2080 itaque
3410 2009 3543 2064 Not-

261 2107 560 2161 racbstetin
606 2118 630 2146 θ
679 2115 734 2160 et
778 2105 1361 2162 Heremuntinchounn
1395 2104 1414 2145 ί
1451 2123 1463 2159 :
1513 2106 1615 2160 alia
1665 2104 1847 2161 omnia
1949 2108 2049 2164 ker
2083 2107 2200 2164 vice
2244 2107 2531 2163 Folchardi
2576 2107 2855 2178 praepositi
2901 2106 3094 2176 scripsi
3123 2114 3178 2161 et
3223 2104 3542 2174 subscripsi.

262 2199 485 2255 tradidit
510 2214 632 2254 cum
661 2199 809 2254 omni
856 2199 1168 2270 integritate
1193 2198 1259 2253 ad
1288 2198 1402 2269 jam
1426 2198 1628 2253 dictum
1664 2213 1852 2252 moua-
1951 2195 2146 2256 Notavi
2211 2200 2351 2254 diem
2415 2209 2622 2253 sextam
2680 2195 2894 2263 feriam,
2954 2213 3007 2252 tv
3047 2196 3184 2251 Non.
3233 2195 3360 2252 Jun.
3403 2209 3546 2250 anno

262 2289 526 2347 sterium:
561 2304 623 2344 ea
673 2289 925 2343 videlicet
971 2291 1203 2354 ratione,
1259 2297 1318 2343 ut
1362 2289 1453 2345 ille
1493 2289 1606 2360 ipse
1633 2288 1852 2347 easdem
1951 2309 2084 2352 xm
2117 2292 2138 2336 ι
2173 2295 2324 2372 regni
2355 2293 2640 2360 Ludovici,
2674 2295 2774 2349 sub
2801 2293 3095 2350 Adalberto
3122 2292 3325 2350 comite

264 2394 352 2434 res
379 2379 718 2448 possideret,
767 2378 1033 2447 annisque
1063 2377 1288 2450 singulis
1316 2392 1540 2434 censum
1577 2378 1700 2432 inde
1729 2393 1854 2448 per—
2707 2384 2798 2439 Iv.

265 2477 520 2525 smveret.
543 2498 615 2508 -—
637 2467 754 2540 ipse
780 2483 914 2524 vero
936 2463 1195 2522 Perevritl
1241 2468 1287 2522 si
1335 2468 1555 2523 easdem
1597 2483 1686 2522 res
1711 2467 1855 2522 redi-
2441 2490 2703 2532 τιυωιτιο
2741 2490 3061 2531 unum",

269 2577 419 2618 mere
441 2562 719 2628 voluisset,
744 2577 867 2616 cum
894 2575 987 2616 sex
1016 2560 1317 2615 denariisid
1340 2560 1559 2615 faceret.
1579 2561 1855 2614 —Actum
2562 2566 2734 2638 (Anno
2785 2567 2936 2632 8'70.)

270 2653 325 2709 in
369 2653 497 2708 villa
541 2653 948 2708 Pichilincbova
994 2650 1206 2721 publice
1231 2691 1244 2715 ,
1305 2649 1664 2721 praesentibus
1713 2650 1852 2714 istis,
2029 2659 2142 2730 Ego
2169 2658 2221 2714 in
2251 2657 2345 2713 Dei
2373 2645 2762 2728 omnipotentis
2793 2659 3013 2714 nomine
3038 2659 3310 2714 Laudem.
3333 2670 3373 2699 ω
3402 2661 3552 2730 cogi-

271 2761 496 2817 quorum
548 2747 635 2801 hic
681 2745 956 2817 signacula
1004 2745 1368 2799 continentur.
1401 2745 1440 2813 1-
1468 2743 1692 2815 Signum
1734 2743 1860 2798 Gri-
1962 2759 2084 2804 tans
2128 2764 2228 2822 pro
2276 2747 2518 2804 remedio
2564 2748 2758 2802 anima:
2806 2763 2975 2812 mete,
3038 2740 3554 2821 progenitorumqne

273 2840 434 2896 maldi
483 2839 715 2895 abbatis.
773 2838 998 2909 Signqu
1050 2826 1323 2892 Hartmoti
1375 2837 1588 2891 decani.
1632 2837 1856 2908 Signum
1960 2854 2249 2904 meorum,
2283 2839 2438 2893 trado
2486 2838 2552 2891 ad
2601 2823 2992 2893 monasterium
3043 2839 3220 2894 sancti
3265 2837 3550 2905 Galli,cui

273 2929 626 3000 Engilrammi
675 2929 919 3000 portarii.
981 2929 1204 2999 Signum
1256 2928 1508 2983 Uozberti
1561 2926 1856 2998 prmpositi.
1963 2932 2124 2986 modo
2154 2912 2491 2986 venerabilis
2513 2931 2652 3010 abba
2679 2930 2989 2986 Grimaldus
3015 2945 3250 3002 praeesse
3274 2932 3549 3004 dignosci-

276 3019 499 3092 Siguuln
532 3019 812 3083 Selbonis,
854 3029 961 3073 etc.
1017 3018 1128 3089 Ego
1169 3018 1351 3087 itaque
1381 3015 1582 3088 Nolger
1609 3014 1859 3089 [Noiliel‘]
1965 3021 2076 3089 tur,
2108 3023 2390 3079 basilicam
2419 3038 2592 3078 meam
2628 3025 2681 3077 in
2712 3022 2920 3094 Hoinga
2945 3032 2994 3091 ιι,
3044 3031 3098 3078 ct
3138 3025 3550 3094 acquisitionem

277 3112 468 3182 scripsi
513 3121 567 3166 ct
617 3111 935 3180 subscripsi.
993 3100 1184 3164 Notavi
1217 3110 1357 3165 diem
1393 3125 1431 3164 ιι
1459 3109 1591 3164 feria
1612 3150 1627 3174 ,
1660 3126 1712 3163 IV
1743 3108 1860 3163 Kal.

1985 3130 2143 3170 neam
2172 3115 2224 3170 in
2255 3113 2645 3185 Tcllinghovon
2680 3121 2810 3180 °,-et
2853 3114 3114 3185 quidquid
3154 3116 3238 3171 cis
3271 3115 3552 3172 Lindima-

279 3202 577 3273 Septemb.
612 3216 754 3255 ³ηηο
779 3216 869 3255 XIX
911 3202 938 3241 ⁸
974 3201 1124 3265 νεξνηὶ
1157 3199 1410 3256 [ιυάονίεῖ
1440 3201 1602 3274 regis,
1628 3190 1728 3256 50b
1755 3197 1864 3255 ΚΘ-
1969 3223 2090 3263 cum
2121 3218 2148 3257 ρ
2179 3207 2230 3261 in
2261 3188 2616 3277 Zurichgewe
2661 3207 2838 3261 habeo
2859 3247 2872 3272 ,
2922 3217 3148 3279 excepta
3191 3194 3552 3278 acquisitione

278 3298 416 3354 rolto
439 3298 636 3354 comite
661 3298 710 3350 ιι.
1888 3283 1937 3346 C
1969 3311 2089 3350 mea
2123 3295 2174 3349 in
2212 3293 2638 3350 Wirchilleozba
2688 3305 2740 3346 ιι.
2800 3294 2874 3348 Ea
2919 3298 3398 3366 tamen-pactione
3440 3298 3557 3354 haec

1027 3387 1112 3441 111.
1972 3388 2148 3453 trado,
2186 3399 2246 3442 ut
2269 3388 2458 3442 diebus
2487 3387 2612 3442 vita:
2659 3401 2794 3446 mea
2837 3401 2900 3443 ea
2947 3388 3256 3457 possideam
3280 3430 3294 3455 ,
3325 3397 3381 3444 et
3419 3405 3554 3444 cen-

763 3492 1021 3533 TRADITIO
1054 3489 1389 3532 ιιιιτιιιειιτι.

903 3571 1074 3643 (Anno
1095 3569 1248 3642 864.)

352 3664 463 3735 Ego
494 3665 747 3721 Hiltibert
790 3665 946 3718 trado
989 3663 1054 3717 ad
1101 3664 1488 3722 monasterium
1528 3665 1701 3720 sancti
1731 3666 1866 3721 Galli

283 3757 541 3828 quidquid
580 3749 928 3827 proprietatis
953 3758 1004 3809 in
1044 3755 1418 3838 Zuricbgcwq,
1453 3757 1504 3810 in
1537 3756 1655 3812 loco
1698 3759 1868 3828 quiet

283 3850 338 3905 in
380 3849 564 3904 lluson
601 3851 616 3889 i
652 3849 870 3914 dicitur,
926 3849 1274 3903 baereditario
1315 3849 1436 3918 jure
1481 3851 1750 3919 possideo.
1791 3851 1868 3905 Ea

284 3942 522 4005 ratione,
549 3951 606 3994 ut
634 3955 733 4010 ego
779 3941 846 3996 ad
892 3941 1065 4011 ipsum
1119 3941 1505 3996 monasterium
1550 3942 1765 4007 vadam,
1815 3953 1869 3998 et

287 4031 485 4088 ibidem
533 4031 649 4086 dies
697 4031 818 4085 vitaz
867 4046 999 4085 mea:
1047 4031 1262 4094 ducam,
1308 4041 1360 4085 et
1383 4032 1560 4085 omnis
1589 4047 1705 4086 mea
1738 4047 1866 4102 pro-

287 4124 490 4194 prietas
525 4125 706 4178 statim
751 4124 817 4178 ad
860 4125 998 4178 idem
1050 4125 1438 4178 monasterium
1475 4134 1779 4180 revertatur
1814 4127 1866 4181 in

288 4232 461 4271 mvnui
487 4217 837 4286 possidenda;
890 4225 940 4270 et
983 4215 1196 4270 filiabus
1229 4216 1350 4271 filiae
1395 4232 1528 4272 mea:
1574 4217 1870 4271 Liutsindae

290 4317 344 4363 et
368 4307 693 4379 Engilsindze
724 4321 892 4360 xxxm
920 4305 1110 4378 jugera
1148 4308 1202 4361 in
1248 4307 1604 4363 Turbattalet
1646 4308 1714 4363 ab
1753 4308 1871 4378 ipso

1973 3495 2090 3534 sum
2124 3478 2246 3534 inde
2292 3479 2449 3534 annis
2495 3479 2727 3560 singulis
2754 3495 2922 3558 gnum
2965 3478 3192 3565 ερῃᾳιιηι
3222 3480 3552 3551 persolvam.

1974 3573 2040 3626 Et
2091 3573 2315 3644 insuper
2365 3572 2532 3642 ipsius
2589 3573 2903 3652 monasterii
2952 3581 3230 3641 rectores,
3279 3590 3560 3647 quousque

1972 3665 2180 3727 vixero,
2215 3665 2348 3719 mihi
2380 3667 2681 3720 concedant
2714 3681 2802 3721 res
2831 3681 2957 3721 suas
2994 3666 3046 3720 in
3075 3665 3422 3734 beneﬁcium,
3454 3669 3559 3726 hoc

1976 3766 2080 3820 est,
2113 3744 2332 3811 curtem‘
2372 3758 2424 3836 iu
2469 3756 3000 3815 Wurmberresbach
3031 3766 3089 3824 l’;
3117 3743 3197 3814 'et
3235 3742 3302 3814 in.
3327 3745 3504 3832 Burge
3533 3771 3556 3801 ι

1977 3847 2109 3902 duas
2144 3847 2335 3913 bobas,
2374 3849 2428 3903 in
2475 3848 2758 3922 Waganon
2793 3851 2812 3888 ί
2848 3865 3009 3905 unam
3037 3890 3053 3916 ,
3099 3857 3152 3906 et
3201 3851 3254 3905 in
3285 3851 3561 3908 Enstelin-

1979 3956 2083 4011 gon
2112 3952 2139 3979 ιι
2171 3957 2355 4006 unam,
2394 3951 2448 3996 et
2491 3942 2544 3996 in
2595 3942 2889 3998 Affaltrahe
2916 3951 2946 3983 ν
2977 3959 3166 4010 unam,
3211 3953 3267 4000 et
3298 3945 3350 4000 in
3383 3946 3560 4017 Rega-

1979 4031 2205 4086 ncsdorf
2226 4045 2253 4073 ι
2280 4047 2462 4087 unam.
2497 4033 2565 4088 Et
2591 4035 2634 4088 si
2665 4045 2836 4090 mater
2861 4050 3002 4100 mea,
3030 4044 3086 4091 et
3106 4038 3388 4108 presbyter
3407 4051 3564 4094 meus

1972 4122 2315 4180 Williboldus
2361 4141 2446 4180 me
2499 4127 2939 4197 supervixerint,
2979 4129 3194 4184 cmteris
3243 4125 3559 4184 monasterii

1973 4218 2137 4272 rebus
2181 4218 2247 4271 ad
2297 4227 2536 4272 rectores
2583 4235 2709 4273 suos
2753 4220 3105 4274 redeuntibus
3133 4261 3148 4286 ,
3213 4231 3389 4274 mater
3437 4233 3558 4275 mea

1975 4307 2122 4363 illam
2155 4309 2207 4363 in
2236 4307 2530 4364 Ali‘altrahe
2558 4312 2772 4376 habeat,
2807 4320 2861 4365 et
2888 4325 3109 4365 censum
3135 4328 3301 4366 unum
3327 4312 3560 4368 solidum

365 4503 390 4532 ι
429 4490 558 4544 Litt.
597 4489 752 4543 Dom.
796 4486 836 4542 F
885 4486 970 4543 vel
1007 4486 1118 4551 GF,
1167 4497 1330 4555 atque
1359 4485 1494 4540 adeo
1540 4487 1746 4556 epocha
1778 4502 1868 4542 an.
1903 4490 1952 4548 D
1979 4488 2159 4558 sbnrg.
2194 4486 2550 4543 Ekkehardus
2575 4487 2691 4556 jun.
2724 4490 2800 4544 De
2829 4489 2956 4545 Cas.
2987 4489 3160 4557 δια..
3190 4506 3238 4547 c.
3269 4491 3321 4555 1,
3348 4491 3566 4548 Laude-

293 4563 399 4628 855
428 4571 519 4616 aut
544 4560 629 4614 40.

367 4630 800 4712 harenaria?-
1261 4699 1272 4710 .
1536 4680 1578 4712 ,-

371 4715 393 4744 ο
437 4698 696 4757 Β‹τῐ·θί”ι·ἶιιὶ
729 4703 971 4756 chartam
997 4699 1306 4754 traditionis
1333 4699 1554 4754 exhibet
1579 4698 1874 4756 Goldastus

388 4773 487 4830 52:
525 4774 824 4830 precariam
857 4789 982 4825 vero
1015 4773 1277 4830 integrann
1310 4786 1361 4823 n.
1399 4770 1486 4822 72.

295 4793 352 4831 ιι.
388 4791 487 4839 az;

367 4846 395 4885 ἀ
437 4840 598 4899 Forte
626 4843 864 4908 Biielhol‘,
899 4842 1053 4911 cujus
1095 4840 1311 4896 nciuine
1346 4850 1456 4896 tres
1487 4840 1626 4896 villae
1657 4850 1875 4896 exstant

299 4917 354 4977 in
383 4917 568 4986 comit.
598 4914 838 4986 Kyburg.
873 4985 881 4986 ί
1253 4923 1257 4926 ·

375 5000 399 5028 θ
435 4981 576 5072 liful.
598 4981 920 5072 mBartst'ock,
956 4992 1015 5040 ut
1062 4993 1212 5056 puto,
1257 4984 1312 5039 in
1359 4983 1606 5057 dynastia
1638 4982 1875 5052 Griinin-

302 5059 449 5134 gensi
475 5059 570 5111 dit.
598 5055 778 5110 Turic.
1065 5055 1072 5056 “

382 5129 400 5168 ί
445 5127 732 5183 Hcrmikon
762 5125 827 5179 ad
849 5124 1080 5180 Glattam
1107 5123 1163 5179 ﬂ.

379 5203 404 5240 Β
442 5199 546 5253 Lit.
576 5198 726 5251 Dom.
759 5195 819 5250 Β.

375 5271 406 5311 h
443 5270 541 5339 Ap.
599 5267 756 5323 Gold.
802 5265 994 5320 vitiose
1042 5266 1322 5323 Karotus:
1357 5266 1574 5339 pra-fuit
1625 5266 1879 5338 Keroltus

305 5340 693 5410 Zurichgovizc.
771 5409 778 5410 ί
1263 5407 1312 5410 ,_
1383 5407 1391 5410 _
1662 5407 1670 5410 _
1740 5409 1779 5410 η
1839 5345 1867 5356 ”

385 5413 402 5450 ί
450 5407 693 5474 Mans-eu,
732 5409 879 5474 vicus
923 5422 1046 5462 cum
1093 5407 1350 5478 parocbia
1382 5407 1433 5462 in
1466 5407 1709 5481 dynastia
1738 5409 1882 5464 Kno-

310 5498 436 5546 nau,
461 5482 558 5535 dit.
589 5481 769 5535 Turic.

387 5551 401 5602 i
452 5551 780 5606 Turbenthal
809 5553 958 5606 vicus
987 5550 1212 5621 insignis
1243 5550 1293 5604 in
1315 5549 1512 5621 comit.
1545 5548 1781 5621 Kybnrg.

383 5623 412 5692 ιι
449 5622 787 5677 Rickcnbach
817 5637 978 5692 prope
1006 5619 1256 5691 oppidum
1271 5619 1405 5692 )Vyl
1433 5621 1527 5675 dit.
1569 5619 1624 5676 S.
1657 5619 1724 5674 G.

389 5691 408 5733 1
447 5693 661 5766 Epocba
685 5708 772 5766 an.
801 5691 927 5766 83§,
956 5693 1057 5766 l_i_tt.
1094 5693 1242 5746 Dom.

386 5777 428 5805 ιιι
461 5760 827 5818 Landelohum
872 5762 931 5817 P.
963 5763 1238 5833 Heregott,
1288 5763 1340 5816 n’
1392 5761 1482 5833 70,
1534 5760 1779 5832 dynastis
1821 5779 1886 5819 ac

317 5835 588 5891 nobilibus
641 5833 892 5904 ascribit;
947 5831 1200 5904 Pluribus
1246 5849 1375 5887 vero
1423 5831 1490 5888 de
1530 5831 1887 5904 Acoilemiagit

317 5905 529 5977 Prolcg.
561 5920 631 5970 tv,
662 5921 716 5960 n.
750 5904 804 5971 8,
833 5903 888 5972 9,
915 5904 980 5960 ad
1004 5903 1225 5960 Gcneal.
1251 5904 1470 5977 diplom.
1514 5901 1705 5960 Gentis
1747 5901 1888 5959 lla‘b~

525 4774 824 4843 precariam
857 4789 982 4843 vero
1015 4773 1277 4843 integram
1310 4786 1361 4823 n.
1399 4770 1486 4822 72.

1977 4559 2160 4612 lobum
2214 4558 2602 4634 'I'reverensem
2662 4561 3167 4634 archiepiscopum,
3219 4565 3563 4634 cognominis

1978 4644 2107 4684 vero
2136 4641 2342 4688 auctor.
2377 4629 2626 4685 Minimus
2659 4632 2817 4685 simul
2855 4629 3066 4696 dictus,
3099 4633 3152 4688 in
3186 4629 3314 4690 Vita
3337 4634 3560 4694 Notkeri

1977 4697 2184 4772 Balbuli
2219 4717 2266 4754 c.
2314 4700 2396 4758 12,
2432 4701 2783 4772 Darviensetn
2801 4701 3114 4772 episcopum
3155 4702 3322 4760 fuisse
3349 4715 3559 4761 narrat.

2053 4781 2079 4808 ιι
2120 4771 2477 4842 liuenghoraa
2501 4773 2673 4842 spatio
2703 4770 2846 4826 infra
2870 4770 3150 4828 Turicum.

2052 4847 2078 4876 °
2113 4840 2404 4914 Duillii-ken
2440 4845 2490 4894 iu
2515 4841 2835 4914 praefectura
2887 4843 3218 4914 Regenstorf
3243 4845 3340 4900 dit.
3374 4846 3560 4902 Turic.

2052 4922 2085 4986 ιζ
2113 4911 2513 4986 Lnnlemagns,
2559 4913 2644 4967 die
2694 4911 2940 4986 Limmm,
2973 4911 3045 4969 'ﬂ.
3086 4916 3176 4986 qui
3227 4915 3482 4971 Turicum
3510 4917 3565 4973 in

1982 4982 2242 5054 majorem
2272 4984 2642 5054 mitioremque
2667 4983 2941 5054 civitatem
2969 4982 3177 5041 dividit.

1989 5058 1994 5062 '
2054 5065 2082 5104 (ι
2125 5053 2411 5124 Wﬁrenlos
2453 5053 2711 5124 particltia
2762 5055 2816 5110 in
2846 5057 3104 5112 comitatu
3140 5056 3394 5123 Badensi,
3428 5056 3570 5114 inter

1987 5124 2242 5180 Turicum
2274 5133 2328 5178 et
2355 5123 2647 5178 Badeuam.
3255 5137 3258 5140 '
3547 5133 3556 5182 ,’

1993 5195 2008 5203 “
2063 5205 2085 5235 ι’
2127 5195 2486 5265 Wnrmspach
2512 5198 2576 5249 ad
2607 5196 2854 5252 dextrum
2891 5199 3044 5253 littus
3080 5197 3233 5252 iacus
3259 5197 3447 5254 Turic.
3479 5213 3570 5254 su-

1987 5282 2084 5338 pra
2115 5267 2843 5339 Rapperswilam,’ubinunc
2869 5267 3166 5339 parthenon
3195 5268 3322 5339 ord.
3344 5269 3477 5326 Cist.

2064 5350 2084 5377 ³
2125 5339 2268 5408 Bnrg
2292 5338 2342 5392 in
2370 5338 2616 5409 dynastia
2647 5337 2944 5394 Uznacb'in
2975 5340 3164 5409 iisdem
3197 5338 3464 5404 conﬁniis,
3484 5338 3571 5396 vel

1985 5409 2036 5464 iu
2058 5407 2312 5479 parochia
2342 5407 2582 5464 Durnten
2609 5411 2940 5478 praefecturae
2960 5407 3222 5479 Gruning.
3252 5411 3344 5464 dit.
3382 5409 3568 5467 Turic.

2059 5485 2078 5517 ί
2118 5479 2324 5536 Waszen
2364 5480 2633 5536 parocbim
2660 5477 2820 5533 loneu
2851 5495 3016 5536 prone
3045 5481 3492 5536 Rannerswilam.

2191 5496 2324 5537 ιιιζθιι
2364 5495 2633 5537 ΒὶὶΓΟΟΙΙΙὶΒ
2660 5495 2820 5533 [Oilei]
2851 5495 3016 5537 prone
3047 5495 3492 5537 Mannerswuam.

2063 5496 2078 5517 ι
2125 5496 2324 5551 Wagen
2364 5496 2633 5550 p:ll'OCll|:B
2660 5496 2820 5533 toneu
2851 5496 3016 5550 prope
3047 5496 3492 5553 napperswuam.

2053 5562 2083 5591 ιι
2124 5551 2518 5630 Engstlingen,
2591 5547 2988 5622 Eugstringen,
3051 5551 3372 5624 Eystringeu
3430 5553 3573 5623 inter

2053 5637 2152 5674 una
2179 5634 2232 5674 et
2268 5619 2608 5674 Wetnintzen.

1982 5623 2232 5745 Hmiig‘et
2268 5623 2608 5688 Weiningen.
3288 5623 3292 5624 '

2058 5701 2086 5765 _'
2123 5764 2126 5765 ν
2163 5691 2489 5765 _l_leltrangen
2518 5691 2788 5765 parrochiae
2825 5691 3089 5765 Hinnweil
3119 5693 3269 5765 praef.
3301 5691 3571 5764 Gruning,

1990 5760 2364 5835 velAli‘oltern
2401 5760 2708 5835 parochite
2735 5764 3075 5835 Regenstorl‘.
3119 5760 3302 5820 _Prius
3348 5776 3416 5820 ex
3461 5760 3551 5835 (διῇ

1992 5832 2246 5908 mologia,
2277 5832 2776 5908 posterius‘exsitu
2808 5832 3022 5892 facilius
3053 5835 3388 5908 intelligitur.

2071 5918 2098 5946 ι
2139 5901 2465 5975 Regenstorf
2487 5902 2624 5959 infra
2652 5903 2930 5962 Turicum.
