  <div class='ocr_page' id='page_1' title='image "/cluster/home/n/w/nwhite01/storage/ocr_20150623/131/hvd.32044015471725/589.png"; bbox 0 0 4046 6442; ppageno 0'>
   <div class='ocr_carea' id='block_1_1' title="bbox 514 384 653 443">
    <p class='ocr_par' dir='ltr' id='par_1_1' title="bbox 514 384 653 443">
     <span class='ocr_line' id='line_1_1' title="bbox 514 384 653 443; baseline -0.014 0"><span class='ocrx_word' id='word_1_1' title='bbox 514 384 653 443; x_wconf 75' lang='lat'><strong>“67</strong></span> 
     </span>
    </p>
   </div>
   <div class='ocr_carea' id='block_1_2' title="bbox 1413 374 2848 436">
    <p class='ocr_par' dir='ltr' id='par_1_2' title="bbox 1413 374 2848 436">
     <span class='ocr_line' id='line_1_2' title="bbox 1413 374 2848 436; baseline -0.002 -1"><span class='ocrx_word' id='word_1_2' title='bbox 1413 378 1477 435; x_wconf 90' lang='grc' dir='ltr'><strong>Β.</strong></span> <span class='ocrx_word' id='word_1_3' title='bbox 1518 377 1826 436; x_wconf 81' lang='lat' dir='ltr'><strong>NOTKERI</strong></span> <span class='ocrx_word' id='word_1_4' title='bbox 1863 375 2160 435; x_wconf 81' lang='lat' dir='ltr'><strong>BALBULI</strong></span> <span class='ocrx_word' id='word_1_5' title='bbox 2198 376 2259 434; x_wconf 88' lang='lat' dir='ltr'><strong>S.</strong></span> <span class='ocrx_word' id='word_1_6' title='bbox 2296 374 2501 434; x_wconf 81' lang='lat' dir='ltr'><strong>GALLI</strong></span> <span class='ocrx_word' id='word_1_7' title='bbox 2539 374 2848 433; x_wconf 78' lang='lat' dir='ltr'><strong>MONACHI</strong></span> 
     </span>
    </p>
   </div>
   <div class='ocr_carea' id='block_1_3' title="bbox 3630 379 3823 460">
    <p class='ocr_par' dir='ltr' id='par_1_3' title="bbox 3630 379 3823 460">
     <span class='ocr_line' id='line_1_3' title="bbox 3630 379 3823 460; baseline -0.036 0"><span class='ocrx_word' id='word_1_8' title='bbox 3630 379 3823 460; x_wconf 63' lang='grc' dir='ltr'><strong>μω.</strong></span> 
     </span>
    </p>
   </div>
   <div class='ocr_carea' id='block_1_4' title="bbox 510 491 3789 564">
    <p class='ocr_par' dir='ltr' id='par_1_4' title="bbox 510 491 3789 564">
     <span class='ocr_line' id='line_1_4' title="bbox 510 491 3789 564; baseline -0.002 -7"><span class='ocrx_word' id='word_1_9' title='bbox 510 498 721 557; x_wconf 86' lang='lat' dir='ltr'><strong>reddat.</strong></span> <span class='ocrx_word' id='word_1_10' title='bbox 752 496 906 555; x_wconf 94' lang='lat' dir='ltr'><strong>lllam</strong></span> <span class='ocrx_word' id='word_1_11' title='bbox 935 510 1067 555; x_wconf 88' lang='lat' dir='ltr'><strong>vero</strong></span> <span class='ocrx_word' id='word_1_12' title='bbox 1094 495 1293 555; x_wconf 87' lang='lat' dir='ltr'><strong>hobam</strong></span> <span class='ocrx_word' id='word_1_13' title='bbox 1340 493 1415 549; x_wconf 92' lang='lat' dir='ltr'><strong>in.</strong></span> <span class='ocrx_word' id='word_1_14' title='bbox 1435 493 1781 564; x_wconf 87' lang='lat' dir='ltr'><strong>Enstelingon</strong></span> <span class='ocrx_word' id='word_1_15' title='bbox 1818 492 2101 563; x_wconf 80' lang='lat' dir='ltr'><strong>presbyter</strong></span> <span class='ocrx_word' id='word_1_16' title='bbox 2130 497 2177 554; x_wconf 78' lang='grc' dir='ltr'>Α</span> <span class='ocrx_word' id='word_1_17' title='bbox 2204 491 2337 548; x_wconf 91' lang='lat' dir='ltr'><strong>alias</strong></span> <span class='ocrx_word' id='word_1_18' title='bbox 2364 492 2635 563; x_wconf 84' lang='lat' dir='ltr'><strong>impensas</strong></span> <span class='ocrx_word' id='word_1_19' title='bbox 2658 491 2949 561; x_wconf 91' lang='lat' dir='ltr'><strong>accipiam,</strong></span> <span class='ocrx_word' id='word_1_20' title='bbox 2980 499 3123 548; x_wconf 70' lang='lat' dir='ltr'><strong>sxcut</strong></span> <span class='ocrx_word' id='word_1_21' title='bbox 3148 491 3330 548; x_wconf 78' lang='lat' dir='ltr'><strong>caeteri</strong></span> <span class='ocrx_word' id='word_1_22' title='bbox 3355 491 3408 547; x_wconf 92' lang='lat' dir='ltr'><strong>in</strong></span> <span class='ocrx_word' id='word_1_23' title='bbox 3441 492 3564 563; x_wconf 85' lang='lat' dir='ltr'><strong>ipso</strong></span> <span class='ocrx_word' id='word_1_24' title='bbox 3593 506 3789 549; x_wconf 80' lang='lat' dir='ltr'><strong>mona-</strong></span> 
     </span>
    </p>
   </div>
   <div class='ocr_carea' id='block_1_5' title="bbox 512 581 2093 657">
    <p class='ocr_par' dir='ltr' id='par_1_5' title="bbox 512 581 2093 657">
     <span class='ocr_line' id='line_1_5' title="bbox 512 581 2093 657; baseline -0.006 -12"><span class='ocrx_word' id='word_1_25' title='bbox 512 586 1023 657; x_wconf 59' lang='lat' dir='ltr'><strong>WillebolduSycum</strong></span> <span class='ocrx_word' id='word_1_26' title='bbox 1065 585 1289 643; x_wconf 87' lang='lat' dir='ltr'><strong>basilica</strong></span> <span class='ocrx_word' id='word_1_27' title='bbox 1334 584 1389 638; x_wconf 89' lang='lat' dir='ltr'><strong>in</strong></span> <span class='ocrx_word' id='word_1_28' title='bbox 1421 581 1626 653; x_wconf 85' lang='lat' dir='ltr'><strong>lloinga</strong></span> <span class='ocrx_word' id='word_1_29' title='bbox 1674 581 1790 638; x_wconf 88' lang='lat' dir='ltr'><strong>dies</strong></span> <span class='ocrx_word' id='word_1_30' title='bbox 1829 581 1955 635; x_wconf 64' lang='lat' dir='ltr'><strong>vitae</strong></span> <span class='ocrx_word' id='word_1_31' title='bbox 1982 595 2093 636; x_wconf 74' lang='lat' dir='ltr'><strong>suae</strong></span> 
     </span>
    </p>
   </div>
   <div class='ocr_carea' id='block_1_6' title="bbox 510 670 2095 753">
    <p class='ocr_par' dir='ltr' id='par_1_6' title="bbox 510 670 2095 753">
     <span class='ocr_line' id='line_1_6' title="bbox 510 670 2095 753; baseline -0.008 -15"><span class='ocrx_word' id='word_1_32' title='bbox 510 681 619 738; x_wconf 83' lang='lat' dir='ltr'><strong>sub</strong></span> <span class='ocrx_word' id='word_1_33' title='bbox 643 694 812 738; x_wconf 77' lang='lat' dir='ltr'><strong>censu</strong></span> <span class='ocrx_word' id='word_1_34' title='bbox 843 678 1004 737; x_wconf 83' lang='lat' dir='ltr'><strong>unius</strong></span> <span class='ocrx_word' id='word_1_35' title='bbox 1043 676 1201 733; x_wconf 77' lang='lat' dir='ltr'><strong>solidi</strong></span> <span class='ocrx_word' id='word_1_36' title='bbox 1232 674 1529 753; x_wconf 82' lang='lat' dir='ltr'><strong>possideat.</strong></span> <span class='ocrx_word' id='word_1_37' title='bbox 1569 672 1679 729; x_wconf 87' lang='lat' dir='ltr'><strong>Illis</strong></span> <span class='ocrx_word' id='word_1_38' title='bbox 1699 680 1880 728; x_wconf 91' lang='lat' dir='ltr'><strong>autem</strong></span> <span class='ocrx_word' id='word_1_39' title='bbox 1903 670 2095 727; x_wconf 82' lang='lat' dir='ltr'><strong>defun-</strong></span> 
     </span>
    </p>
   </div>
   <div class='ocr_carea' id='block_1_7' title="bbox 514 761 2092 844">
    <p class='ocr_par' dir='ltr' id='par_1_7' title="bbox 514 761 2092 844">
     <span class='ocr_line' id='line_1_7' title="bbox 514 761 2092 844; baseline -0.006 -17"><span class='ocrx_word' id='word_1_40' title='bbox 514 770 642 837; x_wconf 88' lang='lat' dir='ltr'><strong>ctis,</strong></span> <span class='ocrx_word' id='word_1_41' title='bbox 673 770 853 826; x_wconf 80' lang='lat' dir='ltr'><strong>omnia</strong></span> <span class='ocrx_word' id='word_1_42' title='bbox 888 784 1009 838; x_wconf 68' lang='lat' dir='ltr'><strong>qua:</strong></span> <span class='ocrx_word' id='word_1_43' title='bbox 1033 768 1089 841; x_wconf 82' lang='lat' dir='ltr'><strong>in</strong></span> <span class='ocrx_word' id='word_1_44' title='bbox 1139 766 1487 844; x_wconf 81' lang='lat' dir='ltr'><strong>Zurichgewe</strong></span> <span class='ocrx_word' id='word_1_45' title='bbox 1525 762 1664 834; x_wconf 83' lang='lat' dir='ltr'><strong>juris</strong></span> <span class='ocrx_word' id='word_1_46' title='bbox 1704 764 1812 843; x_wconf 82' lang='lat' dir='ltr'><strong>mei</strong></span> <span class='ocrx_word' id='word_1_47' title='bbox 1854 761 2092 829; x_wconf 80' lang='lat' dir='ltr'><strong>fuerunt,</strong></span> 
     </span>
    </p>
   </div>
   <div class='ocr_carea' id='block_1_8' title="bbox 510 855 2134 933">
    <p class='ocr_par' dir='ltr' id='par_1_8' title="bbox 510 855 2134 933">
     <span class='ocr_line' id='line_1_8' title="bbox 510 855 2134 933; baseline -0.007 -13"><span class='ocrx_word' id='word_1_48' title='bbox 510 871 742 933; x_wconf 77' lang='lat' dir='ltr'><strong>excepta</strong></span> <span class='ocrx_word' id='word_1_49' title='bbox 765 901 782 927; x_wconf 95' lang='lat'><strong>,</strong></span> <span class='ocrx_word' id='word_1_50' title='bbox 811 870 873 916; x_wconf 87' lang='lat' dir='ltr'><strong>ut</strong></span> <span class='ocrx_word' id='word_1_51' title='bbox 918 860 1121 916; x_wconf 88' lang='lat' dir='ltr'><strong>dictum</strong></span> <span class='ocrx_word' id='word_1_52' title='bbox 1166 866 1248 914; x_wconf 87' lang='lat' dir='ltr'><strong>est</strong></span> <span class='ocrx_word' id='word_1_53' title='bbox 1273 900 1288 924; x_wconf 94' lang='lat'><strong>,</strong></span> <span class='ocrx_word' id='word_1_54' title='bbox 1330 857 1692 928; x_wconf 88' lang='lat' dir='ltr'><strong>acquisitione</strong></span> <span class='ocrx_word' id='word_1_55' title='bbox 1720 872 1837 914; x_wconf 90' lang='lat' dir='ltr'><strong>mea</strong></span> <span class='ocrx_word' id='word_1_56' title='bbox 1869 857 1923 912; x_wconf 91' lang='lat' dir='ltr'><strong>in</strong></span> <span class='ocrx_word' id='word_1_57' title='bbox 1951 855 2097 911; x_wconf 89' lang='lat' dir='ltr'><strong>Wir-</strong></span> <span class='ocrx_word' id='word_1_58' title='bbox 2128 892 2134 919; x_wconf 63' lang='grc' dir='ltr'><strong>τ</strong></span> 
     </span>
    </p>
   </div>
   <div class='ocr_carea' id='block_1_9' title="bbox 512 951 2094 1031">
    <p class='ocr_par' dir='ltr' id='par_1_9' title="bbox 512 951 2094 1031">
     <span class='ocr_line' id='line_1_9' title="bbox 512 951 2094 1031; baseline -0.006 -16"><span class='ocrx_word' id='word_1_59' title='bbox 512 957 816 1031; x_wconf 74' lang='lat' dir='ltr'><strong>cbilleozba</strong></span> <span class='ocrx_word' id='word_1_60' title='bbox 840 963 1095 1031; x_wconf 88' lang='lat' dir='ltr'><strong>rectores</strong></span> <span class='ocrx_word' id='word_1_61' title='bbox 1121 952 1437 1009; x_wconf 76' lang='lat' dir='ltr'><strong>monasterii</strong></span> <span class='ocrx_word' id='word_1_62' title='bbox 1470 952 1644 1008; x_wconf 91' lang='lat' dir='ltr'><strong>sancti</strong></span> <span class='ocrx_word' id='word_1_63' title='bbox 1672 951 1809 1009; x_wconf 89' lang='lat' dir='ltr'><strong>Galli</strong></span> <span class='ocrx_word' id='word_1_64' title='bbox 1838 952 1943 1008; x_wconf 93' lang='lat' dir='ltr'><strong>sibi</strong></span> <span class='ocrx_word' id='word_1_65' title='bbox 1972 952 2094 1007; x_wconf 87' lang='lat' dir='ltr'><strong>vin-</strong></span> 
     </span>
    </p>
   </div>
   <div class='ocr_carea' id='block_1_10' title="bbox 514 1030 2094 1112">
    <p class='ocr_par' dir='ltr' id='par_1_10' title="bbox 514 1030 2094 1112">
     <span class='ocr_line' id='line_1_10' title="bbox 514 1030 2094 1112; baseline -0.006 -5"><span class='ocrx_word' id='word_1_66' title='bbox 514 1051 720 1108; x_wconf 80' lang='lat' dir='ltr'><strong>dicent.</strong></span> <span class='ocrx_word' id='word_1_67' title='bbox 762 1030 875 1104; x_wconf 52' lang='grc' dir='ltr'><strong>Ηυξ</strong></span> <span class='ocrx_word' id='word_1_68' title='bbox 906 1035 1115 1102; x_wconf 86' lang='lat' dir='ltr'><strong>tantum</strong></span> <span class='ocrx_word' id='word_1_69' title='bbox 1163 1045 1471 1109; x_wconf 86' lang='lat' dir='ltr'><strong>observato,</strong></span> <span class='ocrx_word' id='word_1_70' title='bbox 1501 1053 1561 1099; x_wconf 93' lang='lat' dir='ltr'><strong>nt</strong></span> <span class='ocrx_word' id='word_1_71' title='bbox 1603 1044 1739 1107; x_wconf 91' lang='lat' dir='ltr'><strong>nulli</strong></span> <span class='ocrx_word' id='word_1_72' title='bbox 1768 1059 2006 1112; x_wconf 80' lang='lat' dir='ltr'><strong>unquam</strong></span> <span class='ocrx_word' id='word_1_73' title='bbox 2039 1043 2094 1098; x_wconf 90' lang='lat' dir='ltr'><strong>in</strong></span> 
     </span>
    </p>
   </div>
   <div class='ocr_carea' id='block_1_11' title="bbox 512 1134 2097 1215">
    <p class='ocr_par' dir='ltr' id='par_1_11' title="bbox 512 1134 2097 1215">
     <span class='ocr_line' id='line_1_11' title="bbox 512 1134 2097 1215; baseline -0.004 -19"><span class='ocrx_word' id='word_1_74' title='bbox 512 1140 840 1197; x_wconf 88' lang='lat' dir='ltr'><strong>beneﬁcium</strong></span> <span class='ocrx_word' id='word_1_75' title='bbox 864 1146 1212 1215; x_wconf 69' lang='lat' dir='ltr'><strong>praestentur</strong></span> <span class='ocrx_word' id='word_1_76' title='bbox 1244 1137 1397 1213; x_wconf 38' lang='lat' dir='ltr'><strong>ipsae,</strong></span> <span class='ocrx_word' id='word_1_77' title='bbox 1421 1151 1529 1199; x_wconf 89' lang='lat' dir='ltr'><strong>res,</strong></span> <span class='ocrx_word' id='word_1_78' title='bbox 1562 1144 1636 1197; x_wconf 35' lang='lat' dir='ltr'><strong>et.</strong></span> <span class='ocrx_word' id='word_1_79' title='bbox 1656 1134 1946 1205; x_wconf 88' lang='lat' dir='ltr'><strong>mancipia,</strong></span> <span class='ocrx_word' id='word_1_80' title='bbox 1974 1149 2097 1205; x_wconf 72' lang='lat' dir='ltr'><strong>quae</strong></span> 
     </span>
    </p>
   </div>
   <div class='ocr_carea' id='block_1_12' title="bbox 512 1227 2096 1295">
    <p class='ocr_par' dir='ltr' id='par_1_12' title="bbox 512 1227 2096 1295">
     <span class='ocr_line' id='line_1_12' title="bbox 512 1227 2096 1295; baseline -0.004 -6"><span class='ocrx_word' id='word_1_81' title='bbox 512 1242 643 1289; x_wconf 88' lang='lat' dir='ltr'><strong>tunc</strong></span> <span class='ocrx_word' id='word_1_82' title='bbox 673 1233 871 1289; x_wconf 88' lang='lat' dir='ltr'><strong>ibidem</strong></span> <span class='ocrx_word' id='word_1_83' title='bbox 903 1231 1102 1286; x_wconf 90' lang='lat' dir='ltr'><strong>l&#39;uerint</strong></span> <span class='ocrx_word' id='word_1_84' title='bbox 1131 1231 1370 1295; x_wconf 88' lang='lat' dir='ltr'><strong>inventa,</strong></span> <span class='ocrx_word' id='word_1_85' title='bbox 1398 1230 1513 1284; x_wconf 83' lang='lat' dir='ltr'><strong>sive</strong></span> <span class='ocrx_word' id='word_1_86' title='bbox 1539 1229 1679 1283; x_wconf 87' lang='lat' dir='ltr'><strong>intra</strong></span> <span class='ocrx_word' id='word_1_87' title='bbox 1710 1238 1942 1293; x_wconf 88' lang='lat' dir='ltr'><strong>curtem,</strong></span> <span class='ocrx_word' id='word_1_88' title='bbox 1982 1227 2096 1282; x_wconf 83' lang='lat' dir='ltr'><strong>sive</strong></span> 
     </span>
    </p>
   </div>
   <div class='ocr_carea' id='block_1_13' title="bbox 512 1319 2095 1395">
    <p class='ocr_par' dir='ltr' id='par_1_13' title="bbox 512 1319 2095 1395">
     <span class='ocr_line' id='line_1_13' title="bbox 512 1319 2095 1395; baseline -0.004 -15"><span class='ocrx_word' id='word_1_89' title='bbox 512 1323 569 1380; x_wconf 92' lang='lat' dir='ltr'><strong>in</strong></span> <span class='ocrx_word' id='word_1_90' title='bbox 596 1324 775 1388; x_wconf 89' lang='lat' dir='ltr'><strong>hobis,</strong></span> <span class='ocrx_word' id='word_1_91' title='bbox 802 1323 869 1395; x_wconf 83' lang='lat' dir='ltr'><strong>ad</strong></span> <span class='ocrx_word' id='word_1_92' title='bbox 909 1321 1298 1377; x_wconf 86' lang='lat' dir='ltr'><strong>monasterium</strong></span> <span class='ocrx_word' id='word_1_93' title='bbox 1338 1322 1585 1377; x_wconf 83' lang='lat' dir='ltr'><strong>redeant.</strong></span> <span class='ocrx_word' id='word_1_94' title='bbox 1638 1319 1717 1375; x_wconf 87' lang='lat' dir='ltr'><strong>Ne</strong></span> <span class='ocrx_word' id='word_1_95' title='bbox 1742 1321 1885 1390; x_wconf 92' lang='lat' dir='ltr'><strong>quod</strong></span> <span class='ocrx_word' id='word_1_96' title='bbox 1913 1328 2095 1375; x_wconf 90' lang='lat' dir='ltr'><strong>autem</strong></span> 
     </span>
    </p>
   </div>
   <div class='ocr_carea' id='block_1_14' title="bbox 510 1413 2094 1485">
    <p class='ocr_par' dir='ltr' id='par_1_14' title="bbox 510 1413 2094 1485">
     <span class='ocr_line' id='line_1_14' title="bbox 510 1413 2094 1485; baseline -0.004 -13"><span class='ocrx_word' id='word_1_97' title='bbox 510 1414 826 1485; x_wconf 83' lang='lat' dir='ltr'><strong>scrupulum</strong></span> <span class='ocrx_word' id='word_1_98' title='bbox 886 1415 953 1471; x_wconf 93' lang='lat' dir='ltr'><strong>de</strong></span> <span class='ocrx_word' id='word_1_99' title='bbox 1003 1413 1315 1483; x_wconf 84' lang='lat' dir='ltr'><strong>supradicto</strong></span> <span class='ocrx_word' id='word_1_100' title='bbox 1377 1427 1543 1468; x_wconf 89' lang='lat' dir='ltr'><strong>censu</strong></span> <span class='ocrx_word' id='word_1_101' title='bbox 1591 1421 1893 1471; x_wconf 69' lang='lat' dir='ltr'><strong>nascatur.</strong></span> <span class='ocrx_word' id='word_1_102' title='bbox 1928 1427 2094 1466; x_wconf 90' lang='lat' dir='ltr'><strong>unum</strong></span> 
     </span>
    </p>
   </div>
   <div class='ocr_carea' id='block_1_15' title="bbox 512 1503 2127 1574">
    <p class='ocr_par' dir='ltr' id='par_1_15' title="bbox 512 1503 2127 1574">
     <span class='ocr_line' id='line_1_15' title="bbox 512 1503 2127 1574; baseline 0.001 -12"><span class='ocrx_word' id='word_1_103' title='bbox 512 1514 724 1563; x_wconf 87' lang='lat' dir='ltr'><strong>tantum</strong></span> <span class='ocrx_word' id='word_1_104' title='bbox 750 1505 981 1561; x_wconf 88' lang='lat' dir='ltr'><strong>solidum</strong></span> <span class='ocrx_word' id='word_1_105' title='bbox 1012 1512 1067 1560; x_wconf 91' lang='lat' dir='ltr'><strong>et</strong></span> <span class='ocrx_word' id='word_1_106' title='bbox 1098 1519 1197 1574; x_wconf 91' lang='lat' dir='ltr'><strong>pro</strong></span> <span class='ocrx_word' id='word_1_107' title='bbox 1230 1505 1366 1560; x_wconf 86' lang='lat' dir='ltr'><strong>meis</strong></span> <span class='ocrx_word' id='word_1_108' title='bbox 1397 1503 1578 1568; x_wconf 88' lang='lat' dir='ltr'><strong>rebus,</strong></span> <span class='ocrx_word' id='word_1_109' title='bbox 1609 1511 1663 1557; x_wconf 91' lang='lat' dir='ltr'><strong>et</strong></span> <span class='ocrx_word' id='word_1_110' title='bbox 1688 1504 1742 1559; x_wconf 92' lang='lat' dir='ltr'><strong>in</strong></span> <span class='ocrx_word' id='word_1_111' title='bbox 1796 1504 2093 1560; x_wconf 87' lang='lat' dir='ltr'><strong>beneﬁcum</strong></span> <span class='ocrx_word' id='word_1_112' title='bbox 2122 1558 2127 1563; x_wconf 91' lang='lat'><strong>.</strong></span> 
     </span>
    </p>
   </div>
   <div class='ocr_carea' id='block_1_16' title="bbox 513 1594 2117 1671">
    <p class='ocr_par' dir='ltr' id='par_1_16' title="bbox 513 1594 2117 1671">
     <span class='ocr_line' id='line_1_16' title="bbox 513 1594 2117 1671; baseline -0.004 -15"><span class='ocrx_word' id='word_1_113' title='bbox 513 1616 546 1656; x_wconf 90' lang='lat' dir='ltr'><strong>a</strong></span> <span class='ocrx_word' id='word_1_114' title='bbox 570 1600 830 1671; x_wconf 79' lang='lat' dir='ltr'><strong>pra-dicto</strong></span> <span class='ocrx_word' id='word_1_115' title='bbox 853 1597 1187 1653; x_wconf 90' lang='lat' dir='ltr'><strong>monasterio</strong></span> <span class='ocrx_word' id='word_1_116' title='bbox 1212 1597 1343 1651; x_wconf 90' lang='lat' dir='ltr'><strong>mihi</strong></span> <span class='ocrx_word' id='word_1_117' title='bbox 1367 1596 1626 1667; x_wconf 65' lang='lat' dir='ltr'><strong>praestitis</strong></span> <span class='ocrx_word' id='word_1_118' title='bbox 1649 1595 1876 1651; x_wconf 88' lang='lat' dir='ltr'><strong>reddere</strong></span> <span class='ocrx_word' id='word_1_119' title='bbox 1902 1594 2117 1651; x_wconf 74' lang='lat' dir='ltr'><strong>debeo.‘</strong></span> 
     </span>
    </p>
   </div>
   <div class='ocr_carea' id='block_1_17' title="bbox 512 1687 2097 1758">
    <p class='ocr_par' dir='ltr' id='par_1_17' title="bbox 512 1687 2097 1758">
     <span class='ocr_line' id='line_1_17' title="bbox 512 1687 2097 1758; baseline -0.004 -10"><span class='ocrx_word' id='word_1_120' title='bbox 512 1689 777 1748; x_wconf 87' lang='lat' dir='ltr'><strong>Similiter</strong></span> <span class='ocrx_word' id='word_1_121' title='bbox 802 1698 857 1746; x_wconf 89' lang='lat' dir='ltr'><strong>et</strong></span> <span class='ocrx_word' id='word_1_122' title='bbox 885 1697 1063 1745; x_wconf 90' lang='lat' dir='ltr'><strong>mater</strong></span> <span class='ocrx_word' id='word_1_123' title='bbox 1092 1703 1211 1743; x_wconf 89' lang='lat' dir='ltr'><strong>mea</strong></span> <span class='ocrx_word' id='word_1_124' title='bbox 1236 1703 1337 1758; x_wconf 90' lang='lat' dir='ltr'><strong>pro</strong></span> <span class='ocrx_word' id='word_1_125' title='bbox 1375 1689 1512 1743; x_wconf 91' lang='lat' dir='ltr'><strong>meis</strong></span> <span class='ocrx_word' id='word_1_126' title='bbox 1547 1687 2009 1757; x_wconf 90' lang='lat' dir='ltr'><strong>possessionibus,</strong></span> <span class='ocrx_word' id='word_1_127' title='bbox 2038 1693 2097 1741; x_wconf 91' lang='lat' dir='ltr'><strong>et</strong></span> 
     </span>
    </p>
   </div>
   <div class='ocr_carea' id='block_1_18' title="bbox 513 1778 2243 1853">
    <p class='ocr_par' dir='ltr' id='par_1_18' title="bbox 513 1778 2243 1853">
     <span class='ocr_line' id='line_1_18' title="bbox 513 1778 2243 1853; baseline -0.003 -15"><span class='ocrx_word' id='word_1_128' title='bbox 513 1782 824 1853; x_wconf 86' lang='lat' dir='ltr'><strong>supradicta</strong></span> <span class='ocrx_word' id='word_1_129' title='bbox 852 1781 991 1836; x_wconf 87' lang='lat' dir='ltr'><strong>hoba</strong></span> <span class='ocrx_word' id='word_1_130' title='bbox 1016 1782 1070 1836; x_wconf 91' lang='lat' dir='ltr'><strong>in</strong></span> <span class='ocrx_word' id='word_1_131' title='bbox 1100 1778 1399 1845; x_wconf 82' lang='lat' dir='ltr'><strong>All‘altrahe</strong></span> <span class='ocrx_word' id='word_1_132' title='bbox 1426 1795 1590 1835; x_wconf 92' lang='lat' dir='ltr'><strong>unum</strong></span> <span class='ocrx_word' id='word_1_133' title='bbox 1625 1788 1832 1835; x_wconf 90' lang='lat' dir='ltr'><strong>tantum</strong></span> <span class='ocrx_word' id='word_1_134' title='bbox 1861 1778 2092 1834; x_wconf 77' lang='lat' dir='ltr'><strong>solidum</strong></span> <span class='ocrx_word' id='word_1_135' title='bbox 2122 1819 2128 1825; x_wconf 65' lang='grc' dir='ltr'><strong>ς</strong></span> <span class='ocrx_word' id='word_1_136' title='bbox 2240 1808 2243 1811; x_wconf 58' lang='grc' dir='ltr'>η</span> 
     </span>
    </p>
   </div>
   <div class='ocr_carea' id='block_1_19' title="bbox 511 1853 2245 1943">
    <p class='ocr_par' dir='ltr' id='par_1_19' title="bbox 511 1853 2245 1943">
     <span class='ocr_line' id='line_1_19' title="bbox 511 1853 2245 1943; baseline -0.003 -11"><span class='ocrx_word' id='word_1_137' title='bbox 511 1874 728 1941; x_wconf 84' lang='lat' dir='ltr'><strong>reddat,</strong></span> <span class='ocrx_word' id='word_1_138' title='bbox 758 1882 813 1930; x_wconf 89' lang='lat' dir='ltr'><strong>et</strong></span> <span class='ocrx_word' id='word_1_139' title='bbox 860 1873 1206 1930; x_wconf 87' lang='lat' dir='ltr'><strong>Williboldus</strong></span> <span class='ocrx_word' id='word_1_140' title='bbox 1253 1889 1440 1928; x_wconf 88' lang='lat' dir='ltr'><strong>unum.</strong></span> <span class='ocrx_word' id='word_1_141' title='bbox 1505 1872 1564 1928; x_wconf 89' lang='lat' dir='ltr'><strong>Si</strong></span> <span class='ocrx_word' id='word_1_142' title='bbox 1604 1874 1726 1943; x_wconf 88' lang='lat' dir='ltr'><strong>quis</strong></span> <span class='ocrx_word' id='word_1_143' title='bbox 1764 1888 1893 1928; x_wconf 91' lang='lat' dir='ltr'><strong>vero</strong></span> <span class='ocrx_word' id='word_1_144' title='bbox 1934 1853 2172 1940; x_wconf 26' lang='lat' dir='ltr'><strong>hujus.B</strong></span> <span class='ocrx_word' id='word_1_145' title='bbox 2238 1922 2245 1926; x_wconf 86' lang='lat'><strong>.</strong></span> 
     </span>
    </p>
   </div>
   <div class='ocr_carea' id='block_1_20' title="bbox 510 1962 2109 2045">
    <p class='ocr_par' dir='ltr' id='par_1_20' title="bbox 510 1962 2109 2045">
     <span class='ocr_line' id='line_1_20' title="bbox 510 1962 2109 2045; baseline -0.004 -22"><span class='ocrx_word' id='word_1_146' title='bbox 510 1967 716 2023; x_wconf 80' lang='lat' dir='ltr'><strong>chartae</strong></span> <span class='ocrx_word' id='word_1_147' title='bbox 741 1966 1113 2022; x_wconf 86' lang='lat' dir='ltr'><strong>contradictor</strong></span> <span class='ocrx_word' id='word_1_148' title='bbox 1160 1965 1490 2031; x_wconf 81' lang='lat' dir='ltr'><strong>emerserit,</strong></span> <span class='ocrx_word' id='word_1_149' title='bbox 1538 1965 1605 2019; x_wconf 90' lang='lat' dir='ltr'><strong>ad</strong></span> <span class='ocrx_word' id='word_1_150' title='bbox 1653 1964 1906 2045; x_wconf 84' lang='lat' dir='ltr'><strong>aerarium</strong></span> <span class='ocrx_word' id='word_1_151' title='bbox 1948 1962 2109 2045; x_wconf 29' lang='lat' dir='ltr'><strong>regis.</strong></span> 
     </span>
    </p>
   </div>
   <div class='ocr_carea' id='block_1_21' title="bbox 510 2040 2123 2127">
    <p class='ocr_par' dir='ltr' id='par_1_21' title="bbox 510 2040 2123 2127">
     <span class='ocr_line' id='line_1_21' title="bbox 510 2040 2123 2127; baseline -0.004 -11"><span class='ocrx_word' id='word_1_152' title='bbox 510 2059 629 2116; x_wconf 88' lang='lat' dir='ltr'><strong>auri</strong></span> <span class='ocrx_word' id='word_1_153' title='bbox 660 2057 848 2115; x_wconf 88' lang='lat' dir='ltr'><strong>uncias</strong></span> <span class='ocrx_word' id='word_1_154' title='bbox 873 2067 985 2114; x_wconf 88' lang='lat' dir='ltr'><strong>tres</strong></span> <span class='ocrx_word' id='word_1_155' title='bbox 1010 2098 1024 2121; x_wconf 93' lang='lat'><strong>,</strong></span> <span class='ocrx_word' id='word_1_156' title='bbox 1072 2057 1281 2127; x_wconf 80' lang='lat' dir='ltr'><strong>argenti</strong></span> <span class='ocrx_word' id='word_1_157' title='bbox 1314 2056 1553 2127; x_wconf 87' lang='lat' dir='ltr'><strong>pondera</strong></span> <span class='ocrx_word' id='word_1_158' title='bbox 1592 2040 1834 2125; x_wconf 83' lang='lat' dir='ltr'><strong>quinque</strong></span> <span class='ocrx_word' id='word_1_159' title='bbox 1875 2040 2123 2127; x_wconf 34' lang='lat' dir='ltr'><strong>coactus.</strong></span> 
     </span>
    </p>
   </div>
   <div class='ocr_carea' id='block_1_22' title="bbox 506 2132 2121 2224">
    <p class='ocr_par' dir='ltr' id='par_1_22' title="bbox 506 2132 2121 2224">
     <span class='ocr_line' id='line_1_22' title="bbox 506 2132 2121 2224; baseline -0.006 -17"><span class='ocrx_word' id='word_1_160' title='bbox 506 2150 802 2224; x_wconf 81' lang='lat' dir='ltr'><strong>persolvat,</strong></span> <span class='ocrx_word' id='word_1_161' title='bbox 835 2158 889 2203; x_wconf 91' lang='lat' dir='ltr'><strong>ct</strong></span> <span class='ocrx_word' id='word_1_162' title='bbox 917 2150 1035 2204; x_wconf 81' lang='lat' dir='ltr'><strong>hmo</strong></span> <span class='ocrx_word' id='word_1_163' title='bbox 1063 2148 1283 2203; x_wconf 88' lang='lat' dir='ltr'><strong>traditio</strong></span> <span class='ocrx_word' id='word_1_164' title='bbox 1309 2132 1660 2202; x_wconf 83' lang='lat' dir='ltr'><strong>nihilominus</strong></span> <span class='ocrx_word' id='word_1_165' title='bbox 1692 2145 1848 2200; x_wconf 87' lang='lat' dir='ltr'><strong>ﬁrma</strong></span> <span class='ocrx_word' id='word_1_166' title='bbox 1894 2152 1950 2199; x_wconf 89' lang='lat' dir='ltr'><strong>et</strong></span> <span class='ocrx_word' id='word_1_167' title='bbox 1978 2151 2121 2217; x_wconf 42' lang='lat' dir='ltr'><strong>sta-.</strong></span> 
     </span>
    </p>
   </div>
   <div class='ocr_carea' id='block_1_23' title="bbox 508 2235 2117 2314">
    <p class='ocr_par' dir='ltr' id='par_1_23' title="bbox 508 2235 2117 2314">
     <span class='ocr_line' id='line_1_23' title="bbox 508 2235 2117 2314; baseline -0.006 -15"><span class='ocrx_word' id='word_1_168' title='bbox 508 2243 634 2300; x_wconf 88' lang='lat' dir='ltr'><strong>bilis</strong></span> <span class='ocrx_word' id='word_1_169' title='bbox 679 2249 1021 2314; x_wconf 84' lang='lat' dir='ltr'><strong>permaneat,</strong></span> <span class='ocrx_word' id='word_1_170' title='bbox 1069 2240 1416 2310; x_wconf 85' lang='lat' dir='ltr'><strong>stipulatione</strong></span> <span class='ocrx_word' id='word_1_171' title='bbox 1475 2238 1761 2294; x_wconf 40' lang='lat' dir='ltr'><strong>subnexa;</strong></span> <span class='ocrx_word' id='word_1_172' title='bbox 1800 2239 1995 2291; x_wconf 83' lang='lat' dir='ltr'><strong>Actum</strong></span> <span class='ocrx_word' id='word_1_173' title='bbox 2037 2235 2117 2311; x_wconf 85' lang='lat' dir='ltr'><strong>in_</strong></span> 
     </span>
    </p>
   </div>
   <div class='ocr_carea' id='block_1_24' title="bbox 508 2326 2095 2404">
    <p class='ocr_par' dir='ltr' id='par_1_24' title="bbox 508 2326 2095 2404">
     <span class='ocr_line' id='line_1_24' title="bbox 508 2326 2095 2404; baseline -0.007 -13"><span class='ocrx_word' id='word_1_174' title='bbox 508 2334 718 2404; x_wconf 77' lang='lat' dir='ltr'><strong>Hoinga</strong></span> <span class='ocrx_word' id='word_1_175' title='bbox 745 2376 760 2400; x_wconf 95' lang='lat'><strong>,</strong></span> <span class='ocrx_word' id='word_1_176' title='bbox 808 2333 1171 2403; x_wconf 72' lang='lat' dir='ltr'><strong>prmscntibus</strong></span> <span class='ocrx_word' id='word_1_177' title='bbox 1221 2347 1453 2401; x_wconf 87' lang='lat' dir='ltr'><strong>quorum</strong></span> <span class='ocrx_word' id='word_1_178' title='bbox 1497 2330 1584 2385; x_wconf 89' lang='lat' dir='ltr'><strong>hic</strong></span> <span class='ocrx_word' id='word_1_179' title='bbox 1616 2328 1890 2400; x_wconf 84' lang='lat' dir='ltr'><strong>signacula</strong></span> <span class='ocrx_word' id='word_1_180' title='bbox 1920 2326 2095 2383; x_wconf 86' lang='lat' dir='ltr'><strong>conti-</strong></span> 
     </span>
    </p>
   </div>
   <div class='ocr_carea' id='block_1_25' title="bbox 508 2417 2097 2493">
    <p class='ocr_par' dir='ltr' id='par_1_25' title="bbox 508 2417 2097 2493">
     <span class='ocr_line' id='line_1_25' title="bbox 508 2417 2097 2493; baseline -0.005 -13"><span class='ocrx_word' id='word_1_181' title='bbox 508 2434 730 2480; x_wconf 87' lang='lat' dir='ltr'><strong>nentur.</strong></span> <span class='ocrx_word' id='word_1_182' title='bbox 770 2422 997 2493; x_wconf 84' lang='lat' dir='ltr'><strong>Siguum</strong></span> <span class='ocrx_word' id='word_1_183' title='bbox 1041 2421 1335 2479; x_wconf 88' lang='lat' dir='ltr'><strong>Landelohi</strong></span> <span class='ocrx_word' id='word_1_184' title='bbox 1368 2429 1421 2478; x_wconf 89' lang='lat' dir='ltr'><strong>et</strong></span> <span class='ocrx_word' id='word_1_185' title='bbox 1466 2420 1710 2477; x_wconf 85' lang='lat' dir='ltr'><strong>advocati</strong></span> <span class='ocrx_word' id='word_1_186' title='bbox 1741 2419 1858 2491; x_wconf 84' lang='lat' dir='ltr'><strong>ejus</strong></span> <span class='ocrx_word' id='word_1_187' title='bbox 1894 2417 2097 2476; x_wconf 84' lang='lat' dir='ltr'><strong>Oadal-</strong></span> 
     </span>
    </p>
   </div>
   <div class='ocr_carea' id='block_1_26' title="bbox 507 2509 2092 2585">
    <p class='ocr_par' dir='ltr' id='par_1_26' title="bbox 507 2509 2092 2585">
     <span class='ocr_line' id='line_1_26' title="bbox 507 2509 2092 2585; baseline -0.005 -13"><span class='ocrx_word' id='word_1_188' title='bbox 507 2515 689 2581; x_wconf 87' lang='lat' dir='ltr'><strong>bardi,</strong></span> <span class='ocrx_word' id='word_1_189' title='bbox 720 2513 811 2585; x_wconf 91' lang='lat' dir='ltr'><strong>qui</strong></span> <span class='ocrx_word' id='word_1_190' title='bbox 857 2514 997 2568; x_wconf 86' lang='lat' dir='ltr'><strong>hanc</strong></span> <span class='ocrx_word' id='word_1_191' title='bbox 1049 2513 1394 2568; x_wconf 83' lang='lat' dir='ltr'><strong>traditionem</strong></span> <span class='ocrx_word' id='word_1_192' title='bbox 1445 2510 1711 2577; x_wconf 77' lang='lat' dir='ltr'><strong>fecerunt,</strong></span> <span class='ocrx_word' id='word_1_193' title='bbox 1760 2519 1817 2567; x_wconf 89' lang='lat' dir='ltr'><strong>et</strong></span> <span class='ocrx_word' id='word_1_194' title='bbox 1865 2509 2092 2565; x_wconf 87' lang='lat' dir='ltr'><strong>aliorum</strong></span> 
     </span>
    </p>
   </div>
   <div class='ocr_carea' id='block_1_27' title="bbox 506 2599 2091 2677">
    <p class='ocr_par' dir='ltr' id='par_1_27' title="bbox 506 2599 2091 2677">
     <span class='ocr_line' id='line_1_27' title="bbox 506 2599 2091 2677; baseline -0.006 -11"><span class='ocrx_word' id='word_1_195' title='bbox 506 2609 754 2674; x_wconf 82' lang='lat' dir='ltr'><strong>testium,</strong></span> <span class='ocrx_word' id='word_1_196' title='bbox 786 2608 826 2676; x_wconf 83' lang='lat'><strong>1-</strong></span> <span class='ocrx_word' id='word_1_197' title='bbox 847 2606 1154 2672; x_wconf 79' lang='lat' dir='ltr'><strong>Ruocltere,</strong></span> <span class='ocrx_word' id='word_1_198' title='bbox 1178 2604 1216 2677; x_wconf 77' lang='lat'><strong>1</strong></span> <span class='ocrx_word' id='word_1_199' title='bbox 1244 2602 1516 2661; x_wconf 82' lang='lat' dir='ltr'><strong>Herbreht</strong></span> <span class='ocrx_word' id='word_1_200' title='bbox 1534 2642 1551 2669; x_wconf 91' lang='lat'><strong>,</strong></span> <span class='ocrx_word' id='word_1_201' title='bbox 1581 2601 1891 2668; x_wconf 82' lang='lat' dir='ltr'><strong>Wollhere,</strong></span> <span class='ocrx_word' id='word_1_202' title='bbox 1924 2602 1965 2672; x_wconf 87' lang='lat'><strong>1-</strong></span> <span class='ocrx_word' id='word_1_203' title='bbox 1984 2599 2091 2657; x_wconf 85' lang='lat' dir='ltr'><strong>Pe-</strong></span> 
     </span>
    </p>
   </div>
   <div class='ocr_carea' id='block_1_28' title="bbox 509 2693 2091 2768">
    <p class='ocr_par' dir='ltr' id='par_1_28' title="bbox 509 2693 2091 2768">
     <span class='ocr_line' id='line_1_28' title="bbox 509 2693 2091 2768; baseline -0.008 -9"><span class='ocrx_word' id='word_1_204' title='bbox 509 2700 753 2766; x_wconf 85' lang='lat' dir='ltr'><strong>ricbker,</strong></span> <span class='ocrx_word' id='word_1_205' title='bbox 784 2698 1034 2762; x_wconf 86' lang='lat' dir='ltr'><strong>Landolt.</strong></span> <span class='ocrx_word' id='word_1_206' title='bbox 1086 2696 1296 2763; x_wconf 81' lang='lat' dir='ltr'><strong>Heitar,</strong></span> <span class='ocrx_word' id='word_1_207' title='bbox 1326 2697 1366 2768; x_wconf 87' lang='lat'><strong>1-</strong></span> <span class='ocrx_word' id='word_1_208' title='bbox 1390 2694 1708 2759; x_wconf 83' lang='lat' dir='ltr'><strong>Adalbreht,</strong></span> <span class='ocrx_word' id='word_1_209' title='bbox 1732 2694 1773 2765; x_wconf 84' lang='lat'><strong>1-</strong></span> <span class='ocrx_word' id='word_1_210' title='bbox 1797 2693 2091 2761; x_wconf 87' lang='lat' dir='ltr'><strong>Adalhern,</strong></span> 
     </span>
    </p>
   </div>
   <div class='ocr_carea' id='block_1_29' title="bbox 510 2780 2092 2863">
    <p class='ocr_par' dir='ltr' id='par_1_29' title="bbox 510 2780 2092 2863">
     <span class='ocr_line' id='line_1_29' title="bbox 510 2780 2092 2863; baseline -0.007 -16"><span class='ocrx_word' id='word_1_211' title='bbox 510 2792 555 2863; x_wconf 82' lang='lat'><strong>1-</strong></span> <span class='ocrx_word' id='word_1_212' title='bbox 568 2790 716 2856; x_wconf 90' lang='lat' dir='ltr'><strong>Otto,</strong></span> <span class='ocrx_word' id='word_1_213' title='bbox 729 2789 770 2860; x_wconf 87' lang='lat'><strong>1-</strong></span> <span class='ocrx_word' id='word_1_214' title='bbox 788 2788 1077 2860; x_wconf 83' lang='lat' dir='ltr'><strong>Reginger,</strong></span> <span class='ocrx_word' id='word_1_215' title='bbox 1092 2790 1133 2857; x_wconf 88' lang='lat'><strong>1-</strong></span> <span class='ocrx_word' id='word_1_216' title='bbox 1145 2787 1335 2858; x_wconf 83' lang='lat' dir='ltr'><strong>Egino,</strong></span> <span class='ocrx_word' id='word_1_217' title='bbox 1358 2785 1398 2855; x_wconf 85' lang='lat'><strong>1-</strong></span> <span class='ocrx_word' id='word_1_218' title='bbox 1411 2784 1711 2849; x_wconf 85' lang='lat' dir='ltr'><strong>Woll&#39;bere,</strong></span> <span class='ocrx_word' id='word_1_219' title='bbox 1745 2784 1780 2854; x_wconf 88' lang='lat'><strong>1-</strong></span> <span class='ocrx_word' id='word_1_220' title='bbox 1802 2780 2092 2850; x_wconf 82' lang='lat' dir='ltr'><strong>Woll‘bart,</strong></span> 
     </span>
    </p>
   </div>
   <div class='ocr_carea' id='block_1_30' title="bbox 513 2872 2095 2956">
    <p class='ocr_par' dir='ltr' id='par_1_30' title="bbox 513 2872 2095 2956">
     <span class='ocr_line' id='line_1_30' title="bbox 513 2872 2095 2956; baseline -0.007 -17"><span class='ocrx_word' id='word_1_221' title='bbox 513 2884 558 2956; x_wconf 87' lang='lat'><strong>1-</strong></span> <span class='ocrx_word' id='word_1_222' title='bbox 580 2880 804 2947; x_wconf 79' lang='lat' dir='ltr'><strong>Ratlter,</strong></span> <span class='ocrx_word' id='word_1_223' title='bbox 833 2880 874 2951; x_wconf 77' lang='lat'><strong>1-</strong></span> <span class='ocrx_word' id='word_1_224' title='bbox 914 2878 1180 2950; x_wconf 82' lang='lat' dir='ltr'><strong>Hupreht,</strong></span> <span class='ocrx_word' id='word_1_225' title='bbox 1208 2878 1249 2947; x_wconf 89' lang='lat'><strong>1-</strong></span> <span class='ocrx_word' id='word_1_226' title='bbox 1282 2875 1540 2947; x_wconf 86' lang='lat' dir='ltr'><strong>Waning,</strong></span> <span class='ocrx_word' id='word_1_227' title='bbox 1568 2874 1610 2947; x_wconf 86' lang='lat'><strong>1-</strong></span> <span class='ocrx_word' id='word_1_228' title='bbox 1641 2872 1918 2939; x_wconf 88' lang='lat' dir='ltr'><strong>Cozhelm,</strong></span> <span class='ocrx_word' id='word_1_229' title='bbox 1948 2874 1989 2943; x_wconf 89' lang='lat'><strong>1-</strong></span> <span class='ocrx_word' id='word_1_230' title='bbox 2022 2873 2095 2928; x_wconf 86' lang='lat' dir='ltr'><strong>A-</strong></span> 
     </span>
    </p>
   </div>
   <div class='ocr_carea' id='block_1_31' title="bbox 510 2962 2103 3042">
    <p class='ocr_par' dir='ltr' id='par_1_31' title="bbox 510 2962 2103 3042">
     <span class='ocr_line' id='line_1_31' title="bbox 510 2962 2103 3042; baseline -0.009 -11"><span class='ocrx_word' id='word_1_231' title='bbox 510 2972 771 3036; x_wconf 88' lang='lat' dir='ltr'><strong>dalhelm,</strong></span> <span class='ocrx_word' id='word_1_232' title='bbox 813 2970 852 3042; x_wconf 77' lang='grc' dir='ltr'>ἰ-</span> <span class='ocrx_word' id='word_1_233' title='bbox 903 2968 1091 3035; x_wconf 90' lang='lat' dir='ltr'><strong>Oadal,</strong></span> <span class='ocrx_word' id='word_1_234' title='bbox 1141 2968 1181 3039; x_wconf 89' lang='lat'><strong>1-</strong></span> <span class='ocrx_word' id='word_1_235' title='bbox 1225 2964 1447 3023; x_wconf 80' lang='lat' dir='ltr'><strong>Undolf.</strong></span> <span class='ocrx_word' id='word_1_236' title='bbox 1503 2965 1616 3037; x_wconf 85' lang='lat' dir='ltr'><strong>Ego</strong></span> <span class='ocrx_word' id='word_1_237' title='bbox 1665 2965 1844 3035; x_wconf 89' lang='lat' dir='ltr'><strong>itaque</strong></span> <span class='ocrx_word' id='word_1_238' title='bbox 1888 2962 2103 3042; x_wconf 28' lang='lat' dir='ltr'><strong>Notker‘</strong></span> 
     </span>
    </p>
   </div>
   <div class='ocr_carea' id='block_1_32' title="bbox 510 3055 2089 3135">
    <p class='ocr_par' dir='ltr' id='par_1_32' title="bbox 510 3055 2089 3135">
     <span class='ocr_line' id='line_1_32' title="bbox 510 3055 2089 3135; baseline -0.009 -12"><span class='ocrx_word' id='word_1_239' title='bbox 510 3064 705 3135; x_wconf 79' lang='lat' dir='ltr'><strong>scripsi</strong></span> <span class='ocrx_word' id='word_1_240' title='bbox 738 3071 795 3119; x_wconf 88' lang='lat' dir='ltr'><strong>et</strong></span> <span class='ocrx_word' id='word_1_241' title='bbox 819 3060 1135 3132; x_wconf 87' lang='lat' dir='ltr'><strong>subscripsi.</strong></span> <span class='ocrx_word' id='word_1_242' title='bbox 1203 3058 1399 3117; x_wconf 84' lang='lat' dir='ltr'><strong>Notavi</strong></span> <span class='ocrx_word' id='word_1_243' title='bbox 1428 3057 1572 3113; x_wconf 89' lang='lat' dir='ltr'><strong>diem</strong></span> <span class='ocrx_word' id='word_1_244' title='bbox 1590 3066 1845 3128; x_wconf 80' lang='lat' dir='ltr'><strong>quartam</strong></span> <span class='ocrx_word' id='word_1_245' title='bbox 1877 3055 2089 3123; x_wconf 82' lang='lat' dir='ltr'><strong>feriam,</strong></span> 
     </span>
    </p>
   </div>
   <div class='ocr_carea' id='block_1_33' title="bbox 507 3148 2101 3222">
    <p class='ocr_par' dir='ltr' id='par_1_33' title="bbox 507 3148 2101 3222">
     <span class='ocr_line' id='line_1_33' title="bbox 507 3148 2101 3222; baseline -0.006 -9"><span class='ocrx_word' id='word_1_246' title='bbox 507 3171 564 3213; x_wconf 70' lang='lat' dir='ltr'><strong>av</strong></span> <span class='ocrx_word' id='word_1_247' title='bbox 590 3155 671 3211; x_wconf 85' lang='lat' dir='ltr'><strong>Id.</strong></span> <span class='ocrx_word' id='word_1_248' title='bbox 702 3149 859 3221; x_wconf 86' lang='lat' dir='ltr'><strong>Feb.,</strong></span> <span class='ocrx_word' id='word_1_249' title='bbox 901 3168 1045 3210; x_wconf 90' lang='lat' dir='ltr'><strong>anno</strong></span> <span class='ocrx_word' id='word_1_250' title='bbox 1086 3166 1198 3214; x_wconf 77' lang='lat' dir='ltr'><strong>xxx</strong></span> <span class='ocrx_word' id='word_1_251' title='bbox 1228 3163 1256 3194; x_wconf 82' lang='grc' dir='ltr'><strong>ι</strong></span> <span class='ocrx_word' id='word_1_252' title='bbox 1284 3151 1438 3222; x_wconf 80' lang='lat' dir='ltr'><strong>regni</strong></span> <span class='ocrx_word' id='word_1_253' title='bbox 1466 3148 1763 3216; x_wconf 90' lang='lat' dir='ltr'><strong>Ludovici,</strong></span> <span class='ocrx_word' id='word_1_254' title='bbox 1814 3164 1908 3206; x_wconf 90' lang='lat' dir='ltr'><strong>seu</strong></span> <span class='ocrx_word' id='word_1_255' title='bbox 1940 3149 2101 3206; x_wconf 70' lang='grc' dir='ltr'><strong>Ιὶιιο-Δ</strong></span> 
     </span>
    </p>
   </div>
   <div class='ocr_carea' id='block_1_34' title="bbox 514 3245 961 3309">
    <p class='ocr_par' dir='ltr' id='par_1_34' title="bbox 514 3245 961 3309">
     <span class='ocr_line' id='line_1_34' title="bbox 514 3245 961 3309; baseline -0.018 0"><span class='ocrx_word' id='word_1_256' title='bbox 514 3246 663 3309; x_wconf 74' lang='lat' dir='ltr'><strong>dolio</strong></span> <span class='ocrx_word' id='word_1_257' title='bbox 688 3245 888 3304; x_wconf 85' lang='lat' dir='ltr'><strong>comite</strong></span> <span class='ocrx_word' id='word_1_258' title='bbox 908 3246 961 3301; x_wconf 70' lang='grc' dir='ltr'>δ.</span> 
     </span>
    </p>
   </div>
   <div class='ocr_carea' id='block_1_35' title="bbox 1268 3359 1335 3415">
    <p class='ocr_par' dir='ltr' id='par_1_35' title="bbox 1268 3359 1335 3415">
     <span class='ocr_line' id='line_1_35' title="bbox 1268 3359 1335 3415; baseline -0.015 0"><span class='ocrx_word' id='word_1_259' title='bbox 1268 3359 1335 3415; x_wconf 76' lang='grc' dir='ltr'>ν.</span> 
     </span>
    </p>
   </div>
   <div class='ocr_carea' id='block_1_36' title="bbox 976 3485 1628 3531">
    <p class='ocr_par' dir='ltr' id='par_1_36' title="bbox 976 3485 1628 3531">
     <span class='ocr_line' id='line_1_36' title="bbox 976 3485 1628 3531; baseline -0.009 0"><span class='ocrx_word' id='word_1_260' title='bbox 976 3485 1239 3531; x_wconf 63' lang='grc' dir='ltr'>πιυιτιο</span> <span class='ocrx_word' id='word_1_261' title='bbox 1282 3485 1628 3529; x_wconf 68' lang='grc' dir='ltr'>πηιιιιοιυι.</span> 
     </span>
    </p>
   </div>
   <div class='ocr_carea' id='block_1_37' title="bbox 1116 3587 1483 3662">
    <p class='ocr_par' dir='ltr' id='par_1_37' title="bbox 1116 3587 1483 3662">
     <span class='ocr_line' id='line_1_37' title="bbox 1116 3587 1483 3662; baseline 0.003 -20"><span class='ocrx_word' id='word_1_262' title='bbox 1116 3589 1289 3662; x_wconf 84' lang='lat' dir='ltr'><strong>(Anno</strong></span> <span class='ocrx_word' id='word_1_263' title='bbox 1333 3587 1483 3661; x_wconf 78' lang='lat'><strong>875&#39;.)</strong></span> 
     </span>
    </p>
   </div>
   <div class='ocr_carea' id='block_1_38' title="bbox 579 3700 2095 3778">
    <p class='ocr_par' dir='ltr' id='par_1_38' title="bbox 579 3700 2095 3778">
     <span class='ocr_line' id='line_1_38' title="bbox 579 3700 2095 3778; baseline -0.003 -17"><span class='ocrx_word' id='word_1_264' title='bbox 579 3706 693 3778; x_wconf 88' lang='lat' dir='ltr'><strong>Ego</strong></span> <span class='ocrx_word' id='word_1_265' title='bbox 711 3701 1001 3775; x_wconf 86' lang='lat' dir='ltr'><strong>Willehold</strong></span> <span class='ocrx_word' id='word_1_266' title='bbox 1036 3701 1187 3758; x_wconf 88' lang='lat' dir='ltr'><strong>senio</strong></span> <span class='ocrx_word' id='word_1_267' title='bbox 1239 3716 1361 3758; x_wconf 89' lang='lat' dir='ltr'><strong>meo</strong></span> <span class='ocrx_word' id='word_1_268' title='bbox 1401 3700 1712 3773; x_wconf 86' lang='lat' dir='ltr'><strong>providens,</strong></span> <span class='ocrx_word' id='word_1_269' title='bbox 1760 3706 1818 3756; x_wconf 90' lang='lat' dir='ltr'><strong>et</strong></span> <span class='ocrx_word' id='word_1_270' title='bbox 1860 3701 1939 3767; x_wconf 87' lang='lat' dir='ltr'><strong>ei,</strong></span> <span class='ocrx_word' id='word_1_271' title='bbox 1973 3715 2095 3771; x_wconf 79' lang='lat' dir='ltr'><strong>quae</strong></span> 
     </span>
    </p>
   </div>
   <div class='ocr_carea' id='block_1_39' title="bbox 506 3791 2094 3865">
    <p class='ocr_par' dir='ltr' id='par_1_39' title="bbox 506 3791 2094 3865">
     <span class='ocr_line' id='line_1_39' title="bbox 506 3791 2094 3865; baseline -0.003 -13"><span class='ocrx_word' id='word_1_272' title='bbox 506 3796 636 3852; x_wconf 91' lang='lat' dir='ltr'><strong>illud</strong></span> <span class='ocrx_word' id='word_1_273' title='bbox 664 3794 915 3852; x_wconf 87' lang='lat' dir='ltr'><strong>comitari</strong></span> <span class='ocrx_word' id='word_1_274' title='bbox 945 3793 1100 3860; x_wconf 89' lang='lat' dir='ltr'><strong>solet,</strong></span> <span class='ocrx_word' id='word_1_275' title='bbox 1130 3793 1393 3865; x_wconf 69' lang='lat' dir='ltr'><strong>penuriae,</strong></span> <span class='ocrx_word' id='word_1_276' title='bbox 1422 3793 1581 3848; x_wconf 87' lang='lat' dir='ltr'><strong>trado</strong></span> <span class='ocrx_word' id='word_1_277' title='bbox 1610 3792 1678 3848; x_wconf 92' lang='lat' dir='ltr'><strong>ad</strong></span> <span class='ocrx_word' id='word_1_278' title='bbox 1706 3791 2094 3848; x_wconf 91' lang='lat' dir='ltr'><strong>monasterium</strong></span> 
     </span>
    </p>
   </div>
   <div class='ocr_carea' id='block_1_40' title="bbox 506 3885 2090 3954">
    <p class='ocr_par' dir='ltr' id='par_1_40' title="bbox 506 3885 2090 3954">
     <span class='ocr_line' id='line_1_40' title="bbox 506 3885 2090 3954; baseline -0.004 -7"><span class='ocrx_word' id='word_1_279' title='bbox 506 3890 682 3948; x_wconf 87' lang='lat' dir='ltr'><strong>sancti</strong></span> <span class='ocrx_word' id='word_1_280' title='bbox 710 3889 868 3954; x_wconf 82' lang='lat' dir='ltr'><strong>Galli,</strong></span> <span class='ocrx_word' id='word_1_281' title='bbox 902 3889 991 3945; x_wconf 90' lang='lat' dir='ltr'><strong>cui</strong></span> <span class='ocrx_word' id='word_1_282' title='bbox 1017 3887 1176 3945; x_wconf 89' lang='lat' dir='ltr'><strong>modo</strong></span> <span class='ocrx_word' id='word_1_283' title='bbox 1206 3886 1534 3943; x_wconf 86' lang='lat' dir='ltr'><strong>venerabilis</strong></span> <span class='ocrx_word' id='word_1_284' title='bbox 1564 3886 1703 3941; x_wconf 87' lang='lat' dir='ltr'><strong>abba</strong></span> <span class='ocrx_word' id='word_1_285' title='bbox 1730 3885 2042 3941; x_wconf 80' lang='lat' dir='ltr'><strong>llartmotus</strong></span> <span class='ocrx_word' id='word_1_286' title='bbox 2065 3893 2090 3925; x_wconf 74' lang='grc' dir='ltr'><strong>ο</strong></span> 
     </span>
    </p>
   </div>
   <div class='ocr_carea' id='block_1_41' title="bbox 506 3975 2095 4056">
    <p class='ocr_par' dir='ltr' id='par_1_41' title="bbox 506 3975 2095 4056">
     <span class='ocr_line' id='line_1_41' title="bbox 506 3975 2095 4056; baseline -0.005 -16"><span class='ocrx_word' id='word_1_287' title='bbox 506 3992 748 4056; x_wconf 79' lang='lat' dir='ltr'><strong>praeest,</strong></span> <span class='ocrx_word' id='word_1_288' title='bbox 794 3981 1067 4039; x_wconf 84' lang='lat' dir='ltr'><strong>terrulam</strong></span> <span class='ocrx_word' id='word_1_289' title='bbox 1102 3996 1280 4036; x_wconf 87' lang='lat' dir='ltr'><strong>meam</strong></span> <span class='ocrx_word' id='word_1_290' title='bbox 1330 3994 1494 4050; x_wconf 88' lang='lat' dir='ltr'><strong>quam</strong></span> <span class='ocrx_word' id='word_1_291' title='bbox 1540 3978 1717 4034; x_wconf 85' lang='lat' dir='ltr'><strong>habeo</strong></span> <span class='ocrx_word' id='word_1_292' title='bbox 1758 3978 1812 4032; x_wconf 92' lang='lat' dir='ltr'><strong>in</strong></span> <span class='ocrx_word' id='word_1_293' title='bbox 1842 3975 2095 4033; x_wconf 82' lang='lat' dir='ltr'><strong>Uzomvi-</strong></span> 
     </span>
    </p>
   </div>
   <div class='ocr_carea' id='block_1_42' title="bbox 509 4067 2093 4140">
    <p class='ocr_par' dir='ltr' id='par_1_42' title="bbox 509 4067 2093 4140">
     <span class='ocr_line' id='line_1_42' title="bbox 509 4067 2093 4140; baseline -0.002 -15"><span class='ocrx_word' id='word_1_294' title='bbox 509 4071 623 4128; x_wconf 87' lang='lat' dir='ltr'><strong>lare</strong></span> <span class='ocrx_word' id='word_1_295' title='bbox 646 4070 696 4136; x_wconf 74' lang='grc' dir='ltr'><strong>ά,</strong></span> <span class='ocrx_word' id='word_1_296' title='bbox 727 4073 830 4127; x_wconf 87' lang='lat' dir='ltr'><strong>hoc</strong></span> <span class='ocrx_word' id='word_1_297' title='bbox 856 4078 962 4134; x_wconf 88' lang='lat' dir='ltr'><strong>est,</strong></span> <span class='ocrx_word' id='word_1_298' title='bbox 995 4086 1063 4124; x_wconf 82' lang='lat' dir='ltr'><strong>xx</strong></span> <span class='ocrx_word' id='word_1_299' title='bbox 1087 4068 1297 4140; x_wconf 80' lang='lat' dir='ltr'><strong>jugera.</strong></span> <span class='ocrx_word' id='word_1_300' title='bbox 1336 4068 1416 4122; x_wconf 87' lang='lat' dir='ltr'><strong>Eo</strong></span> <span class='ocrx_word' id='word_1_301' title='bbox 1446 4074 1625 4136; x_wconf 91' lang='lat' dir='ltr'><strong>pacto,</strong></span> <span class='ocrx_word' id='word_1_302' title='bbox 1660 4074 1719 4121; x_wconf 90' lang='lat' dir='ltr'><strong>ut</strong></span> <span class='ocrx_word' id='word_1_303' title='bbox 1749 4067 1863 4137; x_wconf 90' lang='lat' dir='ltr'><strong>ipsa</strong></span> <span class='ocrx_word' id='word_1_304' title='bbox 1894 4067 2093 4122; x_wconf 86' lang='lat' dir='ltr'><strong>terrula</strong></span> 
     </span>
    </p>
   </div>
   <div class='ocr_carea' id='block_1_43' title="bbox 507 4155 2091 4237">
    <p class='ocr_par' dir='ltr' id='par_1_43' title="bbox 507 4155 2091 4237">
     <span class='ocr_line' id='line_1_43' title="bbox 507 4155 2091 4237; baseline -0.004 -19"><span class='ocrx_word' id='word_1_305' title='bbox 507 4163 575 4218; x_wconf 90' lang='lat' dir='ltr'><strong>ad</strong></span> <span class='ocrx_word' id='word_1_306' title='bbox 600 4163 818 4218; x_wconf 89' lang='lat' dir='ltr'><strong>domum</strong></span> <span class='ocrx_word' id='word_1_307' title='bbox 870 4159 1282 4237; x_wconf 79' lang='lat' dir='ltr'><strong>peregrinorum</strong></span> <span class='ocrx_word' id='word_1_308' title='bbox 1330 4157 1566 4223; x_wconf 86' lang='lat' dir='ltr'><strong>serviat,</strong></span> <span class='ocrx_word' id='word_1_309' title='bbox 1598 4166 1653 4212; x_wconf 89' lang='lat' dir='ltr'><strong>et</strong></span> <span class='ocrx_word' id='word_1_310' title='bbox 1679 4172 1779 4228; x_wconf 89' lang='lat' dir='ltr'><strong>ego</strong></span> <span class='ocrx_word' id='word_1_311' title='bbox 1809 4158 1880 4212; x_wconf 93' lang='lat' dir='ltr'><strong>ibi</strong></span> <span class='ocrx_word' id='word_1_312' title='bbox 1911 4155 1964 4212; x_wconf 92' lang='lat' dir='ltr'><strong>in</strong></span> <span class='ocrx_word' id='word_1_313' title='bbox 1994 4158 2091 4213; x_wconf 80' lang='lat' dir='ltr'><strong>do-</strong></span> 
     </span>
    </p>
   </div>
   <div class='ocr_carea' id='block_1_44' title="bbox 505 4249 2094 4326">
    <p class='ocr_par' dir='ltr' id='par_1_44' title="bbox 505 4249 2094 4326">
     <span class='ocr_line' id='line_1_44' title="bbox 505 4249 2094 4326; baseline -0.005 -13"><span class='ocrx_word' id='word_1_314' title='bbox 505 4264 654 4314; x_wconf 85' lang='lat' dir='ltr'><strong>mum</strong></span> <span class='ocrx_word' id='word_1_315' title='bbox 696 4255 970 4326; x_wconf 88' lang='lat' dir='ltr'><strong>hospitum</strong></span> <span class='ocrx_word' id='word_1_316' title='bbox 1022 4252 1309 4323; x_wconf 89' lang='lat' dir='ltr'><strong>suscipiar,</strong></span> <span class='ocrx_word' id='word_1_317' title='bbox 1361 4258 1419 4304; x_wconf 87' lang='lat' dir='ltr'><strong>et</strong></span> <span class='ocrx_word' id='word_1_318' title='bbox 1465 4264 1640 4321; x_wconf 86' lang='lat' dir='ltr'><strong>usque</strong></span> <span class='ocrx_word' id='word_1_319' title='bbox 1664 4249 1733 4304; x_wconf 90' lang='lat' dir='ltr'><strong>ad</strong></span> <span class='ocrx_word' id='word_1_320' title='bbox 1773 4249 1934 4304; x_wconf 81' lang='lat' dir='ltr'><strong>liuent</strong></span> <span class='ocrx_word' id='word_1_321' title='bbox 1968 4249 2094 4305; x_wconf 62' lang='lat' dir='ltr'><strong>vitae</strong></span> 
     </span>
    </p>
   </div>
   <div class='ocr_carea' id='block_1_45' title="bbox 505 4342 2093 4413">
    <p class='ocr_par' dir='ltr' id='par_1_45' title="bbox 505 4342 2093 4413">
     <span class='ocr_line' id='line_1_45' title="bbox 505 4342 2093 4413; baseline -0.006 -7"><span class='ocrx_word' id='word_1_322' title='bbox 505 4365 642 4406; x_wconf 63' lang='lat' dir='ltr'><strong>mea:</strong></span> <span class='ocrx_word' id='word_1_323' title='bbox 668 4348 742 4404; x_wconf 90' lang='lat' dir='ltr'><strong>ibi</strong></span> <span class='ocrx_word' id='word_1_324' title='bbox 770 4348 976 4403; x_wconf 88' lang='lat' dir='ltr'><strong>victum</strong></span> <span class='ocrx_word' id='word_1_325' title='bbox 1010 4354 1067 4403; x_wconf 90' lang='lat' dir='ltr'><strong>et</strong></span> <span class='ocrx_word' id='word_1_326' title='bbox 1118 4345 1378 4401; x_wconf 90' lang='lat' dir='ltr'><strong>vestitum</strong></span> <span class='ocrx_word' id='word_1_327' title='bbox 1423 4344 1687 4409; x_wconf 81' lang='lat' dir='ltr'><strong>habeant,</strong></span> <span class='ocrx_word' id='word_1_328' title='bbox 1717 4343 1861 4398; x_wconf 87' lang='lat' dir='ltr'><strong>sicut</strong></span> <span class='ocrx_word' id='word_1_329' title='bbox 1884 4342 2093 4413; x_wconf 86' lang='lat' dir='ltr'><strong>primus</strong></span> 
     </span>
    </p>
   </div>
   <div class='ocr_carea' id='block_1_46' title="bbox 507 4434 2091 4508">
    <p class='ocr_par' dir='ltr' id='par_1_46' title="bbox 507 4434 2091 4508">
     <span class='ocr_line' id='line_1_46' title="bbox 507 4434 2091 4508; baseline -0.003 -13"><span class='ocrx_word' id='word_1_330' title='bbox 507 4439 721 4495; x_wconf 87' lang='lat' dir='ltr'><strong>illorum</strong></span> <span class='ocrx_word' id='word_1_331' title='bbox 764 4438 1042 4508; x_wconf 89' lang='lat' dir='ltr'><strong>jnniorum</strong></span> <span class='ocrx_word' id='word_1_332' title='bbox 1083 4452 1099 4491; x_wconf 91' lang='lat'><strong>:</strong></span> <span class='ocrx_word' id='word_1_333' title='bbox 1142 4436 1247 4493; x_wconf 91' lang='lat' dir='ltr'><strong>hoc</strong></span> <span class='ocrx_word' id='word_1_334' title='bbox 1294 4446 1400 4501; x_wconf 90' lang='lat' dir='ltr'><strong>est,</strong></span> <span class='ocrx_word' id='word_1_335' title='bbox 1446 4434 1699 4491; x_wconf 91' lang='lat' dir='ltr'><strong>omnibus</strong></span> <span class='ocrx_word' id='word_1_336' title='bbox 1728 4434 1885 4490; x_wconf 88' lang='lat' dir='ltr'><strong>annis</strong></span> <span class='ocrx_word' id='word_1_337' title='bbox 1925 4450 2091 4490; x_wconf 90' lang='lat' dir='ltr'><strong>unum</strong></span> 
     </span>
    </p>
   </div>
   <div class='ocr_carea' id='block_1_47' title="bbox 507 4526 2092 4595">
    <p class='ocr_par' dir='ltr' id='par_1_47' title="bbox 507 4526 2092 4595">
     <span class='ocr_line' id='line_1_47' title="bbox 507 4526 2092 4595; baseline -0.002 -10"><span class='ocrx_word' id='word_1_338' title='bbox 507 4531 890 4585; x_wconf 81' lang='lat' dir='ltr'><strong>vestimentum</strong></span> <span class='ocrx_word' id='word_1_339' title='bbox 916 4529 1142 4595; x_wconf 89' lang='lat' dir='ltr'><strong>lineum,</strong></span> <span class='ocrx_word' id='word_1_340' title='bbox 1171 4537 1227 4584; x_wconf 89' lang='lat' dir='ltr'><strong>et</strong></span> <span class='ocrx_word' id='word_1_341' title='bbox 1249 4527 1393 4583; x_wconf 90' lang='lat' dir='ltr'><strong>aliud</strong></span> <span class='ocrx_word' id='word_1_342' title='bbox 1416 4526 1651 4592; x_wconf 90' lang='lat' dir='ltr'><strong>laneum,</strong></span> <span class='ocrx_word' id='word_1_343' title='bbox 1682 4534 1738 4582; x_wconf 90' lang='lat' dir='ltr'><strong>et</strong></span> <span class='ocrx_word' id='word_1_344' title='bbox 1760 4527 1924 4582; x_wconf 91' lang='lat' dir='ltr'><strong>tertio</strong></span> <span class='ocrx_word' id='word_1_345' title='bbox 1948 4542 2092 4582; x_wconf 90' lang='lat' dir='ltr'><strong>anno</strong></span> 
     </span>
    </p>
   </div>
   <div class='ocr_carea' id='block_1_48' title="bbox 508 4619 2092 4695">
    <p class='ocr_par' dir='ltr' id='par_1_48' title="bbox 508 4619 2092 4695">
     <span class='ocr_line' id='line_1_48' title="bbox 508 4619 2092 4695; baseline 0.003 -19"><span class='ocrx_word' id='word_1_346' title='bbox 508 4619 755 4695; x_wconf 83' lang='lat' dir='ltr'><strong>pallium,</strong></span> <span class='ocrx_word' id='word_1_347' title='bbox 798 4620 846 4676; x_wconf 89' lang='lat' dir='ltr'><strong>si</strong></span> <span class='ocrx_word' id='word_1_348' title='bbox 872 4629 1028 4678; x_wconf 87' lang='lat' dir='ltr'><strong>vetus</strong></span> <span class='ocrx_word' id='word_1_349' title='bbox 1058 4621 1132 4677; x_wconf 89' lang='lat' dir='ltr'><strong>ita</strong></span> <span class='ocrx_word' id='word_1_350' title='bbox 1151 4621 1397 4677; x_wconf 89' lang='lat' dir='ltr'><strong>attritum</strong></span> <span class='ocrx_word' id='word_1_351' title='bbox 1433 4630 1533 4687; x_wconf 89' lang='lat' dir='ltr'><strong>est,</strong></span> <span class='ocrx_word' id='word_1_352' title='bbox 1567 4628 1623 4677; x_wconf 89' lang='lat' dir='ltr'><strong>et</strong></span> <span class='ocrx_word' id='word_1_353' title='bbox 1640 4619 1993 4679; x_wconf 87' lang='lat' dir='ltr'><strong>calciamenta</strong></span> <span class='ocrx_word' id='word_1_354' title='bbox 2036 4630 2092 4680; x_wconf 91' lang='lat' dir='ltr'><strong>et</strong></span> 
     </span>
    </p>
   </div>
   <div class='ocr_carea' id='block_1_49' title="bbox 585 4845 1445 4918">
    <p class='ocr_par' dir='ltr' id='par_1_49' title="bbox 585 4845 1445 4918">
     <span class='ocr_line' id='line_1_49' title="bbox 585 4845 1445 4918; baseline -0.001 -14"><span class='ocrx_word' id='word_1_355' title='bbox 585 4860 612 4889; x_wconf 75' lang='grc' dir='ltr'>α</span> <span class='ocrx_word' id='word_1_356' title='bbox 645 4847 869 4918; x_wconf 47' lang='grc' dir='ltr'>Εβάιιι.</span> <span class='ocrx_word' id='word_1_357' title='bbox 901 4845 1026 4902; x_wconf 74' lang='grc'>840.</span> <span class='ocrx_word' id='word_1_358' title='bbox 1057 4845 1162 4902; x_wconf 90' lang='lat' dir='ltr'><strong>Lit.</strong></span> <span class='ocrx_word' id='word_1_359' title='bbox 1196 4848 1352 4903; x_wconf 89' lang='lat' dir='ltr'><strong>Dom.</strong></span> <span class='ocrx_word' id='word_1_360' title='bbox 1378 4848 1445 4903; x_wconf 88' lang='lat' dir='ltr'><strong>A.</strong></span> 
     </span>
    </p>
   </div>
   <div class='ocr_carea' id='block_1_50' title="bbox 581 4916 1498 4988">
    <p class='ocr_par' dir='ltr' id='par_1_50' title="bbox 581 4916 1498 4988">
     <span class='ocr_line' id='line_1_50' title="bbox 581 4916 1498 4988; baseline 0 -15"><span class='ocrx_word' id='word_1_361' title='bbox 581 4918 610 4959; x_wconf 69' lang='grc' dir='ltr'><strong>ιι</strong></span> <span class='ocrx_word' id='word_1_362' title='bbox 649 4916 910 4973; x_wconf 77' lang='lat' dir='ltr'><strong>Rudolfus</strong></span> <span class='ocrx_word' id='word_1_363' title='bbox 937 4932 1078 4988; x_wconf 81' lang='lat' dir='ltr'><strong>com.</strong></span> <span class='ocrx_word' id='word_1_364' title='bbox 1106 4917 1498 4988; x_wconf 66' lang='lat' dir='ltr'><strong>Zurichgoviae.</strong></span> 
     </span>
    </p>
   </div>
   <div class='ocr_carea' id='block_1_51' title="bbox 581 4987 2089 5053">
    <p class='ocr_par' dir='ltr' id='par_1_51' title="bbox 581 4987 2089 5053">
     <span class='ocr_line' id='line_1_51' title="bbox 581 4987 2089 5053; baseline 0.001 -9"><span class='ocrx_word' id='word_1_365' title='bbox 581 5000 604 5027; x_wconf 74' lang='grc' dir='ltr'><strong>ο</strong></span> <span class='ocrx_word' id='word_1_366' title='bbox 639 4989 954 5045; x_wconf 80' lang='lat' dir='ltr'><strong>Hartmotus</strong></span> <span class='ocrx_word' id='word_1_367' title='bbox 1002 4987 1061 5043; x_wconf 89' lang='lat' dir='ltr'><strong>S.</strong></span> <span class='ocrx_word' id='word_1_368' title='bbox 1110 4987 1248 5043; x_wconf 82' lang='lat' dir='ltr'><strong>Galli</strong></span> <span class='ocrx_word' id='word_1_369' title='bbox 1284 4987 1548 5053; x_wconf 77' lang='lat' dir='ltr'><strong>dccanus,</strong></span> <span class='ocrx_word' id='word_1_370' title='bbox 1587 4996 1643 5043; x_wconf 91' lang='lat' dir='ltr'><strong>et</strong></span> <span class='ocrx_word' id='word_1_371' title='bbox 1690 4989 1905 5044; x_wconf 77' lang='lat' dir='ltr'><strong>abbatis</strong></span> <span class='ocrx_word' id='word_1_372' title='bbox 1943 5003 2089 5045; x_wconf 80' lang='lat' dir='ltr'><strong>v1ces</strong></span> 
     </span>
    </p>
   </div>
   <div class='ocr_carea' id='block_1_52' title="bbox 508 5056 2086 5132">
    <p class='ocr_par' dir='ltr' id='par_1_52' title="bbox 508 5056 2086 5132">
     <span class='ocr_line' id='line_1_52' title="bbox 508 5056 2086 5132; baseline 0.001 -18"><span class='ocrx_word' id='word_1_373' title='bbox 508 5074 893 5132; x_wconf 80' lang='lat' dir='ltr'><strong>gerens_usque</strong></span> <span class='ocrx_word' id='word_1_374' title='bbox 914 5059 982 5114; x_wconf 88' lang='lat' dir='ltr'><strong>ad</strong></span> <span class='ocrx_word' id='word_1_375' title='bbox 1009 5057 1077 5132; x_wconf 64' lang='grc' dir='ltr'><strong>ιζ»</strong></span> <span class='ocrx_word' id='word_1_376' title='bbox 1099 5056 1242 5132; x_wconf 80' lang='lat' dir='ltr'><strong>Ju_nii</strong></span> <span class='ocrx_word' id='word_1_377' title='bbox 1265 5059 1465 5132; x_wconf 61' lang='lat' dir='ltr'><strong>a._87‘§.</strong></span> <span class='ocrx_word' id='word_1_378' title='bbox 1513 5076 1533 5110; x_wconf 81' lang='grc' dir='ltr'><strong>ι</strong></span> <span class='ocrx_word' id='word_1_379' title='bbox 1560 5057 1868 5132; x_wconf 70' lang='lat' dir='ltr'><strong>Grimaldus</strong></span> <span class='ocrx_word' id='word_1_380' title='bbox 1895 5060 2086 5126; x_wconf 82' lang='lat' dir='ltr'><strong>abbas,</strong></span> 
     </span>
    </p>
   </div>
   <div class='ocr_carea' id='block_1_53' title="bbox 509 5126 2088 5200">
    <p class='ocr_par' dir='ltr' id='par_1_53' title="bbox 509 5126 2088 5200">
     <span class='ocr_line' id='line_1_53' title="bbox 509 5126 2088 5200; baseline -0.002 -14"><span class='ocrx_word' id='word_1_381' title='bbox 509 5126 683 5200; x_wconf 74' lang='lat' dir='ltr'><strong>inquit</strong></span> <span class='ocrx_word' id='word_1_382' title='bbox 708 5126 1000 5200; x_wconf 56' lang='lat' dir='ltr'><strong>Rat&#39;pertus</strong></span> <span class='ocrx_word' id='word_1_383' title='bbox 1027 5129 1101 5185; x_wconf 91' lang='lat' dir='ltr'><strong>De</strong></span> <span class='ocrx_word' id='word_1_384' title='bbox 1142 5127 1266 5182; x_wconf 87' lang='lat' dir='ltr'><strong>Cas.</strong></span> <span class='ocrx_word' id='word_1_385' title='bbox 1299 5126 1358 5184; x_wconf 90' lang='lat' dir='ltr'><strong>S.</strong></span> <span class='ocrx_word' id='word_1_386' title='bbox 1404 5127 1495 5192; x_wconf 90' lang='lat' dir='ltr'><strong>G.,</strong></span> <span class='ocrx_word' id='word_1_387' title='bbox 1523 5144 1571 5200; x_wconf 85' lang='lat' dir='ltr'><strong>c.</strong></span> <span class='ocrx_word' id='word_1_388' title='bbox 1604 5128 1657 5193; x_wconf 88' lang='lat'><strong>9,</strong></span> <span class='ocrx_word' id='word_1_389' title='bbox 1692 5129 1872 5183; x_wconf 87' lang='lat' dir='ltr'><strong>omnia</strong></span> <span class='ocrx_word' id='word_1_390' title='bbox 1902 5144 2088 5195; x_wconf 84' lang='lat' dir='ltr'><strong>mona-</strong></span> 
     </span>
    </p>
   </div>
   <div class='ocr_carea' id='block_1_54' title="bbox 508 5198 2080 5268">
    <p class='ocr_par' dir='ltr' id='par_1_54' title="bbox 508 5198 2080 5268">
     <span class='ocr_line' id='line_1_54' title="bbox 508 5198 2080 5268; baseline 0.001 -12"><span class='ocrx_word' id='word_1_391' title='bbox 508 5198 658 5256; x_wconf 79' lang='lat' dir='ltr'><strong>sterii</strong></span> <span class='ocrx_word' id='word_1_392' title='bbox 705 5198 916 5268; x_wconf 83' lang='lat' dir='ltr'><strong>negotia</strong></span> <span class='ocrx_word' id='word_1_393' title='bbox 948 5198 1232 5254; x_wconf 87' lang='lat' dir='ltr'><strong>Hartmoto</strong></span> <span class='ocrx_word' id='word_1_394' title='bbox 1258 5199 1680 5268; x_wconf 85' lang='lat' dir='ltr'><strong>commendans,</strong></span> <span class='ocrx_word' id='word_1_395' title='bbox 1711 5201 1825 5268; x_wconf 87' lang='lat' dir='ltr'><strong>ipse</strong></span> <span class='ocrx_word' id='word_1_396' title='bbox 1855 5215 2080 5258; x_wconf 87' lang='lat' dir='ltr'><strong>securus</strong></span> 
     </span>
    </p>
   </div>
   <div class='ocr_carea' id='block_1_55' title="bbox 507 5267 2077 5397">
    <p class='ocr_par' dir='ltr' id='par_1_55' title="bbox 507 5267 2077 5397">
     <span class='ocr_line' id='line_1_55' title="bbox 507 5267 2077 5342; baseline -0.004 -16"><span class='ocrx_word' id='word_1_397' title='bbox 507 5271 672 5342; x_wconf 78' lang='lat' dir='ltr'><strong>regali</strong></span> <span class='ocrx_word' id='word_1_398' title='bbox 703 5267 1166 5340; x_wconf 64' lang='lat' dir='ltr'><strong>selrequeutabat</strong></span> <span class='ocrx_word' id='word_1_399' title='bbox 1194 5267 1454 5326; x_wconf 75' lang='lat' dir='ltr'><strong>exhibere</strong></span> <span class='ocrx_word' id='word_1_400' title='bbox 1479 5267 1797 5338; x_wconf 57' lang='lat' dir='ltr'><strong>praesentire.</strong></span> <span class='ocrx_word' id='word_1_401' title='bbox 1828 5289 1845 5321; x_wconf 77' lang='grc' dir='ltr'><strong>ι</strong></span> <span class='ocrx_word' id='word_1_402' title='bbox 2072 5292 2077 5299; x_wconf 92' lang='grc'><strong><em>-</em></strong></span> 
     </span>
     <span class='ocr_line' id='line_1_56' title="bbox 574 5339 1554 5397; baseline -0.007 0"><span class='ocrx_word' id='word_1_403' title='bbox 574 5342 600 5380; x_wconf 74' lang='grc' dir='ltr'>ά</span> <span class='ocrx_word' id='word_1_404' title='bbox 640 5340 845 5397; x_wconf 85' lang='lat' dir='ltr'><strong>Uzweil</strong></span> <span class='ocrx_word' id='word_1_405' title='bbox 872 5342 925 5395; x_wconf 91' lang='lat' dir='ltr'><strong>in</strong></span> <span class='ocrx_word' id='word_1_406' title='bbox 960 5341 1142 5395; x_wconf 89' lang='lat' dir='ltr'><strong>comit.</strong></span> <span class='ocrx_word' id='word_1_407' title='bbox 1177 5339 1554 5397; x_wconf 68' lang='lat' dir='ltr'><strong>Tosaenbum.</strong></span> 
     </span>
    </p>
   </div>
   <div class='ocr_carea' id='block_1_56' title="bbox 691 5356 2081 5397">
    <p class='ocr_par' dir='ltr' id='par_1_56' title="bbox 691 5356 2081 5397">
     <span class='ocr_line' id='line_1_57' title="bbox 691 5356 2081 5397; baseline -0.009 0"><span class='ocrx_word' id='word_1_408' title='bbox 691 5356 845 5397; x_wconf 75' lang='lat' dir='ltr'><strong>ZWCII</strong></span> <span class='ocrx_word' id='word_1_409' title='bbox 872 5358 925 5395; x_wconf 88' lang='grc' dir='ltr'><strong>ιιι</strong></span> <span class='ocrx_word' id='word_1_410' title='bbox 960 5356 1142 5395; x_wconf 78' lang='grc' dir='ltr'>οοιιιιι.</span> <span class='ocrx_word' id='word_1_411' title='bbox 1178 5356 1554 5397; x_wconf 42' lang='grc' dir='ltr'><strong>νινοαιζθιιυιιιπα.</strong></span> <span class='ocrx_word' id='word_1_412' title='bbox 2076 5380 2081 5385; x_wconf 87' lang='grc'><strong>.</strong></span> 
     </span>
    </p>
   </div>
   <div class='ocr_carea' id='block_1_57' title="bbox 582 5354 2078 5482">
    <p class='ocr_par' dir='ltr' id='par_1_57' title="bbox 582 5354 2078 5482">
     <span class='ocr_line' id='line_1_58' title="bbox 582 5354 2078 5411; baseline -0.009 -13"><span class='ocrx_word' id='word_1_413' title='bbox 582 5354 600 5380; x_wconf 74' lang='grc' dir='ltr'>α</span> <span class='ocrx_word' id='word_1_414' title='bbox 644 5354 845 5397; x_wconf 86' lang='lat' dir='ltr'><strong>Uzweu</strong></span> <span class='ocrx_word' id='word_1_415' title='bbox 872 5358 925 5395; x_wconf 86' lang='grc' dir='ltr'><strong>ιιι</strong></span> <span class='ocrx_word' id='word_1_416' title='bbox 960 5354 1142 5395; x_wconf 82' lang='lat' dir='ltr'><strong>count.</strong></span> <span class='ocrx_word' id='word_1_417' title='bbox 1178 5354 1554 5411; x_wconf 75' lang='lat' dir='ltr'><strong>Ioggennurg.</strong></span> <span class='ocrx_word' id='word_1_418' title='bbox 2076 5381 2078 5384; x_wconf 25' lang='lat'><strong>.</strong></span> 
     </span>
     <span class='ocr_line' id='line_1_59' title="bbox 582 5409 2078 5482; baseline 0.001 -17"><span class='ocrx_word' id='word_1_419' title='bbox 582 5423 606 5450; x_wconf 81' lang='grc' dir='ltr'><strong><em>ο</em></strong></span> <span class='ocrx_word' id='word_1_420' title='bbox 646 5410 983 5482; x_wconf 85' lang='lat' dir='ltr'><strong>Hospitarius</strong></span> <span class='ocrx_word' id='word_1_421' title='bbox 1009 5410 1157 5482; x_wconf 86' lang='lat' dir='ltr'><strong>solus</strong></span> <span class='ocrx_word' id='word_1_422' title='bbox 1188 5410 1328 5482; x_wconf 83' lang='lat' dir='ltr'><strong>inter</strong></span> <span class='ocrx_word' id='word_1_423' title='bbox 1356 5410 1653 5482; x_wconf 83' lang='lat' dir='ltr'><strong>monachos</strong></span> <span class='ocrx_word' id='word_1_424' title='bbox 1680 5410 1739 5466; x_wconf 88' lang='lat' dir='ltr'><strong>S.</strong></span> <span class='ocrx_word' id='word_1_425' title='bbox 1762 5409 1899 5482; x_wconf 85' lang='lat' dir='ltr'><strong>Galli</strong></span> <span class='ocrx_word' id='word_1_426' title='bbox 1926 5411 2078 5466; x_wconf 85' lang='lat' dir='ltr'><strong>char-</strong></span> 
     </span>
    </p>
   </div>
   <div class='ocr_carea' id='block_1_58' title="bbox 507 5480 2074 5553">
    <p class='ocr_par' dir='ltr' id='par_1_58' title="bbox 507 5480 2074 5553">
     <span class='ocr_line' id='line_1_60' title="bbox 507 5480 2074 5553; baseline -0.001 -15"><span class='ocrx_word' id='word_1_427' title='bbox 507 5491 622 5538; x_wconf 90' lang='lat' dir='ltr'><strong>tam</strong></span> <span class='ocrx_word' id='word_1_428' title='bbox 649 5480 900 5553; x_wconf 82' lang='lat' dir='ltr'><strong>signavit,</strong></span> <span class='ocrx_word' id='word_1_429' title='bbox 928 5481 1093 5551; x_wconf 88' lang='lat' dir='ltr'><strong>quod</strong></span> <span class='ocrx_word' id='word_1_430' title='bbox 1120 5480 1364 5535; x_wconf 90' lang='lat' dir='ltr'><strong>redditus</strong></span> <span class='ocrx_word' id='word_1_431' title='bbox 1391 5480 1552 5552; x_wconf 85' lang='lat' dir='ltr'><strong>legati</strong></span> <span class='ocrx_word' id='word_1_432' title='bbox 1576 5480 1645 5536; x_wconf 88' lang='lat' dir='ltr'><strong>ad</strong></span> <span class='ocrx_word' id='word_1_433' title='bbox 1689 5481 1858 5552; x_wconf 90' lang='lat' dir='ltr'><strong>ipsius</strong></span> <span class='ocrx_word' id='word_1_434' title='bbox 1884 5496 2074 5537; x_wconf 87' lang='lat' dir='ltr'><strong>curam</strong></span> 
     </span>
    </p>
   </div>
   <div class='ocr_carea' id='block_1_59' title="bbox 506 5553 1561 5624">
    <p class='ocr_par' dir='ltr' id='par_1_59' title="bbox 506 5553 1561 5624">
     <span class='ocr_line' id='line_1_61' title="bbox 506 5553 1561 5624; baseline 0.008 -16"><span class='ocrx_word' id='word_1_435' title='bbox 506 5553 668 5624; x_wconf 81' lang='lat' dir='ltr'><strong>unice</strong></span> <span class='ocrx_word' id='word_1_436' title='bbox 693 5553 1029 5624; x_wconf 87' lang='lat' dir='ltr'><strong>spectabant.</strong></span> <span class='ocrx_word' id='word_1_437' title='bbox 1064 5562 1090 5624; x_wconf 87' lang='lat'><strong>_&#39;</strong></span> <span class='ocrx_word' id='word_1_438' title='bbox 1165 5620 1178 5624; x_wconf 97' lang='lat'>_</span> <span class='ocrx_word' id='word_1_439' title='bbox 1255 5619 1266 5624; x_wconf 91' lang='lat'><strong>_</strong></span> <span class='ocrx_word' id='word_1_440' title='bbox 1308 5620 1318 5624; x_wconf 93' lang='lat'><strong>_</strong></span> <span class='ocrx_word' id='word_1_441' title='bbox 1361 5619 1390 5624; x_wconf 72' lang='lat'>_</span> <span class='ocrx_word' id='word_1_442' title='bbox 1558 5560 1561 5565; x_wconf 75' lang='grc'><strong><em>“</em></strong></span> 
     </span>
    </p>
   </div>
   <div class='ocr_carea' id='block_1_60' title="bbox 582 5618 2081 5679">
    <p class='ocr_par' dir='ltr' id='par_1_60' title="bbox 582 5618 2081 5679">
     <span class='ocr_line' id='line_1_62' title="bbox 582 5618 2081 5679; baseline 0.002 -3"><span class='ocrx_word' id='word_1_443' title='bbox 582 5621 605 5661; x_wconf 68' lang='grc' dir='ltr'><strong>ί</strong></span> <span class='ocrx_word' id='word_1_444' title='bbox 645 5618 835 5678; x_wconf 72' lang='grc' dir='ltr'>Αιιίιυε</span> <span class='ocrx_word' id='word_1_445' title='bbox 861 5636 1037 5676; x_wconf 73' lang='lat' dir='ltr'><strong>xum</strong></span> <span class='ocrx_word' id='word_1_446' title='bbox 1064 5618 1323 5676; x_wconf 89' lang='lat' dir='ltr'><strong>Ludovici</strong></span> <span class='ocrx_word' id='word_1_447' title='bbox 1351 5619 1656 5677; x_wconf 87' lang='lat' dir='ltr'><strong>Germanici</strong></span> <span class='ocrx_word' id='word_1_448' title='bbox 1690 5623 1758 5679; x_wconf 90' lang='lat' dir='ltr'><strong>ab</strong></span> <span class='ocrx_word' id='word_1_449' title='bbox 1793 5636 1937 5677; x_wconf 90' lang='lat' dir='ltr'><strong>anno</strong></span> <span class='ocrx_word' id='word_1_450' title='bbox 1974 5621 2081 5679; x_wconf 69' lang='lat'><strong>840</strong></span> 
     </span>
    </p>
   </div>
   <div class='ocr_carea' id='block_1_61' title="bbox 545 5689 2077 5815">
    <p class='ocr_par' dir='ltr' id='par_1_61' title="bbox 545 5689 2077 5815">
     <span class='ocr_line' id='line_1_63' title="bbox 545 5689 2077 5815; baseline -0.001 -66"><span class='ocrx_word' id='word_1_451' title='bbox 545 5691 1105 5815; x_wconf 50' lang='lat' dir='ltr'><strong>{orgictusocurrebat</strong></span> <span class='ocrx_word' id='word_1_452' title='bbox 1158 5689 1333 5746; x_wconf 89' lang='lat' dir='ltr'><strong>adhuc</strong></span> <span class='ocrx_word' id='word_1_453' title='bbox 1376 5705 1563 5746; x_wconf 87' lang='lat' dir='ltr'><strong>mense</strong></span> <span class='ocrx_word' id='word_1_454' title='bbox 1622 5690 1761 5751; x_wconf 86' lang='lat' dir='ltr'><strong>Maio</strong></span> <span class='ocrx_word' id='word_1_455' title='bbox 1813 5708 1902 5749; x_wconf 89' lang='lat' dir='ltr'><strong>an.</strong></span> <span class='ocrx_word' id='word_1_456' title='bbox 1954 5692 2077 5761; x_wconf 76' lang='lat'><strong>875,</strong></span> 
     </span>
     <span class='ocr_line' id='line_1_64' title="bbox 576 5778 865 5815; baseline -0.003 0"><span class='ocrx_word' id='word_1_457' title='bbox 576 5803 589 5815; x_wconf 90' lang='lat'><strong>.</strong></span> <span class='ocrx_word' id='word_1_458' title='bbox 665 5778 774 5815; x_wconf 91' lang='lat' dir='ltr'><strong>om.</strong></span> <span class='ocrx_word' id='word_1_459' title='bbox 852 5801 865 5814; x_wconf 90' lang='lat'><strong>.</strong></span> 
     </span>
    </p>
   </div>
   <div class='ocr_carea' id='block_1_62' title="bbox 532 5763 865 5816">
    <p class='ocr_par' dir='ltr' id='par_1_62' title="bbox 532 5763 865 5816">
     <span class='ocr_line' id='line_1_65' title="bbox 532 5763 865 5816; baseline -0.003 -1"><span class='ocrx_word' id='word_1_460' title='bbox 532 5763 589 5815; x_wconf 82' lang='lat' dir='ltr'><strong>il.</strong></span> <span class='ocrx_word' id='word_1_461' title='bbox 622 5763 774 5816; x_wconf 86' lang='lat' dir='ltr'><strong>Dom.</strong></span> <span class='ocrx_word' id='word_1_462' title='bbox 803 5763 865 5815; x_wconf 84' lang='grc' dir='ltr'><strong>Ι).</strong></span> 
     </span>
    </p>
   </div>
   <div class='ocr_carea' id='block_1_63' title="bbox 587 5778 1654 5904">
    <p class='ocr_par' dir='ltr' id='par_1_63' title="bbox 587 5778 1654 5904">
     <span class='ocr_line' id='line_1_66' title="bbox 587 5778 1654 5904; baseline 0.007 -20"><span class='ocrx_word' id='word_1_463' title='bbox 587 5778 943 5888; x_wconf 55' lang='grc' dir='ltr'><strong>έυὲξὲίιίιέίίεη</strong></span> <span class='ocrx_word' id='word_1_464' title='bbox 969 5830 1092 5887; x_wconf 86' lang='lat' dir='ltr'><strong>villa</strong></span> <span class='ocrx_word' id='word_1_465' title='bbox 1118 5834 1174 5893; x_wconf 87' lang='lat' dir='ltr'><strong>in</strong></span> <span class='ocrx_word' id='word_1_466' title='bbox 1203 5831 1384 5889; x_wconf 83' lang='lat' dir='ltr'><strong>comit.</strong></span> <span class='ocrx_word' id='word_1_467' title='bbox 1418 5829 1654 5904; x_wconf 76' lang='lat' dir='ltr'><strong>Kyburg.</strong></span> 
     </span>
    </p>
   </div>
   <div class='ocr_carea' id='block_1_64' title="bbox 2194 581 3775 653">
    <p class='ocr_par' dir='ltr' id='par_1_64' title="bbox 2194 581 3775 653">
     <span class='ocr_line' id='line_1_67' title="bbox 2194 581 3775 653; baseline 0.001 -15"><span class='ocrx_word' id='word_1_468' title='bbox 2194 582 2383 638; x_wconf 90' lang='lat' dir='ltr'><strong>sterio.</strong></span> <span class='ocrx_word' id='word_1_469' title='bbox 2438 582 2506 637; x_wconf 87' lang='lat' dir='ltr'><strong>Et</strong></span> <span class='ocrx_word' id='word_1_470' title='bbox 2550 583 2654 638; x_wconf 89' lang='lat' dir='ltr'><strong>hoc</strong></span> <span class='ocrx_word' id='word_1_471' title='bbox 2696 582 2838 648; x_wconf 90' lang='lat' dir='ltr'><strong>volo,</strong></span> <span class='ocrx_word' id='word_1_472' title='bbox 2887 591 2947 637; x_wconf 90' lang='lat' dir='ltr'><strong>ut</strong></span> <span class='ocrx_word' id='word_1_473' title='bbox 2992 581 3111 652; x_wconf 90' lang='lat' dir='ltr'><strong>ipsa</strong></span> <span class='ocrx_word' id='word_1_474' title='bbox 3156 582 3593 653; x_wconf 83' lang='lat' dir='ltr'><strong>possessiuncula</strong></span> <span class='ocrx_word' id='word_1_475' title='bbox 3635 583 3775 639; x_wconf 91' lang='lat' dir='ltr'><strong>nulli</strong></span> 
     </span>
    </p>
   </div>
   <div class='ocr_carea' id='block_1_65' title="bbox 2193 672 3780 745">
    <p class='ocr_par' dir='ltr' id='par_1_65' title="bbox 2193 672 3780 745">
     <span class='ocr_line' id='line_1_68' title="bbox 2193 672 3780 745; baseline 0.001 -15"><span class='ocrx_word' id='word_1_476' title='bbox 2193 689 2428 745; x_wconf 89' lang='lat' dir='ltr'><strong>unquam</strong></span> <span class='ocrx_word' id='word_1_477' title='bbox 2471 674 2525 729; x_wconf 90' lang='lat' dir='ltr'><strong>in</strong></span> <span class='ocrx_word' id='word_1_478' title='bbox 2571 674 2889 730; x_wconf 89' lang='lat' dir='ltr'><strong>beneﬁcium</strong></span> <span class='ocrx_word' id='word_1_479' title='bbox 2935 681 3242 744; x_wconf 62' lang='lat' dir='ltr'><strong>praestetur.</strong></span> <span class='ocrx_word' id='word_1_480' title='bbox 3293 672 3450 741; x_wconf 85' lang='lat' dir='ltr'><strong>Quod</strong></span> <span class='ocrx_word' id='word_1_481' title='bbox 3490 674 3537 730; x_wconf 87' lang='lat' dir='ltr'><strong>si</strong></span> <span class='ocrx_word' id='word_1_482' title='bbox 3568 672 3780 731; x_wconf 79' lang='lat' dir='ltr'><strong>factum</strong></span> 
     </span>
    </p>
   </div>
   <div class='ocr_carea' id='block_1_66' title="bbox 2194 763 3783 837">
    <p class='ocr_par' dir='ltr' id='par_1_66' title="bbox 2194 763 3783 837">
     <span class='ocr_line' id='line_1_69' title="bbox 2194 763 3783 837; baseline 0 -17"><span class='ocrx_word' id='word_1_483' title='bbox 2194 765 2381 830; x_wconf 77' lang='lat' dir='ltr'><strong>fuerit,</strong></span> <span class='ocrx_word' id='word_1_484' title='bbox 2408 772 2469 820; x_wconf 92' lang='lat' dir='ltr'><strong>ut</strong></span> <span class='ocrx_word' id='word_1_485' title='bbox 2498 764 2587 819; x_wconf 91' lang='lat' dir='ltr'><strong>ille</strong></span> <span class='ocrx_word' id='word_1_486' title='bbox 2633 776 2765 837; x_wconf 81' lang='lat' dir='ltr'><strong>ager</strong></span> <span class='ocrx_word' id='word_1_487' title='bbox 2807 764 2877 820; x_wconf 86' lang='lat' dir='ltr'><strong>ab</strong></span> <span class='ocrx_word' id='word_1_488' title='bbox 2905 763 3158 835; x_wconf 88' lang='lat' dir='ltr'><strong>hospitali</strong></span> <span class='ocrx_word' id='word_1_489' title='bbox 3186 763 3437 830; x_wconf 85' lang='lat' dir='ltr'><strong>tollatur,</strong></span> <span class='ocrx_word' id='word_1_490' title='bbox 3484 772 3544 821; x_wconf 88' lang='lat' dir='ltr'><strong>et</strong></span> <span class='ocrx_word' id='word_1_491' title='bbox 3573 778 3676 836; x_wconf 80' lang='lat' dir='ltr'><strong>ego</strong></span> <span class='ocrx_word' id='word_1_492' title='bbox 3701 765 3783 821; x_wconf 87' lang='lat' dir='ltr'><strong>ibi</strong></span> 
     </span>
    </p>
   </div>
   <div class='ocr_carea' id='block_1_67' title="bbox 2198 854 3787 926">
    <p class='ocr_par' dir='ltr' id='par_1_67' title="bbox 2198 854 3787 926">
     <span class='ocr_line' id='line_1_70' title="bbox 2198 854 3787 926; baseline 0 -14"><span class='ocrx_word' id='word_1_493' title='bbox 2198 854 2453 912; x_wconf 89' lang='lat' dir='ltr'><strong>victualia</strong></span> <span class='ocrx_word' id='word_1_494' title='bbox 2481 871 2587 910; x_wconf 90' lang='lat' dir='ltr'><strong>non</strong></span> <span class='ocrx_word' id='word_1_495' title='bbox 2618 855 2868 920; x_wconf 87' lang='lat' dir='ltr'><strong>habeam,</strong></span> <span class='ocrx_word' id='word_1_496' title='bbox 2898 865 3027 911; x_wconf 89' lang='lat' dir='ltr'><strong>tunc</strong></span> <span class='ocrx_word' id='word_1_497' title='bbox 3051 870 3173 911; x_wconf 89' lang='lat' dir='ltr'><strong>mea</strong></span> <span class='ocrx_word' id='word_1_498' title='bbox 3206 854 3340 910; x_wconf 88' lang='lat' dir='ltr'><strong>mihi</strong></span> <span class='ocrx_word' id='word_1_499' title='bbox 3367 855 3572 926; x_wconf 86' lang='lat' dir='ltr'><strong>absque</strong></span> <span class='ocrx_word' id='word_1_500' title='bbox 3621 854 3787 912; x_wconf 89' lang='lat' dir='ltr'><strong>ullius</strong></span> 
     </span>
    </p>
   </div>
   <div class='ocr_carea' id='block_1_68' title="bbox 2195 948 3789 1020">
    <p class='ocr_par' dir='ltr' id='par_1_68' title="bbox 2195 948 3789 1020">
     <span class='ocr_line' id='line_1_71' title="bbox 2195 948 3789 1020; baseline -0.002 -14"><span class='ocrx_word' id='word_1_501' title='bbox 2195 948 2627 1006; x_wconf 85' lang='lat' dir='ltr'><strong>contradictione</strong></span> <span class='ocrx_word' id='word_1_502' title='bbox 2666 948 2958 1004; x_wconf 89' lang='lat' dir='ltr'><strong>vindicem.</strong></span> <span class='ocrx_word' id='word_1_503' title='bbox 3015 948 3212 1016; x_wconf 84' lang='lat' dir='ltr'><strong>Actum</strong></span> <span class='ocrx_word' id='word_1_504' title='bbox 3258 949 3316 1003; x_wconf 88' lang='lat' dir='ltr'><strong>in</strong></span> <span class='ocrx_word' id='word_1_505' title='bbox 3357 948 3475 1020; x_wconf 92' lang='lat' dir='ltr'><strong>ipso</strong></span> <span class='ocrx_word' id='word_1_506' title='bbox 3502 956 3789 1003; x_wconf 79' lang='lat' dir='ltr'><strong>monaste-</strong></span> 
     </span>
    </p>
   </div>
   <div class='ocr_carea' id='block_1_69' title="bbox 2196 1040 3784 1115">
    <p class='ocr_par' dir='ltr' id='par_1_69' title="bbox 2196 1040 3784 1115">
     <span class='ocr_line' id='line_1_72' title="bbox 2196 1040 3784 1115; baseline -0.003 -18"><span class='ocrx_word' id='word_1_507' title='bbox 2196 1043 2298 1107; x_wconf 89' lang='lat' dir='ltr'><strong>rio,</strong></span> <span class='ocrx_word' id='word_1_508' title='bbox 2323 1042 2678 1113; x_wconf 53' lang='lat' dir='ltr'><strong>praesentibus</strong></span> <span class='ocrx_word' id='word_1_509' title='bbox 2708 1057 2938 1113; x_wconf 89' lang='lat' dir='ltr'><strong>quorum</strong></span> <span class='ocrx_word' id='word_1_510' title='bbox 2964 1041 3054 1097; x_wconf 88' lang='lat' dir='ltr'><strong>hic</strong></span> <span class='ocrx_word' id='word_1_511' title='bbox 3076 1042 3228 1115; x_wconf 87' lang='lat' dir='ltr'><strong>signa</strong></span> <span class='ocrx_word' id='word_1_512' title='bbox 3265 1042 3635 1097; x_wconf 88' lang='lat' dir='ltr'><strong>continentur.</strong></span> <span class='ocrx_word' id='word_1_513' title='bbox 3663 1040 3784 1113; x_wconf 87' lang='lat' dir='ltr'><strong>Sig.</strong></span> 
     </span>
    </p>
   </div>
   <div class='ocr_carea' id='block_1_70' title="bbox 2196 1134 3782 1206">
    <p class='ocr_par' dir='ltr' id='par_1_70' title="bbox 2196 1134 3782 1206">
     <span class='ocr_line' id='line_1_73' title="bbox 2196 1134 3782 1206; baseline -0.001 -16"><span class='ocrx_word' id='word_1_514' title='bbox 2196 1134 2562 1206; x_wconf 89' lang='lat' dir='ltr'><strong>Eugelrammi</strong></span> <span class='ocrx_word' id='word_1_515' title='bbox 2593 1135 2877 1206; x_wconf 89' lang='lat' dir='ltr'><strong>hospitarii</strong></span> <span class='ocrx_word' id='word_1_516' title='bbox 2912 1146 2958 1189; x_wconf 78' lang='grc' dir='ltr'>ο.</span> <span class='ocrx_word' id='word_1_517' title='bbox 3019 1134 3131 1205; x_wconf 91' lang='lat' dir='ltr'><strong>Sig.</strong></span> <span class='ocrx_word' id='word_1_518' title='bbox 3164 1134 3389 1191; x_wconf 86' lang='lat' dir='ltr'><strong>Heitarii</strong></span> <span class='ocrx_word' id='word_1_519' title='bbox 3418 1135 3782 1199; x_wconf 86' lang='lat' dir='ltr'><strong>centurionis,</strong></span> 
     </span>
    </p>
   </div>
   <div class='ocr_carea' id='block_1_71' title="bbox 2195 1224 3792 1299">
    <p class='ocr_par' dir='ltr' id='par_1_71' title="bbox 2195 1224 3792 1299">
     <span class='ocr_line' id='line_1_74' title="bbox 2195 1224 3792 1299; baseline -0.003 -16"><span class='ocrx_word' id='word_1_520' title='bbox 2195 1238 2251 1283; x_wconf 89' lang='lat' dir='ltr'><strong>et</strong></span> <span class='ocrx_word' id='word_1_521' title='bbox 2278 1227 2507 1283; x_wconf 88' lang='lat' dir='ltr'><strong>aliorum</strong></span> <span class='ocrx_word' id='word_1_522' title='bbox 2538 1228 2753 1283; x_wconf 89' lang='lat' dir='ltr'><strong>testium</strong></span> <span class='ocrx_word' id='word_1_523' title='bbox 2782 1245 2796 1282; x_wconf 90' lang='lat'><strong>:</strong></span> <span class='ocrx_word' id='word_1_524' title='bbox 2821 1228 2862 1299; x_wconf 92' lang='lat'><strong>1-</strong></span> <span class='ocrx_word' id='word_1_525' title='bbox 2882 1226 3217 1298; x_wconf 46' lang='lat' dir='ltr'><strong>Wilhere,‘1-</strong></span> <span class='ocrx_word' id='word_1_526' title='bbox 3240 1224 3538 1297; x_wconf 85' lang='lat' dir='ltr'><strong>Waldpert,</strong></span> <span class='ocrx_word' id='word_1_527' title='bbox 3563 1225 3607 1297; x_wconf 84' lang='lat'><strong>1-</strong></span> <span class='ocrx_word' id='word_1_528' title='bbox 3626 1226 3792 1280; x_wconf 81' lang='lat' dir='ltr'><strong>Hart-</strong></span> 
     </span>
    </p>
   </div>
   <div class='ocr_carea' id='block_1_72' title="bbox 2198 1317 3792 1391">
    <p class='ocr_par' dir='ltr' id='par_1_72' title="bbox 2198 1317 3792 1391">
     <span class='ocr_line' id='line_1_75' title="bbox 2198 1317 3792 1391; baseline -0.002 -16"><span class='ocrx_word' id='word_1_529' title='bbox 2198 1337 2341 1385; x_wconf 87' lang='lat' dir='ltr'><strong>man,</strong></span> <span class='ocrx_word' id='word_1_530' title='bbox 2367 1320 2714 1391; x_wconf 81' lang='lat' dir='ltr'><strong>1-Richpert,</strong></span> <span class='ocrx_word' id='word_1_531' title='bbox 2768 1324 2811 1391; x_wconf 88' lang='lat'><strong>1-</strong></span> <span class='ocrx_word' id='word_1_532' title='bbox 2856 1320 3186 1390; x_wconf 79' lang='lat' dir='ltr'><strong>Tltancpert,</strong></span> <span class='ocrx_word' id='word_1_533' title='bbox 3232 1319 3274 1389; x_wconf 92' lang='lat'><strong>1-</strong></span> <span class='ocrx_word' id='word_1_534' title='bbox 3319 1317 3625 1388; x_wconf 83' lang='lat' dir='ltr'><strong>Ruodpert.</strong></span> <span class='ocrx_word' id='word_1_535' title='bbox 3671 1317 3792 1389; x_wconf 84' lang='lat' dir='ltr'><strong>Ego</strong></span> 
     </span>
    </p>
   </div>
   <div class='ocr_carea' id='block_1_73' title="bbox 2197 1408 3793 1481">
    <p class='ocr_par' dir='ltr' id='par_1_73' title="bbox 2197 1408 3793 1481">
     <span class='ocr_line' id='line_1_76' title="bbox 2197 1408 3793 1481; baseline -0.003 -14"><span class='ocrx_word' id='word_1_536' title='bbox 2197 1413 2379 1481; x_wconf 88' lang='lat' dir='ltr'><strong>itaque</strong></span> <span class='ocrx_word' id='word_1_537' title='bbox 2408 1410 2612 1467; x_wconf 82' lang='lat' dir='ltr'><strong>Notker</strong></span> <span class='ocrx_word' id='word_1_538' title='bbox 2640 1411 2709 1466; x_wconf 91' lang='lat' dir='ltr'><strong>ad</strong></span> <span class='ocrx_word' id='word_1_539' title='bbox 2736 1411 2912 1467; x_wconf 88' lang='lat' dir='ltr'><strong>vicem</strong></span> <span class='ocrx_word' id='word_1_540' title='bbox 2940 1409 3272 1467; x_wconf 85' lang='lat' dir='ltr'><strong>Winidharii</strong></span> <span class='ocrx_word' id='word_1_541' title='bbox 3301 1408 3554 1464; x_wconf 88' lang='lat' dir='ltr'><strong>monachi</strong></span> <span class='ocrx_word' id='word_1_542' title='bbox 3589 1408 3793 1477; x_wconf 81' lang='lat' dir='ltr'><strong>scripsi</strong></span> 
     </span>
    </p>
   </div>
   <div class='ocr_carea' id='block_1_74' title="bbox 2195 1494 3788 1572">
    <p class='ocr_par' dir='ltr' id='par_1_74' title="bbox 2195 1494 3788 1572">
     <span class='ocr_line' id='line_1_77' title="bbox 2195 1494 3788 1572; baseline -0.005 -14"><span class='ocrx_word' id='word_1_543' title='bbox 2195 1511 2253 1558; x_wconf 90' lang='lat' dir='ltr'><strong>et</strong></span> <span class='ocrx_word' id='word_1_544' title='bbox 2299 1500 2621 1572; x_wconf 84' lang='lat' dir='ltr'><strong>subscripsi.</strong></span> <span class='ocrx_word' id='word_1_545' title='bbox 2690 1498 2884 1556; x_wconf 80' lang='lat' dir='ltr'><strong>Notavi</strong></span> <span class='ocrx_word' id='word_1_546' title='bbox 2932 1500 3074 1555; x_wconf 90' lang='lat' dir='ltr'><strong>diem</strong></span> <span class='ocrx_word' id='word_1_547' title='bbox 3128 1498 3469 1554; x_wconf 89' lang='lat' dir='ltr'><strong>Dominicum</strong></span> <span class='ocrx_word' id='word_1_548' title='bbox 3524 1512 3615 1551; x_wconf 76' lang='lat' dir='ltr'><strong>svi</strong></span> <span class='ocrx_word' id='word_1_549' title='bbox 3660 1494 3788 1551; x_wconf 77' lang='lat' dir='ltr'><strong>Kal.</strong></span> 
     </span>
    </p>
   </div>
   <div class='ocr_carea' id='block_1_75' title="bbox 2200 1587 3819 1663">
    <p class='ocr_par' dir='ltr' id='par_1_75' title="bbox 2200 1587 3819 1663">
     <span class='ocr_line' id='line_1_78' title="bbox 2200 1587 3819 1663; baseline -0.003 -14"><span class='ocrx_word' id='word_1_550' title='bbox 2200 1591 2358 1659; x_wconf 85' lang='lat' dir='ltr'><strong>Juu.,</strong></span> <span class='ocrx_word' id='word_1_551' title='bbox 2387 1607 2586 1648; x_wconf 88' lang='lat' dir='ltr'><strong>annum</strong></span> <span class='ocrx_word' id='word_1_552' title='bbox 2620 1606 2792 1647; x_wconf 78' lang='lat' dir='ltr'><strong>xum</strong></span> <span class='ocrx_word' id='word_1_553' title='bbox 2828 1589 2846 1630; x_wconf 77' lang='grc' dir='ltr'>ί</span> <span class='ocrx_word' id='word_1_554' title='bbox 2879 1590 3030 1663; x_wconf 82' lang='lat' dir='ltr'><strong>regni</strong></span> <span class='ocrx_word' id='word_1_555' title='bbox 3079 1588 3339 1646; x_wconf 86' lang='lat' dir='ltr'><strong>Ludovici</strong></span> <span class='ocrx_word' id='word_1_556' title='bbox 3383 1587 3652 1659; x_wconf 89' lang='lat' dir='ltr'><strong>junioris,</strong></span> <span class='ocrx_word' id='word_1_557' title='bbox 3686 1589 3819 1663; x_wconf 78' lang='lat' dir='ltr'><strong>sub</strong></span> 
     </span>
    </p>
   </div>
   <div class='ocr_carea' id='block_1_76' title="bbox 2195 1682 3137 1755">
    <p class='ocr_par' dir='ltr' id='par_1_76' title="bbox 2195 1682 3137 1755">
     <span class='ocr_line' id='line_1_79' title="bbox 2195 1682 3137 1755; baseline -0.006 -12"><span class='ocrx_word' id='word_1_558' title='bbox 2195 1684 2489 1743; x_wconf 83' lang='lat' dir='ltr'><strong>Adalberto</strong></span> <span class='ocrx_word' id='word_1_559' title='bbox 2515 1684 2716 1741; x_wconf 90' lang='lat' dir='ltr'><strong>comite</strong></span> <span class='ocrx_word' id='word_1_560' title='bbox 2744 1682 3137 1755; x_wconf 87' lang='lat' dir='ltr'><strong>Durgaugensi.</strong></span> 
     </span>
    </p>
   </div>
   <div class='ocr_carea' id='block_1_77' title="bbox 2634 1878 3300 1923">
    <p class='ocr_par' dir='ltr' id='par_1_77' title="bbox 2634 1878 3300 1923">
     <span class='ocr_line' id='line_1_80' title="bbox 2634 1878 3300 1923; baseline -0.008 0"><span class='ocrx_word' id='word_1_561' title='bbox 2634 1880 2973 1923; x_wconf 71' lang='lat' dir='ltr'><strong>CONCAIBIUI</strong></span> <span class='ocrx_word' id='word_1_562' title='bbox 3010 1878 3277 1921; x_wconf 71' lang='lat' dir='ltr'><strong>IUGPER‘I&#39;I</strong></span> <span class='ocrx_word' id='word_1_563' title='bbox 3286 1903 3300 1917; x_wconf 84' lang='lat'><strong>.</strong></span> 
     </span>
    </p>
   </div>
   <div class='ocr_carea' id='block_1_78' title="bbox 2234 1958 3170 2031">
    <p class='ocr_par' dir='ltr' id='par_1_78' title="bbox 2234 1958 3170 2031">
     <span class='ocr_line' id='line_1_81' title="bbox 2234 1958 3170 2031; baseline -0.004 -14"><span class='ocrx_word' id='word_1_564' title='bbox 2234 2011 2245 2017; x_wconf 86' lang='lat'><strong>.</strong></span> <span class='ocrx_word' id='word_1_565' title='bbox 2804 1958 2979 2031; x_wconf 83' lang='lat' dir='ltr'><strong>(Anno</strong></span> <span class='ocrx_word' id='word_1_566' title='bbox 3018 1958 3170 2030; x_wconf 76' lang='lat'><strong>882.)</strong></span> 
     </span>
    </p>
   </div>
   <div class='ocr_carea' id='block_1_79' title="bbox 2234 2048 3794 2127">
    <p class='ocr_par' dir='ltr' id='par_1_79' title="bbox 2234 2048 3794 2127">
     <span class='ocr_line' id='line_1_82' title="bbox 2234 2048 3794 2127; baseline -0.006 -16"><span class='ocrx_word' id='word_1_567' title='bbox 2234 2092 2241 2117; x_wconf 66' lang='grc' dir='ltr'><em>ς</em></span> <span class='ocrx_word' id='word_1_568' title='bbox 2266 2054 2379 2127; x_wconf 83' lang='lat' dir='ltr'><strong>Ego</strong></span> <span class='ocrx_word' id='word_1_569' title='bbox 2406 2052 2688 2124; x_wconf 84' lang='lat' dir='ltr'><strong>llugpreht</strong></span> <span class='ocrx_word' id='word_1_570' title='bbox 2719 2049 3007 2123; x_wconf 90' lang='lat' dir='ltr'><strong>providens</strong></span> <span class='ocrx_word' id='word_1_571' title='bbox 3045 2048 3353 2119; x_wconf 86' lang='lat' dir='ltr'><strong>paupertati</strong></span> <span class='ocrx_word' id='word_1_572' title='bbox 3386 2056 3443 2104; x_wconf 88' lang='lat' dir='ltr'><strong>et</strong></span> <span class='ocrx_word' id='word_1_573' title='bbox 3472 2048 3794 2120; x_wconf 83' lang='lat' dir='ltr'><strong>opportuni-</strong></span> 
     </span>
    </p>
   </div>
   <div class='ocr_carea' id='block_1_80' title="bbox 2196 2140 3796 2210">
    <p class='ocr_par' dir='ltr' id='par_1_80' title="bbox 2196 2140 3796 2210">
     <span class='ocr_line' id='line_1_83' title="bbox 2196 2140 3796 2210; baseline -0.003 -10"><span class='ocrx_word' id='word_1_574' title='bbox 2196 2144 2295 2200; x_wconf 85' lang='lat' dir='ltr'><strong>tati</strong></span> <span class='ocrx_word' id='word_1_575' title='bbox 2326 2140 2478 2210; x_wconf 70' lang='lat' dir='ltr'><strong>m’em,</strong></span> <span class='ocrx_word' id='word_1_576' title='bbox 2510 2143 2662 2198; x_wconf 90' lang='lat' dir='ltr'><strong>trado</strong></span> <span class='ocrx_word' id='word_1_577' title='bbox 2690 2142 2757 2197; x_wconf 92' lang='lat' dir='ltr'><strong>ad</strong></span> <span class='ocrx_word' id='word_1_578' title='bbox 2799 2140 3190 2197; x_wconf 87' lang='lat' dir='ltr'><strong>monasterium</strong></span> <span class='ocrx_word' id='word_1_579' title='bbox 3227 2140 3398 2196; x_wconf 87' lang='lat' dir='ltr'><strong>sancti</strong></span> <span class='ocrx_word' id='word_1_580' title='bbox 3430 2140 3569 2196; x_wconf 88' lang='lat' dir='ltr'><strong>Galli</strong></span> <span class='ocrx_word' id='word_1_581' title='bbox 3598 2141 3654 2195; x_wconf 91' lang='lat' dir='ltr'><strong>in</strong></span> <span class='ocrx_word' id='word_1_582' title='bbox 3688 2140 3796 2195; x_wconf 85' lang='lat' dir='ltr'><strong>Zu-</strong></span> 
     </span>
    </p>
   </div>
   <div class='ocr_carea' id='block_1_81' title="bbox 2196 2232 3796 2313">
    <p class='ocr_par' dir='ltr' id='par_1_81' title="bbox 2196 2232 3796 2313">
     <span class='ocr_line' id='line_1_84' title="bbox 2196 2232 3796 2313; baseline -0.004 -17"><span class='ocrx_word' id='word_1_583' title='bbox 2196 2240 2494 2313; x_wconf 82' lang='lat' dir='ltr'><strong>rlcghowe,</strong></span> <span class='ocrx_word' id='word_1_584' title='bbox 2519 2238 2573 2292; x_wconf 95' lang='lat' dir='ltr'><strong>in</strong></span> <span class='ocrx_word' id='word_1_585' title='bbox 2608 2236 2726 2292; x_wconf 92' lang='lat' dir='ltr'><strong>loco</strong></span> <span class='ocrx_word' id='word_1_586' title='bbox 2754 2236 2845 2306; x_wconf 89' lang='lat' dir='ltr'><strong>qui</strong></span> <span class='ocrx_word' id='word_1_587' title='bbox 2877 2234 3084 2291; x_wconf 87' lang='lat' dir='ltr'><strong>dicitur</strong></span> <span class='ocrx_word' id='word_1_588' title='bbox 3109 2232 3479 2306; x_wconf 82' lang='lat' dir='ltr'><strong>Eskinghovva</strong></span> <span class='ocrx_word' id='word_1_589' title='bbox 3508 2235 3537 2275; x_wconf 77' lang='grc' dir='ltr'><strong>ε</strong></span> <span class='ocrx_word' id='word_1_590' title='bbox 3564 2235 3633 2289; x_wconf 91' lang='lat' dir='ltr'><strong>ad</strong></span> <span class='ocrx_word' id='word_1_591' title='bbox 3664 2248 3796 2289; x_wconf 86' lang='lat' dir='ltr'><strong>cur-</strong></span> 
     </span>
    </p>
   </div>
   <div class='ocr_carea' id='block_1_82' title="bbox 2196 2326 3796 2400">
    <p class='ocr_par' dir='ltr' id='par_1_82' title="bbox 2196 2326 3796 2400">
     <span class='ocr_line' id='line_1_85' title="bbox 2196 2326 3796 2400; baseline -0.004 -12"><span class='ocrx_word' id='word_1_592' title='bbox 2196 2341 2304 2388; x_wconf 91' lang='lat' dir='ltr'><strong>tem</strong></span> <span class='ocrx_word' id='word_1_593' title='bbox 2342 2331 2627 2387; x_wconf 80' lang='lat' dir='ltr'><strong>Lintbowa</strong></span> <span class='ocrx_word' id='word_1_594' title='bbox 2657 2330 2687 2370; x_wconf 76' lang='grc' dir='ltr'><strong>ιι</strong></span> <span class='ocrx_word' id='word_1_595' title='bbox 2713 2329 3040 2400; x_wconf 88' lang='lat' dir='ltr'><strong>pertinente,</strong></span> <span class='ocrx_word' id='word_1_596' title='bbox 3079 2344 3135 2384; x_wconf 78' lang='lat' dir='ltr'><strong>ix</strong></span> <span class='ocrx_word' id='word_1_597' title='bbox 3167 2328 3362 2400; x_wconf 85' lang='lat' dir='ltr'><strong>juchos</strong></span> <span class='ocrx_word' id='word_1_598' title='bbox 3396 2326 3465 2382; x_wconf 84' lang='lat' dir='ltr'><strong>de</strong></span> <span class='ocrx_word' id='word_1_599' title='bbox 3497 2336 3651 2383; x_wconf 87' lang='lat' dir='ltr'><strong>terra</strong></span> <span class='ocrx_word' id='word_1_600' title='bbox 3682 2336 3796 2384; x_wconf 82' lang='lat' dir='ltr'><strong>sta-</strong></span> 
     </span>
    </p>
   </div>
   <div class='ocr_carea' id='block_1_83' title="bbox 2196 2422 3797 2498">
    <p class='ocr_par' dir='ltr' id='par_1_83' title="bbox 2196 2422 3797 2498">
     <span class='ocr_line' id='line_1_86' title="bbox 2196 2422 3797 2498; baseline -0.003 -15"><span class='ocrx_word' id='word_1_601' title='bbox 2196 2429 2291 2483; x_wconf 86' lang='lat' dir='ltr'><strong>tim</strong></span> <span class='ocrx_word' id='word_1_602' title='bbox 2342 2428 2396 2482; x_wconf 92' lang='lat' dir='ltr'><strong>in</strong></span> <span class='ocrx_word' id='word_1_603' title='bbox 2438 2427 2528 2498; x_wconf 90' lang='lat' dir='ltr'><strong>jus</strong></span> <span class='ocrx_word' id='word_1_604' title='bbox 2577 2424 3269 2495; x_wconf 84' lang='lat' dir='ltr'><strong>monasterii&#39;redigendos</strong></span> <span class='ocrx_word' id='word_1_605' title='bbox 3300 2441 3314 2477; x_wconf 90' lang='lat'><strong>:</strong></span> <span class='ocrx_word' id='word_1_606' title='bbox 3342 2430 3399 2479; x_wconf 92' lang='lat' dir='ltr'><strong>et</strong></span> <span class='ocrx_word' id='word_1_607' title='bbox 3427 2422 3615 2493; x_wconf 88' lang='lat' dir='ltr'><strong>accepi</strong></span> <span class='ocrx_word' id='word_1_608' title='bbox 3670 2423 3797 2478; x_wconf 82' lang='lat' dir='ltr'><strong>inde</strong></span> 
     </span>
    </p>
   </div>
   <div class='ocr_carea' id='block_1_84' title="bbox 2197 2515 3790 2590">
    <p class='ocr_par' dir='ltr' id='par_1_84' title="bbox 2197 2515 3790 2590">
     <span class='ocr_line' id='line_1_87' title="bbox 2197 2515 3790 2590; baseline -0.004 -14"><span class='ocrx_word' id='word_1_609' title='bbox 2197 2521 2333 2577; x_wconf 86' lang='lat' dir='ltr'><strong>alios</strong></span> <span class='ocrx_word' id='word_1_610' title='bbox 2358 2536 2413 2575; x_wconf 75' lang='grc' dir='ltr'><strong>ιι</strong></span> <span class='ocrx_word' id='word_1_611' title='bbox 2440 2521 2494 2574; x_wconf 91' lang='lat' dir='ltr'><strong>in</strong></span> <span class='ocrx_word' id='word_1_612' title='bbox 2518 2520 2807 2590; x_wconf 83' lang='lat' dir='ltr'><strong>Durgowe,</strong></span> <span class='ocrx_word' id='word_1_613' title='bbox 2834 2517 2889 2572; x_wconf 90' lang='lat' dir='ltr'><strong>in</strong></span> <span class='ocrx_word' id='word_1_614' title='bbox 2915 2516 3036 2574; x_wconf 77' lang='lat' dir='ltr'><strong>loco</strong></span> <span class='ocrx_word' id='word_1_615' title='bbox 3054 2516 3147 2586; x_wconf 90' lang='lat' dir='ltr'><strong>qui</strong></span> <span class='ocrx_word' id='word_1_616' title='bbox 3172 2516 3370 2572; x_wconf 86' lang='lat' dir='ltr'><strong>dicitur</strong></span> <span class='ocrx_word' id='word_1_617' title='bbox 3396 2515 3693 2572; x_wconf 78' lang='lat' dir='ltr'><strong>Eilickewe</strong></span> <span class='ocrx_word' id='word_1_618' title='bbox 3729 2518 3745 2558; x_wconf 76' lang='grc' dir='ltr'><strong>ί</strong></span> <span class='ocrx_word' id='word_1_619' title='bbox 3774 2535 3790 2569; x_wconf 88' lang='lat'><strong>:</strong></span> 
     </span>
    </p>
   </div>
   <div class='ocr_carea' id='block_1_85' title="bbox 2195 2607 3797 2675">
    <p class='ocr_par' dir='ltr' id='par_1_85' title="bbox 2195 2607 3797 2675">
     <span class='ocr_line' id='line_1_88' title="bbox 2195 2607 3797 2675; baseline -0.004 -8"><span class='ocrx_word' id='word_1_620' title='bbox 2195 2626 2259 2667; x_wconf 88' lang='lat' dir='ltr'><strong>ea</strong></span> <span class='ocrx_word' id='word_1_621' title='bbox 2293 2611 2524 2675; x_wconf 89' lang='lat' dir='ltr'><strong>ratione,</strong></span> <span class='ocrx_word' id='word_1_622' title='bbox 2542 2617 2602 2664; x_wconf 94' lang='lat' dir='ltr'><strong>ut</strong></span> <span class='ocrx_word' id='word_1_623' title='bbox 2630 2609 2746 2665; x_wconf 88' lang='lat' dir='ltr'><strong>dies</strong></span> <span class='ocrx_word' id='word_1_624' title='bbox 2768 2608 2893 2664; x_wconf 76' lang='lat' dir='ltr'><strong>vitae</strong></span> <span class='ocrx_word' id='word_1_625' title='bbox 2922 2621 3057 2663; x_wconf 67' lang='lat' dir='ltr'><strong>mea:</strong></span> <span class='ocrx_word' id='word_1_626' title='bbox 3082 2614 3285 2663; x_wconf 88' lang='lat' dir='ltr'><strong>terram</strong></span> <span class='ocrx_word' id='word_1_627' title='bbox 3311 2607 3413 2662; x_wconf 87' lang='lat' dir='ltr'><strong>sub</strong></span> <span class='ocrx_word' id='word_1_628' title='bbox 3433 2621 3602 2662; x_wconf 86' lang='lat' dir='ltr'><strong>censu</strong></span> <span class='ocrx_word' id='word_1_629' title='bbox 3630 2607 3797 2661; x_wconf 86' lang='lat' dir='ltr'><strong>unius</strong></span> 
     </span>
    </p>
   </div>
   <div class='ocr_carea' id='block_1_86' title="bbox 2194 2696 3795 2771">
    <p class='ocr_par' dir='ltr' id='par_1_86' title="bbox 2194 2696 3795 2771">
     <span class='ocr_line' id='line_1_89' title="bbox 2194 2696 3795 2771; baseline -0.004 -14"><span class='ocrx_word' id='word_1_630' title='bbox 2194 2700 2403 2757; x_wconf 89' lang='lat' dir='ltr'><strong>denarii</strong></span> <span class='ocrx_word' id='word_1_631' title='bbox 2433 2699 2763 2771; x_wconf 91' lang='lat' dir='ltr'><strong>possideam,</strong></span> <span class='ocrx_word' id='word_1_632' title='bbox 2790 2696 3038 2754; x_wconf 88' lang='lat' dir='ltr'><strong>similiter</strong></span> <span class='ocrx_word' id='word_1_633' title='bbox 3076 2706 3132 2753; x_wconf 90' lang='lat' dir='ltr'><strong>et</strong></span> <span class='ocrx_word' id='word_1_634' title='bbox 3165 2711 3306 2752; x_wconf 77' lang='lat' dir='ltr'><strong>uxor</strong></span> <span class='ocrx_word' id='word_1_635' title='bbox 3338 2710 3460 2753; x_wconf 90' lang='lat' dir='ltr'><strong>mea</strong></span> <span class='ocrx_word' id='word_1_636' title='bbox 3503 2705 3632 2769; x_wconf 87' lang='lat' dir='ltr'><strong>post</strong></span> <span class='ocrx_word' id='word_1_637' title='bbox 3674 2712 3795 2763; x_wconf 85' lang='lat' dir='ltr'><strong>me;</strong></span> 
     </span>
    </p>
   </div>
   <div class='ocr_carea' id='block_1_87' title="bbox 2194 2787 3793 2863">
    <p class='ocr_par' dir='ltr' id='par_1_87' title="bbox 2194 2787 3793 2863">
     <span class='ocr_line' id='line_1_90' title="bbox 2194 2787 3793 2863; baseline -0.003 -15"><span class='ocrx_word' id='word_1_638' title='bbox 2194 2801 2249 2848; x_wconf 90' lang='lat' dir='ltr'><strong>et</strong></span> <span class='ocrx_word' id='word_1_639' title='bbox 2274 2798 2396 2863; x_wconf 83' lang='lat' dir='ltr'><strong>post</strong></span> <span class='ocrx_word' id='word_1_640' title='bbox 2423 2791 2627 2847; x_wconf 90' lang='lat' dir='ltr'><strong>obitum</strong></span> <span class='ocrx_word' id='word_1_641' title='bbox 2655 2797 2900 2845; x_wconf 90' lang='lat' dir='ltr'><strong>nostrum</strong></span> <span class='ocrx_word' id='word_1_642' title='bbox 2937 2788 2993 2843; x_wconf 91' lang='lat' dir='ltr'><strong>in</strong></span> <span class='ocrx_word' id='word_1_643' title='bbox 3016 2787 3107 2858; x_wconf 88' lang='lat' dir='ltr'><strong>jus</strong></span> <span class='ocrx_word' id='word_1_644' title='bbox 3133 2788 3447 2844; x_wconf 86' lang='lat' dir='ltr'><strong>monasterii</strong></span> <span class='ocrx_word' id='word_1_645' title='bbox 3476 2797 3793 2844; x_wconf 80' lang='lat' dir='ltr'><strong>revocetur.</strong></span> 
     </span>
    </p>
   </div>
   <div class='ocr_carea' id='block_1_88' title="bbox 2193 2879 3795 2950">
    <p class='ocr_par' dir='ltr' id='par_1_88' title="bbox 2193 2879 3795 2950">
     <span class='ocr_line' id='line_1_91' title="bbox 2193 2879 3795 2950; baseline -0.002 -11"><span class='ocrx_word' id='word_1_646' title='bbox 2193 2879 2388 2939; x_wconf 82' lang='lat' dir='ltr'><strong>Actum</strong></span> <span class='ocrx_word' id='word_1_647' title='bbox 2422 2882 2474 2936; x_wconf 92' lang='lat' dir='ltr'><strong>in</strong></span> <span class='ocrx_word' id='word_1_648' title='bbox 2508 2880 2654 2938; x_wconf 89' lang='lat' dir='ltr'><strong>Cella</strong></span> <span class='ocrx_word' id='word_1_649' title='bbox 2691 2879 2740 2947; x_wconf 87' lang='lat' dir='ltr'><strong>i,</strong></span> <span class='ocrx_word' id='word_1_650' title='bbox 2774 2881 2847 2936; x_wconf 90' lang='lat' dir='ltr'><strong>id.</strong></span> <span class='ocrx_word' id='word_1_651' title='bbox 2882 2879 3044 2937; x_wconf 87' lang='lat' dir='ltr'><strong>Febr.</strong></span> <span class='ocrx_word' id='word_1_652' title='bbox 3068 2880 3454 2950; x_wconf 32' lang='lat' dir='ltr'><strong>anno-imperii</strong></span> <span class='ocrx_word' id='word_1_653' title='bbox 3479 2879 3665 2935; x_wconf 88' lang='lat' dir='ltr'><strong>Caroli</strong></span> <span class='ocrx_word' id='word_1_654' title='bbox 3701 2896 3795 2935; x_wconf 80' lang='lat' dir='ltr'><strong>se-</strong></span> 
     </span>
    </p>
   </div>
   <div class='ocr_carea' id='block_1_89' title="bbox 2196 2969 3797 3041">
    <p class='ocr_par' dir='ltr' id='par_1_89' title="bbox 2196 2969 3797 3041">
     <span class='ocr_line' id='line_1_92' title="bbox 2196 2969 3797 3041; baseline -0.004 -9"><span class='ocrx_word' id='word_1_655' title='bbox 2196 2975 2359 3032; x_wconf 91' lang='lat' dir='ltr'><strong>cundi</strong></span> <span class='ocrx_word' id='word_1_656' title='bbox 2388 2991 2426 3030; x_wconf 91' lang='grc' dir='ltr'><strong>ιι</strong></span> <span class='ocrx_word' id='word_1_657' title='bbox 2454 2970 2506 3038; x_wconf 59' lang='grc' dir='ltr'><strong>κ,</strong></span> <span class='ocrx_word' id='word_1_658' title='bbox 2539 2971 2830 3027; x_wconf 84' lang='lat' dir='ltr'><strong>Adalberto</strong></span> <span class='ocrx_word' id='word_1_659' title='bbox 2857 2972 3057 3027; x_wconf 90' lang='lat' dir='ltr'><strong>comite</strong></span> <span class='ocrx_word' id='word_1_660' title='bbox 3082 2972 3136 3026; x_wconf 91' lang='lat' dir='ltr'><strong>in</strong></span> <span class='ocrx_word' id='word_1_661' title='bbox 3163 2971 3444 3041; x_wconf 84' lang='lat' dir='ltr'><strong>Durgovve.</strong></span> <span class='ocrx_word' id='word_1_662' title='bbox 3477 2969 3549 3026; x_wconf 87' lang='lat' dir='ltr'><strong>Et</strong></span> <span class='ocrx_word' id='word_1_663' title='bbox 3574 2971 3629 3025; x_wconf 94' lang='lat' dir='ltr'><strong>hi</strong></span> <span class='ocrx_word' id='word_1_664' title='bbox 3664 2980 3797 3026; x_wconf 87' lang='lat' dir='ltr'><strong>sunt</strong></span> 
     </span>
    </p>
   </div>
   <div class='ocr_carea' id='block_1_90' title="bbox 2197 3060 3793 3131">
    <p class='ocr_par' dir='ltr' id='par_1_90' title="bbox 2197 3060 3793 3131">
     <span class='ocr_line' id='line_1_93' title="bbox 2197 3060 3793 3131; baseline -0.003 -10"><span class='ocrx_word' id='word_1_665' title='bbox 2197 3074 2384 3130; x_wconf 90' lang='lat' dir='ltr'><strong>testes,</strong></span> <span class='ocrx_word' id='word_1_666' title='bbox 2435 3063 2679 3127; x_wconf 76' lang='lat' dir='ltr'><strong>Othere,</strong></span> <span class='ocrx_word' id='word_1_667' title='bbox 2713 3060 2917 3128; x_wconf 85' lang='lat' dir='ltr'><strong>Buozo,</strong></span> <span class='ocrx_word' id='word_1_668' title='bbox 2963 3062 3163 3127; x_wconf 83' lang='lat' dir='ltr'><strong>Zuozo,</strong></span> <span class='ocrx_word' id='word_1_669' title='bbox 3218 3060 3526 3131; x_wconf 83' lang='lat' dir='ltr'><strong>Maganloh,</strong></span> <span class='ocrx_word' id='word_1_670' title='bbox 3574 3060 3793 3128; x_wconf 72' lang='grc' dir='ltr'><strong>ϐοωιι,</strong></span> 
     </span>
    </p>
   </div>
   <div class='ocr_carea' id='block_1_91' title="bbox 2198 3150 3792 3222">
    <p class='ocr_par' dir='ltr' id='par_1_91' title="bbox 2198 3150 3792 3222">
     <span class='ocr_line' id='line_1_94' title="bbox 2198 3150 3792 3222; baseline -0.004 -9"><span class='ocrx_word' id='word_1_671' title='bbox 2198 3154 2483 3222; x_wconf 85' lang='lat' dir='ltr'><strong>Echanolt,</strong></span> <span class='ocrx_word' id='word_1_672' title='bbox 2519 3154 2813 3220; x_wconf 84' lang='lat' dir='ltr'><strong>Ehurhart,</strong></span> <span class='ocrx_word' id='word_1_673' title='bbox 2852 3153 3110 3219; x_wconf 82' lang='lat' dir='ltr'><strong>Rathere,</strong></span> <span class='ocrx_word' id='word_1_674' title='bbox 3138 3151 3456 3219; x_wconf 81' lang='lat' dir='ltr'><strong>Vodalhart,</strong></span> <span class='ocrx_word' id='word_1_675' title='bbox 3492 3150 3792 3219; x_wconf 80' lang='lat' dir='ltr'><strong>Hildibold,</strong></span> 
     </span>
    </p>
   </div>
   <div class='ocr_carea' id='block_1_92' title="bbox 2120 3224 3797 3318">
    <p class='ocr_par' dir='ltr' id='par_1_92' title="bbox 2120 3224 3797 3318">
     <span class='ocr_line' id='line_1_95' title="bbox 2120 3224 3797 3318; baseline -0.002 -15"><span class='ocrx_word' id='word_1_676' title='bbox 2120 3224 2166 3292; x_wconf 64' lang='grc' dir='ltr'><strong>(ἶ</strong></span> <span class='ocrx_word' id='word_1_677' title='bbox 2195 3247 2459 3318; x_wconf 83' lang='lat' dir='ltr'><strong>Adalung,</strong></span> <span class='ocrx_word' id='word_1_678' title='bbox 2489 3244 2806 3317; x_wconf 77' lang='lat' dir='ltr'><strong>Bichgowo.</strong></span> <span class='ocrx_word' id='word_1_679' title='bbox 2838 3243 2951 3317; x_wconf 84' lang='lat' dir='ltr'><strong>Ego</strong></span> <span class='ocrx_word' id='word_1_680' title='bbox 2976 3243 3180 3299; x_wconf 80' lang='lat' dir='ltr'><strong>Notker</strong></span> <span class='ocrx_word' id='word_1_681' title='bbox 3198 3243 3386 3316; x_wconf 78' lang='lat' dir='ltr'><strong>jussus</strong></span> <span class='ocrx_word' id='word_1_682' title='bbox 3408 3243 3696 3316; x_wconf 86' lang='lat' dir='ltr'><strong>descripsi.</strong></span> <span class='ocrx_word' id='word_1_683' title='bbox 3794 3308 3797 3315; x_wconf 36' lang='grc' dir='ltr'>ι</span> 
     </span>
    </p>
   </div>
   <div class='ocr_carea' id='block_1_93' title="bbox 2563 3442 3419 3487">
    <p class='ocr_par' dir='ltr' id='par_1_93' title="bbox 2563 3442 3419 3487">
     <span class='ocr_line' id='line_1_96' title="bbox 2563 3442 3419 3487; baseline -0.006 0"><span class='ocrx_word' id='word_1_684' title='bbox 2563 3444 2826 3487; x_wconf 74' lang='lat' dir='ltr'><strong>PRECARIA</strong></span> <span class='ocrx_word' id='word_1_685' title='bbox 2860 3443 3094 3485; x_wconf 77' lang='lat' dir='ltr'><strong>EJUSDBI</strong></span> <span class='ocrx_word' id='word_1_686' title='bbox 3130 3442 3419 3486; x_wconf 69' lang='lat' dir='ltr'><strong>BUGPEBTI.</strong></span> 
     </span>
    </p>
   </div>
   <div class='ocr_carea' id='block_1_94' title="bbox 2819 3519 3172 3593">
    <p class='ocr_par' dir='ltr' id='par_1_94' title="bbox 2819 3519 3172 3593">
     <span class='ocr_line' id='line_1_97' title="bbox 2819 3519 3172 3593; baseline 0.006 -20"><span class='ocrx_word' id='word_1_687' title='bbox 2819 3519 2993 3593; x_wconf 77' lang='lat' dir='ltr'><strong>(Anno</strong></span> <span class='ocrx_word' id='word_1_688' title='bbox 3021 3519 3172 3593; x_wconf 76' lang='lat'><strong>882.)</strong></span> 
     </span>
    </p>
   </div>
   <div class='ocr_carea' id='block_1_95' title="bbox 2267 3614 3789 3689">
    <p class='ocr_par' dir='ltr' id='par_1_95' title="bbox 2267 3614 3789 3689">
     <span class='ocr_line' id='line_1_98' title="bbox 2267 3614 3789 3689; baseline 0 -16"><span class='ocrx_word' id='word_1_689' title='bbox 2267 3618 2381 3689; x_wconf 85' lang='lat' dir='ltr'><strong>Ego</strong></span> <span class='ocrx_word' id='word_1_690' title='bbox 2427 3615 2743 3672; x_wconf 83' lang='lat' dir='ltr'><strong>Hartmotus</strong></span> <span class='ocrx_word' id='word_1_691' title='bbox 2785 3614 2958 3687; x_wconf 85' lang='lat' dir='ltr'><strong>gratia</strong></span> <span class='ocrx_word' id='word_1_692' title='bbox 3006 3614 3103 3670; x_wconf 85' lang='lat' dir='ltr'><strong>Dei</strong></span> <span class='ocrx_word' id='word_1_693' title='bbox 3151 3614 3319 3671; x_wconf 86' lang='lat' dir='ltr'><strong>abbas</strong></span> <span class='ocrx_word' id='word_1_694' title='bbox 3364 3616 3687 3672; x_wconf 86' lang='lat' dir='ltr'><strong>monasterii</strong></span> <span class='ocrx_word' id='word_1_695' title='bbox 3730 3616 3789 3673; x_wconf 87' lang='lat' dir='ltr'><strong>S.</strong></span> 
     </span>
    </p>
   </div>
   <div class='ocr_carea' id='block_1_96' title="bbox 2195 3704 3793 3779">
    <p class='ocr_par' dir='ltr' id='par_1_96' title="bbox 2195 3704 3793 3779">
     <span class='ocr_line' id='line_1_99' title="bbox 2195 3704 3793 3779; baseline 0.001 -16"><span class='ocrx_word' id='word_1_696' title='bbox 2195 3707 2354 3773; x_wconf 86' lang='lat' dir='ltr'><strong>Galli,</strong></span> <span class='ocrx_word' id='word_1_697' title='bbox 2383 3723 2506 3763; x_wconf 90' lang='lat' dir='ltr'><strong>cum</strong></span> <span class='ocrx_word' id='word_1_698' title='bbox 2536 3722 2701 3762; x_wconf 89' lang='lat' dir='ltr'><strong>manu</strong></span> <span class='ocrx_word' id='word_1_699' title='bbox 2730 3706 2976 3762; x_wconf 90' lang='lat' dir='ltr'><strong>advocati</strong></span> <span class='ocrx_word' id='word_1_700' title='bbox 3006 3705 3110 3763; x_wconf 85' lang='lat' dir='ltr'><strong>mei</strong></span> <span class='ocrx_word' id='word_1_701' title='bbox 3137 3704 3342 3763; x_wconf 85' lang='lat' dir='ltr'><strong>Cozolti</strong></span> <span class='ocrx_word' id='word_1_702' title='bbox 3373 3708 3561 3776; x_wconf 86' lang='lat' dir='ltr'><strong>accepi</strong></span> <span class='ocrx_word' id='word_1_703' title='bbox 3597 3724 3629 3763; x_wconf 90' lang='lat' dir='ltr'><strong>a</strong></span> <span class='ocrx_word' id='word_1_704' title='bbox 3657 3724 3793 3779; x_wconf 81' lang='lat' dir='ltr'><strong>quo-</strong></span> 
     </span>
    </p>
   </div>
   <div class='ocr_carea' id='block_1_97' title="bbox 2196 3797 3790 3873">
    <p class='ocr_par' dir='ltr' id='par_1_97' title="bbox 2196 3797 3790 3873">
     <span class='ocr_line' id='line_1_100' title="bbox 2196 3797 3790 3873; baseline 0 -15"><span class='ocrx_word' id='word_1_705' title='bbox 2196 3801 2320 3858; x_wconf 91' lang='lat' dir='ltr'><strong>dam</strong></span> <span class='ocrx_word' id='word_1_706' title='bbox 2365 3800 2605 3866; x_wconf 87' lang='lat' dir='ltr'><strong>homine,</strong></span> <span class='ocrx_word' id='word_1_707' title='bbox 2648 3799 2865 3854; x_wconf 92' lang='lat' dir='ltr'><strong>nomine</strong></span> <span class='ocrx_word' id='word_1_708' title='bbox 2909 3797 3206 3870; x_wconf 82' lang='lat' dir='ltr'><strong>Hugperto,</strong></span> <span class='ocrx_word' id='word_1_709' title='bbox 3239 3801 3292 3855; x_wconf 91' lang='lat' dir='ltr'><strong>in</strong></span> <span class='ocrx_word' id='word_1_710' title='bbox 3326 3800 3710 3873; x_wconf 79' lang='lat' dir='ltr'><strong>Zurichgowe,</strong></span> <span class='ocrx_word' id='word_1_711' title='bbox 3737 3804 3790 3859; x_wconf 74' lang='lat' dir='ltr'><strong>in</strong></span> 
     </span>
    </p>
   </div>
   <div class='ocr_carea' id='block_1_98' title="bbox 2195 3890 3789 3965">
    <p class='ocr_par' dir='ltr' id='par_1_98' title="bbox 2195 3890 3789 3965">
     <span class='ocr_line' id='line_1_101' title="bbox 2195 3890 3789 3965; baseline 0.001 -18"><span class='ocrx_word' id='word_1_712' title='bbox 2195 3893 2314 3949; x_wconf 92' lang='lat' dir='ltr'><strong>loco</strong></span> <span class='ocrx_word' id='word_1_713' title='bbox 2343 3892 2435 3961; x_wconf 87' lang='lat' dir='ltr'><strong>qui</strong></span> <span class='ocrx_word' id='word_1_714' title='bbox 2465 3892 2663 3947; x_wconf 89' lang='lat' dir='ltr'><strong>dicitur</strong></span> <span class='ocrx_word' id='word_1_715' title='bbox 2691 3890 3022 3958; x_wconf 77' lang='lat' dir='ltr'><strong>Eskinhova,</strong></span> <span class='ocrx_word' id='word_1_716' title='bbox 3050 3891 3118 3946; x_wconf 91' lang='lat' dir='ltr'><strong>ad</strong></span> <span class='ocrx_word' id='word_1_717' title='bbox 3148 3900 3359 3947; x_wconf 83' lang='lat' dir='ltr'><strong>cortem</strong></span> <span class='ocrx_word' id='word_1_718' title='bbox 3386 3891 3638 3949; x_wconf 82' lang='lat' dir='ltr'><strong>Lintowa</strong></span> <span class='ocrx_word' id='word_1_719' title='bbox 3664 3910 3789 3965; x_wconf 86' lang='lat' dir='ltr'><strong>per-</strong></span> 
     </span>
    </p>
   </div>
   <div class='ocr_carea' id='block_1_99' title="bbox 2195 3983 3790 4055">
    <p class='ocr_par' dir='ltr' id='par_1_99' title="bbox 2195 3983 3790 4055">
     <span class='ocr_line' id='line_1_102' title="bbox 2195 3983 3790 4055; baseline 0.001 -15"><span class='ocrx_word' id='word_1_720' title='bbox 2195 3985 2423 4049; x_wconf 89' lang='lat' dir='ltr'><strong>tinente,</strong></span> <span class='ocrx_word' id='word_1_721' title='bbox 2455 3999 2513 4038; x_wconf 71' lang='grc' dir='ltr'>ιχ</span> <span class='ocrx_word' id='word_1_722' title='bbox 2553 3984 2747 4055; x_wconf 86' lang='lat' dir='ltr'><strong>jucbos</strong></span> <span class='ocrx_word' id='word_1_723' title='bbox 2782 3983 2849 4038; x_wconf 90' lang='lat' dir='ltr'><strong>de</strong></span> <span class='ocrx_word' id='word_1_724' title='bbox 2886 3992 3053 4050; x_wconf 87' lang='lat' dir='ltr'><strong>terra,</strong></span> <span class='ocrx_word' id='word_1_725' title='bbox 3089 3984 3274 4039; x_wconf 88' lang='lat' dir='ltr'><strong>statim</strong></span> <span class='ocrx_word' id='word_1_726' title='bbox 3306 3985 3360 4039; x_wconf 93' lang='lat' dir='ltr'><strong>in</strong></span> <span class='ocrx_word' id='word_1_727' title='bbox 3387 3983 3483 4053; x_wconf 90' lang='lat' dir='ltr'><strong>jus</strong></span> <span class='ocrx_word' id='word_1_728' title='bbox 3514 3997 3790 4042; x_wconf 87' lang='lat' dir='ltr'><strong>monaste-</strong></span> 
     </span>
    </p>
   </div>
   <div class='ocr_carea' id='block_1_100' title="bbox 2194 4074 3784 4150">
    <p class='ocr_par' dir='ltr' id='par_1_100' title="bbox 2194 4074 3784 4150">
     <span class='ocr_line' id='line_1_103' title="bbox 2194 4074 3784 4150; baseline 0.001 -18"><span class='ocrx_word' id='word_1_729' title='bbox 2194 4076 2262 4132; x_wconf 91' lang='lat' dir='ltr'><strong>rii</strong></span> <span class='ocrx_word' id='word_1_730' title='bbox 2293 4076 2647 4146; x_wconf 83' lang='lat' dir='ltr'><strong>redigendos;</strong></span> <span class='ocrx_word' id='word_1_731' title='bbox 2679 4084 2734 4130; x_wconf 91' lang='lat' dir='ltr'><strong>et</strong></span> <span class='ocrx_word' id='word_1_732' title='bbox 2763 4075 2882 4131; x_wconf 88' lang='lat' dir='ltr'><strong>dedi</strong></span> <span class='ocrx_word' id='word_1_733' title='bbox 2916 4074 3052 4130; x_wconf 90' lang='lat' dir='ltr'><strong>alios</strong></span> <span class='ocrx_word' id='word_1_734' title='bbox 3092 4092 3150 4131; x_wconf 73' lang='grc' dir='ltr'><strong>ιι</strong></span> <span class='ocrx_word' id='word_1_735' title='bbox 3178 4075 3374 4146; x_wconf 87' lang='lat' dir='ltr'><strong>juchos</strong></span> <span class='ocrx_word' id='word_1_736' title='bbox 3404 4077 3461 4131; x_wconf 91' lang='lat' dir='ltr'><strong>in</strong></span> <span class='ocrx_word' id='word_1_737' title='bbox 3495 4077 3784 4150; x_wconf 71' lang='lat' dir='ltr'><strong>Durgowe,</strong></span> 
     </span>
    </p>
   </div>
   <div class='ocr_carea' id='block_1_101' title="bbox 2193 4154 3787 4237">
    <p class='ocr_par' dir='ltr' id='par_1_101' title="bbox 2193 4154 3787 4237">
     <span class='ocr_line' id='line_1_104' title="bbox 2193 4154 3787 4237; baseline 0.003 -15"><span class='ocrx_word' id='word_1_738' title='bbox 2193 4167 2250 4223; x_wconf 91' lang='lat' dir='ltr'><strong>in</strong></span> <span class='ocrx_word' id='word_1_739' title='bbox 2292 4167 2415 4224; x_wconf 91' lang='lat' dir='ltr'><strong>loco</strong></span> <span class='ocrx_word' id='word_1_740' title='bbox 2460 4167 2552 4237; x_wconf 91' lang='lat' dir='ltr'><strong>qui</strong></span> <span class='ocrx_word' id='word_1_741' title='bbox 2603 4167 2804 4222; x_wconf 90' lang='lat' dir='ltr'><strong>dicitur</strong></span> <span class='ocrx_word' id='word_1_742' title='bbox 2840 4165 3150 4225; x_wconf 79' lang='lat' dir='ltr'><strong>Eilickewe.</strong></span> <span class='ocrx_word' id='word_1_743' title='bbox 3196 4154 3273 4223; x_wconf 75' lang='lat' dir='ltr'><strong>Ea</strong></span> <span class='ocrx_word' id='word_1_744' title='bbox 3327 4170 3543 4225; x_wconf 88' lang='lat' dir='ltr'><strong>ratione</strong></span> <span class='ocrx_word' id='word_1_745' title='bbox 3580 4179 3640 4225; x_wconf 92' lang='lat' dir='ltr'><strong>ut</strong></span> <span class='ocrx_word' id='word_1_746' title='bbox 3674 4172 3787 4227; x_wconf 88' lang='lat' dir='ltr'><strong>dies</strong></span> 
     </span>
    </p>
   </div>
   <div class='ocr_carea' id='block_1_102' title="bbox 2193 4258 3787 4319">
    <p class='ocr_par' dir='ltr' id='par_1_102' title="bbox 2193 4258 3787 4319">
     <span class='ocr_line' id='line_1_105' title="bbox 2193 4258 3787 4319; baseline 0.002 -5"><span class='ocrx_word' id='word_1_747' title='bbox 2193 4259 2320 4314; x_wconf 68' lang='lat' dir='ltr'><strong>vitae</strong></span> <span class='ocrx_word' id='word_1_748' title='bbox 2361 4274 2473 4314; x_wconf 83' lang='lat' dir='ltr'><strong>suae</strong></span> <span class='ocrx_word' id='word_1_749' title='bbox 2513 4258 2760 4314; x_wconf 89' lang='lat' dir='ltr'><strong>eamdem</strong></span> <span class='ocrx_word' id='word_1_750' title='bbox 2789 4267 2992 4315; x_wconf 89' lang='lat' dir='ltr'><strong>terram</strong></span> <span class='ocrx_word' id='word_1_751' title='bbox 3041 4260 3142 4314; x_wconf 89' lang='lat' dir='ltr'><strong>sub</strong></span> <span class='ocrx_word' id='word_1_752' title='bbox 3182 4274 3348 4317; x_wconf 90' lang='lat' dir='ltr'><strong>censu</strong></span> <span class='ocrx_word' id='word_1_753' title='bbox 3378 4261 3540 4316; x_wconf 90' lang='lat' dir='ltr'><strong>unius</strong></span> <span class='ocrx_word' id='word_1_754' title='bbox 3579 4262 3787 4319; x_wconf 86' lang='lat' dir='ltr'><strong>denarii</strong></span> 
     </span>
    </p>
   </div>
   <div class='ocr_carea' id='block_1_103' title="bbox 2192 4350 3787 4425">
    <p class='ocr_par' dir='ltr' id='par_1_103' title="bbox 2192 4350 3787 4425">
     <span class='ocr_line' id='line_1_106' title="bbox 2192 4350 3787 4425; baseline 0.002 -18"><span class='ocrx_word' id='word_1_755' title='bbox 2192 4350 2488 4423; x_wconf 87' lang='lat' dir='ltr'><strong>possideat,</strong></span> <span class='ocrx_word' id='word_1_756' title='bbox 2530 4350 2782 4405; x_wconf 90' lang='lat' dir='ltr'><strong>similiter</strong></span> <span class='ocrx_word' id='word_1_757' title='bbox 2819 4360 2876 4406; x_wconf 90' lang='lat' dir='ltr'><strong>et</strong></span> <span class='ocrx_word' id='word_1_758' title='bbox 2921 4365 3059 4405; x_wconf 82' lang='lat' dir='ltr'><strong>uxor</strong></span> <span class='ocrx_word' id='word_1_759' title='bbox 3093 4351 3211 4422; x_wconf 91' lang='lat' dir='ltr'><strong>ejus</strong></span> <span class='ocrx_word' id='word_1_760' title='bbox 3237 4360 3360 4422; x_wconf 90' lang='lat' dir='ltr'><strong>post</strong></span> <span class='ocrx_word' id='word_1_761' title='bbox 3389 4367 3549 4419; x_wconf 88' lang='lat' dir='ltr'><strong>eum;</strong></span> <span class='ocrx_word' id='word_1_762' title='bbox 3576 4363 3634 4408; x_wconf 89' lang='lat' dir='ltr'><strong>et</strong></span> <span class='ocrx_word' id='word_1_763' title='bbox 3665 4364 3787 4425; x_wconf 87' lang='lat' dir='ltr'><strong>post</strong></span> 
     </span>
    </p>
   </div>
   <div class='ocr_carea' id='block_1_104' title="bbox 2194 4440 3785 4513">
    <p class='ocr_par' dir='ltr' id='par_1_104' title="bbox 2194 4440 3785 4513">
     <span class='ocr_line' id='line_1_107' title="bbox 2194 4440 3785 4513; baseline -0.001 -11"><span class='ocrx_word' id='word_1_764' title='bbox 2194 4460 2382 4502; x_wconf 89' lang='lat' dir='ltr'><strong>eorum</strong></span> <span class='ocrx_word' id='word_1_765' title='bbox 2420 4443 2627 4499; x_wconf 90' lang='lat' dir='ltr'><strong>obitum</strong></span> <span class='ocrx_word' id='word_1_766' title='bbox 2669 4442 2722 4497; x_wconf 87' lang='lat' dir='ltr'><strong>in</strong></span> <span class='ocrx_word' id='word_1_767' title='bbox 2753 4440 2845 4513; x_wconf 86' lang='lat' dir='ltr'><strong>jus</strong></span> <span class='ocrx_word' id='word_1_768' title='bbox 2885 4442 3203 4498; x_wconf 89' lang='lat' dir='ltr'><strong>monasterii</strong></span> <span class='ocrx_word' id='word_1_769' title='bbox 3248 4454 3561 4499; x_wconf 88' lang='lat' dir='ltr'><strong>revocetur.</strong></span> <span class='ocrx_word' id='word_1_770' title='bbox 3588 4445 3785 4500; x_wconf 82' lang='lat' dir='ltr'><strong>Actum</strong></span> 
     </span>
    </p>
   </div>
   <div class='ocr_carea' id='block_1_105' title="bbox 2196 4533 3784 4606">
    <p class='ocr_par' dir='ltr' id='par_1_105' title="bbox 2196 4533 3784 4606">
     <span class='ocr_line' id='line_1_108' title="bbox 2196 4533 3784 4606; baseline 0.001 -14"><span class='ocrx_word' id='word_1_771' title='bbox 2196 4537 2251 4592; x_wconf 91' lang='lat' dir='ltr'><strong>in</strong></span> <span class='ocrx_word' id='word_1_772' title='bbox 2279 4536 2457 4601; x_wconf 88' lang='lat' dir='ltr'><strong>Cella,</strong></span> <span class='ocrx_word' id='word_1_773' title='bbox 2501 4535 2575 4590; x_wconf 92' lang='lat' dir='ltr'><strong>id.</strong></span> <span class='ocrx_word' id='word_1_774' title='bbox 2607 4533 2770 4590; x_wconf 88' lang='lat' dir='ltr'><strong>Febr.</strong></span> <span class='ocrx_word' id='word_1_775' title='bbox 2813 4550 2957 4590; x_wconf 91' lang='lat' dir='ltr'><strong>anno</strong></span> <span class='ocrx_word' id='word_1_776' title='bbox 2984 4535 3198 4606; x_wconf 90' lang='lat' dir='ltr'><strong>imperii</strong></span> <span class='ocrx_word' id='word_1_777' title='bbox 3234 4534 3416 4591; x_wconf 86' lang='lat' dir='ltr'><strong>Caroli</strong></span> <span class='ocrx_word' id='word_1_778' title='bbox 3461 4538 3691 4593; x_wconf 86' lang='lat' dir='ltr'><strong>secundi</strong></span> <span class='ocrx_word' id='word_1_779' title='bbox 3723 4556 3784 4604; x_wconf 86' lang='grc' dir='ltr'>ιι.</span> 
     </span>
    </p>
   </div>
   <div class='ocr_carea' id='block_1_106' title="bbox 2192 4625 3783 4699">
    <p class='ocr_par' dir='ltr' id='par_1_106' title="bbox 2192 4625 3783 4699">
     <span class='ocr_line' id='line_1_109' title="bbox 2192 4625 3783 4699; baseline -0.001 -14"><span class='ocrx_word' id='word_1_780' title='bbox 2192 4627 2489 4685; x_wconf 81' lang='lat' dir='ltr'><strong>Adalberto</strong></span> <span class='ocrx_word' id='word_1_781' title='bbox 2528 4625 2729 4684; x_wconf 90' lang='lat' dir='ltr'><strong>comite</strong></span> <span class='ocrx_word' id='word_1_782' title='bbox 2770 4625 2826 4683; x_wconf 91' lang='lat' dir='ltr'><strong>in</strong></span> <span class='ocrx_word' id='word_1_783' title='bbox 2869 4626 3158 4699; x_wconf 83' lang='lat' dir='ltr'><strong>Durgowe.</strong></span> <span class='ocrx_word' id='word_1_784' title='bbox 3186 4625 3256 4683; x_wconf 88' lang='lat' dir='ltr'><strong>Et</strong></span> <span class='ocrx_word' id='word_1_785' title='bbox 3298 4626 3356 4683; x_wconf 87' lang='lat' dir='ltr'><strong>hi</strong></span> <span class='ocrx_word' id='word_1_786' title='bbox 3398 4635 3526 4684; x_wconf 89' lang='lat' dir='ltr'><strong>sunt</strong></span> <span class='ocrx_word' id='word_1_787' title='bbox 3571 4637 3783 4687; x_wconf 84' lang='lat' dir='ltr'><strong>testes:</strong></span> 
     </span>
    </p>
   </div>
   <div class='ocr_carea' id='block_1_107' title="bbox 2255 4847 3785 4920">
    <p class='ocr_par' dir='ltr' id='par_1_107' title="bbox 2255 4847 3785 4920">
     <span class='ocr_line' id='line_1_110' title="bbox 2255 4847 3785 4920; baseline 0.001 -16"><span class='ocrx_word' id='word_1_788' title='bbox 2255 4850 2284 4890; x_wconf 71' lang='grc' dir='ltr'>ιλ</span> <span class='ocrx_word' id='word_1_789' title='bbox 2322 4847 2533 4920; x_wconf 75' lang='lat' dir='ltr'><strong>Lindau</strong></span> <span class='ocrx_word' id='word_1_790' title='bbox 2578 4847 2767 4920; x_wconf 84' lang='lat' dir='ltr'><strong>vicus,</strong></span> <span class='ocrx_word' id='word_1_791' title='bbox 2810 4849 2878 4903; x_wconf 91' lang='lat' dir='ltr'><strong>ad</strong></span> <span class='ocrx_word' id='word_1_792' title='bbox 2931 4848 3086 4917; x_wconf 86' lang='lat' dir='ltr'><strong>cujus</strong></span> <span class='ocrx_word' id='word_1_793' title='bbox 3132 4849 3451 4920; x_wconf 84' lang='lat' dir='ltr'><strong>parochiam</strong></span> <span class='ocrx_word' id='word_1_794' title='bbox 3511 4848 3785 4920; x_wconf 72' lang='lat' dir='ltr'><strong>hodieque</strong></span> 
     </span>
    </p>
   </div>
   <div class='ocr_carea' id='block_1_108' title="bbox 2184 4918 3785 4991">
    <p class='ocr_par' dir='ltr' id='par_1_108' title="bbox 2184 4918 3785 4991">
     <span class='ocr_line' id='line_1_111' title="bbox 2184 4918 3785 4991; baseline 0.001 -16"><span class='ocrx_word' id='word_1_795' title='bbox 2184 4928 2394 4991; x_wconf 84' lang='lat' dir='ltr'><strong>spectat</strong></span> <span class='ocrx_word' id='word_1_796' title='bbox 2421 4918 2759 4991; x_wconf 69' lang='lat' dir='ltr'><strong>Eschicken,</strong></span> <span class='ocrx_word' id='word_1_797' title='bbox 2777 4934 2881 4974; x_wconf 91' lang='lat' dir='ltr'><strong>non</strong></span> <span class='ocrx_word' id='word_1_798' title='bbox 2902 4918 3330 4991; x_wconf 12' lang='lat' dir='ltr'><strong>iconl‘undeudus</strong></span> <span class='ocrx_word' id='word_1_799' title='bbox 3359 4936 3481 4974; x_wconf 87' lang='lat' dir='ltr'><strong>cum</strong></span> <span class='ocrx_word' id='word_1_800' title='bbox 3515 4918 3785 4977; x_wconf 61' lang='lat' dir='ltr'><strong>Lindavia</strong></span> 
     </span>
    </p>
   </div>
   <div class='ocr_carea' id='block_1_109' title="bbox 2183 4989 3785 5061">
    <p class='ocr_par' dir='ltr' id='par_1_109' title="bbox 2183 4989 3785 5061">
     <span class='ocr_line' id='line_1_112' title="bbox 2183 4989 3785 5061; baseline 0.001 -17"><span class='ocrx_word' id='word_1_801' title='bbox 2183 4989 2322 5046; x_wconf 74' lang='lat' dir='ltr'><strong>urbe</strong></span> <span class='ocrx_word' id='word_1_802' title='bbox 2351 4989 2619 5060; x_wconf 89' lang='lat' dir='ltr'><strong>imperiali</strong></span> <span class='ocrx_word' id='word_1_803' title='bbox 2660 4991 2713 5043; x_wconf 91' lang='lat' dir='ltr'><strong>in</strong></span> <span class='ocrx_word' id='word_1_804' title='bbox 2748 4989 2865 5045; x_wconf 88' lang='lat' dir='ltr'><strong>lacu</strong></span> <span class='ocrx_word' id='word_1_805' title='bbox 2900 4990 3235 5061; x_wconf 83' lang='lat' dir='ltr'><strong>Brigantino,</strong></span> <span class='ocrx_word' id='word_1_806' title='bbox 3264 5007 3428 5061; x_wconf 83' lang='lat' dir='ltr'><strong>quam</strong></span> <span class='ocrx_word' id='word_1_807' title='bbox 3461 4991 3551 5045; x_wconf 83' lang='lat' dir='ltr'><strong>hic</strong></span> <span class='ocrx_word' id='word_1_808' title='bbox 3584 4991 3785 5046; x_wconf 87' lang='lat' dir='ltr'><strong>intelli-</strong></span> 
     </span>
    </p>
   </div>
   <div class='ocr_carea' id='block_1_110' title="bbox 2217 5061 3782 5130">
    <p class='ocr_par' dir='ltr' id='par_1_110' title="bbox 2217 5061 3782 5130">
     <span class='ocr_line' id='line_1_113' title="bbox 2217 5061 3782 5130; baseline 0.001 -15"><span class='ocrx_word' id='word_1_809' title='bbox 2217 5062 2413 5115; x_wconf 87' lang='lat' dir='ltr'><strong>endam</strong></span> <span class='ocrx_word' id='word_1_810' title='bbox 2467 5062 2800 5115; x_wconf 83' lang='lat' dir='ltr'><strong>existimavit</strong></span> <span class='ocrx_word' id='word_1_811' title='bbox 2858 5061 3129 5117; x_wconf 85' lang='lat' dir='ltr'><strong>Vadianus</strong></span> <span class='ocrx_word' id='word_1_812' title='bbox 3180 5062 3215 5115; x_wconf 93' lang='lat' dir='ltr'><strong>l.</strong></span> <span class='ocrx_word' id='word_1_813' title='bbox 3265 5078 3315 5116; x_wconf 91' lang='lat' dir='ltr'><strong>c.</strong></span> <span class='ocrx_word' id='word_1_814' title='bbox 3359 5069 3413 5114; x_wconf 90' lang='lat' dir='ltr'><strong>et</strong></span> <span class='ocrx_word' id='word_1_815' title='bbox 3458 5070 3582 5130; x_wconf 86' lang='lat' dir='ltr'><strong>post</strong></span> <span class='ocrx_word' id='word_1_816' title='bbox 3628 5062 3782 5117; x_wconf 88' lang='lat' dir='ltr'><strong>illum</strong></span> 
     </span>
    </p>
   </div>
   <div class='ocr_carea' id='block_1_111' title="bbox 2231 5130 3779 5201">
    <p class='ocr_par' dir='ltr' id='par_1_111' title="bbox 2231 5130 3779 5201">
     <span class='ocr_line' id='line_1_114' title="bbox 2231 5130 3779 5201; baseline 0.001 -15"><span class='ocrx_word' id='word_1_817' title='bbox 2231 5147 2314 5186; x_wconf 92' lang='lat' dir='ltr'><strong>rn.</strong></span> <span class='ocrx_word' id='word_1_818' title='bbox 2351 5130 2692 5193; x_wconf 88' lang='lat' dir='ltr'><strong>Tentzelius,</strong></span> <span class='ocrx_word' id='word_1_819' title='bbox 2738 5132 3121 5200; x_wconf 69' lang='lat' dir='ltr'><strong>disputationis</strong></span> <span class='ocrx_word' id='word_1_820' title='bbox 3158 5132 3369 5188; x_wconf 76' lang='lat' dir='ltr'><strong>fenore</strong></span> <span class='ocrx_word' id='word_1_821' title='bbox 3401 5148 3466 5186; x_wconf 90' lang='lat' dir='ltr'><strong>eo</strong></span> <span class='ocrx_word' id='word_1_822' title='bbox 3496 5132 3779 5201; x_wconf 84' lang='lat' dir='ltr'><strong>abreptus,</strong></span> 
     </span>
    </p>
   </div>
   <div class='ocr_carea' id='block_1_112' title="bbox 2190 5201 3782 5272">
    <p class='ocr_par' dir='ltr' id='par_1_112' title="bbox 2190 5201 3782 5272">
     <span class='ocr_line' id='line_1_115' title="bbox 2190 5201 3782 5272; baseline 0 -17"><span class='ocrx_word' id='word_1_823' title='bbox 2190 5210 2249 5255; x_wconf 80' lang='grc' dir='ltr'><strong>ιιι</strong></span> <span class='ocrx_word' id='word_1_824' title='bbox 2273 5201 2688 5272; x_wconf 77' lang='lat' dir='ltr'><strong>Lindaviensem</strong></span> <span class='ocrx_word' id='word_1_825' title='bbox 2708 5202 2907 5272; x_wconf 74' lang='lat' dir='ltr'><strong>urbem</strong></span> <span class='ocrx_word' id='word_1_826' title='bbox 2936 5202 3232 5272; x_wconf 57' lang='lat' dir='ltr'><strong>Turget-im</strong></span> <span class='ocrx_word' id='word_1_827' title='bbox 3253 5204 3527 5257; x_wconf 79' lang='lat' dir='ltr'><strong>ascribere</strong></span> <span class='ocrx_word' id='word_1_828' title='bbox 3555 5201 3782 5272; x_wconf 74' lang='lat' dir='ltr'><strong>minime</strong></span> 
     </span>
    </p>
   </div>
   <div class='ocr_carea' id='block_1_113' title="bbox 2187 5269 3782 5343">
    <p class='ocr_par' dir='ltr' id='par_1_113' title="bbox 2187 5269 3782 5343">
     <span class='ocr_line' id='line_1_116' title="bbox 2187 5269 3782 5343; baseline 0.004 -19"><span class='ocrx_word' id='word_1_829' title='bbox 2187 5278 2469 5326; x_wconf 87' lang='lat' dir='ltr'><strong>vereretur</strong></span> <span class='ocrx_word' id='word_1_830' title='bbox 2498 5269 2664 5343; x_wconf 73' lang='lat' dir='ltr'><strong>(Hist.</strong></span> <span class='ocrx_word' id='word_1_831' title='bbox 2706 5269 2912 5343; x_wconf 70' lang='lat' dir='ltr'><strong>Yindic.</strong></span> <span class='ocrx_word' id='word_1_832' title='bbox 2945 5288 2997 5342; x_wconf 85' lang='lat' dir='ltr'><strong>p.</strong></span> <span class='ocrx_word' id='word_1_833' title='bbox 3027 5269 3175 5343; x_wconf 49' lang='lat'><strong>2&#39;16).</strong></span> <span class='ocrx_word' id='word_1_834' title='bbox 3208 5271 3291 5329; x_wconf 83' lang='lat' dir='ltr'><strong>Cf.</strong></span> <span class='ocrx_word' id='word_1_835' title='bbox 3325 5274 3397 5328; x_wconf 89' lang='lat' dir='ltr'><strong>ib.</strong></span> <span class='ocrx_word' id='word_1_836' title='bbox 3428 5290 3481 5341; x_wconf 94' lang='lat' dir='ltr'><strong>p.</strong></span> <span class='ocrx_word' id='word_1_837' title='bbox 3511 5270 3637 5326; x_wconf 63' lang='lat'><strong>264&#39;.</strong></span> <span class='ocrx_word' id='word_1_838' title='bbox 3670 5270 3782 5330; x_wconf 83' lang='lat' dir='ltr'><strong>Sed</strong></span> 
     </span>
    </p>
   </div>
   <div class='ocr_carea' id='block_1_114' title="bbox 2187 5342 3781 5413">
    <p class='ocr_par' dir='ltr' id='par_1_114' title="bbox 2187 5342 3781 5413">
     <span class='ocr_line' id='line_1_117' title="bbox 2187 5342 3781 5413; baseline 0.003 -17"><span class='ocrx_word' id='word_1_839' title='bbox 2187 5357 2290 5413; x_wconf 87' lang='lat' dir='ltr'><strong>nec</strong></span> <span class='ocrx_word' id='word_1_840' title='bbox 2331 5343 2573 5411; x_wconf 87' lang='lat' dir='ltr'><strong>patronis</strong></span> <span class='ocrx_word' id='word_1_841' title='bbox 2621 5342 2928 5413; x_wconf 85' lang='lat' dir='ltr'><strong>diplomatis</strong></span> <span class='ocrx_word' id='word_1_842' title='bbox 2979 5342 3358 5399; x_wconf 79' lang='lat' dir='ltr'><strong>Liudaviensis</strong></span> <span class='ocrx_word' id='word_1_843' title='bbox 3409 5343 3590 5397; x_wconf 82' lang='lat' dir='ltr'><strong>lavere</strong></span> <span class='ocrx_word' id='word_1_844' title='bbox 3634 5345 3781 5401; x_wconf 86' lang='lat' dir='ltr'><strong>hanc</strong></span> 
     </span>
    </p>
   </div>
   <div class='ocr_carea' id='block_1_115' title="bbox 2186 5412 3779 5477">
    <p class='ocr_par' dir='ltr' id='par_1_115' title="bbox 2186 5412 3779 5477">
     <span class='ocr_line' id='line_1_118' title="bbox 2186 5412 3779 5477; baseline 0.001 -9"><span class='ocrx_word' id='word_1_845' title='bbox 2186 5412 2452 5477; x_wconf 89' lang='lat' dir='ltr'><strong>chartam,</strong></span> <span class='ocrx_word' id='word_1_846' title='bbox 2477 5428 2543 5468; x_wconf 80' lang='lat' dir='ltr'><strong>ex</strong></span> <span class='ocrx_word' id='word_1_847' title='bbox 2584 5412 2691 5468; x_wconf 85' lang='lat' dir='ltr'><strong>situ</strong></span> <span class='ocrx_word' id='word_1_848' title='bbox 2740 5413 2979 5468; x_wconf 88' lang='lat' dir='ltr'><strong>locorum</strong></span> <span class='ocrx_word' id='word_1_849' title='bbox 3020 5424 3075 5468; x_wconf 90' lang='lat' dir='ltr'><strong>et</strong></span> <span class='ocrx_word' id='word_1_850' title='bbox 3109 5414 3327 5471; x_wconf 86' lang='lat' dir='ltr'><strong>nomine</strong></span> <span class='ocrx_word' id='word_1_851' title='bbox 3369 5413 3652 5470; x_wconf 83' lang='lat' dir='ltr'><strong>Adalberti</strong></span> <span class='ocrx_word' id='word_1_852' title='bbox 3676 5430 3779 5470; x_wconf 60' lang='lat' dir='ltr'><strong>co-</strong></span> 
     </span>
    </p>
   </div>
   <div class='ocr_carea' id='block_1_116' title="bbox 2184 5482 3071 5553">
    <p class='ocr_par' dir='ltr' id='par_1_116' title="bbox 2184 5482 3071 5553">
     <span class='ocr_line' id='line_1_119' title="bbox 2184 5482 3071 5553; baseline 0 -15"><span class='ocrx_word' id='word_1_853' title='bbox 2184 5482 2335 5539; x_wconf 89' lang='lat' dir='ltr'><strong>mitis</strong></span> <span class='ocrx_word' id='word_1_854' title='bbox 2365 5483 2493 5538; x_wconf 90' lang='lat' dir='ltr'><strong>mihi</strong></span> <span class='ocrx_word' id='word_1_855' title='bbox 2527 5500 2843 5553; x_wconf 86' lang='lat' dir='ltr'><strong>persuasum</strong></span> <span class='ocrx_word' id='word_1_856' title='bbox 2877 5484 3071 5541; x_wconf 83' lang='lat' dir='ltr'><strong>habeo.</strong></span> 
     </span>
    </p>
   </div>
   <div class='ocr_carea' id='block_1_117' title="bbox 2264 5553 3002 5631">
    <p class='ocr_par' dir='ltr' id='par_1_117' title="bbox 2264 5553 3002 5631">
     <span class='ocr_line' id='line_1_120' title="bbox 2264 5553 3002 5631; baseline 0.005 -24"><span class='ocrx_word' id='word_1_857' title='bbox 2264 5556 2280 5631; x_wconf 64' lang='grc' dir='ltr'><strong><em>ξ</em></strong></span> <span class='ocrx_word' id='word_1_858' title='bbox 2326 5553 2444 5631; x_wconf 59' lang='lat' dir='ltr'><strong>Elig</strong></span> <span class='ocrx_word' id='word_1_859' title='bbox 2468 5555 2524 5631; x_wconf 91' lang='lat' dir='ltr'><strong>_i_n</strong></span> <span class='ocrx_word' id='word_1_860' title='bbox 2550 5556 2735 5631; x_wconf 81' lang='lat' dir='ltr'><strong>comit.</strong></span> <span class='ocrx_word' id='word_1_861' title='bbox 2763 5555 3002 5631; x_wconf 70' lang='lat' dir='ltr'><strong>Kyburg.</strong></span> 
     </span>
    </p>
   </div>
   <div class='ocr_carea' id='block_1_118' title="bbox 2261 5623 3112 5684">
    <p class='ocr_par' dir='ltr' id='par_1_118' title="bbox 2261 5623 3112 5684">
     <span class='ocr_line' id='line_1_121' title="bbox 2261 5623 3112 5684; baseline 0.011 -11"><span class='ocrx_word' id='word_1_862' title='bbox 2261 5623 2274 5673; x_wconf 90' lang='lat' dir='ltr'><strong>i</strong></span> <span class='ocrx_word' id='word_1_863' title='bbox 2326 5623 2440 5680; x_wconf 89' lang='lat' dir='ltr'><strong>Zell</strong></span> <span class='ocrx_word' id='word_1_864' title='bbox 2466 5625 2538 5679; x_wconf 90' lang='lat' dir='ltr'><strong>ib.</strong></span> <span class='ocrx_word' id='word_1_865' title='bbox 2571 5626 2637 5679; x_wconf 89' lang='lat' dir='ltr'><strong>ad</strong></span> <span class='ocrx_word' id='word_1_866' title='bbox 2665 5623 2911 5681; x_wconf 70' lang='lat' dir='ltr'><strong>dextram</strong></span> <span class='ocrx_word' id='word_1_867' title='bbox 2941 5623 3112 5684; x_wconf 78' lang='lat' dir='ltr'><strong>Tosm.</strong></span> 
     </span>
    </p>
   </div>
   <div class='ocr_carea' id='block_1_119' title="bbox 2256 5691 3775 5771">
    <p class='ocr_par' dir='ltr' id='par_1_119' title="bbox 2256 5691 3775 5771">
     <span class='ocr_line' id='line_1_122' title="bbox 2256 5691 3775 5771; baseline 0.001 -23"><span class='ocrx_word' id='word_1_868' title='bbox 2256 5691 2283 5731; x_wconf 77' lang='grc' dir='ltr'>¹ι</span> <span class='ocrx_word' id='word_1_869' title='bbox 2314 5693 3193 5771; x_wconf 69' lang='lat' dir='ltr'><strong>Carolan_Crassum.secundum</strong></span> <span class='ocrx_word' id='word_1_870' title='bbox 3239 5697 3491 5771; x_wconf 25' lang='lat' dir='ltr'><strong>appellat,</strong></span> <span class='ocrx_word' id='word_1_871' title='bbox 3512 5696 3775 5771; x_wconf 77' lang='lat' dir='ltr'><strong>scriptor,</strong></span> 
     </span>
    </p>
   </div>
   <div class='ocr_carea' id='block_1_120' title="bbox 2068 5763 3777 5891">
    <p class='ocr_par' dir='ltr' id='par_1_120' title="bbox 2068 5763 3777 5891">
     <span class='ocr_line' id='line_1_123' title="bbox 2068 5763 3777 5891; baseline 0.002 -66"><span class='ocrx_word' id='word_1_872' title='bbox 2068 5820 2071 5825; x_wconf 94' lang='lat'><strong>.</strong></span> <span class='ocrx_word' id='word_1_873' title='bbox 2184 5763 2557 5891; x_wconf 49' lang='lat'><strong>$32!;</strong></span> <span class='ocrx_word' id='word_1_874' title='bbox 2580 5765 2759 5825; x_wconf 80' lang='lat' dir='ltr'><strong>Calvo</strong></span> <span class='ocrx_word' id='word_1_875' title='bbox 2786 5767 2905 5840; x_wconf 87' lang='lat' dir='ltr'><strong>ejus</strong></span> <span class='ocrx_word' id='word_1_876' title='bbox 2938 5777 3135 5841; x_wconf 85' lang='lat' dir='ltr'><strong>patruo</strong></span> <span class='ocrx_word' id='word_1_877' title='bbox 3170 5763 3324 5827; x_wconf 80' lang='lat' dir='ltr'><strong>nihil&#39;</strong></span> <span class='ocrx_word' id='word_1_878' title='bbox 3334 5769 3491 5844; x_wconf 79' lang='lat' dir='ltr'><strong>juris.</strong></span> <span class='ocrx_word' id='word_1_879' title='bbox 3512 5763 3675 5823; x_wconf 82' lang='lat' dir='ltr'><strong>fuerit</strong></span> <span class='ocrx_word' id='word_1_880' title='bbox 3719 5769 3777 5829; x_wconf 85' lang='lat' dir='ltr'><strong>in</strong></span> 
     </span>
    </p>
   </div>
   <div class='ocr_carea' id='block_1_121' title="bbox 2234 5834 2579 5893">
    <p class='ocr_par' dir='ltr' id='par_1_121' title="bbox 2234 5834 2579 5893">
     <span class='ocr_line' id='line_1_124' title="bbox 2234 5834 2579 5893; baseline 0.009 -5"><span class='ocrx_word' id='word_1_881' title='bbox 2234 5834 2579 5893; x_wconf 84' lang='lat' dir='ltr'><strong>lemauuiam.</strong></span> 
     </span>
    </p>
   </div>
  </div>
