3956 5752
152 321 317 383 ’1169

1393 320 1481 380 DE
1507 317 1781 380 MUSICA.
1808 346 1878 359 —
1898 313 2235 377 MONITUM.

3300 316 3443 372 “70

151 439 401 504 -0there,
433 435 562 492 item
597 434 816 498 Othere,
848 434 1047 499 Bnozo,
1086 433 1364 500 Adalram,
1402 433 1601 500 Zuozo,
1647 432 1762 487 Ma-
1786 435 1838 495 Α
1863 447 1982 502 quae
2025 433 2141 503 ipse
2185 433 2251 488 de
2297 446 2396 488 suo
2438 431 2680 497 tradidit,
2709 447 2830 488 cum
2868 430 2997 502 ipsis
3037 433 3288 489 oratoriis
3320 442 3444 504 post

179 528 398 599 ganlob,
431 527 639 590 Cozolt,
680 525 990 590 Ercltanolt,
1034 523 1281 590 Richart,
1319 523 1609 588 Ebnrhart,
1654 522 1762 577 Ra-

178 622 364 683 there,
417 619 740 681 Vodalhart,
781 618 1086 680 Gebebart,
1136 616 1437 680 Hildibold,
1481 615 1757 686 Adalung,

175 713 487 781 Ricbgovvo.
527 711 636 780 Ego
668 712 849 780 itaque
873 709 1077 765 Notker
1101 709 1285 780 jussus
1314 709 1596 780 descripsi.

903 801 1036 856 VIII.

659 907 919 947 I‘RECARIA
957 907 1276 946 WOLFIIARII.

791 982 964 1053 (Anno
993 982 1140 1054 904.)

245 1069 354 1140 Ego
385 1069 640 1124 Salomon
681 1071 1020 1126 ordinatione
1057 1072 1236 1127 divina
1266 1073 1566 1142 episcOpus,
1597 1080 1759 1141 atque

170 1159 336 1214 abbas
364 1160 675 1213 monasterii
707 1161 880 1214 sancti
909 1160 1071 1227 Galli,
1099 1162 1313 1216 decrevi
1343 1177 1463 1216 cum
1493 1177 1758 1216 consensu

169 1249 479 1304 earumdem
510 1249 765 1315 fratrum,
798 1260 852 1305 et
884 1268 1047 1305 manu
1091 1253 1334 1306 advocati
1365 1253 1471 1306 mei
1503 1251 1756 1318 Witonis,

169 1357 280 1408 res,
316 1357 452 1411 quas
490 1343 646 1397 nobis
676 1342 954 1399 Wolfhere
982 1345 1223 1409 tradidit,
1256 1345 1303 1399 ei
1337 1359 1434 1414 per
1469 1345 1609 1398 hanc
1637 1360 1760 1414 pre-

168 1432 373 1485 cariam
409 1441 744 1501 repraestare.
780 1433 1023 1487 Tradidit
1052 1443 1230 1488 autem
1263 1433 1417 1489 nobis
1446 1435 1587 1489 idem
1611 1433 1760 1488 Wol-

164 1522 320 1577 fbere
349 1516 606 1592 quidquid
637 1525 984 1595 proprietatis
1026 1527 1077 1580 in
1112 1525 1387 1597 Ringovve,
1419 1528 1474 1582 in
1513 1528 1631 1582 loco
1666 1527 1759 1596 qui

164 1613 362 1666 dicitur
387 1612 710 1684 Farniwaug
737 1627 788 1680 ει,
820 1625 874 1670 et
903 1617 954 1670 in
983 1618 1128 1671 omni
1157 1617 1242 1671 illa
1273 1618 1494 1674 marcha
1526 1619 1759 1673 circum-

162 1705 308 1758 circa
349 1699 788 1773 babuit,'vineis,
823 1709 988 1779 agris,
1017 1710 1210 1779 pratis,
1238 1711 1391 1766 silvis
1417 1711 1670 1782 propriis,
1704 1719 1760 1766 et

1864 527 2031 598 ipsius
2055 528 2284 592 obitum,
2316 535 2409 582 aut
2453 543 2485 582 a
2525 543 2583 583 se
2613 526 2866 582 sacculum
2911 527 3178 591 relictum,
3212 525 3265 580 in
3296 526 3444 581 ιιιιιί-

1817 609 1820 612 ’
1863 624 2028 672 tatem
2081 615 2305 672 fratrum
2333 618 2689 701 \redigantur.
2743 614 3092 673 Unam'vero
3137 617 3331 672 hobam
3388 616 3442 670 in

1863 705 2206 779 Farniwang,
2239 716 2294 762 et
2335 708 2661 778 mancipiola
2694 723 2810 772 sua,
2855 723 2976 762 cum
3013 708 3160 762 varia
3209 707 3442 778 supelle—

1766 820 1768 822 '
1862 800 1991 857 ctile
2019 811 2169 854 extra
2195 802 2337 856 hanc
2365 801 2703 856 traditionem
2735 801 2970 871 reliquit,
3001 809 3219 870 propter
3253 815 3442 869 quam-

1865 892 1986 946 dam
2019 892 2383 947 necessariam
2423 892 2776 962 propinquam
2824 906 2996 946 suam.
3037 889 3095 946 Si
3145 891 3265 960 quis
3312 905 3443 944 vero

1862 990 2049 1037 contra
2099 983 2240 1038 hanc
2291 983 2590 1052 precariam
2638 982 2822 1037 venire
2877 992 2934 1037 et
2978 997 3096 1038 eam
3150 980 3444 1051 infringere

1861 1081 2088 1130 conatus
2121 1071 2301 1136 fuerit,
2345 1073 2411 1126 ad
2457 1071 2646 1127 fiscum
2680 1073 2821 1143 regis
2851 1072 2968 1126 auri
3001 1071 3186 1126 uncias
3226 1087 3307 1134 ιιι,
3353 1086 3443 1124 ar-

1863 1165 2006 1237 genti
2057 1165 2222 1220 libras
2268 1180 2320 1218 v1
2366 1174 2586 1219 coactus
2626 1163 2916 1234 persolvat,
2949 1173 3002 1218 et
3044 1163 3160 1217 haec
3195 1161 3442 1232 precaria

1864 1257 2211 1313 nihilominus
2263 1258 2417 1311 firma
2458 1265 2512 1311 et
2556 1257 2764 1312 stabilis
2797 1265 3128 1326 permaneat.
3162 1255 3355 1309 Actum
3387 1254 3443 1308 in

1863 1351 2158 1406 I-leninowa
2195 1352 2239 1416 ε,
2273 1351 2326 1404 in
2372 1349 2591 1404 basilica
2640 1348 2872 1420 publice,
2913 1346 3266 1418 praesentibus
3310 1360 3444 1414 quo-

1863 1458 1981 1496 rmn
2010 1443 2096 1496 hic
2125 1442 2277 1514 signa
2306 1441 2670 1496 continentur.
2702 1440 2814 1509 Sig.
2849 1438 3154 1493 Salomonis
3206 1435 3442 1507 episcopi

1862 1543 1918 1588 et
1963 1534 2204 1588 advocati
2265 1532 2379 1602 ejns
2427 1531 2680 1587 Witonis.
2734 1531 2844 1601 Sig.
2886 1529 3172 1584 Folcbardi
3225 1526 3439 1590 dccani,

1862 1622 2058 1679 Otwini
2120 1624 2437 1688 sacratarii,
2489 1622 2712 1678 Beronis
2764 1622 3069 1692 praepositi,
3118 1619 3443 1674 'Winidharii

1861 1716 2107 1785 portarii,
2160 1715 2465 1785 Engelberti
2516 1714 2822 1769 camerarii.
2875 1712 2984 1784 Sig.
3027 1710 3359 1775 Wolfharii,
3389 1718 3445 1764 et

163 1810 260 1849 usu
309 1798 700 1864 communium,
732 1801 947 1870 pascuis
985 1809 1040 1855 et
1077 1801 1382 1872 paludibus,
1417 1803 1752 1873 alpibusque,
1786 1790 1833 1849 Β
1861 1809 2105 1863 advocati
2137 1804 2254 1875 ejus
2281 1806 2508 1870 Otbarii,
2539 1821 2636 1875 per
2672 1805 2826 1876 cujus
2863 1818 3078 1857 manum
3123 1803 3292 1871 ipsam
3334 1811 3444 1855 tra-

162 1888 341 1955 aquis,
383 1904 756 1961 aquarumque
799 1893 1141 1960 decursibus,
1174 1904 1334 1965 atque
1376 1896 1587 1961 usibus,
1621 1896 1754 1950 tedi-

160 1978 298 2033 ficiis
351 1997 565 2052 quoque
624 1984 1035 2055 multiplicibus,
1090 1996 1144 2042 et
1199 1977 1457 2058 quidQuid
1520 1989 1571 2043 in
1621 1990 1756 2042 Dur-

159 2084 337 2137 gowe,
371 2071 423 2124 in
458 2072 578 2127 loco
618 2075 708 2144 qui
743 2076 942 2131 dicitur
972 2079 1340 2133 szonwilare
1372 2081 1420 2146 ι),
1461 2088 1515 2134 et
1556 2080 1610 2134 in
1637 2096 1754 2135 om-

161 2161 320 2213 nibus
369 2161 484 2228 ejus
543 2165 826 2231 confiniis,
881 2183 911 2221 a
965 2171 1271 2238 potentibus
1311 2171 1652 2237 hominibus,
1699 2183 1753 2227 et

161 2248 413 2320 legitimis
458 2254 760 2313 Itzeretlibus
801 2262 1030 2328 accepit,
1073 2271 1165 2315 aut
1201 2263 1509 2318 onmimoda
1544 2257 1752 2333 sagaci—

163 2350 274 2395 tate
323 2351 376 2396 et
419 2343 684 2400 industria
732 2351 1036 2418 acquisivit.
1078 2353 1154 2406 Eo
1203 2362 1381 2422 pacto,
1427 2362 1484 2406 ut
1528 2369 1624 2422 pro
1669 2354 1752 2408 bis

163 2435 327 2488 rebus
363 2435 573 2504 villam,
619 2454 738 2507 qua:
785 2441 983 2494 dicitur
1013 2441 1329 2496 Linbmanni
1361 2455 1407 2508 ε,
1442 2453 1495 2497 et
1535 2459 1748 2511 posses-

163 2525 486 2590 siunculam,
527 2545 646 2598 qua:
686 2530 886 2585 dicitur
932 2531 1238 2587 Willoboldi
1290 2534 1450 2600 fabri,
1489 2546 1543 2589 et
1589 2536 1750 2589 aliam

156 2615 308 2685 juxta
336 2618 702 2675 Roccowilare
723 2622 772 2687 ά,
792 2623 981 2678 diebus
995 2624 1117 2678 vitae
1140 2641 1250 2680 sua:
1263 2628 1362 2680 sub
1391 2641 1559 2681 censu
1595 2627 1752 2682 unius

162 2710 371 2764 denarii
418 2713 848 2786 possideat..Sed
885 2723 940 2769 et
977 2715 1064 2769 illa
1103 2732 1198 2770 sna
1249 2705 1458 2786 pariter
1499 2718 1748 2784 retineat,

162 2802 334 2856 donec
355 2801 507 2881 juxta
539 2805 866 2861 voluntatem
898 2818 1167 2864 rectorum
1207 2810 1445 2880 ejusdem
1483 2821 1774 2867 monaste—-

163 2892 250 2957 rii,
283 2905 332 2948 ct
366 2895 791 2953 misericordiam
843 2899 958 2966 Dei,
987 2901 1160 2956 eidem
1201 2905 1603 2976 congregationi
1648 2921 1744 2961 co—

164 2998 432 3042 nectatur.
478 2988 606 3045 Post
651 2990 766 3059 ejus
811 3009 938 3048 vero
986 2995 1211 3060 obitum,
1260 3007 1352 3051 aut
1397 2999 1576 3053 smculi
1623 3013 1752 3054 con-

161 3079 454 3150 templum,
509 3100 729 3154 compar
771 3087 910 3141 illius
948 3086 1270 3154 Hilddruda,
1309 3100 1362 3144 et
1399 3091 1537 3146 filius
1581 3093 1749 3162 ipsius

159 3173 487 3247 Wolftbrige
524 3178 894 3234 beneliciolum
931 3180 1058 3235 illud
1091 3183 1140 3236 in
1172 3183 1743 3254 Liubmauneswilare,

161 3276 218 3318 et
265 3269 747 3336 possessiunculam
790 3270 1120 3338 Willoboldi,
1150 3284 1205 3329 et
1233 3275 1378 3330 illam
1416 3278 1470 3333 in
1505 3278 1748 3334 Roccon-

161 3355 372 3418 wilare,
399 3358 584 3412 diebus
609 3369 812 3414 tantum
841 3364 964 3417 vitae
993 3380 1103 3419 suae
1131 3367 1436 3434 possideant
1458 3370 1557 3425 sub
1583 3386 1746 3426 censu

163 3447 394 3500 duorum
461 3449 825 3507 denariorum.
883 3454 1010 3510 Post.
1075 3456 1283 3512 illorum
1346 3475 1475 3514 vero
1540 3462 1744 3516 obitum

162 3547 358 3590 cuncta
411 3537 496 3592 illa
548 3542 770 3597 redeant
818 3545 884 3597 ad
941 3535 1348 3601 monasterium.
1397 3548 1501 3604 Sed
1544 3560 1600 3604 et
1643 3554 1747 3606 duo

157 3629 476 3694 oratoriola,
511 3632 562 3685 in
594 3634 759 3705 Berge
789 3646 814 3674 ι
845 3636 1115 3692 scilicctet
1143 3638 1442 3695 Steinalnm
1472 3641 1492 3680 τ
1519 3657 1582 3697 ea
1619 3657 1750 3698 con-

161 3718 369 3774 ditione
412 3725 669 3794 suscepit,
712 3727 762 3779 in
817 3729 1102 3783 missarum
1151 3745 1214 3785 ac
1257 3731 1568 3800 psalmodite
1613 3733 1752 3789 cele-

159 3811 430 3879 bratione,
474 3827 635 3884 atque
689 3817 1034 3875 lnminariutn
1087 3825 1608 3881 sumministratione
1659 3845 1751 3882 cu-

157 3903 353 3967 randa,
388 3914 443 3958 ut
478 3899 762 3962 annuatim
811 3910 884 3964 illi
918 3927 948 3964 a
982 3911 1193 3968 Decano
1233 3915 1402 3985 ipsius
1440 3919 1750 3974 monasterii

115 4024 122 4030 κ
156 3994 359 4047 dentur
403 3999 552 4066 porci
597 3999 828 4069 saginati
873 4010 999 4064 tres,
1034 4012 1087 4058 et
1133 4016 1366 4076 quatuor
1406 4010 1645 4066 carrada:
1679 4012 1747 4067 de

147 4099 353 4154 grano,
385 4088 501 4141 duae
533 4091 598 4145 de
626 4091 856 4163 siligine,
887 4096 1005 4151 duae
1025 4087 1096 4152 de
1122 4087 1326 4165 avena;
1356 4108 1410 4156 et
1433 4117 1498 4156 ea
1528 4112 1745 4170 cuncta,

125 4304 130 4307 _
231 4277 258 4304 ει
303 4261 470 4332 Hujus
513 4265 745 4343 neminis
772 4266 947 4343 locum
986 4270 1038 4325 in
1070 4273 1369 4343 Rhingovia
1405 4277 1552 4332 circa
1592 4277 1738 4333 Rbe-

150 4350 288 4406 ῃιιιιι
344 4335 884 4406 ειιιινιινΒιίείιιιιὶιιιιι
937 4357 1040 4393 non
1094 4335 1326 4396 invenio.
1378 4347 1568 4399 Exstat
1611 4363 1742 4402 vero

149 4405 496 4481 Farwangen
532 4405 601 4481 it_t_
615 4405 836 4481 antiqua
878 4410 1111 4481 Argovia
1137 4423 1191 4467 et
1221 4413 1424 4469 ditione
1447 4415 1739 4471 Bcrnatunt

149 4491 326 4545 prope
358 4476 527 4530 lacum
559 4476 976 4536 Hallwilensem:

235 4546 264 4584 ι)
305 4545 548 4602 Utzweil.

233 4626 256 4653 ο
298 4615 416 4695 I._e.
451 4616 1020 4695 Liubmanneswilare,
1059 4630 1126 4695 ut
1158 4625 1428 4695 sequitur;
1469 4626 1596 4683 hod.
1641 4626 1742 4683 Le-

155 4688 530 4752 ntensehwcil,
562 4704 655 4744 seu
683 4689 1152 4750 meenscltweil.

234 4755 262 4796 ἀ
300 4758 590 4829 Roggweil.

247 4835 271 4863 ε
299 4829 452 4903 Berg.

164 4945 238 4958 β

239 4947 1267 4973 m

429 4959 1267 4973 ήκω

1270 4944 3198 4975 MM

1832 1899 2116 1953 'ditionem
2169 1897 2416 1968 perfecit.
2466 1897 2578 1968 Sig.
2610 1894 2955 1959 Vodalrichi,
3006 1893 3316 1956 Eskerichi,
3347 1891 3442 1946 Ri—

1859 1989 2062 2052 oblozi,
2118 1987 2319 2052 Arolfl,
2367 1987 2656 2052 Immonis,
2701 1984 2946 2049 Wettini,
2983 1983 3290 2046 Eolchardi,
3331 1982 3441 2037 Ha-

1858 2081 2086 2144 domari,
2109 2080 2385 2143 Cozbcrti,
2413 2078 2764 2141 Adalratnmi,
2793 2075 3094 2141 Wacharii,
3116 2072 3440 2137 Wolfhardi,

1856 2171 2177 2237 Ellenbaldi,
2220 2170 2516 2233 Adalberti,
2561 2168 2816 2238 Zullingi,‘
2853 2167 3093 2238 Ratpoti,
3135 2163 3442 2225 Hildiberti,

1853 2263 2158 2327 Adalberti,
2194 2262 2482 2326 Buozonis,
2512 2260 2861 2316 Willoltelmi.
2895 2260 3004 2330 Ego
3034 2259 3217 2327 itaque
3243 2255 3446 2310 Notker

1857 2356 2112 2424 indignus
2151 2355 2450 2409 monachus
2492 2363 2548 2408 et
2593 2352 2921 2421 ltospitarius
2962 2351 3019 2405 S.
3048 2349 3185 2405 Galli
3227 2357 3444 2418 rogatus

1859 2447 2072 2514 scripsi.
2105 2445 2295 2500 Notavi
2327 2445 2492 2510 diem,
2532 2460 2584 2498 IV
2622 2442 2724 2497 fer.
2757 2457 2832 2496 xu
2867 2443 2895 2482 ιι
2927 2440 3046 2496 Kal.
3090 2440 3209 2496 Oct.
3243 2434 3445 2493 annum

1853 2551 1887 2589 v
1918 2537 2158 2606 regni....

2627 2627 2718 2683 IX.

2370 2736 2624 2776 TRADITIO
2659 2733 2937 2775 NANDOLFI.

2477 2809 2648 2880 (Anno
2679 2807 2828 2880 909.)

1925 2902 1982 2959 In
2025 2903 2118 2959 Dei
2159 2904 2545 2974 omnipotentis
2593 2903 2828 2956 nomine.
2875 2901 2987 2971 Ego
3027 2897 3264 2954 Nandolf
3291 2898 3444 2952 trado

1853 2996 1920 3050 ad
1949 2989 2338 3050 monasterium
2384 2995 2441 3050 S.
2471 2993 2631 3057 Galli,
2660 2993 2748 3047 ubi
2788 2993 2947 3048 modo
2988 2990 3310 3046 venerabilis
3343 2988 3439 3043 Sa-

1853 3091 2034 3145 lomon
2075 3090 2213 3145 abba
2249 3103 2482 3160 praeesse
2513 3087 2871 3159 dignoscitur,
2895 3084 3151 3154 quidquid
3184 3082 3436 3152 proprie-

1854 3183 1982 3236 tatis
2027 3183 2078 3237 in
2121 3181 2538 3237 Gozzosowarro
2571 3180 2810 3244 marclto,
2851 3178 2904 3233 in
2936 3177 3056 3231 villa
3089 3174 3439 3230 Adelineswi-

1854 3274 1968 3331 lare
2003 3279 2018 3316 ί
2055 3276 2317 3330 hodierna
2347 3275 2434 3330 die
2463 3275 2611 3329 visus
2649 3289 2767 3328 sum
2813 3270 3109 3342 possidere.
3155 3269 3344 3322 Actum
3385 3266 3438 3318 in

1854 3365 2224 3422 Herinesowa.
2264 3365 2490 3435 Signum
2519 3365 2686 3434 ipsius
2727 3361 2993 3425 Nandolfi,
3027 3359 3117 3430 qui
3159 3359 3298 3412 hanc
3331 3366 3438 3410 tra-

1855 3458 2112 3514 ditionem
2144 3474 2304 3513 manu
2335 3473 2432 3512 sua
2476 3457 2624 3512 fecit.
2656 3454 2823 3533 Signa
2853 3463 2906 3510 et
2933 3453 3159 3506 aliorum
3193 3449 3432 3511 leStittlt),

1856 3550 2172 3619 Thiotpert,
2228 3550 2429 3614 Puoto,
2487 3547 2788 3613 Wolfhart,
2839 3545 3111 3608 Winerat,
3153 3541 3433 3600 Adalrant.

1795 3656 1802 3660 ‘
1853 3639 2069 3705 Waldo,
2115 3642 2243 3696 item
2276 3640 2570 3705 Wolfltart,
2598 3639 2766 3704 Wito,
2804 3634 3098 3698 Thietrich,
3133 3631 3429 3690 Waldram.

1854 3731 2074 3802 Albgoz.
2115 3732 2225 3803 Ego
2268 3730 2471 3786 Notker
2519 3730 2769 3800 indignus
2814 3727 3110 3782 monachus
3157 3724 3221 3777 ad
3264 3722 3434 3775 vicem

1852 3821 2125 3892 praepositi
2172 3820 2400 3886 Cozolti,
2429 3820 2520 3889 qui
2560 3821 2700 3874 hanc
2743 3817 3081 3872 traditionem
3130 3828 3289 3866 manu
3341 3825 3435 3864 sua

1853 3913 2110 3982 suscepit,
2143 3921 2408 3980 praesente
2447 3911 2707 3965 advocato
2747 3923 2844 3963 suo
2881 3905 3201 3973 Amalungo,
3245 3902 3437 3971 scripsi

1854 4015 1909 4062 et
1931 4006 2245 4076 subscripsi.
2268 4003 2460 4059 Notavi
2492 4005 2655 4070 diem,
2684 4019 2742 4058 ιιι
2767 4003 2866 4057 fer.
2897 4015 2968 4055 xv
2993 4000 3111 4055 Kal.
3137 4000 3361 4067 August.
3389 3993 3438 4058 ι,

1854 4113 1997 4156 anno
2031 4114 2144 4154 xvu
2173 4099 2198 4138 ιε
2229 4097 2392 4170 regis,
2421 4098 2522 4154 sub
2548 4096 2836 4154 Adalberto
2871 4093 3091 4151 comite.

1925 4276 1946 4316 ί
1990 4277 2266 4333 Steinach.
2301 4274 2524 4343 Singula
2556 4273 2608 4327 in
2638 4271 2926 4343 Turgovia.‘

1924 4351 1949 4388 8
1988 4348 2212 4402 Hennan
2242 4346 2293 4397 in
2319 4345 2502 4414 comit.
2535 4344 2906 4414 Toggenburg.

1918 4418 1946 4456 h
1988 4417 2116 4487 Leg.
2145 4433 2240 4469 xm
2271 4415 2385 4469 Kal.
2416 4407 2773 4487 0_ctob.,"qn:_x:
2800 4407 2917 4468 erat
2946 4413 3079 4487 fcria
3107 4428 3158 4467 tv
3192 4427 3280 4465 an.
3309 4407 3435 4478 904,

1849 4483 2352 4551 Ludoviciinfantis
2376 4485 2584 4554 quinto,
2613 4484 2692 4538 lit.
2728 4483 2878 4538 Dom.
2909 4485 3022 4540 AG.
3182 4499 3189 4504 '
3290 4553 3293 4554 ν
3362 4548 3367 4552 ,

1927 4560 1944 4598 ί
1989 4559 2044 4612 In
2095 4559 2289 4610 finibus
2336 4551 2609 4610 Gossaviae
2653 4554 2856 4608 nullum
2905 4555 3079 4608 locum
3126 4553 3300 4622 reperi
3344 4551 3435 4622 qui

1849 4637 2039 4684 nostro
2067 4627 2257 4682 similis
2284 4628 2375 4690 sit,
2405 4626 2506 4681 nisi
2532 4625 2741 4680 Amveil
2770 4640 2862 4681 seu
2891 4624 3137 4696 Andwyl.

1923 4698 1936 4748 i
1990 4699 2093 4753 Lit.
2120 4699 2271 4752 Dom.
2298 4699 2341 4750 A

1921 4765 1950 4807 ι
1984 4769 2112 4841 Leg.
2147 4785 2180 4822 x
2209 4768 2291 4822 vel
2323 4782 2419 4822 xm

970 5053 1685 5202 .NOTKERI-
1732 5061 1908 5173 DE
1995 5013 2569 5174 MUSICA.

931 5232 1122 5303 (Apud
1167 5233 1230 5288 Ι).
1289 5233 1580 5308 Gerbert.,
1654 5237 1964 5329 Scriptores
2015 5240 2084 5295 de
2135 5236 2383 5308 Musica,
2436 5246 2568 5294 tom.
2618 5238 2722 5320 Ι.)

1627 5355 2004 5376 ψ

1471 5433 2104 5529 MONITUM.

224 5561 679 5653 N_otlteri_l3alb:l'li
696 5566 1141 5653 explanationem
1172 5569 1310 5653 9th
1337 5574 1556 5653 singuer
1587 5579 1783 5653 (inerte
1802 5585 1858 5636 in
1879 5579 2325 5653 superscriptione
2351 5572 2655 5653 signiﬁcent
2684 5603 2764 5646 (τα
2779 5589 3017 5653 “nemp,
3063 5570 3203 5653 post

147 5633 295 5689 Leet.
324 5636 507 5700 antiq.
537 5643 573 5685 t.
606 5633 669 5695 Il,
696 5649 750 5702 p.
777 5633 862 5712 ιιι,
887 5656 937 5709 ρ.
971 5639 1090 5726 1ῼ8,
1121 5633 1214 5722 (ηιξ
1230 5633 1469 5752 Basnag'.l
1496 5633 1719 5703 damus.

2030 5634 3014 5752 autalteri'nsﬁojkeri,'£;j,'é3}ﬁs'
3055 5634 3249 5732 uicit-ape
3296 5634 3503 5687 videtur

1788 5740 1852 5752 “"
1934 5741 1956 5752 η
2005 5736 2119 5752 ηυδε·
2167 5737 2277 5752 ονε-ιη
2347 5733 2476 5752 mum-
2508 5729 2566 5752 ιη*
2611 5733 2673 5752 ν-
2759 5750 2762 5752 _
2806 5736 2968 5752 "Jun
3034 5725 3054 5734 -
3109 5725 3114 5728 -

1091 5727 1278 5750 mncmn
1330 5725 1469 5752 nurui
1493 5735 1557 5752 ην
1597 5732 1682 5752 "\c
1745 5725 1770 5752 ς

1885 5725 2119 5752 ΠηΙΙΛιὶέί
2167 5737 2277 5752 omn
2347 5725 2566 5752 n‘rnilnl‘
2611 5733 2673 5752 ν.
2759 5750 2762 5752 .
2806 5736 2836 5752 1ο
2865 5739 2968 5752 .-.ιη
3034 5725 3114 5734 ””””

2108 5719 2119 5752 ί
2167 5737 2277 5752 (ιη-ιη
2347 5717 2566 5752 Λίνηίίβν
2611 5733 2673 5752 ν-
2759 5750 2762 5752 .
