3956 5400
506 328 664 385 ΑΓΗ

1454 324 1504 380 Β.
1548 322 1849 380 NOTKERI
1888 320 2181 379 BABBULI
2221 317 2861 381 8.⁴‹;Αιι.ιιιιοΝΑοιιι

3672 314 3807 383 tm‘

603 441 759 513 apud
788 440 1039 497 eumdem
1068 438 1401 513 Cauisium_._.
1426 453 1474 513 c_.
1502 452 1556 506 p.
1581 436 1705 513 199.
1728 435 1878 513 _(_Jla_r.
1904 434 1974 513 P_._
1987 428 2230 513 dedecus
2253 427 2470 513 hlezler,
2486 436 2811 513 monasterii
2940 435 3077 493 eam
3102 430 3382 510 professus
3411 448 3471 496 et
3509 438 3612 495 SS.
3633 424 3796 501 Cane-

538 506 669 569 nutu
690 514 902 579 doctor,
930 520 1159 566 testantur
1181 509 1323 580 quod
1350 508 1618 582 Notherus
1651 506 1903 582 Balliulus
1926 506 2304 582 dilucidavcrit
2338 526 2356 559 ι
2391 507 2568 582 amico
2588 507 2800 582 cuidam
2844 508 3050 582 litteras
3074 506 3383 582 alphabcu,
3416 528 3554 582 quas
3595 514 3800 582 quibus-

539 582 664 639 dam
705 576 903 638 uotnlis
931 576 1345 651 autiphouarum
1372 579 1661 632 alliuxerat
1692 576 1968 651 [imitantis
1990 577 2207 651 quidam
2240 590 2287 640 ι,
2318 578 2508 651 quiab
2531 578 2772 651 Adriano
2799 592 2934 650 papa
2963 578 3029 634 ad
3069 576 3385 636 instantiam

3465 582 3797 655 aIOIhMani

538 662 733 708 cantor
758 653 1016 710 ecclesias
1046 647 1342 707 Galliarum
1368 651 1421 703 in
1456 657 1614 703 cantu
1664 648 1729 703 ad
1783 647 2098 719 primaevam
2149 647 2355 703 morem
2406 647 2797 719 Gregorianum
2846 647 3138 707 reducebat
3182 652 3521 708 aberrantes.
3558 673 3577 705 ι
3612 647 3799 710 lbidétn

533 722 802 779 Notkerus
832 723 1087 779 Balliulus
1117 722 1414 795 scripsisse
1437 721 1609 795 fertur
1630 720 1695 773 de
1724 717 2009 795 Miisieaet
2061 717 2398 795 Symphouia
2450 717 2648 795 librum
2686 735 2885 795 unum.
2938 722 3089 795 Quod
3151 733 3351 795 tamen
3373 725 3520 779 haud
3543 736 3672 795 puto
3691 740 3800 781 esse

467 809 483 833 ι
534 796 859 851 theotiseum
888 788 1450 865 illudopusctilunrde
1474 790 1893 865 inusiea,_qual_e
1930 790 2017 845 hic
2040 788 2361 865 es'liibemus
2385 806 2399 855 ;
2425 789 2521 865 sed
2542 789 2700 865 alteri
2729 788 2904 865 potius
2942 791 3201 865 Notkero,
3251 793 3448 865 utjam
3483 788 3799 861 tnouuimus,

534 867 680 921 dicto
707 866 866 937 tertio
890 865 970 921 Vel
998 858 1247 930 Labeoni,
1282 862 1467 937 itidem
1494 858 1869 937 Sa_n-_G_alleusi
1896 860 2183 937 atqueeho,
2213 860 2432 937 videtur
2456 858 2870 937 adscribendum
2899 880 2912 916 :
2948 862 3099 937 cujus
3138 866 3289 937 varia
3312 858 3478 936 opera
3533 866 3585 919 in
3636 858 3800 937 lingua

533 941 704 993 veteri
742 936 1004 992 thedtisca
1052 928 1272 990 erarata
1302 930 1517 987 exhibet
1546 930 1846 987 Schiltcrus
1890 937 1930 985 t.
1958 929 1979 985 Ι
2004 928 2271 988 Thesauri
2309 932 2572 1003 Antiquit.
2606 930 2833 986 Teuton.
2862 928 3041 988 oualia
3080 948 3108 988 a
3135 928 3362 992 Balbqu
3389 937 3664 991 elaborata
3694 928 3801 992 Esse

530 1008 776 1078 uuslilaln
801 1023 887 1064 ine
916 1006 1111 1077 legisse
1134 1006 1382 1062 memini.

602 1108 627 1136 ει
653 1097 727 1152 De
760 1099 863 1154 hoc
894 1099 1106 1169 egimus
1143 1097 1279 1153 Mus.
1314 1096 1522 1153 Eccles.
1559 1094 1624 1150 Τ.
1653 1095 1690 1159 1,
1722 1108 1843 1168 pag.
1875 1092 2002 1149 274.

849 1235 1040 1304 QUOD
1078 1234 1401 1291 SINGULIE
1443 1228 1766 1290 LI'I‘TEltAE
1810 1230 1875 1286 IN
1912 1213 2552 1289 sursusCtur'rIONE
2591 1213 3016 1294 SIGNIFICENT
3055 1213 3500 1309 summatm.

603 1329 827 1397 Νοτκιῑιι
857 1330 1152 1388 Ιιιιιιιιειιτο
1188 1330 1344 1387 fratri
1372 1330 1603 1386 salutem

599 1421 737 1489 Quid
773 1422 996 1494 singula:
1022 1419 1215 1479 littera:
1250 1423 1303 1477 in
1331 1421 1790 1493 superscriptione
1814 1419 2117 1494 signiﬁcent

527 1516 836 1581 cantiletne,
866 1526 1027 1587 prout
1049 1516 1198 1588 potui
1217 1515 1372 1585 juxta
1399 1525 1543 1570 tuam
1582 1512 1902 1585 petitionem
1928 1510 2117 1582 expla-

527 1623 661 1663 nare
682 1609 891 1663 curavi.

525 1699 598 1765 A,
636 1708 696 1753 ut
732 1698 895 1754 altius
924 1697 1188 1765 elevetur,
1217 1701 1493 1753 admouet.

528 1790 592 1857 B,
633 1792 930 1848 secundum
962 1792 1201 1862 litteras,
1240 1792 1436 1864 quibus
1479 1798 1811 1863 atuungttur,
1854 1800 1913 1844 ut
1959 1801 2116 1853 neue,

598 1885 827 1942 multum
869 1886 1183 1953 extollatur,
1233 1885 1316 1942 vel
1361 1894 1641 1958 gravetur,
1688 1885 1804 1940 sive
1848 1892 2117 1947 teneatur,

596 1975 853 2047 belgicat.

526 2066 588 2132 C,
632 2077 691 2122 ut
720 2068 849 2134 cito,
877 2068 961 2125 vel
995 2068 1248 2126 celeriter
1279 2068 1511 2135 dicatur,
1550 2067 1834 2123 certilicat.

526 2166 593 2232 Ι),
618 2175 677 2221 ιιι
705 2166 1063 2238 deprimatur,
1090 2166 1449 2241 demonstrat.

526 2257 595 2324 Ε,
620 2265 680 2313 ιιι
703 2258 985 2328 aequaliter
1013 2265 1255 2323 sonetur,
1284 2257 1577 2327 eloquitur.

526 2349 590 2415 ιτ,
625 2359 684 2406 ιιι
707 2366 830 2405 cum
862 2350 1079 2421 fragore
1106 2364 1199 2406 seu
1241 2348 1492 2404 frendere
1525 2347 1772 2411 feriatur,
1799 2344 2022 2416 ﬂagitat.

525 2440 595 2506 (ἰ,
631 2451 691 2496 ut
720 2441 775 2496 in
789 2449 1010 2512 gutture
1034 2441 1302 2513 gradatim
1323 2439 1652 2510 garruletur,
1680 2437 1910 2509 genuine
1935 2445 2123 2508 gratu-

602 2533 648 2586 la
658 2542 762 2587 tur.

524 2624 591 2691 ll,
633 2634 693 2679 ut
736 2632 948 2680 tantum
992 2625 1047 2680 in
1083 2624 1355 2697 scriptura
1400 2623 1625 2695 aspirat,
1679 2622 1751 2677 ita
1795 2629 1850 2677 et
1898 2621 1951 2676 in
1991 2628 2119 2677 nota

592 2716 826 2787 idipsum
858 2717 1088 2772 habitat.

519 2806 563 2873 1,
581 2806 764 2877 jusum
802 2808 888 2864 vel
919 2808 1144 2865 inferius
1192 2809 1448 2875 insinuat,
1484 2808 1977 2880 gratitudinemque
2016 2821 2116 2878 pro

593 2916 648 2971 g.
680 2900 950 2956 interdum
977 2899 1202 2957 indicat.

519 2990 587 3058 Κ,
618 2992 743 3049 licet
774 2992 913 3061 apud
945 2990 1169 3048 Latinos
1193 2990 1327 3047 nihil
1369 2989 1568 3059 valeat,
1618 2991 1759 3062 apud
1786 3006 1887 3046 nos
1933 2998 2116 3047 tamen

593 3083 926 3140 Alemannos
954 3098 1055 3153 pro
1081 3106 1126 3156 χ
1157 3082 1343 3139 Graeca
1372 3082 1608 3153 positum
1632 3081 1902 3152 chlenige,
1928 3080 1980 3137 id
2007 3092 2113 3146 cst,

597 3175 813 3246 elangc,
850 3175 1117 3230 clamitat.

524 3267 586 3334 L,
620 3268 802 3324 levare
832 3269 1066 3325 laetatur.

520 3362 592 3428 Μ,
643 3364 1007 3428 mediocriter,
1039 3361 1349 3432 melodiam,
1396 3360 1691 3430 moderari,
1735 3358 2113 3427 mendicando,

594 3465 881 3513 ιιιοιιιοηι.

521 3545 592 3614 Ν,
623 3557 835 3614 notare,
863 3549 966 3605 hoc
989 3558 1092 3615 est,
1134 3549 1425 3613 noscitare,
1455 3547 1720 3606 notillcat.

535 3662 3383 3689 ww“

2143 1333 2196 1394 Α
2221 1327 2287 1407 0,
2330 1328 2554 1402 ﬁguram
2582 1332 2664 1387 sui
2697 1332 2751 1409 in
2774 1346 2871 1388 ore
2901 1334 3175 1390 cantantis
3199 1334 3439 1391 ordinat.

2222 1422 2284 1493 Ρ,
2316 1425 2674 1493 pressionem,
2703 1426 2789 1482 vel
2818 1428 3165 1498 prensionem
3190 1427 3472 1498 praedicat.

2222 1515 2287 1583 ρ,
2322 1516 2374 1571 in
2416 1516 2907 1588 signiﬁcationibus
2945 1530 3195 1577 notarum
3223 1537 3322 1577 cur
3344 1521 3668 1591 qnzeratur?
3691 1536 3801 1577 call

2291 1606 2456 1664 etiam
2500 1609 2554 1664 in
2585 1611 2767 1667 verbis
2796 1611 2864 1667 ad
2896 1612 3028 1668 nihil
3073 1613 3218 1668 aliud
3267 1614 3567 1680 scribatur,
3612 1614 3714 1669 nisi
3753 1624 3804 1669 ut

2234 1754 2239 1769 ,
2293 1719 2525 1774 sequens
2548 1706 2588 1761 V
2617 1707 2725 1761 vim
2751 1723 2903 1763 suam
2930 1709 3181 1765 amittere
3208 1710 3492 1780 quaeritur.

2222 1794 2290 1861 ll,
2326 1798 2706 1855 rcctitudinem
2763 1800 2849 1855 vel
2894 1817 3140 1857 rasuram
3185 1817 3296 1857 non
3344 1802 3688 1867 abolitionis,
3722 1805 3803 1859 sed

2236 1928 2253 1959 η
2295 1890 2642 1961 crispationis
2678 1893 2911 1964 rogitat.i

2222 1987 2281 2051 S,
2311 2001 2496 2042 susum
2528 1986 2610 2041 vel
2639 2001 2855 2043 sursmu
2884 1986 3167 2049 scandere,
3198 1986 3402 2042 sibilat.

2224 2074 2287 2141 Τ,
2330 2077 2546 2131 trahere
2574 2076 2658 2133 vel
2702 2086 2887 2132 tenere
2924 2077 3143 2141 debere,
3177 2086 3434 2132 testatur.

2222 2166 2446 2239 1δ’,ιιίυρι
2475 2168 2673 2223 amissa
2713 2168 2766 2222 in
2804 2182 2925 2231 sua,
2958 2168 3121 2223 veluti
3154 2168 3312 2225 valde
3343 2169 3457 2223 \‘au
3495 2167 3709 2231 Grata,
3734 2169 3805 2224 vel

2295 2257 2543 2323 llebrtea,
2574 2258 2832 2314 velificat.

2225 2350 2293 2417 X,
2338 2351 2586 2422 quamvis
2636 2350 2828 2406 Latina
2874 2351 3037 2407 verba
3088 2366 3185 2420 per
3232 2366 3295 2407 se
3346 2351 3600 2417 inchoet,
3644 2362 3802 2407 tam

2293 2454 2612 2515 exSpectare
2638 2444 2859 2514 expetit.

2234 2530 2294 2595 Υ,
2324 2533 2465 2603 apud
2498 2533 2719 2588 Latinos
2748 2532 2879 2588 nihil
2908 2533 3204 2604 hymnizat.

2224 2625 2286 2690 Ζ,
2320 2640 2448 2680 vero
2469 2626 2596 2683 licet
2635 2634 2689 2680 et
2729 2624 2845 2695 ipsa
2876 2634 3022 2680 mere
3041 2624 3255 2691 Graeca,
3282 2635 3340 2681 et
3369 2626 3443 2679 oh
3474 2626 3532 2680 id
3568 2626 3802 2695 quene-

2148 2698 2194 2757 Β
2295 2716 2530 2773 cessaria
2575 2716 2853 2779 Romanis,
2890 2725 3110 2786 pmpter
3155 2716 3481 2786 prsedictam
3530 2724 3727 2772 tamen.
3767 2715 3802 2769 ll

2295 2808 2489 2863 litterae
2532 2806 2943 2876 occupationem
2980 2805 3048 2862 ad
3100 2805 3207 2861 alia
3253 2807 3569 2876 requirere.
3621 2807 3674 2862 In
3723 2821 3802 2862 su

2296 2897 2498 2969 lingua,
2534 2897 2689 2952 zitise
2717 2897 2955 2968 require.

2296 2997 2615 3068 Ubicunque
2644 3007 2824 3055 autem
2855 2999 2995 3064 dum,
3026 2998 3107 3053 vel
3138 3008 3276 3060 tres.
3323 3009 3419 3053 aut
3458 2998 3649 3069 plures
3686 2998 3806 3053 litte-

2224 3104 2297 3144 ra!
2330 3099 2607 3158 ponuntur
2650 3089 2702 3142 in
2735 3105 2845 3143 uno
2888 3088 3028 3155 loco,
3061 3104 3126 3143 ex
3163 3088 3456 3158 superiore
3502 3089 3807 3157 interpreta-

2223 3180 2388 3243 tione,
2446 3180 2786 3249 maximeque
2817 3180 2927 3243 illa,
2969 3195 3133 3250 quam
3182 3180 3250 3233 de
3293 3179 3335 3233 B
3372 3180 3516 3243 dixi,
3544 3180 3674 3249 quid

2222 3271 2413 3341 velint,
2466 3271 2628 3328 facile
2683 3272 2886 3343 poterit
2925 3272 3155 3331 adverti.
3198 3270 3460 3326 Salutant
3513 3281 3571 3326 te
3621 3270 3807 3325 ΕΙιίεῶ

2221 3358 2457 3427 fratres;
2507 3372 2789 3417 monentes
2844 3372 2897 3418 te
2948 3361 3063 3416 fieri
3122 3362 3190 3418 de
3240 3362 3462 3417 ratione
3514 3360 3807 3417 etnbolin'

2224 3454 2474 3521 triennis,
2507 3463 2566 3511 ut
2594 3442 2800 3527 alisque
2841 3470 3031 3513 errore
3061 3471 3272 3526 gnarus
3297 3472 3423 3512 esse
3447 3457 3637 3513 valeas
3673 3457 3807 3513 b'u'a-

2223 3545 2312 3603 nis
2341 3555 2652 3616 contempto
2684 3547 2861 3617 pretio
2884 3547 3196 3602 divitiarum
3237 3546 3463 3603 Xerxis.

1887 3730 1975 3785 os
2011 3700 2195 3787 ecro
2235 3694 2460 3786 rimis.

1023 3836 1236 3881 τεχτιιε
1275 3835 1622 3880 τιιεοτιεευε.
2078 3892 2091 3905 λ

598 3916 829 3972 Yuuizin
855 3915 1110 3971 darmite.
1144 3914 1248 3971 daz
1273 3928 1343 3970 an
1369 3913 1528 3971 demo
1551 3927 1716 3984 sange
1743 3912 1874 3968 dero
1899 3910 2118 3977 stimmo

524 4011 717 4066 echert
747 4009 902 4065 siben
927 4008 1191 4067 euehsela
1231 4008 1361 4062 sint.
1410 4007 1498 4063 die
1528 4006 1785 4078 Virgilius
1826 4005 2007 4062 heizet
2033 4020 2118 4062 se-

520 4111 668 4173 ptem
699 4101 1013 4159 discrimina
1038 4114 1234 4157 vocum
1259 4100 1403 4155 unde
1429 4098 1518 4154 diu
1545 4100 1745 4169 alitoda
1775 4100 1829 4155 in
1856 4099 2119 4170 qualitate

521 4191 763 4249 diuselba
796 4192 887 4247 ist.
921 4206 983 4248 so
1013 4191 1106 4246 diu
1134 4190 1321 4246 crista.
1372 4188 1497 4244 fonc
1531 4188 1620 4242 diu
1662 4189 1772 4244 sint
1813 4190 2018 4245 antlero
2047 4189 2117 4245 li-

522 4302 645 4342 run.
678 4285 819 4340 unde
858 4284 1066 4341 andero
1088 4292 1119 4321 ι
1147 4294 1308 4340 rotun
1362 4282 1414 4337 io
1454 4280 1608 4337 siben
1639 4281 1836 4339 sieten.
1867 4282 2016 4338 unde
2040 4283 2118 4339 si-

524 4377 664 4435 bene
701 4376 913 4447 gelicho
950 4378 1266 4448 geuuerbel.
1307 4374 1382 4430 Pe
1411 4371 1574 4427 diuae
1620 4382 1712 4444 gat
1757 4373 1866 4430 onh
1913 4371 2117 4430 andero

520 4484 811 4541 organum.
867 4470 967 4526 daz
1026 4467 1371 4541 alphabetum
1426 4469 1579 4527 nieht
1638 4466 1841 4523 furtler.
1900 4481 2004 4522 anc
2053 4481 2117 4523 ze

522 4561 680 4619 siben
714 4544 1055 4617 buohstaben
1076 4558 1208 4617 'dieu
1229 4561 1455 4617 eristen.
1494 4561 1536 4616 Α
1560 4560 1600 4615 Β
1621 4559 1663 4616 C
1685 4559 1727 4614 Ι)
1752 4560 1792 4614 Ε
1815 4556 1855 4614 F
1878 4557 1942 4615 (ἶ.
1974 4548 2116 4614 Tci‘o

523 4652 717 4709 sibeno
760 4651 871 4706 sint
914 4651 1064 4708 (lere.
1111 4651 1164 4706 ih
1201 4652 1401 4707 meino.
1436 4650 1687 4708 BCDE.
1729 4650 1899 4705 allero
1945 4660 2115 4721 sango

525 4746 734 4803 uzlaza.
771 4744 875 4801 Tiu
904 4746 998 4802 des
1038 4746 1240 4802 eristen
1275 4748 1408 4803 toni.
1439 4748 1581 4803 unde
1608 4747 1704 4803 des
1728 4746 1962 4801 auderen
2004 4734 2115 4805 sint

523 4836 606 4892 tiu
632 4834 836 4892 habent
872 4836 1027 4890 uzlaz
1053 4851 1121 4891 an
1161 4837 1320 4894 demo
1360 4837 1424 4893 Β.
1471 4835 1573 4892 Tiu
1606 4838 1701 4893 des
1735 4832 1941 4891 trittcn.
1973 4836 2114 4891 unde

519 4929 619 4988 des
661 4929 866 4987 lierden
891 4931 1022 4987 sint.
1055 4945 1125 4986 an
1154 4931 1334 4998 sdemo
1372 4932 1434 4989 C.
1484 4932 1586 4987 Tiu
1616 4932 1713 4988 des
1744 4931 1930 4986 tiuftt-n
1971 4931 2115 4987 unde

522 5021 622 5077 des
650 5023 888 5081 sehsten.
913 5039 981 5079 an
1006 5024 1163 5080 demo
1203 5025 1270 5082 Ι).
1295 5024 1395 5081 Τίιι
1427 5027 1523 5082 des
1561 5026 1822 5083 sibentleu
1852 5026 1994 5080 unde
2017 5026 2113 5080 tles

524 5114 782 5170 ahtoden.
812 5132 881 5173 an
918 5118 1077 5174 demo
1109 5118 1173 5173 E.
1206 5118 1575 5177 Uudcuuanda
1615 5121 1859 5192 sangollh
1893 5119 2109 5176 uuallon
2139 5162 2153 5192 3

2136 3824 2185 3889 C

2246 3882 2247 3887 η
2668 3804 3104 3877 ἐκτεκνιιετλτιο
3136 3834 3359 3876 ιΑτιιιΑ.

2221 3911 2313 3972 die
2336 3913 2539 3971 eristen
2578 3912 2623 3968 Α
2647 3912 2690 3967 Β
2712 3912 2754 3968 C
2774 3913 2816 3967 ι)
2836 3912 2880 3967 Ε
2901 3911 2964 3966 F.
2994 3911 3139 3968 unde
3172 3911 3415 3967 nidenan
3449 3910 3537 3966 dri
3574 3910 3660 3965 die
3682 3908 3801 3965 alle-

2295 4002 2585 4060 Sciendum
2616 4002 2820 4072 itaque,
2859 4001 3001 4072 quod
3034 4003 3085 4059 in
3121 4010 3286 4057 cantu
3320 4010 3584 4058 tonorum
3612 4011 3799 4071 serata

2221 4099 2487 4169 duntaxat
2512 4100 2843 4156 mutationes
2879 4098 2989 4156 sint
3008 4139 3024 4165 ,
3056 4112 3196 4168 quas
3221 4096 3495 4171 Virgilius
3513 4098 3685 4154 dicit:
3719 4094 3799 4152 Se-

2218 4202 2358 4265 ptem
2398 4192 2703 4247 discrimina
2743 4209 2962 4258 vocum;
3002 4200 3057 4246 et
3085 4200 3282 4247 octava
3335 4191 3390 4247 in
3421 4192 3685 4263 qualitate
3716 4204 3798 4246 ea-

2214 4283 2345 4341 dem
2367 4293 2470 4351 est,
2502 4299 2623 4355 qua:
2652 4285 2848 4355 prima.
2887 4284 3182 4356 Propterea
3216 4285 3271 4340 in
3300 4284 3420 4358 lyra
3452 4293 3511 4340 et
3542 4286 3597 4340 in
3623 4282 3802 4355 psalte-

2219 4377 2304 4432 rlo
2336 4378 2563 4456 septem
2606 4392 2825 4448 semper
2857 4377 3074 4433 chordte
3119 4386 3267 4443 sunt,
3306 4392 3500 4447 ca-que
3541 4374 3803 4447 mqualiter

2219 4454 2395 4527 facta).
2426 4468 2482 4523 In
2513 4468 2596 4525 his
2622 4465 2849 4539 aliisque
2891 4466 3269 4525 instrumentis
3292 4468 3651 4540 alphabetum
3679 4465 3802 4522 ulte-

2218 4560 2334 4616 rius
2358 4560 2500 4615 haud
2529 4559 2797 4630 procedit,
2827 4544 2990 4631 quam
3021 4561 3088 4615 ad
3118 4561 3329 4630 primas
3361 4570 3577 4630 septem
3608 4560 3802 4614 litteras

2214 4652 2260 4708 Α
2283 4645 2324 4708 Β
2344 4652 2386 4710 C
2413 4653 2457 4707 Ι)
2477 4653 2524 4709 Ε
2542 4652 2585 4710 F
2605 4652 2671 4710 ϐ.
2706 4654 2786 4709 Ex
2816 4664 3024 4725 septem
3060 4653 3145 4708 his
3174 4661 3415 4726 quatuor
3446 4658 3602 4717 sunt,
3628 4663 3802 4731 nemp:

2216 4745 2258 4802 B
2286 4745 2327 4802 C
2353 4747 2395 4801 ι)
2422 4746 2485 4813 Ε,
2519 4747 2572 4801 iu
2604 4762 2741 4818 quas
2786 4743 2966 4802 Omnis
3008 4754 3206 4802 cantus
3246 4745 3452 4801 desinit
3476 4765 3494 4802 ;
3520 4762 3617 4817 qm
3658 4740 3803 4814 prim’i

2214 4847 2271 4895 et
2302 4838 2526 4896 secundi
2558 4838 2666 4894 toni
2689 4847 2794 4904 est,
2820 4837 3017 4894 desinit
3049 4838 3102 4892 in
3134 4837 3206 4904 B;
3238 4837 3334 4909 qui
3357 4824 3509 4894 tertii
3533 4849 3592 4893 et
3612 4832 3802 4908 quarti.

2215 4931 2270 4989 in
2312 4931 2389 4998 C;
2420 4932 2513 5002 qui
2560 4930 2739 5004 quinti
2790 4930 3057 4996 et-sexti,
3108 4929 3165 4985 in
3216 4928 3293 4995 D;
3348 4930 3447 5001 qui
3492 4929 3711 5000 septimi
3757 4934 3807 4983 et

2215 5024 2415 5088 octavi,
2456 5023 2507 5078 in
2546 5023 2611 5080 E.
2643 5022 2800 5093 Quod
2829 5022 2875 5080 si
2901 5032 3098 5079 cantus
3127 5022 3472 5079 descendere
3499 5022 3636 5078 velit
3660 5038 3689 5075 a
3717 5032 3806 5075 sua

2214 5113 2563 5170 conclusione
2591 5112 2845 5169 deorsum
2871 5126 3045 5183 usque
3069 5111 3138 5167 ad
3160 5111 3415 5183 quintam
3445 5112 3709 5176 litteram,
3728 5106 3809 5163 vel

520 5219 647 5274 mag
682 5204 806 5261 fone
833 5207 1043 5265 sinemo
1069 5209 1258 5265 uzlaze
1300 5210 1473 5265 nitier.
1516 5226 1620 5264 unz
1659 5188 1882 5267 zeilemo
1919 5209 2106 5266 ﬁniten
2137 5188 2190 5247 D
2218 5220 2435 5262 sursum
2468 5208 2767 5264 ascendere
2796 5220 2969 5278 usque
2995 5204 3061 5263 ad
3096 5219 3318 5272 nonam,
3348 5205 3428 5260 ita
3465 5217 3527 5261 ut
3559 5203 3808 5261 tredecim

1090 5299 1112 5320 "
1156 5316 1161 5317 ’
1226 5315 1237 5330 '
1268 5314 1329 5328 “’“
1361 5302 1515 5348 demo
1540 5296 1800 5348 nittntlen-
1834 5316 1894 5346 sn
1923 5301 2019 5346 thr:
2060 5300 2106 5344 ἰν

2219 5295 2457 5344 eniteret-
2491 5296 2631 5348 sicut
2662 5299 2721 5350 [ἰι
2750 5299 2800 5352 in
2831 5298 3123 5354 antinhona
3152 5298 3288 5355 Call
3314 5298 3619 5354 {al-rion
3634 5295 3809 5352 aldi
