3956 5378
71 315 231 374 M75

71 429 380 484 tdmodum
421 432 697 491 veteribus
743 429 966 514 musicis
1008 440 1317 512 quindecim
1359 446 1576 514 littera,

72 519 403 588 quindecim
433 522 650 594 chordae
676 525 919 586 suliieere
941 532 1295 609 videbantur};
1329 548 1382 595 et
1409 541 1682 608 volebant,

72 619 298 667 -osten.
354 611 396 669 E
428 613 555 672 FG.
591 617 776 675 Tauno
826 625 934 679 sint
983 625 1064 682 iro
1113 629 1397 688 sehszene.
1447 649 1507 689 so
1551 638 1680 692 uuio

71 699 388 760 lien'alten
438 710 660 768 musicis
705 711 903 774 ﬁnfzen
943 715 1261 776 buohstabo.
1294 723 1435 778 unde
1480 724 1680 783 linfzen

71 793 260 848 seiton
290 811 498 868 gnuoge
533 799 741 860 duohti.
794 803 945 861 Unde
996 808 1073 864 sie
1105 811 1307 867 unoltin
1341 813 1439 867 daz
1483 815 1558 870 tiu
1603 819 1680 874 ci-

79 885 241 940 hara
267 903 329 944 so
356 893 568 964 manige
602 895 770 951 seiten
794 898 997 954 habeti.
1023 913 1215 959 unzter
1241 906 1496 963 oberosto
1520 910 1678 968 demo

72 977 403 1038 titlcrosten
427 985 480 1042 in
510 988 680 1044 chade
705 991 755 1044 in
788 993 1105 1065 quadruplo.
1131 997 1239 1052 Taz
1270 999 1340 1054 ist
1373 1001 1445 1054 tiu
1477 993 1675 1059 meista

71 1074 380 1140 troportio.
409 1077 550 1134 unde
577 1082 769 1137 meista
814 1085 1143 1158 s‘imphonia.
1176 1087 1267 1144 ditt
1301 1091 1385 1146 bis
1412 1093 1675 1164 diapason

72 1162 278 1219 icizet.
314 1166 405 1222 diu
441 1167 564 1228 lone
589 1175 828 1232 anderen
867 1180 1187 1250 simphoniis
1229 1183 1425 1238 bestat.
1460 1162 1674 1242 uuanda

71 1251 420 1315 liatesseron
451 1266 593 1320 unde
623 1266 876 1338 diapente
907 1272 1163 1329 machont
1186 1273 1273 1329 ein
1302 1275 1580 1347 diapason.
1613 1292 1675 1334 so

71 1339 212 1400 iber
243 1347 580 1411 diatesseron
615 1359 758 1414 unde
787 1359 1041 1432 diapente
1062 1364 1160 1420 daz
1190 1339 1452 1423 kcmacha
1481 1369 1670 1441 diapa-

1533 333 1623 392 DE
1655 335 1932 397 MUSICA.

3229 361 3371 424 1178

1622 458 1681 505 et
1706 463 1760 521 Α
1786 471 1906 512 son.
1935 455 2008 514 So
2048 459 2226 520 danne
2253 478 2374 521 aue.
2409 465 2670 539 diapason
2700 472 2788 529 ein
2829 470 3195 548 hisdiapason.
3245 475 3372 536 tene

1789 551 1878 606 diu
1909 555 2172 610 uuerdent
2201 556 2298 613 lier
2322 559 2644 631 simphoniae
2671 579 2740 620 an
2775 567 2863 622 ein
2884 584 2980 626 ero
3004 569 3228 626 funden.

1784 653 1846 701 ut
1871 646 2081 703 cithara
2115 650 2337 706 totidem
2365 653 2600 709 chordas
2638 656 2880 724 haberet,
2913 677 3084 731 usque
3123 665 3369 720 dum‘su-

1787 753 1971 809 prema
2002 741 2198 796 intimae
2229 746 2675 816 corresponderet
2700 748 2752 803 in
2784 753 3104 822 qttadruplo.
3138 754 3265 811 Haac
3283 765 3367 811 est

1785 831 2020 886 maxima
2052 835 2356 903 proportio,
2387 845 2442 892 et
2482 839 2716 893 maxima
2744 843 3092 912 symphonia,
3128 861 3248 915 quae
3291 846 3376 904 bis

1786 925 2046 996 diapason
2077 927 2295 994 dicitur,
2327 938 2490 1000 atque
2517 946 2584 986 ex
2623 931 2744 987 aliis
2772 937 3108 1006 symphoniis
3137 947 3371 994 constat.

1787 1019 2136 1074 Dialessaron
2182 1022 2448 1090 siquidem
2497 1033 2552 1079 et
2593 1025 2857 1096 Diapente
2903 1026 3143 1083 eﬂiciunt
3181 1029 3375 1100 Diapa-

1786 1128 1882 1167 son
1915 1130 1927 1166 :
1954 1113 2097 1168 sicut
2121 1123 2301 1170 autem
2340 1115 2691 1172 Diatessaron
2719 1127 2776 1173 et
2809 1118 3076 1190 Diaponta
3103 1121 3374 1193 Diapason

1785 1206 2016 1274 faciunt,
2047 1207 2121 1262 ita
2145 1209 2260 1263 dua:
2284 1208 2552 1278 Diapason
2593 1211 2674 1266 bis
2699 1210 2968 1283 Diapason
2996 1217 3329 1272 constituunt
3356 1234 3370 1271 :

1785 1307 2073 1369 propterea
2105 1308 2337 1369 quatuor
2357 1302 2692 1372 symphoniae
2719 1303 2773 1360 in
2803 1318 2909 1360 una
2933 1307 3296 1378 reperiuntur.-

1387 1527 1477 1584 DE
1517 1515 2070 1585 TETRACHORDIS.

578 1643 789 1685 TEXTUS
831 1646 1178 1692 THEOTISCUS.

131 1713 230 1768 An
260 1711 383 1769 dien
432 1721 628 1772 tmtzen
657 1722 849 1777 seiton.
885 1725 1061 1781 zalton
1106 1731 1184 1783 sic
1228 1739 1462 1801 quatuor
1502 1741 1671 1790 tetra-

2243 1659 2683 1704 INTEBPRETATIO
2715 1664 2932 1706 LATINA.

1854 1733 1909 1787 ln
1943 1733 2250 1803 quindecim
2293 1736 2511 1793 chordis
2549 1740 2912 1796 numerabant
2935 1749 3166 1812 quatuor
3207 1751 3373 1798 tetra-

71 1803 304 1858 :horda.
335 1805 417 1860 An
469 1810 598 1866 ahto
629 1812 802 1868 seiton
839 1819 956 1872 zuei
994 1821 1282 1876 disiuncta.
1335 1841 1399 1878 an
1449 1826 1669 1882 sibenen
1702 1855 1750 1917 Β
1781 1825 2002 1892 chorda,
2036 1826 2087 1880 in
2118 1837 2240 1883 octo
2262 1829 2477 1886 chordis
2501 1832 2606 1886 duo
2634 1831 2920 1903 disjuncta,
2953 1834 3002 1888 in
3031 1842 3234 1904 septem
3263 1836 3368 1891 duo

71 1897 186 1949 Luci
237 1899 671 1959 coniuncta.daz
709 1908 820 1961 chit
859 1912 974 1965 znci
1008 1912 1372 1983 gerkeideniu.
1423 1921 1541 1974 zuei
1574 1939 1672 1976 un-

71 1987 447 2055 ;eskeideniu.
490 1992 716 2051 Uuanda
773 2000 906 2055 aber
953 2021 1019 2057 nu
1071 2007 1221 2060 eincr
1271 2026 1334 2064 zu
1384 2020 1540 2082 getan
1584 2013 1672 2068 ist.

72 2085 232 2139 iedin
264 2087 376 2142 sint
403 2089 486 2145 siu
519 2093 644 2147 alliu
674 2095 828 2154 lieriu
863 2101 1170 2170 geskcidcn.
1209 2107 1361 2164 Unde
1391 2112 1488 2166 daz
1528 2113 1677 2169 nide«

72 2184 218 2230 'osla
258 2177 438 2234 heizet
469 2186 734 2253 gravium.
773 2190 870 2244 daz
908 2195 1078 2250 ander
1120 2198 1297 2254 heizct
1344 2201 1470 2259 fone
1504 2205 1675 2262 allero

72 2281 239 2339 onge
294 2271 480 2329 uzlaze
542 2276 721 2335 finale.
780 2283 876 2336 daz
952 2289 1100 2342 tritta
1155 2295 1516 2361 superiorum.
1575 2300 1675 2352 daz

72 2358 233 2414 iertla
261 2364 669 2425 excellentiUm.
696 2371 803 2427 Taz
841 2377 972 2430 alter
998 2379 1113 2435 fure
1138 2382 1223 2436 die
1251 2386 1476 2441 selmen
1502 2388 1675 2444 sciten

71 2469 120 2505 tn
161 2454 306 2508 dero
333 2453 473 2512 lirun
513 2460 784 2517 driostunt
822 2467 1006 2524 sibene
1043 2473 1170 2525 sint.
1211 2474 1324 2530 also
1354 2478 1458 2530 ouh
1493 2493 1676 2534 Sume-

79 2545 543 2620 ichcroorganun
577 2554 696 2608 driu
729 2557 1012 2628 alphath
1044 2565 1170 2618 sint.
1198 2567 1293 2621 daz
1326 2568 1675 2626 istnmbcdia

71 2637 290 2706 .empfti
327 2650 506 2711 getan.
542 2645 639 2698 daz
666 2661 789 2700 man
823 2664 922 2702 ana
953 2652 1179 2720 geleiten
1212 2657 1404 2712 heidcn
1437 2660 1668 2716 handen.

72 2727 382 2801 tl‘stigendo
425 2733 548 2792 lolle
596 2738 783 2810 singen
833 2758 992 2814 muge
1038 2748 1307 2817 sangolih.
1343 2751 1482 2806 unde
1533 2754 1674 2808 ohen

71 2835 199 2874 mne
260 2823 537 2892 gebreste.
598 2830 842 2886 nohturl't
890 2849 956 2887 ne
1007 2839 1228 2893 uuerdc.
1286 2841 1372 2895 dia
1421 2843 1553 2898 haut
1605 2846 1674 2901 ah

71 2909 214 2967 lemo
247 2914 542 2972 oberosten
593 2920 899 2990 alphabeto.
931 2925 1004 2981 Zc
1055 2929 1424 2989 uuehsclonne
1472 2952 1539 2989 an
1571 2937 1671 2992 daz

71 3003 365 3059 tidcrosta.
421 3006 520 3061 Tiu
569 3009 686 3063 drin
735 3013 1019 3083 alphahcta
1074 3019 1183 3073 sint
1235 3030 1395 3078 tanne
1439 3036 1564 3082 note
1614 3043 1675 3082 so

71 3093 220 3156 ;elih.
300 3095 386 3151 laz
434 3113 499 3152 an
546 3101 899 3172 iogelieliemo
943 3109 986 3163 si
1039 3111 1322 3182 diapason.
1392 3121 1534 3173 unde
1578 3120 1673 3174 da-

1782 1919 2093 1988 conjuncta,
2119 1921 2233 1975 haec
2257 1922 2511 1977 dicuntur
2542 1923 2648 1980 duo
2679 1925 2935 1992 discreta,
2976 1927 3081 1980 duo
3110 1927 3369 1983 indiscre-

1783 2021 1855 2065 ta.
1888 2011 1944 2065 Si
1972 2022 2151 2068 autem
2187 2030 2350 2069 unum
2379 2023 2582 2071 tantttm
2608 2016 2854 2084 addatur,
2884 2028 3009 2075 tunc
3039 2029 3164 2075 sunt
3188 2021 3368 2075 omnia

1780 2115 2014 2175 quatuor
2061 2107 2319 2174 discreta,
2347 2118 2403 2164 et
2445 2110 2692 2166 ultimum
2750 2113 2948 2168 dicitur
2997 2117 3252 2185 gravium,
3294 2116 3371 2168 al-

1784 2208 1958 2253 terum
2018 2211 2240 2270 propter
2289 2203 2532 2258 omnium
2578 2213 2834 2261 cantuum
2867 2208 3272 2264 terminationes
3300 2209 3370 2277 ﬁ-

1781 2289 1917 2351 nale,
1959 2293 2177 2347 tertium
2229 2297 2577 2364 superiorum,
2608 2306 2664 2353 et
2701 2309 2953 2368 quartum
2983 2300 3368 2356 excedentium.

1779 2385 1931 2451 Quod
1969 2396 2148 2440 autem
2190 2402 2289 2456 pro
2336 2389 2609 2443 sexdecim
2670 2391 2888 2446 chordis
2921 2391 2972 2445 itt
3005 2391 3121 2462 lyra
3147 2404 3228 2446 ter
3255 2409 3352 2462 sep

1781 2482 1912 2536 tem,
1965 2475 2265 2544 eodemque
2327 2479 2485 2532 modo
2535 2479 2589 2532 in
2646 2481 2966 2548 quihusdam
2999 2482 3372 2544 instrumentis

1780 2565 1881 2617 tria
1920 2565 2207 2634 alphabcta
2265 2567 2407 2632 sint;
2433 2569 2483 2622 id
2516 2579 2738 2640 propter
2766 2571 3025 2640 majorem
3058 2573 3370 2656 facilitatem

1779 2655 1979 2712 factum
2010 2671 2114 2723 est,
2144 2669 2202 2714 ttt
2245 2662 2362 2716 sine
2407 2661 2723 2719 dilIicultate
2774 2666 3057 2721 ambarum
3112 2684 3368 2724 manuum

1778 2752 2126 2806 ascetnlemlo
2175 2752 2369 2822 plenus
2411 2764 2604 2810 cantus
2644 2754 2866 2811 formari
2904 2758 3095 2826 possit,
3120 2769 3173 2813 et
3214 2775 3372 2829 supe-

1780 2843 2134 2898 riusomnino
2167 2860 2388 2901 necesse
2410 2861 2517 2901 non
2556 2846 2626 2901 sit
2665 2856 2877 2904 mutare
2911 2865 3102 2904 manus
3129 2864 3158 2903 a
3184 2865 3373 2920 supre-

1782 2951 1868 2989 mo
1908 2935 2193 3005 alpltabeto
2245 2939 2312 2992 ad
2348 2938 2614 2994 inﬁmum.
2671 2939 2808 2995 Hinc
2841 2940 2943 2995 tria
2967 2941 3253 3011 alphabeta
3276 2957 3372 2998 ne-

1780 3033 2024 3106 cessario
2055 3033 2176 3086 ideo
2222 3033 2421 3087 similia
2463 3043 2606 3096 sunt,
2638 3042 2698 3088 ut
2727 3034 2778 3088 in
2806 3035 3044 3104 quolibet
3085 3036 3154 3089 sit
3178 3037 3372 3106 Diapa-

1780 3099 1898 3182 son,
1938 3131 2046 3174 tum
2077 3121 2420 3178 Diatessaron
2449 3132 2503 3180 et
2532 3123 2810 3194 Diapente.
2844 3125 2910 3180 Et
2939 3125 2989 3180 in
3019 3125 3368 3180 Dialessaron

72 3199 185 3237 'ana
218 3185 589 3244 diatesseron.
619 3194 761 3249 unde
802 3195 1073 3267 diapente.
1114 3204 1256 3258 unde
1302 3221 1369 3259 an
1412 3206 1675 3265 diatesse-
1701 3213 1748 3276 C
1783 3223 1909 3266 sunt
1942 3213 2042 3265 tria
2073 3213 2210 3275 cola,
2246 3223 2426 3277 tonus,
2465 3222 2644 3279 tonus,
2675 3214 3056 3282 semitonium;
3089 3224 3144 3270 et
3171 3216 3222 3270 in
3247 3215 3371 3270 Dia-

71 3291 156 3331 'on
189 3278 280 3333 sin
315 3278 398 3333 dri
427 3282 714 3339 underlaza
745 3297 904 3343 tonus
938 3299 1096 3347 tonus
1127 3295 1490 3352 semitonium.
1525 3302 1665 3357 unde

71 3385 123 3424 tn
167 3371 430 3442 diapente
465 3374 611 3432 flere.
646 3388 804 3437 tonus
842 3389 1002 3440 tonus
1033 3386 1374 3444 semitonium
1409 3401 1587 3450 tonus.

1776 3314 1936 3376 pcntc
1967 3316 2220 3375 quatuor,
2255 3315 2432 3373 tonus,
2460 3314 2642 3372 tonus,
2669 3307 3036 3375 semitonium,
3065 3317 3240 3365 tonus.

1427 3548 1516 3604 DE
1555 3549 1737 3607 OCTO
1778 3549 2008 3608 MODIS.

568 3687 778 3729 TEXTUS
818 3693 1163 3734 THEOTISCUS.

125 3757 242 3813 Ter
282 3759 392 3814 ouh
418 3761 487 3816 tia
518 3761 676 3819 lirum
710 3770 930 3824 uucrbe.
954 3771 1051 3825 der
1087 3771 1289 3828 uucrbe
1316 3773 1393 3829 sia
1423 3792 1483 3830 ze
1509 3778 1667 3833 demo

73 3866 240 3905 ncze.
278 3851 377 3906 daz
422 3854 500 3907 sie
539 3857 674 3909 uber
713 3857 849 3914 de'ne
890 3861 962 3914 titt
1008 3877 1075 3916 ne
1110 3861 1266 3919 kolle.
1304 3867 1410 3921 noh
1458 3868 1505 3922 si
1550 3868 1666 3924 fore

71 3943 290 4000 lachize
326 3945 643 4004 tmlutreiste
675 3967 742 4004 ne
788 3951 853 4006 si.
891 3951 977 4008 ditt
1007 3955 1232 4012 hohesta
1268 3962 1494 4014 uuarba.
1523 3963 1663 4016 unde

71 4033 143 4088 lin
173 4035 477 4092 niderosta.
512 4039 596 4094 die
625 4041 732 4096 sint
764 4041 876 4097 fore
904 4061 972 4098 un
1008 4060 1154 4101 meze
1186 4065 1388 4120 ungeza
1422 4062 1656 4106 mcstnn.

71 4125 227 4179 {edin
275 4125 494 4182 lobeton
541 4128 704 4200 lriges
741 4135 885 4190 unde
922 4135 1103 4192 dorcs.
1144 4139 1216 4194 tia
1268 4151 1476 4196 metens
1525 4141 1658 4199 kaft.

73 4216 129 4270 itt
179 4214 361 4269 under
396 4217 516 4272 dien
565 4223 719 4277 znein
766 4225 854 4278 ist.
896 4219 1048 4281 Unde
1094 4229 1206 4285 also
1247 4233 1406 4287 dores
1439 4236 1661 4292 unolton

71 4316 295 4361 etenuaz
336 4310 575 4365 naheren
618 4313 699 4367 sin
750 4315 878 4388 dero
919 4319 1258 4380 niderostun.
1312 4321 1489 4380 danne
1534 4327 1665 4384 dero

72 4400 387 4455 )bCl‘OSllln.
436 4417 496 4457 so
543 4402 762 4460 unolton
805 4404 968 4478 l‘riges
1007 4418 1234 4466 eteuuaz
1291 4414 1532 4470 nahcrcn
1582 4418 1664 4471 sin

71 4490 190 4544 lero
216 4489 515 4548 oherastun
538 4493 716 4550 danne
737 4500 868 4552 dero
889 4499 1224 4558 nidet'ostmi.
1256 4504 1344 4560 die
1368 4509 1665 4564 tuonuarha

72 4587 256 4636 iamot
306 4585 530 4640 musica.
593 4583 700 4642 nah
751 4591 858 4646 lien
913 4592 1095 4648 selhen
1147 4597 1400 4667 gentibus
1449 4598 1661 4657 dorium

71 4675 286 4730 nodum
313 4678 455 4733 unde
480 4679 720 4752 frigium.
754 4680 939 4740 Under
966 4686 1088 4742 dicn
1121 4689 1344 4747 zuisken
1381 4691 1453 4747 ist
1482 4705 1657 4751 tonus.

72 4784 144 4822 .az
181 4770 254 4824 ist
302 4770 386 4826 iro
429 4775 583 4830 zueio
626 4776 956 4833 underskeit.
1007 4779 1119 4836 Ohe
1168 4783 1327 4855 frigio
1370 4786 1441 4839 ist
1481 4777 1662 4842 lidius.

76 4876 174 4916 ero
200 4861 522 4920 underskeit
564 4865 634 4921 ist
666 4877 842 4924 tonus.
889 4869 1003 4925 Obe
1047 4871 1176 4927 lidio
1207 4875 1274 4930 ist
1304 4874 1454 4932 cines
1501 4868 1665 4932 semi-

79 4954 191 5006 onii
229 4955 407 5011 hohor
436 4959 765 5017 mixolidius.
799 4964 938 5019 unde
977 4965 1078 5021 ohe
1113 4968 1271 5022 domo
1301 4963 1476 5022 hohor
1512 4969 1664 5028 eines

77 5048 166 5099 oni
191 5051 664 5118 ypcrmixolidius.
691 5055 808 5112 Noh
850 5067 1010 5113 tanne
1039 5068 1148 5115 sint
1181 5063 1246 5116 tri
1282 5062 1452 5117 under
1481 5065 1660 5123 dorio.

71 5131 294 5190 Nidcror
340 5141 493 5196 eines
544 5144 818 5200 semitonii
853 5147 920 5201 ist
961 5150 1246 5218 ypoliuius.
1289 5152 1463 5207 under
1500 5155 1665 5215 demo

71 5224 280 5282 tideror
305 5233 456 5287 eines
504 5236 614 5290 toni
661 5236 971 5308 ypol’rigius.
1006 5243 1147 5296 unde
1178 5246 1308 5300 abcr
1345 5244 1494 5302 eines
1539 5254 1658 5310 toni

2233 3700 2668 3744 INTERPRETA'I'IO
2701 3703 2919 3742 LATINA.

1853 3779 1954 3848 Qui
1993 3790 2175 3834 atuem
2235 3778 2407 3848 lyram
2450 3776 2602 3840 facit,
2635 3791 2756 3832 eam
2805 3778 2880 3831 ita
2909 3783 3272 3841 mensuretur,
3299 3791 3366 3832 ne

1777 3882 2001 3940 propter
2059 3867 2316 3937 ntajorcm
2370 3868 2743 3923 extensioncm
2799 3867 2959 3922 nimis
3011 3882 3231 3932 sonora,
3265 3882 3366 3923 nec

1773 3963 1846 4019 ob
1883 3962 2148 4016 minorem
2175 3959 2550 4015 extensioncm
2584 3959 2761 4014 minus
2786 3973 2982 4014 sonora
3007 3960 3109 4023 sit;
3145 3959 3364 4014 chorda:

1775 4054 1919 4109 enim
1945 4055 2108 4108 nimis
2126 4062 2249 4108 atta:
2275 4061 2329 4107 et
2359 4052 2520 4108 nimis
2550 4052 2820 4123 depressa:
2849 4059 3070 4123 propter
3098 4067 3364 4107 mensurae

1773 4144 2044 4201 defectum
2081 4128 2328 4200 omnium
2357 4153 2480 4200 sunt
2515 4144 2917 4216 ingratissime.
2954 4144 3089 4199 Hinc
3122 4145 3364 4215 Phryges

1773 4237 2052 4308 Doresque
2099 4237 2393 4292 laudabant
2435 4237 2693 4300 medium,
2754 4237 2898 4305 quod
2952 4235 3094 4289 inter
3141 4237 3248 4289 duo
3277 4234 3363 4289 illa

1789 4340 2032 4385 extrema
2061 4340 2165 4383 est.
2194 4328 2379 4397 Itaque
2429 4327 2600 4382 Dores
2641 4325 2933 4381 mallebant
2969 4325 3364 4394 aliquantulum

1771 4421 2136 4490 propinquare
2183 4430 2309 4474 tono
2362 4419 2548 4473 intimo
2589 4431 2750 4487 quam
2796 4433 3069 4487 supremo;
3124 4415 3368 4488 Phryges

1774 4526 1905 4566 vero
1963 4509 2356 4580 aliquantidum
2409 4508 2773 4578 proximiores
2819 4521 2942 4562 esse
2989 4506 3365 4562 volebant'su-

1775 4616 1964 4673 premo
1998 4615 2162 4671 quam
2185 4598 2393 4655 inﬁmo.
2427 4598 2574 4654 Duos
2599 4599 2698 4654 hos
2721 4597 2913 4654 modos
2949 4595 3154 4678 Mnsica
3182 4612 3247 4651 ex
3280 4597 3365 4652 his

1774 4694 1908 4766 ipsis
1948 4692 2202 4763 gentibus
2254 4691 2382 4746 dicit
2432 4691 2652 4746 modum
2702 4689 2925 4746 Dorium
2965 4696 3017 4744 et
3045 4688 3363 4758 Phrygium.

1772 4790 1917 4844 Inter
1939 4788 2038 4842 hos
2082 4794 2166 4840 est
2195 4795 2377 4850 tonus,
2400 4783 2493 4853 qui
2545 4793 2631 4839 est
2651 4783 2945 4840 discrimen
2974 4783 3116 4837 inter
3147 4783 3280 4852 duos
3305 4780 3368 4834 il-

1769 4880 1872 4936 los.
1905 4879 2080 4949 Super
2131 4877 2426 4950 Phrygium
2453 4887 2536 4931 est
2557 4877 2778 4949 Lydius,
2813 4891 3043 4948 quorum
3075 4873 3371 4930 discrimen

1771 4982 1929 5028 tonus
1959 4977 2061 5025 est.
2109 4968 2286 5042 Super
2328 4965 2560 5038 Lydium
2613 4983 2722 5025 uno
2777 4964 3071 5025 semitonio
3105 4963 3262 5018 altior
3290 4972 3375 5017 est

1775 5063 2120 5134 mixolydius,
2152 5075 2210 5120 et
2237 5064 2339 5118 hoc
2363 5059 2523 5114 altior
2547 5077 2661 5117 uno
2686 5071 2817 5118 tono
2849 5054 3374 5128 hypermixolydius.

1779 5153 1984 5209 Deinde
2017 5161 2129 5208 tres
2161 5164 2293 5212 sunt
2344 5150 2634 5208 inferiores
2667 5153 2830 5208 Dorio
2861 5166 2876 5203 ε
2911 5144 3140 5201 inferior
3167 5161 3276 5200 “"0
3296 5159 3380 5200 ξδ’

1776 5247 2002 5307 mitonio
2026 5245 2358 5324 hypolydius
2379 5252 2490 5309 est;
2523 5244 2629 5299 hoc
2658 5245 2893 5300 inferior
2917 5234 3386 5332 unotonouhypoc
