3956 5798
476 308 617 367 1176

1398 305 1459 365 B.
1500 304 1805 365 NOTKERI
1843 296 2135 365 BALBULl
2176 304 2234 361 S.
2271 294 2477 362 GALLI
2507 300 2813 364 MONACHI
2904 377 2911 383 '

3612 290 3763 362 me

476 427 638 485 demo
667 422 977 481 uiderosten
1008 436 1072 482 ze
1109 422 1267 481 demo
1300 422 1586 480 oberosten
1623 424 1740 480 dise
1786 422 1940 479 siben
1970 436 2069 477 un-
2096 426 2148 489 Α
2176 437 2298 477 mus
2340 423 2683 479 ascendendo
2715 423 2783 478 ab
2826 420 3013 479 inﬁmo
3055 418 3123 477 ad
3147 432 3465 493 supremum
3494 418 3617 477 haec
3637 436 3763 494 sep-

479 514 781 572 derskeita.‘
824 522 1034 570 tonum.
1084 521 1289 571 tonum.
1329 514 1695 570 semitonium.
1743 522 1947 570 tonum.
1988 523 2072 571 to—

477 625 633 664 num.
666 608 1031 665 semitonium.
1068 616 1273 663 tonum.
1306 606 1473 663 Pediu
1513 607 1668 662 liutet
1715 608 1793 661 tiu
1822 606 2073 663 oberosta

479 699 687 756 uuarba
715 701 935 770 duplum
964 716 1135 772 gagen
1167 701 1296 755 dero
1324 698 1654 755 niderostun.
1688 697 1843 756 Unde
1886 699 2074 754 bediu-

486 793 688 848 teruin.
742 793 847 848 ube
892 793 991 848 daz
1023 790 1317 862 ypodorius
1347 792 1559 848 “modus
1607 791 1696 845 ist.
1745 798 1907 846 tanne
1953 787 2077 842 ιιιιίι⁵

476 885 682 945 stillost
729 884 1014 939 anaualicn
1064 883 1409 954 zesiugeune.
1441 884 1585 938 unde
1629 886 1733 937 ube
1777 880 2076 954 ypol‘rigius

482 977 572 1036 ist.
625 988 789 1034 tanne
838 978 964 1033 uuir
1012 978 1163 1035 eines
1208 978 1319 1033 toni
1368 977 1544 1033 hohor
1594 973 1887 1031 analahen.
1932 973 2076 1029 unde

480 1072 750 1144 ypolidius
775 1082 940 1127 tanne
971 1071 1145 1127 zueio.
1180 1071 1324 1126 unde
1354 1070 1539 1126 dorius
1569 1079 1731 1125 tanne
1762 1068 1913 1124 ciues
1958 1067 2075 1124 dia-

484 1172 748 1218 tessaron.
787 1162 929 1217 unde
978 1161 1166 1233 l'rigius
1198 1169 1361 1216 tanne
1386 1161 1538 1216 eines
1584 1161 1836 1230 diapente
1882 1158 2076 1214 holtor.

482 1247 628 1313 unde
659 1254 1110 1326 ypermixolidius
1139 1253 1318 1309 danne
1363 1253 1486 1307 uuir
1524 1251 1678 1308 folles
1713 1251 1990 1321 diapason.
2023 1248 2079 1304 ih

483 1346 669 1401 meino
699 1344 935 1400 zuiualat
977 1345 1170 1400 hohor.
1223 1344 1323 1399 daz
1373 1344 1497 1399 uuir
1526 1344 1701 1398 danne
1747 1342 1921 1397 hohor
1950 1357 2082 1397 ana-

484 1437 648 1492 fahen
678 1451 745 1492 ne
775 1451 987 1507 mugeu.
1021 1434 1236 1490 uuanda
1266 1434 1375 1489 ouh
1426 1433 1603 1489 selbcz
1636 1442 1722 1487 taz
1769 1448 1920 1503 saug.
1956 1439 2083 1487 note

484 1530 659 1602 stigen
683 1529 764 1585 sol
791 1528 917 1584 fune
944 1529 1074 1584 dero
1115 1536 1251 1583 stete
1290 1526 1389 1581 dar
1420 1526 1470 1580 iz
1498 1518 1868 1597 auagel‘angen
1916 1525 2085 1580 uuirt.

486 1639 593 1677 unz
623 1634 738 1678 tara
768 1623 850 1678 sin
877 1622 1003 1677 hohi
1049 1629 1158 1691 gat.
1195 1620 1247 1674 ih
1277 1619 1457 1674 meino
1484 1618 1665 1673 uuilon
1718 1619 1805 1673 iob
1837 1632 1899 1673 ze
1926 1618 2085 1674 demo

488 1716 724 1770 ahtoden
773 1714 1091 1770 buoltstabe.
1144 1714 1242 1767 der
1295 1712 1500 1767 zuiualt
1547 1712 1723 1768 liutet.
1776 1723 1941 1769 tanue
1989 1712 2086 1768 der

486 1806 775 1860 huohstab.
811 1820 873 1860 ze
916 1805 1072 1860 demo
1122 1803 1169 1856 iz
1198 1801 1466 1873 anaﬁeng.
1510 1801 1825 1857 .‘llcuniskcn
1868 1803 2086 1857 stimma

488 1915 685 1971 nemag
720 1897 836 1953 fure
886 1896 1101 1953 tierualt
1149 1897 1299 1950 nieltt
1344 1895 1621 1951 kercicltct
1673 1894 2087 1971 tmerdeu..Tiu

489 1992 728 2047 ﬁerualti
775 1991 845 2047 ist
890 2007 949 2047 so
997 2005 1059 2045 ze
1107 1990 1407 2045 fermennc.
1445 1989 1561 2044 also
1597 1988 1648 2043 ili
1698 2005 1769 2043 nu
1800 1988 1958 2043 chad.
2002 1996 2088 2042 taz

488 2088 617 2143 fone
646 2088 804 2142 demo
834 2086 1036 2141 ct'isten
1069 2084 1333 2155 aual‘ange
1366 2086 1418 2139 in
1451 2083 1736 2155 ypodorio.
1779 2098 1839 2137 so
1884 2081 1945 2135 B.
1995 2082 2086 2136 ist.

491 2182 633 2236 atde.
660 2180 719 2235 C.
756 2179 957 2234 zuiualt
989 2178 1059 2233 ist
1096 2177 1222 2231 hina
1256 2176 1317 2231 ul
1346 2177 1474 2231 holti
1525 2192 1587 2231 ze
1635 2177 1811 2231 demo.
1858 2174 1919 2229 Β.
1973 2172 2093 2229 alde

489 2289 557 2329 αθ
604 2273 761 2327 demo
815 2273 875 2327 C.
922 2273 973 2326 in
1022 2270 1456 2343 ypermixolidiu.
1511 2268 1652 2323 unde
1701 2268 1833 2322 abcr
1877 2266 2092 2321 dannan

496 2368 702 2423 zuiualt
730 2368 857 2423 hina
885 2367 949 2422 ul”
972 2383 1033 2422 ze
1080 2368 1197 2421 sine
1237 2366 1470 2420 ahtodcn
1508 2362 1810 2418 huohstabe
1846 2362 1941 2417 dcr
1985 2362 2093 2417 into

505 2458 730 2511 zuiualt.
786 2457 929 2511 unde
976 2472 1169 2511 cnemo
1216 2454 1427 2510 ﬁerualt
1465 2454 1642 2509 liutet.
1686 2453 1795 2507 Tar
1842 2452 1995 2508 malit
2037 2460 2095 2506 tu

496 2550 705 2605 chisen.
732 2551 837 2616 nhe
867 2548 967 2603 daz
999 2563 1133 2617 sang
1159 2546 1337 2602 fermt‘
1371 2547 1533 2619 stiget
1563 2546 1686 2601 l'one
1729 2546 1937 2600 sinemo
1964 2560 2096 2598 ana-

496 2639 676 2711 fange.
720 2641 897 2694 (latine
936 2652 998 2693 ze
1040 2639 1197 2693 demo
1239 2636 1474 2692 ahtoden
1519 2637 1843 2691 huohstahe.
1895 2650 1955 2689 su
2004 2634 2096 2688 diu

498 2732 617 2787 fore
646 2732 908 2802 genannla
940 2730 1234 2799 antipltona
1283 2738 1418 2784 tuot.
1449 2730 1548 2783 dar.
1587 2729 1634 2781 i7.
1678 2730 1853 2782 danne
1885 2728 1937 2781 in
1976 2741 2098 2795 per-

496 2822 799 2878 mixolidio.
843 2839 942 2875 ana
992 2802 1289 2875 zcl‘ahenne
1319 2835 1386 2873 ne
1430 2819 1517 2873 ist.
1565 2818 1781 2872 uuanda
1828 2833 1895 2870 an
1939 2817 2098 2869 tit-mo

499 2915 665 2969 modo
692 2916 907 2970 uioman
932 2916 1067 2971 uber
1094 2916 1195 2970 den
1225 2916 1459 2970 ahtoden
1490 2914 1753 2969 huohstab
1779 2912 2099 2982 kestigcnue

500 3024 649 3080 mag.
692 3010 838 3063 Aber
867 3025 935 3063 an
978 3024 1039 3063 so
1083 3008 1423 3063 uuelichemo
1463 3007 1763 3062 huoltstahe
1810 3006 1919 3060 imo
1954 3005 2099 3058 hoho

502 3086 936 3155 anauahcntemo
972 3095 1251 3169 geliristet.
1304 3100 1405 3154 aha
1456 3100 1615 3154 demo
1657 3107 1925 3153 sturzcter
1952 3106 2097 3151 note.

432 3249 443 3259 ,
507 3206 577 3245 au
598 3194 697 3246 daz
724 3190 910 3246 uidera
936 3190 1303 3261 alphabetum.
1326 3205 1387 3244 ze
1410 3190 1567 3246 demo
1580 3189 1761 3243 selheu
1780 3186 2099 3241 huohstabe.

508 3284 625 3338 also
651 3299 713 3337 er
736 3284 842 3337 ouh
870 3298 960 3335 sar
982 3283 1219 3336 (lannan.
1249 3282 1355 3336 ube
1376 3282 1538 3336 izimo
1556 3280 1851 3350 penitleret.
1880 3277 2103 3332 uuidere

508 3373 871 3444 ul'kestepfen
906 3389 1027 3443 mag
1058 3390 1124 3428 an
1175 3373 1275 3428 daz
1325 3375 1509 3429 obera.
1555 3372 1909 3427 Anafahendo
1940 3371 2103 3425 habet

508 3482 571 3519 er
599 3464 817 3535 geuualt
838 3479 900 3518 ze
925 3465 1234 3519 erheuetme
1270 3478 1329 3518 so
1364 3463 1570 3518 uidero.
1620 3462 1739 3517 alde
1768 3476 1830 3517 so
1870 3460 2014 3530 ltoho
2043 3474 2104 3515 er

510 3557 676 3610 uuile.
729 3556 860 3609 alter
905 3570 966 3610 so
1010 3570 1071 3609 er
1115 3556 1339 3609 erheuet
1379 3554 1521 3608 unde
1570 3552 1755 3607 furder
1792 3550 2101 3622 gerucchet.

508 3665 641 3706 sane
683 3649 843 3704 habet
887 3647 1220 3719 singendone
1264 3646 1388 3702 hein
1440 3644 1678 3717 genualt.
1726 3644 1944 3699 nideror
1986 3642 2106 3698 alde

512 3743 691 3797 hohor
719 3736 1177 3795 zel‘ahcnue.'aua
1224 3738 1328 3793 aba
1374 3738 1537 3809 duplo
1576 3739 1626 3792 in
1664 3736 1941 3807 simplum.
1987 3733 2107 3789 alde

513 3834 582 3887 ab
608 3847 639 3885 e
664 3831 858 3900 simpla
885 3832 936 3885 iu
964 3830 1204 3900 duplum.
1234 3829 1347 3884 also
1373 3829 1688 3884 erchtmneu
1709 3841 1831 3897 mag
1855 3841 1923 3880 an
1949 3824 2108 3879 demo

516 3922 908 3976 monocltortlo.
936 3921 1058 3975 alde
1094 3937 1160 3974 an
1191 3920 1325 3975 dero
1354 3934 1624 3989 organun.
1642 3915 1749 3972 Ter
1777 3916 1863 3971 die
1893 3912 2107 3984 suegela

515 4028 671 4068 meze
715 4013 813 4067 der
864 4013 1062 4084 borgee
1109 4011 1413 4067 desselben.
1469 4011 1563 4065 des
1606 4009 1808 4064 andero
1857 4007 1998 4061 lirun
2046 4018 2111 4059 ze

517 4110 795 4180 horgetme
827 4108 917 4163 ist.
951 4106 1165 4160 uitanda
1205 4105 1310 4160 ube
1349 4104 1436 4159 die
1466 4104 1673 4159 eristun
1718 4101 1906 4171 zelang
1950 4113 2110 4154 uuer-

517 4204 664 4258 deut.
696 4217 757 4258 so
797 4203 904 4257 sint
934 4202 1013 4256 sie
1056 4200 1238 4256 selhen
1287 4197 1523 4253 unhelle.
1562 4196 1703 4250 unde
1734 4195 1935 4249 habent
1958 4192 2109 4248 heisa

536 4307 694 4351 utun.
731 4297 835 4351 doli
866 4295 972 4350 ouh
1022 4296 1093 4350 tie
1137 4294 1355 4355 audere,
1388 4292 1470 4346 sin
1521 4288 1786 4344 lutreiste.
1834 4285 2113 4342 Uuerdent

519 4390 599 4445 sie
629 4390 760 4444 aber
782 4404 844 4443 ze
870 4388 1056 4444 churz.
1094 4396 1292 4441 tarmen
1330 4385 1436 4440 sint
1468 4384 1553 4437 die
1581 4382 1875 4435 al‘terosten
1906 4376 2111 4447 z.echlei

2156 525 2283 572 ‘tem
2308 517 2654 574 discrimina:
2684 527 2891 587 tonum,
2914 529 3128 586 tonum,
3154 518 3529 586 semitonium,
3551 528 3762 586 tonum,

2175 616 2387 675 tonum,
2416 610 2783 676 semitonium,
2804 619 3011 666 tonum.
3035 610 3117 665 Ad
3146 608 3266 666 hac
3297 617 3459 666 sonat
3475 623 3765 679 supremus

2174 703 2367 756 modus
2397 698 2614 772 duplum
2650 710 2898 773 respectu
2961 701 3153 757 intimi.
3183 698 3359 757 Porro
3395 699 3490 755 ubi
3520 700 3765 771 hypodo—

2175 795 2291 851 rius
2321 795 2510 851 modus
2543 803 2645 860 est,
2680 803 2808 850 ttmc
2858 793 3282 866 profundissime
3324 802 3555 850 cantare
3577 793 3767 863 incipi-

2166 879 2328 955 'mus;
2357 897 2411 943 et
2437 888 2527 944 ubi
2578 888 3005 961 hypOphrygius,
3034 895 3164 943 tunc
3201 901 3312 942 uno
3345 896 3474 941 tono
3496 885 3661 940 altius
3689 885 3771 939 in-

2180 979 2439 1052 cipimus;
2474 990 2522 1038 el
2552 981 2645 1037 ubi
2691 979 3018 1053 hypolitlius,
3052 980 3374 1044 duobus;et
3427 978 3522 1032 ubi
3551 977 3769 1042 Dorias,

2181 1082 2311 1128 tunc
2337 1088 2444 1127 uno
2474 1072 2838 1137 diatessaron;
2865 1080 2920 1127 et
2941 1069 3028 1125 ubi
3051 1068 3345 1141 Phrygius,
3374 1076 3504 1122 tunc
3526 1081 3638 1119 uno
3667 1066 3775 1119 dia-

2179 1173 2341 1235 pente
2370 1163 2563 1227 altius;
2587 1172 2642 1218 et
2671 1162 2760 1218 ubi
2808 1158 3325 1234 hypermixolydius,
3365 1167 3500 1212 tunc
3552 1156 3770 1227 plenum

2183 1270 2465 1317 cantamus
2498 1260 2780 1331 diapason,
2838 1272 3032 1327 nempe
3082 1254 3248 1326 duplo
3301 1253 3489 1318 altius,
3531 1262 3593 1306 ut
3617 1251 3773 1304 altius

2184 1350 2439 1420 deinceps
2466 1350 2702 1421 incipere
2724 1364 2830 1404 non
2867 1348 3157 1419 possimus.
3194 1344 3348 1411 Quod
3381 1343 3426 1398 si
3452 1344 3623 1397 etiam
3650 1356 3774 1395 cau-

2187 1454 2274 1498 tus
2300 1443 2413 1514 ipse
2462 1443 2755 1498 ascendere
2805 1441 3027 1497 deberet
3056 1455 3086 1494 a
3138 1438 3284 1502 loco,
3340 1436 3433 1491 ubi
3488 1434 3776 1490 inchoatur

2188 1550 2351 1605 quam
2384 1533 2646 1588 altissime
2677 1539 2878 1603 potest,
2925 1530 3048 1602 quia
3084 1542 3282 1599 nempe
3306 1526 3375 1582 ad
3409 1533 3670 1581 octavam
3688 1525 3773 1579 lit-

2190 1638 2385 1691 teram,
2414 1642 2535 1698 qua),
2560 1626 2780 1696 duplum
2834 1634 2995 1682 sonat
3028 1624 3147 1697 ejus
3180 1624 3398 1686 litterae,
3427 1635 3459 1674 a
3497 1635 3607 1690 qua
3640 1620 3777 1673 ince-

2178 1708 2363 1792 perat,
2390 1720 2669 1776 hominum
2711 1733 2817 1774 vox
2852 1733 2950 1788 per
2995 1715 3356 1788 quadruplum
3406 1713 3618 1783 passim
3665 1725 3779 1782 per-

2114 1780 2163 1841 B
2194 1780 2403 1883 tingere
2439 1828 2544 1867 non
2593 1818 2810 1882 potest:
2842 1780 2965 1865 ideo
3000 1780 3361 1879 quadruplum
3403 1780 3483 1858 ita
3512 1780 3780 1871 accipien-

2182 1896 2315 1962 dum
2367 1913 2469 1969 est,
2528 1903 2669 1958 sicut
2706 1916 2849 1957 nunc
2882 1899 3014 1962 dixi,
3074 1907 3135 1952 ut
3189 1913 3221 1952 a
3272 1895 3455 1967 primo
3516 1894 3677 1948 initio
3720 1893 3771 1946 in

2189 1996 2513 2068 hypodorio,
2564 1995 2705 2064 quod
2740 1993 2798 2047 Β.
2835 1999 2919 2048 est
2948 1990 3031 2046 vel
3079 1990 3144 2046 (Σ.
3189 1989 3415 2060 duplum
3461 1987 3541 2042 sit
3570 1998 3777 2040 sursum

2192 2103 2363 2159 usque
2388 2088 2454 2143 ad
2476 2086 2537 2141 Β.
2568 2086 2652 2140 vel
2676 2083 2737 2140 C.
2771 2084 2823 2138 in
2850 2080 3338 2155 hypermixolydio,
3363 2078 3499 2133 hinc
3529 2091 3663 2131 vero
3687 2075 3777 2129 du-

2190 2181 2339 2252 plum
2380 2194 2598 2235 sursum
2630 2178 2695 2233 ad
2723 2186 2971 2233 octavam
3018 2190 3170 2231 suam
3225 2173 3495 2237 litteram,
3523 2186 3646 2240 qua:
3667 2168 3778 2224 huic

2194 2275 2437 2346 duplum,
2468 2284 2521 2328 et
2548 2272 2621 2327 illi
2666 2268 3026 2343 quadruplum
3078 2279 3275 2323 sonat:
3312 2274 3446 2320 tunc
3471 2264 3776 2331 cligerepo-

2196 2378 2299 2435 tes,
2350 2384 2419 2423 an
2465 2376 2657 2422 cautus
2719 2364 2879 2418 altius
2931 2361 3123 2417 debeat
3170 2358 3474 2416 ascendere
3524 2357 3591 2410 ab
3640 2355 3778 2409 initio

2195 2477 2359 2533 quam
2399 2460 2465 2515 ad
2496 2467 2746 2515 octavam
2796 2455 3058 2519 litteram,
3115 2450 3589 2524 quemadmodum
3641 2448 3696 2501 iit
3730 2444 3775 2497 in

2195 2554 2449 2626 praalieta
2482 2551 2797 2622 antiphona.
2842 2548 2913 2605 Ut
2949 2548 3082 2603 adeo
3105 2546 3159 2601 in
3201 2541 3687 2618 hypermixolydio
3713 2540 3780 2591 ἰιιο

2199 2645 2507 2715 cipiendum
2556 2658 2662 2698 non
2720 2640 2810 2704 sit,
2848 2655 2969 2695 cum
3005 2639 3057 2693 in
3094 2653 3161 2693 eo
3217 2636 3382 2691 modo
3428 2648 3599 2688 nemo
3640 2643 3781 2699 supra

2200 2744 2447 2792 octavam
2482 2733 2719 2787 litteram
2753 2728 3044 2785 ascendere
3070 2727 3281 2799 possit:
3324 2724 3425 2779 sed
3468 2724 3528 2777 in
3559 2735 3781 2791 quacun-

2201 2842 2307 2897 que
2337 2825 2520 2880 littera
2572 2822 2735 2876 altius
2758 2819 2977 2876 ascendi
3026 2833 3133 2872 non
3164 2822 3366 2887 potest,
3398 2814 3475 2868 ab
3503 2813 3595 2866 illa
3623 2812 3784 2865 littera

2201 2916 2512 2974 necessario
2550 2914 2617 2969 ad
2642 2912 2889 2969 eamdem
2919 2910 3156 2965 litteram
3202 2905 3485 2978 alphabeti
3538 2900 3789 2957 interioris

2204 3011 2640 3072 descendendum
2673 3015 2775 3063 est.
2806 3004 2899 3062 Sic
2928 3018 3146 3077 quoque
3178 3017 3306 3057 mox
3331 3000 3486 3059 inde,
3520 2998 3615 3051 ubi
3652 2994 3790 3048 nimis

2205 3103 2506 3169 descendit,
2536 3102 2733 3157 iterum
2760 3098 2827 3155 ad
2858 3096 3105 3169 superius
3129 3094 3489 3164 alphabetum
3516 3088 3791 3145 ascendere

2205 3205 2404 3270 potest.
2442 3196 2498 3250 lu
2555 3192 2858 3264 incipiendo
2900 3196 3224 3261 potestatem
3282 3185 3457 3243 habet
3520 3178 3790 3238 intonaatli

2208 3304 2318 3349 tam
2349 3289 2617 3361 profunde
2654 3286 2741 3342 vel
2794 3284 2901 3340 alte
2941 3298 3103 3353 quam
3136 3280 3312 3337 velit:
3360 3276 3463 3333 ubi
3506 3274 3793 3331 seminec-

2209 3387 2351 3459 perit
2390 3396 2444 3441 et
2476 3382 2803 3455 porrexerit,
2831 3387 3059 3435 cantans
3086 3374 3232 3431 haud
3273 3372 3519 3443 amplius
3542 3371 3660 3425 sive
3686 3382 3792 3439 pro-

2209 3456 2431 3535 iuntlius
2457 3478 2570 3532 sive
2596 3474 2761 3530 altius
2804 3468 3058 3541 progredi
3081 3471 3281 3537 potest,
3304 3478 3474 3534 quam
3503 3477 3536 3514 a
3561 3457 3717 3529 duplo
3746 3456 3791 3509 ὴ

2210 3572 2490 3643 simplum,
2517 3569 2601 3624 vel
2631 3583 2661 3623 a
2691 3564 2885 3637 simple
2922 3564 2975 3618 in
3022 3560 3271 3632 duplum,
3303 3558 3384 3614 uti
3435 3555 3693 3629 cognosci
3713 3568 3793 3624 po-

2214 3672 2320 3722 test
2344 3664 2398 3719 in
2429 3658 2800 3717 monochordo
2844 3656 2927 3713 vel
2949 3656 3002 3711 in
3029 3669 3257 3727 organo.
3297 3651 3402 3719 Qui
3430 3648 3673 3705 ﬁstulam
3698 3662 3793 3702 nte-

2213 3759 2362 3821 titur,
2404 3755 2458 3810 in
2498 3769 2560 3810 ea
2600 3753 2769 3809 evitet
2794 3749 2939 3820 quod
2970 3748 3024 3803 in
3061 3746 3179 3818 lyra
3205 3743 3494 3799 vitandum
3514 3740 3603 3796 est
3633 3758 3649 3796 :
3684 3738 3788 3808 quia

2212 3850 2303 3906 ubi
2346 3848 2535 3920 prima:
2558 3844 2625 3919 [f.
2658 3840 2899 3913 chordae]
2930 3838 3094 3896 nimis
3122 3837 3300 3907 longae
3331 3835 3497 3900 ﬁunt,
3552 3832 3694 3888 baud
3715 3846 3793 3886 ω-

2212 3958 2360 4000 ηοηθ
2391 3951 2539 4007 sunt,
2582 3947 2880 4009 tonumque
2935 3948 3161 3990 raucum
3208 3927 3478 3992 efﬁciunt,
3504 3920 3792 3984 etiamsial-

2214 4046 2344 4093 terae
2389 4034 2497 4091 sint
2524 4046 2735 4089 sonorae
2759 4047 2773 4083 :
2800 4028 2847 4083 si
2884 4041 3016 4083 vero
3052 4023 3285 4080 nimium
3311 4021 3516 4078 breves
3556 4020 3701 4084 ﬁant,
3725 4018 3793 4071 in-

2214 4130 2355 4185 tima:
2386 4137 2571 4184 tonum
2607 4124 2771 4181 nimis
2789 4121 2985 4178 exilem
3027 4117 3281 4182 faciunt,
3316 4117 3421 4171 etsi
3462 4115 3653 4186 prima
3682 4109 3793 4168 satis

2217 4221 2327 4277 sint
2349 4233 2588 4276 sonorae.
2613 4215 2690 4271 De
2712 4213 2800 4270 his
2840 4210 3059 4272 dicitur,
3088 4207 3239 4279 quod
3267 4205 3457 4263 ﬁstula
3483 4203 3793 4277 longitudine

2217 4312 2378 4369 unius
2402 4311 2546 4366 ulna:
2570 4324 2601 4362 a
2630 4306 2776 4362 labio
2817 4301 2934 4373 ejus
2963 4315 3182 4358 sursum
3213 4300 3271 4355 in
3302 4299 3543 4370 primam
3579 4297 3793 4351 litteram

2219 4403 2382 4460 nimis
2418 4399 2599 4457 brevis
2641 4398 2733 4462 sit,
2768 4404 2823 4451 et
2853 4386 3080 4451 duarum
3120 4393 3389 4447 ulnarum
3433 4390 3599 4445 nimis
3637 4388 3795 4454 longe.

520 4482 761 4536 stimme.
811 4480 916 4535 doli
970 4480 1043 4533 tie
1085 4478 1287 4534 eristen
1324 4491 1502 4545 gnuog
1546 4472 1791 4529 lutreiste
1833 4470 1940 4568 sin.
1979 4481 2111 4568 sane
2138 4508 2191 4568 Β
2218 4495 2312 4551 sed
2340 4494 2484 4548 inter
2514 4490 2672 4545 binas
2698 4488 2819 4553 has,
2850 4500 2970 4556 qua,
3013 4482 3365 4554 longitudine
3395 4481 3555 4536 unius
3580 4488 3636 4534 ει
3669 4472 3797 4531 ἀίεις.

520 4574 613 4629 diu
660 4574 866 4629 chetlen
915 4573 1013 4626 dar.
1057 4571 1242 4626 einero
1271 4569 1397 4624 elno
1446 4567 1641 4636 langue
1694 4562 1932 4636 suegela.
1985 4560 2112 4615 [one

523 4670 655 4725 dore
679 4684 893 4740 zungun
920 4667 998 4722 ul‘.
1029 4684 1097 4723 an
1123 4667 1281 4722 demo
1306 4666 1507 4721 eristeu
1538 4662 1837 4719 buolistabe
1860 4674 1922 4715 ze
1946 4660 2113 4714 churz

521 4764 590 4817 si.
643 4762 787 4816 unde
835 4761 992 4815 zueio
1038 4760 1220 4831 langiu
1255 4758 1445 4830 zelang
1485 4757 1547 4813 si.
1592 4756 1733 4811 unde
1780 4754 1908 4809 aber
1944 4751 2120 4807 under

522 4854 649 4909 dien
680 4850 902 4907 zuisken
932 4865 1103 4922 gagen
1136 4851 1337 4904 andem
1369 4849 1593 4903 halbero
1640 4846 1822 4915 langiu
1860 4842 2120 4916 gelimﬂih

521 4947 588 5003 si.
623 4961 684 5003 so
715 4945 880 5001 habet
908 4943 984 4998 tiu
1012 4942 1207 4997 ahtoala
1241 4957 1344 4997 anc
1385 4941 1514 4996 halb
1552 4941 1897 4995 diametrum.
1931 4938 2116 4994 einero

525 5036 652 5094 elno
678 5037 997 5094 dodrantem
1029 5035 1085 5090 in
1131 5033 1297 5104 lengi.
1329 5033 1596 5089 unde'diu
1629 5031 1956 5087 tinftazenda
1999 5044 2117 5086 mer

524 5128 705 5183 danae
753 5126 1032 5182 trientem.
1087 5125 1188 5181 daz
1238 5124 1352 5181 chit
1416 5123 1518 5180 den
1580 5121 1881 5179 dritteuteil
1933 5122 2118 5180 einero

526 5215 668 5273 elno.
1146 5242 1149 5245 ι

2223 4590 2323 4647 diae
2354 4594 2501 4651 sunt,
2525 4597 2779 4655 congruae
2810 4580 2937 4635 sint.
2998 4575 3092 4632 Sic
3120 4575 3297 4632 habet
3329 4581 3523 4632 octava
3547 4586 3645 4641 pro
3665 4566 3795 4623 dimi-

2223 4680 2309 4736 dia
2337 4679 2604 4734 diametro
2651 4672 2810 4728 unius
2839 4669 2980 4724 ulnae
3005 4667 3345 4722 dodrantem
3377 4666 3430 4720 in
3471 4658 3796 4731 longitudine.

2227 4781 2282 4829 et
2306 4766 2711 4842 quintadecima
2736 4763 3019 4836 plusquam
3066 4757 3364 4825 trientem,
3388 4756 3534 4828 quod
3560 4751 3685 4807 facit
3708 4757 3801 4803 ter-

2222 4866 2355 4921 tiam
2376 4872 2586 4934 partem
2614 4857 2776 4914 unius
2800 4850 2958 4911 ulnae.

1410 5327 1499 5384 DE
1534 5323 1869 5383 MENSURA
1906 5314 2359 5381 FlSTULARUM
2396 5305 2921 5373 ORGANICARUM.

1024 5440 1235 5484 'rtaxrvs
1270 5440 1619 5483 TBEOTISCUS.
1648 5496 1651 5499 _

534 5508 543 5511 ’
606 5514 761 5571 Sidtu
785 5534 855 5572 nu
885 5516 1200 5574 becennest.
1235 5519 1362 5573 uuio
1401 5517 1505 5573 alle
1526 5518 1612 5571 die
1652 5514 1872 5585 suegela
1911 5514 1998 5570 ciu
2022 5528 2120 5570 an-

537 5598 700 5661 deren
746 5608 1046 5663 encheden.
1100 5609 1245 5663 Soue
1288 5609 1538 5664 bcdrieze
1588 5609 1679 5663 dilt
1715 5609 1825 5663 ouh
1851 5608 1931 5661 iro
1964 5620 2118 5659 maza

541 5694 900 5776 zelir‘ncnne.‘
927 5692 1115 5751 Macha
1139 5698 1224 5757 dia
1252 5698 1458 5752 eristun
1495 5713 1554 5751 so
1578 5698 1756 5767 langa.
1784 5713 1845 5753 so
1874 5696 1973 5750 dar
2001 5693 2121 5749 fore

2668 5402 3119 5466 ἰιιτειιριιετιιτιο
3160 5416 3406 5459 unus.

2295 5503 2588 5576 Postquam
2610 5497 2912 5573 cognovisti
2939 5496 3224 5573 quomodo
3258 5510 3467 5552 omnes
3488 5490 3670 5549 ﬁstulae
3690 5479 3813 5563 invij

2226 5617 2345 5657 cem
2377 5599 2479 5655 sibi
2504 5595 2890 5667 respondeant,
2928 5588 3041 5661 jam
3075 5602 3419 5644 mensuram
3449 5599 3631 5644 earum
3672 5580 3815 5675 ειίιιξ

2228 5692 2437 5742 discere
2469 5704 2535 5716 ἠ’
