3956 5416
183 362 323 425 1177

1617 374 1706 433 DE
1745 376 2023 437 MUSICA.

3317 386 3455 445 M78

182 486 305 543 lest.
337 494 455 541 tero
496 485 632 541 uuiti
682 484 836 541 sulen
867 486 947 544 sie
972 487 1074 543 alle
1109 487 1213 544 sin.
1243 486 1397 544 Unde
1432 487 1617 544 miztia
1668 506 1763 545 an-
1790 494 1841 553 Α
1870 492 2169 562 placuerit:
2204 466 2446 561 ejusaem
2470 493 2843 563 amplitudinis
2874 510 3063 553 omnes
3085 511 3205 555 esse
3231 499 3447 555 debent.

182 581 354 634 dernn
400 580 453 634 bi
494 579 625 634 dero
648 580 872 635 eristum
912 580 1019 637 ius.
1048 582 1131 637 sih
1165 598 1227 638 33
1258 582 1391 637 erist
1419 583 1546 637 uuio
1574 583 1691 637 uuit
1718 584 1764 640 si

179 671 252 726 si.
280 672 369 726 ditt
398 670 533 726 uniti
566 671 747 727 heizet
767 672 1115 728 diametrum.
1145 672 1283 727 Tara
1309 674 1416 728 nah
1448 673 1496 728 la
1528 689 1595 727 an
1633 673 1767 731 dero

178 762 409 816 eristnm
449 762 706 832 suegelun
755 762 916 833 lengi.
946 763 1060 819 fore
1088 760 1191 819 den
1236 764 1472 820 abtoden
1514 764 1606 819 teil
1635 765 1765 822 dero

176 850 335 905 uniti.
368 852 663 906 undesteile
695 851 773 906 sia
807 852 1022 908 dannan
1053 854 1209 907 nider
1250 869 1352 907 unz
1383 870 1445 910 33
1472 854 1604 911 dero
1633 871 1766 911 31111-

179 956 287 1010 gun
328 941 416 996 ditt
446 942 729 1012 plectrum
749 942 947 998 1131331.
973 944 1026 999 111
1051 946 1181 999 1111111
1206 944 1296 1000 1311
1327 947 1462 1001 eben
1486 945 1762 1001 miclteliu.

176 1029 317 1086 Dero
356 1033 484 1086 niun
518 1034 664 1088 teilo.
693 1034 782 1104 gib
825 1034 949 1090 ahto
982 1035 1069 1090 teil
1107 1036 1238 1092 dero
1268 1037 1535 1092 anderun.
1568 1046 1653 1092 taz
1693 1038 1765 1094 ist

174 1120 260 1177 iro
286 1123 447 1194 lengi.
478 1124 603 1179 fone
650 1126 781 1180 dero
816 1141 1029 1197 zungun
1060 1126 1135 1182 ul”.
1162 1127 1210 1181 13
1238 1127 1367 1181 dara
1393 1128 1497 1183 nah
1548 1126 1666 1184 fore
1694 1143 1763 1184 an

174 1217 306 1275 dero
351 1221 590 1273 anderun
643 1221 903 1291 suegclun
953 1221 1115 1292 lengi.
1170 1236 1340 1277 zuene
1386 1222 1641 1297 abtoteila
1667 1222 1763 1278 des

174 1310 447 1364 diametri.
484 1311 626 1366 unde
666 1312 792 1366 tcile
839 1313 938 1366 daz
980 1313 1150 1369 ander
1175 1315 1305 1368 aber
1331 1312 1444 1368 also
1468 1314 1521 1368 in
1549 1313 1758 1368 niuniu.

171 1403 317 1458 unde
364 1404 453 1471 gib
482 1413 600 1459 tero
652 1406 818 1461 niuuo
846 1405 1087 1460 ahtoteil.
1132 1406 1263 1461 dero
1301 1406 1527 1460 drittun.
1562 1405 1662 1460 daz
1694 1406 1763 1460 ist

171 1498 258 1554 iro
279 1498 439 1569 lengi.
473 1498 598 1555 fone
652 1501 783 1555 dero
810 1516 1027 1571 zungun
1059 1500 1135 1555 ul.
1186 1499 1306 1555 Nim
1340 1500 1518 1555 danne
1538 1499 1623 1554 dia
1649 1498 1759 1554 eri-

173 1598 327 1643 stun.
361 1591 504 1645 unde
533 1590 583 1645 la
627 1591 746 1647 fore
771 1608 838 1645 an
873 1591 955 1644 iro
999 1591 1141 1662 lengi
1185 1592 1286 1647 den
1315 1591 1514 1645 dritten
1554 1590 1645 1645 teil
1666 1590 1761 1646 des

169 1680 447 1737 diametri.
483 1683 625 1737 unde
659 1683 784 1739 teile
837 1683 915 1739 sia
967 1683 1184 1737 dannan
1245 1683 1505 1738 niderunz
1537 1698 1599 1737 ze
1628 1684 1759 1738 dero

170 1785 386 1841 zungun
420 1770 471 1825 in
507 1768 605 1826 tier
631 1772 739 1827 teil.
783 1773 925 1826 nndc
954 1773 1086 1828 dero
1114 1773 1205 1844 gib
1240 1774 1345 1828 triu
1372 1775 1502 1830 dero
1526 1773 1754 1829 lierdun.

1872 582 2062 639 Metire
2106 583 2343 654 reliquas
2386 586 2453 639 ad
2488 601 2799 642 mensuram
2859 590 3070 659 primae.
3097 592 3233 647 Vide
3275 594 3449 663 primo

1871 662 2031 744 quam
2060 675 2235 747 ampla
2274 677 2374 743 sit;
2426 678 2720 748 amplitudo
2767 678 2967 735 dicitur
3009 662 3286 737 diameter.
3317 684 3448 739 Dein

1871 766 2112 838 relinque
2171 784 2268 839 pro
2329 769 2518 839 primae
2580 770 2772 826 ﬁstulae
2825 771 3161 843 longitudine
3204 784 3449 831 octavam

1866 866 2075 928 partem
2125 858 2362 928 ejusdem
2418 861 2810 931 amplitudinis,
2863 872 2920 919 et
2972 864 3152 921 divide
3212 867 3354 921 illam
3384 869 3450 922 ab

1868 946 1995 1002 hinc
2016 948 2263 1003 deorsum
2295 964 2464 1019 usque
2491 951 2558 1005 ad
2589 950 2813 1019 labium,
2842 955 2985 1024 quod
3031 955 3291 1025 plectrum
3320 957 3451 1011 dici-

1868 1047 1977 1104 tur,
2012 1040 2063 1095 in
2094 1055 2288 1095 novem
2320 1051 2504 1110 partes
2548 1045 2776 1114 aequalis
2806 1048 3212 1118 magnitudinis.
3248 1049 3451 1104 Harum

1866 1145 2060 1185 novem
2090 1131 2324 1202 partium
2355 1143 2479 1189 octo
2540 1143 2723 1206 partes
2748 1135 2819 1191 da
2849 1140 3117 1205 secundae,
3144 1148 3193 1195 et
3218 1141 3331 1196 haec
3368 1149 3453 1196 est

1866 1222 2145 1295 longitudo
2174 1224 2288 1293 ejus
2335 1241 2364 1279 a
2395 1226 2540 1283 labio
2596 1244 2836 1285 sursum.
2882 1230 3146 1303 Relinque
3196 1234 3315 1289 dein
3345 1249 3444 1304 pro

1864 1318 2115 1374 secundm,
2159 1318 2351 1374 ﬁstulae
2381 1319 2718 1391 longitudine
2748 1323 2832 1379 bis
2873 1334 2995 1381 octo
3033 1334 3217 1396 partes
3245 1327 3450 1382 diame-

1867 1410 1957 1477 tri,
1982 1419 2037 1466 et
2059 1410 2237 1466 divide
2268 1412 2533 1484 reliquum
2574 1414 2752 1470 denuo
2777 1416 2855 1472 sic
2900 1416 2952 1471 in
2977 1433 3197 1485 novem,
3219 1419 3448 1473 harum-

1864 1518 1969 1573 que
1992 1512 2342 1559 novem‘octo
2378 1513 2564 1575 partes
2595 1506 2661 1560 da
2691 1506 2893 1573 tertiae;
2923 1506 3039 1565 haec
3062 1518 3146 1565 est
3166 1508 3448 1578 longitudo

1863 1595 2003 1665 ejus,
2033 1610 2063 1649 a
2087 1594 2231 1650 labio
2284 1610 2521 1651 sursum.
2562 1592 2727 1652 Sume
2753 1598 2876 1653 dein
2922 1598 3175 1669 primam,
3207 1608 3261 1655 et
3285 1600 3450 1655 relin-

1862 1703 1965 1757 que
1985 1703 2085 1756 pro
2106 1686 2221 1756 ejus
2276 1688 2613 1759 longitudine
2662 1691 2875 1745 tertiam
2938 1700 3144 1762 partem
3172 1692 3446 1761 diametri,

1862 1790 1918 1835 et
1945 1778 2122 1835 divide
2157 1795 2276 1835 eam
2320 1779 2516 1835 abhinc
2548 1781 2800 1836 deorsum
2842 1797 3014 1851 usque
3054 1783 3122 1837 ad
3149 1782 3354 1838 labium
3390 1784 3444 1840 in

171 1871 258 1917 133
284 1863 356 1916 ist
385 1864 465 1917 iro
492 1863 654 1934 lengi.
690 1866 829 1920 unde
858 1874 973 1921 tara
1003 1876 1095 1936 gat
1119 1866 1475 1923 diatessaron.
1507 1868 1603 1923 mit
1631 1877 1757 1924 tono
1788 1874 1832 1932 Β
1861 1879 2093 1940 quatuor
2145 1880 2352 1942 partes,
2388 1880 2442 1927 et
2488 1872 2681 1926 harum
2705 1881 2816 1927 tres
2845 1873 2910 1928 da
2934 1881 3141 1943 quartae
3166 1873 3328 1955 {haec
3365 1881 3450 1929 est

172 1964 297 2010 tono
340 1957 645 2013 semitonio.
696 1957 851 2015 Unde
918 1958 1111 2015 fernint
1149 1961 1203 2016 io
1234 1978 1295 2017 ze
1343 1963 1395 2016 io
1434 1964 1753 2034 gelielremo.
1798 1966 1805 1972 “

172 2048 327 2104 111313.
363 2048 489 2105 fone
518 2052 648 2105 dero
670 2068 882 2123 zuugun
917 2051 991 2108 uf.
1024 2052 1096 2109 So
1125 2054 1234 2108 nim
1266 2055 1397 2110 abcr
1424 2057 1507 2110 dia
1528 2057 1754 2111 eristun.

170 2140 312 2194 unde
342 2139 416 2194 la.
459 2157 526 2195 311
570 2143 652 2199 iro
683 2144 824 2215 lengi
877 2144 994 2201 fore
1025 2147 1125 2201 den
1154 2147 1351 2203 halben
1378 2148 1466 2202 teil
1492 2149 1572 2202 iro
1597 2148 1753 2202 uttiti.

171 2232 312 2286 unde
345 2232 467 2287 teila
496 2234 578 2288 sia
608 2233 662 2288 111
716 2235 835 2289 dritt
867 2236 978 2291 teil.
1014 2239 1156 2292 unde
1191 2239 1281 2309 gilt
1306 2248 1420 2293 tero
1474 2241 1589 2305 zuei
1629 2239 1759 2293 dero

172 2322 386 2380 linftun.
429 2325 539 2380 Daz
580 2326 651 2382 ist
696 2327 777 2382 iro
804 2327 967 2398 lengi.
1017 2328 1138 2383 Nint
1178 2330 1420 2384 daranah
1453 2330 1640 2383 selbun
1668 2330 1754 2382 dia

173 2414 385 2471 linftun.
417 2418 559 2471 unde
595 2418 642 2471 13
688 2419 741 2471 111
794 2419 875 2473 iro
928 2420 1066 2491 lengi
1112 2420 1227 2474 fore
1255 2422 1358 2474 den
1394 2422 1629 2475 ahtoden
1664 2420 1757 2474 teil

171 2510 264 2563 des
288 2509 561 2564 diametri.
598 2512 741 2566 unde
782 2512 908 2566 tcile
954 2512 1053 2565 daz
1104 2514 1273 2566 ander
1306 2512 1356 2565 in
1409 2512 1582 2565 ﬁeriu.
1616 2512 1757 2565 unde

170 2599 259 2669 gib
292 2607 410 2655 tero
445 2601 563 2655 driu
588 2602 719 2657 dero
744 2601 1031 2656 sibendun.
1066 2602 1253 2655 Tanne
1281 2602 1386 2655 miz
1414 2603 1485 2655 tiu
1518 2601 1755 2655 ahtodun

167 2693 222 2748 bi
248 2694 378 2750 dero
425 2703 658 2751 eristun.
694 2696 743 2750 13
776 2697 980 2751 andero
1008 2696 1215 2750 eristun
1271 2695 1405 2749 fore.
1440 2711 1500 2749 so
1529 2696 1636 2749 nilo
1662 2696 1757 2749 des

168 2784 418 2841 diametri
446 2787 513 2841 si.
549 2787 648 2841 daz
679 2788 792 2843 chit
820 2788 872 2842 la
901 2786 1017 2843 fore
1038 2787 1143 2842 alla
1169 2787 1257 2842 dia
1282 2787 1440 2841 uuiti.
1468 2788 1608 2841 unde
1633 2785 1757 2839 teile

170 2876 266 2932 daz
294 2878 463 2932 ander
494 2878 546 2931 in
576 2879 693 2935 zuei
732 2880 867 2934 eben
892 2878 1144 2933 micheliu
1178 2879 1291 2934 teil.
1325 2880 1467 2932 unde.
1492 2879 1580 2949 gib
1603 2878 1755 2931 cinez

168 2978 287 3026 tero
312 2971 580 3026 abtodun.
604 2972 703 3026 daz
725 2972 793 3027 ist
818 2972 901 3027 iro
927 2971 1068 3043 lengi
1102 2971 1226 3027 fone
1251 2973 1410 3026 demo
1442 2972 1645 3041 plectro
1677 2968 1752 3024 ul'.

168 3062 408 3120 Unztara
438 3072 529 3134 gat
556 3063 830 3134 diapente.
858 3064 957 3119 mit
984 3074 1114 3119 tono
1138 3074 1266 3119 tono
1286 3065 1575 3119 scmitonio
1606 3072 1751 3117 tono.

167 3153 415 3210 Taranah
442 3155 533 3210 kib
565 3155 634 3209 tia
665 3156 854 3211 selbun
883 3172 1041 3212 maza
1084 3157 1208 3212 dien
1237 3159 1475 3213 anderen
1505 3158 1749 3213 sibenen.

1861 1963 2140 2035 longitudo
2166 1964 2308 2032 ejus,
2341 1973 2396 2019 et
2422 1964 2528 2019 huc
2563 1964 2819 2019 convenit
2844 1965 3183 2020 diatessaron
3213 1981 3334 2021 cum
3364 1976 3452 2021 to-

1860 2072 1950 2120 no,
1985 2048 2130 2123 tono,
2184 2057 2509 2123 semitonio;
2560 2065 2616 2111 et
2652 2071 2817 2128 perge
2864 2056 2939 2110 ita
2995 2056 3189 2126 aequali
3230 2058 3447 2112 modoa

1860 2147 2001 2203 labio
2032 2149 2151 2219 ejus
2181 2164 2419 2203 sursum.
2455 2146 2621 2203 Sume
2649 2149 2823 2203 denuo
2846 2148 3098 2217 primam,
3126 2157 3180 2202 et
3200 2147 3447 2217 relinque

1856 2254 1956 2309 pro
1990 2239 2108 2309 ejus
2142 2239 2477 2309 longitudine
2501 2238 2778 2292 dimidiam
2802 2247 3010 2308 partem
3040 2235 3157 2306 ejus
3189 2235 3412 2306 amplitu
3439 2266 3446 2276 -

1859 2329 2022 2393 diuis,
2048 2338 2102 2383 et
2124 2328 2303 2383 divide
2325 2343 2445 2383 eam
2474 2328 2525 2382 in
2556 2339 2666 2383 tres
2691 2336 2894 2398 partes,
2919 2337 2973 2383 et
2995 2327 3062 2382 da
3085 2328 3278 2381 harum
3309 2327 3446 2382 duas

1859 2418 2089 2487 quintae:
2124 2419 2241 2473 haec
2296 2428 2381 2472 est
2426 2417 2703 2487 longitudo
2732 2418 2868 2487 ejus.
2920 2416 3084 2472 Sume
3139 2418 3260 2473 dein
3292 2432 3444 2473 eam-

1859 2512 1979 2565 dem
2009 2511 2275 2579 quintam,
2327 2518 2380 2564 et
2409 2510 2653 2579 relinque
2706 2524 2806 2579 pro
2850 2507 2966 2577 ejus
2996 2509 3331 2580 longitudine
3353 2523 3446 2564 oce

1859 2609 2035 2655 tavam
2064 2610 2274 2671 partem
2297 2600 2574 2665 diametri,
2611 2599 2989 2670 reliquumque
3013 2600 3195 2655 divide
3224 2600 3276 2653 in
3302 2615 3438 2670 qua-

1859 2702 1999 2755 tuor,
2028 2701 2084 2746 et
2105 2692 2283 2747 tribue
2304 2707 2370 2747 ex
2406 2693 2491 2747 his
2513 2691 2615 2746 tria
2648 2691 2914 2761 septimae.
2953 2690 3106 2745 Tunc
3137 2690 3330 2745 metire
3350 2705 3444 2746 oc-

1860 2796 2036 2841 tavam
2090 2801 2189 2856 per
2242 2786 2472 2856 primam
2505 2784 2788 2854 :relinque
2834 2784 2889 2839 in
2934 2783 3130 2853 prima,
3175 2790 3442 2853 quantum

1858 2879 2122 2934 diameter
2150 2887 2257 2943 est,
2292 2878 2343 2931 id
2365 2886 2469 2942 est,
2500 2876 2744 2945 relinque
2769 2891 2987 2932 omnem
3010 2875 3442 2946 amplitudinem,

1858 2981 1913 3025 et
1939 2971 2116 3025 divide
2172 2969 2440 3041 reliquum
2482 2970 2534 3024 in
2565 2969 2702 3025 duas
2765 2968 3006 3038 ejusdem
3056 2967 3445 3039 magnitudinis
3520 2980 3528 2988 '

1856 3073 2060 3131 partes,
2092 3071 2147 3116 et
2183 3061 2246 3115 da
2275 3076 2437 3116 unam
2479 3070 2718 3125 octavae;
2747 3061 2861 3114 luec
2896 3066 2980 3115 est
3030 3058 3305 3129 longitudo
3328 3058 3447 3127 ejus

1858 3170 1887 3208 a
1910 3154 2119 3224 plectro
2151 3169 2388 3209 sursum.
2423 3153 2608 3225 Usque
2652 3154 2758 3208 huc
2793 3153 2835 3207 it
2858 3153 3111 3222 diapente
3140 3166 3261 3206 cum
3294 3159 3445 3215 tono,

164 3243 239 3299 tia
265 3244 337 3299 du
369 3244 475 3300 nah
502 3254 619 3301 tero
639 3246 846 3301 eristun
884 3246 1008 3301 dien
1030 3261 1224 3302 ereren
1248 3247 1460 3303 sibenin
1494 3247 1653 3318 gabe.
1679 3245 1754 3301 So
1781 3237 1827 3300 C
1860 3254 2013 3309 tono,
2040 3244 2352 3309 semitonio,
2388 3252 2533 3299 tono.
2572 3243 2723 3300 Tunc
2749 3244 2924 3312 tribue
2954 3243 3199 3298 eamdem
3229 3256 3449 3295 mensu-

163 3336 328 3391 habet
350 3343 519 3407 tanne
547 3336 637 3390 diu
660 3335 826 3390 crista
854 3351 957 3390 zuo
979 3336 1121 3408 lengi
1144 3335 1276 3392 dero
1297 3336 1563 3392 abtodun.
1608 3337 1754 3392 unde

163 3429 251 3485 ein
280 3429 604 3484 diametrum
635 3430 822 3485 ubere.
856 3425 1093 3486 Unde'so
1122 3445 1276 3486 samo
1300 3430 1465 3486 habet
1496 3430 1571 3484 tiu
1599 3431 1757 3486 abto-

164 3520 233 3575 da
256 3534 360 3574 zuo
389 3518 711 3593 lengidero
756 3517 1151 3575 ﬁnl‘tozendun.
1185 3521 1362 3576 cunde
1408 3522 1496 3575 ein
1545 3521 1753 3575 diame-

162 3622 309 3667 trum
337 3612 525 3668 ubere.
576 3613 724 3668 Aber
774 3614 867 3669 diu
916 3613 1080 3669 crista
1121 3614 1288 3669 habet
1330 3614 1429 3669 tier
1459 3613 1600 3683 lengi
1624 3613 1755 3668 dero

160 3705 553 3761 ﬁnftozendun.
600 3704 757 3762 Unde
791 3708 922 3762 dara
977 3707 1145 3763 ubere
1186 3707 1295 3761 triu
1326 3708 1609 3762 diametra.
1637 3705 1756 3761 Ube

161 3797 256 3853 dih
282 3799 532 3853 uuunder
561 3798 650 3854 ist.
680 3799 766 3853 zui
815 3800 897 3855 iro
922 3800 1040 3854 driu
1086 3800 1195 3855 sin.
1231 3798 1495 3854 nalszuei.
1546 3799 1600 3853 ih
1630 3798 1757 3854 kibo

160 3878 249 3942 dir
281 3888 327 3943 is
356 3888 646 3944 rationem.
674 3887 902 3944 Uuanda
924 3904 985 3945 so
1006 3905 1133 3945 man
1162 3905 1230 3944 an
1262 3890 1391 3945 dero
1412 3889 1618 3944 eristun
1641 3888 1758 3945 fore

159 3978 308 4036 lazet
348 3981 434 4036 ein
471 3982 819 4037 diametrum.
855 3983 1004 4038 unde
1062 3983 1106 4037 si
1156 3983 1265 4038 noh
1317 3991 1479 4037 tanne
1505 3982 1666 4052 dupla
1687 3980 1760 4036 ist

159 4088 332 4145 gagen
364 4074 495 4129 dero
525 4075 786 4130 abtodun.
841 4076 933 4131 diu
962 4074 1046 4131 iro
1084 4074 1278 4146 simpla
1332 4074 1424 4130 ist.
1455 4073 1599 4129 unde
1628 4072 1760 4128 aber

158 4164 296 4219 dero
350 4162 490 4231 lengi
522 4161 641 4219 fore
682 4163 1048 4223 ferlazanemo
1081 4166 1368 4222 diametro.
1401 4164 1584 4220 halbiu
1611 4163 1761 4219 ttuirt

156 4264 284 4313 tero
314 4251 706 4310 ﬁnftozendun.
753 4272 814 4312 so
842 4257 911 4313 ist
944 4268 1064 4313 tero
1109 4260 1349 4315 ahtodun
1380 4268 1506 4315 note
1532 4257 1756 4313 zuiualt.

158 4358 333 4405 tanne
361 4346 494 4403 dero
520 4346 909 4403 ﬁnltozendun.
944 4350 1086 4405 unde
1114 4351 1203 4405 ein
1239 4352 1585 4406 diametrum.
1617 4348 1761 4405 unde

158 4440 297 4495 dero
316 4439 526 4494 eristun
574 4447 700 4494 note
750 4440 977 4495 tierualt.
1011 4441 1155 4496 unde
1195 4442 1317 4498 zuei
1345 4442 1634 4497 diametra.
1658 4455 1761 4496 ane

159 4531 266 4586 daz
325 4530 493 4585 crista
547 4531 892 4611 diametrum.
952 4530 1109 4588 Uuile
1156 4534 1287 4588 aber
1336 4535 1433 4589 der
1466 4535 1757 4604 organicos

159 4620 286 4677 fure
332 4620 553 4678 ﬁnfzen.
600 4623 725 4678 alde
765 4625 994 4679 seltszen
1042 4624 1213 4679 seiten
1242 4625 1565 4682 buohstaba.
1606 4626 1755 4685 folliu

160 4715 291 4771 drin
320 4716 608 4787 alphabeta
656 4718 912 4773 maclton.
948 4733 1008 4773 so
1034 4717 1115 4773 sol
1143 4734 1204 4773 er
1242 4718 1341 4773 daz
1380 4719 1543 4773 dritta
1567 4736 1755 4776 mezen

159 4807 278 4861 nah
329 4808 439 4864 tien
486 4824 679 4866 ereren
711 4812 892 4866 zueiu.
934 4810 1049 4867 also
1078 4825 1140 4866 er
1171 4812 1271 4867 daz
1304 4812 1473 4888 ander
1502 4828 1620 4867 maz
1647 4813 1755 4871 nah

160 4906 316 4956 temo
344 4903 569 4960 eristen.

1860 3354 1980 3393 ram
2025 3336 2250 3407 reliquis
2298 3345 2528 3407 septem,
2554 3350 2716 3405 quam
2757 3343 2876 3405 post
2906 3335 3139 3405 primam
3176 3332 3449 3403 prioribus

1858 3439 2065 3501 septem
2100 3428 2361 3485 tribuisti.
2409 3426 2584 3483 Habet
2628 3428 2811 3497 itaque
2843 3428 3020 3497 prima
3049 3426 3184 3480 duas
3208 3425 3449 3494 longitu-

1858 3520 2013 3576 dines
2033 3527 2259 3583 octavae,
2295 3534 2421 3575 cum
2447 3533 2555 3573 una
2583 3518 2849 3573 diametro
2893 3532 3085 3587 supra;
3115 3524 3169 3570 et
3194 3514 3451 3569 similiter

1856 3613 2020 3668 habet
2062 3620 2253 3667 octava
2304 3612 2439 3667 duas
2490 3610 2855 3683 longitudines
2890 3609 3112 3664 decimae
3147 3607 3369 3677 quintae,
3396 3613 3451 3661 et

1857 3721 2020 3761 unam
2053 3705 2381 3760 diametrum
2413 3719 2597 3775 supra.
2647 3703 2828 3758 Prima
2869 3716 2998 3757 vero
3026 3710 3257 3769 quatuor
3282 3698 3452 3767 longi-

1800 3789 1805 3795 ’
1860 3798 2076 3855 tudines
2122 3798 2287 3853 habet
2334 3798 2559 3853 decimm
2588 3797 2808 3866 quintaz,
2852 3804 2908 3850 et
2938 3795 3161 3863 insuper
3192 3802 3302 3847 tres
3329 3793 3448 3846 dia-

1857 3899 2079 3947 metros.
2135 3888 2193 3945 Si
2237 3888 2478 3952 miraris,
2520 3902 2620 3942 cur
2652 3897 2760 3943 tres
2789 3888 2899 3951 sint
2934 3897 2987 3945 et
3027 3906 3132 3945 non
3167 3887 3291 3951 duo,
3322 3886 3441 3957 ejus

1859 3982 2126 4038 rationem
2163 3980 2369 4052 accipe.
2412 3979 2545 4036 Nam
2578 3979 2621 4037 si
2669 3982 2723 4036 in
2754 3981 2927 4052 prima
2970 3981 3310 4050 relinquatur
3340 3993 3448 4032 una

1859 4075 2140 4140 diameter,
2195 4082 2248 4127 et
2296 4089 2360 4129 ea
2396 4082 2576 4129 tamen
2614 4073 2774 4144 dupla
2819 4082 2904 4128 est
2931 4082 3183 4142 respectu
3224 4083 3451 4137 octavze,

1860 4182 1979 4238 quae
2009 4168 2127 4238 ejus
2156 4165 2348 4237 simpla
2372 4175 2478 4232 est,
2509 4164 2626 4233 ejus
2656 4174 2837 4220 autem
2872 4164 3153 4235 longitudo
3176 4171 3300 4216 ante
3327 4176 3455 4229 pro-

1863 4259 2164 4315 tensionem
2226 4257 2478 4313 diametri
2510 4256 2789 4311 dimidium
2834 4259 2895 4309 tit
2946 4254 3170 4310 decimae
3215 4253 3452 4323 quintae;

1860 4362 1990 4408 tunc
2038 4353 2155 4421 ejus
2194 4360 2384 4407 octava
2423 4350 2735 4407 necessario
2776 4349 2937 4419 dupla
2969 4357 3053 4403 est
3095 4356 3223 4418 puta
3246 4346 3457 4401 decima

1861 4442 2067 4513 quinta,
2095 4451 2151 4497 et
2196 4458 2299 4496 una
2324 4442 2607 4505 diameter,
2641 4440 2866 4510 ejusque
2902 4439 3076 4508 prima
3132 4437 3449 4492 necessario

1862 4536 2187 4609 quadrupla,
2215 4548 2268 4591 et
2296 4538 2413 4593 duae
2436 4535 2689 4590 diametri
2731 4536 2938 4606 absque
2957 4533 3132 4603 prima
3162 4532 3455 4587 diametro.

1864 4628 2080 4698 Quodsi
2112 4628 2242 4683 velit
2271 4628 2560 4699 organicas
2585 4642 2683 4696 pro
2714 4625 3023 4695 quindecim
3064 4623 3149 4678 vel
3182 4623 3457 4678 sexdecim

1862 4722 2189 4777 chordarum
2249 4719 2446 4775 litteris
2501 4717 2662 4787 plena
2732 4718 2836 4773 tria
2911 4715 3196 4786 alphabeta
3255 4714 3460 4780 facere,

1865 4826 1995 4871 tunc
2022 4815 2284 4870 metiatur
2309 4811 2529 4869 tertium
2557 4810 2713 4878 juxta
2738 4814 2843 4869 duo
2867 4811 3072 4884 priora,
3098 4808 3239 4864 sicut
3264 4822 3430 4862 secun

1866 4909 1994 4966 dum
2021 4907 2180 4979 juxta
2208 4908 2445 4978 primum
2469 4904 2828 4974 metiebatur.
