4046 6420
703 367 3776 398 —____________________—___________

1755 491 1923 537 ANNO
1967 491 2198 538 DOMIN!
2240 492 2482 538 DCCCC!
2493 494 2559 539 ιιι.

1736 659 2600 824 ΠΑΤΤο

852 910 1926 1046 MOGUNTINUS
2021 935 3468 1050 ABCHIEPISCOPUS.

1974 1128 2352 1152 ἡ

1745 1512 1760 1530 ι
1778 1485 2005 1536 ωυερυε
2040 1487 2528 1531 SUPFRAGANEORUI

879 1652 1571 1769 EPISTOLA
1653 1650 1842 1766 AD
1925 1652 2117 1770 ,Ιολ

2222 1653 2592 1770 .‘lNEM
2680 1657 2836 1772 IX
2921 1659 3439 1778 ΡΑΡΑΜ.

529 1865 617 1936 De
646 1882 840 1939 morte
871 1867 1193 1958 Arnulphi
1223 1875 1648 1958 imperatoris,
1685 1875 1758 1938 de
1793 1870 2116 1938 Ludovico
2155 1878 2285 1958 ejus
2278 1879 2464 2021 Λίὶιίο
2514 1889 2814 1961 septenm,
2853 1903 2992 1966 rege
3021 1871 3362 1950 Germaniae
3399 1885 3709 1966 salutato,
3746 1871 3823 1954 άέ

1485 1956 2033 2021 archiepisconatu
2080 1957 2252 2021 αυαά
2355 1977 2578 2021 oravos
2618 1972 2841 2021 enecta.

1485 1956 2033 2036 archiepiscopum
2080 1956 2252 2037 apud

2355 1977 2578 2022 oravos
2618 1972 2841 2026 enecta.

1410 2124 1585 2198 (Apud
1609 2123 1781 2181 Labb.
1814 2121 2022 2180 Concil.
2051 2122 2320 2192 general.,
2349 2129 2481 2178 tom.
2513 2122 2607 2192 IX,
2637 2124 2739 2182 col.
2770 2125 2925 2200 496.)

602 2408 810 2463 Domno
838 2416 1041 2462 sanctae
1071 2415 1125 2462 et
1154 2409 1464 2477 apostolica:
1483 2418 1540 2464 et
1561 2408 1887 2464 universalis
1909 2409 2114 2463 Roma-
2141 2389 2194 2450 Α
2219 2404 2470 2476 quamvis
2505 2405 2884 2476 parvissimus,
2925 2407 3200 2464 communi
3244 2405 3471 2466 eonsllio
3504 2413 3818 2486 principum

533 2515 617 2555 me
657 2500 899 2556 ecclesia:
934 2491 1108 2571 papae,
1148 2500 1342 2557 Har-ro
1385 2502 1636 2574 indignus
1671 2502 1869 2572 praesul
1899 2502 2119 2573 Mogun-

532 2591 760 2645 tinensis
786 2590 1064 2656 Ecclesiae,
1091 2607 1212 2646 cum
1240 2592 1508 2648 universis
1538 2592 1894 2665 sut'l‘raganeis
1920 2601 2120 2648 nostra:

532 2682 811 2752 exiguitati
839 2682 1126 2751 adiunctis,
1158 2677 1402 2740 debitum
1421 2681 1689 2742 orationis
1713 2685 2035 2755 obsequium
2061 2695 2119 2740 et

531 2774 740 2829 ﬁdelem
773 2776 1110 2831 servitutem.

603 2865 823 2921 Noverit
851 2867 1016 2938 igitur
1041 2867 1344 2924 sublimitas
1373 2879 1572 2925 vestra:
1615 2871 1944 2935 sanctitatis,
1974 2870 2116 2941 quod

531 2957 674 3012 nulla
714 2958 940 3014 fratrum
973 2961 1304 3017 unanimi-tas
1332 2969 1538 3018 sancta:
1561 2964 1820 3019 Romanae
1861 2963 2118 3018 Ecclesia:

531 3050 784 3116 potestati
818 3041 1079 3121 subjecta,
1120 3047 1330 3107 ﬁdelior
1361 3061 1526 3123 atque
1551 3054 1802 3109 devotior
1845 3069 1908 3109 ac
1937 3053 2120 3123 subje-

533 3142 671 3196 ctior
695 3151 939 3212 apparet,
964 3155 1128 3214 quam
1160 3139 1282 3211 nos,
1325 3147 1415 3217 qui
1450 3156 1645 3202 vestrae
1676 3149 2029 3204 dominationi
2066 3156 2122 3204 et

532 3235 692 3304 capiti
717 3237 958 3291 omnium
991 3237 1354 3294 Ecclesiarum
1401 3242 1548 3297 omni
1583 3243 1780 3296 mentis
1819 3243 2122 3298 intentione

531 3324 868 3394 subjicimur,
918 3328 1209 3398 plurimum
1255 3333 1550 3403 gaudentes
1603 3334 1655 3388 in
1696 3333 1924 3391 Domino
1971 3343 2026 3392 et
2064 3337 2120 3393 in‘

531 3415 675 3471 dono
701 3418 890 3487 gratiae
919 3419 1110 3488 ipsius,
1142 3423 1285 3492 quod
1310 3438 1408 3493 per
1437 3433 1672 3481 vestram
1699 3429 2041 3484 sanctitatem
2066 3437 2122 3486 et

532 3507 850 3573 sapientiam
883 3511 1170 3582 magniﬁce
1207 3523 1262 3570 et
1307 3517 1640 3586 amplissime
1689 3520 1846 3578 sedes
1877 3522 2119 3591 ejusdem

531 3594 790 3653 Ecclesiae
826 3597 1081 3655 dilatatur
1126 3603 1179 3657 in
1228 3596 1492 3677 religione
1532 3609 1756 3666 divina:
1807 3618 1862 3668 et
1915 3614 1969 3668 in
2016 3607 2122 3670 hoc

531 3683 922 3744 instantissime
949 3692 1198 3760 precibus
1234 3695 1617 3766 ineumbimus,
1650 3701 2004 3772 deprecantes
2033 3705 2116 3759 di-

531 3776 710 3831 vinam
729 3778 1089 3844 clementiam,
1119 3793 1178 3840 ut
1199 3786 1266 3840 ad
1293 3787 1487 3843 altiora
1513 3805 1728 3862 semper
1752 3787 2121 3852 conscendere

530 3882 650 3934 vos,
682 3880 736 3925 et
764 3871 829 3926 de
873 3873 960 3929 die
1008 3875 1062 3930 in
1099 3875 1242 3932 diem
1275 3880 1496 3935 meliora
1529 3885 1724 3939 sectari
1756 3893 1919 3954 atque
1956 3887 2120 3956 perli-

533 3974 656 4015 cere
693 3965 976 4019 concedat.
1015 3965 1092 4022 De
1125 3977 1324 4026 caetero
1354 3981 1552 4028 vestrae
1570 3974 1872 4032 clementiae
1906 3977 2122 4034 innoteé

530 4051 750 4117 scimus,
784 4057 1054 4112 seniorem
1103 4070 1346 4117 nostrum
1373 4065 1708 4136 Arnulphum
1735 4052 2148 4138 imperatorem‘

532 4141 598 4196 de
629 4143 789 4214 hujus
819 4145 944 4200 vitae
968 4148 1159 4204 exsilio
1189 4151 1454 4223 migrasse
1481 4167 1528 4208 ε.
1559 4155 1665 4210 Sed
1693 4157 1833 4227 quod
1877 4161 2116 4229 quandiu

531 4235 585 4290 in
640 4236 742 4292 hoc
800 4240 1000 4295 mundo
1065 4241 1410 4302 subsistimus
1466 4237 1564 4318 per
1610 4249 1813 4305 incerta
1870 4250 2111 4320 ferimur,

531 4327 838 4384 nescientes
879 4331 970 4386 ubi
995 4337 1354 4402 quorumdam
1392 4339 1587 4394 animae
1623 4348 1746 4411 post
1775 4342 1913 4398 hanc
1940 4343 2114 4399 lucem

533 4418 867 4476 mansionem
885 4421 1179 4493 recipiant:
1206 4429 1402 4484 vestris
1423 4431 1574 4500 quasi
1591 4433 1854 4501 provoluti
1874 4435 2118 4506 vestigiis

527 4509 761 4567 subnixe
786 4514 1078 4583 poscimus,
1107 4527 1168 4572 ut
1211 4522 1446 4576 animam
1469 4523 1636 4594 ipsius
1653 4534 1856 4606 yestra:
1881 4529 2117 4584 auctori-

531 4603 660 4658 tatis
686 4614 950 4674 potestate
975 4625 1007 4665 a
1037 4613 1264 4669 vinculis
1286 4628 1630 4687 peccatorum
1656 4603 1970 4688 absolvatis,
1989 4625 2116 4695 quia

535 4712 558 4748 ι
587 4710 922 4770 quaecunque
947 4704 1216 4762 solveritis
1263 4724 1424 4778 super
1455 4718 1678 4777 terram,
1725 4723 1885 4768 erunt
1943 4715 2116 4771 soluta

531 4786 586 4844 in
611 4789 752 4846 etelo
782 4791 1008 4863 (Matth.
1047 4813 1132 4853 xv:
1152 4797 1190 4869 ).
1222 4819 1240 4850 ι
1272 4801 1385 4856 Tali
1417 4818 1548 4857 vero
1585 4805 1826 4872 domino,
1880 4817 2116 4876 rectore,

529 4889 584 4934 et
611 4883 972 4951 gubernatore
997 4888 1217 4955 amisso,
1261 4893 1313 4946 in
1343 4892 1545 4950 uestris
1575 4896 1819 4966 partibus
1847 4901 2120 4956 vacillavit

528 4972 684 5028 navis
710 4973 984 5033 Ecclesiae.
1011 4977 1178 5044 Quem
1217 4997 1394 5054 regem
1425 4987 1651 5057 eligeret
1677 5005 1846 5059 parvo
1875 5000 2118 5062 tempore

528 5063 698 5120 inscia
728 5069 967 5125 mansit:
993 5079 1047 5126 et
1072 5073 1196 5143 quia
1225 5075 1387 5131 timor
1409 5094 1634 5149 magnus
1655 5083 1861 5147 aderat,
1890 5099 1957 5139 ne
1985 5085 2115 5140 soli-

529 5155 656 5211 dum
695 5173 918 5230 regnum
947 5162 999 5217 in
1036 5174 1220 5234 partes
1249 5183 1307 5223 se
1354 5170 1646 5238 scinderet,
1677 5174 1879 5241 divino,
1907 5186 1967 5231 ut
1996 5192 2114 5233 cre-

531 5244 731 5317 dimus,
764 5251 1020 5310 instinctu
1049 5254 1248 5313 factum
1273 5269 1376 5327 est,
1409 5271 1468 5316 ut
1487 5261 1627 5319 filius
1657 5267 1888 5324 senioris
1916 5269 2112 5336 nostri,

606 5509 630 5536 α
662 5498 972 5569 Arnulphus
1018 5501 1334 5574 imperator,
1368 5505 1522 5574 cujus
1554 5507 1641 5562 hic.
1681 5509 1859 5564 obitus
1889 5511 2108 5564 nuntia-

526 5573 638 5650 ξμς,
667 5579 1017 5650 mortuusest
1043 5572 1113 5628 20
1138 5572 1473 5650 Novembris,
1505 5595 1647 5633 anno
1677 5580 1799 5641 899,
1828 5580 2104 5650 Stephano

527 5636 598 5694 Vl
620 5641 891 5721 pontiﬁce.
918 5643 1034 5699 Non
1066 5654 1244 5721 tamen
1264 5649 1330 5703 ad
1357 5636 1500 5721 eum,
1533 5654 1628 5705 sed
1654 5653 1717 5705 ad
1748 5636 1863 5721 ejus
1889 5636 2103 5708 sueces-

528 5725 740 5793 §0rgm_
793 5710 1055 5793 Joannem
1111 5717 1224 5773 lucc
1278 5710 1495 5792 scripta
1536 5732 1620 5777 est
1679 5710 1925 5792 cpistola,
1960 5724 2101 5793 quod

530 5777 688 5840 facile
729 5783 1042 5857 intelligitur
1065 5803 1132 5844 ex
1170 5777 1405 5862 querela'
1433 5793 1501 5849 de
1537 5777 1888 5852 Morav'orum
1913 5777 2104 5852 'archi:

2219 2506 2274 2553 et
2318 2498 2482 2552 totius
2535 2498 2716 2570 populi
2747 2515 3017 2557 consensu
3050 2503 3104 2558 in
3146 2513 3327 2576 regem
3370 2506 3706 2566 eleVaretnr.
3755 2511 3822 2567 Et

2219 2588 2348 2658 quia
2379 2603 2534 2659 reges
2565 2589 2900 2646 Francorum
2930 2606 3147 2663 semper
3170 2607 3236 2650 ex
3259 2611 3366 2653 uno
3397 2613 3602 2670 genere
3629 2613 3825 2672 prered

2221 2680 2441 2745 deliaut,
2496 2681 2784 2739 maluimus
2811 2684 3100 2753 pristinum
3151 2685 3356 2743 morem
3403 2699 3632 2748 servare
3660 2687 3826 2763 quani

2220 2786 2357 2824 nova
2390 2772 2732 2829 institutione
2777 2775 3032 2833 insidere.
3073 2776 3180 2834 Sed
3223 2779 3320 2834 eur
3347 2780 3451 2838 hoc
3484 2776 3611 2839 sine
3640 2793 3826 2842 vestr!

2213 2862 2457 2932 jussioue
2482 2874 2537 2920 et
2588 2867 2948 2936 permissione
2994 2870 3196 2926 factum
3227 2871 3334 2938 sit,
3379 2882 3626 2930 vestram
3684 2877 3825 2933 haud

2221 2958 2532 3013 dubitamus
2583 2959 2755 3016 latere
2805 2961 3172 3032 prudentiam.
3245 2963 3402 3021 Nulla
3453 2967 3672 3023 scilicet
3721 2969 3825 3024 alia

2220 3063 2384 3104 causa
2408 3060 2586 3106 actum
2615 3062 2844 3120 constat,
2883 3056 2984 3110 nisi
3009 3057 3136 3126 quia
3182 3059 3409 3129 paganis
3440 3060 3591 3115 inter
3622 3076 3724 3118 nos
3770 3052 3826 3118 el

2223 3159 2319 3199 vos
2349 3147 2794 3213 consistentibus,
2847 3146 3164 3220 impeditum
3207 3162 3291 3207 est
3323 3154 3429 3208 iter
3454 3164 3710 3211 nostrum
3759 3143 3826 3210 ad

2220 3247 2463 3292 sanctam
2486 3249 2713 3295 matrem
2734 3251 2976 3297 nostram
2991 3243 3484 3317 Romanamsedem
3506 3265 3520 3300 :
3547 3249 3624 3302 ita
3646 3257 3703 3304 ut
3726 3249 3825 3306 nec

2220 3328 2383 3401 legati
2425 3349 2455 3386 a
2509 3327 2694 3387 nostra
2742 3335 3017 3404 parvitate
3080 3338 3147 3391 ad
3201 3345 3439 3394 vestram
3496 3340 3826 3412 dignitatern

2223 3424 2380 3494 dirigi
2433 3427 2757 3495 potuissent.
2795 3427 2905 3485 Sed
2935 3429 3062 3501 quia
3097 3432 3312 3489 tandem
3347 3431 3566 3512 occasio
3599 3445 3657 3493 et
3687 3445 3824 3495 tein."

2221 3531 2323 3590 pus
2367 3521 2587 3575 advenit
2627 3527 2736 3592 quo
2786 3524 2971 3578 nostra
3025 3525 3251 3595 epistola
3301 3525 3502 3585 vestris
3545 3521 3827 3588 tibialibus

2220 3619 2660 3680 praesentaretur,
2688 3603 2943 3685 rogamus
2980 3625 3222 3673 nostram
3255 3619 3603 3677 communem
3627 3618 3826 3680 eonslia

2225 3703 2485 3758 tuticuem
2547 3713 2741 3762 vestra?
2809 3707 3195 3766 dominationis
3246 3711 3629 3771 benedictione
3668 3715 3825 3771 rolyoa

2224 3793 2355 3846 rari.

2296 3883 2516 3954 Insuper
2583 3886 2747 3941 etiam
2799 3887 2988 3958 pietati
3050 3895 3247 3944 vestra;
3302 3882 3621 3949 intimamus
3674 3885 3818 3965 quod

2223 3973 2422 4033 fratres
2443 3989 2496 4034 et
2523 3973 2830 4050 coepiscb‘pi
2858 3975 3029 4037 nostri
3059 3982 3434 4039 BawarienSes
3464 3999 3522 4040 se
3547 3985 3692 4056 apud
3723 3995 3820 4044 nos

2223 4078 2639 4140 conquerentes,
2683 4081 2738 4128 et
2769 4074 2876 4128 alta
2921 4073 3157 4144 suspiria
3202 4077 3485 4132 trahentes
3511 4081 3820 4150 gemebant;

2224 4164 2460 4233 qualiter
2512 4155 2862 4223 Maravenses
2919 4168 3104 4238 pophli
3174 4167 3511 4226 Francorum
3565 4171 3819 4242 potestatl

2223 4257 2472 4321 rebelles,
2491 4257 2702 4328 jactent
2724 4276 2784 4316 se
2809 4262 2877 4315 ab
2901 4262 3115 4316 illorum
3145 4265 3424 4319 consortio
3452 4263 3574 4321 esse
3595 4257 3816 4332 diiisos'ﬁ

2223 4349 2278 4404 et
2313 4364 2555 4405 seorsum
2593 4353 3015 4422 metropolitano
3044 4355 3348 4425 gleriantur
3380 4371 3410 4410 a
3457 4357 3639 4411 vestra
3689 4354 3817 4411 cori-1

2223 4446 2468 4499 cessioh'e
2493 4459 2615 4499 esse
2648 4444 2987 4512 sublimatus,
3017 4455 3139 4502 cum
3171 4451 3447 4517 nunquam
3503 4445 3822 4519 metropoli»L

2223 4542 2347 4589 tana
2382 4536 2538 4590 sedes
2567 4536 2707 4590 inter
2736 4535 2855 4590 illo’s
2887 4537 3202 4604 haberetur,
3230 4539 3323 4593 sed
3357 4545 3575 4609 semper
3603 4537 3817 4594 illorlirfl

2222 4629 2514 4700 provinciae
2541 4637 2596 4686 et
2622 4631 2842 4687 diceeesi
2880 4633 3233 4688 cohaererent.
3264 4633 3529 4689 Dolehaiit
3557 4647 3615 4691 se
3645 4633 3808 4692 etiam

2222 4721 2362 4790 apud
2414 4737 2532 4785 nos,
2571 4725 2713 4792 quod
2753 4724 3111 4794 quorumdam
3158 4724 3580 4793 machinatione,
3624 4743 3812 4798 magna

2222 4810 2445 4866 infamia
2477 4814 2621 4868 circa
2660 4817 2902 4870 vestram
2932 4814 3312 4872 celsitudinem
3332 4817 3514 4874 essent
3550 4817 3814 4884 deuotati,‘

2221 4903 2447 4969 scilicet,
2493 4919 2550 4961 ut
2591 4922 2712 4961 cum
2745 4909 2969 4979 paganis
2996 4907 3176 4966 fcedus
3202 4922 3258 4967 et
3289 4927 3474 4982 pacem
3506 4905 3730 4978 inirent,
3761 4899 3814 4968 el

2220 4993 2324 5063 ipsi
2353 4997 2544 5067 pagani
2578 4998 2806 5054 consilio
2844 5015 3031 5053 eorum
3058 5010 3284 5071 agerent
3315 5010 3422 5056 tam
3450 5001 3618 5056 multa
3654 5002 3812 5057 nefa-

2222 5087 2303 5141 ria
2345 5097 2399 5142 et
2457 5089 2664 5144 illicita.
2721 5089 2798 5144 De
2847 5090 2932 5146 his
2977 5091 3232 5147 omnibus
3269 5093 3554 5148 consilium
3587 5109 3614 5146 a
3661 5093 3816 5149 nobis

2223 5180 2590 5250 quaerentibus
2640 5180 3079 5238 Bawariensibus
3137 5183 3426 5254 episc0pis,
3471 5183 3678 5253 justum
3733 5201 3816 5241 re-

2222 5274 2536 5332 spondimus
2576 5291 2697 5333 esse
2738 5276 2968 5333 fratrum
3021 5277 3215 5333 solatio
3265 5293 3478 5333 semper
3509 5279 3814 5335 adhaerere.

2211 5518 2547 5601 episcopatu,
2578 5535 2738 5601 quem
2775 5535 2810 5601 Ξ
2849 5518 3058 5575 Joanne
3082 5520 3388 5601 institutum
3421 5535 3540 5576 esse
3569 5534 3816 5601 prmsens

2212 5590 2436 5659 epistola
2481 5591 2738 5645 declarat.
2770 5589 2880 5647 Cur
2931 5601 3110 5646 autem
3150 5598 3263 5645 tam
3313 5606 3438 5645 sero
3478 5592 3717 5645 scribant
3753 5591 3810 5645 lii

2211 5663 2479 5792 Episcopi,
2553 5677 2773 5719 causam
2834 5662 2920 5718 his
2983 5662 3117 5733 ipsis
3170 5662 3225 5718 in
3291 5662 3490 5718 litteris
3553 5659 3811 5717 aﬂ‘erunt.

2255 5746 2480 5790 ossam.

2255 5746 2480 5790 οὸεηιτ.
