4046 6426
222 305 355 361 IIS!

1270 288 1702 346 ANASTASIUS
1740 285 1841 340 PP.
1888 283 1970 337 IIl.
2016 314 2081 321 —
2119 279 2409 335 NOTITIA.

3357 267 3495 324 H89

222 425 348 493 quia
376 420 636 492 propheta
671 415 842 485 inquit
871 433 883 468 :
927 433 944 464 ι
978 414 1115 468 Ecce
1145 428 1302 482 quam
1330 413 1526 463 bonum
1557 417 1609 459 et
1640 420 1801 475 quam
1833 405 1886 464 Α
1912 399 2212 470 dirigimus,
2248 396 2335 465 qui
2386 395 2517 449 estis
2554 400 2713 462 caput
2753 390 2914 443 totius
2960 398 3161 444 sancte
3216 386 3495 450 Ecclesim,

220 516 516 586 jucundum
548 512 794 565 habitare
823 509 1017 561 fratres
1050 507 1099 558 in
1125 521 1290 558 unum
1325 504 1339 568 (
1373 500 1513 554 I’sul.
1545 498 1752 567 exui).
1786 516 1802 549 ι

224 606 301 661 11ιί
344 622 471 660 vero
496 620 601 656 non
633 603 684 657 in
724 615 887 653 unum
920 599 1189 663 habitant,
1223 596 1311 664 qui
1340 594 1565 647 fratrum
1593 608 1649 645 se
1673 589 1811 643 sola-

227 700 302 752 tio
345 695 694 756 subtrahunt,
749 701 841 744 aut
897 688 1157 743 fratribus
1215 685 1437 740 insidias
1484 690 1809 753 praeparant.

226 789 336 843 Nos
392 786 601 839 illorum
649 782 882 836 tristitia
930 779 1339 849 compatientes,
1413 774 1659 829 nolumus
1709 770 1814 826 illis

227 876 513 933 consilium
563 875 626 928 de
679 872 872 928 talibus
893 871 1286 939 obieetionibus
1318 868 1579 938 praebere,
1637 865 1813 934 prius-

225 984 389 1039 quam
448 965 514 1021 ad
550 974 790 1019 vestram
850 962 1331 1032 interrogationem
1390 975 1486 1029 per
1529 957 1812 1027 epistolam

224 1070 468 1116 nos-iram
519 1059 848 1112 veniremus.
910 1056 1136 1125 Semper
1184 1070 1283 1109 nos
1331 1055 1531 1108 scimus
1571 1050 1815 1105 carnales

226 1152 500 1224 Spiritales
551 1150 725 1207 Solere
774 1144 1047 1220 persequi,
1091 1158 1145 1204 et
1187 1146 1479 1203 i'iialevolos
1526 1144 1817 1200 benevolos

226 1230 506 1298 infirmare
553 1240 607 1297 et
656 1242 917 1297 lacerare.
957 1240 1259 1296 Praevidere
1309 1255 1439 1308 ergo
1476 1252 1817 1308 summopere

228 1337 424 1391 debent
465 1352 653 1391 omnes
707 1336 798 1405 qui
838 1336 1145 1391 sacerdotes
1172 1332 1382 1389 Domini
1422 1337 1820 1400 persequuntur

229 1438 337 1482 tam
370 1428 580 1483 occulte
622 1444 783 1498 quam
830 1428 1137 1493 manifeste,
1185 1445 1250 1481 ne
1292 1428 1357 1481 ad
1398 1427 1517 1481 illos
1553 1428 1819 1495 pertineat

230 1523 377 1591 quod
408 1520 676 1591 Propheta
714 1521 849 1574 dixit
892 1540 903 1575 :
977 1540 993 1572 ε
1040 1512 1424 1590 COgitaverunt
1476 1518 1712 1572 malitias
1764 1516 1817 1569 in

228 1612 393 1667 corde
420 1627 540 1672 suo,
568 1620 675 1664 tota
700 1611 784 1664 die
812 1610 1213 1665 constituebant
1240 1609 1418 1678 prrclia
1445 1626 1457 1673 ;
1488 1616 1820 1661 exacueruut

231 1702 443 1773 linguas
493 1717 619 1757 suas
649 1702 787 1758 sicut
810 1702 1105 1770 serpentis:
1151 1715 1415 1754 venenum
1445 1698 1687 1767 aspidmn
1720 1697 1819 1752 sub

228 1793 386 1848 labiis
423 1807 610 1847 eorum
660 1790 831 1862 (Ρδηι.
868 1793 1121 1862 exutis).
1148 1812 1166 1843 ι
1208 1790 1273 1845 Et
1302 1791 1458 1860 paulo
1486 1798 1643 1859 post:
1681 1809 1697 1839 ‹
1722 1787 1822 1843 Ca-

230 1885 358 1939 dent
415 1900 577 1954 super
629 1900 722 1940 cos
774 1886 1060 1949 carbones,
1114 1886 1167 1939 in
1224 1886 1399 1955 ignem
1459 1884 1675 1949 dejicies
1728 1888 1825 1936 eos

229 1975 437 2046 (ibid.).
466 1994 484 2026 ι
521 1974 585 2027 Et
617 1976 810 2029 iterum
842 1993 852 2027 :
892 1974 1018 2027 «Vir
1046 1975 1442 2046 linguosusnou
1472 1974 1735 2043 dirigetur
1769 1974 1820 2027 in

230 2074 404 2135 terra;
470 2066 644 2119 virum
714 2066 975 2135 injustum
1017 2066 1156 2119 mala
1208 2068 1424 2135 capient
1486 2067 1538 2119 in
1600 2066 1823 2121 interitu

231 2159 440 2227 ('ibid.).
483 2178 501 2211 ι
530 2159 597 2213 Et
627 2175 723 2229 per
744 2158 1033 2214 Jeremiam
1064 2160 1237 2230 inquit
1265 2160 1550 2214 Dominus:
1585 2179 1603 2209 ι
1624 2159 1824 2214 Omnes

237 2252 289 2302 in
348 2250 609 2320 sanguine
677 2250 1026 2319 judicantur,
1083 2253 1454 2321 unusquisque
1517 2252 1823 2322 proximum

233 2357 392 2394 suum
424 2341 666 2395 tribulat.
694 2339 895 2397 Omnes
920 2342 973 2395 in
1006 2342 1206 2396 malum
1241 2358 1433 2396 manus
1464 2358 1591 2396 suas
1620 2357 1825 2410 przepa-

234 2443 426 2489 rant.»
484 2433 598 2488 Non
643 2437 840 2489 debent
894 2435 1037 2489 enim
1090 2435 1251 2490 alieni
1304 2436 1680 2505 episcoporum
1733 2440 1827 2488 aut

239 2536 585 2583 accusatores
610 2536 703 2581 aut
723 2527 930 2596 judices
964 2528 1100 2581 fieri.
1146 2528 1298 2583 Unde
1325 2528 1391 2579 de
1437 2526 1540 2580 Lot
1568 2536 1651 2581 est
1692 2527 1827 2581 scri-

232 2626 381 2687 ptum
413 2636 426 2672 :
475 2637 493 2669 ‹
525 2618 803 2688 Ingressus
845 2634 904 2672 es
948 2625 1007 2673 ut
1052 2618 1285 2683 advena,
1321 2618 1561 2685 nunquid
1597 2626 1652 2671 ut
1683 2617 1831 2686 judi-

232 2726 322 2764 ces
343 2711 364 2762 ‘?
394 2708 544 2765 (Gen.
576 2714 746 2778 xix.»
776 2711 1079 2766 Accusator
1108 2720 1286 2765 autem
1315 2711 1689 2780 episcoporum
1718 2710 1830 2763 nul-

235 2799 319 2855 lus
348 2801 419 2855 sit
444 2816 652 2866 servus,
685 2810 780 2855 aut
808 2802 1059 2867 libertus,
1089 2802 1340 2871 nullaque
1372 2818 1601 2871 persona
1642 2817 1832 2871 suspe-

235 2901 318 2946 cta
346 2901 439 2945 aut
464 2892 702 2957 infamis,
755 2895 1084 2963 repellantur
1114 2894 1339 2960 inimici,
1374 2905 1430 2949 et
1455 2910 1643 2949 omnes
1684 2895 1828 2950 laici.

234 2982 324 3037 Isti
351 2984 548 3039 fratres
570 2994 624 3039 et
652 2986 957 3057 coepiscopi
988 2988 1160 3042 nostri
1186 2987 1584 3051 Bawarieuses,
1610 3002 1832 3042 veraces

238 3077 329 3133 Dei
372 3077 632 3144 cultores,
688 3087 744 3133 et
798 3080 922 3134 boui
972 3088 1237 3149 pastores,
1286 3081 1532 3150 pervigili
1586 3082 1828 3135 custodia
1859 3117 1902 3178 Ο

234 3169 549 3225 custodiunt
592 3185 809 3237 gregem
860 3171 959 3224 sibi
998 3173 1372 3234 commissum,
1404 3187 1469 3224 ne
1507 3171 1614 3240 lupi
1650 3171 1828 3225 rabies

234 3259 469 3327 aliquam
507 3262 676 3314 sancti
715 3263 899 3332 gregis
948 3263 1215 3318 oviculam
1260 3264 1429 3331 rapiat
1482 3264 1532 3316 in
1592 3265 1825 3331 priedam

237 3369 411 3411 suam.
453 3354 610 3409 Stant
664 3372 759 3425 pro
805 3374 960 3411 muro
1005 3358 1196 3411 domus
1225 3356 1407 3419 Israel,
1441 3372 1507 3410 ne
1540 3356 1716 3426 aliqua
1749 3356 1829 3410 vis

239 3446 459 3501 inimica
514 3448 909 3504 ﬁrmamentum
954 3449 1211 3505 Ecclesiae
1260 3449 1534 3503 dissolvat.
1565 3448 1664 3515 Qui
1700 3448 1831 3502 tales

235 3537 525 3609 inquietat,
555 3550 609 3594 et
636 3557 730 3595 sua
766 3540 965 3595 malitia
993 3542 1290 3611 impugnat,
1327 3540 1449 3594 licet
1481 3548 1830 3609 prgrseutem,

236 3627 470 3684 futuram
506 3641 688 3688 tamen
736 3648 839 3685 non
880 3633 1072 3687 evadet
1117 3646 1358 3701 pinnam,
1389 3631 1512 3698 quia
1573 3632 1833 3699 scriptum

236 3730 360 3793 est:
430 3742 447 3773 ‹
481 3724 580 3789 Qui
628 3738 722 3777 vos
774 3724 965 3793 tangit,
1028 3724 1193 3794 tangit
1235 3723 1493 3791 pupillam
1544 3723 1683 3776 oculi
1730 3721 1835 3774 mei

238 3814 437 3889 (Zach.
462 3818 554 3883 ιι),
581 3838 597 3868 ›
626 3817 751 3874 II:th
792 3828 970 3872 autem
995 3819 1175 3873 omnia
1209 3818 1507 3887 perscripta
1536 3817 1689 3871 vobis
1720 3816 1839 3870 ideo

1914 504 2247 560 quzecunquc
2275 503 2368 557 per
2412 486 2597 539 orbem
2631 480 2963 543 diffunditur,
2998 491 3053 535 et
3082 480 3320 535 solamen
3356 492 3494 532 mce-

1914 582 2169 643 rentium,
2198 593 2530 649 qurecuuque
2562 575 2733 628 tristia
2783 573 2936 627 vobis
2980 572 3319 640 contigerunt
3351 583 3500 623 nien-

1913 674 2026 727 bris
2061 672 2285 726 vestris:
2320 668 2444 737 quia
2478 664 2801 720 sanctissimi
2828 670 3071 733 pastores
3112 660 3310 715 Christi
3341 672 3501 728 supe—

1916 766 2028 819 rius
2055 764 2181 818 dicti
2213 764 2263 816 in
2306 760 2449 816 nulla
2489 775 2545 812 re
2578 774 2605 810 a
2637 756 2906 812 catholica
2937 755 3040 808 tide
3076 754 3374 815 deviantes,
3406 751 3501 807 sed

1916 856 2159 910 eamdem
2215 852 2421 908 sanctis
2473 850 2750 919 operibus,
2792 858 2844 902 et
2886 846 3272 900 ecclesiasticis
3314 842 3503 898 ciliciis

1915 957 2197 1013 ornantes,
2241 946 2379 1016 apud
2424 961 2520 999 nos
2552 953 2944 1012 conquerentes
2985 940 3393 1010 postulaverunt
3448 943 3505 991 ut

1918 1051 2111 1096 vestrae
2149 1040 2350 1093 notitiae.
2382 1038 2666 1092 manifesta
2714 1035 3034 1099 faceremus,
3061 1034 3183 1104 quia
3223 1031 3375 1085 etilli
3411 1046 3505 1100 per

1918 1135 2127 1203 seipsos
2158 1131 2308 1185 vobis
2366 1132 2551 1185 eadem
2621 1131 2959 1183 innotescere
3004 1128 3110 1181 vita
3156 1126 3351 1180 comite
3387 1138 3509 1192 pro-

1921 1227 2228 1281 mittebant.
2270 1223 2421 1278 Unde
2453 1223 2727 1291 poscimus
2754 1228 2809 1274 ut
2839 1228 3017 1274 vestra
3057 1216 3355 1271 consolatio
3388 1214 3506 1266 illo-

1920 1336 2040 1375 rum
2064 1332 2354 1373 moerorem
2386 1315 2451 1370 ad
2483 1316 2723 1370 laetitiam
2753 1314 3029 1377 reformel,
3060 1321 3113 1365 ct
3137 1324 3347 1377 semper
3382 1302 3507 1360 talia

1922 1411 2163 1464 membra
2182 1423 2392 1462 summo
2414 1408 2598 1475 capiti,
2617 1406 2756 1475 quod
2772 1406 2903 1459 estis
2921 1420 3033 1466 vos,
3053 1418 3109 1457 se
3126 1402 3395 1472 gaudeant
3417 1398 3511 1452 ad-

1924 1502 2149 1556 Iiterere.
2175 1500 2249 1553 Illi
2277 1508 2453 1553 autem
2476 1498 2837 1556 Maravcnses,
2860 1505 2915 1548 ut
2936 1496 3135 1548 nostris
3153 1493 3373 1545 auribus
3402 1490 3515 1543 illa-

1924 1601 2036 1645 tum
2052 1600 2151 1652 est,
2190 1591 2241 1643 in
2273 1589 2612 1644 occasionem
2642 1586 2906 1655 superbi;e
2931 1601 3039 1639 sme
3060 1593 3362 1644 assumunt,
3386 1580 3511 1649 quia

1928 1694 2149 1739 avcstra
2181 1683 2530 1736 concessione
2579 1681 2763 1732 dicunt
2796 1694 2853 1731 se
2886 1675 3357 1745 metropolitanum
3397 1687 3515 1726 sus-

1926 1778 2123 1846 cipere,
2164 1774 2576 1843 etsingulariter
2614 1774 2866 1840 degentes
2888 1770 3112 1822 aliorum
3141 1769 3515 1836 episeoporum

1923 1868 2192 1923 consortia
2213 1868 2464 1920 refutant.
2501 1866 2554 1919 Si
2605 1865 2705 1917 liac
2733 1862 3061 1917 confidentia
3094 1861 3295 1914 diutius
3318 1859 3509 1911 inlinit-

1925 1969 2033 2024 tur,
2053 1973 2219 2028 usque
2246 1958 2310 2011 ad
2329 1958 2603 2027 sanguinis
2625 1954 2963 2017 effusionem,
2989 1962 3046 2007 ut
3070 1952 3220 2005 multi
3244 1951 3512 2004 arbitran-

1927 2058 2031 2113 tur,
2058 2049 2360 2118 prosilient.
2392 2048 2447 2100 In
2469 2057 2728 2116 quantum
2751 2046 3149 2115 prmsuminms,
3166 2044 3518 2097 admonemus

1924 2157 2191 2218 quatenus
2218 2154 2395 2199 vestra
2420 2143 2737 2206 auctoritas,
2759 2142 3069 2211 priusquam
3092 2141 3191 2194 hoc
3216 2128 3517 2208 contingat,

1926 2242 1993 2296 ad
2028 2240 2348 2295 lmmilitatis
2395 2238 2539 2291 viam
2593 2237 2712 2290 illos
2772 2233 3091 2303 corrigendo
3142 2232 3393 2299 deponat,
3464 2236 3522 2281 ut

1928 2334 2143 2388 tandem
2185 2340 2511 2401 cognoscant
2553 2329 2636 2381 cui
2678 2326 2977 2380 dominatui
3033 2323 3224 2391 subjici
3268 2322 3517 2373 debeant.

1930 2424 2042 2479 Nos
2072 2423 2338 2491 siquidem
2373 2421 2645 2473 debitores
2676 2432 2797 2470 esse
2826 2416 3222 2484 cognoscimus,
3262 2410 3304 2465 si
3340 2408 3465 2478 quid
3490 2423 3518 2460 a

1930 2528 2135 2575 sancta:
2165 2517 2356 2570 matris
2398 2514 2654 2567 Romanae
2688 2510 2941 2564 Ecclesiae
2984 2506 3189 2561 scilicet
3234 2500 3523 2572 contigerit

1930 2611 2091 2673 elabi,
2147 2622 2244 2662 vos
2290 2606 2412 2660 inde
2460 2600 2772 2662 certiticari,
2832 2608 2887 2651 ut
2940 2606 3115 2651 vestra
3158 2594 3398 2664 potentia
3456 2589 3523 2644 ad

1934 2704 2280 2763 rectitudinis
2319 2703 2517 2755 lineam
2571 2698 2915 2767 perducatur.
2954 2692 3105 2758 Quod
3138 2691 3178 2744 si
3212 2702 3386 2741 vestra
3431 2685 3528 2737 ad-

1934 2801 2161 2855 monitio
2196 2798 2316 2850 illos
2350 2811 2454 2847 non
2500 2788 2820 2851 correxerit,
2852 2786 3036 2847 velint,
3069 2782 3256 2841 nolint,
3291 2777 3525 2831 Franco-

1936 2910 2055 2949 rum
2082 2889 2412 2962 principibus
2435 2884 2567 2939 colla
2592 2881 2928 2940 sulunitteut,
2953 2886 3001 2929 et
3022 2874 3295 2929 credimus
3324 2868 3529 2936 absque

1909 2970 2192 3044 'ellusione
2224 2980 2502 3051 sanguinis
2524 2988 2580 3031 et
2607 2981 2795 3029 mutua
2827 2970 2973 3025 (Lede,
3006 2982 3071 3021 ex
3112 2972 3344 3028 utraque
3372 2958 3527 3027 parte

1940 3091 2065 3134 tunc
2088 3082 2243 3147 posse
2272 3074 2405 3125 bene
2430 3069 2763 3136 contingere.
2793 3064 2987 3116 lterum
3015 3060 3317 3122 iterumque
3337 3044 3530 3104 vestra?

1938 3170 2217 3242 dignitatis
2274 3166 2497 3220 auribus
2555 3160 2880 3229 replicamus
2929 3152 3070 3222 quod
3126 3156 3235 3201 tam
3291 3138 3529 3213 episcopi

1938 3280 2100 3335 quam
2136 3262 2255 3315 laici
2290 3258 2662 3313 Bawarienses
2709 3254 2760 3306 in
2796 3249 3050 3318 religione
3101 3233 3533 3296 Christianitatis

1938 3358 2082 3411 nulla
2115 3364 2271 3427 gente
2318 3350 2603 3406 inferiores
2651 3362 2771 3401 esse.
2832 3342 3151 3413 probantur,
3207 3346 3380 3400 neque
3432 3336 3533 3379 una

1941 3467 2102 3520 quam
2145 3447 2335 3502 Franci
2369 3446 2572 3512 absque
2614 3439 2826 3493 illorum
2878 3431 3077 3487 auxilio
3115 3434 3206 3481 aut
3255 3425 3306 3477 in
3361 3416 3533 3520 ceclet'

1942 3540 2177 3597 siasticis
2209 3539 2390 3597 rebus,
2416 3534 2500 3587 vel
2524 3534 2576 3587 in
2608 3530 2815 3584 bellicis
2845 3522 3070 3592 negotiis
3101 3512 3417 3572 nominatim
3450 3503 3534 3597 vel

1939 3596 2082 3687 fama
2114 3632 2334 3701 digmnn
2386 3625 2586 3694 aliquid
2645 3622 2986 3691 peregerunt.
3028 3610 3181 3667 Sicut
3235 3616 3407 3674 neque
3455 3596 3533 3654 illi

1942 3727 2143 3794 absque
2173 3723 2311 3777 istis.

254 3944 297 3969 η
2254 3923 2259 3931 ,

1468 4157 1634 4199 ANNO
1683 4155 1913 4199 DOMINI
1965 4151 2307 4196 DCCCCXIII.

942 4310 1827 4480 ANASTA

1930 4312 2429 4475 SIUS
2561 4292 2857 4463 ΙΙΙ

1530 4538 1879 4623 PONTIFEX
1921 4558 2275 4619 ROMANUS.

1703 4728 2057 4741 ——-

745 4836 1254 4937 NOTITIA
1324 4832 1974 4928 HISTORICA
2049 4832 2172 4919 IN
2262 4810 3045 4915 ANASTASIUM.

1203 5035 1379 5107 (Apud
1406 5033 1595 5099 Mansi,
1638 5030 1872 5096 Loncil.,
1906 5039 2039 5085 tom.
2078 5025 2262 5093 XVIII,
2292 5034 2414 5095 pag.
2440 5020 2587 5092 5H.)

317 5344 658 5407 Anastasius,
697 5342 872 5414 patria
906 5341 1201 5404 Romanus,
1241 5342 1464 5414 Luci-ani
1502 5343 1663 5405 ﬁlius,
1702 5358 1845 5397 anno
1878 5345 1924 5403 D
1952 5339 2094 5414 albo,
2121 5350 2336 5414 crucem
2374 5328 2629 5414 praeviam
2666 5325 2720 5414 ξιξ
2750 5320 2942 5375 itinere
2970 5314 3170 5371 habere
3200 5317 3255 5366 ct
3279 5308 3330 5364 in
3360 5305 3541 5363 (ιοηοὶ-

248 5418 460 5473 Domini
491 5412 898 5487 nongentesimo
926 5414 1163 5487 decimo,
1206 5412 1413 5487 Sergio
1438 5415 1666 5465 invasuri
1702 5414 1846 5467 sedis

246 5499 329 5546 est
356 5484 699 5554 subrogatus,
735 5498 973 5556 tempore
1010 5486 1277 5538 Lauberti
1312 5496 1361 5535 et
1396 5484 1587 5536 Leonis
1615 5485 1847 5556 impera-

250 5569 448 5614 torum.
477 5558 629 5613 Sedit
655 5573 824 5611 annos
850 5555 984 5611 duos
1011 5565 1062 5609 et
1086 5572 1294 5609 mensas
1322 5558 1564 5607 toiidcm.
1597 5555 1845 5607 Ticinum

249 5647 360 5686 sem
392 5630 706 5689 Ecclesiam,
745 5638 880 5683 teste
909 5628 1156 5699 Sigouio,
1195 5628 1329 5681 libro
1356 5644 1402 5679 η
1437 5628 1500 5677 de
1529 5625 1712 5685 Ileguo
1744 5626 1843 5677 Ita-

250 5704 352 5765 lize,
386 5700 628 5771 plurimis
659 5701 956 5767 iisdemque
983 5697 1286 5767 magnificis
1314 5698 1646 5750 ornamentis
1687 5697 1843 5746 dei-o-

253 5765 412 5843 ravit',
458 5772 759 5830 concedens
800 5765 1052 5826 eiusum
1083 5765 1378 5837 iumbeltaz,
1430 5783 1674 5839 equoque
1723 5765 1845 5820 vehi

1958 5411 2041 5463 liis
2071 5393 2097 5461 εἶ
2128 5407 2254 5459 Ιςιιγει
2287 5393 2557 5474 pontificis
2583 5393 2838 5474 assidere.
2900 5460 2910 5474 ο
3109 5467 3120 5474 Δ
3322 5466 3370 5474 __
3404 5438 3533 5474 “Mt;

2030 5454 2471 5547 ii'.'.j}'{s'i‘o:}{,;5m
2495 5512 2507 5532 ,
2540 5467 2859 5547 lambertus
2900 5460 3217 5547 imperator,
3239 5466 3384 5547 cuml
3402 5454 3546 5547 esset

1958 5521 2219 5606 annosum
2268 5521 2776 5611 triginta,duorum,
2805 5534 2872 5588 ab
2900 5521 3084 5603 Ug'one
3114 5530 3309 5584 comite
3340 5521 3543 5575 Medio-

1958 5605 2158 5677 Ianensi
2192 5622 2241 5671 iu
2274 5605 2558 5667 venatione
2583 5608 2791 5663 occulte
2822 5613 3043 5677 necatus
3086 5610 3194 5663 est,
3226 5607 3434 5652 summa
3459 5605 3545 5645 re-

2074 5692 2331 5753 deiureps
2362 5684 2425 5735 ad
2463 5679 2848 5763 Iitfi‘t‘llgiIDIU-Ill
2884 5675 3151 5758 devoluta.
3297 5740 3308 5750 .
3388 5744 3397 5763 Ι
3446 5735 3499 5763 Γ.

1972 5735 2162 5828 ν’Ϊλρυζ
2209 5735 2394 5813 scitus
2429 5752 2545 5825 ejus
2598 5735 2849 5817 nominis,
2894 5748 3189 5819 imperator
3230 5735 3542 5805 orientalis,
