4046 6412
572 297 715 359 1183

576 416 783 471 ventris
824 412 1088 486 profluvio
1116 414 1392 485 laborans,
1429 417 1663 475 excessit
1687 433 1718 474 e
1740 418 1880 474 vivis
1906 435 2048 475 anno
2080 420 2176 475 im-

578 488 715 557 perii
747 488 830 543 sui
855 489 1116 556 vigesimo
1145 499 1321 546 sexto.
1362 492 1629 545 Praeterea
1668 498 1883 545 centum
1919 500 1972 547 et
2001 492 2175 546 trede-

579 558 687 630 cim
718 559 960 614 novellas
989 561 1436 625 constitutiones,
1481 561 1859 623 JnStinianum.
1896 562 2172 630 imitatus,

580 629 648 703 (_le
694 631 866 685 sacris
910 631 1069 684 simul
1120 641 1174 703 et
1221 632 1463 703 profanis
1511 629 2170 688 ridicule-nimisedixit:

580 698 777 754 Exstat
800 716 905 755 una
954 703 1055 773 sub
1102 698 1238 772 ejns'
1260 705 1478 758 nomine
1506 704 1733 773 epistola
1765 705 1818 757 in
1850 703 2176 759 bibliotheca

580 780 893 826 sanctorum
957 770 1209 837 Patrum,
1269 775 1335 828 dc
1389 770 1718 831 Christiame
1770 774 1891 829 ﬁdei
1944 775 2176 830 veritate

581 840 871 915 inscripta,
918 857 1020 911 qua
1068 842 1327 915 Spiritum
1371 855 1617 900 sanctum
1658 862 1687 899 a
1732 844 1891 899 Patre
1932 845 2176 915 Filioque

580 913 960 987 procedentem
1002 913 1287 980 profitetur
1330 916 1414 971 his
1448 917 1667 971 verbis:
1707 917 1820 987 Ego
1849 932 1966 971 sum
1995 913 2177 971 Domi-

582 996 686 1036 nus
714 982 855 1037 Deus
886 992 1030 1049 tuus,
1055 997 1271 1040 creator
1302 995 1444 1051 tuus,
1483 987 1662 1042 lumen
1703 982 1780 1042 de
1798 985 2019 1050 lumine,
2047 987 2180 1042 Ver-

583 1051 734 1126 bum_
755 1051 823 1126 de
866 1053 1048 1126 Patre,
1079 1071 1143 1109 ex
1174 1057 1371 1124 quibus
1399 1057 1637 1126 Spiritus
1666 1067 1885 1113 sanctus
1913 1058 2177 1126 procedit.

584 1122 887 1199 Quodideo
914 1125 1115 1199 dictum
1150 1122 1343 1190 velim,
1394 1122 1455 1181 ut
1497 1126 1769 1199 intelligas
1815 1122 2178 1183 orthodoxam

586 1193 885 1268 doctrinam
929 1196 1087 1265 hujus
1128 1200 1385 1266 temporis
1413 1200 1560 1253 viros
1589 1193 1824 1254 disertos
1864 1200 2175 1268 recepisse;

582 1262 918 1319 exclamasse
974 1262 1184 1333 tamen,
1231 1262 1377 1338 quod
1424 1271 1544 1325 sine
1593 1269 1915 1326 mcumenici
1963 1262 2180 1325 concilii
2278 1318 2282 1324 .

1862 256 2235 364 ANASTASII
2273 303 2477 366 paras
2512 308 2581 366 ιιι

3692 325 3796 385 1184

2203 426 2253 487 Α
2280 423 2679 508 auctoritatem
2707 422 2952 508 symbolo
2981 422 3161 508 posita
3187 432 3350 508 esset.
3379 426 3623 508 Defuncto
3642 435 3794 508 Leone,

2279 494 2333 548 in
2371 494 2594 578 Oriente
2635 493 2995 579 frater_illius'
3032 497 3348 553 Alexander
3391 500 3541 580 homo
3583 493 3797 580 nefarius;

2279 581 2423 620 anno
2450 566 2626 620 artatis
2652 582 2763 620 suae
2788 566 3069 637 vigesimo,
3100 584 3207 622 una
3237 584 3361 624 cum
3400 570 3712 632 Constantino
3729 566 3800 637 iui:

2281 584 2423 620 anno
2450 584 2626 620 aetatis
2652 584 2763 620 sua:
2788 584 3069 690 VIFGSIIIIO,
3100 584 3207 622 una
3237 584 3361 624 cum
3400 584 3799 637 uonstaiitiiioim-

2281 638 2547 707 peratoris
2572 637 2777 692 Leonis
2805 637 2836 691 ti
2863 639 2912 692 io
2935 653 3105 717 puero
3136 642 3398 717 succedit
3437 642 3487 697 in
3526 645 3734 717 imperio,
3760 664 3799 709 et

2279 715 2402 789 post
2446 717 2663 789 sextum
2688 723 2927 789 mensem
2957 710 3457 789 imperii,_propt_er
3496 710 3800 789 contemptum

2283 778 2402 842 Dei,
2430 787 2486 833 et
2517 780 2826 834 sanctarum
2857 778 3179 849 imaginum,
3209 778 3399 838 infami
3432 784 3599 848 exitu,
3636 778 3800 849 ut'traé

2284 851 2416 933 dunt
2439 850 2827 933 ‘Curopalatc-s,
2871 859 2926 933 et
2968 850 3489 933 Arelas,_mortuus
3528 868 3618 933 est,
3647 861 3801 933 solique

2285 920 2667 1002 Constantino,
2694 921 2981 1002 imperium
3010 922 3285 994 reliquit.
3340 925 3635 1002 Anastasius
3674 920 3801 1002 papa,

2287 1008 2409 1046 cum
2447 992 2676 1067 sedisset
2704 1006 2877 1067 annos
2906 993 3043 1067 duos
3071 992 3396 1067 Aetjmenses
3441 1000 3639 1054 totidem
3657 992 3691 1067 ,’
3705 992 3801 1059 obiit

2288 1077 2429 1137 anno
2460 1061 2834 1137 Redemptoris
2865 1065 3034 1137 nostri
3063 1063 3205 1137 912,
3238 1066 3479 1137 sepultus
3512 1080 3589 1124 est
3624 1061 3671 1125 in
3701 1075 3802 1128 basi-

2288 1132 2388 1213 l_i_ca
2418 1133 2593 1213 sancti
2613 1132 2784 1213 Petri,
2818 1144 2877 1188 ut
2900 1134 3063 1213 habet
3086 1132 3425 1207 epitaphium
3456 1138 3607 1208 illius,
3630 1145 3801 1213 quodex

2290 1203 2487 1258 Manlio
2518 1203 3023 1261 recitatBaronius.
3120 1203 3137 1206 ⁷
3184 1238 3187 1241 η
3236 1203 3257 1207 “
3593 1203 3625 1235 τη

601 1448 3797 1498 —-——______.____.__________.__________,

1036 1644 1650 1739 ANASTASII
1725 1644 2059 1736 PAPIE
2136 1647 2294 1796 Ill
2361 1650 3070 1780 PBIVILEGIA
3141 1653 3431 1748 DUO.

806 2123 1149 2166 PRIVILEGIUM
1181 2125 1281 2166 Ριιο
1310 2126 1560 2168 ECCLESIA
1586 2128 1970 2171 VEBCELLENSI.

1210 2204 1385 2273 (Anno
1415 2205 1565 2277 912.)
1700 2256 1705 2263 .

784 2293 983 2367 [Opera
1017 2295 1258 2359 Attonis,
1298 2303 1427 2351 tom.
1459 2296 1499 2358 l,
1522 2296 1702 2367 praef"
1732 2314 1853 2369 pag.
1882 2298 1987 2371 tx.]
2028 2334 2031 2337 -

659 2386 994 2441 Anasrxsws
1022 2386 1328 2456 episcopus,
1362 2402 1554 2443 servus
1579 2404 1861 2445 servorum
1887 2390 2007 2456 Dei,
2040 2404 2189 2446 reve-

593 2482 906 2538 rentissimo
931 2491 984 2537 et
1010 2482 1356 2539 sanctissimo
1399 2482 1771 2541 Rxcsuaen'ro
1809 2493 2014 2541 sancta:
2050 2486 2189 2541 Ver-

593 2572 844 2629 cellensis
870 2572 1128 2629 Ecclesiae
1153 2573 1430 2644 episcopo,
1460 2574 1651 2631 diebus
1672 2576 1799 2631 vitae
1819 2590 1932 2631 suae
1955 2583 2193 2631 tantum-

594 2664 778 2721 modo.
1794 2688 1795 2691 η

667 2755 727 2811 Si
755 2764 1004 2827 pastores
1032 2757 1215 2813 ovium
1245 2758 1359 2814 sole
1382 2759 1614 2831 geluque
1643 2775 1745 2831 pro
1772 2760 1952 2832 gregis
1982 2760 2067 2816 sui
2094 2775 2193 2815 cu-

595 2848 770 2905 stodia
798 2848 888 2904 die
919 2864 983 2904 ac
1011 2858 1171 2905 nocte
1197 2848 1343 2906 ferre
1372 2852 1743 2918 contemnitis,
1787 2860 1845 2906 ut
1887 2866 1956 2907 ne
1985 2866 2090 2921 qua
2126 2866 2193 2905 ex

594 2939 700 3007 eis,
728 2947 823 2995 aut
850 2942 1083 2997 errando
1101 2951 1309 3013 pereat,
1354 2951 1449 2997 aut
1485 2943 1676 2999 ferinis
1703 2943 1901 2998 laniata
1930 2942 2198 2998 morsibus

596 3032 858 3102 rapiatur,
886 3032 1059 3089 oculis
1087 3034 1440 3105 vigilantibus
1476 3035 1962 3106 circumspectant;
1994 3044 2196 3104 quanto

598 3125 817 3191 sudore,
841 3135 1153 3197 quantaque
1180 3143 1310 3183 cura
1335 3127 1595 3183 debemus
1619 3143 1740 3184 esse
1768 3127 2054 3199 pervigiles
2075 3142 2196 3192 nos,

597 3216 689 3287 qui
717 3226 967 3288 pastores
985 3218 1587 3289 animarumducimus,
1609 3222 1976 3289 attendamus,
2000 3228 2055 3275 et
2078 3234 2198 3275 sus-

601 3317 817 3380 ceptum
842 3310 1079 3367 oﬁicium
1106 3313 1362 3370 exhibere
1390 3330 1521 3387 erga
1560 3316 1861 3372 custodiam
1896 3316 2202 3394 Dominica-

601 3415 723 3455 rum
748 3400 932 3458 ovium
960 3418 1070 3459 non
1099 3419 1395 3472 cessemus,
1426 3420 1494 3461 ne
1522 3407 1578 3462 in
1620 3406 1708 3463 die
1735 3407 2003 3462 examinis
2030 3405 2197 3462 divini

599 3505 701 3563 pro
738 3502 927 3549 nostra
961 3494 1167 3551 desidia
1211 3506 1339 3567 ante
1381 3514 1655 3554 summum
1706 3499 1986 3555 Pastorem
2031 3498 2197 3569 negli-

601 3584 800 3653 gentiae
827 3596 980 3642 reatu
1009 3589 1306 3655 excruciet,
1333 3592 1477 3647 unde
1500 3593 1662 3648 modo
1689 3594 1913 3649 honoris
1936 3607 2196 3648 reveren—

601 3673 677 3729 tia
700 3675 1046 3734 sublimiores
1075 3679 1219 3734 inter
1242 3691 1466 3738 caeteros
1482 3681 1821 3752 judicamur!
1847 3685 2074 3739 Pallium
2098 3700 2197 3739 au—

601 3774 713 3823 tem
740 3771 1018 3827 sanctitati
1045 3780 1150 3828 tute
1177 3775 1246 3829 ad
1276 3776 1566 3832 missarum
1590 3777 1851 3834 solemnia
1873 3778 2197 3834 celebranda

603 3863 974 3932 concedimus,
988 3865 1131 3936 quod
1162 3867 1257 3923 tibi
1270 3884 1376 3923 non
1393 3870 1574 3937 aliter,
1591 3871 1845 3927 Ecclesiae
1867 3881 1972 3929 tuae
1986 3872 2202 3943 privile-

605 3955 709 4025 giis
732 3955 788 4010 in
817 3971 917 4012 suo
948 3966 1092 4013 statu
1128 3962 1505 4030 manentibus,
1550 3964 1626 4019 uti
1672 3964 1951 4035 largimur,
1983 3964 2085 4019 nisi
2114 3979 2201 4019 so-

604 4043 885 4105 lummodo
931 4049 985 4104 in
1035 4050 1123 4106 die
1174 4062 1377 4108 sanctze
1404 4056 1726 4110 veneranda:
1765 4056 2203 4112 Resurrectionis

607 4134 673 4192 D.
710 4136 781 4194 Νι
803 4137 856 4195 J.
879 4138 964 4207 C.,
988 4155 1080 4196 seu
1105 4142 1158 4197 in
1186 4144 1450 4199 natalitiis
1476 4155 1789 4200 sanctorum
1814 4146 2199 4216 apostolorum,

606 4237 772 4299 atque
814 4231 868 4286 in
911 4233 1084 4289 sancti
1132 4232 1393 4301 Joannis,
1431 4243 1487 4290 et
1517 4236 1572 4290 in
1607 4234 1990 4307 Assumptione
2030 4236 2205 4292 beatae

605 4316 704 4374 Dei
727 4321 1008 4393 genitricis
1041 4322 1248 4390 Mariae,
1280 4324 1550 4395 simulque
1577 4325 1631 4380 in
1673 4326 1966 4382 Dominica:
1989 4324 2204 4382 Domini
2244 4344 2247 4347 λ

607 4414 779 4468 nostri
820 4416 1122 4473 nativitatis
1165 4418 1341 4493 diem,
1385 4420 1699 4490 pariterque
1745 4420 1799 4476 in
1848 4420 2207 4479 solemnitatis

607 4500 862 4561 Ecclesiae
884 4515 988 4561 tua:
1010 4509 1368 4574 diem,verum
1391 4509 1556 4564 etiam
1577 4519 1631 4565 et
1652 4511 1704 4565 in
1729 4512 2085 4568 ordinationis
2103 4522 2208 4569 tuae

606 4595 977 4652 natalitiorum
1002 4599 1350 4656 concedimus
1375 4601 1546 4667 diem,
1592 4603 1735 4659 sicut
1755 4619 1786 4659 a
1806 4606 2209 4674 praedecessore

608 4691 797 4741 nostro
839 4686 1040 4745 domno
1083 4688 1347 4763 Gregorio
1389 4692 1549 4765 hujus
1591 4693 1747 4749 almae
1787 4696 1934 4751 sedis
1977 4696 2209 4766 praesule

609 4775 814 4834 factum
844 4788 950 4834 est.
973 4780 1032 4835 ln
1059 4785 1359 4840 secretario
1380 4800 1511 4840 vero
1532 4786 1755 4842 induere
1778 4795 1866 4841 tua
1895 4785 2210 4844 fraternitas

610 4867 837 4938 pallium
867 4870 1080 4937 debeat,
1108 4874 1165 4927 et
1192 4873 1264 4928 ita
1306 4875 1374 4931 ad
1414 4876 1704 4933 missarum
1744 4877 2009 4934 solemnia
2045 4879 2211 4949 proﬂ-

610 4960 764 5028 cisci,
798 4971 855 5019 et
878 4963 1015 5019 nihil
1053 4964 1157 5020 sibi
1199 4966 1429 5037 amplius
1460 4984 1594 5025 ausu
1624 4972 1925 5027 temerariae
1948 4986 2210 5042 praesum-

610 5051 813 5123 ptionis
841 5069 1117 5127 arrogare,
1151 5070 1219 5111 ne
1250 5056 1376 5112 dum
1408 5057 1461 5112 in
1484 5060 1745 5116 exteriori
1780 5060 1968 5117 habitu
2003 5062 2210 5120 inordi-

612 5156 740 5203 nate
780 5147 984 5219 aliquid
1009 5149 1305 5220 arripitur,
1345 5150 1592 5207 ordinate
1635 5154 1836 5223 etiam,
1878 5171 2001 5227 quae
2030 5156 2212 5214 facere

610 5248 886 5308 peterant,
916 5237 1254 5297 amittantur.
1283 5239 1451 5311 Cujus
1487 5243 1744 5311 quoniam
1769 5244 2071 5302 indumenti
2113 5247 2212 5304 ho-

613 5343 738 5396 nor,
769 5330 1031 5387 modestia
1059 5341 1275 5388 actuum
1308 5332 1595 5390 vivacitate
1631 5336 1895 5391 servanda
1932 5345 2048 5405 est,
2082 5339 2209 5395 hor-

612 5426 822 5491 tamur,
848 5432 910 5478 ut
937 5432 1131 5481 cuncta
1155 5434 1476 5483 ornamenta
1518 5428 1878 5495 conveniant,
1906 5439 2172 5499 quatenus
2189 5472 2204 5499 ,

614 5519 840 5570 auctore
881 5514 1025 5582 Deo,
1056 5525 1235 5583 recte,
1267 5517 1352 5573 vel
1395 5518 1594 5589 ubique
1621 5520 1798 5590 possis
1836 5536 1957 5577 esse
1987 5524 2207 5593 conSpi-

616 5617 774 5665 cuus.
817 5605 1003 5677 Itaque
1038 5610 1153 5664 vita
1183 5617 1273 5663 tua
1307 5609 1431 5666 filiis
1457 5611 1562 5666 tuis
1588 5612 1658 5667 sit
1697 5612 1898 5683 regula,
1928 5612 1982 5667 in
2015 5613 2129 5683 ipsa
2161 5599 2218 5668 si

617 5712 725 5765 qua
748 5697 1010 5755 fortitudo
1035 5702 1089 5755 in
1120 5701 1251 5771 ipsis
1276 5699 1426 5771 jacta
1451 5712 1556 5767 est,
1594 5702 1829 5773 dirigent
1851 5703 1904 5758 in
1935 5720 2021 5772 ea,
2063 5704 2208 5774 quod

617 5785 925 5861 inuitantur,
957 5793 1252 5863 aspiciant,
1304 5794 1362 5850 in
1406 5793 1524 5863 ipsa
1566 5808 1780 5865 semper
1816 5797 2208 5854 considerando

2208 2027 2258 2087 B
2284 2022 2596 2096 proficiant,
2641 2031 2702 2078 ut
2747 2031 2897 2079 tuum
2944 2030 3066 2095 post
3115 2023 3293 2079 Deum
3338 2023 3605 2080 videantur
3626 2024 3797 2097 bonum,

2289 2116 2432 2187 quod
2466 2116 2720 2171 vixerint.
2753 2116 2861 2173 Cor
2882 2133 3014 2189 ergo
3048 2132 3230 2188 neque
3274 2107 3555 2189 prospera,
3589 2134 3687 2190 qua:
3707 2128 3799 2174 tem-

2287 2207 2555 2277 poraliter_
2575 2207 2941 2275 blandiuntur,
2994 2208 3293 2275 extollant,
3343 2223 3512 2280 neque
3538 2212 3794 2267 adversado-

2285 2296 2499 2366 jiciant,
2525 2299 2619 2353 sed
2648 2298 2908 2369 quidquid
2932 2297 3062 2353 illud
3093 2298 3283 2365 fuerit,
3300 2299 3492 2355 virtute
3510 2300 3796 2371 patientiaedc-

2293 2387 2564 2442 vincatur.
2594 2386 2810 2442 Nullum
2851 2388 2991 2456 apud
3034 2395 3087 2442 te
3127 2387 3345 2456 locum,
3388 2389 3503 2444 odia
3530 2388 3675 2443 nullus
3694 2388 3796 2442 favor

2291 2478 2619 2535 indiscretus
2651 2479 2915 2542 inveniat,
2936 2480 3247 2535 districtum
3277 2480 3400 2535 mali
3435 2489 3720 2552 cognoscant,
3739 2480 3794 2534 in-

2292 2580 2502 2628 sontem
2529 2574 2668 2644 apnd
2686 2581 2756 2638 te,
2777 2572 3099 2644 culpabilem
3121 2574 3398 2647 suggestio
3416 2574 3545 2628 mala
3564 2588 3651 2629 non
3668 2573 3792 2636 faciat,

2293 2675 2578 2722 nocentem
2626 2667 2800 2739 gratia
2839 2682 2948 2722 non
2990 2677 3246 2734 excuset,
3302 2668 3571 2724 remissum
3610 2678 3651 2720 te
3680 2665 3795 2719 delin-

2294 2759 2585 2836 quentibus
2632 2773 2740 2813 non
2787 2759 3064 2826 ostendas,
3096 2776 3167 2816 ne
3195 2760 3328 2831 quid
3365 2760 3521 2814 ultum
3548 2773 3636 2836 non
3659 2753 3791 2818 fuerit,

2297 2852 2596 2920 perpetrari
2624 2850 2931 2921 permittas,
2962 2852 3034 2907 sit
3059 2851 3113 2905 in
3144 2861 3198 2906 te
3226 2849 3355 2906 boni
3381 2851 3593 2922 pastoris
3617 2845 3791 2910 dulcedo,

2297 2942 2370 2996 sit
2394 2951 2449 2996 et
2465 2939 2668 3010 judicis
2703 2943 3229 2999 revera'districtio.
3270 2941 3446 2998 Unum
3471 2940 3670 3005 scilicet,
3699 2935 3793 3007 quod

2301 3033 2618 3089 innocenter
2638 3033 2884 3089 viventes
2922 3032 3125 3099 foveas,
3160 3034 3335 3100 aliud,
3360 3033 3493 3103 quod
3518 3031 3729 3102 inquietos
3744 3025 3792 3079 fe-

2298 3126 2489 3181 riendo
2515 3142 2545 3180 a
2570 3126 2837 3196 pravitate
2862 3140 3204 3196 compescas.
3239 3124 3345 3181 Sed
3366 3123 3595 3195 quoniam
3623 3132 3792 3177 nonnun-

2300 3234 2461 3288 quam
2487 3220 2898 3290 praapositorum
2943 3219 3112 3286 zelus,
3152 3221 3286 3275 dum
3328 3217 3582 3274 districtus
3604 3212 3789 3282 majorum

2301 3309 2447 3366 vultu
2480 3311 2647 3367 debes
2673 3311 2910 3367 existere
2931 3351 2949 3377 ,
2989 3311 3190 3366 transit
3220 3311 3274 3365 in
3318 3307 3649 3365 crudelitatem
3673 3312 3791 3385 corre-

2226 3398 2271 3459 C
2302 3402 2448 3469 ctio,
2491 3404 2626 3458 iram
2666 3404 2871 3475 judicio
2914 3402 3182 3470 refrena',‘
3238 3411 3295 3459 et
3332 3408 3554 3458 Censura
3577 3390 3788 3463 disciplina

2300 3494 2379 3550 sic
2402 3503 2574 3560 utere,
2606 3504 2666 3550 ut
2693 3504 2751 3551 et
2777 3495 2965 3566 culpas
2999 3493 3190 3561 ferias,
3216 3503 3273 3551 et
3299 3493 3367 3548 ad
3396 3488 3791 3581 dilectionempet-

2301 3603 2590 3654 sonarum,
2631 3603 2766 3658 quas
2795 3587 3048 3658 corrigis,
3080 3602 3361 3658 nunquam
3388 3580 3611 3645 madas;
3646 3574 3789 3631 miseri.

2302 3681 2523 3735 cordem
2554 3688 2628 3744 te,
2656 3688 2817 3751 prout
2844 3680 3019 3734 virtus
3043 3680 3270 3751 patitur,
3316 3665 3611 3749 pauperibus
3638 3663 3787 3727 exhibe,

2302 3772 2576 3844 oppressis
2598 3771 2841 3829 defensio
2870 3782 2958 3827 tua
2986 3773 3295 3838 subveniat,
3324 3758 3786 3856 optantibustnotifﬁla

2302 3863 2505 3918 erectio
2530 3862 2892 3928 contradicat,
2929 3862 3130 3918 nullius
3175 3863 3367 3918 faciem
3411 3865 3578 3913 contra
3602 3847 3786 3921 justitiam

2303 3954 2560 4025 accipias,
2584 3954 2786 4009 nullum
2816 3963 3144 4025 quaerentem
3165 3954 3313 4025 justa
3337 3948 3595 4020 despicias,
3614 3944 3654 3997 in
3668 3942 3786 4038 custo-

2306 4046 2502 4103 diendo
2528 4048 2843 4118 aequitatem
2870 4048 3139 4114 excellas,
3182 4058 3244 4104 ut
3284 4061 3385 4102 nec
3410 4042 3584 4099 divites
3602 4037 3787 4132 polentia:

2306 4153 2426 4193 rum
2459 4138 2661 4208 aliquid
2692 4140 2834 4210 apud
2868 4155 2966 4195 nos
2992 4148 3148 4195 extra
3181 4140 3321 4195 viam
3352 4135 3602 4193 suadeant,
3622 4128 3786 4210 rationes

2308 4229 2517 4305 audire,
2542 4206 2642 4284 nec
2664 4206 2930 4300 pauperes
2961 4230 3029 4285 de
3069 4246 3129 4286 re
3154 4246 3257 4286 sua
3290 4228 3450 4283 faciat
3487 4206 3786 4308 humilitas

2309 4304 2551 4389 sperare,
2577 4328 2875 4391 quatenus,
2923 4321 3035 4377 Deo
3079 4322 3398 4385 miserante,
3429 4315 3538 4371 talis
3561 4305 3695 4381 possis
3712 4304 3788 4353 exi-

2309 4422 2477 4478 atere,
2504 4411 2722 4483 qualem
2753 4428 2906 4469 sacra
2933 4396 3093 4470 leciio
3116 4413 3359 4485 prmcipit
3386 4410 3577 4466 dicens:
3601 4394 3784 4485 «Operm

2309 4504 2622 4575 episcopum
2658 4484 3190 4576 irreprehensibilem
3222 4484 3341 4563 esse
3370 4502 3419 4575 (Ι
3447 4498 3564 4590 Tini.
3590 4506 3661 4590 in,
3684 4484 3782 4590 ἢν-»

2311 4596 2406 4651 sed
2435 4596 2519 4651 his
2547 4596 2799 4653 omnibus
2823 4598 2899 4653 uti
2930 4598 3224 4656 salubriter
3249 4595 3460 4670 poteris,
3489 4589 3527 4644 si
3552 4585 3685 4649 magis
3708 4585 3785 4670 ¹]¹³’

2312 4688 2536 4757 gistram
2559 4688 2880 4744 charitateiu
2911 4688 3189 4756 habueris,
3220 4660 3379 4761 quam
3404 4681 3486 4753 τιυὶ
3518 4660 3787 4771 “fc”???

2234 4760 2288 4820 D
2314 4779 2405 4845 rit,
2432 4779 2709 4850 aliquanto
2734 4781 2949 4838 tramite
2976 4797 3084 4837 non
3100 4782 3349 4840 recedat.
3371 4777 3513 4835 Ecce,
3532 4760 3783 4851 charissiflfo

2314 4841 2456 4927 inter
2485 4841 2653 4928 multa
2682 4872 2822 4939 alia,
2859 4871 2963 4928 ista
2993 4882 3121 4929 sunt
3144 4868 3434 4930 sacerdotis
3459 4902 3474 4918 .
3501 4901 3514 4914 .
3543 4897 3556 4913 .
3582 4895 3594 4909 .
3617 4889 3633 4907 ο
3657 4841 3783 4941 mihi.

2252 5016 2259 5023 .
2315 4978 2434 5034 quae
2458 4964 2504 5020 si
2530 4964 2772 5020 studiose
2808 4964 3130 5030 servaveris,
3173 4974 3392 5034 quaeque
3436 4951 3550 5008 foris
3588 4939 3783 5034 accepisse

2314 5033 2640 5121 ostenderis,
2682 5055 2831 5110 intus
2874 5054 3116 5123 habetis,
3160 5033 3339 5111 salicta
3368 5042 3579 5104 Trinitas
3606 5033 3784 5123 reveretr

2315 5148 2448 5203 tiam
2476 5154 2716 5203 vestram
2745 5148 2934 5217 gratiae
2963 5156 3069 5204 tuae
3104 5145 3426 5246 protectione

2315 5254 2421 5310 que
2442 5239 2498 5294 in
2520 5237 2733 5295 timoris
2746 5205 2844 5294 sui
2872 5239 2959 5294 via
2986 5205 3333 5308 nonudirigat,
3362 5237 3418 5285 ut
3438 5205 3779 5347 postjinl:

2472 5331 2505 5347 ..
2536 5330 2539 5331 ν
2571 5333 2603 5347 ..
2662 5346 2665 5347 ν
2817 5332 2833 5347 .
2923 5339 2964 5347 ,Α
2996 5346 2999 5347 ν
3366 5324 3586 5347 Mm“...

2316 5330 2725 5400 amaritudines,
2766 5332 2836 5388 ad
2872 5339 3130 5388 aeternam
3176 5326 3331 5388 simul
3366 5313 3684 5396 perveniamus

2312 5427 2581 5483 cedinem.
3455 5500 3466 5509 ι
3505 5496 3517 5509 ο

2385 5518 2659 5590 Scriptum
2704 5532 2803 5588 per
2848 5530 3069 5572 manum
3094 5511 3330 5592 ‘Joannis
3371 5500 3543 5592 scrinia

2312 5607 2571 5663 Romanae
2596 5606 2885 5675 Ecclesiae,
2930 5606 2987 5663 in
3017 5591 3535 5662 mense’Februarioi

2315 5702 2505 5773 quinta
2534 5701 2765 5756 decima.

2385 5791 2534 5850 Bene
2561 5792 2759 5851 valete.

3551 5488 3601 5545 rii
3636 5480 3776 5536 530m

3564 5564 3778 5635 indictione
