4104 6406
392 305 966 314 —-_—————_————
989 303 2769 360 mm

333 348 485 359 "—.
516 352 737 359 r--—————
1491 347 2269 361 .——-————-.——_—_————.
2448 350 2799 360 ιμ’-...ᾔ
2845 352 2905 360 ..ο-
3032 350 3587 360 ..α--κ--ι--ιοῌ

814 571 1919 750 EUTHYMII

2111 563 2904 742 ZIGABE
2932 568 3149 739 ΝΙ

1240 969 2002 1086 EXPOSITIO
2089 967 2760 1081 SYMBOLI.

480 1240 574 1298 (Ex
607 1239 841 1292 editione
869 1239 1046 1291 Christ.
1095 1235 1336 1287 Friderici
1372 1237 1585 1287 Matthxi
1614 1235 1663 1285 in
1706 1230 2426 1356 lectilqgillruilgchuensibus,
2470 1236 2689 1296 repetita
2718 1236 2765 1285 io
2791 1236 3103 1289 Bibliotheca
3146 1239 3483 1300 Gallandiana,

703 1678 805 1743 Ε’Ῑς
834 1676 900 1729 τὸ
928 1674 1004 1747 (1)
1028 1673 1199 1741 ἅγιον
1220 1672 1554 1741 σύμϐολον.

421 1770 488 1822 Τί
515 1770 630 1821 ἐστι
666 1766 880 1830 πίστις;
913 1765 1121 1829 Πίστις
1154 1762 1328 1816 ἐστίν
1360 1759 1759 1829 ἐλπιζομένων
1786 1760 1932 1813 ὑπό-

345 1876 590 1925 στασις,
610 1857 968 1927 πραγμάτων
1020 1854 1271 1923 ἐλεγχος
1309 1853 1383 1905 οὐ
1419 1848 1833 1919 βλεπομένων.
1861 1847 1928 1901 Ἢ

347 1951 918 2022 ἀπολυπραγμόνητος
951 1946 1368 2015 συγκατάθεσις,
1395 1944 1428 2013 ἢ
1455 1941 1701 2005 ἑκούσιος
1724 1957 1930 2009 συγκα-

345 2044 594 2105 τάθεσις,
640 2042 674 2115 ἣ
705 2042 776 2103 ὡς
809 2041 837 2091 ὁ
870 2038 1045 2109 μέγας
1093 2036 1197 2107 ἔφη
1247 2036 1550 2101 Βασίλειος,
1590 2033 1779 2095 Πίστις
1812 2033 1928 2084 ἐστὶ

351 2134 755 2203 συγκατάθεσις
797 2132 1110 2200 ἀδιάκριτος
1141 2127 1252 2181 τῶν
1286 2124 1683 2189 ἀκουσθέντων,
1705 2125 1763 2176 ὲν
1791 2121 1928 2192 πλη-

353 2226 583 2297 ροφορίᾳ
616 2225 715 2294 τῆς
744 2220 1000 2292 ἀληθείας
1021 2219 1130 2272 τῶν
1158 2216 1539 2289 κηρυχθέντων
1559 2214 1695 2268 Θεοῦ
1720 2212 1923 2285 χάριτι.

421 2406 733 2475 Σύμϐολον
770 2400 1117 2472 ὀνομάζεται,
1154 2398 1231 2462 ὡς
1280 2398 1503 2467 σημεῖον
1552 2396 1651 2466 τῆς
1692 2395 1749 2447 ὲν
1778 2394 1923 2465 ψυχῇ

351 2500 609 2561 πίστεως.
642 2495 864 2564 Ἐπειδὴ
919 2494 1028 2563 γὰρ
1084 2490 1375 2561 ἀσώματον
1433 2488 1666 2559 πρᾶγμά
1710 2488 1921 2558 ἐστινὴ

352 2589 519 2661 ψυχὴ,
543 2590 635 2642 καὶ
661 2588 728 2641 τὰ
762 2588 820 2639 ὲν
852 2586 987 2655 αὐτῇ
1021 2584 1263 2653 δόγματα
1292 2581 1472 2651 ἀφανῆ
1502 2597 1560 2633 τε
1602 2581 1695 2633 καὶ
1729 2579 1920 2649 ἄδηλα,

351 2684 542 2734 τούτου
572 2681 731 2750 χάριν
762 2679 858 2748 τῆς
877 2674 1164 2746 ὁμολογίας
1188 2672 1389 2742 ταύτης
1419 2672 1635 2742 ἐδέησεν
1657 2671 1816 2741 αὐτῇ,
1834 2671 1921 2723 ἴνα

349 2774 442 2828 διὰ
492 2772 753 2841 ταύτηςή
798 2769 1102 2829 ἐνδιάθετος
1156 2765 1325 2835 αὐτῆς
1358 2763 1542 2826 πίστις
1574 2762 1921 2833 ὲκφαίνηται,

352 2868 450 2920 καὶ
480 2864 554 2937 μὴ
584 2862 1010 2935 ἀμφιδάλληται.

424 2952 704 3007 Πιστεύω.
746 2950 1034 3004 Τουτέστιν
1075 2944 1655 3018 ἀπολυπραγμονήτως
1687 2946 1781 2999 ἐπὶ
1810 2948 1920 3009 τοῖς

1960 1671 2005 1722 Δ

2505 1660 2569 1714 1η
2586 1671 2823 1715 sanctum
2848 1663 3159 1733 symbolum.

2109 1754 2249 1819 Quid
2281 1763 2365 1808 est
2413 1753 2586 1809 ﬁdes?
2619 1753 2779 1809 Fides
2803 1764 2876 1808 est
2926 1754 3223 1808 substantia
3272 1772 3448 1810 rerum
3492 1775 3610 1830 quae

2030 1857 2332 1913 sperantur,
2365 1854 2735 1916 argumentum
2774 1862 2951 1899 rerum
2978 1861 3094 1915 qua:
3120 1862 3223 1899 non
3249 1860 3534 1903 cernuntur
3564 1852 3603 1904 '.

2032 1934 2149 1999 Vel,
2211 1946 2296 1991 est
2325 1951 2628 1991 consensus
2671 1936 2895 1990 minime
2922 1936 3194 2002 curiosus,
3227 1938 3312 1991 vel
3350 1940 3608 1994 volunta-

2030 2029 2145 2084 rius
2170 2044 2474 2083 consensus
2499 2045 2514 2077 :
2537 2028 2619 2083 vel
2644 2027 2809 2083 etiam
2833 2038 2892 2082 ut
2910 2043 3140 2100 magnus
3160 2030 3299 2085 dixit
3325 2030 3563 2088 Basilius
3592 2051 3605 2088 :

2030 2120 2189 2174 Fides
2210 2130 2295 2175 est
2325 2135 2625 2175 consensus
2654 2119 2990 2176 indiscussus
3019 2136 3206 2175 eorum
3246 2138 3366 2191 quae
3424 2126 3607 2180 audita

2029 2217 2176 2274 sunt,
2220 2208 2274 2262 in
2326 2217 2471 2263 certa
2504 2208 2859 2278 persuasione
2887 2211 3132 2265 veritatis
3166 2225 3358 2267 earum
3415 2229 3601 2271 rerum

2028 2315 2148 2369 qua:
2177 2313 2245 2353 ex
2291 2297 2387 2353 Dei
2442 2299 2611 2368 gratia
2650 2300 2951 2370 praedicata:
2989 2311 3138 2356 sunt.

2101 2389 2767 2460 Symbolunrnoniinatur,
2802 2400 3060 2461 tanquam
3091 2393 3303 2464 signum
3332 2395 3457 2451 ﬁdei
3487 2414 3608 2467 quae

2027 2491 2112 2537 est
2145 2484 2198 2535 in
2231 2483 2433 2537 anima.
2471 2482 2607 2537 Cum
2645 2483 2791 2537 enim
2824 2484 3150 2553 incorporea
3178 2500 3265 2541 res
3299 2489 3371 2544 sit
3399 2490 3604 2556 anima.

2025 2575 2252 2645 ejusque
2289 2575 2539 2647 dogmata
2580 2574 2871 2631 invisibilia
2919 2584 3079 2646 atque
3108 2579 3359 2647 obscura,
3405 2581 3606 2637 idcirco

2025 2682 2086 2721 ea
2116 2682 2252 2738 Opus
2278 2668 2470 2722 habuit
2498 2669 2813 2738 bujusmodi
2840 2668 3210 2736 confessione,
3241 2683 3302 2728 ut
3330 2689 3430 2744 per
3458 2675 3603 2731 illam

2026 2758 2238 2814 interna
2263 2761 2381 2831 ejus
2408 2760 2542 2816 ﬁdes
2565 2761 2858 2816 manifesta
2898 2761 3011 2829 ﬁat,
3037 2778 3139 2819 nec
3166 2764 3308 2821 ullus
3328 2767 3600 2837 relinqua-

2028 2864 2116 2906 tur
2143 2853 2454 2926 ambigendi
2487 2853 2662 2908 locus.

2098 2943 2285 2999 Credo.
2342 2945 2399 3001 Id
2435 2955 2522 3001 est
2556 2946 2678 3001 sine
2724 2945 3043 3002 curiositate
3094 2947 3343 3005 dicendis
3382 2950 3600 3023 dogma-

354 3001 1025 3115 ρηξτέξιᾷιξὶᾷιξ
1061 3001 1547 3109 συγκατατίθεμαιί
1596 3001 1705 3092 Ιξαὶ
1741 3036 1846 3109 μὴν
1874 3001 1922 3090 oi

3169 3001 3172 3002 ν
3265 3001 3338 3005 η
3388 3001 3575 3023 ηοω,

2029 3038 2171 3093 tibus
2206 3040 2495 3094 assentior.
2534 3039 2800 3110 Equidem
2842 3039 3075 3109 majores
3106 3042 3279 3097 nostri
3328 3043 3598 3101 Credimus

352 3135 588 3206 πατέρες
609 3134 976 3204 Πιστεύομεν
1000 3128 1155 3185 εἷπον
1182 3129 1583 3202 πληθυντικῶς.
1610 3130 1704 3191 Εἰς
1727 3128 1922 3183 ταυτὸν

347 3226 396 3277 δ’
423 3224 544 3291 ἄγει
567 3224 870 3294 ἀμφότερα.
894 3221 1279 3292 Πληθυντικῶς
1316 3220 1414 3290 μὲν
1437 3219 1546 3289 γὰρ
1575 3219 1758 3289 ἔλεγον
1779 3221 1922 3272 ἐκεῖ·

351 3334 456 3381 νοι,
480 3318 580 3383 τὴν
606 3316 792 3383 κοινὴν
844 3314 994 3383 σφῶν
1027 3314 1206 3366 αὐτῶν
1242 3314 1369 3381 περὶ
1416 3312 1651 3374 πίστεως
1694 3310 1922 3381 γνώμην

348 3410 446 3461 καὶ
477 3410 576 3479 τὴν
606 3407 739 3460 ἰδίαν
769 3407 1005 3460 ἑκάστου
1061 3404 1438 3475 παριστῶντες
1461 3422 1475 3436 ’
1522 3405 1683 3473 ἡμεῖς
1717 3403 1761 3457 δ’
1790 3402 1919 3457 ἀνάο

350 3498 536 3563 πάλιν,
563 3501 629 3569 τῇ
668 3497 786 3561 ἑνὸς
820 3498 1052 3551 ἑκάστου
1108 3498 1345 3559 πίστεως
1383 3496 1644 3565 ὁμολογίᾳ
1694 3496 1796 3565 τὴν
1827 3495 1920 3549 τοῦ

358 3588 549 3650 παντὸς
574 3587 683 3640 τῶν
710 3585 921 3639 πιστῶν
944 3584 1309 3655 ἀθροίσματος
1343 3585 1777 3647 συνεισάγοντες.

426 3682 690 3734 Πιστεύω
711 3681 799 3745 είς
836 3678 946 3732 ἕνα
982 3677 1130 3733 Θεὸν
1172 3675 1405 3744 Πατέρα
1445 3673 1920 3742 παντοκράτορα.

351 3774 521 3827 Τοῦτο
547 3772 697 3827 ἄλλοι
725 3770 824 3841 μὲν
845 3770 1020 3833 ἄλλως
1043 3768 1335 3832 στίζουσιν.
1355 3768 1417 3819 Oi
1437 3766 1536 3837 μὲν
1556 3767 1635 3828 εἰς
1664 3766 1724 3819 τὸ
1751 3766 1919 3825 Θεὸν,

349 3866 428 3929 ὡς
458 3866 522 3918 ἂν
549 3864 691 3917 κατά
738 3863 921 3917 κοινοῦ
979 3860 1089 3916 τῶν
1127 3860 1296 3932 τριῶν
1347 3857 1699 3913 ὑποστάσεων
1743 3875 1920 3928 παρα-

348 3955 691 4025 λαμβάνηται
710 3953 770 4006 τὺ
795 3952 940 4018 Θεὸς
963 3949 1313 4020 ὅνομα,ἀ).λοι
1336 3948 1391 4001 δὲ
1415 3946 1921 4001 συνάπτουσιν.”ιπ-

2025 3130 2302 3196 dicebant,
2352 3145 2449 3199 per
2502 3130 2835 3200 plurativum
2894 3147 3206 3189 numerum.
3256 3133 3323 3187 At
3374 3142 3600 3205 utraque

2028 3237 2125 3276 vox
2160 3222 2389 3293 perinde
2414 3222 2578 3277 valet.
2621 3222 2899 3277 Plurative
2930 3223 3075 3277 enim
3109 3225 3474 3282 enuntiabant
3503 3228 3597 3294 illi,

2026 3328 2369 3369 communem
2402 3329 2554 3369 suam
2583 3315 2830 3384 ipsorum
2874 3314 2942 3369 de
2999 3314 3106 3370 ﬁde
3152 3319 3481 3373 sententiam
3540 3337 3600 3377 ac

2026 3406 2292 3477 privatam
2336 3407 2605 3477 cujusque
2659 3407 3007 3463 exhibentes.
3046 3407 3157 3463 Nos
3215 3418 3429 3476 contra,
3490 3412 3599 3466 sin-

2025 3497 2226 3567 gularis
2273 3498 2544 3567 cujusque
2589 3497 2713 3553 ﬁdei
2751 3499 3100 3555 confessione
3144 3500 3311 3555 totius
3364 3502 3601 3558 ﬁdelium

2025 3599 2205 3644 cretus
2238 3590 2397 3645 ﬁdem
2435 3591 2838 3646 concludimus.

2095 3679 2261 3735 Credo
2299 3680 2353 3732 in
2381 3695 2545 3733 unum
2572 3678 2737 3733 Deum
2774 3678 2994 3734 Patrem
3032 3682 3461 3752 omnipotentem.
3489 3684 3604 3740 Hoc

2024 3771 2119 3824 alii
2172 3771 2333 3825 aliter
2383 3770 2797 3841 interpungunt.
2836 3770 2940 3825 Alii
2998 3782 3181 3827 nolam
3235 3774 3595 3832 distinctionis

2028 3870 2242 3932 ponunt
2274 3870 2397 3932 post
2433 3861 2641 3927 Deum;
2686 3878 2795 3932 quo
2836 3863 3089 3919 videlicet
3124 3868 3489 3923 communiter
3535 3869 3601 3923 de

2028 3954 2205 4008 tribus
2240 3953 2496 4024 personis
2536 3955 2844 4024 accipiatur
2882 3970 3083 4011 nomen
3127 3956 3289 4023 Deus,
3329 3959 3422 4013 alii
3466 3976 3603 4015 con-

346 4064 467 4099 πων
494 4044 569 4114 (‘2)
598 4045 692 4098 καί
726 4043 1053 4111 Ἐπίκουρος
1074 4042 1101 4094 ὁ
1130 4039 1410 4111 φιλήδονος
1453 4037 1586 4090 Θεὸν
1642 4034 1923 4099 παντελῶς

2027 4050 2130 4107 tra,
2159 4050 2520 4099 connectunt.
2575 4042 2787 4114 Hippon
2820 4053 2876 4099 et
2927 4044 3196 4116 Epicurus
3246 4049 3601 4119 voluptuosus

346 4136 643 4207 ἠγνόησαν,
666 4132 752 4185 διὰ
777 4130 872 4184 τοῦ
920 4127 1332 4199 αὑτοματισμοῦ
1362 4125 1462 4196 τὴν
1524 4122 1752 4188 ἀταξίαν
1802 4124 1919 4173 εἱσ-

2024 4134 2195 4189 Deum
2246 4151 2476 4206 prorsus
2504 4134 2851 4207 ignorarunt,
2890 4151 2989 4207 per
3042 4139 3389 4193 temerarium
3443 4156 3602 4198 casus

348 4228 571 4296 ἁγοντες
599 4242 613 4255 ·
662 4221 737 4279 ῶν
773 4227 801 4278 ὁ
837 4222 936 4295 μὲν
988 4220 1051 4274 τδ
1088 4218 1233 4289 ὕδωρ
1266 4215 1438 4288 ἀρχὴν
1468 4214 1789 4285 ὲφληνάφει,
1810 4215 1838 4266 δ
1863 4212 1920 4265 δὲ

2026 4233 2282 4279 eventum
2309 4223 2694 4280 confusionem
2721 4225 3068 4292 inducentes,
3092 4226 3222 4281 dum
3248 4230 3383 4283 alter
3404 4246 3599 4299 aquam

348 4320 608 4390 ἀπείρους
657 4317 914 4386 ἀτόμους.
944 4313 1168 4369 Πλάτων
1224 4311 1363 4365 ἰδέαν
1417 4308 1510 4406 καὶ
1568 4306 1701 4406 ΰξιην
1761 4306 1912 4406 ἔλεγε
1941 4349 1985 4406 c

348 4411 500 4475 Θεὸν,
526 4409 603 4472 ὡς
650 4408 745 4461 τοῦ
777 4407 915 4460 Θεοῦ
954 4403 1028 4476 μὴ
1057 4402 1355 4472 δυναμένου
1407 4399 1544 4471 μήτε
1593 4397 1725 4468 ὓλην
1779 4398 1920 4479 μήτε

2026 4408 2172 4463 Plato
2196 4409 2372 4463 ideam
2391 4416 2446 4462 et
2464 4407 2745 4463 materiam
2765 4408 2933 4464 Deum
2947 4410 3099 4475 dixit,
3120 4413 3272 4480 quasi
3290 4429 3398 4467 non
3418 4427 3599 4484 posset

348 4503 792 4574 παραδείγματος
835 4498 1007 4569 χωρὶς
1042 4498 1133 4549 τὸν
1163 4495 1367 4563 κόσμον
1400 4489 1802 4561 συστήσασθαι,
1823 4490 1922 4543 καὶ

346 4594 517 4657 οὕτως
563 4589 703 4645 εἷναί
740 4608 863 4645 τινα
912 4587 1164 4642 συνατδια
1214 4585 1390 4656 τούτῳ
1434 4582 1530 4637 καὶ
1589 4581 1919 4652 συνάναρχα.

347 4688 701 4749 Οὐαλεντίνος
727 4683 771 4738 λ’
809 4685 967 4745 θεοὺς
994 4682 1182 4749 ἔλεγεν
1209 4675 1351 4733 εἶναι
1373 4694 1387 4708 ·
1417 4679 1466 4730 οί
1502 4675 1610 4729 ἀπὸ
1653 4674 1919 4747 Μαρκίω-

344 4796 432 4842 νος
465 4780 617 4851 τρεῖς
647 4776 823 4847 ἁρχάς
846 4791 862 4806 ·
892 4775 943 4826 οἱ
979 4773 1086 4826 ἀπὸ
1114 4770 1395 4841 Κέρδωνος
1445 4768 1538 4821 δύο
1568 4762 1707 4820 εἶναι
1761 4764 1919 4828 θεοὺς

344 4871 729 4940 ίδογμάτισαν,
762 4868 856 4921 καὶ
883 4866 931 4918 oi
972 4865 1081 4918 ἀπὸ
1118 4863 1393 4923 Μάνεντος
1433 4858 1475 4929 β’
1500 4860 1693 4931 ἀρχάς.

414 4962 684 5017 Πιστεύω
719 4962 808 5025 είς
827 4958 938 5013 ἕνα
963 4954 1277 5011 Θεόν.’Ένα
1309 4952 1529 5034 λέγεται
1581 4950 1789 5020 Θεὸν,ἢ
1822 4949 1918 5003 τὸν

347 5056 564 5125 Πατέρα
595 5053 799 5123 φαμὲν,
824 5052 859 5123 ἢ
884 5052 976 5102 τὸν
1008 5049 1154 5111 Υίδν,
1183 5047 1217 5119 ἢ
1242 5044 1301 5098 τὸ
1349 5043 1592 5113 Πνεῦμα,
1617 5044 1710 5096 καὶ
1752 5042 1918 5096 πάλιν

348 5148 480 5221 ὁμοῦ
508 5149 577 5201 τὰ
598 5153 671 5217 τ,
694 5145 785 5201 τὸν
812 5143 1031 5215 Πατέρα
1065 5141 1159 5196 καὶ
1186 5138 1281 5194 τὸν
1300 5138 1427 5192 Υίὸν
1461 5137 1557 5190 καὶ
1580 5135 1640 5188 τὸ
1667 5133 1913 5204 Πνεῦμα,

454 5291 470 5319 ⁸
510 5287 675 5342 Hebr.
712 5302 789 5351 ιι,
821 5282 877 5338 1.

416 5446 490 5514 (Ι)
530 5444 755 5513 Legitur
789 5445 907 5499 haec
936 5438 1317 5514 interpretatio
1345 5435 1605 5514 Symboli_
1640 5436 1698 5490 in
1721 5432 1909 5489 eodem

344 5506 529 5573 codice
553 5506 679 5579 3475,
712 5517 808 5570 fol.
835 5514 941 5593 Πέξ
992 5506 1142 5633 δι’(ιῖ
1168 5510 1327 5564 Forte
1349 5506 1477 5580 ergo
1507 5516 1561 5589 et
1592 5506 1708 5561 haec
1726 5513 1915 5558 aucto-

349 5602 464 5633 rem
498 5589 659 5633 habet
687 5587 1040 5633 Enthvnnum
1084 5582 1097 5599 '
1127 5582 1437 5633 teabenum.
1473 5578 1647 5631 Altam
1696 5589 1915 5633 duoque

349 5602 464 5643 rem
498 5578 1040 5656 habetEnthymium
1073 5578 1437 5656 'Zigabenum'.
1473 5578 1917 5656 Aliammquoqu'e

345 5661 401 5713 in
443 5658 549 5711 alio
602 5660 791 5712 codice
832 5645 1357 5723 interpretationem
1405 5649 1585 5720 reperi
1639 5645 1919 5702 Simeonis

339 5726 861 5785 Thessalonicensis.

659 5823 933 5882 Ρλτιιοι..
976 5820 1091 5880 Gn.
1125 5817 1395 5881 CXXXI.

2024 4333 2124 4388 pro
2150 4316 2421 4388 principio
2471 4326 2705 4388 nugatus
2750 4328 2854 4384 est,
2890 4319 3029 4373 alter
3076 4318 3314 4376 inﬁnitas
3367 4331 3599 4381 atomos.

2025 4500 2169 4555 Deus
2200 4515 2302 4554 nec
2338 4499 2647 4563 materiam,
2699 4515 2801 4555 nec
2841 4501 2959 4555 sine
2989 4504 3289 4573 exemplari
3335 4506 3600 4560 mundum

2031 4593 2298 4659 condere;
2327 4601 2491 4661 atque
2520 4593 2599 4646 sic
2622 4608 2744 4647 esse
2765 4594 3011 4663 quaadam
3043 4605 3317 4652 coaeterna
3348 4598 3423 4652 illi
3450 4599 3597 4669 pari-

2026 4692 2219 4751 terque
2250 4682 2525 4753 principio
2555 4684 2820 4739 carentia.
2859 4683 3171 4740 Valentinus
3201 4703 3305 4742 xxx
3329 4688 3460 4743 deos
3481 4705 3601 4745 esse

2026 4772 2278 4837 dicebat;
2316 4771 2521 4826 Marcio
2572 4774 2670 4827 tria
2728 4776 3018 4846 principia.
3052 4777 3229 4833 Cerdo
3281 4781 3419 4835 duos
3478 4797 3599 4838 esse

2027 4864 2160 4917 deos
2197 4861 2401 4917 docuit.
2437 4862 2723 4919 Manicliaei
2779 4868 2888 4920 duo
2926 4868 3200 4937 principia
3254 4867 3613 4927 asserebant.‘

2095 4955 2261 5010 Credo
2288 4957 2342 5009 in
2365 4973 2526 5010 unum
2551 4958 2739 5012 Deum.
2764 4958 2972 5015 Dicitur
2999 4962 3051 5014 in
3074 4978 3237 5017 unum
3268 4967 3455 5029 Deum,
3484 4966 3601 5021 sive

2022 5047 2241 5102 Patrem
2297 5048 2661 5119 appellemus,
2715 5051 2829 5105 sive
2880 5051 3098 5117 Filium,
3142 5054 3256 5110 sive
3306 5055 3611 5128 Spiritum,’

2023 5148 2118 5193 aut
2152 5140 2313 5194 etiam
2344 5140 2443 5194 tria
2474 5140 2590 5196 haec
2618 5140 2798 5208 simul,
2827 5142 3041 5197 Patrem
3074 5152 3127 5198 et
3156 5144 3350 5200 Filium
3390 5156 3445 5202 et
3472 5147 3615 5224 Spi-l

2095 5435 2172 5507 (2)
2201 5437 2348 5511 Puto
2373 5436 2445 5511 de
2479 5435 3020 5511 l_lipoon_e_boc_loco
3042 5438 3186 5511 loqui
3219 5440 3595 5511 interpretem.

2095 5450 2172 5507 (2)
2201 5450 2344 5491 ruto
2378 5450 2445 5491 de
2484 5450 2547 5491 HI
2593 5451 2735 5497 pone
2770 5450 2873 5493 hoc
2902 5450 3020 5493 loco
3042 5450 3092 5493 lo
3134 5456 3186 5493 ut
3219 5450 3595 5511 Interprctem.

2019 5506 2091 5589 de
2127 5522 2259 5589 .quo
2293 5507 2422 5589 vide
2479 5450 2814 5589 ﬂagrum“.
2853 5508 2944 5565 Gr.
2978 5455 3158 5573 vel},
3181 5525 3243 5588 .p.
3278 5512 3400 5566 8l9.
3436 5512 3597 5565 Certe

2019 5578 2096 5632 ibi
2127 5579 2183 5631 in
2212 5578 2358 5659 notis
2385 5578 2623 5659 traditur
2658 5579 2818 5634 istum
2859 5595 3051 5649 aquam
3085 5589 3131 5632 et
3177 5581 3349 5649 ignem
3378 5592 3610 5648 putasse-

2020 5664 2197 5703 rerum
2228 5664 2485 5717 prtncrpta
2494 5686 2509 5702 ο

3248 5811 3277 5875 1
