4104 6412
479 300 536 364 Η
1706 305 2085 369 EUTHYMII
2126 310 2492 373 ZIGABENI
3669 314 3738 380 I2

475 414 676 479 iitum;
712 412 1010 484 aliquando
1057 414 1275 484 quidem
1318 414 1611 487 unicuique
1641 418 1805 474 trium
1865 433 2096 489 perso-j

2114 449 2127 481 ι
2156 420 2286 474 ποτὲ
2323 421 2423 492 μὲν
2453 420 2660 495 ἑκάστῃ
2681 421 2792 477 τῶν
2814 422 2984 495 τριῶν
3008 423 3359 479 ὑποστάσεων
3387 423 3546 481 τοῦτο
3572 442 3735 498 προσ-

476 523 671 562 narum
714 507 820 562 hoc
855 507 1183 574 tribuentes,
1228 508 1522 580 aliquando
1560 525 1690 569 vero
1735 510 1829 566 uni
1883 511 2045 575 trium

2151 513 2433 581 νέμοντες,
2488 515 2618 569 ποτὲ
2647 515 2705 570 δὲ
2737 519 2803 587 τῇ
2839 518 2939 587 μιᾷ
2969 517 3077 569 τῶν
3105 516 3153 584 γ’
3185 518 3365 589 οὐσίᾳ.
3418 518 3478 570 Ei
3514 519 3613 587 μὲν
3639 516 3733 573 οὖν

471 598 745 654 essentia.
772 596 829 652 Si
855 598 1019 671 igitur
1043 606 1434 656 eonuecteutes
1463 601 1741 672 legamus:
1772 601 2048 659 Credimus

2152 601 2512 668 συνάπτοντες
2540 605 2886 677 ἀναγνῶμεν,
2911 607 3282 677 Πιστσύομεν
3317 610 3405 673 εἰς
3433 607 3542 661 ἕνα
3588 607 3737 661 Θεὸν

464 692 523 742 in
568 706 732 744 unum
763 689 932 745 Deum
960 690 1199 756 Patrem,
1227 705 1474 762 personae
1498 693 1665 763 patris
1694 693 2047 765 signiﬁcatio-

2148 695 2403 765 Πατέρα,
2448 700 2520 769 τῇ
2556 697 2859 752 ὑποστάσει
2911 698 3007 752 τοῦ
3036 701 3247 771 Harpe;
3273 702 3370 770 τὴν
3428 699 3521 754 τοῦ
3565 701 3734 765 Ἐνές

470 798 594 836 nem
623 783 776 838 vocis
824 783 992 838 Unius
1036 784 1538 839 accommodamus.
1563 785 1567 789 ’
1596 785 1667 840 At
1703 785 1750 841 si
1795 785 2046 842 dicamus

2149 788 2430 857 σημασίαν
2464 788 2783 860 ἀρμόζομεν
2802 806 2816 821 ·
2858 792 2906 844 εί
2940 792 2994 844 δὲ
3025 791 3279 861 λέγοιμεν
3302 794 3405 857 Εἰς
3427 792 3535 845 ἕνα
3563 795 3728 855 Θεὸν,

472 873 536 926 In
586 889 750 927 unum
806 873 994 939 Deum,
1043 883 1207 945 atque
1258 875 1349 930 hic
1397 877 1866 947 interpungamus,
1920 893 2046 933 mox

2146 877 2383 932 ἐνταῦθα
2414 880 2711 946 στίζοντες,
2727 877 2847 935 εἶτα
2868 883 3174 953 ὲπάγοιμεν
3204 884 3455 951 Πατέρα,
3478 884 3573 955 τὴν
3598 885 3730 953 μίαν

471 966 894 1038 subjungentes,
938 964 1198 1031 Patrem;
1235 967 1725 1045 utiamjdivinitatis
1751 969 2044 1025 essentiam

2143 968 2248 1038 τῆς
2279 969 2531 1042 θεότητος
2567 972 2761 1027 οὐσίαν
2785 973 3154 1044 σημάναντες,
3190 975 3284 1026 ἐπὶ
3333 975 3393 1028 τὸ
3451 976 3730 1045 τριαδ.κὺν

470 1058 863 1127 signiﬁcantes,
902 1059 971 1112 ad
1004 1044 1333 1114 Trinitatem
1370 1058 1595 1130 gradum
1644 1060 1877 1114 facimus
1913 1075 2043 1131 per-

1370 1058 1595 1130 gradum
1644 1060 1877 1114 facimus
1913 1075 2043 1131 per-
2145 1062 2433 1134 χωροῦμεν
2461 1063 2570 1117 τῶν
2606 1065 2980 1121 ὑποστάσεων.

464 1164 745 1204 sonorum.
1490 1194 1501 1203 ,

538 1240 706 1296 Credo
727 1243 779 1295 in
818 1257 984 1295 unum
1020 1239 1208 1296 Deum.
1240 1240 1360 1295 Non
1390 1241 1649 1296 essentiae
1678 1239 2039 1313 signiﬁcativa

2216 1237 2484 1292 Πιστεύω
2514 1240 2601 1306 είς
2630 1238 2740 1294 ἕνα
2767 1240 2935 1295 Θεόν.
2975 1240 3090 1295 Οὐκ
3146 1241 3336 1304 οὐσίας
3394 1242 3727 1312 σημαντικόν

464 1350 568 1388 vox
604 1342 687 1388 est
718 1333 875 1399 Deus,
907 1349 1086 1403 neque
1117 1332 1315 1388 divinm
1340 1342 1552 1389 natura:
1582 1350 1804 1391 nomen.
1837 1338 2042 1402 Quem-

2145 1327 2262 1382 ἐστι
2295 1332 2355 1383 τὸ
2388 1330 2533 1396 Θεὸς
2561 1331 2682 1385 οὐδὲ
2729 1332 2829 1402 τῆς
2856 1331 3005 1396 θείας
3041 1331 3259 1399 φύσεως
3293 1332 3484 1401 ὄνομα.
3509 1333 3725 1402 Ὠσπερ

462 1423 753 1479 admodum
791 1425 937 1479 enim
975 1438 1193 1479 omnem
1231 1426 1643 1496 supergreditur
1676 1426 2040 1495 intellectum,

2146 1418 2257 1492 γὰρ
2315 1420 2455 1492 ὑπὲρ
2509 1420 2658 1475 ἅπαν
2696 1422 3010 1491 καθέστηκε
3061 1425 3265 1495 νόημα,
3315 1423 3459 1477 οὕτω
3493 1425 3588 1476 καὶ
3614 1425 3722 1477 πᾶν

459 1517 541 1569 sic
570 1516 735 1569 etiam
782 1528 947 1570 omne
999 1503 1446 1586 praetergreditur
1493 1531 1717 1571 nomen.
1765 1516 1861 1572 Est
1908 1531 2042 1590 ergo

2145 1511 2316 1581 ὄνομα
2361 1511 2750 1582 διαπέφευγεν.
2789 1513 2930 1567 Ἀλλ’
2964 1514 3080 1568 ἐστι
3120 1515 3221 1584 μὲν
3251 1515 3536 1585 ἐνεργείας
3572 1515 3723 1578 θείας

460 1606 769 1676 symbolum
847 1605 1070 1660 virtutis
1132 1606 1391 1661 essentia:
1450 1605 1666 1661 divinae.
1735 1607 1849 1663 Nec
1890 1608 2039 1663 enim

2141 1602 2331 1665 οὐσίας
2361 1602 2437 1673 (4)
2470 1604 2758 1675 σύμϐολον.
2785 1606 2860 1659 Οὐ
2889 1607 2997 1676 γὰρ
3018 1607 3078 1660 τὸ
3110 1604 3252 1660 εἶναι
3275 1607 3369 1659 τοῦ
3408 1608 3547 1661 Θεοῦ
3578 1625 3721 1679 παρ-

446 1699 698 1754 divinam
726 1697 966 1753 insinuat
993 1697 1392 1765 exsistentiam,
1422 1698 1516 1754 sed
1552 1713 1671 1754 eam
1694 1714 1816 1770 quae
1847 1716 1913 1756 ex
1947 1701 2038 1757 illo

2145 1690 2378 1764 ίστησιν,
2431 1693 2569 1749 ἀλλὰ
2607 1695 2706 1766 τὴν
2736 1696 2815 1760 εἰς
2848 1698 2996 1765 ἡμᾶς
3030 1696 3089 1764 ἐξ
3121 1699 3285 1751 αὐτοῦ
3311 1696 3608 1767 προϊοῦσαν
3635 1702 3726 1751 ὲκ-

462 1792 516 1846 in
548 1784 649 1846 nos
675 1789 919 1860 procedit
942 1788 1333 1844 divinizantem
1359 1788 1615 1843 virtutem
1639 1800 1694 1842 et
1715 1787 2032 1845 etlicaciam.
2062 1776 2083 1835 Ῑ

1501 1797 1615 1843 ηιειη
1639 1800 1694 1842 et
1715 1787 2032 1845 efﬁcaciam.
2062 1776 2110 1835 B
2140 1782 2406 1855 θεωτικὴν
2431 1782 2665 1858 δύναμιν
2689 1787 2787 1840 καί
2816 1786 3122 1860 ἐνέργειαν.

474 1874 479 1879 ’
533 1882 700 1938 Credo
724 1882 779 1937 in
808 1898 972 1935 unum
998 1880 1165 1935 Deum
1186 1882 1613 1951 omnipotentem.
1641 1880 1857 1937 Patrem
1895 1881 2041 1952 cogi-

2213 1873 2481 1928 Πιστεύω
2512 1876 2600 1941 εὶς
2645 1876 2755 1930 ἕνα
2792 1878 2943 1931 Θεὸν
2997 1866 3471 1948 παντὸκράτορα.
3504 1881 3724 1952 Πατέρα

462 1984 641 2030 tamus
674 1973 976 2027 secundum
1026 1972 1081 2025 in
1118 1970 1320 2026 divinis
1364 1970 1717 2043 principium,
1747 1973 1904 2042 cujus
1947 1988 2043 2028 ve-

2141 1964 2371 2036 νοοῦμεν
2419 1965 2518 2039 τὴν
2545 1967 2794 2036 Θεογόνον
2822 1969 3027 2033 αἰτίαν,
3056 1966 3119 2043 ἧς
3159 1970 3351 2042 ὥσπερ
3399 1974 3547 2037 τινὲς
3595 1976 3722 2043 βλα-

459 2065 557 2119 luti
612 2061 865 2134 quaedam
897 2063 1146 2131 germina
1193 2061 1463 2118 divinitus
1507 2073 1690 2130 enata,
1731 2063 2038 2121 secundum

2144 2058 2259 2109 στοὶ
2283 2056 2562 2126 θεόφυτοι,
2589 2059 2733 2114 κατὰ
2763 2060 2854 2112 τὸν
2882 2060 2941 2127 ἐξ
2984 2062 3199 2131 Ἀρείου
3236 2066 3416 2132 πάγου
3468 2064 3719 2133 σοφώτα-

456 2155 920 2226 sapientissimum
952 2153 1335 2226 Areopagitam
1390 2153 1725 2228 Dionysium,
1779 2172 2040 2229 recogno-

2139 2164 2232 2201 τον
2261 2148 2560 2216 Διονύσιον,
2585 2149 2711 2214 Υἱὸς
2738 2153 2832 2205 καὶ
2855 2152 3078 2225 Πνεῦμα
3103 2157 3482 2226 γνωρίζονται.
3508 2161 3581 2211 Οὐ
3613 2164 3671 2228 γῇ
3688 2178 3722 2232 ρ

450 2258 685 2305 scuntur
710 2248 880 2304 Filius
908 2257 963 2303 et
991 2248 1247 2318 Spiritus.
1276 2246 1392 2302 Non
1417 2248 1564 2303 enim
1599 2264 1665 2303 ex
1691 2259 1918 2320 paterna
1950 2265 2038 2307 re-

2141 2240 2206 2292 ὲκ
2236 2239 2334 2310 τῆς
2384 2241 2442 2293 ὲν
2470 2242 2583 2305 τοῖς
2631 2242 3084 2316 δημιουργήμασι
3146 2248 3424 2319 πατρικῆς
3484 2251 3722 2322 σχέσεως

455 2339 662 2395 latione
686 2355 806 2410 quae
835 2338 1114 2393 invenitur
1139 2338 1197 2392 in
1228 2339 1431 2392 creatis
1475 2354 1506 2394 a
1538 2340 1648 2395 Deo
1689 2341 1876 2404 rebus.
1920 2340 2038 2398 sive

2141 2331 2251 2383 εἴτε
2280 2332 2374 2387 καὶ
2407 2332 2761 2403 γονιμότητος
2793 2337 2825 2405 ἡ
2858 2336 2915 2389 ὲν
2946 2336 3067 2409 Θεῴ
3092 2342 3374 2411 πατρότης
3397 2343 3570 2407 ἐστὶν,
3601 2344 3718 2395 ἀλλ’

452 2431 618 2486 etiam
652 2430 1008 2497 fecunditate,
1057 2430 1300 2485 derivata
1345 2438 1431 2485 est
1481 2431 1663 2486 divina
1697 2435 2036 2503 paternitas;

2142 2424 2205 2476 ὲκ
2236 2424 2333 2495 τῆς
2366 2425 2680 2497 ὑπερφυοῦς
2703 2431 3064 2502 γονιμότητος
3096 2432 3197 2503 τῆς
3227 2436 3556 2507 ὑπερουσίου
3599 2439 3718 2490 (isd-

436 2523 551 2579 Iscd
585 2540 648 2578 ex
695 2531 990 2593 superante
1022 2537 1240 2578 omnem
1285 2532 1537 2578 naturam
1584 2523 1915 2581 fecunditate
1947 2544 2040 2585 su-

2140 2529 2303 2586 τητος
2329 2516 2386 2569 ἐν
2409 2520 2521 2579 τοῖς
2547 2518 3032 2593 δημιουργήμασιν
3083 2519 3193 2578 οἷον
3229 2529 3406 2581 εἰπεῖν
3458 2546 3719 2598 φυσιογο-

451 2614 928 2683 persuhstantialis
957 2613 1287 2675 divinitatis,
1322 2614 1379 2667 in
1407 2615 1607 2669 creatis
1648 2617 1838 2682 rebus,
1874 2629 1932 2671 ut
1965 2618 2039 2674 ita

2141 2605 2260 2661 νίαν
2296 2609 2627 2680 παράγεται.
2664 2612 2774 2667 Καὶ
2807 2614 3024 2686 ἐκείνην
3051 2616 3191 2687 αὕτη
3219 2621 3497 2688 μιμεῖται,
3520 2618 3714 2673 ἀλλὀὖ

456 2721 668 2775 .oquar,
725 2714 935 2759 natura:
974 2703 1224 2776 genitura
1260 2704 1538 2761 derivatur
1575 2723 1588 2759 :
1628 2705 1885 2778 illamque
1924 2708 2040 2765 hate

2139 2699 2201 2752 τὸ
2239 2699 2497 2769 ἔμπαλιν.
2521 2703 2746 2773 Πρῶτον
2774 2704 2831 2758 δὲ
2863 2706 2954 2759 τὸν
2990 2709 3211 2777 Πατέρα
3241 2709 3302 2764 τδ
3329 2710 3474 2766 Θείον
3521 2711 3718 2783 παρεί-

454 2796 721 2861 imitatur.
764 2808 824 2852 at
874 2814 984 2854 non
1028 2810 1239 2855 contra.
1298 2797 1543 2855 Primum
1600 2811 1782 2857 autem
1823 2802 2039 2858 Patrem

2141 2789 2278 2861 ληφε
2320 2791 2395 2865 (5)
2427 2792 2717 2864 σύμϐολον,
2747 2796 2846 2867 οὐχ
2875 2797 2959 2851 ὅτι
2994 2798 3209 2869 πρῶτός
3239 2804 3387 2855 ἐστιν
3415 2802 3448 2874 ἢ
3493 2804 3716 2873 μείζων,

454 2886 701 2941 divinum
754 2887 1073 2959 Symbolum
1117 2890 1438 2959 assumpsit,
1490 2907 1599 2944 non
1647 2891 1789 2960 quod
1830 2894 2041 2964 primus

2141 2882 2256 2937 ἀλλ’
2290 2884 2370 2939 ὅτι
2399 2886 2572 2951 αἴτιός
2606 2887 2723 2940 ἐστι
2784 2888 2879 2943 τοῦ
2917 2889 3050 2943 Υἱοῦ
3080 2892 3176 2945 καὶ
3224 2894 3318 2947 τοῦ
3376 2894 3714 2964 Πνεύματος.

453 2983 527 3035 sit
558 2980 641 3036 vel
663 2979 841 3050 major
882 2981 957 3052 (ὅ)
984 3021 1001 3046 ,
1059 2979 1154 3033 sed
1200 2979 1325 3050 quia
1366 2979 1691 3050 principium
1729 2991 1814 3037 est
1832 2980 1951 3037 Filii
1982 2992 2039 3040 et

2139 2975 2372 3031 Δὶτιατὰ
2395 2975 2453 3030 δὲ
2479 2977 2674 3045 ταῦτα,
2697 2980 2757 3033 οὑ
2791 2980 2865 3052 μὴ
2888 2980 3059 3038 αἴτια.
3086 2983 3146 3038 El
3180 2984 3238 3039 δὲ
3284 2986 3378 3038 καὶ
3402 2987 3573 3051 αἴτια,
3598 2987 3716 3040 ἀλλ’

451 3072 711 3142 Spiritus.
752 3072 798 3127 A
830 3071 1106 3143 principio
1147 3081 1276 3127 sunt
1312 3073 1457 3127 enim
1492 3073 1576 3127 hae
1607 3089 1877 3142 personre,
1923 3091 2032 3130 non
2056 3125 2072 3182 ⁴

2092 3125 2101 3146 ι
2141 3066 2204 3120 οὐ
2226 3065 2321 3120 τοῦ
2342 3067 2584 3139 Πατρός,
2604 3070 2742 3124 ἀλλὰ
2775 3074 2914 3143 μετὰ
2941 3072 3037 3127 τοῦ
3066 3076 3301 3147 Πατρός,
3331 3078 3473 3131 κατὰ
3489 3078 3588 3150 τὴν
3606 3095 3713 3131 κοι-

450 3165 581 3236 ipsa!
614 3164 905 3236 principia.
937 3164 1110 3221 Autsi
1154 3163 1443 3235 principia,
1468 3179 1579 3218 non
1618 3175 1800 3219 tamen
1833 3164 2028 3233 Patris,
2056 3159 2071 3182 ¹

2093 3159 2232 3232 ’νὴν
2259 3162 2356 3233 τῆς
2390 3162 2641 3232 θεότητος
2694 3167 3053 3237 αἰτιολογίαν,
3104 3171 3200 3221 καὶ
3250 3171 3358 3223 τῶν
3395 3176 3533 3242 μετὰ
3585 3173 3714 3225 Θεὸν

451 3258 547 3314 sed
575 3274 699 3312 cum
749 3256 935 3326 Patre,
983 3258 1285 3315 secundum
1333 3272 1678 3311 communem
1728 3258 2033 3318 divinitatis

2133 3252 2391 3306 ἁπάντων
2421 3255 2760 3326 κτισμάτων,
2785 3257 2861 3321 ὡς
2882 3262 3122 3333 συνεργὰ
3147 3259 3226 3331 τῷ
3259 3263 3433 3334 Πατρὶ
3459 3267 3554 3317 καὶ
3588 3282 3715 3318 συν-

452 3352 850 3418 causalitatem,
886 3358 942 3405 et
965 3351 1211 3406 omnium
1253 3349 1394 3405 infra
1416 3350 1586 3406 Deum
1623 3358 2031 3420 creaturarum;

2130 3343 2468 3416 δημιουργὰ,
2495 3348 2596 3419 οὐχ
2627 3348 2702 3413 ὡς
2722 3350 2956 3421 δεόμενα
2982 3351 3081 3421 τῆς
3116 3355 3439 3425 συνεργείας
3479 3358 3709 3422 τούτων,

447 3446 850 3515 ωηίιυειιηξοιιιη
882 3442 1043 3497 Patre
1060 3451 1436 3513 cooperantes,
1454 3452 1507 3497 et
1526 3453 1901 3512 concreantes,
1922 3461 2030 3502 non

2130 3436 2316 3507 ἄπαγε
2336 3454 2349 3469 ⁸
2382 3439 2562 3494 τελεία
2586 3442 2695 3512 γὰρ
2722 3443 2816 3495 καὶ
2842 3443 3138 3517 ὁλόκληρος
3180 3448 3213 3519 ἡ
3240 3448 3431 3520 θεότης
3479 3457 3535 3502 έν
3582 3450 3712 3503 ἐκά-

437 3526 670 3606 -quidem
703 3545 958 3606 tanquam
991 3533 1300 3604 indigentes
1326 3535 1733 3605 eooperationis
1769 3537 1916 3594 inter
1944 3553 2027 3607 se,

2131 3546 2233 3602 στῃ
2268 3530 2378 3585 τῶν
2403 3532 2779 3586 ὐποστὰσεων·
2803 3534 2920 3589 ἀλλ’
2945 3537 3021 3601 ὡς
3045 3539 3175 3608 μιᾶς
3212 3538 3385 3611 οὔσης
3421 3541 3519 3595 καὶ
3553 3544 3709 3614 ἐνερ-

440 3644 648 3701 apage;
669 3627 911 3699 perfecta
929 3628 1075 3681 enim
1095 3634 1152 3683 et
1172 3628 1382 3698 integra
1402 3636 1484 3682 est
1501 3628 1763 3684 divinitas
1780 3629 1836 3684 in
1854 3632 2029 3700 quali-

1909 3632 2029 3686 tali-
2127 3624 2279 3693 γείας
2315 3625 2410 3679 καὶ
2441 3624 2726 3698 δυνάμεως
2752 3629 2844 3683 καὶ
2870 3628 3176 3703 βουλήσεως
3202 3632 3315 3686 τῶν
3343 3635 3530 3705 τριῶν.

447 3721 539 3775 bet
557 3721 916 3793 hypostaseon
935 3736 948 3772 :
974 3708 1070 3775 sed
1084 3724 1286 3790 quippe
1300 3735 1406 3773 una
1425 3719 1695 3776 existente
1710 3736 1873 3793 opera
1882 3722 2029 3778 tione

452 3809 654 3864 virtute
683 3817 739 3864 et
770 3809 1052 3863 voluntate
1085 3807 1283 3861 horum
1317 3806 1501 3860 trium.

434 3908 453 3912 ’
526 3904 743 3959 Patrem
819 3900 1229 3969 omnipotentem
1278 3898 1534 3968 factorem
1585 3895 1700 3950 caeli
1758 3905 1805 3950 et
1851 3905 2024 3951 terrae.

2201 3895 2429 3967 Πατέρα
2487 3898 2958 3970 παντοκράτορα,
2986 3903 3245 3973 ποιητὴν
3295 3907 3552 3975 οὐρανοῦ
3608 3909 3707 3965 καὶ

447 3992 690 4048 Primum
734 3990 955 4061 quidem
1007 3989 1248 4058 positum
1294 3994 1377 4040 est
1417 3999 1616 4040 nomen
1648 3986 1792 4041 Deus
1819 4025 1834 4054 ,
1882 3986 2029 4057 quod

2127 3985 2261 4056 γῆς.
2294 3988 2519 4060 Πρῶτον
2548 3988 2651 4062 μὲν
2680 3991 2742 4045 τδ
2765 3992 2871 4062 τῆς
2898 3993 3116 4062 φύσεως
3151 4002 3558 4068 παραστατικὸν
3586 4002 3703 4057 ὅνο-

448 4096 701 4145 naturam
754 4081 1136 4143 commendat;
1170 4077 1387 4135 tametsi
1433 4078 1642 4133 nullum
1687 4078 1806 4149 ejus
1849 4089 2027 4135 exstet

2130 4097 2208 4149 μα
2241 4081 2479 4136 τέθειται
2503 4084 2565 4137 τὸ
2596 4084 2764 4150 Θεὸς.
2787 4087 2837 4140 sl
2872 4087 2969 4141 καὶ
3011 4089 3203 4160 μηδὲν,
3223 4089 3299 4154 ὡς
3327 4092 3576 4164 εἴπομεν,
3608 4095 3707 4147 αὖ·

455 4191 680 4239 nomen,
723 4183 785 4230 ut
815 4172 1190 4243 praediximus.
1225 4170 1433 4225 Deinde
1465 4169 1646 4233 Pater.
1679 4171 1824 4241 quod
1861 4172 2023 4228 fidem

2126 4170 2226 4241 τῆς
2256 4173 2402 4226 ἐστιν
2439 4172 2648 4246 ὄνομα·
2685 4172 2806 4231 εἶτα
2846 4177 2909 4230 τὸ
2955 4176 3056 4249 τῆς
3109 4181 3343 4246 πίστεως
3373 4186 3433 4236 τὸ
3455 4186 3701 4254 Πατήρ.

447 4266 819 4323 commendat.
857 4265 974 4320 Hoc
997 4272 1180 4319 autem
1227 4277 1428 4317 nomen
1460 4262 1551 4317 hic
1587 4263 1872 4332 proprium
1910 4280 2025 4320 non

2126 4261 2243 4316 Οὐκ
2263 4264 2396 4319 ἴδιον
2422 4265 2479 4319 δὲ
2508 4267 2667 4322 τοῦτο
2688 4268 2780 4322 τοῦ
2807 4270 3019 4344 Πατρός
3050 4290 3064 4304 ’
3108 4276 3234 4330 ἐπεὶ
3263 4278 3469 4349 προῖὼν
3495 4282 3521 4333 ὁ
3549 4282 3705 4349 λόγος

447 4368 531 4413 est
563 4356 775 4420 Patris;
811 4354 1118 4428 procedens
1146 4353 1293 4407 enim
1342 4352 1518 4407 oratio
1554 4349 1852 4408 declarabit
1890 4352 2023 4409 illud

2125 4353 2360 4425 δηλώσει
2389 4359 2550 4412 τοῦτο
2575 4361 2669 4415 καὶ
2694 4361 2771 4432 τῷ
2797 4362 2909 4433 Υἱῷ
2937 4369 3030 4418 καὶ
3060 4367 3137 4438 τῷ
3169 4369 3468 4438 Πνεύματι.
3488 4373 3594 4425 Καὶ
3619 4375 3704 4438 εις

447 4464 503 4509 et
551 4451 688 4507 Filio
741 4458 797 4504 et
846 4448 1074 4519 Spiritui
1126 4454 1462 4522 competere.
1501 4444 1591 4499 Ait
1632 4445 1776 4500 enim
1808 4463 1822 4497 :
1857 4445 1928 4499 Et
1969 4448 2025 4500 in
2058 4468 2068 4522 ι

2084 4471 2100 4519 )
2128 4444 2238 4500 ἕνα
2273 4448 2401 4519 γὰρ,
2436 4450 2590 4519 φησι,
2608 4451 2830 4518 Κύριον
2867 4454 3112 4521 Ἰησοῦν
3136 4457 3461 4525 Χριστὸν...
3498 4461 3595 4514 καὶ
3617 4466 3705 4527 εὶς

445 4560 608 4598 unum
641 4543 921 4596 Dominum
962 4539 1141 4594 Iesum
1181 4536 1518 4594 Christum...
1574 4538 1710 4591 etin
1758 4536 2017 4607 Spiritum

2120 4539 2187 4594 τὸ
2224 4539 2463 4610 Πνεῦμα
2489 4540 2556 4594 τό
2585 4540 2774 4610 ἅγιον,
2805 4543 2870 4597 τὸ
2897 4544 3139 4614 Κύριον.
3161 4551 3618 4624 Παντοκράτορα
3646 4555 3696 4607 δὲ

445 4645 689 4690 sanctum
727 4634 1027 4685 Dominum.
1061 4627 1300 4683 Dicimus
1327 4636 1533 4690 autem,
1568 4624 2012 4698 Omnipotentem,

2120 4630 2353 4702 λέγομεν
2404 4631 2921 4698 ἁπιδιαστέλλοντες
2976 4638 3209 4703 ἑαυτοὺς
3258 4641 3357 4710 τῆς
3419 4645 3698 4713 αίρετυιῆς

432 4728 846 4797 distinguentes
885 4738 987 4777 nos
1017 4721 1085 4778 ab
1120 4720 1373 4775 haeretica
1405 4718 1638 4775 stultitia
1686 4717 2018 4775 Manichaeo-

2119 4721 2432 4796 d‘ﬂzoativ'qc
2462 4723 2572 4777 τῶν
2597 4725 2707 4779 ἀπὸ
2736 4728 3017 4794 Μάνεντος
3047 4733 3404 4802 καὶΣίμωνος
3433 4739 3528 4790 καὶ
3544 4737 3697 4807 Μαρ-

446 4836 590 4881 rutu,
646 4816 1095 4871 Simoniauorum
1141 4822 1197 4867 et
1232 4810 1727 4877 Marcionistarum,
1762 4811 1856 4883 qui
1908 4829 2019 4867 non

2120 4812 2338 4877 κίωνος,
2387 4815 2438 4868 οἶ
2471 4816 2547 4885 μὴ
2608 4818 2826 4873 πάντων
2883 4821 2983 4894 τὴν
3017 4824 3342 4878 δεσποτείαν
3372 4828 3452 4899 τῷ
3492 4831 3569 4883 ἐν’.
3606 4834 3697 4885 καὶ

446 4909 833 4966 universorum
858 4904 1151 4960 art:itrium
1179 4902 1273 4957 uni
1294 4917 1368 4956 ac
1391 4902 1493 4957 soli
1523 4902 1632 4956 Deo
1662 4903 1967 4958 attribuunt
2003 4919 2017 4957 :

2123 4906 2270 4979 μόνῳ
2294 4906 2412 4978 Θεῷ
2437 4909 2692 4976 διδόασιν,
2711 4911 2850 4967 ἀλλὰ
2882 4913 3165 4986 διαφόροις
3181 4921 3380 4989 ἀρχαῖς
3407 4922 3508 4993 τὴν
3539 4922 3695 4988 ἐξου-

443 5003 539 5059 sed
572 5000 803 5056 diversis
839 4998 1125 5069 principiis
1156 5003 1486 5069 potestatem
1517 5014 1701 5056 rerum
1733 4999 2012 5054 allricant.

2124 4998 2244 5051 σίαν
2271 4998 2378 5054 τῶν
2406 4999 2573 5053 ὄντων
2598 5002 3022 5074 ἁπομερίξουσι.
3046 5008 3139 5062 Διὸ
3154 5015 3579 5088 παντοκράτορα
3605 5016 3692 5069 τὸν

441 5096 622 5162 Quare
653 5094 1085 5162 omnipotentem
1130 5091 1355 5146 Patrem
1391 5091 1660 5155 dicentes,
1692 5094 1856 5147 etiam
1890 5106 2010 5148 cau-

2124 5090 2345 5161 Πατέρα
2369 5093 2611 5158 τιθέντες
2646 5096 2743 5149 καὶ
2785 5096 2884 5169 τὴν
2913 5099 3095 5155 αἰτίαν
3139 5104 3240 5174 τῆς
3284 5107 3456 5161 αὐτοῦ
3494 5125 3692 5163 παντο-

444 5202 560 5239 sam
597 5186 719 5255 ejus
750 5183 1166 5251 omnipotentiae
1193 5182 1539 5243 adducimus,
1582 5181 1845 5236 factorem
1890 5198 2016 5237 eum

2123 5184 2421 5253 κρατορίας
2464 5187 2767 5258 ὲπάγομεν,
2799 5193 3032 5263 ποιητὴν
3068 5196 3301 5267 οὐρανοῦ
3327 5202 3423 5253 καὶ
3443 5201 3549 5269 γῆς
3575 5204 3689 5256 coii-

441 5281 563 5335 ωδιὶ
591 5288 645 5333 et
675 5289 831 5333 terrae
856 5277 1103 5330 dicentes
1133 5295 1147 5329 :
1172 5291 1298 5329 nam
1327 5275 1587 5345 extremis
1612 5276 1826 5345 positis,
1851 5277 2017 5333 etiam

2119 5291 2212 5326 τον
2240 5274 2514 5343 λέγοντες,
2554 5278 2632 5341 ὡς
2662 5281 2847 5353 ἄκρων
2902 5285 3011 5356 γὰρ
3062 5286 3235 5342 ὄντων
3272 5289 3350 5363 (ϐ)
3385 5293 3480 5346 καὶ
3525 5294 3595 5347 τὰ
3639 5296 3697 5349 ἐν

441 5386 560 5439 quae
590 5370 642 5422 in
674 5368 851 5422 medio
885 5375 1017 5423 sunt
1043 5366 1377 5420 innuuntur.

1078 5374 1377 5420 tnuuntur.
2122 5366 2274 5438 μέσῳ
2296 5369 2699 5440 σημαινόμενα.

512 5553 588 5641 (ei)
637 5548 807 5641 Infra.
838 5553 1090 5641 quando
1133 5552 1403 5641 principio
1454 5552 1608 5641 dicit,
1650 5554 2012 5626 graecanicae:
2121 5640 2129 5641 ί
2193 5553 2270 5641 (ρ)
2302 5556 2403 5641 Hie
2449 5557 2599 5614 locus
2624 5559 2816 5641 leviter
2851 5574 3143 5641 corruptus
3177 5575 3281 5625 est.
3341 5566 3523 5624 Malim
3568 5587 3694 5641 ergo

437 5625 565 5703 quid
595 5623 833 5703 sapiunt,
869 5624 1623 5703 lienigneinterpretandum.
1659 5623 1674 5626 ⁷
2118 5640 2174 5703 tn
2197 5623 2314 5703 line
2339 5628 2519 5703 legere
2544 5633 2945 5703 σημαινόμεθα.
2982 5623 3149 5692 Paulo
3188 5623 3318 5694 ante
3354 5649 3485 5695 nota
3512 5623 3693 5698 vitch

515 5695 597 5772 (ρ)
615 5692 842 5772 Planius
866 5692 1159 5772 ἐνεργειῶν
1191 5694 1341 5772 θείας
1370 5694 1579 5758 οὐσίας.
2119 5694 2136 5748 l

1151 5712 1159 5742 ι
1191 5694 1341 5772 θείας
1370 5694 1579 5758 οὐσίας.
2119 5693 2306 5749 bulum
2359 5692 2772 5772 αὖτοκρατορία.

506 5765 586 5835 β)
612 5764 672 5818 In
694 5763 826 5852 Cod.
869 5767 1054 5819 vitiose
1081 5763 1406 5835 παρήλειφε.
