4104 6412
450 323 518 385 f5
873 345 876 350 ·
1667 318 2021 382 EUTHYMI

2128 321 2460 384 IIGABENI
3638 316 3703 383 16

447 432 849 502 eumdemque?
897 431 1000 487 Per
1032 431 1137 489 hoc
1165 430 1309 488 enim
1339 439 1396 488 et
1427 430 1654 488 Paulum
1716 432 2024 487 Samosate—

2128 433 2283 488 ἀλλον
2321 433 2377 487 δὲ
2406 434 2498 488 τὸν
2523 431 2625 504 τῆς
2675 431 2957 504 Παρθένου
2991 433 3234 489 διδάσκει
3271 434 3333 489 τὸ
3362 434 3520 506 ἅγιον
3545 436 3696 507 Σύμ-

443 542 576 582 nmn
651 535 707 579 et
772 525 1082 580 Nestorium
1160 525 1471 590 submovet,
1529 525 1626 595 qui
1698 525 2022 596 blaspheme

444 617 880 672 tuenturillud:
930 616 1143 672 Novum
1195 633 1439 687 prorsus,
1491 626 1548 671 et
1592 634 1624 672 a
1669 615 1838 670 Maria
1883 616 2023 669 inci-

441 710 684 780 pientem
729 707 1029 762 Christum.
1091 707 1233 773 Quin
1267 717 1335 762 et
1396 723 1587 763 amens
1647 707 2023 778 Apollinarius

442 817 540 870 per
573 801 689 854 haec
725 804 792 852 ab
842 798 1091 854 Ecclesia
1132 809 1376 864 arcetur,
1437 801 1528 870 qui
1579 799 1798 855 diversa
1851 803 1952 856 fuit
1991 817 2022 855 a

441 893 820 964 superioribus
851 891 1044 962 pestis.
1084 893 1162 946 llli
1208 893 1356 948 enim
1403 911 1432 947 a
1466 893 1633 948 Maria
1668 911 1918 964 prorsus,
1964 903 2024 949 ut

441 986 514 1041 ita
545 986 754 1055 loquar,
784 985 1054 1054 incepisse
1101 984 1381 1041 Christum
1425 985 1681 1040 dixerunt
1713 1005 1724 1041 :
1757 997 1808 1042 at
1855 987 2021 1056 Apol-

442 1080 696 1143 linarius,
751 1078 1019 1148 quidquid
1068 1077 1159 1132 ille
1205 1086 1290 1132 est
1323 1078 1393 1131 ah
1434 1087 1643 1133 aeterno
1697 1079 1922 1143 habere,
1969 1090 2024 1136 et

439 1170 578 1226 nihil
606 1186 670 1226 ex
711 1170 936 1238 Virgine
955 1170 1361 1238 assumpsisse;
1414 1169 1548 1238 quin
1594 1178 1650 1224 et
1696 1185 1918 1225 carnem
1955 1171 2024 1226 de

440 1264 700 1334 supernis
732 1262 1014 1329 detulisse,
1061 1270 1116 1315 et
1148 1276 1327 1330 neque
1379 1261 1688 1332 perfectum
1741 1261 2021 1317 hominem

439 1372 581 1412 esse.
630 1356 871 1410 Deﬁcere
920 1354 1066 1408 enim
1118 1353 1193 1406 illi
1243 1361 1519 1419 mentem;
1586 1369 1650 1408 ac
1679 1369 1780 1423 pro
1837 1366 2022 1410 ment‘e

438 1448 642 1502 habere
682 1445 834 1500 illum
893 1444 1259 1500 divinitatem.
1310 1444 1444 1499 Vide
1490 1461 1678 1514 porro,
1744 1447 2022 1515 quomodo

438 1539 590 1607 prius
618 1537 817 1592 dixerit
845 1535 1197 1592 descendisse
1227 1536 1295 1590 de
1325 1537 1484 1601 caelo,
1525 1536 1727 1592 deinde
1767 1537 2023 1593 incarna-

439 1642 580 1685 tum.
650 1629 903 1700 Pugnant
977 1626 1091 1697 (10)
1163 1643 1400 1698 namque
1473 1629 1762 1685 manifeste
1827 1641 2018 1686 contra

454 1721 779 1792 Apollinarii
812 1721 1027 1790 dogma.
1059 1720 1290 1774 Attende
1327 1720 1512 1785 etiam,
1541 1721 1815 1791 quomodo
1844 1722 2020 1776 incar-

439 1827 631 1870 natqu
668 1814 910 1869 dicimus
947 1813 1198 1878 veritate,
1245 1828 1356 1867 non
1395 1813 1636 1868 illusoria
1668 1815 1872 1883 specie.
1909 1814 2025 1870 Nec

437 1909 587 1962 enim
642 1907 884 1962 dicimus
944 1905 1222 1958 inc-amari
1264 1905 1466 1969 visum,
1522 1912 1582 1958 ut
1621 1903 1808 1960 Manes
1845 1904 2026 1960 aiebat

422 2013 491 2056 et
522 1999 703 2054 Cerdo
730 2009 786 2052 et
817 1998 1039 2052 Marcio.

512 2091 594 2146 Ex
625 2089 827 2160 Spiritu
852 2101 1035 2143 sancto
1057 2100 1105 2142 et
1132 2088 1309 2142 Maria
1350 2087 1578 2159 Virgine.
1613 2090 1731 2143 Non
1753 2087 1899 2144 enim
1925 2103 2024 2159 per

438 2184 667 2238 Mariam
702 2181 1004 2252 Virginem,
1059 2187 1117 2234 ut
1143 2179 1518 2250 Apollinarius
1560 2180 1802 2248 dicebat,
1842 2196 2022 2250 neque

439 2277 585 2332 sicut
635 2290 733 2345 per
791 2273 1037 2328 canalem
1095 2272 1390 2342 quemdam
1445 2272 1772 2344 virginalem
1819 2293 2020 2349 nempe

433 2370 644 2432 alvum,
700 2366 792 2421 Dei
851 2364 1029 2420 Filius
1078 2363 1224 2420 inter
1282 2379 1386 2418 nos
1433 2365 1603 2431 venit,
1660 2366 1726 2420 de
1767 2370 2020 2438 supernis

437 2474 659 2514 mrnem
727 2457 1009 2521 deferens,
1075 2465 1334 2526 tanquam
1375 2470 1597 2525 semper
1652 2459 2022 2516 essentialitcr

435 2552 536 2608 sibi
589 2551 930 2620 adiunctam,
971 2557 1030 2602 ut
1087 2548 1412 2602 Valentinus
1461 2548 1752 2618 deliravit;
1805 2553 1900 2607 sed
1957 2569 2021 2608 ea:

435 2646 639 2716 Spiritu
657 2653 844 2698 sancto
868 2651 914 2697 et
949 2642 1128 2696 Maria
1165 2639 1400 2711 Virgine.

511 2737 592 2792 Ea:
633 2735 840 2806 Spiritu
865 2745 1070 2789 sancta.
1116 2733 1254 2799 Quia
1281 2733 1422 2786 Deus
1467 2740 1610 2800 erat,
1634 2733 1726 2803 qui
1757 2735 1810 2789 in
1860 2745 2020 2793 utero

432 2828 684 2898 virginali
726 2826 990 2881 formatus
1021 2832 1106 2880 est
1146 2824 1346 2879 infans.
1393 2823 1479 2878 Ea:
1527 2825 1706 2878 Maria
1766 2823 2018 2895 Virgine,

435 2921 562 2992 quia
593 2921 661 2974 de
693 2920 934 2974 essentia
967 2918 1089 2988 ejus
1116 2925 1237 2971 erat
1260 2915 1406 2985 quod
1444 2915 1512 2970 ab
1556 2930 1624 2970 eo
1671 2926 2017 2987 assumptum

437 3023 572 3071 est:
622 3025 742 3080 quae
783 3010 962 3077 reipsa
1011 3008 1162 3078 virgo
1210 3006 1334 3074 fuit,
1382 3007 1586 3076 quippe
1636 3021 1759 3076 quae
1809 3009 2021 3064 scilicet

2128 525 2456 587 ϐολον,ἀλλά
2480 527 2574 578 τδν
2607 525 2800 590 aii-rev;
2829 523 2931 579 Διά
2984 525 3144 579 τοῦτο
3179 526 3289 595 γὰρ
3348 528 3440 580 καί¹
3489 523 3708 582 Παῦλον

2126 616 2215 669 τὸν
2251 616 2570 685 Σαμοσατέα
2597 616 2693 669 καὶ
2729 617 3027 685 Νεστόριον
3061 616 3460 682 ἀποϐάλλεται,
3483 619 3613 682 τοὺς
3648 618 3711 671 τὸ

2126 711 2246 764 ὅλον
2306 713 2618 780 πρόσφατον
2681 712 2778 765 καὶ
2836 711 2944 765 ἀπὸ
2993 712 3218 782 Μαρίας
3256 713 3566 782 ἀρξάμενον
3615 711 3709 766 τὸν

2125 805 2361 874 Χριστὸν
2403 804 2882 875 βλασφημοῦντας.
2925 804 3089 857 Ἀλλά
3125 804 3188 876 δὴ
3235 806 3329 858 καὶ
3363 807 3391 857 ὁ
3419 806 3579 868 ἄνους
3619 805 3710 857 Ἀ-

2127 896 2469 965 πολλινάριος
2495 895 2584 950 διὰ
2611 895 2817 950 τούτων
2859 895 2956 966 τῆς
2991 895 3317 966 Ἐκκλησίας
3356 895 3703 968 ἀφορίζεται,

2127 986 2256 1040 ἄλλο
2280 987 2452 1040 κακὸν
2484 987 2726 1041 ἐναντίον
2756 989 3026 1058 τυγχάνον
3049 991 3158 1051 τοῖς
3183 995 3493 1060 προτέροις.
3534 989 3710 1042 Ἐκεῖ-

2125 1094 2206 1130 νοι
2237 1079 2344 1150 γὰρ
2368 1081 2432 1132 ὲκ
2458 1077 2678 1148 Μαρίας
2708 1078 2770 1130 τὸ
2798 1077 2937 1142 ὅλον,
2966 1078 3042 1141 ὡς
3071 1079 3264 1144 εἰπεῖν,
3321 1080 3589 1150 ἄρξασθαι
3613 1083 3708 1133 τὸν

2125 1168 2364 1236 Χριστὸν
2391 1168 2619 1234 ἔφασανο
2653 1169 2704 1220 οἱ
2725 1168 2781 1221 δὲ
2813 1169 2942 1238 περὶ
2979 1168 3406 1237 Ἀπολλινάριον,
3430 1171 3490 1221 τί
3511 1171 3620 1222 πᾶν
3647 1169 3711 1224 ἄ·

2125 1255 2296 1309 νωθεν
2327 1256 2492 1326 ἔχειν,
2522 1257 2617 1309 καὶ
2640 1255 2807 1326 μηδὲν
2834 1258 2898 1308 ὲκ
2917 1257 3011 1326 τῆς
3036 1257 3312 1325 Παρθένου
3337 1255 3705 1326 ἀνειληφέναι,

2125 1345 2260 1399 ἀλλά
2279 1346 2371 1400 καὶ
2391 1348 2490 1417 τὴν
2507 1347 2686 1419 σάρκα
2711 1349 2775 1401 ὲκ
2805 1347 2912 1401 τῶν
2929 1347 3039 1400 ἄνω
3070 1353 3430 1418 καταγαγεῖν,
3452 1352 3544 1403 καὶ
3573 1350 3710 1420 μηδὲ

2125 1439 2332 1492 τέλειον
2363 1439 2654 1509 ἄνθρωπον
2679 1439 2844 1493 εἶναι.
2873 1441 3038 1492 Λείπε
3053 1458 3100 1492 ιν
3127 1442 3236 1511 γὰρ
3269 1443 3416 1511 αὐτῷ
3437 1442 3529 1496 τὸν
3558 1443 3708 1507 νοῦν,

2127 1529 2221 1582 καὶ
2239 1532 2365 1584 ἀντὶ
2381 1531 2474 1584 τοῦ
2495 1531 2586 1586 νοῦ
2609 1535 2902 1600 τυγχάνειν
2931 1532 3082 1602 αὐτῷ
3099 1534 3194 1602 τὴν
3215 1533 3466 1603 θεότητα.
3490 1536 3631 1607 Ὅρα
3647 1537 3706 1589 δὲ

2128 1618 2243 1681 πῶς
2276 1619 2490 1690 πρῶτον
2509 1621 2838 1676 κατελθόντα
2860 1617 3016 1675 εἶπεν
3041 1625 3105 1675 ἐκ
3138 1624 3246 1676 τῶν
3275 1623 3546 1694 οὐρανῶν,
3590 1625 3710 1679 εἶτα

2130 1707 2505 1778 σαρκωθέντα.
2542 1711 2685 1780 Πρὸς
2710 1711 2821 1782 γάρ
2851 1712 2912 1763 τὸ
2936 1713 3030 1764 τοῦ
3077 1713 3488 1785 Ἀπολλιναρίου
3522 1717 3710 1783 σαφῶς

2057 1777 2098 1832 Β
2126 1801 2510 1871 ἀπομάχονται
2527 1777 2731 1872 δόγμα.
2760 1777 2906 1873 Ὅρα
2926 1804 2982 1856 δὲ
3015 1804 3131 1868 πῶς
3152 1777 3506 1875 σαρκωθέντα
3529 1777 3710 1878 φαμὲν

2126 1892 2378 1963 ἀληθείᾳ,
2423 1895 2484 1948 οὐ
2510 1896 2801 1968 φαντασίᾳ.
2825 1897 2901 1949 Οὐ
2941 1897 3050 1966 γάρ
3080 1896 3433 1970 σαρκωθῆναι
3454 1899 3706 1969 δόξαντα,

2127 1981 2317 2053 ὥσπερ
2342 1984 2519 2048 Μάνις
2550 1987 2596 2055 (Ι
2614 1985 2667 2055 ί)
2692 1986 2844 2055 ἔλεγε
2873 1989 2965 2041 καὶ
2983 1988 3205 2057 Κέρδων
3233 1990 3326 2043 καὶ
3350 1992 3643 2061 Μαρκίων.

2211 2075 2308 2128 Ἐκ
2338 2079 2690 2147 Πνεύμιιτος
2716 2081 2891 2147 ἁγίου
2922 2082 3022 2135 καί
3066 2082 3297 2153 Μαρίας
3336 2083 3448 2154 τῆς
3489 2085 3711 2154 Παρθέ-

2125 2184 2259 2222 νου.
2283 2169 2357 2222 Οὐ
2393 2169 2500 2240 γὰρ
2531 2169 2617 2224 διὰ
2652 2171 2873 2240 Μαρίας
2907 2175 3007 2242 τῆς
3038 2175 3432 2244 Παρθένου,ὡς
3463 2177 3714 2233 Ἀπολλι-

2127 2261 2314 2331 νάριος
2372 2261 2549 2330 ἔλεγε,
2601 2263 2711 2316 οὐδ’
2761 2263 2952 2336 ὥσπερ
2991 2266 3079 2319 διὰ
3131 2267 3373 2338 σωλῆνός
3408 2288 3554 2334 τινος
3608 2272 3712 2342 τῆς

2126 2354 2462 2425 παρθενικῆς
2516 2357 2751 2427 μήτρας,
2786 2358 2814 2410 ὁ
2840 2357 2968 2422 Υἱὸς
3021 2358 3118 2412 τοῦ
3165 2361 3300 2412 Θεοῦ
3342 2363 3710 2435 ἐπεδήμησεν,

2124 2444 2334 2500 ἄνωθεν
2366 2447 2465 2515 τὴν
2504 2448 2684 2516 σάρκα
2716 2449 2973 2518 κατάγων
3011 2451 3088 2514 ὡς
3129 2451 3215 2504 ἀεὶ
3264 2458 3705 2526 συνουσιωμένην

2122 2537 2294 2610 αὐτῷ,
2322 2540 2574 2610 καθάπερ
2599 2540 2950 2607 Οὐαλεντίνος
2983 2544 3273 2616 ἐλήρησεν,
3302 2547 3416 2600 ἀλλ’
3436 2548 3505 2600 ἐκ
3519 2551 3711 2604 [Inti-

2115 2645 2304 2698 ματος
2321 2629 2495 2698 ἁγίου
2521 2630 2618 2684 καί
2640 2632 2870 2701 Μαρίας
2890 2633 3000 2702 τῆς
3025 2633 3356 2702 Παρθένου.

2207 2723 2302 2775 Ἐκ
2352 2723 2702 2792 Πνεύματος
2772 2726 2967 2794 ἁγίου.
3012 2726 3137 2780 Ὀτι
3190 2727 3324 2790 Θεὸς
3374 2723 3446 2798 ἦν
3483 2728 3512 2780 ὁ
3552 2729 3610 2780 ὲν
3640 2733 3706 2801 τῇ

2121 2813 2427 2886 παρθενικῇ
2457 2804 2962 2888 β’ρεφουργούμενος
3001 2821 3219 2892 μήτρᾳο
3245 2821 3478 2888 Μαρίας
3509 2821 3564 2875 δὲ
3598 2820 3710 2890 τῆς

2123 2909 2456 2976 Παρθένου,
2482 2910 2563 2963 ὅτι
2578 2911 2642 2963 ὲκ
2656 2911 2756 2981 τῆς
2777 2913 2962 2976 οὐσίας
2979 2913 3151 2983 αὐτῆς
3169 2911 3235 2985 ἦν
3260 2917 3320 2968 τὸ
3344 2915 3706 2986 πρόσλημμα,

2124 3000 2226 3071 τῆς
2254 3000 2422 3066 ὅντως
2454 3003 2752 3074 παρθένου,
2783 3005 2879 3059 ἅτε
2917 3005 2980 3076 δὴ
3010 3008 3103 3060 καὶ
3149 3008 3538 3079 ἀειπαρθένου.
3566 3009 3707 3064 Οὔτε

433 3107 598 3160 etiam
651 3117 866 3171 semper
914 3101 1086 3170 virgo.
1145 3096 1335 3168 Neque
1391 3098 1539 3152 enim
1581 3107 1878 3169 antequam
1931 3101 2020 3156 ille

2128 3092 2233 3163 γὰρ
2263 3094 2370 3162 πρὸ
2427 3097 2526 3165 τῆς
2554 3098 2862 3166 γεννήσεως
2894 3097 3142 3168 ἐγνώσθη
3175 3098 3350 3170 ἀνδρὶ,
3373 3099 3446 3162 ὡς
3481 3102 3709 3170 Καρπο-

437 3203 777 3259 nasceretur,
827 3209 856 3246 a
893 3194 1010 3247 viro
1056 3192 1276 3258 cognita
1314 3190 1512 3256 fuerat,
1561 3203 1621 3245 ut
1659 3190 2019 3262 Carpocrates

435 3290 654 3345 dicebat
708 3288 870 3355 eique
920 3283 1230 3339 concordes
1275 3281 1586 3338 Massaliani
1616 3325 1631 3350 ,
1668 3300 1848 3354 neque
1895 3298 2020 3355 post

437 3383 803 3437 nativitatem.
855 3377 960 3432 Per
1023 3378 1140 3432 haec
1166 3377 1387 3443 Apelles
1436 3391 1654 3447 quoque
1709 3379 2020 3434 extruditur

439 3476 508 3529 de
531 3489 662 3528 vero
701 3487 864 3543 grege
914 3470 1143 3537 Christi,
1176 3469 1267 3539 qui
1293 3485 1420 3524 eum
1456 3485 1565 3524 nou
1599 3485 1666 3525 ex
1700 3469 1866 3526 Maria
1893 3472 2020 3528 Vtr-

439 3566 797 3637 gincaiebat.
836 3563 930 3619 sed
961 3579 1027 3617 ex
1058 3571 1292 3632 quatuor
1319 3562 1610 3616 elementis
1643 3563 1749 3617 sibi
1793 3580 2017 3620 carnem

444 3659 824 3728 compegisse;
856 3657 908 3708 in
939 3670 1059 3725 qua:
1097 3655 1263 3708 etiam
1292 3663 1481 3724 postea
1529 3655 1799 3711 dissoluta
1828 3655 2018 3724 fuerit,

440 3751 662 3821 quando
691 3749 746 3801 in
785 3747 982 3801 cmlum
1015 3746 1195 3800 rediit.

518 3841 621 3907 Qui
681 3839 967 3894 descendit.
1055 3839 1392 3892 Descensum
1472 3839 1712 3909 cegitare
1778 3851 2020 3911 oportet,

440 3948 553 3988 non
593 3930 810 3986 deloco
859 3930 1242 3983 translatitiam
1292 3931 1672 3995 mutationem,
1729 3932 1824 3987 sed
1888 3949 2023 3988 con-

443 4026 864 4082 descensionem
906 4023 973 4076 ad
1007 4038 1132 4076 nos.

517 4115 838 4170 lncaruatus
870 4121 946 4166 est
981 4124 1027 4166 et
1070 4112 1222 4164 homo
1256 4112 1450 4180 factus.
1480 4113 1535 4168 ld
1558 4123 1662 4182 est,
1710 4133 1820 4172 non
1847 4119 2026 4174 solum

447 4223 694 4272 carnem,
731 4206 827 4260 sed
859 4212 940 4259 -et
993 4204 1232 4258 animam
1293 4211 1351 4258 et
1390 4215 1631 4262 mentem
1695 4216 1751 4262 et
1805 4225 2025 4265 omnem

447 4302 678 4355 omnino
757 4298 1037 4352 hominem
1119 4297 1437 4366 assumpsit,
1515 4314 1635 4352 non
1716 4303 2025 4357 secundum

444 4387 872 4461 Apollinarium.

2125 3188 2332 3259 κράτης
2362 3187 2515 3256 ἔλεγε
2543 3187 2637 3240 καὶ
2672 3189 2721 3241 oi
2740 3189 2932 3242 τούτου
2962 3190 3266 3260 ὁμόφρονες
3297 3192 3701 3258 Μασσαλιανοὶ,

2126 3277 2249 3332 οὔτε
2289 3280 2428 3349 μετά
2454 3278 2555 3350 τήν
2614 3280 2898 3351 γέννησιν.
2929 3281 3032 3334 Διά
3068 3281 3272 3338 τούτων
3303 3284 3398 3338 καὶ
3441 3283 3710 3357 Ἀπελλῆς

2126 3369 2494 3425 ἀπελαύνεται
2531 3373 2629 3442 τῆς
2659 3373 2928 3444 ἀληθινῆς
2963 3375 3202 3446 ποίμνης
3222 3377 3481 3447 Χριστοῦ,
3509 3381 3610 3433 οῦκ
3643 3381 3708 3433 ἐκ

2126 3463 2350 3533 Μαρίας
2389 3463 2488 3534 τῆς
2536 3463 2816 3534 Παρθένου
2869 3466 3098 3534 φάσκων
3163 3468 3349 3534 αὑτὸν,
3409 3473 3474 3524 ὲκ
3499 3470 3557 3524 δὲ
3601 3470 3712 3524 τῶν

2125 3557 2408 3628 τεσσάρων
2426 3558 2708 3627 στοιχείων
2737 3557 2836 3628 τὴν
2853 3558 3048 3612 ἑαυτοῦ
3085 3559 3263 3631 σάρκα
3294 3561 3710 3633 συμπήξασθαι,

2128 3649 2209 3713 είς
2233 3648 2269 3702 ἃ
2307 3650 2400 3701 καὶ
2425 3647 2657 3718 ὕστερον
2687 3649 3043 3722 ἀναλυθῆναι,
3072 3653 3162 3706 ὅτε
3193 3654 3276 3716 είς
3299 3653 3564 3726 οὐρανοὺς
3617 3659 3713 3710 ἀν-

2129 3740 2400 3812 εληλύθει.

2205 3833 2614 3888 Κατελθόντα.
2641 3831 2886 3889 Κάθοδον
2947 3835 3166 3905 νοητέον
3214 3835 3276 3890 οὐ
3321 3836 3421 3908 τὴν
3456 3837 3520 3890 ἐκ
3546 3837 3712 3892 τόπου

2137 3925 2509 3997 μεταϐατικὴν
2539 3927 2895 3995 μετάστασιν,
2919 3927 3058 3980 ἀλλά
3089 3929 3186 3999 τὴν
3213 3929 3350 4000 πρὸς
3385 3931 3532 4000 ἡμᾶς
3575 3948 3714 4000 συγ·

2136 4017 2458 4072 κατάϐασιν.

2205 4113 2594 4181 Σαρκωθέντα
2636 4113 2735 4167 καί
2756 4114 3322 4184 ἐνανθρωπήσαντα.
3349 4117 3634 4172 Τουτέστιν
3655 4118 3717 4170 οὐ

2141 4205 2302 4274 μόνον
2341 4207 2546 4275 σάρκα,
2577 4206 2716 4261 ἀλλά
2775 4208 2872 4261 καὶ
2917 4207 3098 4278 ψυχὴν
3148 4209 3244 4261 καὶ
3300 4209 3424 4264 νοῦν
3451 4218 3546 4264 καὶ
3583 4212 3720 4275 ὅλως

2136 4297 2256 4349 ὅλον
2277 4295 2604 4368 ἀνειληφότα
2629 4297 2721 4351 τὸν
2749 4297 3061 4368 ἄνθρωπον,
3087 4299 3210 4370 οὐχὶ
3237 4301 3380 4354 κατά
3400 4302 3491 4356 τὸν
3527 4303 3724 4357 Ἀπολ·-

2140 4391 2415 4462 λινάριον.

518 4481 918 4550 Cruci/imusque
964 4494 1059 4546 pro
1095 4477 1242 4532 nabis
1271 4477 1364 4530 sub
1401 4476 1587 4532 Pontio
1637 4479 1839 4537 Pilato.
1890 4481 2024 4538 Ecce

2211 4481 2634 4550 Σταυρωθέντα
2667 4498 2732 4536 τε
2761 4481 2912 4551 ὑπὲρ
2933 4480 3103 4550 ἡμῶν
3122 4482 3223 4536 ἐπὶ
3257 4483 3512 4538 Ποντίου
3542 4483 3724 4539 Πιλά-

451 4576 713 4630 Basililles
746 4587 961 4643 quoque
1011 4587 1110 4642 per
1145 4571 1260 4626 hoc
1299 4571 1579 4640 rejieitur,
1620 4573 1712 4643 qui
1749 4574 1822 4628 ait
1848 4573 2037 4630 Simo-

441 4683 575 4723 .nem
613 4666 823 4734 Magum
872 4663 1040 4717 fuisse
1069 4677 1311 4732 passum,
1347 4665 1440 4732 qui
1471 4663 1724 4719 Christus
1753 4674 2036 4735 reputatus

447 4756 637 4817 fuerit,
674 4755 826 4808 Sicut
855 4751 1367 4820 etiamismaelitaa,
1407 4753 1499 4821 qui
1545 4753 1879 4808 arbitrantur
1907 4770 2032 4809 eum

451 4847 772 4918 prophetam
808 4859 872 4898 ac
918 4843 1028 4897 Deo
1052 4841 1312 4898 dilectum
1351 4852 1809 4914 assumptumque
1840 4844 1894 4898 in
1925 4861 2037 4902 c03-

446 4939 589 5001 Jum,
623 4953 843 5007 passum
869 4935 1090 5006 quidem
1141 4935 1310 4990 fuisse
1357 4937 1532 5001 aiunt,
1580 4938 1677 4992 sed
1712 4938 2032 4993 crucilixam

445 5032 577 5101 ejus
603 5031 877 5084 umbram.
927 5029 1033 5086 Sub
1065 5028 1255 5082 Pontio
1287 5028 1482 5082 Pilato.
1516 5030 1582 5084 Et
1613 5031 1742 5095 hoc,
1771 5041 1830 5084 ut
1853 5047 1920 5086 ex
1954 5031 2038 5084 hi-

457 5107 630 5176 storia
665 5137 787 5191 qua:
841 5130 1060 5191 tempus
1117 5121 1408 5190 diligenter
1461 5121 1642 5184 docet,
1697 5122 1789 5190 qui
1843 5122 2038 5177 dicunt

455 5213 739 5268 Christum
768 5223 954 5268 natum
985 5213 1152 5268 fuisse
1175 5228 1236 5267 ex
1266 5211 1432 5268 Maria
1465 5228 1656 5269 sorore
1678 5215 2041 5286 Moysis,con-

459 5311 788 5366 tutarentur.

699 5401 982 5474 ELpassus
1012 5410 1062 5456 et
1093 5400 1328 5471 sepultus
1377 5409 1476 5468 est,
1525 5409 1575 5456 et
1607 5403 1892 5458 resurrexit
1931 5412 2042 5459 ter-

537 5609 648 5675 (iO)
668 5607 908 5678 Symboli
938 5617 1216 5666 auctores.

563 5681 648 5752 li)
675 5679 764 5752 Sic
797 5679 928 5752 h_.7l.
969 5681 1146 5752 reperi
1168 5695 1284 5752 pro
1325 5680 1542 5752 Μάνης.

563 5682 648 5745 li)
675 5682 764 5734 Sic
797 5682 856 5732 h.
889 5682 928 5734 l.
969 5682 1146 5750 reperi
1184 5695 1284 5749 pro
1325 5682 1542 5752 Μάνης.

517 5682 648 5822 έιε)
679 5748 775 5806 Hic
795 5750 1297 5825 videturexcidisss
1348 5753 1600 5823 verbum,
1630 5768 1756 5813 v.c.
1786 5751 2040 5814 «etiamm

2146 4590 2275 4628 του.
2321 4573 2454 4627 Ἰδοὺ
2485 4574 2578 4626 καὶ
2625 4572 2952 4640 Βασιλείδης
2989 4574 3078 4627 διὰ
3131 4575 3323 4628 τούτου
3371 4575 3719 4641 ἐκϐάλλεται,

2139 4665 2360 4734 Σίμωνα
2389 4664 2584 4717 παθεῖν
2606 4663 2701 4717 τὸν
2731 4665 2925 4732 Μάγον
2955 4663 3152 4732 λέγων,
3193 4666 3530 4736 νομισθέντα
3564 4665 3715 4722 εἶναι

2139 4757 2375 4826 Χριστόν
2396 4774 2411 4788 ·
2453 4755 2645 4826 ὥσπερ
2675 4756 2772 4808 καὶ
2797 4756 2846 4809 οἱ
2886 4753 3230 4826 Ἰσμαηλῖται
3260 4757 3425 4812 αὐτὸν
3457 4760 3558 4828 μὲν
3587 4777 3722 4830 προ-

2143 4849 2323 4919 φήτην
2353 4846 2495 4902 εἶναι
2515 4848 2752 4918 οἰόμενοι
2777 4848 2870 4901 καὶ
2901 4849 3188 4920 ἀγαπητὸν
3212 4850 3290 4922 τῷ
3313 4850 3432 4922 Θεῷ
3464 4853 3560 4905 καὶ
3586 4854 3720 4906 ἀνα-

2141 4942 2414 5012 ληφθῆναι
2438 4941 2532 5004 ,είς
2563 4941 2854 5010 οὐρανοὺς,
2891 4942 3138 4995 παθόντα
3171 4943 3290 5012 μὲν,
3327 4945 3714 5016 σταυρωθῆναι

2140 5033 2198 5087 δὲ
2230 5033 2396 5086 αὐτοῦ
2425 5033 2524 5102 τὴν
2581 5033 2764 5088 σκιάν.
2804 5033 2936 5088 Ἐπί
2995 5037 3252 5090 Ποντίου
3288 5037 3572 5094 Πιλάτου.
3616 5041 3723 5091 Καὶ

2150 5123 2332 5189 τοῦτο,
2364 5123 2451 5177 ἵνα
2483 5122 2544 5188 ἐξ
2581 5125 2850 5195 ἱστορίας,
2902 5125 2994 5177 τὸν
3053 5127 3248 5196 χρόνον
3275 5127 3519 5198 ἀκριϐῶς
3547 5147 3723 5200 παρα.

2153 5214 2425 5284 διδούσης,
2463 5216 2513 5268 oi
2545 5215 2654 5270 ἀπὸ
2683 5217 2902 5288 Μαρίας
2922 5219 3022 5288 τῆς
3050 5219 3287 5290 ἀδελφῆς
3326 5223 3608 5287 Μωῦσέως
3635 5224 3724 5278 τὸν

2153 5306 2392 5376 Χριστὸν
2431 5309 2800 5378 γεγεννῆσθαι
2831 5312 3135 5379 φάσκοντες
3176 5314 3308 5384 (1⁸2).

2231 5437 2245 5452 .
2285 5437 2301 5455 .
2338 5438 2353 5454 .
2389 5438 2402 5454 .
2439 5441 2456 5456 .
2491 5439 2506 5455 .
2543 5439 2558 5454 .
2590 5440 2604 5456 .
2642 5441 2657 5455 .
2698 5442 2713 5457 .
2748 5404 2996 5474 (15)Καί
3028 5405 3296 5460 παθόντα
3324 5408 3419 5462 καί
3445 5409 3728 5478 ταφέντα,

2154 5611 2562 5689 ται-ληροῦντες
2595 5627 2690 5689 aut
2718 5618 2862 5674 aliud
2886 5619 3016 5689 quid
3056 5619 3182 5674 tale.

2198 5686 2319 5760 (l3)
2345 5688 2488 5743 Ante
2521 5688 2614 5743 καὶ
2641 5690 2694 5744 in
2740 5686 2931 5746 codice
2948 5700 3032 5747 est
3055 5690 3290 5761 spatium
3325 5703 3587 5753 vacuum.
