4104 6396
333 378 397 441 Π
1578 386 1920 448 exeosm

2030 385 2383 447 SYMBOLI.
3543 391 3627 455 18·

335 491 429 543 καὶ
454 489 814 545 ἀναστάντα
842 494 924 561 τῇ
963 493 1126 563 τρίτῃ
1149 492 1336 564 ἡμέρᾳ
1363 492 1514 549 κατὰ
1541 496 1647 563 τὰς
1671 496 1914 565 Γραφάς

2038 492 2111 545 tia
2145 493 2229 546 die
2284 490 2568 546 secundum
2614 491 2936 566 Seripluras.
2988 494 3215 551 Passum
3246 505 3300 551 et
3333 497 3605 566 sepultura

340 581 591 637 Παθόντα
619 586 716 636 καὶ
749 585 1000 653 ταφέντα
1024 589 1210 656 φησὶν,
1246 588 1305 640 οὐ
1340 586 1534 641 παθεῖν
1558 590 1652 642 καὶ
1684 589 1920 657 ταφῆναι

2033 582 2202 637 fuisse
2236 583 2328 649 ait,
2373 598 2479 636 non
2529 584 2635 652 pati
2673 601 2734 639 ac
2786 586 3002 655 sepeliri
3062 587 3284 652 visum;
3336 587 3429 642 sed
3480 602 3607 642 vere

339 674 592 741 δόξαντα,
635 676 758 730 ἀλλ’
790 678 1031 749 ἀληθείᾳ
1060 678 1158 732 καὶ
1184 680 1357 743 πάθος
1393 681 1487 733 καὶ⁵
1535 681 1769 735 θάνατον
1796 682 1930 734 ὑπο-

348 765 611 834 μείναντα
643 768 741 819 xa‘i
772 769 976 840 ταφήν.

415 858 524 910 Kal
559 858 912 913 ἀναστάντα
931 860 1009 929 τῇ
1041 863 1205 930 τρίτῃ
1232 861 1419 931 ἡμέρᾳ
1460 862 1611 917 κατὰ
1648 863 1752 929 τὰς
1776 865 1931 929 Γρα-

342 949 485 1017 φὰς.
519 951 629 1012 Τὰς
658 952 921 1016 παλαιάς.
964 953 1265 1007 Ἑτυποῦτο
1292 956 1399 1026 γὰρ
1433 955 1520 1008 διὰ
1543 956 1652 1009 τῶν
1675 957 1928 1011 Παλαιῶν

346 1042 445 1092 καὶ
482 1044 927 1114 προεσημαίνετο
951 1045 1044 1098 διὰ
1090 1047 1198 1099 τῶν
1248 1047 1599 1117 προφητειῶν
1623 1049 1927 1119 τριήμερος

343 1134 379 1201 ἡ
412 1133 508 1187 τοῦ
539 1135 796 1206 Σωτῆρος
823 1138 1152 1199 ἀνάστασις.
1193 1139 1350 1209 Τάχα
1384 1140 1441 1192 δὲ
1477 1140 1540 1192 οὐ
1588 1139 1790 1203 ταύτας
1826 1142 1925 1211 μό-

343 1242 458 1288 νον,
485 1226 623 1280 ἀλλὰ
652 1228 747 1281 καὶ
777 1230 878 1292 τὰς
906 1230 1002 1283 τοῦ
1029 1231 1395 1299 Εὑαγγελίου,
1433 1233 1495 1286 ἐν
1523 1229 1612 1299 αἷς
1648 1234 1864 1305 τρανῶς
1891 1235 1924 1305 ἡ

341 1315 651 1379 ἀνάστασις
678 1318 769 1370 τοῦ
813 1320 1019 1391 Κυρίου
1050 1323 1405 1394 κηρύττεται.

414 1411 530 1462 Καὶ
575 1409 912 1465 ἀνελθόντα
968 1413 1056 1478 εις
1085 1415 1229 1480 τοὺς
1256 1417 1575 1483 οὐρανούς.
1611 1418 1752 1482 Τοὺς
1781 1418 1925 1475 οὕτω

339 1500 683 1569 λεγομένους
716 1501 1093 1570 Χριστολύτας
1118 1504 1438 1576 αίρετικοὺς
1464 1508 1627 1562 τοῦτο
1669 1510 1925 1564 ἐκϐάλλει

338 1594 444 1662 τῆς
487 1593 843 1665 Ἐκκλησέας,
879 1594 932 1649 οἶ
965 1600 1149 1668 γυμνῇ
1189 1615 1325 1667 φασι
1356 1601 1418 1669 τῇ
1463 1599 1701 1672 θεότητι,
1727 1602 1821 1654 καὶ
1859 1602 1921 1656 οὐ

345 1685 491 1755 μετὰ
515 1684 767 1755 σώματος
795 1688 877 1750 είς
901 1687 1171 1758 οὐρανοὺς
1197 1691 1466 1747 ἀνελθεῖν.
1517 1693 1609 1756 ὀς
1640 1695 1752 1766 γὰρ
1821 1696 1921 1748 ἀν-

344 1776 481 1844 έστη
518 1776 657 1844 μετὰ
689 1775 963 1847 σώματος,
983 1778 1158 1845 οὕτως
1183 1782 1383 1853 ἀνῆλθε
1414 1785 1554 1854 μετὰ
1572 1785 1850 1857 σώματος.

415 1868 525 1920 Καὶ
548 1867 941 1937 καθεζόμενον
961 1871 1028 1925 ἐκ
1056 1872 1272 1940 δεξιῶν
1299 1878 1404 1931 τοῦ
1432 1882 1680 1948 Πατρός.
1706 1883 1920 1956 Ὥσπερ

337 1960 477 2012 ὅταν
501 1958 753 2031 λέγωμεν
785 1962 1094 2033 κατελθεῖν,
1126 1967 1177 2019 εί
1207 1968 1306 2021 καὶ
1329 1970 1403 2041 μὴ
1432 1971 1532 2041 τὴν
1565 1972 1745 2043 σάρκα
1774 1976 1919 2030 ἐκεῖ·

337 2048 432 2102 θεν
465 2045 635 2119 εἶχεν,
677 2051 795 2105 ἀλλ’
822 2052 914 2107 οὖν
943 2056 1004 2110 ὲν
1036 2056 1251 2127 σώματι
1288 2061 1544 2128 γενέσθαι
1579 2068 1781 2135 φαμὲν,
1821 2068 1920 2122 καὶ

336 2142 430 2194 διὰ
457 2142 714 2213 σώματος
746 2147 881 2216 ἡμῖν
909 2148 1196 2219 ὁμιλῆσαι,
1228 2152 1349 2223 οὐχὶ
1372 2159 1552 2228 γυμνῇ
1585 2160 1651 2228 τῇ
1678 2159 1918 2231 θεότητι·

336 2233 489 2286 οῦτω
520 2235 620 2288 καὶ
643 2237 1034 2308 ἀνεληλυθέναι
1068 2240 1301 2312 νοοῦμεν
1349 2247 1490 2315 μετὰ
1532 2248 1809 2319 σώματος.
1855 2253 1921 2307 Τί

334 2332 395 2386 δέ
422 2333 546 2385 ἐστι
577 2335 640 2387 τὸ
674 2336 904 2392 καθίσαι
930 2341 995 2394 ἑκ
1022 2340 1217 2405 δεξιῶν
1245 2359 1260 2407 ;
1317 2343 1441 2396 Ὀτι
1492 2346 1592 2399 οὐκ
1625 2347 1866 2402 ἐλάττων
1893 2349 1920 2403 ὁ

340 2426 471 2489 Υἱὸς
491 2429 587 2480 τοῦ
606 2431 836 2501 [ἰατρὸς.
859 2434 982 2488 οὐδὲ
1000 2436 1082 2488 ὅτι
1105 2436 1202 2491 ἄνθ
1211 2454 1393 2507 ρωπος
1416 2440 1630 2509 γέγονε,
1650 2438 1738 2495 διὰ
1761 2440 1921 2498 τοῦτο

336 2519 674 2586 ἠλάττωται.
721 2523 1010 2596 Ἑμφαίνει
1034 2527 1091 2581 δὲ
1121 2528 1285 2583 αὐτοῦ
1320 2531 1624 2604 ήκαθέδρα
1664 2551 1756 2589 τον
1793 2573 1808 2590 .
1848 2575 1862 2591 .
1902 2576 1919 2593 .

342 2645 362 2663 .
396 2648 412 2661 .
450 2649 468 2664 .
521 2610 636 2683 (Η)
658 2612 828 2667 αὐτοῦ
854 2616 951 2671 καὶ
976 2616 1321 2674 δεσποτείαν.
1355 2621 1431 2676 Οὒ
1456 2622 1563 2694 γὰρ
1591 2623 1779 2679 δούλου
1805 2627 1923 2680 ἐστὶ

334 2700 397 2753 τὺ
431 2703 728 2773 καθῆσθαι,

412 2792 528 2847 Kal
560 2795 749 2851 πάλιν
776 2797 1111 2870 ἐρχόμενον
1133 2803 1287 2872 μετὰ
1321 2804 1527 2874 δόξης.
1570 2808 1919 2881 Ἐρχόμενον,

334 2887 363 2939 ὃ
387 2887 718 2953 δεσποτείας
746 2892 866 2945 ἐστὶ
900 2893 996 2947 καὶ
1026 2893 1127 2964 τῆς
1149 2896 1767 2972 ἀληθοῦςοκυριὸτητος.

408 2979 620 3046 ιιρῒναι
646 2978 869 3048 ζῶντας
899 2985 996 3038 καὶ
1020 2989 1293 3054 νεκρούς.
1341 2989 1540 3059 Κρῖναί
1590 2993 1791 3046 ἔστιτὸ
1850 2993 1924 3048 δι-

334 3067 485 3120 ελεῖν
516 3071 613 3123 καὶ
643 3072 943 3129 ἀποδοῦναι
999 3075 1215 3148 ἑκάστῳ
1266 3079 1388 3132 κατ’
1419 3080 1580 3147 ἀξίαν
1604 3082 1713 3136 τῶν
1742 3083 1923 3155 ἔργων

2037 675 2347 744 passionem
2380 691 2443 731 ac
2474 684 2704 732 mortem
2736 687 2791 732 et
2818 677 3152 733 sepulturam
3186 677 3441 733 subiiSse.

2108 856 2172 909 Et
2201 859 2482 911 resurrexit
2514 859 2669 913 tertia
2700 859 2788 912 die
2830 859 3116 913 secundum
3144 857 3470 928 Scripturas.
3508 856 3611 911 Ve-

2033 957 2177 1003 teres
2200 953 2417 1018 nempe.
2444 949 2803 1021 Figurabatur
2828 966 3066 1021 namque
3099 967 3194 1021 per
3223 960 3433 1006 veteres
3460 948 3612 1004 Scri-

2030 1050 2242 1110 pturas.
2268 1050 2323 1095 et
2352 1040 2682 1096 innuebatur
2707 1057 2807 1110 per
2861 1041 3182 1112 prophetias
3209 1040 3459 1097 triduana
3492 1039 3611 1094 Sal-

2030 1132 2234 1187 vatoris
2281 1132 2463 1187 futura
2516 1134 2869 1189 resurrectio.
2906 1132 3070 1188 Forte
3120 1134 3285 1187 etiam
3341 1147 3451 1187 non
3511 1132 3610 1186 has

2028 1226 2290 1281 duntaxat
2337 1227 2670 1297 intelligunt,
2702 1228 2796 1282 sed
2837 1237 2891 1282 et
2940 1227 3251 1297 Scripturas
3298 1226 3605 1297 Evangelii,

2030 1315 2084 1369 in
2114 1316 2312 1386 quibus
2361 1317 2571 1387 liquido
2600 1302 2938 1373 resurrectio
2987 1318 3204 1373 Domini
3261 1316 3605 1388 praedicatur.

2098 1409 2165 1463 Et
2196 1409 2427 1463 ascendit
2453 1409 2507 1461 in
2527 1410 2697 1463 caelos.
2726 1410 2843 1464 Hoc
2869 1408 3096 1476 expellit
3116 1409 3183 1464 de
3212 1407 3459 1463 Ecclesia
3493 1409 3609 1464 lla:-

2033 1500 2258 1563 reticos,
2291 1498 2383 1570 qui
2412 1499 2675 1555 dicuntur
2714 1500 3066 1572 Christolyti:
3101 1500 3192 1571 qui
3227 1500 3373 1555 nuda
3413 1499 3613 1554 divini-

2026 1600 2136 1647 tate
2159 1592 2335 1655 aiunt,
2358 1600 2412 1646 et
2434 1606 2543 1645 non
2570 1607 2694 1647 cum
2725 1606 2956 1662 corpore
2988 1608 3112 1646 cum
3138 1592 3191 1646 in
3226 1591 3394 1646 caelos
3424 1606 3611 1645 rever-

2025 1699 2166 1740 sum.
2197 1683 2350 1740 Sicut
2395 1684 2541 1738 enim
2596 1686 2836 1739 surrexit
2885 1700 3009 1740 cum
3063 1700 3314 1755 corpore,
3360 1683 3432 1738 ita
3486 1700 3610 1739 cum

1954 1815 1998 1871 Β
2025 1791 2253 1847 corpore
2282 1780 2548 1833 ascendit.

2090 1882 2161 1937 Et
2189 1884 2331 1937 sedet
2365 1884 2435 1937 ad
2479 1883 2758 1936 dexteram
2795 1882 3001 1936 Patris.
3059 1881 3215 1936 Sicut
3266 1882 3486 1950 quando
3515 1881 3612 1935 de-

2020 1976 2298 2032 scendisse
2335 1976 2591 2043 dicimus,
2618 1975 2721 2031 etsi
2774 1992 2993 2031 carnem
3026 1975 3153 2029 inde
3202 1991 3313 2030 non
3359 1974 3609 2037 habebat,

2021 2070 2381 2124 nihilominus
2408 2070 2461 2124 in
2492 2085 2719 2140 corpore
2766 2068 2933 2123 fuisse
2966 2068 3233 2133 dicimus,
3270 2077 3326 2122 et
3352 2082 3449 2137 per
3484 2082 3605 2121 cor-

2026 2176 2130 2232 pus
2152 2162 2435 2217 nobiscum
2467 2162 2635 2216 fuisse
2668 2170 3074 2224 conversatum,
3100 2176 3207 2213 non
3239 2160 3383 2214 nuda
3416 2159 3614 2213 divini-

2021 2254 2274 2310 tate:ita
2325 2264 2381 2309 et
2415 2254 2726 2309 ascendisse
2780 2254 3083 2323 cogitamus
3160 2269 3284 2307 cum
3346 2267 3609 2322 corpore.

2022 2343 2165 2410 Quid
2194 2353 2377 2399 autem
2400 2344 2502 2400 sibi
2534 2344 2650 2398 vult
2674 2344 2865 2398 sedere
2890 2343 2957 2398 ad
2983 2343 3256 2396 dexteram
3279 2340 3302 2393 ?
3323 2341 3478 2405 Quod
3502 2356 3617 2394 non

2021 2438 2204 2491 minor
2234 2437 2308 2491 sit
2339 2435 2510 2491 Filius
2547 2436 2725 2501 Patre,
2753 2451 2877 2500 nec,
2904 2433 3029 2504 quia
3076 2432 3239 2486 homo
3285 2431 3462 2485 factus
3505 2442 3611 2496 est,

2022 2540 2306 2601 propterea
2330 2529 2650 2584 imminutus
2675 2538 2778 2584 est.
2811 2528 3062 2583 OSIendit
3095 2534 3278 2580 autem
3306 2525 3463 2580 sedes
3493 2524 3612 2594 ejus

2023 2622 2387 2692 a’qualitatem
2422 2621 2569 2676 illius
2597 2630 2759 2690 atque
2789 2620 3113 2675 dominium.
3147 2615 3266 2670 Non
3303 2617 3450 2671 enim
3484 2633 3611 2686 pro-

2023 2715 2206 2787 prium
2240 2721 2325 2770 est
2356 2713 2497 2769 servi
2536 2713 2749 2769 sedere.

2102 2818 2164 2873 Et
2197 2820 2384 2873 iterum
2410 2828 2658 2874 venturus
2689 2826 2762 2873 est
2792 2836 2912 2873 cum
2942 2820 3135 2890 gloria.
3155 2818 3625 2886 Vcnturus,qnod‘

2026 2910 2255 2965 dominii
2285 2921 2370 2966 est
2400 2926 2651 2981 verzeque
2684 2912 3048 2968 auctoritatis.

2092 3000 2339 3055 Judicare
2388 3002 2527 3055 vivos
2558 3009 2606 3055 et
2642 3009 2874 3053 mortuos
2894 3040 2905 3053 .
2948 2999 3222 3065 Judicare,
3249 3010 3331 3056 est
3361 3000 3606 3054 dividere

2032 3101 2089 3145 ct
2124 3091 2369 3146 tribuere
2418 3091 2620 3160 cuique
2652 3092 2806 3163 juxm
2873 3092 3132 3146 meritum
3189 3108 3419 3162 Operum
3466 3091 3607 3158 ejus.

332 3160 531 3217 αὐτοῦ.
570 3164 791 3229 Ζῶντας
825 3167 1055 3238 νοοῦμεν
1081 3170 1210 3234 τοὺς
1246 3173 1648 3239 πιστεύσαντας
1671 3177 1753 3239 εἰς
1780 3177 1920 3247 Χρι-

2030 3182 2197 3238 Vivos
2259 3182 2615 3254 intelligimus
2654 3160 2767 3237 ﬁcos
2818 3182 2909 3253 qui
2965 3160 3319 3238 crediderunt
3349 3184 3407 3237 in
3445 3183 3611 3238 Chri-

334 3258 486 3319 στὶν,
519 3258 618 3311 καὶ
650 3257 749 3328 τὴν
773 3259 959 3314 πίστιν
981 3264 1163 3333 ἔργοις
1189 3264 1416 3333 ἀγαθοῖς
1469 3265 1881 3336 βεϐαιώσαντας
1904 3286 1920 3303 ·

332 3350 568 3416 νεκροὺς
596 3348 652 3401 δὲ
676 3352 805 3414 τοὺς
831 3356 906 3421 μὴ
933 3355 1355 3422 πιστεύσαντας,
1379 3358 1675 3424 δοκοῦντας
1707 3359 1763 3414 δὲ
1786 3360 1923 3432 ἔργα

334 3437 485 3505 ἔχειν
524 3440 764 3510 χρηστὰ,
810 3442 906 3495 καὶ
942 3442 1129 3498 πίστιν
1179 3445 1278 3516 μὲν
1311 3447 1557 3517 ἔχοντας,
1621 3449 1683 3503 οὐ
1727 3451 1835 3523 μὴν
1865 3450 1923 3505 δὲ

340 3534 429 3581 καὶ
456 3531 543 3583 διὰ
578 3531 689 3585 τῶν
712 3532 891 3603 ἔργων
920 3535 1420 3608 λαμπρυνομένους
1455 3541 1557 3612 τῆς
1586 3542 1848 3607 πίστεως.

418 3618 496 3677 Οὗ
528 3621 645 3692 τῆς
666 3627 1000 3694 ,ϐασιλείας
1042 3630 1152 3683 οὐκ
1177 3632 1351 3685 ἐσται
1378 3630 1575 3697 τέλος.
1622 3633 1920 3689 ’Δθανάτου

336 3716 445 3785 γὰρ
476 3716 628 3780 ὄντος
658 3718 852 3787 αὐτοῦ,
883 3721 1243 3795 ἀτελεύτητος
1271 3724 1429 3779 ἐσται
1454 3728 1547 3779 καὶ
1591 3728 1642 3800 ἡ,
1664 3728 1935 3799 βασιλείαν

337 3825 527 3863 αυτοῦ.
1256 3856 1259 3857 ,

406 3900 521 3954 Καὶ
568 3902 654 3969 εις
700 3903 766 3956 τὸ
800 3905 1046 3975 Πνεῦμα
1092 3907 1159 3960 τὸ
1212 3907 1405 3977 ἅγιον,
1457 3909 1526 3963 τὸ
1570 3911 1811 3981 Κύριον,
1852 3912 1919 3967 τὸ

333 3988 644 4050 ζωοποιόν.
681 3992 865 4048 Ταῦτα
892 3998 994 4067 τὴν
1024 3997 1189 4067 φύσιν
1228 4000 1489 4070 σημαίνει
1520 4001 1616 4055 τοῦ
1659 4004 1918 4074 Πνεῦμα-

329 4100 425 4145 τος
467 4086 566 4138 καὶ
609 4084 709 4157 τὴν
748 4087 936 4158 σχέσιν
967 4090 1157 4157 αὑτοῦ,
1189 4092 1290 4162 τὴν
1330 4092 1469 4163 πρὸς
1522 4093 1615 4148 τὸν
1666 4096 1913 4167 Πατέρα,

329 4174 428 4225 καὶ
464 4172 528 4225 τὸ
562 4176 933 4231 ἀνυπόστατον
969 4180 1101 4233 αὐτὸ
1148 4177 1289 4236 εἶναι
1321 4182 1433 4253 (15)
1473 4221 1488 4237 .
1531 4221 1548 4239 .
1587 4224 1606 4241 .
1657 4223 1673 4240 .
1709 4224 1725 4241 .
1759 4224 1775 4240 .
1816 4227 1832 4243 .
1854 4189 1917 4242 τὸ

335 4267 564 4335 Πνεῦμα
589 4267 735 4331 ἰδίως
768 4271 1003 4325 ἐνταῦθα
1034 4275 1327 4342 λεγόμενον
1354 4276 1444 4328 ἐπὶ
1474 4275 1574 4345 τῆς
1608 4275 1702 4329 τοῦ
1747 4279 1917 4332 ἐκπο-

332 4363 536 4432 ρευτοῦ
570 4364 950 4432 ὑποστάσεως.
981 4368 1256 4422 Ζωοποιὸν
1299 4368 1380 4437 δὲ,
1416 4370 1605 4441 ἐπειδὴ
1633 4371 1728 4425 καὶ
1774 4370 1911 4443 ζωή.

337 4456 405 4509 ὀ
431 4456 544 4528 γὰρ
576 4456 711 4528 ἔχει,
747 4458 906 4512 τοῦτο
934 4460 1029 4514 καὶ
1058 4459 1267 4529 ἑτέροις
1301 4459 1608 4530 χαρίζεται.

290 4562 299 4619 t
410 4550 488 4602 Τὸ
550 4550 621 4603 ἐκ
659 4550 768 4605 τοῦ
810 4553 1038 4620 Πατρός
1072 4553 1573 4622 ἐκπορευόμενον.
1614 4553 1794 4609 Τοῦτο
1819 4573 1919 4627 χαο

332 4646 772 4715 ρακτηριστικόν
798 4648 915 4698 ἐστι
949 4648 1050 4717 τῆς
1076 4647 1169 4699 τοῦ
1193 4648 1516 4717 Πνεύματος
1539 4648 1914 4713 ὑποστάσεως.

330 4738 449 4808 Τὴν
483 4736 622 4806 πρὸς
651 4738 745 4791 τὸν
773 4738 995 4810 Πατέρα
1029 4739 1084 4792 δὲ
1109 4741 1298 4809 σχέσιν
1324 4741 1611 4809 ἐμφαίνει.

413 4831 487 4884 Τὸ
552 4829 678 4884 σὺν
728 4832 908 4899 Harp!
946 4831 1046 4885 καί
1096 4831 1205 4898 Υἱῲ
1252 4835 1921 4905 συμπροσκυνούμενον

330 4924 437 4975 κατι
480 4922 1029 4992 σψδοξαᾷψενον.
1060 4925 1231 4977 Τοῦτο
1263 4925 1361 4995 τὴν
1382 4926 1676 4996 ὁμοτιμίαν
1715 4927 1812 4982 καὶ
1856 4929 1919 4983 τὸ

1951 4507 1998 4563 D

2028 3286 2206 3343 stum,
2264 3277 2537 3345 ﬁdemque
2584 3276 2741 3330 bonis
2794 3275 3054 3345 operibus
3103 3274 3563 3329 conﬁrmaverunt
3592 3293 3617 3329 ε»

2025 3379 2275 3426 mortuos
2298 3378 2525 3436 contra,
2556 3384 2650 3424 eos
2683 3371 2773 3438 qui
2804 3385 2912 3422 non
2943 3369 3321 3435 crediderunt,
3345 3380 3397 3424 et
3421 3368 3610 3422 viden-

2026 3472 2116 3517 tur
2147 3478 2313 3532 Opera
2360 3462 2561 3517 liabere
2590 3462 2772 3525 bona;
2810 3461 3109 3530 quiet-eos
3140 3476 3266 3515 cum
3300 3461 3463 3516 ﬁdem
3514 3460 3610 3513 lia-

2023 3549 2207 3613 heant,
2236 3565 2345 3603 non
2377 3560 2555 3604 tamen
2586 3564 2682 3619 per
2708 3563 2874 3617 opera
2908 3548 3030 3602 ﬁdei
3063 3547 3424 3602 illustrantur.

2093 3639 2254 3710 Cujus
2287 3641 2432 3711 regni
2463 3656 2567 3694 non
2593 3640 2690 3693 erit
2735 3639 2874 3707 ﬁnis.
2937 3638 3075 3694 Cum
3110 3639 3255 3694 enim
3287 3638 3628 3694 inmortalis-

2024 3733 2095 3789 sit
2134 3734 2272 3803 ipse,
2297 3743 2570 3788 aeternum
2605 3731 2709 3787 erit
2740 3746 2969 3804 regnum
3004 3731 3171 3787 illius.

2093 3915 2159 3971 Et
2185 3918 2242 3971 in
2277 3915 2537 3987 Spiritum
2563 3923 2829 3978 sanctum,
2887 3913 3166 3968 Dominum
3217 3913 3604 3983 viviﬁcantem.

2022 4010 2151 4067 Haec
2189 4019 2445 4065 naturam
2489 4008 2708 4079 signant
2743 4006 2984 4078 Spiritus
3007 4047 3020 4071 ,
3053 4014 3108 4061 et
3135 4006 3456 4061 relationem
3489 4007 3615 4075 ejus

2020 4107 2086 4161 ad
2116 4103 2333 4159 Patrem
2355 4145 2370 4168 ,
2390 4108 2446 4156 et
2471 4101 2616 4171 quod
2648 4114 2882 4171 persona
2909 4099 3433 4155 subsistens.sit.....
3464 4097 3600 4168 Spi-
3676 4086 3685 4096 ’

2025 4200 2170 4255 ritus
2196 4195 2418 4268 pr0prie
2464 4192 2555 4248 hic
2585 4193 2764 4248 dictus
2795 4192 2851 4247 in
2883 4191 3238 4262 procedentis
3290 4190 3567 4260 bypostasi
3589 4239 3604 4254 ,

2018 4291 2317 4348 Viviﬁcans
2367 4302 2518 4350 vero,
2570 4285 2697 4356 quia
2732 4285 2895 4341 etiam
2947 4283 3057 4340 vita
3107 4292 3210 4339 est.
3264 4282 3423 4349 Quod
3459 4283 3605 4337 enim

2018 4382 2280 4450 habet,id
2309 4389 2365 4436 et
2391 4379 2617 4449 reliquis
2651 4377 2898 4449 largitur.

2099 4563 2201 4629 Qui
2229 4579 2293 4617 ea:
2319 4564 2486 4616 Patre
2523 4560 2777 4629 procedit.
2820 4556 2934 4613 Hoc
2967 4565 3051 4612 est
3098 4554 3604 4612 characteristicum

2026 4669 2273 4728 persomn
2300 4652 2559 4723 Spiritus.
2591 4647 2841 4704 Ostendit
2891 4646 3209 4701 relationem
3243 4644 3311 4699 ad
3349 4642 3593 4697 Patrem.

2100 4831 2201 4899 Qui
2230 4846 2347 4886 cum
2380 4827 2544 4882 Patre
2577 4836 2625 4880 et
2658 4825 2795 4880 Filio
2825 4824 3144 4878 coadoratur
3168 4833 3215 4876 et
3248 4820 3611 4891 congloriﬁcu-

2032 4934 2139 4980 tur.
2191 4923 2306 4980 Hoc
2356 4922 2719 4990 mqualitatem
2774 4918 3001 4972 honoris
3041 4927 3096 4973 et
3153 4916 3472 4988 dignitatem
3520 4916 3614 4969 dc.

331 5012 556 5080 ἀξίωμα
576 5014 840 5082 παριστᾷ.
865 5013 983 5066 Μία
1003 5014 1113 5083 γὰρ
1144 5012 1366 5079 ἐξουσία
1400 5013 1495 5067 καὶ
1528 5015 1627 5086 μία
1651 5016 1781 5081 δόξα
1810 5017 1920 5072 τῶν

2027 5027 2319 5077 monstrat.
2370 5017 2490 5074 Una
2546 5028 2632 5073 est
2684 5014 2833 5072 enim
2890 5020 3131 5083 potestas
3179 5019 3234 5065 ct
3282 5025 3399 5063 una.
3439 5008 3611 5078 gloria

332 5120 524 5173 τριων.

410 5194 487 5249 Τὸ
522 5196 813 5267 λαλῆσαν
841 5197 942 5253 διὰ
1008 5198 1129 5253 τῶν
1179 5199 1526 5270 προφητῶν.
1604 5201 1919 5274 Ἐνέργειαν

331 5287 498 5342 τοῦτο
516 5292 771 5361 σημαίνει
798 5292 894 5346 τοῦ
923 5293 1265 5363 Πνεῦματος,
1295 5293 1353 5360 ἐξ
1382 5289 1448 5364 ἦς
1472 5295 1585 5365 (16)
1623 5335 1639 5350 .
1677 5336 1693 5352 .
1739 5332 1755 5349 .
1794 5336 1808 5352 .
1850 5335 1866 5351 .
1902 5332 1918 5349 .

333 5380 437 5434 οὐκ
465 5383 715 5453 ἐνέργειά
752 5386 888 5438 ἐστι.
927 5384 1001 5439 Τὸ
1041 5385 1150 5455 γὰρ
1204 5385 1404 5442 λαλοῦν
1432 5387 1691 5460 ἐνεργοῦν
1742 5391 1915 5454 ἐστιν,

333 5476 435 5529 οὐκ
464 5477 737 5549 ἐνέργεια.
1619 5469 1635 5477 ⁵

408 5570 515 5635 εις
536 5570 682 5639 μίαν
697 5572 874 5642 ἁγίαν
894 5572 1229 5643 καθολικὴν
1241 5574 1338 5628 καί
1369 5571 1791 5642 ἀποστολικὴν
1806 5571 1920 5644 Ἐκ-

412 5779 531 5850 (14)

336 5852 553 5908 bulum.

583 5781 680 5841 llic
709 5792 839 5840 ante
902 5782 1069 5837 αὐτοῦ
1101 5782 1381 5839 exciderat
1429 5783 1481 5839 in
1524 5782 1714 5840 codice
1764 5797 1923 5838 voca-

2028 5112 2216 5168 trium.

2099 5204 2201 5269 Qui
2240 5203 2445 5259 locutus
2498 5212 2571 5258 est
2601 5219 2693 5272 per
2725 5201 3025 5271 prophetas.
3064 5197 3335 5252 Virtutem
3372 5193 3477 5244 hoc
3527 5190 3613 5242 in-

2026 5295 2148 5350 nuit
2184 5294 2446 5364 Spiritus,
2485 5309 2550 5347 ex
2598 5306 2707 5362 qua
2893 5305 3003 5345 non
3055 5283 3301 5356 operatio
3348 5288 3452 5336 est.
3509 5278 3615 5344 Qui

2024 5388 2172 5442 enim
2197 5386 2437 5457 loquitur
2465 5400 2701 5455 Operans
2727 5392 2831 5447 est,
2855 5398 2963 5438 non
2994 5380 3261 5451 operatio.

2103 5566 2170 5621 In
2208 5581 2371 5619 uuam
2402 5573 2638 5620 sanctam
2682 5561 2994 5617 catholicam
3045 5568 3092 5613 et
3128 5556 3471 5629 apostolicam
3513 5555 3616 5609 Ec-

2140 5780 2221 5843 lfi)
2275 5778 2375 5834 llic
2434 5794 2623 5832 rursus
2657 5778 2892 5845 spatium
2937 5775 3099 5827 unius
3130 5772 3378 5827 vocabutt
3406 5790 3457 5826 tu
3486 5772 3607 5827 cod.

2140 5780 2221 5843 l5)
2275 5779 2375 5834 llic
2434 5794 2623 5832 rursus
2657 5779 2892 5845 spatium
2937 5779 3099 5827 unius
3130 5789 3189 5825 vo

2109 5779 2224 5921 illi)
2264 5850 2423 5905 Forte
2450 5850 2534 5905 hic
2569 5851 2771 5904 excidit
2793 5846 3053 5917 φανερὸν,
