4104 6406
324 351 393 413 21
1594 366 1931 426 ΟΞΞΡΗΤΧ

2038 368 2055 426 )
2101 371 2194 432 DE
2234 375 2436 435 FIDE.

3556 383 3622 445 2?

332 467 502 520 πάλιν
526 466 725 535 λέγετε
764 469 997 539 Πατέρα
1033 471 1125 524 καὶ
1167 471 1293 525 Υἰὸν
1328 472 1421 527 καὶ
1474 473 1629 541 ἅγιον
1662 474 1886 545 Πνεῦμα
1916 492 1929 540 ;

2038 495 2142 547 quc
2173 498 2235 536 ac
2268 483 2463 537 Filium
2503 494 2558 539 et
2605 496 2858 542 sanctum
2918 489 3183 559 Spiritum
3216 492 3445 549 dicitis?
3498 495 3620 550 llaec

331 561 556 624 Δεξξιτε
586 562 722 631 ἡμῖν
750 563 948 617 ταῦτα.
984 565 1149 631 Λέγει
1185 568 1213 620 6
1244 566 1548 639 Εὑθύμιος⁶
1597 570 1792 639 Ἡμεῖς
1829 569 1929 623 ἕνα

334 654 473 703 Θεὸν
504 653 841 723 πιστεύομεν
867 656 1150 722 ἄκτιστον,
1180 660 1438 730 ἄναρχον,
1489 663 1928 734 ἀπερίγραπτον,

341 745 761 815 σκατάληπτον,
799 748 1238 818 ἀνεξιχνίαστον,
1266 752 1328 805 ὃν
1350 753 1528 818 οὐδεὶς
1569 755 1785 824 ἑώρακε
1818 756 1933 809 πώ·

339 856 474 891 ποτε
494 857 511 872 ο
549 841 785 912 λέγομεν
818 843 878 896 δὲ
905 844 987 898 ὄτι
1021 845 1195 914 Λόγος
1219 848 1318 901 καὶ
1361 848 1591 918 Πνεῦμα
1621 850 1649 902 6
1679 850 1832 914 Θεὸς,
1868 850 1927 904 οὐ

344 934 456 1000 μὴν
486 932 706 995 ama,
738 933 876 987 ἀλλὰ
926 936 1027 1004 τῆς
1078 938 1246 992 αὑτοῦ
1286 939 1476 1004 οὐσίας
1527 943 1625 995 καὶ
1678 943 1929 1010 φύσεως·

341 1024 567 1095 όρῶμεν
601 1026 660 1077 δὲ
698 1026 791 1079 τὸν
817 1029 1073 1099 οὐρανὸν,
1102 1031 1198 1084 καὶ
1230 1032 1330 1102 τὴν
1353 1033 1480 1104 γῆν,
1534 1034 1692 1106 ἥλιόν
1726 1052 1785 1088 τε
1835 1036 1934 1089 καὶ

352 1122 611 1188 σελήνην,
637 1123 830 1191 ἄστρα.
864 1124 1071 1189 λίθους,
1106 1127 1386 1194 καὶξύλα,
1434 1128 1621 1200 ἄψυχα
1654 1124 1796 1182 εἶναι
1829 1129 1925 1183 καὶ

348 1212 557 1279 ἄλογα·
596 1214 702 1266 ἔδει
733 1214 826 1269 οὖν
854 1210 1003 1269 εἶναι
1032 1218 1125 1271 τὸν
1157 1221 1403 1292 Κτίστην
1434 1222 1644 1275 τούτων
1700 1223 1925 1286 ζωοπά-

345 1316 548 1374 ροχον·
576 1304 714 1358 διότι
748 1307 1013 1363 ἀδύνατον
1060 1306 1202 1364 εἶναι
1235 1313 1329 1366 τὸν
1365 1314 1609 1385 Κτίστην
1642 1316 1830 1383 ὅμοιον
1852 1314 1930 1384 τῷ

341 1398 614 1466 κτίσματι
648 1400 846 1467 ἄλογον
882 1403 978 1454 καὶ
1006 1403 1237 1459 ἄπνουν.
1279 1405 1529 1476 Ὀρῶμεν
1558 1407 1615 1460 δὲ
1641 1410 1795 1477 παρὰ
1827 1408 1931 1460 πᾶ-

296 1532 297 1535 η
346 1506 452 1543 σαν
484 1493 668 1544 κτίσιν
700 1494 991 1549 κάλλιστον
1035 1497 1245 1566 κτίσμα
1281 1494 1426 1553 εἶναι
1476 1500 1572 1554 τὸν
1601 1500 1890 1571 ἄνθρωπον
1915 1517 1929 1534 ο

349 1586 450 1636 καὶ
475 1587 526 1638 εί
557 1586 844 1654 ἄνθρωπος
879 1588 1098 1660 μετέχει
1122 1590 1280 1658 λόγου
1311 1592 1410 1645 καὶ
1443 1592 1776 1663 πνεύματος,
1812 1594 1913 1646 πῶη

341 1678 456 1729 ἔδει
492 1677 588 1729 τὸν
619 1679 861 1749 κτίστην
891 1676 1037 1733 εἶναι
1063 1682 1335 1753 ἀμέτοχον
1367 1683 1532 1752 λόγου
1558 1686 1654 1739 καὶ
1678 1685 1902 1755 πνεύμα

342 1785 474 1833 τοςς
508 1770 618 1873 καὶ
645 1770 693 1822 εί
722 1772 989 1842 ἀμέτοχος
1019 1769 1107 1845 ἦν,
1137 1776 1240 1829 οὐκ
1262 1772 1330 1847 ἦν
1353 1776 1527 1841 αἴτιος
1554 1779 1662 1832 τῶν
1695 1778 1933 1849 κτισμάα
1967 1821 2005 1873 Β

340 1877 488 1913 τωψ
522 1861 583 1914 τὸ
610 1864 722 1933 γὰρ
744 1864 817 1935 μὴ
847 1865 973 1935 ἔχον
1003 1866 1162 1937 λόγον
1190 1869 1223 1940 ἢ
1272 1869 1494 1940 πνεῦμα
1533 1870 1687 1926 οὐδὲν
1744 1872 1934 1943 ἕτερον

338 1950 412 2024 ἦν
450 1956 501 2007 εί
578 1955 654 2025 μὴ
681 1956 837 2021 ξύλον
862 1958 897 2028 ἢ
941 1959 1087 2024 λίθος
1115 1976 1130 1991 ’
1188 1963 1283 2015 καὶ
1313 1964 1424 2035 γὰρ
1473 1964 1525 2017 oi
1583 1963 1934 2018 θεόπνευστος

342 2050 700 2120 προφητικῆς
729 2051 988 2118 γνώσεως
1015 2053 1168 2118 θείας
1197 2056 1655 2126 ἑμπνευσθέντες,
1678 2058 1774 2112 ἕνα
1800 2059 1936 2113 Θεὸν

340 2144 681 2213 κηρύττουσι
736 2146 873 2214 μετὰ
941 2147 1104 2216 λόγου
1173 2150 1266 2203 καὶ
1322 2151 1653 2222 πνεύματος.
1718 2153 1778 2205 Ὀ
1836 2152 1935 2223 μὲν

340 2235 511 2287 Δανῒδ
562 2236 688 2290 τάδε
746 2238 934 2309 φησίνο
985 2239 1068 2305 Τῷ
1087 2243 1249 2311 λόγῳ
1294 2243 1516 2311 Κυρίου
1562 2247 1618 2299 oi
1692 2244 1938 2313 οὐρανοὶ

336 2329 818 2396 ἐστερεώθησαν,
847 2333 946 2386 καὶ
975 2331 1055 2399 τῷ
1078 2335 1369 2405 πνεύματι
1394 2337 1502 2392 τοῦ
1523 2340 1825 2408 στόματος
1842 2340 1938 2392 αὑ·

338 2420 449 2473 τοῦ
481 2417 655 2475 πᾶσα
686 2422 722 2488 ἡ
750 2420 1006 2491 δύναμις
1031 2424 1232 2479 αὐτῶν
1254 2444 1268 2457 ·
1304 2428 1398 2481 καὶ
1440 2429 1489 2481 οἱ
1516 2429 1740 2498 ἄγγελοι
1770 2432 1831 2483 ἐν
1859 2429 1936 2499 τῷ

341 2513 607 2584 πιναγεῳ
647 2513 805 2587 ὕμνῳ
850 2516 978 2569 τάδε
1019 2517 1375 2585 δοξάζουσιν·
1438 2520 1665 2592 Ἀτιος,
1710 2524 1935 2592 Ἄγιος,

341 2605 586 2672 Ἄγιος·
609 2606 852 2674 πλήρης
876 2609 908 2661 ό
942 2609 1201 2677 οὐρανὸς
1231 2611 1330 2665 καί
1375 2613 1414 2680 ἦ
1460 2611 1537 2682 Τῆ
1590 2613 1699 2680 τῆς
1751 2614 1939 2682 δόξης

337 2698 553 2751 αὐτοῦ.
583 2699 693 2752 Καὶ
723 2701 823 2752 οὐκ
850 2700 1015 2761 αὐτὸς
1044 2703 1177 2774 ὁρᾷς
1213 2704 1330 2767 πῶς
1370 2706 1469 2776 τὴν
1524 2706 1687 2775 ἁγίαν
1725 2709 1935 2779 Τριάδα

334 2787 628 2856 δοξάζουσι
657 2792 753 2844 καὶ
784 2793 834 2844 οἱ
878 2792 1097 2861 ἄγγελοι
1132 2812 1147 2862 ;

411 2968 478 3038 β’.
536 2971 693 3024 Εἴπω
738 2971 797 3026 δὲ
838 2972 936 3027 καὶ
971 2972 1100 3027 ἄλλο
1150 2976 1425 3046 ὁμοίωμα.
1473 2979 1533 3031 '0
1588 2979 1938 3053 ἀνθρώπινος

342 3060 474 3123 νοῦς
524 3062 776 3132 ἡγεμὼν,
828 3065 1153 3135 προϐολεὺς,
1204 3068 1296 3121 καὶ
1336 3070 1514 3135 αἴτιος
1550 3066 1619 3144 ἦν
1662 3073 1758 3127 τοῦ
1792 3077 1935 3146 ἠμε-

2045 574 2204 627 nobis
2230 574 2624 632 demonstrate.
2661 577 2799 636 Dicit
2858 582 3183 654 Euthymius
3219 603 3234 638 :
3307 584 3417 639 Nos
3453 602 3621 641 unum

2046 662 2216 718 Deum
2256 666 2532 723 credimus
2569 667 2894 736 increatum,
2926 674 3047 727 sine
3084 674 3263 739 initio,
3316 675 3619 729 incircum-

2044 757 2327 827 scriptum,
2355 760 2987 831 incomprehensibilem,
3008 766 3440 830 iuscrutabilem,
3459 783 3622 837 quem

2040 866 2206 907 nemo
2233 852 2368 907 vidit
2410 869 2672 924 unquam.
2703 855 2950 914 Dicimus
2978 868 3159 914 autem
3191 859 3386 914 Filium
3420 869 3477 914 et
3499 861 3621 926 Spi-

2042 942 2206 997 ritum
2225 959 2345 1000 esse
2363 943 2553 1010 Deum,
2579 948 2722 1003 haud
2734 950 2987 1019 equidem
3001 961 3234 1016 creatos.
3253 953 3346 1008 sed
3370 944 3617 1008 eamdem

2040 1033 2218 1090 Patris
2278 1038 2638 1095 substantiam
2688 1052 3051 1114 naturamque
3103 1044 3387 1100 habentes.
3451 1048 3619 1103 Porro

2042 1128 2291 1185 videmus
2322 1132 2521 1187 coelum
2576 1144 2633 1189 et
2680 1145 2899 1199 terram,
2983 1139 3261 1209 solemque
3305 1154 3369 1195 ac
3415 1139 3621 1203 lunam,

2042 1221 2704 1295 sidera,lapides,ligna.
2763 1228 3061 1285 inanimata
3117 1241 3175 1286 et
3233 1231 3621 1288 irrationalia:

2046 1312 2293 1380 oportuit
2352 1314 2535 1384 itaque
2584 1316 2778 1372 horum
2824 1317 3163 1387 Creatorem,
3234 1320 3360 1376 vitae
3404 1336 3625 1390 quoque

2041 1419 2167 1459 esse
2200 1405 2547 1475 prtebitorem
2585 1409 2824 1464 :etenim
2846 1409 2961 1465 fieri
3021 1410 3232 1480 nequit,
3287 1410 3621 1476 utCreator,

2016 1511 2201 1591 itaque
2232 1512 2297 1552 ac
2323 1497 2429 1554 illae
2461 1509 2747 1567 creaturae,
2769 1500 3095 1557 irrationalis
3122 1502 3197 1557 sit
3221 1509 3276 1557 et
3306 1502 3502 1571 spiritu
3531 1518 3624 1555 ra-

2034 1605 2201 1645 cuus.
2226 1589 2523 1645 Cernimus
2546 1599 2728 1646 autem
2756 1607 2866 1662 prie
2900 1594 3157 1648 omnibus
3190 1594 3392 1649 creatis
3457 1594 3625 1649 rebus

2019 1680 2477 1752 t-puleberrimam
2509 1690 2820 1739 creaturam
2858 1684 3162 1740 hominem.
3191 1683 3348 1751 Quod
3378 1685 3422 1740 si
3452 1685 3619 1738 homo

2042 1774 2317 1845 particeps
2348 1776 2498 1833 verbi
2527 1786 2611 1831 est
2650 1784 2814 1847 atque
2866 1777 3115 1847 spiritus,
3163 1779 3441 1848 quomodo
3465 1793 3626 1847 θροι-⁶

2040 1867 2237 1924 luisset
2271 1868 2592 1925 Creatorem
2626 1884 2814 1924 carere
2846 1870 3016 1924 verbo
3053 1885 3120 1925 ac
3158 1871 3357 1941 spiritu
3399 1871 3422 1924 ?
3485 1871 3632 1925 Nam.

2037 1961 2083 2015 si
2109 1959 2248 2015 forte
2265 1962 2555 2017 caruisset.
2574 1970 2763 2018 auctor
2780 1970 3157 2017 creaturarum
3177 1979 3286 2018 non
3299 1965 3623 2020 exstitisset.

2036 2053 2177 2108 Nam
2215 2054 2360 2125 quod
2391 2070 2568 2121 neque
2596 2056 2865 2110 rationem
2893 2070 3074 2125 neque
3133 2055 3388 2125 spiritum
3435 2056 3622 2117 habet.

2039 2145 2181 2201 nihil
2213 2146 2359 2201 aliud
2408 2156 2497 2203 est
2537 2163 2702 2218 quam
2739 2148 2944 2218 lignum
3000 2156 3097 2202 aut
3146 2148 3309 2219 lapis.
3372 2148 3626 2203 Proiecto

2038 2237 2357 2309 prophetica
2385 2238 2615 2294 scientia
2652 2238 2918 2295 divinitus
2945 2237 3155 2307 praediti
3182 2238 3430 2293 homines
3449 2252 3624 2294 unum

2042 2333 2212 2389 Deum
2274 2331 2597 2401 prtedicant,
2666 2331 2880 2386 ratione
2934 2331 3242 2399 spirituque
3294 2331 3622 2399 pollentem.

2043 2425 2210 2479 David
2238 2424 2461 2494 quidem
2500 2424 2579 2479 sic
2610 2422 2686 2478 ait
2721 2441 2733 2478 :
2773 2424 2934 2479 Verbo
2973 2423 3184 2476 Domini
3245 2423 3362 2477 caeli
3419 2424 3629 2493 ﬁrmati

2038 2526 2184 2579 sunt,
2225 2527 2274 2570 et
2337 2517 2531 2587 spiritu
2589 2515 2696 2569 oris
2752 2514 2870 2584 ejus
2926 2516 3097 2568 omnis
3155 2515 3322 2568 virtus
3372 2529 3550 2570 eorum
3585 2517 3623 2567 '.

2039 2610 2232 2681 Angeli
2264 2623 2484 2680 quoque
2515 2610 2569 2663 in
2594 2607 2946 2664 sanctissimo
2965 2608 3170 2679 hymno
3221 2607 3294 2661 ita
3349 2607 3582 2663 laudant
3612 2627 3624 2661 :

2036 2702 2288 2764 Sanctus.
2316 2712 2551 2767 sanctus,
2594 2711 2835 2766 sanctus,
2879 2701 3095 2771 plenum
3144 2698 3332 2754 calum
3375 2717 3437 2753 ac
3485 2708 3626 2753 terra

2039 2798 2205 2867 gloria
2235 2797 2372 2866 ejus.
2395 2796 2588 2850 Nonne
2610 2804 2669 2850 tu
2694 2794 2865 2858 vides,
2891 2793 3169 2863 quomodo
3197 2802 3441 2848 sanctam
3497 2791 3627 2847 Tri-

2045 2890 2275 2944 nitatem
2311 2889 2535 2944 laudant
2565 2887 2665 2958 ipsi
2694 2886 2917 2957 angeli?

2110 2984 2166 3037 2.
2200 2983 2387 3038 Dicam
2420 2982 2582 3036 aliam
2608 2994 2829 3051 quoque
2876 2979 3319 3035 similitudinem.
3372 2978 3623 3032 Humana

2041 3088 2222 3138 mens,
2253 3073 2383 3136 dux,
2415 3072 2649 3137 auctrix,
2677 3084 2949 3140 causaque
2991 3079 3076 3125 est
3128 3069 3279 3125 verbi
3330 3067 3502 3124 nostri
3561 3082 3625 3121 ac

342 3154 515 3223 τέρου
546 3153 711 3221 λόγου
766 3156 861 3208 καὶ
904 3155 1256 3226 πνεύματος·
1288 3161 1384 3215 καὶ
1423 3161 1489 3215 ἂν
1532 3164 1781 3234 εἴπωμεν
1843 3168 1931 3221 τὸν

2038 3165 2283 3236 spiritus.
2342 3162 2461 3218 Jam
2518 3164 2562 3219 si
2614 3161 2917 3216 dixerimus
2967 3169 3211 3216 mentem
3275 3160 3449 3230 ipsam
3505 3173 3630 3213 esse

331 3240 461 3293 νοῦν
500 3241 743 3311 πνεῦμα,
786 3242 864 3305 ὡς
911 3244 1069 3296 κενὸν
1130 3245 1223 3298 τὸν
1271 3247 1429 3314 λόγον
1473 3249 1759 3319 ποιοῦμεν,
1821 3255 1919 3306 καὶ

332 3333 802 3403 ἁπαλλοτριοῦται
828 3336 856 3389 6
885 3335 1045 3403 λόγος
1086 3337 1179 3391 τοῦ
1207 3338 1322 3401 νοὸς
1352 3340 1454 3411 τὴν
1487 3341 1680 3409 φύσιν;
1707 3345 1871 3413 Λέγει
1896 3347 1925 3399 6

334 3426 683 3496 2191mm:
712 3426 869 3497 Οὐχί.
901 3429 1050 3499 Ἔφη
1077 3432 1104 3483 6
1156 3431 1430 3502 Εὐθύμιος
1454 3452 1466 3466 ⁸
1504 3435 1695 3490 Ἔστιν
1734 3440 1761 3491 ὁ
1802 3439 1926 3503 νοῦς

340 3518 522 3588 πατὴρ
557 3519 654 3571 τοῦ
688 3518 873 3587 λόγου,
908 3521 941 3590 ἢ
990 3520 1082 3587 ob;
1120 3524 1284 3593 Λέγει
1323 3527 1351 3579 6
1384 3527 1737 3596 Σαρακηνός⁶
1790 3530 1923 3588 Ναί,

352 3608 488 3678 Ἕξη
514 3615 541 3663 ὁ
567 3610 852 3680 Εὑθύμιος
877 3628 890 3643 ·
942 3613 1168 3680 Ἕόειξά
1227 3632 1311 3667 σοι
1356 3616 1455 3682 τὴν
1483 3618 1801 3687 πατρότητα
1833 3621 1928 3673 ἐπὶ

341 3700 496 3754 Θεοῦ.
539 3704 708 3770 Λέγει
764 3704 791 3755 6
845 3705 1164 3775 Σαρακηνός
1194 3722 1208 3737 '
1239 3709 1347 3760 Καὶ
1398 3708 1514 3771 πῶς
1569 3711 1928 3782 συνηνωμένα

335 3790 403 3864 ἦν
428 3811 445 3857 ;
479 3796 597 3857 πῶς
613 3795 808 3864 λέγετε
832 3797 916 3851 ὅτι
936 3797 1069 3863 Θεὸς
1098 3799 1392 3873 ὲσαρκώθη
1422 3818 1435 3865 ;
1465 3804 1561 3855 καὶ
1593 3805 1927 3875 σαρκωθεὶς,

335 3885 419 3946 si;
448 3879 515 3953 ἦν
545 3886 606 3938 ὲν
664 3887 745 3953 τῷ
772 3887 1034 3959 οὐρανῷ;
1076 3892 1174 3944 καὶ
1211 3892 1296 3954 τίς
1344 3892 1501 3963 διῆγε
1560 3895 1653 3947 τὸν
1689 3897 1924 3968 κόσμονς

339 3978 487 4047 Ἔφη
521 3978 550 4030 6
582 3979 886 4050 Εὑθύμιοςο
936 3980 1001 4036 '0
1024 3984 1177 4053 ἥλιος
1204 3984 1569 4059 αὐτολαμπὴς
1598 3984 1667 4061 ἦν
1700 3995 1798 4044 καὶ
1826 4010 1925 4061 μο-

334 4073 710 4136 winds-nm;
737 4114 753 4135 ,
786 4074 817 4144 ἦ
864 4076 1087 4145 μετέχει
1127 4079 1225 4132 καὶ
1269 4079 1469 4150 ἐτέρας
1528 4082 1927 4152 ὑποστάσεωςὲ

334 4167 507 4233 Λέγει
534 4168 565 4218 6
597 4168 917 4239 Σαρακηνός
944 4186 959 4201 ο
998 4171 1091 4223 Ἐν
1119 4171 1196 4241 τῷ
1224 4173 1363 4243 ἡλίῳ
1406 4175 1559 4242 τρεῖς
1592 4176 1929 4242 ὑποστάσεις

335 4258 483 4310 εἰσίν
508 4276 525 4290 ο
550 4259 611 4311 τὸ
635 4260 881 4328 ἀγγεῖον,
926 4262 989 4314 τὸ
1040 4264 1176 4330 φῶς,
1207 4265 1301 4317 καὶ
1354 4267 1411 4317 al
1447 4267 1684 4331 ἀκτῖνες.
1719 4271 1863 4340 Ἔφη
1905 4272 1934 4323 6

336 4350 640 4419 ιιῖὺθὺμιος·
663 4353 771 4404 Καὶ
788 4353 1090 4406 διοικοῦσαι
1120 4353 1219 4425 τὴν
1247 4355 1547 4424 σύμπασαν
1568 4361 1671 4429 γῆν
1700 4361 1758 4413 αἱ
1783 4362 1939 4414 ἀκτῖ-

338 4460 430 4501 νες
462 4443 557 4494 τοῦ
587 4443 765 4513 ἡλίου,
791 4445 925 4499 ἀλλὰ
956 4448 1051 4498 καὶ
1085 4448 1164 4511 είς
1193 4449 1374 4519 φρέαρ
1402 4449 1707 4520 βαθύτατον
1734 4472 1934 4524 κατερ-

2032 3257 2304 3327 spiritum,
2340 3256 2642 3310 verbumne
2679 3268 2908 3308 vacuum
2956 3253 3239 3307 reddimus
3269 3291 3284 3315 .
3321 3260 3375 3306 et
3409 3267 3437 3305 a
3473 3266 3630 3304 men-

2028 3349 2098 3407 tis
2131 3356 2325 3402 natura
2364 3345 2594 3400 verbum
2653 3343 3029 3399 abalienatur?
3070 3342 3211 3397 Dicit
3254 3342 3625 3396 Sarracenos:

2024 3439 2401 3508 Nequaquam.
2426 3435 2859 3506 AitEuthymius
2895 3452 2906 3487 :
2952 3434 3119 3490 Estne
3166 3450 3322 3488 mens
3348 3434 3495 3487 verbi
3532 3448 3626 3501 pa-

2028 3546 2181 3593 rens,
2220 3546 2289 3583 an
2324 3543 2482 3583 secus
2509 3528 2691 3581 ‘iDirit
2719 3526 3035 3582 Saracenus
3065 3545 3077 3579 :
3110 3526 3362 3579 Maxime.
3392 3525 3483 3577 Ait
3517 3526 3626 3577 Eu~

2028 3623 2309 3693 thymius:
2350 3619 2728 3675 Demonstravi
2782 3618 2875 3673 tibi
2913 3618 3007 3672 Dei
3052 3617 3459 3687 paternitatem.
3489 3614 3631 3670 Dicit

2030 3714 2335 3771 Saracenus
2363 3729 2377 3767 :
2404 3712 2685 3779 Quomodo
2716 3710 2829 3767 haec
2858 3710 3111 3780 cepulala
3144 3710 3308 3766 sint?
3352 3708 3627 3778 quomodo

2030 3801 2211 3858 dicitis
2243 3801 2410 3855 Deum
2453 3816 2577 3854 esse
2636 3800 2978 3854 incarnatum
3010 3800 3032 3853 ?
3060 3799 3197 3854 Tum
3218 3799 3261 3853 si
3315 3799 3627 3857 incarnatus

2030 3895 2156 3957 fuit,
2187 3893 2310 3962 quis
2338 3893 2394 3947 in
2420 3893 2559 3947 cmlo
2592 3893 2928 3955 remanebat,
2952 3894 3151 3962 quisve
3183 3892 3442 3946 mundum
3470 3907 3625 3961 rege-

2031 3984 2165 4040 bat?
2204 3983 2293 4036 Ait
2329 3983 2695 4054 Euthymius:
2744 3982 2911 4037 Estne
2943 3982 3022 4035 sol
3055 3989 3249 4050 suapte
3278 3981 3624 4050 splendidus,

2033 4085 2089 4131 et
2134 4075 2298 4129 unius
2330 4073 2722 4132 subsistentiis,
2750 4088 2820 4126 an
2875 4071 3102 4125 alterius
3133 4084 3350 4139 quoque
3403 4067 3625 4137 partici-

2035 4170 2176 4240 pat?
2211 4167 2350 4224 Dicit
2380 4166 2735 4222 Saracenus:
2784 4165 2842 4219 In
2901 4164 3017 4219 sole
3073 4174 3180 4218 tres
3251 4160 3622 4217 subsistentia:

2036 4271 2186 4322 sunt,
2219 4257 2651 4329 receptaculum,
2685 4258 2777 4310 lux
2826 4262 2883 4309 et
2913 4254 3072 4309 radii.
3120 4254 3209 4307 Ait
3253 4251 3621 4322 Euthymius:

2038 4351 2181 4406 Solis
2214 4350 2347 4404 radii
2382 4349 2696 4403 universam
2750 4355 2947 4400 terram
3002 4346 3319 4407 lustrantes.
3390 4343 3434 4396 si
3478 4340 3621 4396 forte

2041 4441 2094 4495 in
2127 4439 2613 4510 proluudissimum
2649 4448 2871 4505 puteum
2909 4436 3174 4498 incidant,
3241 4448 3369 4487 num
3410 4433 3619 4486 idcirco

340 4534 551 4602 χομᾶνη
580 4505 621 4602 ἡ.
647 4505 807 4597 ἀκτλς
834 4536 931 4589 τοῦ
971 4505 1161 4606 ἡλίου,
1200 4505 1666 4611 α’παλλότριοῦται
1697 4546 1731 4615 ἡ
1773 4505 1931 4608 ακτῖις

2040 4505 2177 4583 radii
2208 4545 2239 4583 a
2262 4528 2375 4582 sole
2401 4535 2496 4581 aut
2521 4527 2643 4580 luce
2672 4523 3060 4578 abalienantur
3083 4522 3104 4574 ?
3131 4521 3620 4593 DicjtSaracenus:

339 4626 437 4679 τοῦ
476 4627 705 4698 ἡλίου,ῆ
730 4627 823 4681 τοῦ
860 4630 1039 4698 φωτός
1062 4647 1077 4694 ;
1101 4630 1269 4700 Λέγει
1315 4633 1345 4685 6
1386 4635 1738 4704 Σαρακηνός·
1775 4637 1931 4708 Οὐχὶ,

338 4718 481 4769 ὰ).ὶά
510 4717 572 4770 τὸ
599 4720 777 4789 παρὸν
806 4724 870 4789 τῇ
897 4722 965 4788 γῇ
996 4721 1136 4788 φῶς,
1176 4723 1310 4777 αὐτὸ
1340 4718 1408 4793 ἦν
1438 4727 1533 4778 καὶ
1558 4725 1694 4781 ἄνω.
1734 4729 1878 4798 Ἔφη
1904 4730 1931 4782 6

341 4808 627 4878 Εὺθὺμιος
651 4827 667 4843 ·
710 4812 819 4864 Καὶ
847 4815 945 4868 ἐὰν
971 4816 997 4867 6
1025 4814 1176 4885 ἦλιος
1208 4816 1235 4867 6
1275 4818 1499 4880 κτιστὸς
1530 4819 1627 4870 καὶ
1682 4818 1928 4890 φθαρτὸς

342 4906 442 4959 καὶ
472 4906 587 4959 ἄνω
618 4908 843 4974 φωτίζει
877 4911 970 4962 καὶ
1006 4914 1181 4975 κάτω,
1215 4913 1370 4982 πόσῳ
1397 4931 1461 4980 γε
1492 4914 1695 4980 μᾶλλον
1734 4918 1763 4969 6
1802 4917 1931 4970 Κτί-

343 5015 483 5067 στης
511 4999 754 5063 πάντων,
787 5000 816 5053 6
852 5000 1047 5072 παρὼν
1081 5005 1138 5056 ἐν
1170 5007 1238 5075 τῇ
1277 5006 1466 5076 μήτρᾳ
1494 5009 1561 5076 τῇ
1595 5007 1930 5080 παρθενικῇ,

346 5092 513 5150 αὑτὸς
540 5086 610 5160 ἦν
674 5092 771 5144 καὶ
810 5093 869 5146 ὲν
931 5094 1008 5164 τῷ
1048 5096 1266 5167 οὐρανῷ
1311 5100 1407 5150 καὶ
1448 5099 1543 5150 ἐπὶ
1591 5101 1778 5153 πᾶσαν
1832 5105 1933 5170 τὴν

339 5196 559 5243 κτισ.ν;

417 5275 488 5342 γ’.
514 5276 681 5344 Λέγει
715 5280 744 5329 6
768 5278 1120 5351 Σαρακηνός·
1158 5283 1270 5336 Καὶ
1318 5284 1631 5351 στρκωθεὶς
1664 5287 1757 5339 καὶ
1802 5304 1931 5354 γεν-

340 5367 533 5436 νηθεὶς
569 5371 635 5421 ὲκ
670 5370 774 5440 τῆς
804 5374 1049 5443 Μαρίας,
1071 5375 1192 5439 πῶς
1223 5376 1388 5429 πάλιν
1413 5378 1633 5446 λέγεται
1668 5381 1751 5432 ὅτι
1784 5398 1931 5451 παρ-

343 5459 498 5525 θένος
520 5458 589 5535 ἦν
626 5464 659 5533 ὴ
693 5464 917 5534 Μαρίας
956 5466 1018 5518 '0
1050 5468 1207 5535 ἅγιος
1240 5468 1517 5540 Εὑθύμιος
1544 5471 1651 5542 ἔφη
1672 5488 1688 5504 ο
1734 5472 1794 5526 '0
1815 5473 1933 5526 6m-

346 5553 581 5623 ςθείρας
657 5558 962 5629 παρθενίαν
1018 5562 1113 5615 ἐπὶ
1174 5564 1437 5634 συνουσίᾳ
1494 5564 1589 5616 δύο
1659 5565 1932 5635 σωμάτων

340 5645 582 5717 γίνεται,
611 5650 1058 5725 ἀποτελουμένης
1088 5656 1387 5727 ἁμαρτίας.
1434 5656 1558 5709 Ἐπὶ
1593 5657 1648 5709 δὲ
1680 5656 1757 5726 τῷ
1788 5675 1926 5711 παν-

490 5832 509 5863 ⁸
542 5832 681 5888 Psal.
710 5850 880 5902 xxxii,
906 5836 957 5890 6.

2036 4622 2390 4693 Nequaquam
2420 4638 2435 4687 ;
2460 4621 2556 4675 sed
2587 4634 2708 4689 quae
2729 4627 2954 4689 apparet
2980 4617 3032 4670 in
3060 4626 3203 4671 terra
3230 4615 3321 4669 lux
3353 4615 3543 4669 eadem
3570 4623 3625 4668 et

2037 4729 2276 4786 superne
2314 4724 2418 4769 est.
2445 4715 2534 4768 Ait
2565 4713 2888 4784 Euthymius
2924 4727 2938 4765 :
2989 4710 3045 4765 Si
3075 4724 3206 4780 ergo
3266 4708 3368 4772 sol,
3438 4716 3623 4763 creata

2041 4824 2128 4866 res
2158 4818 2213 4864 et
2239 4807 2639 4877 corruptibilis,
2684 4818 2794 4861 tum
2821 4820 3062 4876 superne
3098 4803 3371 4859 illuminat
3397 4812 3510 4856 tum
3539 4802 3625 4855 in-

2039 4902 2211 4965 ferne,
2265 4910 2474 4971 quanto
2548 4900 2720 4967 magis
2786 4913 2966 4953 rerum
3038 4896 3287 4951 omnium
3366 4895 3618 4957 Creator,

2038 4995 2139 5049 etsi
2165 4996 2221 5049 in
2247 5003 2405 5049 utero
2434 4993 2962 5065 virginaliprzesens.
2988 4991 3131 5046 idem
3169 4988 3224 5043 in
3248 4987 3388 5044 coelo
3405 5003 3623 5057 quoque

2041 5095 2181 5152 erat,
2218 5094 2273 5142 et
2302 5101 2468 5156 supra
2497 5086 2797 5157 quamlibet
2829 5093 3142 5147 creaturam
3174 5084 3196 5135 ?

2112 5293 2163 5344 5.
2202 5289 2341 5343 Dicit
2365 5288 2671 5341 Saraccnus
2701 5304 2711 5337 :
2745 5283 2802 5337 Si
2847 5283 3087 5337 Verbum
3140 5281 3484 5335 incarnattnn
3536 5288 3619 5331 (εει
3722 5277 3729 5283 ⁷

2038 5401 2101 5438 ac
2128 5392 2311 5435 natum
2336 5380 2405 5434 de
2426 5378 2613 5443 Maria,
2649 5376 2924 5447 quomodo
2948 5377 3057 5443 jam
3085 5375 3285 5428 dicitur
3328 5372 3477 5437 virgo
3507 5369 3617 5423 Ma-

2040 5481 2117 5530 ria
2141 5476 2163 5528 ?
2194 5474 2430 5528 Sanctus
2461 5471 2783 5541 Euthymius
2805 5469 2917 5523 ait:
2946 5464 3288 5537 Virginitatis
3312 5462 3531 5516 violatio
3560 5464 3618 5515 tit

2039 5569 2272 5622 duorum
2310 5580 2600 5634 corporum
2621 5562 2836 5632 copula,
2861 5561 2991 5615 dum
3025 5566 3308 5628 peccatum
3341 5561 3614 5623 patratur.

2039 5658 2144 5712 Sed
2175 5668 2351 5711 tamen
2389 5655 2735 5724 onmipotcus
2758 5652 2897 5706 Deus
2914 5649 3067 5703 aliter
3095 5648 3222 5717 agit,
3242 5647 3333 5715 qui
3354 5645 3619 5714 quidquid
