4104 6406
3177 223 3194 255 ι

466 370 536 433 E3
1697 359 2078 426 EUTl-lYMIl
2117 359 2476 422 ZlGABENI
3663 349 3736 414 24

471 481 603 534 vult
639 485 837 549 potest.
889 475 984 531 Vis
1032 475 1285 547 superior
1338 475 1572 531 faciendi
1617 475 1840 545 aliquid,
1888 473 2059 529 vincit

2164 470 2450 542 τοδυνάμῳ
2477 469 2600 542 Θεῷ
2661 469 2760 541 οὐχ
2811 465 3007 535 οὕτως,
3073 464 3211 522 ἀλλὰ
3253 465 3362 522 πᾶν
3388 463 3563 538 ἰσχύει
3599 466 3735 520 ὅπου

470 581 680 626 naturae
709 568 1192 624 consuetudinem.
1225 567 1363 623 Dicit
1393 568 1735 623 Saracenus:
1771 567 1882 623 Cur
1913 580 2055 636 opus

466 673 585 716 erat
617 661 710 718 tali
740 660 1021 732 mysterio,
1081 675 1282 730 nempe
1309 669 1368 715 ut
1427 661 1573 714 Deus
1631 660 1798 715 homo
1852 659 2058 714 fieret?

460 753 554 813 Ait
580 754 901 824 Euthymius
929 771 943 809 :
971 751 1038 807 Ut
1058 751 1424 808 adversarium
1439 751 2052 814 diabolumlcontereret.

472 859 529 906 et
552 848 830 902 hominem
867 845 1124 902 salvaret.
1154 845 1298 901 Dicit
1353 844 1706 900 Saracenus:
1766 841 1941 897 Etiam
1996 842 2053 895 in

465 943 607 998 caelo
633 942 774 996 Deus
798 956 1047 1008 manens,
1078 957 1262 996 nonne
1293 950 1507 1012 poterat
1542 939 1792 1011 angelum
1819 939 2055 1003 mittere,

466 1044 522 1089 et
553 1035 635 1090 vel
658 1049 769 1089 uno
796 1034 944 1089 dicto
964 1034 1239 1088 diabolum
1283 1034 1577 1096 debellare,
1634 1033 1768 1103 quin
1819 1032 1890 1087 ob
1935 1046 2056 1088 eam

467 1141 687 1181 causam
718 1127 885 1181 homo
915 1126 1119 1181 ﬁeret?
1158 1126 1429 1181 Praeterea
1455 1127 1548 1195 qui
1579 1125 1694 1180 fieri
1744 1125 1941 1195 potuit,
1997 1132 2059 1180 ut

466 1217 633 1273 homo
661 1234 782 1273 cum
816 1218 1035 1273 diabolo
1071 1234 1309 1289 pugnam
1341 1225 1658 1272 consereret
1689 1219 1824 1272 ?Ait
1847 1217 2056 1290 Euthy-

468 1308 650 1364 mius:
683 1307 741 1362 Si
772 1309 914 1364 Deus
945 1323 1070 1364 cum
1110 1309 1328 1364 diabolo
1354 1309 1597 1378 praelium
1645 1308 1913 1376 inivisset,
1945 1309 2062 1363 lau-

468 1401 523 1455 di
555 1416 619 1456 ac
643 1401 840 1472 gaudio
881 1401 932 1456 id
990 1401 1096 1457 sibi
1173 1401 1425 1457 diabolus
1475 1401 1878 1472 adscripsisset.
1919 1401 2058 1457 Nam

473 1494 724 1549 diabolus
777 1510 876 1566 spe
933 1495 1238 1551 divinitatis
1297 1497 1722 1566 consequentiae,
1789 1497 1906 1552 loco
1961 1511 2062 1551 suo

468 1584 659 1654 pulsus
691 1584 810 1640 fuit.
843 1585 1002 1641 Nunc
1027 1601 1160 1641 vero
1190 1588 1335 1642 haud
1366 1587 1591 1649 mirum,
1622 1589 1667 1642 si
1697 1586 1906 1644 diceret
1932 1607 1946 1644 :
1979 1587 2064 1644 Vi’

468 1683 590 1730 etus
621 1674 698 1730 l’ui
739 1693 754 1744 ;
787 1676 881 1732 sed
911 1686 1093 1731 tamen
1125 1678 1342 1733 nonnisi
1371 1693 1537 1734 carne
1559 1688 1849 1750 conspecta
1867 1679 2063 1750 decep-

471 1777 557 1821 tus
585 1783 704 1822 sum
736 1784 750 1823 :
790 1768 960 1824 veluti
1000 1772 1243 1839 piscator
1266 1772 1432 1826 hamo
1463 1772 1696 1842 imponit
1722 1773 2058 1829 inescantem

468 1874 714 1925 carnem,
755 1870 815 1917 ut
878 1862 1085 1933 piscem
1139 1865 1430 1934 decipiat:
1502 1881 1738 1936 namque
1799 1880 1862 1920 ea
1913 1867 2053 1932 visa,

469 1951 639 2020 piscis
671 1953 976 2024 ingreditur
1008 1970 1264 2026 sagenam
1295 1965 1350 2011 et
1375 1957 1609 2027 capitur,
1667 1957 1812 2012 haud
1874 1959 2058 2014 sciens

471 2046 616 2098 intra
679 2048 1151 2116 carnemllatere
1228 2048 1654 2119 validam_l‘erri
1731 2051 1862 2107 vim.
1964 2052 2058 2108 Sic

471 2146 530 2192 tu
571 2137 703 2191 mihi
735 2138 802 2192 de
826 2136 940 2193 Deo
970 2139 1166 2211 cogita,
1199 2140 1292 2211 qui
1323 2157 1447 2196 cum
1467 2157 1688 2196 carnem
1721 2143 1824 2198 sibi
1851 2143 2058 2199 induis-

470 2237 574 2290 set,
608 2237 664 2283 et
688 2229 924 2285 daamoni
958 2231 1272 2299 objecisset,
1303 2233 1571 2288 accedens
1619 2249 1772 2289 more
1810 2250 1910 2289 suo
1937 2235 2059 2290 dia-

471 2319 627 2374 bolus
658 2319 725 2374 ad
757 2335 978 2376 carnem
1017 2323 1459 2392 oppugnandam,
1489 2338 1519 2379 a
1550 2323 1752 2379 latente
1781 2323 1926 2380 intra
1946 2339 2060 2380 car-

471 2426 597 2464 nem
629 2411 916 2468 divinitate
949 2424 1246 2484 superatus
1269 2413 1393 2470 fuit.

540 2502 596 2557 4.
656 2502 796 2558 Dicit
827 2504 1174 2561 Saracenus:
1219 2505 1324 2562 Vos
1365 2507 1791 2564 nudiustertiani
1824 2525 1947 2565 cum
1978 2512 2057 2566 si-

475 2592 566 2656 tis,
597 2597 874 2664 quomodo
903 2611 1025 2665 quae
1063 2605 1191 2650 ante
1230 2597 1426 2652 saecula
1481 2597 1708 2653 fuerunt
1738 2600 1892 2656 scitis
1918 2601 1942 2654 ?
1971 2603 2062 2658 Ait

475 2684 837 2755 Eutliymius:
869 2685 1132 2741 Creatura
1159 2689 1412 2742 minorue
1441 2696 1525 2743 est
1555 2688 1836 2749 Creatore.
1873 2707 1941 2746 an
1974 2707 2061 2747 se-

474 2774 619 2828 cus?
649 2775 790 2831 Dicit
818 2776 1159 2832 Saracenus:
1195 2778 1339 2833 Vero
1364 2820 1378 2834 .
1411 2779 1498 2833 Ait
1537 2780 1858 2852 Euthymius
1886 2799 1898 2835 :
1939 2781 2063 2838 Coe-

475 2863 588 2916 lum
655 2872 712 2919 et
761 2873 904 2920 terra
954 2877 1120 2936 atque
1170 2867 1429 2923 universa
1468 2868 1536 2922 ab
1582 2869 1835 2940 aliquone
1883 2882 2062 2928 creata

477 2954 721 3020 luerunt,
764 2972 834 3011 an
866 2959 1068 3012 secus?
1097 2957 1238 3014 Dicit
1271 2958 1614 3016 Saracenus:
1654 2961 1815 3017 Certe
1847 2964 1916 3018 ab
1963 2964 2063 3020 ali-

473 3061 603 3114 quo.
639 3048 730 3103 Ait
785 3048 1110 3122 Euthymius
1154 3069 1169 3105 :
1217 3049 1335 3106 Jam
1384 3062 1531 3122 patet
1599 3052 1913 3111 Creatorem
1963 3057 2061 3111 ha-

475 3137 657 3193 buisse
690 3140 802 3195 vim
854 3142 1180 3198 efﬁcientem
1223 3145 1386 3198 etiam
1438 3154 1566 3200 ante
1610 3148 1834 3204 saecula.
1886 3147 2061 3206 Porro

475 3245 542 3285 ex
573 3233 970 3302 apparentibus
1010 3236 1302 3300 creaturis,
1335 3239 1501 3292 etiam
1532 3255 1595 3293 ea
1636 3255 1757 3310 quae
1804 3251 1934 3296 ante
1960 3258 2060 3298 Ste-

474 3321 596 3376 cula
651 3325 981 3381 exstiterunt
1036 3329 1442 3400 cognoscimus.
1499 3330 1642 3387 Dicit
1701 3332 2056 3390 Saracenus:

473 3417 765 3482 Quomodo
810 3433 909 3475 vos
950 3421 1157 3486 dicitis,
1200 3425 1346 3494 quod
1393 3435 1555 3479 natus
1606 3426 1777 3480 Filius
1829 3442 1938 3482 non
1995 3428 2068 3483 sit

474 3519 713 3578 creatus,
744 3513 838 3569 sed
872 3525 1178 3572 coaeternus
1200 3533 1323 3572 cum
1357 3517 1516 3574 Patre
1545 3519 1568 3573 ?
1595 3520 1684 3575 Ait
1706 3520 2026 3592 Euthymius
2051 3539 2066 3577 :

473 3607 533 3660 ln
585 3615 742 3676 parte
789 3607 1011 3679 quidem
1063 3621 1246 3666 creata
1277 3613 1640 3683 ,corruptela:
1689 3621 1743 3669 et
1781 3615 2065 3671 mutationi

471 3693 581 3750 fuit
629 3696 942 3764 obnoxius;
991 3698 1045 3752 in
1077 3709 1232 3768 parte
1263 3711 1446 3755 autem
1492 3701 1674 3757 divina
1694 3713 1747 3756 et
1772 3703 2068 3759 incircum-

484 3787 690 3858 scripta
725 3826 741 3852 ,
795 3790 1087 3859 oportebat
1139 3799 1389 3846 naturam
1438 3793 1558 3862 ejus
1604 3794 1899 3850 increatam
1943 3811 2066 3852 esse

477 3890 642 3952 atque
685 3891 1048 3937 coaeternam.
1087 3883 1553 3940 DicitSaracenus
1583 3903 1597 3940 :
1630 3886 1918 3951 Quomodo
1960 3889 2067 3945 Pa-

476 3983 616 4027 trem
655 3982 710 4028 et
742 3972 939 4028 Filium
987 3984 1043 4029 et
1087 3973 1349 4045 Spiritum
1392 3987 1643 4031 sanctum
1720 3978 1954 4035 dicitis?
2004 3981 2068 4036 Et

478 4065 738 4134 quoniam
790 4074 901 4121 tres
961 4065 1143 4122 dicitis
1193 4069 1237 4130 ',
1279 4069 1558 4137 quomodo
1614 4085 1721 4123 una
1763 4071 2066 4127 substantia

478 4166 534 4212 et
579 4157 825 4228 potentia
881 4159 1058 4212 sunt?
1098 4173 1284 4213 nonne
1336 4160 1534 4231 singuli
1591 4162 1870 4232 propriam
1908 4171 2068 4218 natu-

480 4267 594 4305 ram
617 4251 918 4321 agendique
941 4251 1046 4307 vim
1079 4252 1383 4308 habebunt?
1403 4255 1492 4308 Ait
1509 4253 1832 4326 Euthymius
1859 4275 1871 4311 :
1894 4256 2066 4324 Mens,

479 4335 621 4404 regis
650 4351 806 4391 mens
849 4347 955 4398 eSt,
1003 4337 1223 4392 necne?
1274 4338 1414 4394 Dicit
1453 4337 1797 4394 Saracenus:
1847 4339 2066 4410 Utique.

481 4427 805 4501 Euthymius
862 4442 876 4486 :
944 4427 1181 4484 Vrrbum
1235 4428 1356 4495 ejus
1417 4439 1472 4483 et
1533 4430 1783 4499 spiritus,
1853 4432 2066 4503 regisne

2161 560 2434 633 βουληθῇ·
2471 561 2506 632 ἡ
2540 559 2694 630 ἰσχὺς
2733 557 2960 628 ποιῆσαί
2997 573 3051 611 τι
3091 557 3221 628 νικᾷ
3252 556 3315 610 τὸ
3353 554 3585 627 σύνηθες
3635 557 3734 625 τῆς

2161 649 2396 720 φύσεως.
2429 650 2596 718 Λέγει
2646 650 2675 703 6
2719 647 3042 719 Σαρακηνός
3065 662 3080 677 ·
3115 647 3226 698 Kal
3261 645 3406 716 τίςή
3443 643 3606 715 χρεία
3637 642 3732 697 τοῦ

2159 746 2406 799 τοιοῦτον
2452 742 2781 814 μυστηρίου,
2814 741 2900 795 ἵνα
2937 740 3073 803 Θεὸς
3128 737 3418 808 ἄνθρωπος
3465 737 3735 805 γένηταις

2163 833 2311 905 Ἔφη
2338 835 2364 886 6
2395 832 2666 902 Εὖθύμιος
2689 847 2704 862 ·
2738 831 2858 882 Ἵνα
2888 829 2981 882 τὸν
3010 826 3285 880 ἀντίδικον
3316 823 3568 876 διάϐολον
3610 838 3738 874 συν-

2160 926 2352 997 τρίψῃ,
2378 925 2474 979 καὶ
2499 925 2589 977 τὸν
2619 922 2908 992 ἄνθρωπον
2940 919 3110 990 σώσῃ.
3135 918 3301 986 Λέγει
3327 919 3355 969 6
3390 914 3735 985 Σαρακηνός·

2162 1020 2270 1072 Kal
2308 1020 2365 1071 ὲν
2387 1017 2464 1087 τῷ
2499 1014 2716 1088 οὐρανῷ
2743 1013 2876 1077 Θεὸς
2923 1013 3024 1066 οὐκ
3065 1010 3300 1079 ἠδύνατο
3329 1006 3390 1072 ἐξ
3431 1003 3739 1075 ἀποστολῆς

2162 1112 2421 1182 ἀγγέλου,
2459 1109 2490 1181 ἢ
2521 1109 2627 1162 ὑπὸ
2647 1107 2806 1175 λόγου
2827 1103 3139 1160 καταλῦσαι
3167 1101 3260 1155 τὸν
3281 1097 3551 1162 διάϐολον,
3584 1097 3632 1149 εἰ
3658 1097 3737 1166 μὴ

2162 1205 2295 1269 Θεὸς
2323 1203 2614 1274 ἄνθρωπος
2645 1201 2966 1271 γενόμενος;
2996 1197 3107 1251 Kal
3135 1195 3254 1257 πῶς
3285 1189 3352 1265 ἦν
3382 1191 3609 1254 δυνατὸς
3644 1190 3738 1244 ἄν·

2161 1298 2380 1370 θρωπος
2416 1295 2726 1366 πολεμῆσαι
2751 1292 2844 1345 τὸν
2877 1290 3130 1344 διάϐολον
3157 1304 3173 1354 ;
3208 1287 3354 1356 Ἔφη
3382 1285 3410 1337 6
3442 1283 3740 1353 Εὐθύμιοςο

2171 1391 2300 1444 Ἐάν
2328 1391 2357 1444 6
2401 1388 2535 1451 Θεὸς
2569 1385 2884 1456 ἐπολέμησε
2939 1383 3032 1435 τὸν
3091 1378 3365 1444 διάϐολον,
3397 1379 3478 1440 εἰς
3514 1375 3742 1429 ἔπαινον

2161 1484 2226 1538 ἂν
2256 1482 2349 1537 καὶ
2374 1480 2637 1550 καύχημα
2662 1472 2777 1548 εἶχε
2818 1473 2981 1529 τοῦτο
3016 1473 3045 1526 6
3077 1472 3326 1533 διάϐολος
3347 1486 3364 1504 ο
3399 1471 3609 1531 ἐκεῖνος
3631 1465 3740 1536 γὰρ

2161 1578 2227 1646 τῇ
2268 1573 2444 1628 ἐλπίδι
2469 1571 2570 1642 τῆς
2599 1569 2854 1639 θεότητος
2889 1565 3195 1637 ἀπερρίφη.
3228 1563 3342 1618 Kal
3384 1561 3445 1615 οὐ
3479 1559 3668 1632 θαῦμα
3690 1559 3741 1612 εί

2162 1665 2317 1723 εἶπεν
2346 1665 2661 1735 Ἐνικήθην,
2706 1663 2822 1716 ἀλλ’
2857 1659 3194 1728 έδελεάσθην
3224 1656 3332 1711 ὑπὸ
3376 1655 3477 1725 τῆς
3507 1652 3738 1724 σαρκός·

2163 1761 2355 1829 ὥσπερ
2387 1759 2415 1811 6
2469 1755 2654 1818 ἁλιεὺς
2691 1752 2895 1808 ὲνδύων
2939 1747 2999 1804 τὸ
3039 1750 3340 1818 ἄγκιστρον
3376 1743 3548 1816 κρέας
3591 1740 3742 1796 δελε-

2091 1830 2132 1886 B
2161 1856 2430 1924 άσματος,
2463 1850 2552 1903 ἵνα
2580 1848 2671 1903 τὸν
2705 1846 2859 1917 ἰχθὺν
2885 1843 3133 1898 δελεάσοι
3160 1856 3176 1872 °
3222 1840 3319 1894 καὶ
3347 1837 3495 1909 δρῶν
3526 1837 3554 1888 6
3585 1834 3741 1904 ἰχθὺς

2159 1948 2222 2002 τὸ
2260 1946 2433 2018 κρέας
2490 1943 2808 2013 εἰσέρχεται
2857 1937 2954 1992 καὶ
3008 1937 3330 2004 ζωγρεῖται,
3370 1931 3448 2002 μὴ
3478 1928 3616 1983 νοῶν
3651 1928 3738 1980 ὅτι

2159 2041 2313 2104 ἐντὸς
2346 2038 2441 2093 τοῦ
2473 2037 2706 2109 κρέατος
2739 2031 2940 2103 ισχυρὰ
2961 2030 3196 2098 δύναμις
3228 2027 3449 2097 σιδήρου
3476 2023 3736 2093 ὑπάρχειο

2161 2134 2307 2189 οὕτω
2340 2133 2438 2187 καὶ
2477 2131 2573 2183 ἐπὶ
2608 2125 2750 2182 Θεοῦ
2781 2126 2890 2179 νόει
2925 2139 3047 2194 μοι’
3085 2120 3330 2182 ὲνδυθεὶς
3382 2116 3486 2188 τὴν
3519 2116 3730 2184 σάρκα,

2161 2227 2253 2282 καὶ
2285 2221 2610 2297 προσϐαλὼν
2630 2221 2708 2292 τῷ
2737 2219 2981 2289 δαίμονι,
3015 2215 3111 2270 καὶ
3142 2209 3463 2284 προσελθὼν
3494 2211 3522 2263 6
3551 2207 3739 2262 διάϐο-

2160 2325 2250 2386 λος
2282 2322 2424 2376 κατὰ
2453 2321 2512 2373 τὸ
2551 2316 2784 2387 σύνηθες
2808 2313 3124 2383 πολεμῆσαι
3144 2309 3243 2380 τὴν
3277 2310 3482 2378 σάρκα,
3521 2303 3735 2376 ἡττήθη

2161 2418 2315 2488 παρά
2347 2415 2447 2485 τῆς
2476 2413 2625 2476 έντὸς
2652 2413 2750 2478 τῆς
2791 2406 2994 2478 σαρκὸς
3040 2401 3433 2473 κεκρυμμένης
3456 2397 3735 2465 θεότητος.

2231 2512 2293 2565 δ’.
2327 2509 2494 2577 Λέγει
2537 2508 2565 2560 6
2617 2501 2970 2577 Σαρακηνόςο
3025 2499 3243 2568 Ὑμεῖς,
3291 2491 3528 2564 χθεσινοὶ
3565 2488 3743 2551 ὅντες,

2164 2603 2281 2666 πῶς
2309 2601 2488 2655 οἴδατε
2517 2598 2586 2652 τὰ
2618 2597 2724 2663 πρὸ
2756 2594 2968 2648 αἰώνων
2999 2608 3014 2658 ;
3055 2591 3203 2659 Ἔφη
3225 2589 3252 2641 6
3274 2584 3542 2653 Εὐθύμιος
3562 2599 3578 2616 ο
3612 2579 3746 2632 Κτί-

2164 2715 2278 2768 σμα
2305 2694 2525 2747 ἔλαττον
2556 2688 2624 2762 ἦν
2659 2687 2756 2741 τοῦ
2790 2685 3114 2748 Κτίσαντος,
3160 2681 3195 2752 ἢ
3233 2678 3293 2732 οὖ
3321 2695 3336 2742 ;
3379 2677 3545 2768 Λέγει
3579 2673 3608 2724 6

2167 2763 2402 2860 ρακηνός
2425 2783 2604 2848 ’,Ναί.
2639 2781 2786 2848 Ἔφη
2813 2779 2842 2830 6
2879 2774 3183 2845 Εὐθύμιος·
3229 2773 3288 2825 '0
3321 2767 3548 2841 οὐρανὸς
3585 2765 3678 2860 καὶ
3707 2763 3742 2834 ή

2163 2859 2238 2951 γῆ
2265 2879 2360 2933 καὶ
2388 2876 2457 2932 τὰ
2485 2876 2665 2929 πάντα
2698 2871 2803 2926 ὑπὸ
2827 2870 2974 2932 τινὸς
3013 2865 3345 2935 ἐκτίσθησαν
3369 2901 3384 2926 ,
3421 2862 3453 2931 ἢ
3488 2859 3745 2914 αὐτόκτι-

2166 2993 2266 3030 στα
2293 2969 2402 3045 ip);
2435 2971 2599 3037 Λέγει
2643 2969 2671 3022 6
2721 2962 3074 3037 Σαρακηνός⁹
3115 2959 3257 3014 Ὑπὸ
3307 2956 3475 3019 τινός.
3534 2953 3678 3045 Ἔφη
3713 2952 3742 3004 6

2167 3044 2475 3135 Εὐθύμιος’
2517 3058 2687 3130 Δῆλον
2709 3059 2793 3111 ὅτι
2835 3059 2863 3110 6
2899 3053 3142 3124 Κτίστης
3184 3047 3546 3122 ὲνεργητικὴν
3586 3044 3744 3098 δύνα-

2116 3200 2130 3254 :
2171 3178 2264 3233 μιν
2295 3154 2410 3228 εἷχε
2459 3153 2556 3209 καὶ
2603 3151 2713 3222 πρὸ
2741 3149 2956 3204 αίώνων
2981 3162 2996 3179 ο
3033 3145 3129 3200 καὶ
3161 3145 3225 3197 ὲκ
3247 3140 3744 3254 τῶνοφαινορὶέὲιων

2169 3231 2490 3320 κτισμάτων
2523 3243 2868 3314 γινώσκομεν
2919 3237 3016 3292 καὶ
3040 3237 3106 3290 τὰ
3140 3234 3246 3306 πρὸ
3289 3232 3503 3287 αἰώνων
3527 3269 3542 3284 .
3579 3231 3744 3296 Λέγει

2166 3348 2195 3399 6
2225 3340 2537 3415 Σαρακηνός
2561 3350 2578 3368 ⁸
2623 3336 2748 3398 Πῶς
2787 3333 2946 3404 ὑμεῖς
2983 3329 3140 3399 φατὲ,
3183 3329 3265 3382 ὅτι
3296 3329 3324 3380 6
3345 3324 3745 3415 γεγεννημένος

2181 3409 2329 3497 ’Υἱὸς
2357 3409 2457 3486 οὐκ
2486 3424 2555 3496 ἧν
2607 3423 2844 3488 κτιστὸς,
2877 3420 3014 3474 ἀλλὰ
3058 3417 3394 3486 συνάναρχος
3419 3413 3498 3484 τῷ
3527 3409 3740 3480 Πατρίς

2173 3529 2320 3598 Ἔφη
2354 3527 2383 3578 6
2415 3521 2723 3592 Εὐθύμιος·
2770 3516 2860 3569 Ἐν
2903 3513 3001 3584 μὲν
3056 3510 3130 3580 τῷ
3174 3505 3380 3575 κτιστῷ
3425 3506 3519 3598 καλ.
3562 3501 3746 3598 -φθορα

2170 3593 2460 3676 ὑπέκειται
2491 3615 2587 3668 καὶ
2619 3606 2928 3672 ἀλλοιώσει,
2959 3603 3055 3658 ἐπὶ
3083 3602 3140 3656 δὲ
3169 3600 3226 3654 τὸ
3252 3600 3395 3652 θεῖον
3425 3597 3520 3650 καὶ
3549 3593 3746 3664 ὸιιιιερί⁸

2169 3727 2416 3784 γραπτον
2459 3706 2567 3760 εδει
2615 3703 2676 3756 τὸ
2747 3700 2848 3769 τῆς
2905 3695 3112 3759 οἰκείας
3187 3691 3403 3762 φύσεως
3460 3685 3746 3784 εἷναιᾼκαὶ

2167 3779 2425 3861 άκτιστον
2452 3799 2547 3854 καὶ
2585 3795 2945 3865 συνάναρχον.
2979 3790 3145 3857 Λέγει
3174 3787 3203 3840 6
3227 3783 3547 3856 Σαρακηνός
3571 3797 3588 3812 ο
3618 3779 3746 3841 Πῶς

2172 3896 2391 3966 Πατέρα
2444 3891 2537 3947 xal
2584 3888 2714 3942 Υίὸν
2763 3885 2860 3941 καὶ
2909 3883 3065 3952 ἆγιον
3097 3879 3323 3949 Πνεῦμα
3356 3876 3584 3944 λέγετε;
3634 3870 3746 3926 Kal

2171 3987 2294 4042 ἐπεὶ
2326 3965 2498 4055 τρεῖς
2551 3980 2741 4048 λέγετε
2762 3979 2806 4045 ⁸,
2864 3975 2983 4039 πῶς
3035 3973 3248 4042 πέφυκε
3303 3969 3374 4022 τὰ
3425 3968 3554 4038 τρία
3615 3965 3748 4036 μιᾶς

2172 4080 2532 4140 ὑποστάσεως
2586 4077 2683 4128 καὶ⁸
2736 4069 2985 4138 ἐξουσίας
3034 4063 3210 4133 εἷναι;
3247 4063 3489 4134 δηλονότι
3534 4061 3658 4115 καθ’
3687 4059 3746 4111 έν

2177 4175 2314 4230 ίδίαν
2340 4171 2502 4244 φύσιν
2529 4169 2624 4223 καὶ
2675 4167 2959 4236 ἐνέργειαν
2992 4161 3127 4231 ἔχοι.
3171 4159 3321 4228 Ἔφη
3359 4157 3389 4209 6
3431 4154 3742 4223 Εὑθύμιοςο

2168 4268 2313 4330 Νοῦς
2351 4263 2445 4319 τοῦ
2481 4261 2747 4334 βασιλέως
2791 4257 2916 4321 νοῦς
2951 4257 3126 4320 ἐστιν,
3162 4254 3195 4324 ἢ
3234 4249 3327 4316 οὖ;
3357 4249 3524 4317 Λέγει
3576 4248 3604 4298 6
3639 4247 3748 4300 Σα-

2173 4358 2430 4433 ρακηνός·
2470 4355 2602 4409 Ναί.
2642 4353 2785 4421 Ἔφη
2817 4351 2845 4402 6
2883 4345 3191 4417 Εὑθύμιοςο
3237 4343 3345 4433 Kal
3384 4341 3543 4433 λόγος
3579 4336 3745 4433 αὐτοῦ

2169 4431 2263 4508 καὶ
2289 4452 2352 4505 τὸ
2381 4448 2602 4518 πνεῦμα
2649 4442 2933 4514 βασιλέως
2961 4439 3120 4501 εἰσὶν,
3157 4438 3190 4506 ἢ
3227 4432 3329 4500 οὖ;
3389 4432 3553 4499 Λέγει
3580 4432 3608 4483 6
3639 4431 3746 4482 Σα-

478 4525 606 4571 sunt
637 4559 650 4578 ,
680 4532 746 4571 an
777 4518 978 4574 secus?
1007 4517 1149 4572 Dicit
1179 4516 1486 4574 Saracenus
1513 4536 1526 4572 :
1558 4518 1701 4574 Sane
1727 4521 1869 4593 regis
1913 4531 2061 4576 sunt.

2174 4542 2432 4616 ρακηνὸςο
2478 4516 2586 4594 Nal
2633 4533 2899 4608 βασιλέως
2941 4529 3114 4584 εἰσίν.
3167 4527 3310 4594 Ἔφη
3360 4528 3388 4579 ὁ
3435 4523 3744 4616 magum?

478 4611 567 4664 Ait
596 4609 1134 4680 EuthymiuszEcce.
1187 4620 1249 4665 ut
1274 4612 1374 4674 ais,
1415 4611 1471 4665 in
1505 4627 1630 4682 rege
1684 4620 1794 4666 tres
1851 4621 2063 4669 natum

477 4712 609 4757 sunt
629 4709 686 4755 et
720 4711 827 4757 tres
854 4703 1044 4772 agendi
1065 4703 1252 4758 vires?
1274 4701 1766 4758 DicitSaracenus:
1795 4704 2063 4774 Equidem

478 4798 534 4850 in
567 4812 693 4866 rege
716 4804 829 4851 tres
852 4806 982 4851 sunt
1006 4796 1204 4868 agendi
1233 4797 1398 4865 vires,
1430 4799 1525 4852 sed
1552 4813 1692 4852 unus
1717 4812 1833 4852 rex.
1852 4797 1940 4851 Ait
1960 4796 2065 4852 Eu-

479 4889 763 4959 thymius:
795 4887 886 4944 Sic
921 4905 1050 4961 ergo
1084 4897 1140 4944 et
1168 4903 1269 4961 ego
1298 4889 1442 4944 haud
1475 4889 1662 4944 divido
1688 4905 1858 4943 unum
1893 4887 2065 4944 Deum

479 4985 533 5036 in
554 4983 826 5050 tresdeos,
844 4984 940 5039 sed
960 4998 1130 5038 unum
1147 4981 1318 5038 Deum
1347 4982 1470 5039 dico
1493 4997 1618 5038 cum
1646 4982 1827 5037 Verbo
1856 4991 1908 5037 et
1941 4981 2065 5052 Spi-

478 5077 587 5130 ritu
617 5118 629 5129 .

549 5189 584 5244 5
610 5227 624 5242 .
658 5188 804 5246 Dicit
834 5188 1142 5244 Saracenus
1177 5205 1192 5242 :
1221 5187 1510 5255 Quomodo
1537 5187 1721 5241 dicitis
1753 5185 1922 5241 Deum
1973 5203 2066 5242 co-

480 5279 727 5348 pulatum
761 5279 1114 5345 humanitati,
1146 5287 1202 5333 et
1239 5279 1384 5349 quod
1427 5278 1543 5347 ipse
1575 5277 1740 5332 homo
1765 5277 2069 5347 appellatus

483 5371 554 5424 sit
587 5370 776 5427 Deus?
807 5371 1082 5442 quomodo
1109 5371 1297 5427 divina
1329 5377 1525 5425 natura
1570 5368 1816 5424 terrestri
1856 5376 2070 5423 natura:

484 5465 633 5517 unita
665 5464 788 5520 est?
816 5463 1101 5519 Undenam
1135 5463 1238 5518 hoc
1271 5460 1603 5518 ostenditis?
1633 5461 1829 5531 quibus
1862 5475 1925 5514 ex
1961 5460 2062 5514 mi-

482 5555 703 5619 raculis,
741 5565 837 5610 aut
862 5555 1238 5611 testimoniis?
1267 5557 1357 5610 Ait
1388 5554 1714 5625 Euthymius
1746 5568 1760 5606 :
1788 5551 1930 5618 Quid
1965 5550 2061 5605 tibi

483 5645 699 5700 videtur
727 5646 795 5702 de
829 5646 1011 5719 Moyse
1061 5657 1225 5718 atque
1295 5647 1478 5703 Isaia?
1519 5655 1762 5703 testesne
1813 5651 2066 5713 accepta-

600 5825 622 5857 ⁸
670 5825 793 5881 Sur.
819 5839 886 5898 tv,
921 5823 1020 5881 169

2182 4613 2337 4701 Ἶδοῦ,
2363 4633 2440 4696 ὡς
2483 4631 2682 4699 λέγεις,
2735 4627 2793 4680 έν
2825 4623 2904 4693 τῷ
2953 4619 3165 4692 βασιλεῖ
3197 4618 3345 4690 τρεῖς
3384 4615 3576 4683 φύσεις
3616 4613 3744 4677 εἰσὶ,

2170 4726 2266 4780 καὶ
2293 4725 2443 4794 τρεῖς
2499 4718 2794 4789 ἐνέργειαι.
2849 4713 3013 4780 Λέγει
3061 4710 3091 4761 6
3125 4705 3441 4778 Σαρακηνός
3471 4718 3486 4734 ο
3525 4704 3633 4794 Nai
3686 4705 3746 4794 έν

2173 4787 2412 4882 βασιλεῖ·
2451 4808 2508 4860 ὲν
2560 4787 2736 4872 τούτῳ
2785 4801 2918 4869 γοῦν
2963 4799 3112 4868 τρεῖς
3149 4796 3448 4864 ἐνέργειαι,
3499 4793 3635 4846 ἀλλὰ
3667 4787 3747 4855 εἷς

2173 4900 2449 4974 βασιλεύς.
2509 4899 2568 4951 '0
2594 4893 2866 4963 Εὐθύμιος
2896 4890 3032 4960 ἔφη·
3068 4887 3203 4944 Οὐδὲ
3224 4885 3336 4955 ἐγὼ
3390 4886 3610 4957 χωρίζω
3653 4883 3746 4974 τὸν

2172 4972 2268 5048 ένα
2293 4990 2425 5045 Θεὸν
2456 4989 2536 5051 είς
2563 4987 2711 5056 τρεῖς
2764 4983 2944 5049 θεοὺς,
2981 4979 3097 5034 ἀλλ’
3125 4979 3222 5033 ἕνα
3247 4977 3380 5031 Θεὸν
3411 4976 3555 5046 λέγω
3607 4972 3746 5046 μετὰ

2166 5086 2342 5154 Λόγου
2380 5081 2475 5136 καὶ
2511 5078 2652 5132 Πνεύ
2663 5092 2855 5147 ματος.

2237 5175 2298 5231 ε’.
2348 5176 2512 5242 Λέγει
2547 5173 2575 5224 6
2629 5167 2947 5240 Σαρακηνός
2973 5183 2989 5199 ο
3053 5165 3176 5230 Πῶς
3226 5164 3415 5232 λέγετε
3468 5162 3551 5214 ὅτι
3610 5159 3744 5225 Θεὸς

2167 5268 2349 5342 ἡνώθη
2404 5269 2471 5339 τῇ
2531 5263 2937 5335 ἀνθρωπότητι,
2993 5263 3090 5314 καὶ
3143 5259 3308 5320 αὐτὸς
3367 5259 3396 5310 6
3455 5255 3746 5327 ἄνθρωπος

2169 5361 2374 5432 ἐκλήθη
2403 5359 2537 5421 Θεός
2569 5373 2583 5422 ;
2611 5353 2848 5418 καὶπῶς
2882 5353 3066 5424 ἠνώθη
3103 5354 3136 5421 ἡ
3173 5351 3333 5403 οὐσία
3363 5346 3463 5416 τῆς
3491 5347 3746 5417 θεότητος

2167 5457 2233 5525 τῇ
2264 5453 2423 5523 χοῖκῇ
2454 5449 2615 5520 οὐσίᾳ
2641 5465 2655 5514 ;
2686 5445 2859 5500 Πόθεν
2889 5444 3040 5516 ἔχετε
3067 5442 3237 5506 δεῖξαι
3266 5438 3452 5504 τοῦτο;
3488 5441 3553 5492 ἐκ
3575 5437 3744 5491 ποίων

2174 5544 2419 5617 σημείων
2454 5542 2550 5595 καὶ
2597 5543 2662 5593 ὲκ
2714 5537 2884 5592 ποίων
2940 5535 3297 5608 μαρτυριῶνς
3333 5533 3478 5603 Ἔφη
3513 5535 3541 5585 6
3575 5531 3748 5584 Εὐθύ-

2177 5655 2298 5710 μιος
2315 5653 2329 5669 ·
2349 5636 2414 5688 Τί
2441 5651 2524 5688 σοι
2550 5633 2697 5687 δοκεῖ
2729 5632 2756 5686 6
2781 5630 3067 5704 προφήτης
3087 5626 3330 5694 Μωῦσῆς
3350 5627 3446 5678 καὶ
3477 5623 3743 5695 Ἡσαΐαςς
