4104 6410
344 375 424 439 25
1578 382 2045 447 DISPUTATlO
2092 386 2188 447 DE
2228 383 2425 447 FIDE.
3563 376 3632 440 26

344 494 535 548 δεκτοὶ
585 493 868 564 μάρτυρές
901 498 1067 562 εἰσιν,
1105 494 1139 567 ἢ
1174 494 1234 549 οὗ
1266 512 1281 562 ;
1310 494 1477 562 Λέγει
1533 496 1561 549 6
1594 496 1939 569 Σαρακηνός·

2050 498 2186 553 biles
2222 507 2372 562 sunt,
2418 496 2640 551 necne?
2672 494 2812 551 Dicit
2863 496 3171 550 Saracenos
3219 508 3234 548 :

348 585 487 640 Ναί.
531 586 674 656 Ἔφη
714 586 1033 657 Εὺθὺμιοςο
1082 588 1209 642 Ἐὶιν
1249 588 1414 656 ἡμεῖς
1466 587 1617 658 μόνοι
1651 589 1752 661 τὴν
1804 592 1942 660 ἠμε-

349 679 526 749 τέραν
556 678 780 750 Γραφὴν
812 679 1261 749 μαρτυρήσωμεν
1300 678 1475 749 ἁληθῆ
1530 674 1694 744 εἶναι,
1754 682 1942 751 φαινό-

358 771 506 843 μεθα
533 772 764 842 ψεῦσται
785 788 800 805 ο
852 773 973 825 ἐστι
1026 772 1134 841 γὰρ
1161 774 1189 825 6
1223 774 1519 843 μαρτυρῶν
1570 773 1705 837 Θεὸς
1737 775 1801 827 ὲκ
1834 775 1943 828 τῶν

360 864 609 933 ἀπείρων
648 863 946 932 θαυμάτων
978 862 1088 917 τῶν
1122 865 1179 915 ὲν
1211 865 1332 926 ταῖς
1374 864 1725 933 Ἐκκλησίαις
1774 865 1935 936 ἡμῶν

356 954 671 1025 γενομένων
695 973 710 987 ο
739 956 890 1025 ὅμως
924 954 1068 1009 εῖπω
1107 971 1190 1007 σοι
1224 957 1314 1007 καὶ
1343 954 1411 1008 δι’
1446 955 1513 1025 ῆν
1547 957 1730 1009 αἰτίαν
1754 956 1945 1026 ὁμολο-

359 1050 657 1117 γεῖταιδτι
702 1049 730 1100 6
780 1047 1028 1108 διάϐολος
1082 1047 1314 1115 ἄγγελος
1358 1042 1427 1117 ἦν
1481 1046 1711 1117 πρώτως
1765 1047 1938 1100 Θεοῦ⁸

358 1142 460 1194 καὶ
505 1141 725 1204 ἐξέπεσε
758 1141 875 1200 ναὶ.
926 1139 959 1210 ἢ
994 1137 1091 1205 οὓς
1148 1139 1313 1207 Λέγει
1346 1140 1373 1191 6
1428 1136 1766 1207 Σαρακηνός’
1805 1136 1936 1191 Ναί.

363 1232 512 1302 Ἔφη
569 1232 599 1284 6
650 1230 962 1301 Εὐθύμιοςο
1021 1230 1134 1284 Καὶ
1187 1228 1373 1282 πεσὼν
1418 1230 1448 1281 6
1502 1226 1769 1292 διάϐολος,
1816 1228 1940 1281 τίνα

356 1324 638 1391 φθονήσας
689 1320 969 1391 ένίκησεν;
1008 1320 1171 1388 Λέγει
1212 1322 1240 1373 6
1272 1317 1592 1388 Σαρακηνός
1617 1332 1632 1347 ο
1685 1318 1791 1371 Τὸν
1842 1317 1939 1372 ἄν-

355 1415 605 1485 θρωπον.
662 1413 805 1484 Ἔφη
853 1414 881 1464 6
912 1410 1186 1482 Εὗθύμιος
1206 1426 1224 1443 ο
1267 1410 1581 1481 Κηδόμενος
1611 1409 1639 1462 6
1667 1408 1801 1473 Θεὸς
1838 1410 1940 1480 τὴν

360 1506 531 1575 φύσιν
559 1506 670 1559 τῶν
701 1504 1027 1575 ἀνθρώπων,
1065 1506 1165 1556 οὐκ
1193 1502 1380 1557 εἴασεν
1435 1501 1609 1572 αὐτὴν
1639 1518 1940 1571 τυραννου-

355 1598 531 1667 μένην
564 1597 667 1649 ὑπὸ
697 1595 788 1649 τοῦ
820 1596 1058 1662 Σατανᾶ,
1101 1594 1240 1651 ἀλλὰ
1289 1592 1625 1665 σωτηριώδει
1654 1594 1940 1665 οἰκονομίᾳ

352 1688 542 1757 ήνὼθη
573 1690 641 1759 τῇ
690 1686 1094 1757 ἀνθρωπότητι,
1144 1686 1327 1750 καθὼς
1380 1686 1650 1757 ἀριδήλως
1695 1687 1743 1738 οῖ
1792 1685 1937 1753 ἅγιοι

351 1781 637 1848 προφῆται
668 1780 819 1848 ἡμᾶς
844 1778 1210 1833 διδάσκουσιν.
1245 1779 1447 1833 ’Δκουε
1479 1778 1574 1831 τοῦ
1606 1777 1933 1845 μεγαλοφωο

350 1847 584 1925 νοτὰτου
614 1847 844 1925 Ἡσαΐου
854 1871 1163 1940 λέγοντος⁸ο
1184 1871 1431 1925 Παιδίον
1454 1868 1749 1940 ἐγεννήθη
1767 1868 1933 1937 ἡμῖν,
1966 1847 2010 1905 Β

3292 492 3511 564 Utique.
3544 494 3639 551 Ait

2045 590 2372 661 Euthymius
2403 606 2415 643 :
2445 588 2504 643 Si
2537 604 2639 645 nos
2672 589 2773 644 soli
2806 587 3145 657 Scripturam
3178 596 3421 643 nostram
3454 601 3634 643 veram

2045 698 2168 739 esse
2203 692 2488 747 testemur,
2517 681 2810 737 mendaces
2857 681 3183 736 videbimur.
3220 679 3431 735 Etenim
3489 677 3635 733 Deus

2046 776 2418 832 testimonium
2459 776 2668 845 praebet
2701 790 2799 845 per
2828 773 3090 828 miracula
3124 773 3409 827 innumera
3439 772 3496 825 in
3528 771 3635 825 Ec-

2044 868 2226 924 clesiis
2263 867 2469 922 nostris
2497 875 2728 937 patrata.
2764 866 3046 935 Simulque
3078 865 3166 919 aio
3194 864 3314 929 tibi,
3347 879 3510 935 quam
3562 862 3634 917 ob

2042 975 2264 1016 causam
2298 958 2621 1022 aﬂirmetur,
2659 957 2935 1013 diabolum
2992 965 3150 1010 antea
3183 955 3350 1010 fuisse
3380 955 3632 1025 angelum

2048 1050 2161 1107 Dei.
2222 1050 2322 1105 Hic
2384 1051 2669 1106 exciditue
2748 1050 2867 1103 loco
2925 1063 3048 1112 suo,
3102 1063 3170 1102 an
3234 1047 3447 1102 secus?
3496 1044 3636 1100 Dicit

2045 1142 2387 1198 Saracenus:
2420 1141 2629 1197 Excidit
2661 1179 2676 1195 .
2712 1142 2801 1195 Ait
2831 1140 3195 1211 Euthymius:
3226 1136 3345 1192 1am
3378 1135 3627 1189 diabolus

2042 1237 2165 1289 loco
2196 1249 2297 1289 suo
2327 1243 2529 1297 motus,
2558 1248 2852 1303 quemnam
2891 1231 3096 1285 invidia
3126 1228 3369 1300 percitus
3405 1240 3637 1295 supera-

2042 1328 2139 1383 vit.
2201 1326 2339 1382 Dicit
2365 1326 2673 1382 Saracenus
2701 1344 2717 1379 :
2753 1324 3041 1379 Hominem
3066 1361 3081 1376 .
3114 1322 3205 1375 Ait
3249 1318 3579 1390 Euthymius
3613 1335 3628 1373 :

2039 1420 2153 1490 Age
2184 1432 2314 1472 vero
2348 1418 2489 1473 Deus
2520 1426 2729 1471 natura
2753 1417 3003 1470 humanm
3026 1429 3210 1468 curam
3241 1425 3459 1482 gerens,
3485 1408 3630 1463 haud

2040 1509 2169 1563 sivit
2196 1524 2317 1563 eam
2345 1510 2627 1580 tyrannico
2647 1509 2775 1579 iugo
2801 1522 2831 1561 a
2861 1506 3062 1562 Salana
3109 1502 3414 1575 premi,sed
3430 1501 3637 1555 saluta-

2041 1603 2090 1657 ri
2120 1603 2427 1658 ceconomia
2458 1603 2635 1657 univit
2661 1616 2721 1656 se
2758 1599 3104 1661 humanitati,
3140 1604 3283 1651 sicut
3316 1610 3419 1649 nos
3450 1593 3633 1647 mani-

2041 1693 2183 1749 [este
2215 1695 2505 1764 prophetae
2549 1693 2725 1748 sancti
2770 1693 2971 1747 docent
3002 1730 3018 1744 .
3053 1691 3192 1745 Audi
3222 1690 3633 1745 vocalissimum

2043 1784 2235 1841 Isaiam
2284 1784 2603 1838 dicentem:
2651 1781 2917 1836 Parvulas
2972 1792 3131 1834 natus
3175 1787 3251 1833 est
3281 1778 3451 1841 nobis,
3492 1776 3637 1845 ﬁlius

2039 1876 2197 1930 datus
2220 1885 2296 1930 est
2328 1877 2472 1930 nobis
2494 1893 2513 1941 ;
2539 1886 2587 1930 et
2614 1883 2830 1929 vocatur
2856 1890 3040 1928 nomen
3067 1873 3181 1942 ejus
3214 1871 3392 1939 magni
3419 1866 3634 1921 consilii

348 1966 486 2030 υίὸς
516 1964 614 2017 καί
645 1964 826 2034 ἐδόθη
858 1964 1024 2033 ἡμῖν,
1051 1964 1149 2018 καὶ
1180 1963 1450 2018 καλεῖται
1487 1963 1555 2017 τὸ
1584 1962 1775 2031 ὄνομα
1827 1964 1932 2017 αὐ-

2050 1968 2292 2038 Angelus,
2328 1968 2469 2022 Deus
2518 1967 2703 2040 fortis,
2738 1975 2942 2037 potens,
2978 1964 3234 2032 Princeps
3265 1962 3435 2030 pacis,
3474 1956 3641 2010 Pater

347 2056 462 2109 τοῦ
492 2056 768 2125 μεγάλης
812 2054 1055 2123 βουλῆς
1084 2055 1391 2126 Ἄγγελος,
1454 2054 1598 2121 Θεὸς
1658 2053 1932 2123 ἰσχυρὸς,

348 2146 792 2216 ἐξουσωστής,
812 2148 1014 2217 ἅρχων
1030 2147 1297 2216 εἰρήνης,
1324 2147 1530 2215 Πατὴρ
1548 2146 1655 2200 τοῦ
1678 2146 1938 2217 μέλλον-

349 2258 460 2306 τος
484 2241 725 2308 αἰῶνος.
773 2242 941 2313 Ὀρᾷς
970 2240 1087 2304 πῶς
1113 2243 1141 2293 6
1161 2241 1450 2310 προφήτης
1482 2238 1576 2292 καὶ
1599 2237 1812 2293 παιδίον
1840 2238 1937 2290 καὶ

350 2332 490 2387 Θεὸν
523 2335 816 2400 ὲκάλεσεν;
844 2334 956 2388 Καὶ
983 2336 1011 2387 6
1042 2333 1311 2401 Μωῦσῆς,
1348 2329 1808 2402 θεασάμενοςινὴν
1845 2328 1941 2399 βά-

2040 2051 2207 2121 futuri
2264 2060 2444 2115 swculi
2466 2061 2506 2114 ³.
2576 2056 2760 2113 Viden'
2793 2066 2852 2111 ut
2877 2056 3146 2125 Propheta
3179 2062 3234 2107 et
3269 2050 3557 2105 Parvulum
3587 2055 3642 2100 et

2042 2149 2212 2204 Deum
2270 2151 2526 2206 vocavit?
2558 2150 2687 2204 Item
2722 2149 2789 2204 de
2817 2147 2998 2217 Moyse
3016 2146 3210 2201 rubum
3237 2143 3518 2197 ardentem
3543 2154 3643 2193 nec

2047 2251 2231 2296 tamen
2259 2242 2605 2295 combustum
2637 2248 2941 2309 spectante,
2970 2236 3099 2305 quid
3130 2235 3223 2289 tibi
3257 2229 3517 2287 videtur?
3547 2229 3641 2282 Di—

2046 2345 2290 2401 gnumne
2331 2331 2468 2384 satis
2504 2330 2611 2384 tale
2641 2329 2966 2383 miraculum
2987 2325 3275 2380 divinitate
3292 2330 3398 2387 est,
3426 2319 3645 2375 necne?

351 2445 451 2480 τον
480 2425 787 2497 καιομένην
841 2424 1046 2497 καὶμὴ
1104 2423 1613 2495 καταφλεγομένην,
1666 2421 1719 2476 τί
1785 2438 1868 2475 σοι
1920 2418 2104 2487 δοκεῖς
2156 2420 2340 2485 ’Λξιόν
2399 2421 2516 2474 ἔστι
2553 2420 2615 2474 τὸ
2668 2420 2882 2473 τοιοῦτο
2944 2416 3129 2487 θαῦμα
3170 2416 3491 2487 πρεπόντως
3542 2409 3646 2485 τῆς

356 2515 645 2586 θεότητος,
683 2516 716 2587 ἦ
742 2514 806 2567 οὔ
835 2532 850 2581 ;

428 2608 502 2673 ς’.
538 2608 709 2676 Λέγει
740 2609 769 2661 6
804 2608 1126 2680 Σαρακηνός
1150 2622 1165 2637 θ
1195 2608 1306 2661 Καὶ
1335 2607 1454 2672 πῶς
1479 2602 1548 2679 ἦν
1572 2606 1798 2662 δυνατὸν
1826 2605 1938 2676 ψη-

352 2699 602 2769 λαφητὺν
633 2700 887 2769 γενέσθαι
914 2701 1005 2753 16v
1031 2700 1164 2753 Θεὸν
1198 2703 1256 2754 έν
1285 2699 1364 2771 τῷ
1392 2697 1667 2769 ἀνθρώπῳ
1695 2713 1711 2730 ο
1735 2698 1833 2751 καὶ
1863 2698 1938 2768 μὴ

353 2791 761 2861 eammeam;
812 2792 956 2861 Ἔφη
985 2794 1013 2844 6
1038 2791 1310 2862 Εὒθύμιος
1336 2806 1350 2820 ⁸
1391 2791 1607 2860 Ὥσπερ
1648 2790 1756 2858 γὰρ
1789 2788 1941 2842 ὲνοῦ-

354 2901 452 2936 ται
488 2882 569 2953 τῷ
599 2883 808 2954 σιδήρῳ
837 2883 898 2937 16
929 2882 1043 2954 πῦρ
1064 2899 1078 2914 ο
1112 2885 1206 2937 καὶ
1258 2884 1352 2936 ποῖ
1382 2882 1483 2953 μὲν
1510 2884 1728 2953 ἐνεργεῖ
1760 2884 1793 2950 ἡ
1841 2879 1942 2948 φῦ·

356 2993 447 3039 σις
477 2976 550 3029 τὰ
592 2974 689 3028 τοῦ
722 2974 917 3046 πυρὸς,
954 2978 1043 3028 ποῖ
1086 2975 1143 3028 δὲ
1164 2977 1192 3028 6
1223 2974 1439 3047 σίδηρος
1472 2975 1542 3029 τὰ
1562 2976 1757 3038 οἰκεῖα,
1790 2973 1939 3026 οὕτω

362 3068 464 3121 καὶ
495 3070 531 3138 ἡ
564 3066 710 3135 ψυχὴ
738 3068 807 3119 τὰ
835 3066 977 3130 θεῖα,
1012 3068 1106 3120 καὶ
1140 3065 1206 3132 δὴ
1234 3067 1293 3119 16
1324 3067 1484 3136 σῶμα
1509 3066 1579 3119 τὰ
1629 3064 1724 3119 τοῦ
1757 3064 1942 3135 σῶμα·

2117 2604 2151 2660 6
2178 2645 2193 2659 .
2230 2603 2373 2659 Dicit
2431 2602 2743 2659 Saracenus
2772 2618 2787 2656 :
2821 2599 3108 2667 Quomodo
3133 2598 3279 2653 Deus
3312 2597 3428 2651 ﬁeri
3468 2598 3645 2667 potuit

2045 2698 2329 2770 palpabilis
2360 2699 2411 2751 in
2440 2696 2681 2761 homine,
2712 2710 2815 2749 nec
2840 2704 3020 2749 tamen
3057 2690 3379 2746 immutari?
3408 2688 3498 2742 Ait
3533 2688 3645 2743 Eu-

2047 2791 2299 2862 thymius
2332 2807 2346 2842 ι
2378 2789 2533 2844 Sicut
2570 2787 2763 2842 unitur
2814 2786 2960 2841 ferro
2989 2786 3176 2854 ignis:
3231 2794 3286 2839 et
3334 2784 3475 2855 ignis
3520 2783 3643 2852 qui-

2048 2886 2175 2940 dem
2205 2898 2327 2953 quae
2372 2891 2501 2936 sunt
2548 2881 2690 2952 ignis
2744 2889 3023 2950 operatur,
3082 2878 3289 2932 ferrum
3343 2879 3471 2931 item
3525 2891 3646 2946 qua:

2046 2977 2165 3045 ejus
2197 2984 2325 3031 sunt
2360 2974 2588 3044 propria
2616 2990 2631 3037 ;
2685 2981 2741 3026 et
2817 2972 2961 3025 sicut
2995 2971 3175 3024 anima
3208 2970 3491 3040 spiritalia,
3527 2985 3648 3022 cor-

2051 3085 2155 3140 pus
2211 3084 2333 3139 quae
2386 3076 2517 3123 sunt
2566 3067 2783 3135 corpori
2836 3080 3120 3133 congrua;
3174 3064 3245 3117 ita
3302 3064 3357 3117 in
3424 3062 3646 3117 Christo

354 3175 489 3223 1o;°
521 3158 668 3212 οὕτω
729 3158 795 3230 δὴ
844 3161 940 3212 καὶ
975 3160 1067 3212 ἐπὶ
1117 3157 1211 3213 τοῦ
1270 3157 1513 3231 Χριστοῦ
1567 3159 1792 3227 γέγονεν
1817 3175 1831 3191 ο
1865 3159 1940 3221 ὡς

2050 3162 2444 3225 usuveniebat,
2491 3169 2549 3215 ut
2594 3158 2733 3213 Deus
2806 3157 3023 3223 divina,
3059 3165 3120 3211 ut
3176 3156 3340 3209 homo
3411 3155 3645 3209 humana

352 3252 496 3315 Θεὸς
531 3253 759 3323 ἐνήργει
794 3252 862 3305 τὰ
915 3252 1057 3317 θεῖα,
1107 3252 1202 3307 καὶ
1254 3253 1331 3316 ὡς
1376 3251 1664 3321 ἄνθρωπος
1719 3252 1940 3323 ἐνήργει

352 3347 430 3398 τὰ
505 3343 870 3415 ἀνθρώπινα·
946 3345 1042 3398 καὶ
1114 3346 1442 3414 συνετήρουν
1524 3345 1593 3398 τὰ
1656 3344 1942 3415 ἀμφότερα

358 3434 653 3504 ἰδιώματα.
712 3435 879 3503 Λέγει
907 3436 1310 3506 όΣαρακηνός·
1359 3437 1523 3506 Τρεῖς
1577 3433 1770 3502 εἰπὼν,
1817 3436 1943 3489 δυν·

362 3530 471 3599 ήσῃ
524 3529 706 3581 εῖπεῖν
775 3528 874 3581 καὶ
928 3526 1207 3597 τέσσαρας
1279 3528 1375 3581 καὶ
1439 3527 1627 3585 πέντε.
1700 3528 1847 3597 Ἔφη
1914 3529 1945 3582 6

370 3620 641 3689 Εῠθὺμιος
663 3634 682 3651 ’
757 3618 849 3673 Ἕν
905 3619 987 3689 τῷ
1052 3620 1324 3689 ἀνθρώπῳ
1387 3618 1557 3672 εἰπὼν
1630 3619 1788 3688 λόγον
1851 3621 1947 3673 καὶ

364 3712 607 3781 πνεῦμα,
674 3711 881 3783 δυνήσῃ
938 3711 1037 3765 καὶ
1086 3711 1274 3782 ἕτερον
1336 3711 1650 3782 προσθεῖναί
1697 3728 1789 3777 1t;
1837 3713 1941 3764 Λέ-

359 3822 449 3873 γει
476 3804 505 3857 6
534 3803 884 3874 Σαρακηνόςο
945 3801 1105 3871 Οὐχί.
1175 3800 1345 3858 Εἶπεν
1375 3806 1403 3858 6
1462 3803 1735 3873 Εὺθὺμιος
1756 3803 1945 3857 ’.Οὐδὲ

359 3896 476 3964 ἐγὼ
503 3896 702 3966 τίθημι
728 3895 1051 3967 προσθήκην
1084 3896 1143 3947 ὲν
1166 3898 1231 3966 τῇ
1263 3895 1397 3967 ἁγίᾳ
1435 3896 1645 3967 Τριάδι.
1699 3896 1866 3965 Λέγει
1916 3897 1945 3950 6

362 3989 690 4061 Σαρακηνός
715 4004 729 4019 ⁸
756 3989 866 4045 Καὶ
890 3987 981 4043 διὰ
1034 3989 1088 4041 τί
1121 3988 1338 4057 γλυπτὰ
1395 3988 1527 4054 ξύλα
1563 3992 1945 4059 προσκυνεῖτε,

358 4086 465 4138 καὶ
499 4082 721 4145 εἰκόνας
785 4081 1147 4153 προσκυνεῖτε
1205 4079 1564 4150 θεοπρεπῶς;
1605 4081 1751 4149 Ἔφη
1784 4082 1812 4133 6
1848 4081 1951 4133 Εὑ-

363 4174 605 4243 θύμιος·
673 4171 734 4224 ’0
775 4172 869 4224 16v
923 4170 1251 4241 χαρακτῆρα
1286 4170 1389 4239 τῆς
1420 4168 1631 4231 εἰκόνος
1666 4169 1761 4223 τοῦ
1793 4170 1950 4240 βασι-

360 4263 508 4324 λέως
542 4260 720 4331 τιμῶν
778 4260 875 4316 καὶ
922 4258 1245 4331 προσκυνῶν
1294 4260 1376 4324 είς
1419 4261 1591 4332 τιμὴν
1636 4259 1733 4313 τοῦ
1792 4260 1949 4331 βασι-

362 4357 508 4415 λέως
542 4354 691 4405 ποιεῖ
726 4352 759 4423 ἢ
788 4353 866 4416 εις
896 4352 1160 4421 ἀτιμίαν;
1191 4350 1357 4419 Λέγει
1384 4353 1412 4404 6
1446 4352 1801 4423 Σαρακηνός-
1857 4354 1951 4414 Εἰς

362 4447 568 4517 τιμήν.
622 4445 767 4513 Ἔφη
803 4445 832 4496 6
879 4444 1178 4513 Εὑθύμιος·
1209 4445 1320 4498 Καὶ
1350 4446 1516 4513 ἡμεῖς
1539 4445 1619 4507 είς
1646 4444 1813 4514 τιμὴν
1840 4445 1950 4498 τῶν

368 4516 548 4607 ἁγίων
582 4538 809 4591 εἰκόνων
862 4536 1281 4608 προσκυνοῦμεν
1321 4537 1514 4601 αὐτὰς,
1570 4538 1664 4591 καὶ
1716 4538 1777 4591 οὐ
1834 4538 1955 4590 θεοο
1988 4516 2030 4569 D

368 4631 684 4702 ποιούμεθα
705 4629 930 4694 ταύτας,
964 4628 1042 4693 ὡς
1077 4630 1235 4699 ὑμεῖς
1278 4630 1491 4699 λέγετε.
1522 4632 1686 4699 Λέγει
1708 4633 1735 4684 6
1765 4632 1951 4702 Σαρα-

365 4726 567 4795 κηνόςο
613 4725 713 4777 Διὰ
752 4722 806 4776 τί
842 4723 1070 4792 μίγνυτε
1101 4722 1193 4774 τὸν
1226 4722 1393 4793 ἄρτον
1420 4724 1516 4777 καὶ⁴
1543 4725 1636 4777 τὸν
1666 4720 1830 4787 οἶνον,
1860 4725 1956 4778 καὶ

372 4814 735 4887 μεταδιδόατε
764 4816 879 4876 τοῖς
903 4812 1215 4882 ἀνθρώποις
1254 4814 1507 4881 λέγοντες
1533 4815 1619 4868 ὄτι
1647 4816 1808 4885 σῶμα
1860 4817 1957 4870 καὶ

371 4905 519 4977 αἳμά
553 4908 668 4959 ἐστι
705 4904 803 4959 τοῦ
848 4906 1131 4977 Χριστοῦ;
1165 4905 1288 4968 Πῶς
1318 4906 1545 4961 δυνατὸν
1577 4907 1834 4974 γενέσθαι
1863 4908 1955 4960 16v

370 5005 547 5073 ἄρτον
578 5000 761 5070 σῶμα,
786 4999 882 5053 καὶ
914 4999 1006 5052 τὸν
1034 4992 1181 5052 οἶνον
1206 4994 1385 5070 αἴμας
1417 5000 1562 5070 Ἔφη
1588 5002 1616 5054 6
1647 5001 1918 5070 Εὑθύμιος
1938 5018 1955 5036 ο

376 5094 541 5164 Παρὰ
573 5094 680 5147 τῶν
732 5091 1041 5163 ἀνθρώπων
1078 5091 1411 5162 βοσκόμενος
1450 5091 1611 5161 ἄρτος
1643 5092 1697 5145 τί
1746 5093 1958 5161 γίνεται

375 5189 440 5238 ἐν
459 5184 538 5255 τῷ
565 5184 881 5255 ἀνθρὼπῳ;
934 5183 1118 5253 σῶμα,
1168 5183 1420 5255 ἦέτερόν
1454 5200 1508 5237 τι
1533 5184 1644 5255 (2);
1704 5184 1872 5253 Λέγει
1929 5187 1958 5238 6

374 5278 715 5350 Σαρακηνόςο
750 5276 1097 5347 Σῶμα.”Εφη
1129 5277 1158 5329 6
1188 5277 1487 5347 Εὑθύμιος·
1518 5279 1627 5332 Καὶ
1659 5278 1775 5342 πῶς
1795 5280 1959 5332 δυνα-

372 5373 468 5424 τὸν
520 5371 663 5441 κρέα
706 5368 910 5423 ἐσθίειν
942 5369 1036 5422 τὸν
1074 5368 1363 5438 ἄνθρωπον
1401 5368 1523 5439 (5);
1563 5369 1647 5423 Τὰ
1676 5371 1786 5442 γὰρ
1813 5372 1958 5425 κατὰ

372 5463 544 5536 φύσιν
572 5464 853 5525 ἀδυνάτως
920 5461 1105 5531 έχουσι
1158 5460 1417 5529 γενέσθαι
1485 5461 1636 5531 παρὰ
1671 5462 1875 5531 φύσιν
1926 5466 1955 5517 6

449 5581 471 5613 ³
506 5580 610 5637 Isa.
643 5597 721 5647 ιι,
757 5579 811 5634 6.
922 5580 945 5611 ⁸
976 5576 1103 5632 Sur.
1137 5593 1187 5642 v,
1212 5576 1300 5632 99.

451 5723 525 5794 (2)
556 5722 759 5779 Confer
780 5721 925 5794 apud
974 5719 1290 5794 Gretserum
1327 5732 1461 5794 _opp.
1488 5724 1529 5772 t.
1578 5716 1688 5794 XV_.
1725 5701 1945 5788 ρίλθθ.

375 5788 526 5872 paria
554 5796 698 5872 dicta
731 5788 1093 5872 ab:Ab.uca_ra
1124 5792 1180 5872 in
1230 5789 1451 5872 Dialogo
1473 5804 1595 5869 cum
1638 5788 1946 5872 Saracena.

452 5866 526 5938 (3)
548 5864 747 5922 Conlcr
778 5862 983 5921 similia
1003 5860 1274 5919 dieentem
1288 5856 1547 5932 Cyrillum
1566 5858 1617 5914 in
1635 5856 1943 5919 Comment.

2043 3253 2276 3320 agebat;
2313 3265 2368 3306 et
2398 3252 2568 3305 amba
2615 3259 2828 3304 naturae
2864 3249 3227 3319 proprietates
3257 3261 3384 3301 suas
3437 3246 3646 3299 retine-

2044 3344 2192 3398 bant.
2232 3342 2374 3397 Dicit
2427 3339 3078 3405 SaracenuszQuoniam
3136 3347 3248 3393 tres
3302 3335 3460 3399 dicis,
3513 3350 3648 3404 qua-

2047 3447 2171 3492 tuor
2220 3437 2383 3491 etiam
2441 3435 2626 3491 dicere
2682 3435 2886 3504 poteris
2946 3441 3001 3487 et
3054 3432 3185 3486 item
3238 3431 3498 3501 quinque.
3556 3429 3647 3483 Ait

2048 3528 2407 3601 Euthymius:
2440 3527 2495 3581 In
2525 3527 2743 3581 homine
2788 3540 2911 3579 cum
2945 3524 3149 3579 dixeris
3174 3524 3399 3577 verbum
3455 3532 3509 3575 et
3537 3521 3646 3589 spi-

2048 3622 2233 3687 ritum,
2263 3619 2542 3691 poterisne
2587 3627 2643 3672 et
2698 3616 2845 3671 aliud
2868 3616 3162 3686 quidquam
3194 3613 3429 3681 adjicere
3455 3612 3478 3663 ?
3506 3609 3647 3664 Dicit

2049 3713 2393 3770 Saracenus:
2444 3710 2819 3781 Nequaquam.
2865 3712 2957 3763 Ait
3006 3706 3333 3777 Euthymius
3370 3724 3383 3757 :
3420 3703 3499 3757 Ne
3542 3720 3642 3773 ego

2053 3806 2277 3871 quidem
2308 3806 2477 3860 ullum
2503 3805 2644 3860 facio
2672 3804 3103 3859 additamentum
3132 3807 3333 3853 sancta:
3360 3795 3637 3850 Trinitati.

2049 3898 2192 3953 Dicit
2241 3895 2548 3953 Saracenus
2574 3896 2596 3929 ⁵
2624 3916 2640 3952 :
2673 3896 2785 3952 Cur
2828 3897 2971 3966 ligna
3016 3893 3226 3961 sculpta
3278 3890 3548 3952 adoratis,
3585 3896 3643 3942 et

2054 4004 2244 4059 parem
2292 3987 2408 4043 Deo
2437 3988 2643 4042 cultum
2698 3986 3026 4057 imaginibus
3074 3981 3364 4037 tribuitis?
3408 3980 3497 4033 Ait
3538 3979 3646 4032 Eu-

2053 4082 2292 4153 thymius
2316 4100 2328 4136 :
2356 4080 2459 4148 Qui
2491 4082 2632 4153 regis
2659 4080 2947 4151 imaginem
2979 4078 3207 4131 honorat
3232 4090 3297 4128 ac
3325 4081 3639 4133 veneratur,

2054 4174 2159 4231 hoc
2191 4175 2305 4245 agit
2375 4190 2445 4228 ne
2481 4183 2541 4228 ut
2592 4188 2775 4243 regem
2835 4171 3068 4225 honoret
3110 4183 3176 4222 an
3217 4176 3274 4221 ut
3311 4163 3645 4220 dedecoret?

2058 4269 2195 4324 Dicit
2223 4269 2569 4323 Saracenus:
2598 4265 2667 4321 Ut
2700 4266 2950 4319 honoret.
3000 4263 3087 4316 Ait
3138 4260 3462 4329 Euthymius
3490 4273 3502 4308 :
3533 4254 3643 4310 Nos

2054 4375 2271 4431 quoque
2296 4368 2512 4415 sanctas
2544 4358 2806 4428 imagines
2819 4355 3040 4409 honoris
3068 4367 3231 4407 causa
3283 4364 3641 4409 veneramur;

2056 4467 2235 4520 neque
2266 4459 2447 4504 tamen
2486 4451 2620 4504 deos
2652 4465 2718 4502 ex
2755 4447 2839 4500 his
2874 4446 3124 4506 facimus,
3185 4451 3243 4495 ut
3296 4456 3391 4494 vos
3431 4440 3637 4493 dicitis.

2063 4542 2202 4598 Dicit
2232 4541 2573 4597 Saracenus:
2603 4542 2714 4597 Cur
2749 4555 2942 4606 panem
2974 4540 3268 4605 vinumque
3304 4533 3553 4588 miscetis
3584 4543 3639 4586 et

2060 4638 2378 4693 hominibus
2405 4638 2738 4691 distribuitis
2776 4636 3024 4690 dicentes
3074 4646 3274 4701 corpus
3311 4645 3374 4683 ac
3424 4628 3643 4699 sangui-

2061 4745 2185 4785 nem
2216 4729 2419 4785 Christi
2447 4745 2568 4784 esse
2589 4728 2612 4781 ?
2636 4726 2916 4792 Quomodo
2945 4726 3096 4794 panis
3125 4736 3341 4791 corpus,
3377 4728 3432 4774 et
3458 4720 3642 4773 vinum

2063 4822 2286 4892 sanguis
2315 4822 2451 4875 ellici
2506 4820 2727 4891 potest?
2754 4820 2843 4872 Ait
2875 4817 3238 4889 Euthytnius:
3282 4814 3363 4869 Ab
3406 4812 3643 4867 homini-

2061 4913 2164 4968 bus
2190 4916 2548 4969 manducatus
2577 4914 2751 4983 panis,
2782 4912 2911 4981 quid
2944 4910 3002 4965 lit
3031 4911 3085 4964 in
3119 4906 3387 4963 homine?
3419 4920 3650 4975 corpus-

2065 5020 2163 5071 ne,
2193 5024 2262 5061 an
2290 5005 2435 5061 aliud
2464 5004 2712 5073 aliquid?
2745 5003 2882 5057 Dicit
2914 5000 3224 5055 Saracenus
3249 5017 3264 5053 :
3295 4997 3528 5065 Corpus.
3558 4997 3647 5049 Ait

2069 5100 2431 5173 Euthymius:
2480 5099 2546 5152 Et
2579 5096 2851 5165 quomodo
2884 5094 2998 5147 ﬁeri
3035 5100 3217 5162 posset
3247 5100 3306 5144 ut
3332 5089 3495 5143 homo
3525 5103 3646 5141 car-

2066 5206 2194 5246 nem
2223 5185 2447 5242 ederet?
2484 5184 2695 5238 Etcnim
2728 5197 2849 5252 quae
2878 5181 3178 5235 secundum
3209 5188 3460 5233 naturam
3492 5182 3643 5238 sunt,

2067 5300 2133 5339 ea
2159 5290 2353 5337 contra
2392 5287 2521 5334 natu
2535 5293 2648 5331 ram
2676 5275 2790 5329 ﬁeri
2816 5280 3121 5344 nequeunt.
3140 5270 3273 5326 Nam
3295 5267 3451 5338 panis
3480 5280 3642 5333 quem

2071 5391 2171 5432 nos
2220 5389 2346 5429 cum
2403 5369 2709 5427 reverentia
2760 5367 3059 5431 sumimus,
3110 5380 3211 5434 per
3290 5359 3524 5414 infusam
3586 5356 3639 5411 ei

2066 5469 2296 5540 gratiam
2329 5466 2388 5521 fit
2417 5466 2613 5520 animae
2666 5462 3050 5517 indumentum
3082 5472 3138 5514 et
3167 5459 3259 5511 lux
3284 5494 3297 5510 .

2057 5720 2123 5775 ad
2182 5719 2315 5774 Luc.
2352 5736 2488 5783 ml,
2546 5720 2633 5784 19,
2691 5718 2835 5788 apud
2868 5734 2968 5773 nos
2998 5717 3070 5788 in
3120 5715 3226 5788 alio
3251 5712 3530 5788 volumine
3574 5727 3629 5782 p.

2053 5791 2179 5856 417,
2211 5806 2407 5860 nempe
2439 5790 2583 5859 quod
2610 5784 2862 5845 Christus
2909 5786 3243 5860 idcircesuh
3263 5786 3387 5860 alia,
3453 5784 3504 5839 id
3536 5790 3622 5838 est

2051 5863 2231 5933 panis,
2269 5856 2873 5932 specie'Eucharistiam
2902 5857 3059 5914 nobis
3091 5856 3378 5914 obtulerit.
