4104 6402
344 371 415 433 99
1574 381 2034 443 DISPUTATIO
2068 384 2165 443 DE
2205 385 2251 442 F
2262 383 2413 443 [ΒΕ.
3545 376 3622 442 30

348 484 628 555 Εὐθύμιος
654 500 670 515 ’
714 486 853 549 Θεὸς
886 485 995 557 γὰρ
1023 488 1050 540 6
1097 486 1268 541 θέλων
1295 487 1402 540 τῶν
1434 488 1647 542 πάντων
1678 508 1779 558 την
1826 508 1935 545 σω·
1962 544 1969 554 ,

2007 541 2014 554 ,
2042 493 2197 561 pibus
2230 493 2488 549 delectari
2535 490 2957 563 cogitationibus
2978 528 2994 554 ,
3044 488 3368 558 actibusque
3394 528 3409 552 ,
3439 495 3495 543 et
3525 488 3628 542 Sa-‘

346 579 539 649 τηρίαν
601 580 709 633 οῦκ
740 578 899 633 εἴασε
946 580 1036 631 τὸν
1070 578 1357 649 ἄνθρωπον
1402 581 1774 650 ὲμπαίζεσθαι
1816 586 1932 647 τοῖς

2040 586 2234 639 tanicis
2265 585 2524 655 operibus
2552 627 2565 648 ,
2602 585 2698 639 sed
2737 593 2998 654 promptae
3048 580 3416 637 confessionis
3458 595 3618 634 occa-

350 674 595 741 αἱσχροίς
624 672 920 741 λογισμοῖς
972 674 1069 725 καὶ
1113 673 1344 742 πράξεσι
1394 675 1487 726 καὶ
1536 677 1657 737 ταῖς
1711 676 1935 728 Σατανι·

2038 680 2194 733 sione
2232 678 2445 739 oblata,
2488 678 2698 731 ruinam
2760 676 3021 731 cohibere
3050 675 3299 737 curavit,
3332 682 3387 727 et
3419 689 3448 727 a
3478 672 3620 726 malo

353 768 477 826 καῑς
508 765 819 835 ἐργασίαις,
847 764 985 818 ἀλλὰ
1016 764 1107 818 διὰ
1134 765 1236 833 τῆς
1266 766 1553 835 παρούσης
1600 766 1935 836 ἐξομολογή-

2039 771 2452 822 conversionem
2489 768 2687 821 facere.
2743 767 2882 821 Dicit
2914 764 3219 819 Saraecnus
3253 782 3267 821 :
3299 764 3409 817 Cur
3433 763 3619 816 ohitus

354 874 491 917 σεως
522 857 755 909 κτᾶσθαι
785 859 881 909 καὶ
914 858 1307 911 συστέλλεσθαι
1346 859 1441 910 καὶ
1490 858 1665 912 ποιεῖν
1718 858 1934 929 ἁποχὴν

2042 868 2285 928 tempore
2319 860 2819 922 communicantes,
2858 857 3044 912 dicitis
3086 873 3179 911 vos
3234 855 3467 925 paradisi
3503 853 3619 908 fieri

349 947 449 1001 τοῦ
485 947 675 1000 κακοῦ.
728 948 893 1012 Λέγει
926 949 955 1000 6
1001 948 1326 1019 Σαρακηνός
1352 964 1366 979 ο
1408 947 1509 1001 Διὰ
1561 948 1614 999 τί
1665 948 1724 1001 ὲν
1757 948 1937 1018 καιρῷ

2041 950 2380 1019 participes?
2435 952 2525 1006 Ait
2572 950 2930 1022 Euthymius:
3003 948 3176 1003 Nemo
3239 954 3420 1017 potest
3479 946 3632 1016 regis

352 1040 448 1092 τοῦ
486 1040 719 1093 θανάτου
776 1040 1295 1109 μεταλαμϐάνοντες
1354 1039 1541 1107 λέγετε
1580 1040 1662 1092 ὅτι
1703 1038 1934 1109 Μέτοχοί

2039 1040 2259 1094 domum
2293 1041 2499 1112 ingredi
2527 1082 2540 1104 ,
2575 1050 2629 1095 et
2659 1041 2770 1108 regi
2802 1041 3046 1093 assidere
3072 1054 3194 1092 cum
3225 1051 3400 1105 eoque
3432 1035 3622 1104 epula-

359 1134 529 1200 ἐσμεν
583 1131 679 1184 τοῦ
730 1131 1102 1201 παραδείσου;
1166 1131 1313 1199 Ἔφη
1374 1133 1401 1182 6
1460 1129 1770 1199 Εὐθύμιος·
1825 1130 1933 1181 06-

2036 1132 2117 1194 ri,
2152 1133 2256 1188 nisi
2300 1142 2502 1187 vestem
2547 1134 2747 1204 regiam
2816 1131 3139 1203 gestarerit,
3192 1130 3415 1198 ejusque
3458 1126 3619 1181 fami-

348 1223 461 1286 62'2;
514 1223 734 1275 δύναται.
773 1223 1036 1277 εἰσελθεῖν
1082 1224 1142 1276 ὲν
1198 1226 1263 1292 τῇ
1311 1222 1458 1293 οἰκίᾳ
1504 1220 1599 1275 τοῦ
1656 1221 1925 1291 βασιλέως

2040 1223 2197 1279 liaris
2239 1225 2328 1279 sit.
2387 1225 2673 1279 Hominem
2733 1224 2933 1293 quippe
2994 1222 3273 1282 alienum.
3350 1234 3463 1273 non
3522 1232 3618 1271 rex

348 1316 446 1367 καὶ
479 1315 559 1383 τῷ
602 1314 815 1382 βασιλεί
874 1333 939 1367 συ
955 1314 1320 1384 γκαθευδῆσαι
1376 1312 1472 1366 καὶ
1518 1312 1924 1378 συνεστιᾶσθαι,

1730 1312 1924 1378 ασθαι,
2029 1316 2224 1378 solum,
2266 1332 2453 1370 verum
2487 1319 2650 1371 etiam
2682 1315 2867 1370 famuli
2900 1314 3019 1384 ejus
3054 1312 3351 1381 expellunt.

347 1406 513 1476 εἱυμὴ
549 1406 649 1473 τὴν
676 1405 888 1474 ἐσθῆτα
936 1405 1031 1457 τοῦ
1064 1405 1328 1475 βασιλέως
1372 1404 1555 1475 φορῶν
1606 1405 1701 1460 καὶ
1723 1404 1921 1466 οἰκεῖος
1952 1403 2117 1458 αὐτοῦ
2152 1402 2257 1476 ἦν·
2317 1406 2410 1461 τὸν
2437 1407 2544 1479 γὰρ
2594 1406 2878 1477 ἀλλότριον
2912 1404 2986 1476 μὴ
3036 1403 3197 1474 μόνον
3252 1403 3279 1454 6
3335 1396 3620 1468 βασιλεὺς,

347 1497 489 1552 ἀλλὰ
524 1498 616 1550 καὶ
648 1500 694 1549 οἱ
734 1496 898 1550 αὑτοῦ
930 1496 1110 1550 δοῦλοι
1138 1496 1329 1550 τοῦτον
1361 1496 1782 1553 ἀποδιώκουσιν.

423 1589 488 1644 θ’.
526 1591 690 1657 Λέγει
726 1593 751 1644 6
786 1590 1139 1659 Σαραιιηνὸς·
1195 1590 1292 1653 Τίς
1347 1592 1498 1644 ἐστιν
1552 1592 1580 1644 6
1641 1597 1933 1665 μαρτυρῶν

2109 1595 2143 1651 9
2167 1633 2181 1648 .
2221 1593 2359 1648 Dicit
2397 1590 2737 1646 Saracenus:
2798 1588 2973 1656 Quem
3006 1585 3220 1640 habetis
3257 1592 3449 1638 testem
3478 1580 3621 1649 quod

346 1686 431 1737 ὅτι
468 1685 496 1736 6
531 1683 663 1745 Θεὸς
698 1682 990 1752 ἑσαργώθη
1012 1699 1031 1749 ;
1054 1684 1147 1735 καὶ
1193 1682 1287 1751 δι’,
1310 1683 1499 1753 ἥντινα
1532 1684 1750 1753 alti”;
1787 1688 1932 1756 Ἔφη

2044 1685 2184 1741 Deus
2229 1686 2299 1739 sit
2336 1685 2677 1749 incarnatus,
2711 1693 2765 1736 et
2791 1697 2952 1751 quam
3020 1680 3089 1733 ob
3117 1691 3336 1731 causam
3372 1676 3395 1727 ’ἔ
3424 1674 3620 1727 Testes

346 1778 374 1828 6
411 1774 686 1841 Εὖθύμιος
709 1789 724 1807 ο
762 1773 1051 1825 Ἔστωσαν
1077 1772 1207 1843 παρ’
1236 1774 1392 1843 ἡμῶν
1423 1773 1483 1836 ἒξ
1516 1776 1797 1847 μάρτυρες
1840 1778 1927 1829 δε-
1964 1800 1967 1815 ι

2037 1779 2138 1832 lide
2182 1777 2330 1849 digni
2391 1791 2483 1830 sex
2553 1775 2711 1830 nobis
2773 1782 2922 1836 sunt,
2990 1770 3367 1829 Abrahamus,
3433 1764 3646 1830 David,-

349 1867 495 1932 xtoi,
522 1866 551 1917 ὃ
578 1881 640 1916 τε
677 1863 950 1933 ’Δὸραὰμ,
982 1864 1166 1926 Δαυῒδ,
1213 1866 1464 1930 Ἡσαΐας,
1511 1868 1799 1938 Ἱερεμίας,
1830 1872 1934 1921 Δα-

2034 1871 2235 1931 lsaias,
2296 1868 2599 1933 Jeremias,
2650 1865 2877 1930 Daniel,
2924 1861 3216 1917 Ezechiel.
3271 1858 3410 1911 Dicit
3457 1856 3620 1911 Sara-

346 1957 493 2026 νιὴλ,
568 1955 850 2026 Ἱεζεκιήλ,
905 1957 1070 2023 Λέγει
1121 1959 1149 2010 6
1197 1959 1548 2027 Σαραιιηνόςο
1606 1961 1713 2014 Καὶ
1790 1961 1933 2015 πάνυ

2034 1976 2236 2015 cenus:
2285 1958 2377 2013 Isti
2397 1969 2545 2013 certe
2570 1957 2772 2027 egregii
2804 1964 2931 2009 sunt
2967 1962 3130 2007 testes
3161 1966 3225 2004 ac
3253 1949 3532 2018 prophetae
3553 1948 3621 2001 ".

352 2049 637 2117 μάρτυρες
678 2048 774 2100 καὶ
819 2049 1118 2116 προφῆται.
1180 2050 1331 2116 Ἔφη
1386 2053 1415 2103 6
1469 2051 1742 2122 Εύθύμιος
1779 2069 1793 2083 ο
1829 2052 1935 2106 Τοῦ

2034 2051 2128 2106 Ait
2167 2050 2538 2120 Euthymius:
2598 2047 2740 2101 Deus
2803 2044 3109 2099 Ahrahamo
3163 2040 3339 2094 dixit:
3376 2037 3622 2091 Statuam

347 2139 491 2194 Θεοῦ
525 2141 661 2209 πῴς
699 2140 949 2210 Ἀϐραὰμ
1007 2142 1253 2204 εἰπόντος
1303 2158 1317 2172 '
1348 2142 1561 2211 Στήσω
1585 2145 1699 2211 τὴν
1729 2144 1932 2212 διαθή-

2034 2153 2244 2212 pactum
2302 2160 2474 2196 meum
2526 2144 2662 2195 inter
2696 2156 2776 2194 me
2824 2146 2871 2192 et
2899 2152 3071 2190 semen
3125 2144 3267 2187 tuum
3299 2134 3340 2183 ⁸.
3410 2128 3626 2182 Videsis

347 2251 473 2301 κην
488 2252 610 2301 μου
632 2234 748 2287 ἀνὰ
771 2232 967 2301 μέσον
991 2234 1141 2301 ἐμοῦ
1171 2234 1269 2287 καὶ
1298 2235 1405 2287 τοῦ
1429 2234 1773 2304 σπέρματός
1794 2253 1933 2291 σου’

2036 2236 2306 2291 sermonis
2346 2237 2496 2299 vim;
2540 2250 2665 2287 nam
2741 2244 2969 2301 pactum
2998 2269 3012 2291 ,
3058 2224 3326 2280 tremendi
3386 2219 3626 2291 mystcrii

353 2328 463 2397 δρα
495 2326 729 2395 δύναμιν
760 2326 921 2392 λόγου
948 2342 963 2357 ο
1023 2328 1056 2394 ἡ
1091 2327 1199 2395 γὰρ
1237 2326 1471 2397 διαθήκη
1506 2334 1812 2400 μυστηρίου
1844 2347 1938 2399 φο-

2036 2327 2298 2382 exhibitio
2325 2326 2445 2379 fuit.
2470 2325 2636 2378 David
2660 2324 2788 2377 item
2814 2321 2889 2374 ait
2920 2335 2934 2371 :
2966 2319 3102 2371 Deus
3132 2315 3406 2385 manifeste
3433 2312 3624 2372 veniet;

350 2418 517 2487 ϐεροῦ
546 2412 613 2486 ἦν
640 2418 895 2478 ὑπόθεσις
920 2434 934 2449 ·
969 2420 1065 2471 καὶ
1098 2420 1126 2470 6
1155 2420 1320 2472 Δαυῖδ
1370 2436 1385 2449 ο
1442 2421 1507 2473 ’0
1543 2420 1689 2487 Θεὸς
1751 2422 1936 2491 ἐμφα-

2036 2420 2320 2473 inclinavit
2355 2418 2507 2472 oculos
2535 2429 2583 2471 et
2631 2414 2891 2469 descendit
2925 2413 2966 2465 ".
3002 2410 3139 2464 Tum
3166 2407 3434 2462 Jercmias
3471 2420 3485 2457 :
3524 2402 3627 2455 llic

346 2507 473 2573 νὼς
528 2509 697 2574 ἣξει·
748 2510 843 2561 καὶ
871 2508 1117 2563 ἔκλινεν
1168 2510 1463 2579 οὐρανοὺς
1515 2513 1613 2566 καί
1656 2513 1871 2581 κατέϐη
1917 2526 1939 2545 ⁶

2041 2513 2175 2566 Deus
2227 2521 2400 2565 noster
2428 2521 2546 2574 est;
2600 2525 2703 2562 non
2754 2505 3083 2579 reputabitur
3130 2502 3266 2553 alius
3321 2513 3431 2563 prw
3484 2497 3623 2564 ipso.

350 2601 448 2653 καὶ
475 2602 505 2652 6
548 2600 814 2670 Ἱερεμίας
840 2616 853 2629 ·
897 2595 1089 2666 Οὗτος
1122 2604 1155 2655 ὁ
1214 2602 1359 2668 Θεὸς
1423 2601 1610 2672 ἡμῶν,
1653 2605 1727 2657 οὐ
1776 2607 1941 2673 λογι-

2040 2604 2165 2659 Post
2205 2606 2314 2658 [uec
2344 2605 2398 2657 in
2428 2604 2580 2656 terris
2628 2602 2767 2653 uisus
2800 2607 2897 2661 est,
2928 2606 2977 2650 et
3005 2611 3119 2647 cum
3166 2590 3456 2645 hominibus
3505 2603 3629 2639 con-

350 2693 652 2759 σθήσεται
680 2690 883 2759 ἔτερος
912 2693 1053 2760 πρὸς
1121 2694 1327 2748 αὐτόν.
1390 2693 1551 2749 Μετὰ
1599 2695 1788 2749 ταῦτα
1838 2694 1939 2748 ἐπὶ

2037 2707 2273 2753 versatus
2304 2707 2377 2751 est
2403 2697 2444 2750 ⁸.
2493 2696 2557 2751 Ει
2591 2708 2783 2748 rursus
2811 2710 2825 2746 :
2859 2690 3004 2744 Tune
3040 2688 3124 2757 ﬁet
3168 2683 3423 2756 generalis
3452 2678 3626 2741 salus.

352 2779 468 2846 τῆς
524 2777 625 2845 γῆς
688 2779 878 2847 ὤφθη,
946 2782 1044 2833 καὶ
1095 2781 1219 2847 τοῖς
1291 2783 1627 2851 ἀνθρώποις
1711 2802 1940 2839 συναν-

2038 2806 2158 2841 cum
2178 2790 2320 2858 virgo
2346 2788 2537 2857 pariet,
2565 2794 2613 2839 et
2641 2800 2816 2837 omnes
2841 2790 3017 2852 gentes
3043 2779 3242 2848 lignum
3263 2771 3564 2827 adorabunt
3584 2771 3625 2818 '.

350 2870 627 2938 εινττράρη
651 2886 665 2899 ο
701 2871 797 2922 καὶ
846 2870 1006 2922 πάλιν
1030 2888 1044 2901 ⁸
1092 2873 1228 2926 Τότε
1263 2874 1578 2942 γενήσεται
1609 2874 1681 2928 τὰ
1707 2876 1937 2943 παπ-κό-

2038 2881 2169 2934 Item
2204 2879 2364 2934 Isaias
2396 2896 2408 2932 :
2446 2876 2577 2930 Ecce
2608 2876 2753 2943 virgo
2792 2874 2847 2927 in
2873 2880 3017 2924 utero
3070 2868 3294 2926 habebit,
3356 2874 3403 2917 et
3445 2862 3618 2933 pariet

350 2977 505 3028 qua
568 2959 853 3027 σωτήρια,
908 2961 1055 3014 ὅταν
1119 2964 1419 3030 παρθένος
1468 2966 1788 3034 γεννήσειο
1836 2967 1936 3020 καὶ

2038 2974 2225 3043 ﬁlium.
2261 2981 2308 3025 et
2350 2972 2623 3025 vocabitur
2662 2983 2844 3020 nomen
2876 2965 2989 3031 eius
3046 2958 3383 3022 Emmanuel,
3420 2957 3473 3009 id
3525 2962 3625 3016 est,

351 3052 560 3107 πάντα
593 3058 665 3107 τὰ
719 3054 867 3122 ἔθνη
908 3054 1102 3118 ξύλον
1156 3057 1709 3124 προσκυνήσουσι·
1767 3058 1863 3112 καὶ
1907 3061 1972 3128 ὁι

2041 3067 2335 3120 Nobiscum
2369 3064 2506 3116 Deus
2542 3064 2605 3115 ιθ.
2645 3058 2897 3113 Ezechiel
2937 3070 3153 3125 quoque
3180 3053 3381 3107 Christi
3433 3047 3633 3101 nativi-

365 3146 601 3210 'HsaI;;
643 3163 657 3177 ·
724 3146 882 3201 Ἰδοὺ
940 3148 977 3215 ἡ
1028 3150 1323 3217 παρθένος
1390 3150 1459 3203 ἐν
1490 3152 1702 3220 γαστρὶ
1750 3151 1942 3219 ,λήψε-

2049 3168 2214 3214 tatem
2300 3156 2620 3225 praedicens,
2702 3153 2771 3206 de
2822 3150 3039 3215 Virgine
3110 3146 3277 3199 Maria
3365 3145 3626 3203 futuram,

356 3258 479 3303 rat.
540 3241 639 3295 καὶ
689 3239 848 3305 τέξει
902 3242 1060 3300 υἱὸν.
1115 3244 1212 3297 καὶ
1268 3242 1593 3296 καλέσεται
1632 3246 1700 3297 τὸ
1756 3245 1943 3313 ὄνομα

2046 3253 2226 3307 aiebat
2267 3267 2281 3305 :
2320 3249 2440 3304 Haec
2476 3256 2629 3317 porta
2662 3244 2847 3299 clausa
2888 3243 3008 3301 erit,
3066 3256 3156 3292 nec
3212 3238 3491 3307 quisquam
3542 3248 3634 3300 per

351 3334 546 3388 αὑτοῦ
587 3334 993 3403 Ἐμμανουήλ,
1027 3335 1058 3387 6
1103 3335 1234 3390 ἐστι
1282 3336 1419 3389 Μεθ’
1472 3334 1641 3405 ἡμῶν
1688 3341 1720 3391 d
1775 3338 1940 3402 Θεός.

2046 3362 2161 3400 eam
2189 3343 2452 3406 transibit,
2488 3340 2592 3394 nisi
2616 3339 2752 3392 Deus
2782 3334 3084 3389 Israclis“.
3107 3331 3246 3398 Quid
3276 3325 3635 3382 tibividetur?

353 3426 524 3480 K116
567 3422 827 3489 Ἰεζεκιὴλ
855 3425 1142 3494 προλέγων
1170 3425 1265 3478 τοῦ
1317 3426 1556 3495 Χριστοῦ
1595 3428 1695 3496 τὴν
1750 3427 1944 3496 γέννη-

2046 3438 2437 3506 prophetarum
2471 3445 2755 3486 sermones
2790 3441 3034 3490 veraces,
3058 3439 3126 3476 ne
3158 3430 3304 3481 sunt,
3337 3435 3403 3472 an
3435 3431 3594 3471 secus
3611 3415 3646 3469 1"

363 3534 447 3567 σιν
474 3518 574 3585 τὴν
599 3517 666 3568 ὲκ
722 3517 820 3584 τῆς
851 3516 1066 3586 Μαρίας
1116 3518 1515 3588 γενησομένην,
1551 3518 1738 3586 ἔλεγεν
1803 3534 1818 3549 ⁵
1877 3518 1947 3573 Ἠ

2046 3505 2177 3588 Quis
2201 3524 2341 3577 enim
2371 3533 2567 3592 prmter
2586 3520 2755 3573 Deum
2769 3519 2971 3585 absque
2990 3515 3199 3568 semine
3230 3510 3379 3563 nasci
3412 3505 3636 3576 potuit?

367 3612 523 3676 πύλη
550 3610 703 3675 αὕτη
735 3610 1138 3678 κεκλασμένη
1170 3610 1365 3676 ἔσται,
1400 3611 1499 3664 καὶ
1521 3611 1723 3676 οὐδεὶς
1756 3612 1827 3665 οὺ
1855 3610 1941 3679 μὴ

2050 3615 2192 3668 Dicit
2240 3614 2592 3667 Saracenus:
2657 3609 2845 3661 Recita
2895 3605 3029 3659 mihi
3078 3599 3489 3656 similitudinem
3538 3596 3636 3648 ali-

360 3701 581 3755 διέλθοι
628 3701 703 3754 δι’
734 3700 928 3768 αὐτῆς
951 3703 1003 3753 ει
1029 3701 1113 3769 μὴ
1159 3704 1190 3755 ό
1224 3704 1369 3768 Θεὸς
1437 3702 1705 3771 Ἰσραήλ.
1758 3702 1824 3757 Τί
1860 3720 1942 3757 σοι

2055 3720 2217 3775 quam
2246 3703 2467 3757 deitatis
2522 3710 2577 3755 et
2626 3697 3008 3757 humanitatis,
3041 3704 3101 3748 ut
3134 3707 3248 3747 rem
3314 3689 3632 3758 intelligam.

356 3793 540 3857 δοχεῖς
580 3791 830 3861 ἀληθινοί
852 3794 993 3845 εἰσιν
1023 3794 1073 3845 οί
1100 3793 1247 3860 λόγοι
1288 3794 1399 3847 τῶν
1434 3796 1733 3865 προφητῶν
1770 3794 1930 3865 ἢού;

2046 3799 2136 3852 Ait
2166 3797 2489 3865 Euthymius
2529 3814 2540 3846 :
2577 3790 2854 3861 Margariti
2911 3799 3113 3842 natura
3180 3784 3454 3839 undenam
3492 3796 3638 3835 .con-

360 3885 489 3945 Πῶς
520 3884 630 3936 ἔδει
656 3883 729 3955 [εί
751 3882 851 3955 μὴ]
878 3885 968 3937 τὸν
998 3883 1134 3937 Θεὸν
1161 3887 1289 3938 ἄνευ
1319 3888 1529 3952 σπορᾶς
1560 3884 1879 3957 [γεννᾶσθαι
1901 3888 1942 3958 ;]

2046 3893 2177 3947 stat?
2194 3889 2332 3944 Dicit
2364 3887 2674 3942 Saracenus
2708 3905 2720 3938 :
2753 3884 2824 3937 Ex
2857 3883 3088 3952 fulgore,
3118 3879 3231 3933 sole
3289 3885 3344 3930 et
3372 3873 3632 3928 ostracio.

358 3979 530 4043 Λέγει
560 3978 586 4028 6
615 3976 940 4047 Σαρακηνός
961 3992 975 4006 ·
1015 3977 1148 4030 Εἰπὲ
1180 3980 1313 4048 ἡμῖν
1346 3981 1601 4046 ὁμοίωμα
1632 3983 1729 4049 τῆς
1758 3981 1947 4050 θεότη-

2048 3982 2187 4037 Dicit
2212 3982 2583 4050 Euthymius:
2620 3978 2864 4031 Mutatur
2898 3990 2967 4027 ne
3009 3972 3188 4040 fulgor
3246 3968 3486 4022 ostracio
3544 3978 3639 4017 co-

354 4084 452 4131 τος
482 4069 579 4121 καὶ
604 4069 707 4137 τῆς
739 4069 1186 4140 ἁνθρωπότητος,
1238 4072 1389 4134 ὅπως
1440 4070 1724 4141 γνώσομαι
1761 4074 1941 4128 τοῦτο.

2045 4078 2263 4148 pulatus
2289 4072 2313 4127 ?
2342 4072 2480 4125 Dixit
2528 4069 2838 4123 Saracenus
2889 4083 2903 4118 :
2944 4062 3319 4131 Nequaquam.
3353 4054 3494 4109 Dicit
3531 4052 3638 4148 liu-

358 4164 516 4231 'E',a~q
551 4164 580 4215 6
602 4162 881 4233 Εὖθύμιος
906 4183 921 4195 ·
958 4164 1126 4227 Φύσις
1154 4164 1251 4217 τοῦ
1310 4166 1598 4235 μαργάρου
1638 4167 1805 4219 πόθεν
1832 4163 1941 4239 ἦν;

2048 4143 2306 4239 thymius:
2336 4165 2489 4218 Sicut
2512 4161 2687 4229 [uigor
2706 4157 2922 4213 ostracii
2940 4160 3211 4224 penetrat,
3226 4159 3282 4203 et
3298 4149 3415 4203 sine
3430 4160 3531 4199 con
3548 4143 3636 4195 fu-

358 4256 534 4321 Λέγει
571 4256 599 4306 6
636 4256 991 4327 Σαρακηνός·
1049 4258 1137 4323 Ἐξ
1180 4258 1469 4327 ἀστραπῆς
1502 4258 1598 4311 καὶ
1650 4259 1802 4329 ἡλίου
1852 4262 1945 4314 καὶ

2047 4254 2744 4322 sioneincarnatur,titque
2792 4248 3175 4319 margaritum;
3225 4251 3280 4296 ct
3333 4239 3636 4293 claritatem

356 4348 663 4419 ὀστράκου.
718 4350 912 4419 Ἐφηό
979 4350 1289 4420 Εὐθύμιοςσ
1355 4352 1464 4404 Καὶ
1540 4352 1848 4405 ἀλλοιοῦται
1911 4356 1943 4425 ὴ

2056 4350 2279 4421 quidem
2303 4350 2540 4403 dicimus
2557 4361 2678 4399 esse
2697 4352 2946 4398 naturam
2966 4338 3193 4408 fulgoris
3216 4353 3229 4399 ;
3246 4345 3301 4389 et
3326 4333 3641 4403 qualitatem

358 4442 627 4509 ἀστραπή
680 4444 946 4495 ὲνωθείσα
1011 4442 1087 4511 τῷ
1144 4442 1435 4513 όστράκῳς
1472 4444 1637 4511 Λέγει
1687 4447 1715 4497 6
1765 4424 1946 4515 Σαραέ

2020 4443 2022 4462 ¹
2054 4443 2374 4515 palpabiiem
2397 4442 2629 4496 dicimus
2649 4448 2898 4492 naturam
2928 4427 3368 4489 carnisostracii;
3388 4424 3641 4478 sicetiam

368 4532 563 4596 χηνός·
591 4532 748 4601 Οὐχί.
786 4533 931 4602 Ἔφη
963 4534 989 4584 6
1019 4532 1293 4601 Εὑθύμιος
1317 4549 1334 4565 ’
1376 4534 1589 4603 Ὠσπερ
1621 4536 1652 4604 ἡ
1684 4535 1945 4606 ἀστραπὴ

2054 4552 2116 4593 ex
2131 4537 2313 4591 divina
2328 4544 2523 4589 natura
2544 4532 2826 4586 incarnata
2847 4530 3022 4581 factus
3041 4532 3125 4577 est
3148 4524 3290 4576 Deus
3306 4528 3360 4571 et
3387 4518 3574 4569 homo.

360 4624 681 4691 εἰσέρχεται
756 4625 836 4685 είς
917 4624 981 4676 τὸ
1063 4625 1372 4695 ὄστρακον,
1462 4626 1557 4679 καὶ
1650 4627 1947 4696 σαρκοῦται
2012 4629 2353 4699 ἀσυγχύτως,
2420 4627 2517 4679 καὶ
2570 4624 2780 4691 γίνεται
2847 4621 3167 4691 μάργαρος·
3222 4612 3319 4664 καὶ
3380 4610 3480 4679 τὴν
3544 4608 3647 4699 μὲν

359 4716 734 4786 λαμπρότητα
789 4716 1026 4785 λέγομεν
1055 4714 1200 4771 εἶναι
1279 4720 1380 4789 τὴν
1434 4720 1601 4787 φύσιν
1654 4720 1756 4787 τῆς
1803 4722 2119 4794 ἀστραπῆς·
2161 4698 2279 4776 ναὶ
2331 4720 2392 4772 τὸ
2448 4716 2770 4788 ψηλαφητὸν
2840 4713 3075 4778 λέγομεν
3131 4702 3271 4759 εἶναι
3330 4701 3430 4773 τὴν
3486 4698 3649 4769 φύσιν

357 4806 463 4872 τῆς
496 4805 703 4873 σαρκὸς
741 4806 836 4858 τοῦ
864 4806 1137 4875 ὀστράκου
1168 4824 1182 4836 ·
1217 4806 1362 4860 οὕτω
1410 4810 1507 4861 καὶ
1554 4810 1589 4877 ἡ
1625 4809 1749 4862 θεία
1787 4811 1948 4879 φύσις
1973 4813 2319 4883 σαρκωθεῐσα
2349 4811 2542 4878 γέγονε
2574 4808 2709 4870 Θεὸς
2740 4804 2832 4858 καὶ
2864 4803 3174 4871 ἅνθρωποςο

436 4906 491 4953 ι’.
532 4900 696 4965 Λέγει
719 4898 747 4949 6
779 4899 1086 4969 Σαρακηνός
1110 4914 1128 4929 ο
1158 4900 1219 4952 Et
1244 4898 1417 4962 οὕτως
1447 4900 1580 4970 ἔχει,
1613 4902 1733 4965 πῶς
1760 4903 1944 4969 λέγετε

2126 4904 2211 4958 10.
2247 4901 2387 4957 Dicit
2428 4901 2780 4956 Saracenus:
2840 4894 2897 4949 Si
2940 4907 3027 4949 res
3087 4892 3161 4945 ita
3184 4905 3241 4944 se
3318 4886 3501 4948 habet,
3552 4898 3650 4938 cur

360 4995 447 5045 ἰτι
471 4992 705 5061 Χριστὸς
731 4992 761 5042 6
789 4991 962 5057 Λόγος
990 4991 1085 5042 τοῦ
1106 4990 1241 5044 Θεοῦ
1266 4992 1584 5063 ἐσταυρώθη
1618 4994 1711 5046 καὶ
1742 4995 1952 5047 ἀπέϐαι-

2057 4996 2238 5050 dicitis
2288 4994 2566 5049 Christum
2612 4991 2848 5045 Verbum
2898 4987 2987 5038 Dei
3039 4983 3356 5038 crucifixum
3401 4993 3466 5031 ac
3503 4991 3649 5029 mor—

364 5100 493 5148 νενς
524 5084 668 5153 Ἔφη
691 5083 720 5137 6
748 5082 1016 5153 Εὐθύμιος
1037 5099 1053 5114 θ
1075 5084 1173 5153 Μὴ
1204 5083 1414 5151 γένοιτο
1435 5084 1514 5136 ὃτι
1539 5086 1700 5154 ἡμεῖς
1724 5085 1953 5154 λέγομεν

2061 5088 2244 5143 tuum?
2267 5088 2357 5140 Ait
2382 5084 2703 5156 Euthymius
2727 5100 2738 5135 :
2766 5080 2919 5135 Absit
2937 5088 2997 5132 ut
3016 5091 3119 5130 nos
3138 5076 3384 5129 dicamus
3410 5069 3645 5124 Verbum

366 5175 619 5245 περὶτοῦ
646 5177 821 5244 Λόγου
850 5176 946 5228 τοῦ
978 5175 1112 5228 Θεοῦ
1147 5177 1229 5229 ὅτι
1262 5175 1584 5247 ἐσταυρώθη
1616 5179 1709 5231 καὶ
1744 5180 1954 5232 ἀπέθα-

2066 5180 2161 5234 Dei
2190 5178 2511 5234 crucifixum
2541 5192 2604 5230 ac
2633 5184 2930 5228 mortuum.
2956 5170 3091 5225 Audi
3121 5164 3556 5222 similitudinem.
3585 5160 3652 5213 Si

362 5287 480 5320 νεν.
539 5268 679 5322 Ἀλλ’
718 5269 859 5321 εῐπω
905 5268 989 5320 σοί
1030 5285 1081 5320 τι
1131 5268 1556 5337 ὁμοίωμαοτὸν
1604 5272 1955 5341 μαργαρίτην

2062 5273 2282 5342 quando
2338 5272 2687 5342 margaritum
2747 5267 3060 5329 terebrant,
3127 5276 3375 5332 quasnam
3440 5265 3645 5309 natura

365 5365 499 5415 ὅταν
572 5361 735 5416 αὑτὸν
804 5361 1078 5431 τρυπῶσι,
1136 5361 1266 5414 ποία
1328 5360 1490 5430 φύσις
1551 5362 1788 5432 πάσχεις
1853 5364 1955 5433 τῆς

2066 5365 2310 5435 patitur?
2336 5364 2633 5436 fulgorisne
2680 5376 2748 5415 an
2783 5357 3002 5414 ostracii
3031 5357 3054 5410 ?
3094 5355 3232 5410 Dicit
3286 5353 3587 5405 Saracenus
3623 5361 3652 5398 ι

440 5542 487 5571 ⁵⁸
512 5541 592 5593 (31.
630 5540 762 5594 Sur.
795 5557 871 5603 tv,
902 5539 1048 5603 {62;
1081 5556 1133 5601 γ,
1174 5536 1260 5593 85.
1296 5554 1379 5605 sq.
1454 5540 1511 5607 θ’
1545 5539 1686 5594 Gen.
1710 5555 1847 5603 xvn,
1884 5543 1934 5596 7.
2047 5542 2061 5573 '

2047 5542 2067 5573 ⁷
2098 5543 2238 5596 Psal.
2272 5559 2417 5607 λιιι,
2450 5543 2503 5596 5.
2613 5541 2635 5572 ⁸
2674 5539 2819 5594 Psal.
2874 5553 3003 5601 xvtt,
3042 5535 3128 5589 18.
3251 5532 3271 5565 ⁹
3304 5526 3516 5581 Baruch
3562 5540 3659 5588 ιιι,

367 5609 463 5675 55,
498 5612 587 5666 38.
706 5613 750 5643 '°
787 5612 894 5666 lsa.
923 5626 1021 5676 vu,
1060 5610 1145 5663 M.
1234 5610 1273 5640 “
1312 5606 1508 5664 Ezech.
1544 5624 1687 5664 λων.

374 5768 493 5821 bolo
524 5770 661 5822 mala
712 5785 817 5823 non
846 5765 1128 5834 conﬁtetur
1180 5774 1272 5819 aut
1306 5766 1531 5821 Domino
1572 5766 1696 5833 Deo,
1757 5773 1851 5819 aut
1898 5764 2045 5819 DEO
2094 5763 2399 5821 DILECTO
2435 5763 2733 5829 ΗΟΜΙΝΙ,
2771 5775 3024 5834 prospera
3065 5765 3317 5811 adversus
3362 5755 3665 5826 malignum

372 5839 567 5893 hostem
596 5841 823 5894 victoria
881 5854 982 5889 non
1014 5837 1243 5904 fruetur.
