  <div class='ocr_page' id='page_1' title='image "/cluster/home/n/w/nwhite01/storage/ocr_20150623/131:no.4/coo.31924054870369/023.png"; bbox 0 0 4104 6408; ppageno 0'>
   <div class='ocr_carea' id='block_1_1' title="bbox 453 359 3710 439">
    <p class='ocr_par' dir='ltr' id='par_1_1' title="bbox 453 359 3710 439">
     <span class='ocr_line' id='line_1_1' title="bbox 453 359 3710 439; baseline 0.004 -16"><span class='ocrx_word' id='word_1_1' title='bbox 453 359 520 424; x_wconf 69' lang='lat'><strong>3!</strong></span> <span class='ocrx_word' id='word_1_2' title='bbox 1679 371 2068 434; x_wconf 84' lang='lat' dir='ltr'><strong>EUTHYMII</strong></span> <span class='ocrx_word' id='word_1_3' title='bbox 2115 373 2481 434; x_wconf 79' lang='lat' dir='ltr'><strong>ZlGABENI</strong></span> <span class='ocrx_word' id='word_1_4' title='bbox 3635 375 3710 439; x_wconf 74' lang='lat'>32</span> 
     </span>
    </p>
   </div>
   <div class='ocr_carea' id='block_1_2' title="bbox 444 477 2049 562">
    <p class='ocr_par' dir='ltr' id='par_1_2' title="bbox 444 477 2030 551">
     <span class='ocr_line' id='line_1_2' title="bbox 444 477 2030 551; baseline 0.005 -17"><span class='ocrx_word' id='word_1_5' title='bbox 444 477 797 535; x_wconf 80' lang='lat' dir='ltr'><strong>Ostracii.Ait</strong></span> <span class='ocrx_word' id='word_1_6' title='bbox 823 477 1146 551; x_wconf 84' lang='lat' dir='ltr'><strong>Euthymius</strong></span> <span class='ocrx_word' id='word_1_7' title='bbox 1179 481 1310 538; x_wconf 89' lang='lat' dir='ltr'><strong>:Sic</strong></span> <span class='ocrx_word' id='word_1_8' title='bbox 1343 483 1512 539; x_wconf 88' lang='lat' dir='ltr'><strong>etiam</strong></span> <span class='ocrx_word' id='word_1_9' title='bbox 1541 485 1596 539; x_wconf 93' lang='lat' dir='ltr'><strong>in</strong></span> <span class='ocrx_word' id='word_1_10' title='bbox 1645 486 1868 543; x_wconf 76' lang='lat' dir='ltr'><strong>Christo</strong></span> <span class='ocrx_word' id='word_1_11' title='bbox 1899 505 2030 544; x_wconf 90' lang='lat' dir='ltr'><strong>eon-</strong></span> 
     </span>
    </p>
   </div>
   <div class='ocr_carea' id='block_1_3' title="bbox 2157 477 3717 562">
    <p class='ocr_par' dir='ltr' id='par_1_3' title="bbox 2157 487 3717 562">
     <span class='ocr_line' id='line_1_3' title="bbox 2157 487 3717 562; baseline 0.002 -22"><span class='ocrx_word' id='word_1_12' title='bbox 2157 491 2426 560; x_wconf 74' lang='grc' dir='ltr'>ἱστρσπῆς</span> <span class='ocrx_word' id='word_1_13' title='bbox 2458 489 2491 560; x_wconf 76' lang='grc' dir='ltr'>ἢ</span> <span class='ocrx_word' id='word_1_14' title='bbox 2521 488 2615 542; x_wconf 83' lang='grc' dir='ltr'><strong>τοῦ</strong></span> <span class='ocrx_word' id='word_1_15' title='bbox 2647 487 2918 560; x_wconf 73' lang='grc' dir='ltr'><strong>ὀστράκου</strong></span> <span class='ocrx_word' id='word_1_16' title='bbox 2944 507 2957 556; x_wconf 90' lang='lat'><strong>;</strong></span> <span class='ocrx_word' id='word_1_17' title='bbox 2989 491 3155 560; x_wconf 88' lang='grc' dir='ltr'><strong>Λέγει</strong></span> <span class='ocrx_word' id='word_1_18' title='bbox 3179 492 3207 545; x_wconf 95' lang='lat'><strong>6</strong></span> <span class='ocrx_word' id='word_1_19' title='bbox 3238 492 3574 562; x_wconf 74' lang='grc' dir='ltr'><strong>Σαρακηνόςο</strong></span> <span class='ocrx_word' id='word_1_20' title='bbox 3609 489 3717 544; x_wconf 83' lang='grc' dir='ltr'><strong>Τοῦ</strong></span> 
     </span>
    </p>
   </div>
   <div class='ocr_carea' id='block_1_4' title="bbox 439 570 2021 642">
    <p class='ocr_par' dir='ltr' id='par_1_4' title="bbox 439 570 2021 642">
     <span class='ocr_line' id='line_1_4' title="bbox 439 570 2021 642; baseline 0.004 -16"><span class='ocrx_word' id='word_1_21' title='bbox 439 571 593 642; x_wconf 91' lang='lat' dir='ltr'><strong>tigit:</strong></span> <span class='ocrx_word' id='word_1_22' title='bbox 620 585 748 626; x_wconf 86' lang='lat' dir='ltr'><strong>caro</strong></span> <span class='ocrx_word' id='word_1_23' title='bbox 781 570 895 625; x_wconf 88' lang='lat' dir='ltr'><strong>sola</strong></span> <span class='ocrx_word' id='word_1_24' title='bbox 924 571 1185 627; x_wconf 78' lang='lat' dir='ltr'><strong>cruciﬁxa</strong></span> <span class='ocrx_word' id='word_1_25' title='bbox 1215 572 1340 642; x_wconf 88' lang='lat' dir='ltr'><strong>fuit,</strong></span> <span class='ocrx_word' id='word_1_26' title='bbox 1381 583 1436 630; x_wconf 91' lang='lat' dir='ltr'><strong>et</strong></span> <span class='ocrx_word' id='word_1_27' title='bbox 1481 576 1637 631; x_wconf 77' lang='lat' dir='ltr'><strong>obiit.</strong></span> <span class='ocrx_word' id='word_1_28' title='bbox 1660 577 1803 634; x_wconf 91' lang='lat' dir='ltr'><strong>Dicit</strong></span> <span class='ocrx_word' id='word_1_29' title='bbox 1855 579 2021 633; x_wconf 85' lang='lat' dir='ltr'><strong>Sara-</strong></span> 
     </span>
    </p>
   </div>
   <div class='ocr_carea' id='block_1_5' title="bbox 441 663 2018 730">
    <p class='ocr_par' dir='ltr' id='par_1_5' title="bbox 441 663 2018 730">
     <span class='ocr_line' id='line_1_5' title="bbox 441 663 2018 730; baseline 0.003 -10"><span class='ocrx_word' id='word_1_30' title='bbox 441 678 611 720; x_wconf 79' lang='lat' dir='ltr'><strong>eonus</strong></span> <span class='ocrx_word' id='word_1_31' title='bbox 661 680 677 718; x_wconf 91' lang='lat'><strong>:</strong></span> <span class='ocrx_word' id='word_1_32' title='bbox 725 663 1028 719; x_wconf 69' lang='lat' dir='ltr'><strong>Moriente‘</strong></span> <span class='ocrx_word' id='word_1_33' title='bbox 1078 681 1285 730; x_wconf 87' lang='lat' dir='ltr'><strong>carne,</strong></span> <span class='ocrx_word' id='word_1_34' title='bbox 1377 667 1700 723; x_wconf 89' lang='lat' dir='ltr'><strong>discessitne</strong></span> <span class='ocrx_word' id='word_1_35' title='bbox 1767 685 1798 724; x_wconf 89' lang='lat' dir='ltr'><strong>a</strong></span> <span class='ocrx_word' id='word_1_36' title='bbox 1851 686 2018 725; x_wconf 82' lang='lat' dir='ltr'><strong>carne</strong></span> 
     </span>
    </p>
   </div>
   <div class='ocr_carea' id='block_1_6' title="bbox 443 757 2032 835">
    <p class='ocr_par' dir='ltr' id='par_1_6' title="bbox 443 757 2032 835">
     <span class='ocr_line' id='line_1_6' title="bbox 443 757 2032 835; baseline 0.004 -23"><span class='ocrx_word' id='word_1_37' title='bbox 443 757 697 812; x_wconf 77' lang='lat' dir='ltr'><strong>divinitas</strong></span> <span class='ocrx_word' id='word_1_38' title='bbox 719 771 895 812; x_wconf 82' lang='lat' dir='ltr'><strong>necne</strong></span> <span class='ocrx_word' id='word_1_39' title='bbox 915 758 940 810; x_wconf 72' lang='lat'><strong>1’</strong></span> <span class='ocrx_word' id='word_1_40' title='bbox 971 758 1428 830; x_wconf 80' lang='lat' dir='ltr'><strong>AitEuthymius:</strong></span> <span class='ocrx_word' id='word_1_41' title='bbox 1457 761 1820 830; x_wconf 89' lang='lat' dir='ltr'><strong>Separaturne</strong></span> <span class='ocrx_word' id='word_1_42' title='bbox 1861 764 2032 835; x_wconf 84' lang='lat' dir='ltr'><strong>fulgo-</strong></span> 
     </span>
    </p>
   </div>
   <div class='ocr_carea' id='block_1_7' title="bbox 446 844 2025 914">
    <p class='ocr_par' dir='ltr' id='par_1_7' title="bbox 446 844 2025 914">
     <span class='ocr_line' id='line_1_7' title="bbox 446 844 2025 914; baseline 0.008 -20"><span class='ocrx_word' id='word_1_43' title='bbox 446 844 519 898; x_wconf 89' lang='lat' dir='ltr'><strong>ris</strong></span> <span class='ocrx_word' id='word_1_44' title='bbox 539 854 754 907; x_wconf 84' lang='lat' dir='ltr'><strong>natura,</strong></span> <span class='ocrx_word' id='word_1_45' title='bbox 777 859 899 898; x_wconf 91' lang='lat' dir='ltr'><strong>cum</strong></span> <span class='ocrx_word' id='word_1_46' title='bbox 926 847 1127 914; x_wconf 90' lang='lat' dir='ltr'><strong>patitur</strong></span> <span class='ocrx_word' id='word_1_47' title='bbox 1155 850 1448 902; x_wconf 86' lang='lat' dir='ltr'><strong>ostracium</strong></span> <span class='ocrx_word' id='word_1_48' title='bbox 1471 848 1495 901; x_wconf 74' lang='grc' dir='ltr'>’ί</span> <span class='ocrx_word' id='word_1_49' title='bbox 1517 848 1653 903; x_wconf 87' lang='lat' dir='ltr'><strong>Dicit</strong></span> <span class='ocrx_word' id='word_1_50' title='bbox 1681 849 2025 906; x_wconf 88' lang='lat' dir='ltr'><strong>Saracenus:</strong></span> 
     </span>
    </p>
   </div>
   <div class='ocr_carea' id='block_1_8' title="bbox 446 932 2034 1012">
    <p class='ocr_par' dir='ltr' id='par_1_8' title="bbox 446 932 2034 1012">
     <span class='ocr_line' id='line_1_8' title="bbox 446 932 2034 1012; baseline 0.006 -27"><span class='ocrx_word' id='word_1_51' title='bbox 446 932 820 1003; x_wconf 81' lang='lat' dir='ltr'><strong>Nequaquam.</strong></span> <span class='ocrx_word' id='word_1_52' title='bbox 857 936 946 988; x_wconf 85' lang='lat' dir='ltr'><strong>Ait</strong></span> <span class='ocrx_word' id='word_1_53' title='bbox 1014 935 1388 993; x_wconf 78' lang='lat' dir='ltr'><strong>Euthvmius:</strong></span> <span class='ocrx_word' id='word_1_54' title='bbox 1439 937 1497 992; x_wconf 89' lang='lat' dir='ltr'><strong>Si</strong></span> <span class='ocrx_word' id='word_1_55' title='bbox 1558 948 1746 994; x_wconf 88' lang='lat' dir='ltr'><strong>natura</strong></span> <span class='ocrx_word' id='word_1_56' title='bbox 1807 941 2034 1012; x_wconf 77' lang='lat' dir='ltr'><strong>fulgoris</strong></span> 
     </span>
    </p>
   </div>
   <div class='ocr_carea' id='block_1_9' title="bbox 444 1027 2032 1103">
    <p class='ocr_par' dir='ltr' id='par_1_9' title="bbox 444 1027 2032 1103">
     <span class='ocr_line' id='line_1_9' title="bbox 444 1027 2032 1103; baseline 0.005 -23"><span class='ocrx_word' id='word_1_57' title='bbox 444 1027 582 1080; x_wconf 87' lang='lat' dir='ltr'><strong>nihil</strong></span> <span class='ocrx_word' id='word_1_58' title='bbox 636 1029 854 1096; x_wconf 91' lang='lat' dir='ltr'><strong>patitur,</strong></span> <span class='ocrx_word' id='word_1_59' title='bbox 879 1045 976 1083; x_wconf 91' lang='lat' dir='ltr'><strong>cur</strong></span> <span class='ocrx_word' id='word_1_60' title='bbox 1002 1029 1188 1085; x_wconf 90' lang='lat' dir='ltr'><strong>divina</strong></span> <span class='ocrx_word' id='word_1_61' title='bbox 1241 1038 1431 1087; x_wconf 88' lang='lat' dir='ltr'><strong>natura</strong></span> <span class='ocrx_word' id='word_1_62' title='bbox 1512 1033 1624 1103; x_wconf 90' lang='lat' dir='ltr'><strong>pati</strong></span> <span class='ocrx_word' id='word_1_63' title='bbox 1678 1034 1868 1089; x_wconf 85' lang='lat' dir='ltr'><strong>debuit</strong></span> <span class='ocrx_word' id='word_1_64' title='bbox 1906 1050 2032 1088; x_wconf 92' lang='lat' dir='ltr'><strong>cum</strong></span> 
     </span>
    </p>
   </div>
   <div class='ocr_carea' id='block_1_10' title="bbox 442 1118 2035 1196">
    <p class='ocr_par' dir='ltr' id='par_1_10' title="bbox 442 1118 2035 1196">
     <span class='ocr_line' id='line_1_10' title="bbox 442 1118 2035 1196; baseline 0.005 -24"><span class='ocrx_word' id='word_1_65' title='bbox 442 1118 696 1185; x_wconf 87' lang='lat' dir='ltr'><strong>corpore?</strong></span> <span class='ocrx_word' id='word_1_66' title='bbox 722 1118 860 1174; x_wconf 84' lang='lat' dir='ltr'><strong>Dicit</strong></span> <span class='ocrx_word' id='word_1_67' title='bbox 891 1120 1193 1176; x_wconf 88' lang='lat' dir='ltr'><strong>Saracenus</strong></span> <span class='ocrx_word' id='word_1_68' title='bbox 1220 1139 1235 1175; x_wconf 90' lang='lat'><strong>:</strong></span> <span class='ocrx_word' id='word_1_69' title='bbox 1259 1123 1370 1177; x_wconf 89' lang='lat' dir='ltr'><strong>Cur</strong></span> <span class='ocrx_word' id='word_1_70' title='bbox 1405 1133 1556 1178; x_wconf 87' lang='lat' dir='ltr'><strong>tanto</strong></span> <span class='ocrx_word' id='word_1_71' title='bbox 1583 1134 1800 1195; x_wconf 90' lang='lat' dir='ltr'><strong>peracto</strong></span> <span class='ocrx_word' id='word_1_72' title='bbox 1829 1136 2035 1196; x_wconf 83' lang='lat' dir='ltr'><strong>myste-</strong></span> 
     </span>
    </p>
   </div>
   <div class='ocr_carea' id='block_1_11' title="bbox 453 1209 2036 1286">
    <p class='ocr_par' dir='ltr' id='par_1_11' title="bbox 453 1209 2036 1286">
     <span class='ocr_line' id='line_1_11' title="bbox 453 1209 2036 1286; baseline 0.006 -24"><span class='ocrx_word' id='word_1_73' title='bbox 453 1210 556 1274; x_wconf 91' lang='lat' dir='ltr'><strong>rio,</strong></span> <span class='ocrx_word' id='word_1_74' title='bbox 585 1209 801 1279; x_wconf 87' lang='lat' dir='ltr'><strong>Deoque</strong></span> <span class='ocrx_word' id='word_1_75' title='bbox 841 1212 1062 1268; x_wconf 87' lang='lat' dir='ltr'><strong>homine</strong></span> <span class='ocrx_word' id='word_1_76' title='bbox 1084 1213 1248 1279; x_wconf 85' lang='lat' dir='ltr'><strong>facto,</strong></span> <span class='ocrx_word' id='word_1_77' title='bbox 1282 1227 1341 1270; x_wconf 92' lang='lat' dir='ltr'><strong>ut</strong></span> <span class='ocrx_word' id='word_1_78' title='bbox 1369 1216 1646 1270; x_wconf 86' lang='lat' dir='ltr'><strong>hominem</strong></span> <span class='ocrx_word' id='word_1_79' title='bbox 1702 1228 1863 1286; x_wconf 87' lang='lat' dir='ltr'><strong>prout</strong></span> <span class='ocrx_word' id='word_1_80' title='bbox 1900 1219 2036 1272; x_wconf 79' lang='lat' dir='ltr'><strong>dici—</strong></span> 
     </span>
    </p>
   </div>
   <div class='ocr_carea' id='block_1_12' title="bbox 448 1302 2038 1375">
    <p class='ocr_par' dir='ltr' id='par_1_12' title="bbox 448 1302 2038 1375">
     <span class='ocr_line' id='line_1_12' title="bbox 448 1302 2038 1375; baseline 0.005 -19"><span class='ocrx_word' id='word_1_81' title='bbox 448 1302 520 1356; x_wconf 86' lang='lat' dir='ltr'><strong>tis</strong></span> <span class='ocrx_word' id='word_1_82' title='bbox 585 1303 854 1367; x_wconf 89' lang='lat' dir='ltr'><strong>salvaret,</strong></span> <span class='ocrx_word' id='word_1_83' title='bbox 899 1320 1016 1367; x_wconf 92' lang='lat' dir='ltr'><strong>cur,</strong></span> <span class='ocrx_word' id='word_1_84' title='bbox 1073 1307 1332 1375; x_wconf 88' lang='lat' dir='ltr'><strong>inquam.</strong></span> <span class='ocrx_word' id='word_1_85' title='bbox 1380 1324 1490 1362; x_wconf 91' lang='lat' dir='ltr'><strong>non</strong></span> <span class='ocrx_word' id='word_1_86' title='bbox 1536 1309 1737 1363; x_wconf 91' lang='lat' dir='ltr'><strong>desinit</strong></span> <span class='ocrx_word' id='word_1_87' title='bbox 1790 1310 2038 1365; x_wconf 77' lang='lat' dir='ltr'><strong>diabolus</strong></span> 
     </span>
    </p>
   </div>
   <div class='ocr_carea' id='block_1_13' title="bbox 448 1392 2038 1472">
    <p class='ocr_par' dir='ltr' id='par_1_13' title="bbox 448 1392 2038 1472">
     <span class='ocr_line' id='line_1_13' title="bbox 448 1392 2038 1472; baseline 0.006 -27"><span class='ocrx_word' id='word_1_88' title='bbox 448 1392 746 1447; x_wconf 90' lang='lat' dir='ltr'><strong>humanum</strong></span> <span class='ocrx_word' id='word_1_89' title='bbox 785 1409 957 1461; x_wconf 80' lang='lat' dir='ltr'><strong>genus</strong></span> <span class='ocrx_word' id='word_1_90' title='bbox 981 1409 1241 1464; x_wconf 84' lang='lat' dir='ltr'><strong>perpetuo</strong></span> <span class='ocrx_word' id='word_1_91' title='bbox 1271 1399 1625 1468; x_wconf 82' lang='lat' dir='ltr'><strong>oppugnare?</strong></span> <span class='ocrx_word' id='word_1_92' title='bbox 1651 1400 1739 1453; x_wconf 82' lang='lat' dir='ltr'><strong>Ait</strong></span> <span class='ocrx_word' id='word_1_93' title='bbox 1824 1401 2038 1472; x_wconf 85' lang='lat' dir='ltr'><strong>Euthy-</strong></span> 
     </span>
    </p>
   </div>
   <div class='ocr_carea' id='block_1_14' title="bbox 445 1485 2040 1560">
    <p class='ocr_par' dir='ltr' id='par_1_14' title="bbox 445 1485 2040 1560">
     <span class='ocr_line' id='line_1_14' title="bbox 445 1485 2040 1560; baseline 0.006 -20"><span class='ocrx_word' id='word_1_94' title='bbox 445 1487 588 1540; x_wconf 87' lang='lat' dir='ltr'><strong>mius</strong></span> <span class='ocrx_word' id='word_1_95' title='bbox 608 1499 627 1537; x_wconf 90' lang='lat'><strong><em>:</em></strong></span> <span class='ocrx_word' id='word_1_96' title='bbox 653 1485 894 1542; x_wconf 82' lang='lat' dir='ltr'><strong>Narrabo</strong></span> <span class='ocrx_word' id='word_1_97' title='bbox 917 1488 1011 1542; x_wconf 88' lang='lat' dir='ltr'><strong>tibi</strong></span> <span class='ocrx_word' id='word_1_98' title='bbox 1040 1489 1464 1544; x_wconf 80' lang='lat' dir='ltr'><strong>similitudinem.</strong></span> <span class='ocrx_word' id='word_1_99' title='bbox 1484 1491 1596 1545; x_wconf 83' lang='lat' dir='ltr'><strong>Rex</strong></span> <span class='ocrx_word' id='word_1_100' title='bbox 1615 1493 1832 1560; x_wconf 85' lang='lat' dir='ltr'><strong>quidam</strong></span> <span class='ocrx_word' id='word_1_101' title='bbox 1854 1493 2040 1549; x_wconf 86' lang='lat' dir='ltr'><strong>habuit</strong></span> 
     </span>
    </p>
   </div>
   <div class='ocr_carea' id='block_1_15' title="bbox 449 1580 2039 1655">
    <p class='ocr_par' dir='ltr' id='par_1_15' title="bbox 449 1580 2039 1655">
     <span class='ocr_line' id='line_1_15' title="bbox 449 1580 2039 1655; baseline 0.004 -22"><span class='ocrx_word' id='word_1_102' title='bbox 449 1582 679 1633; x_wconf 88' lang='lat' dir='ltr'><strong>amicum</strong></span> <span class='ocrx_word' id='word_1_103' title='bbox 706 1580 862 1648; x_wconf 90' lang='lat' dir='ltr'><strong>plane</strong></span> <span class='ocrx_word' id='word_1_104' title='bbox 880 1581 1273 1636; x_wconf 80' lang='lat' dir='ltr'><strong>ﬁdelissimum.</strong></span> <span class='ocrx_word' id='word_1_105' title='bbox 1292 1583 1546 1638; x_wconf 88' lang='lat' dir='ltr'><strong>Inimicus</strong></span> <span class='ocrx_word' id='word_1_106' title='bbox 1559 1599 1689 1639; x_wconf 91' lang='lat' dir='ltr'><strong>vero</strong></span> <span class='ocrx_word' id='word_1_107' title='bbox 1709 1586 1896 1640; x_wconf 88' lang='lat' dir='ltr'><strong>nescio</strong></span> <span class='ocrx_word' id='word_1_108' title='bbox 1914 1587 2039 1655; x_wconf 92' lang='lat' dir='ltr'><strong>quis</strong></span> 
     </span>
    </p>
   </div>
   <div class='ocr_carea' id='block_1_16' title="bbox 448 1668 2044 1745">
    <p class='ocr_par' dir='ltr' id='par_1_16' title="bbox 448 1668 2044 1745">
     <span class='ocr_line' id='line_1_16' title="bbox 448 1668 2044 1745; baseline 0.005 -23"><span class='ocrx_word' id='word_1_109' title='bbox 448 1668 639 1724; x_wconf 80' lang='lat' dir='ltr'><strong>videns</strong></span> <span class='ocrx_word' id='word_1_110' title='bbox 661 1673 982 1725; x_wconf 87' lang='lat' dir='ltr'><strong>immensam</strong></span> <span class='ocrx_word' id='word_1_111' title='bbox 1009 1673 1425 1728; x_wconf 76' lang='lat' dir='ltr'><strong>aestimationem</strong></span> <span class='ocrx_word' id='word_1_112' title='bbox 1450 1673 1906 1745; x_wconf 89' lang='lat' dir='ltr'><strong>dilectionemque</strong></span> <span class='ocrx_word' id='word_1_113' title='bbox 1939 1691 2044 1745; x_wconf 88' lang='lat' dir='ltr'><strong>qua</strong></span> 
     </span>
    </p>
   </div>
   <div class='ocr_carea' id='block_1_17' title="bbox 451 1751 2040 1832">
    <p class='ocr_par' dir='ltr' id='par_1_17' title="bbox 451 1751 2040 1832">
     <span class='ocr_line' id='line_1_17' title="bbox 451 1751 2040 1832; baseline 0.006 -20"><span class='ocrx_word' id='word_1_114' title='bbox 451 1751 603 1814; x_wconf 72' lang='lat' dir='ltr'><strong>illum</strong></span> <span class='ocrx_word' id='word_1_115' title='bbox 644 1777 735 1815; x_wconf 77' lang='lat' dir='ltr'><strong>rex</strong></span> <span class='ocrx_word' id='word_1_116' title='bbox 787 1763 1216 1832; x_wconf 83' lang='lat' dir='ltr'><strong>prosequebatur</strong></span> <span class='ocrx_word' id='word_1_117' title='bbox 1243 1806 1259 1830; x_wconf 92' lang='lat'><strong>,</strong></span> <span class='ocrx_word' id='word_1_118' title='bbox 1316 1765 1505 1819; x_wconf 85' lang='lat' dir='ltr'><strong>dolosa</strong></span> <span class='ocrx_word' id='word_1_119' title='bbox 1535 1764 1678 1820; x_wconf 86' lang='lat' dir='ltr'><strong>facta</strong></span> <span class='ocrx_word' id='word_1_120' title='bbox 1709 1767 2040 1831; x_wconf 84' lang='lat' dir='ltr'><strong>incursione,</strong></span> 
     </span>
    </p>
   </div>
   <div class='ocr_carea' id='block_1_18' title="bbox 451 1853 2040 1928">
    <p class='ocr_par' dir='ltr' id='par_1_18' title="bbox 451 1853 2040 1928">
     <span class='ocr_line' id='line_1_18' title="bbox 451 1853 2040 1928; baseline 0.006 -24"><span class='ocrx_word' id='word_1_121' title='bbox 451 1853 591 1920; x_wconf 81' lang='lat' dir='ltr'><strong>regis</strong></span> <span class='ocrx_word' id='word_1_122' title='bbox 621 1853 855 1906; x_wconf 90' lang='lat' dir='ltr'><strong>amicum</strong></span> <span class='ocrx_word' id='word_1_123' title='bbox 888 1855 1229 1924; x_wconf 72' lang='lat' dir='ltr'><strong>dcpnedatus</strong></span> <span class='ocrx_word' id='word_1_124' title='bbox 1255 1859 1592 1927; x_wconf 83' lang='lat' dir='ltr'><strong>est,ejusque</strong></span> <span class='ocrx_word' id='word_1_125' title='bbox 1616 1860 1755 1912; x_wconf 89' lang='lat' dir='ltr'><strong>bona</strong></span> <span class='ocrx_word' id='word_1_126' title='bbox 1782 1875 2040 1928; x_wconf 83' lang='lat' dir='ltr'><strong>pessum-</strong></span> 
     </span>
    </p>
   </div>
   <div class='ocr_carea' id='block_1_19' title="bbox 454 1940 2044 2016">
    <p class='ocr_par' dir='ltr' id='par_1_19' title="bbox 454 1940 2044 2016">
     <span class='ocr_line' id='line_1_19' title="bbox 454 1940 2044 2016; baseline 0.008 -23"><span class='ocrx_word' id='word_1_127' title='bbox 454 1940 624 1994; x_wconf 89' lang='lat' dir='ltr'><strong>dedit.</strong></span> <span class='ocrx_word' id='word_1_128' title='bbox 665 1941 729 1995; x_wconf 89' lang='lat' dir='ltr'><strong>Et</strong></span> <span class='ocrx_word' id='word_1_129' title='bbox 751 1945 891 2013; x_wconf 87' lang='lat' dir='ltr'><strong>regis</strong></span> <span class='ocrx_word' id='word_1_130' title='bbox 931 1945 1148 2012; x_wconf 88' lang='lat' dir='ltr'><strong>quidem</strong></span> <span class='ocrx_word' id='word_1_131' title='bbox 1193 1945 1427 2001; x_wconf 82' lang='lat' dir='ltr'><strong>amicum</strong></span> <span class='ocrx_word' id='word_1_132' title='bbox 1481 1955 1696 2016; x_wconf 88' lang='lat' dir='ltr'><strong>captum</strong></span> <span class='ocrx_word' id='word_1_133' title='bbox 1744 1951 2044 2005; x_wconf 86' lang='lat' dir='ltr'><strong>crudeliter</strong></span> 
     </span>
    </p>
   </div>
   <div class='ocr_carea' id='block_1_20' title="bbox 456 2033 2042 2110">
    <p class='ocr_par' dir='ltr' id='par_1_20' title="bbox 456 2033 2042 2110">
     <span class='ocr_line' id='line_1_20' title="bbox 456 2033 2042 2110; baseline 0.008 -28"><span class='ocrx_word' id='word_1_134' title='bbox 456 2033 786 2094; x_wconf 71' lang='lat' dir='ltr'><strong>verberavit,</strong></span> <span class='ocrx_word' id='word_1_135' title='bbox 820 2037 1181 2106; x_wconf 76' lang='lat' dir='ltr'><strong>gravibusque</strong></span> <span class='ocrx_word' id='word_1_136' title='bbox 1211 2039 1420 2094; x_wconf 88' lang='lat' dir='ltr'><strong>catenis</strong></span> <span class='ocrx_word' id='word_1_137' title='bbox 1448 2039 1694 2094; x_wconf 86' lang='lat' dir='ltr'><strong>vinciens</strong></span> <span class='ocrx_word' id='word_1_138' title='bbox 1726 2040 1782 2094; x_wconf 92' lang='lat' dir='ltr'><strong>in</strong></span> <span class='ocrx_word' id='word_1_139' title='bbox 1810 2040 2042 2110; x_wconf 85' lang='lat' dir='ltr'><strong>profun-</strong></span> 
     </span>
    </p>
   </div>
   <div class='ocr_carea' id='block_1_21' title="bbox 452 2123 2043 2202">
    <p class='ocr_par' dir='ltr' id='par_1_21' title="bbox 452 2123 2043 2202">
     <span class='ocr_line' id='line_1_21' title="bbox 452 2123 2043 2202; baseline 0.006 -25"><span class='ocrx_word' id='word_1_140' title='bbox 452 2123 738 2178; x_wconf 87' lang='lat' dir='ltr'><strong>dissimum</strong></span> <span class='ocrx_word' id='word_1_141' title='bbox 771 2127 1231 2197; x_wconf 87' lang='lat' dir='ltr'><strong>tenebrosumque</strong></span> <span class='ocrx_word' id='word_1_142' title='bbox 1265 2139 1489 2198; x_wconf 83' lang='lat' dir='ltr'><strong>puteum</strong></span> <span class='ocrx_word' id='word_1_143' title='bbox 1517 2133 1784 2200; x_wconf 88' lang='lat' dir='ltr'><strong>projecit:</strong></span> <span class='ocrx_word' id='word_1_144' title='bbox 1841 2148 1951 2202; x_wconf 91' lang='lat' dir='ltr'><strong>quo</strong></span> <span class='ocrx_word' id='word_1_145' title='bbox 1987 2133 2043 2186; x_wconf 90' lang='lat' dir='ltr'><strong>in</strong></span> 
     </span>
    </p>
   </div>
   <div class='ocr_carea' id='block_1_22' title="bbox 453 2213 2043 2288">
    <p class='ocr_par' dir='ltr' id='par_1_22' title="bbox 453 2213 2043 2288">
     <span class='ocr_line' id='line_1_22' title="bbox 453 2213 2043 2288; baseline 0.005 -21"><span class='ocrx_word' id='word_1_146' title='bbox 453 2213 575 2268; x_wconf 90' lang='lat' dir='ltr'><strong>loco</strong></span> <span class='ocrx_word' id='word_1_147' title='bbox 620 2215 814 2270; x_wconf 88' lang='lat' dir='ltr'><strong>misere</strong></span> <span class='ocrx_word' id='word_1_148' title='bbox 845 2216 1238 2288; x_wconf 87' lang='lat' dir='ltr'><strong>desperateque</strong></span> <span class='ocrx_word' id='word_1_149' title='bbox 1279 2221 1513 2288; x_wconf 84' lang='lat' dir='ltr'><strong>jacehat.</strong></span> <span class='ocrx_word' id='word_1_150' title='bbox 1573 2221 1681 2276; x_wconf 89' lang='lat' dir='ltr'><strong>Sed</strong></span> <span class='ocrx_word' id='word_1_151' title='bbox 1717 2231 1898 2275; x_wconf 90' lang='lat' dir='ltr'><strong>tamen</strong></span> <span class='ocrx_word' id='word_1_152' title='bbox 1945 2238 2043 2276; x_wconf 81' lang='lat' dir='ltr'><strong>rex</strong></span> 
     </span>
    </p>
   </div>
   <div class='ocr_carea' id='block_1_23' title="bbox 455 2306 2036 2382">
    <p class='ocr_par' dir='ltr' id='par_1_23' title="bbox 455 2306 2036 2382">
     <span class='ocr_line' id='line_1_23' title="bbox 455 2306 2036 2382; baseline 0.005 -24"><span class='ocrx_word' id='word_1_153' title='bbox 455 2306 651 2375; x_wconf 90' lang='lat' dir='ltr'><strong>prioris</strong></span> <span class='ocrx_word' id='word_1_154' title='bbox 704 2307 977 2363; x_wconf 89' lang='lat' dir='ltr'><strong>felicitatis</strong></span> <span class='ocrx_word' id='word_1_155' title='bbox 1024 2311 1183 2365; x_wconf 91' lang='lat' dir='ltr'><strong>amici</strong></span> <span class='ocrx_word' id='word_1_156' title='bbox 1234 2311 1338 2375; x_wconf 90' lang='lat' dir='ltr'><strong>sui,</strong></span> <span class='ocrx_word' id='word_1_157' title='bbox 1418 2327 1631 2366; x_wconf 90' lang='lat' dir='ltr'><strong>necnon</strong></span> <span class='ocrx_word' id='word_1_158' title='bbox 1715 2313 2036 2382; x_wconf 89' lang='lat' dir='ltr'><strong>posterioris</strong></span> 
     </span>
    </p>
   </div>
   <div class='ocr_carea' id='block_1_24' title="bbox 456 2400 2043 2474">
    <p class='ocr_par' dir='ltr' id='par_1_24' title="bbox 456 2400 2043 2474">
     <span class='ocr_line' id='line_1_24' title="bbox 456 2400 2043 2474; baseline 0.005 -22"><span class='ocrx_word' id='word_1_159' title='bbox 456 2400 790 2456; x_wconf 77' lang='lat' dir='ltr'><strong>infelicitatis</strong></span> <span class='ocrx_word' id='word_1_160' title='bbox 819 2418 1050 2465; x_wconf 85' lang='lat' dir='ltr'><strong>memor,</strong></span> <span class='ocrx_word' id='word_1_161' title='bbox 1086 2420 1182 2474; x_wconf 90' lang='lat' dir='ltr'><strong>per</strong></span> <span class='ocrx_word' id='word_1_162' title='bbox 1211 2407 1424 2460; x_wconf 86' lang='lat' dir='ltr'><strong>viscera</strong></span> <span class='ocrx_word' id='word_1_163' title='bbox 1487 2406 1896 2467; x_wconf 73' lang='lat' dir='ltr'><strong>misericordiae,</strong></span> <span class='ocrx_word' id='word_1_164' title='bbox 1951 2421 2043 2460; x_wconf 87' lang='lat' dir='ltr'><strong>sa-</strong></span> 
     </span>
    </p>
   </div>
   <div class='ocr_carea' id='block_1_25' title="bbox 461 2489 2048 2565">
    <p class='ocr_par' dir='ltr' id='par_1_25' title="bbox 461 2489 2048 2565">
     <span class='ocr_line' id='line_1_25' title="bbox 461 2489 2048 2565; baseline 0.005 -24"><span class='ocrx_word' id='word_1_165' title='bbox 461 2489 643 2557; x_wconf 89' lang='lat' dir='ltr'><strong>piente</strong></span> <span class='ocrx_word' id='word_1_166' title='bbox 661 2492 966 2561; x_wconf 80' lang='lat' dir='ltr'><strong>excogitato</strong></span> <span class='ocrx_word' id='word_1_167' title='bbox 988 2493 1234 2558; x_wconf 88' lang='lat' dir='ltr'><strong>consilio,</strong></span> <span class='ocrx_word' id='word_1_168' title='bbox 1266 2496 1490 2548; x_wconf 90' lang='lat' dir='ltr'><strong>veniens</strong></span> <span class='ocrx_word' id='word_1_169' title='bbox 1519 2510 1641 2548; x_wconf 93' lang='lat' dir='ltr'><strong>cum</strong></span> <span class='ocrx_word' id='word_1_170' title='bbox 1666 2495 1828 2565; x_wconf 82' lang='lat' dir='ltr'><strong>regali</strong></span> <span class='ocrx_word' id='word_1_171' title='bbox 1848 2495 2048 2549; x_wconf 91' lang='lat' dir='ltr'><strong>virtute</strong></span> 
     </span>
    </p>
   </div>
   <div class='ocr_carea' id='block_1_26' title="bbox 455 2582 2048 2657">
    <p class='ocr_par' dir='ltr' id='par_1_26' title="bbox 455 2582 2048 2657">
     <span class='ocr_line' id='line_1_26' title="bbox 455 2582 2048 2657; baseline 0.005 -23"><span class='ocrx_word' id='word_1_172' title='bbox 455 2582 714 2638; x_wconf 77' lang='lat' dir='ltr'><strong>adversus</strong></span> <span class='ocrx_word' id='word_1_173' title='bbox 766 2585 1000 2650; x_wconf 88' lang='lat' dir='ltr'><strong>hostem,</strong></span> <span class='ocrx_word' id='word_1_174' title='bbox 1053 2601 1162 2640; x_wconf 91' lang='lat' dir='ltr'><strong>non</strong></span> <span class='ocrx_word' id='word_1_175' title='bbox 1202 2601 1297 2655; x_wconf 90' lang='lat' dir='ltr'><strong>pro</strong></span> <span class='ocrx_word' id='word_1_176' title='bbox 1365 2589 1473 2642; x_wconf 88' lang='lat' dir='ltr'><strong>alio</strong></span> <span class='ocrx_word' id='word_1_177' title='bbox 1526 2588 1766 2657; x_wconf 84' lang='lat' dir='ltr'><strong>negotio,</strong></span> <span class='ocrx_word' id='word_1_178' title='bbox 1814 2587 1908 2642; x_wconf 88' lang='lat' dir='ltr'><strong>sed</strong></span> <span class='ocrx_word' id='word_1_179' title='bbox 1946 2603 2048 2656; x_wconf 89' lang='lat' dir='ltr'><strong>pro</strong></span> 
     </span>
    </p>
   </div>
   <div class='ocr_carea' id='block_1_27' title="bbox 455 2674 2050 2748">
    <p class='ocr_par' dir='ltr' id='par_1_27' title="bbox 455 2674 2050 2748">
     <span class='ocr_line' id='line_1_27' title="bbox 455 2674 2050 2748; baseline 0.005 -22"><span class='ocrx_word' id='word_1_180' title='bbox 455 2674 632 2728; x_wconf 89' lang='lat' dir='ltr'><strong>amico</strong></span> <span class='ocrx_word' id='word_1_181' title='bbox 696 2690 878 2730; x_wconf 72' lang='lat' dir='ltr'><strong>suoex</strong></span> <span class='ocrx_word' id='word_1_182' title='bbox 907 2679 1106 2731; x_wconf 84' lang='lat' dir='ltr'><strong>acerbo</strong></span> <span class='ocrx_word' id='word_1_183' title='bbox 1136 2679 1395 2748; x_wconf 68' lang='lat' dir='ltr'><strong>gravique</strong></span> <span class='ocrx_word' id='word_1_184' title='bbox 1451 2680 1700 2734; x_wconf 90' lang='lat' dir='ltr'><strong>cruciatu</strong></span> <span class='ocrx_word' id='word_1_185' title='bbox 1767 2679 2050 2734; x_wconf 78' lang='lat' dir='ltr'><strong>liberando</strong></span> 
     </span>
    </p>
   </div>
   <div class='ocr_carea' id='block_1_28' title="bbox 456 2761 2054 2836">
    <p class='ocr_par' dir='ltr' id='par_1_28' title="bbox 456 2761 2054 2836">
     <span class='ocr_line' id='line_1_28' title="bbox 456 2761 2054 2836; baseline 0.003 -22"><span class='ocrx_word' id='word_1_186' title='bbox 456 2761 773 2817; x_wconf 87' lang='lat' dir='ltr'><strong>decertavit.</strong></span> <span class='ocrx_word' id='word_1_187' title='bbox 799 2763 953 2817; x_wconf 79' lang='lat' dir='ltr'><strong>illum</strong></span> <span class='ocrx_word' id='word_1_188' title='bbox 989 2773 1166 2820; x_wconf 89' lang='lat' dir='ltr'><strong>autem</strong></span> <span class='ocrx_word' id='word_1_189' title='bbox 1189 2767 1342 2820; x_wconf 88' lang='lat' dir='ltr'><strong>malis</strong></span> <span class='ocrx_word' id='word_1_190' title='bbox 1358 2767 1594 2836; x_wconf 86' lang='lat' dir='ltr'><strong>gaudere</strong></span> <span class='ocrx_word' id='word_1_191' title='bbox 1623 2767 1841 2820; x_wconf 90' lang='lat' dir='ltr'><strong>solitum</strong></span> <span class='ocrx_word' id='word_1_192' title='bbox 1870 2766 2054 2820; x_wconf 87' lang='lat' dir='ltr'><strong>debel-</strong></span> 
     </span>
    </p>
   </div>
   <div class='ocr_carea' id='block_1_29' title="bbox 458 2853 2058 2928">
    <p class='ocr_par' dir='ltr' id='par_1_29' title="bbox 458 2853 2058 2928">
     <span class='ocr_line' id='line_1_29' title="bbox 458 2853 2058 2928; baseline 0.004 -22"><span class='ocrx_word' id='word_1_193' title='bbox 458 2853 576 2907; x_wconf 88' lang='lat' dir='ltr'><strong>lans</strong></span> <span class='ocrx_word' id='word_1_194' title='bbox 616 2863 671 2909; x_wconf 92' lang='lat' dir='ltr'><strong>et</strong></span> <span class='ocrx_word' id='word_1_195' title='bbox 729 2865 1040 2918; x_wconf 86' lang='lat' dir='ltr'><strong>conterens.</strong></span> <span class='ocrx_word' id='word_1_196' title='bbox 1085 2859 1387 2913; x_wconf 87' lang='lat' dir='ltr'><strong>tortoribus</strong></span> <span class='ocrx_word' id='word_1_197' title='bbox 1420 2859 1680 2913; x_wconf 88' lang='lat' dir='ltr'><strong>tradidit:</strong></span> <span class='ocrx_word' id='word_1_198' title='bbox 1727 2874 2058 2928; x_wconf 87' lang='lat' dir='ltr'><strong>quanquam-</strong></span> 
     </span>
    </p>
   </div>
   <div class='ocr_carea' id='block_1_30' title="bbox 455 2945 2044 3016">
    <p class='ocr_par' dir='ltr' id='par_1_30' title="bbox 455 2945 2044 3016">
     <span class='ocr_line' id='line_1_30' title="bbox 455 2945 2044 3016; baseline 0.003 -19"><span class='ocrx_word' id='word_1_199' title='bbox 455 2945 597 3000; x_wconf 89' lang='lat' dir='ltr'><strong>idem</strong></span> <span class='ocrx_word' id='word_1_200' title='bbox 635 2959 705 2999; x_wconf 90' lang='lat' dir='ltr'><strong>ne</strong></span> <span class='ocrx_word' id='word_1_201' title='bbox 734 2945 812 3000; x_wconf 92' lang='lat' dir='ltr'><strong>sic</strong></span> <span class='ocrx_word' id='word_1_202' title='bbox 838 2947 1058 3015; x_wconf 86' lang='lat' dir='ltr'><strong>quidem</strong></span> <span class='ocrx_word' id='word_1_203' title='bbox 1086 2964 1111 3000; x_wconf 70' lang='grc' dir='ltr'><strong>τι</strong></span> <span class='ocrx_word' id='word_1_204' title='bbox 1139 2949 1386 3002; x_wconf 82' lang='lat' dir='ltr'><strong>vexando</strong></span> <span class='ocrx_word' id='word_1_205' title='bbox 1421 2951 1561 3016; x_wconf 76' lang='lat' dir='ltr'><strong>regis</strong></span> <span class='ocrx_word' id='word_1_206' title='bbox 1582 2950 1760 3004; x_wconf 90' lang='lat' dir='ltr'><strong>amico</strong></span> <span class='ocrx_word' id='word_1_207' title='bbox 1805 2950 2044 3003; x_wconf 86' lang='lat' dir='ltr'><strong>destitit.</strong></span> 
     </span>
    </p>
   </div>
   <div class='ocr_carea' id='block_1_31' title="bbox 456 3035 2047 3109">
    <p class='ocr_par' dir='ltr' id='par_1_31' title="bbox 456 3035 2047 3109">
     <span class='ocr_line' id='line_1_31' title="bbox 456 3035 2047 3109; baseline 0.004 -21"><span class='ocrx_word' id='word_1_208' title='bbox 456 3035 577 3090; x_wconf 86' lang='lat' dir='ltr'><strong>Pari</strong></span> <span class='ocrx_word' id='word_1_209' title='bbox 607 3037 814 3091; x_wconf 86' lang='lat' dir='ltr'><strong>ratione</strong></span> <span class='ocrx_word' id='word_1_210' title='bbox 831 3038 1002 3109; x_wconf 81' lang='lat' dir='ltr'><strong>cogita</strong></span> <span class='ocrx_word' id='word_1_211' title='bbox 1021 3055 1234 3094; x_wconf 88' lang='lat' dir='ltr'><strong>mecum</strong></span> <span class='ocrx_word' id='word_1_212' title='bbox 1259 3041 1325 3094; x_wconf 90' lang='lat' dir='ltr'><strong>de</strong></span> <span class='ocrx_word' id='word_1_213' title='bbox 1342 3041 1522 3095; x_wconf 86' lang='lat' dir='ltr'><strong>divina</strong></span> <span class='ocrx_word' id='word_1_214' title='bbox 1541 3041 2006 3096; x_wconf 86' lang='lat' dir='ltr'><strong>condescensione</strong></span> <span class='ocrx_word' id='word_1_215' title='bbox 2033 3059 2047 3094; x_wconf 93' lang='lat'><strong>:</strong></span> 
     </span>
    </p>
   </div>
   <div class='ocr_carea' id='block_1_32' title="bbox 460 3127 2054 3204">
    <p class='ocr_par' dir='ltr' id='par_1_32' title="bbox 460 3127 2054 3204">
     <span class='ocr_line' id='line_1_32' title="bbox 460 3127 2054 3204; baseline 0.005 -24"><span class='ocrx_word' id='word_1_216' title='bbox 460 3141 571 3180; x_wconf 88' lang='lat' dir='ltr'><strong>non</strong></span> <span class='ocrx_word' id='word_1_217' title='bbox 609 3127 752 3181; x_wconf 85' lang='lat' dir='ltr'><strong>enim</strong></span> <span class='ocrx_word' id='word_1_218' title='bbox 804 3132 1135 3184; x_wconf 83' lang='lat' dir='ltr'><strong>necessitate</strong></span> <span class='ocrx_word' id='word_1_219' title='bbox 1183 3131 1362 3200; x_wconf 88' lang='lat' dir='ltr'><strong>aliqua</strong></span> <span class='ocrx_word' id='word_1_220' title='bbox 1407 3144 1686 3201; x_wconf 85' lang='lat' dir='ltr'><strong>premente</strong></span> <span class='ocrx_word' id='word_1_221' title='bbox 1715 3135 1780 3187; x_wconf 89' lang='lat' dir='ltr'><strong>ad</strong></span> <span class='ocrx_word' id='word_1_222' title='bbox 1833 3135 2054 3204; x_wconf 88' lang='lat' dir='ltr'><strong>suppri-</strong></span> 
     </span>
    </p>
   </div>
   <div class='ocr_carea' id='block_1_33' title="bbox 461 3220 2047 3288">
    <p class='ocr_par' dir='ltr' id='par_1_33' title="bbox 461 3220 2047 3288">
     <span class='ocr_line' id='line_1_33' title="bbox 461 3220 2047 3288; baseline 0.005 -15"><span class='ocrx_word' id='word_1_223' title='bbox 461 3220 654 3274; x_wconf 83' lang='lat' dir='ltr'><strong>menda</strong></span> <span class='ocrx_word' id='word_1_224' title='bbox 687 3222 941 3276; x_wconf 85' lang='lat' dir='ltr'><strong>scandala</strong></span> <span class='ocrx_word' id='word_1_225' title='bbox 997 3225 1168 3288; x_wconf 87' lang='lat' dir='ltr'><strong>venit,</strong></span> <span class='ocrx_word' id='word_1_226' title='bbox 1205 3224 1301 3280; x_wconf 89' lang='lat' dir='ltr'><strong>sed</strong></span> <span class='ocrx_word' id='word_1_227' title='bbox 1332 3235 1390 3279; x_wconf 93' lang='lat' dir='ltr'><strong>ut</strong></span> <span class='ocrx_word' id='word_1_228' title='bbox 1444 3226 1720 3281; x_wconf 89' lang='lat' dir='ltr'><strong>hominem</strong></span> <span class='ocrx_word' id='word_1_229' title='bbox 1769 3227 2047 3282; x_wconf 90' lang='lat' dir='ltr'><strong>liberaret.</strong></span> 
     </span>
    </p>
   </div>
   <div class='ocr_carea' id='block_1_34' title="bbox 461 3311 2048 3388">
    <p class='ocr_par' dir='ltr' id='par_1_34' title="bbox 461 3311 2048 3388">
     <span class='ocr_line' id='line_1_34' title="bbox 461 3311 2048 3388; baseline 0.006 -23"><span class='ocrx_word' id='word_1_230' title='bbox 461 3311 633 3367; x_wconf 79' lang='lat' dir='ltr'><strong>Porro</strong></span> <span class='ocrx_word' id='word_1_231' title='bbox 681 3323 739 3368; x_wconf 88' lang='lat' dir='ltr'><strong>ut</strong></span> <span class='ocrx_word' id='word_1_232' title='bbox 787 3314 928 3368; x_wconf 89' lang='lat' dir='ltr'><strong>male</strong></span> <span class='ocrx_word' id='word_1_233' title='bbox 957 3316 1040 3369; x_wconf 85' lang='lat' dir='ltr'><strong>vel</strong></span> <span class='ocrx_word' id='word_1_234' title='bbox 1075 3316 1212 3371; x_wconf 88' lang='lat' dir='ltr'><strong>bene</strong></span> <span class='ocrx_word' id='word_1_235' title='bbox 1241 3333 1486 3388; x_wconf 84' lang='lat' dir='ltr'><strong>agamus.</strong></span> <span class='ocrx_word' id='word_1_236' title='bbox 1527 3318 1580 3372; x_wconf 91' lang='lat' dir='ltr'><strong>id</strong></span> <span class='ocrx_word' id='word_1_237' title='bbox 1615 3320 1790 3374; x_wconf 88' lang='lat' dir='ltr'><strong>nostri</strong></span> <span class='ocrx_word' id='word_1_238' title='bbox 1839 3320 2048 3374; x_wconf 86' lang='lat' dir='ltr'><strong>arbitrii</strong></span> 
     </span>
    </p>
   </div>
   <div class='ocr_carea' id='block_1_35' title="bbox 459 3405 2049 3481">
    <p class='ocr_par' dir='ltr' id='par_1_35' title="bbox 459 3405 2049 3481">
     <span class='ocr_line' id='line_1_35' title="bbox 459 3405 2049 3481; baseline 0.006 -25"><span class='ocrx_word' id='word_1_239' title='bbox 459 3410 545 3456; x_wconf 88' lang='lat' dir='ltr'><strong>est</strong></span> <span class='ocrx_word' id='word_1_240' title='bbox 605 3410 766 3470; x_wconf 90' lang='lat' dir='ltr'><strong>atque</strong></span> <span class='ocrx_word' id='word_1_241' title='bbox 822 3405 1206 3471; x_wconf 79' lang='lat' dir='ltr'><strong>conscientiae;</strong></span> <span class='ocrx_word' id='word_1_242' title='bbox 1263 3407 1702 3476; x_wconf 79' lang='lat' dir='ltr'><strong>quandoquidem</strong></span> <span class='ocrx_word' id='word_1_243' title='bbox 1760 3410 2049 3481; x_wconf 82' lang='lat' dir='ltr'><strong>utriusque</strong></span> 
     </span>
    </p>
   </div>
   <div class='ocr_carea' id='block_1_36' title="bbox 462 3492 1528 3566">
    <p class='ocr_par' dir='ltr' id='par_1_36' title="bbox 462 3492 1528 3566">
     <span class='ocr_line' id='line_1_36' title="bbox 462 3492 1528 3566; baseline 0.005 -18"><span class='ocrx_word' id='word_1_244' title='bbox 462 3492 540 3548; x_wconf 86' lang='lat' dir='ltr'><strong>rei</strong></span> <span class='ocrx_word' id='word_1_245' title='bbox 576 3494 729 3548; x_wconf 83' lang='lat' dir='ltr'><strong>nobis</strong></span> <span class='ocrx_word' id='word_1_246' title='bbox 768 3496 1050 3550; x_wconf 88' lang='lat' dir='ltr'><strong>scientiam</strong></span> <span class='ocrx_word' id='word_1_247' title='bbox 1084 3497 1395 3566; x_wconf 89' lang='lat' dir='ltr'><strong>impertitus</strong></span> <span class='ocrx_word' id='word_1_248' title='bbox 1419 3508 1528 3554; x_wconf 90' lang='lat' dir='ltr'><strong>est.</strong></span> 
     </span>
    </p>
   </div>
   <div class='ocr_carea' id='block_1_37' title="bbox 2134 578 3716 648">
    <p class='ocr_par' dir='ltr' id='par_1_37' title="bbox 2134 578 3716 648">
     <span class='ocr_line' id='line_1_37' title="bbox 2134 578 3716 648; baseline 0.001 -16"><span class='ocrx_word' id='word_1_249' title='bbox 2134 579 2426 646; x_wconf 78' lang='grc' dir='ltr'><strong>ὀστράκου.</strong></span> <span class='ocrx_word' id='word_1_250' title='bbox 2476 579 2621 646; x_wconf 76' lang='grc' dir='ltr'><strong>Ἔφη</strong></span> <span class='ocrx_word' id='word_1_251' title='bbox 2673 581 2700 631; x_wconf 90' lang='lat'><strong>6</strong></span> <span class='ocrx_word' id='word_1_252' title='bbox 2750 578 3056 648; x_wconf 82' lang='grc' dir='ltr'><strong>Εὑθύμιος’</strong></span> <span class='ocrx_word' id='word_1_253' title='bbox 3104 580 3291 644; x_wconf 78' lang='grc' dir='ltr'>Οὕτως</span> <span class='ocrx_word' id='word_1_254' title='bbox 3338 581 3432 633; x_wconf 69' lang='grc' dir='ltr'>καὶ</span> <span class='ocrx_word' id='word_1_255' title='bbox 3477 582 3569 633; x_wconf 74' lang='grc' dir='ltr'><strong>ἐπὶ</strong></span> <span class='ocrx_word' id='word_1_256' title='bbox 3619 579 3716 633; x_wconf 76' lang='grc' dir='ltr'>τοῦ</span> 
     </span>
    </p>
   </div>
   <div class='ocr_carea' id='block_1_38' title="bbox 2136 669 3718 742">
    <p class='ocr_par' dir='ltr' id='par_1_38' title="bbox 2136 669 3718 742">
     <span class='ocr_line' id='line_1_38' title="bbox 2136 669 3718 742; baseline 0.001 -20"><span class='ocrx_word' id='word_1_257' title='bbox 2136 669 2376 738; x_wconf 79' lang='grc' dir='ltr'><strong>Χριστοῦ</strong></span> <span class='ocrx_word' id='word_1_258' title='bbox 2407 669 2632 738; x_wconf 89' lang='grc' dir='ltr'>γέγονεν</span> <span class='ocrx_word' id='word_1_259' title='bbox 2658 687 2672 700; x_wconf 75' lang='grc' dir='ltr'><strong><em>ο</em></strong></span> <span class='ocrx_word' id='word_1_260' title='bbox 2709 671 2740 740; x_wconf 82' lang='grc' dir='ltr'>ή</span> <span class='ocrx_word' id='word_1_261' title='bbox 2777 671 2914 740; x_wconf 74' lang='grc' dir='ltr'><strong>σὰρξ</strong></span> <span class='ocrx_word' id='word_1_262' title='bbox 2945 672 3078 742; x_wconf 87' lang='grc' dir='ltr'>μόνη</span> <span class='ocrx_word' id='word_1_263' title='bbox 3111 673 3428 740; x_wconf 75' lang='grc' dir='ltr'><strong>ἐσταυρώθη</strong></span> <span class='ocrx_word' id='word_1_264' title='bbox 3461 673 3554 725; x_wconf 74' lang='grc' dir='ltr'><strong>καὶ</strong></span> <span class='ocrx_word' id='word_1_265' title='bbox 3607 673 3718 724; x_wconf 81' lang='grc' dir='ltr'><strong>ἀπ-</strong></span> 
     </span>
    </p>
   </div>
   <div class='ocr_carea' id='block_1_39' title="bbox 2135 761 3719 834">
    <p class='ocr_par' dir='ltr' id='par_1_39' title="bbox 2135 761 3719 834">
     <span class='ocr_line' id='line_1_39' title="bbox 2135 761 3719 834; baseline 0.001 -20"><span class='ocrx_word' id='word_1_266' title='bbox 2135 761 2349 815; x_wconf 88' lang='grc' dir='ltr'>έθανεν.</span> <span class='ocrx_word' id='word_1_267' title='bbox 2386 762 2548 830; x_wconf 82' lang='grc' dir='ltr'>Λέγει</span> <span class='ocrx_word' id='word_1_268' title='bbox 2585 764 2611 814; x_wconf 97' lang='lat'><strong>6</strong></span> <span class='ocrx_word' id='word_1_269' title='bbox 2637 762 2956 832; x_wconf 76' lang='grc' dir='ltr'>Σαρακηνός</span> <span class='ocrx_word' id='word_1_270' title='bbox 2983 781 2998 798; x_wconf 78' lang='grc' dir='ltr'><strong>ο</strong></span> <span class='ocrx_word' id='word_1_271' title='bbox 3031 765 3139 818; x_wconf 67' lang='grc' dir='ltr'><strong>Καὶ</strong></span> <span class='ocrx_word' id='word_1_272' title='bbox 3168 763 3548 834; x_wconf 82' lang='grc' dir='ltr'><strong>ἀποθανούσης</strong></span> <span class='ocrx_word' id='word_1_273' title='bbox 3582 781 3719 831; x_wconf 90' lang='grc' dir='ltr'>σαρ-</span> 
     </span>
    </p>
   </div>
   <div class='ocr_carea' id='block_1_40' title="bbox 2136 851 3718 924">
    <p class='ocr_par' dir='ltr' id='par_1_40' title="bbox 2136 851 3718 924">
     <span class='ocr_line' id='line_1_40' title="bbox 2136 851 3718 924; baseline 0.001 -18"><span class='ocrx_word' id='word_1_274' title='bbox 2136 851 2252 916; x_wconf 69' lang='grc' dir='ltr'>κὸς,</span> <span class='ocrx_word' id='word_1_275' title='bbox 2300 852 2653 922; x_wconf 76' lang='grc' dir='ltr'><strong>ἀπεχωρίσθη</strong></span> <span class='ocrx_word' id='word_1_276' title='bbox 2701 855 2731 923; x_wconf 83' lang='grc' dir='ltr'><strong>ἡ</strong></span> <span class='ocrx_word' id='word_1_277' title='bbox 2782 853 2971 922; x_wconf 76' lang='grc' dir='ltr'><strong>θεότης</strong></span> <span class='ocrx_word' id='word_1_278' title='bbox 3025 856 3088 906; x_wconf 81' lang='grc' dir='ltr'>ὲκ</span> <span class='ocrx_word' id='word_1_279' title='bbox 3128 857 3225 924; x_wconf 80' lang='grc' dir='ltr'><strong>τῆς</strong></span> <span class='ocrx_word' id='word_1_280' title='bbox 3279 855 3502 924; x_wconf 76' lang='grc' dir='ltr'>σαρκὸς,</span> <span class='ocrx_word' id='word_1_281' title='bbox 3553 853 3718 923; x_wconf 71' lang='grc' dir='ltr'><strong>ἠοῦς</strong></span> 
     </span>
    </p>
   </div>
   <div class='ocr_carea' id='block_1_41' title="bbox 2141 943 3720 1014">
    <p class='ocr_par' dir='ltr' id='par_1_41' title="bbox 2141 943 3720 1014">
     <span class='ocr_line' id='line_1_41' title="bbox 2141 943 3720 1014; baseline 0.001 -18"><span class='ocrx_word' id='word_1_282' title='bbox 2141 945 2284 1014; x_wconf 74' lang='grc' dir='ltr'><strong>Ἔφη</strong></span> <span class='ocrx_word' id='word_1_283' title='bbox 2314 945 2341 994; x_wconf 89' lang='lat'><strong>6</strong></span> <span class='ocrx_word' id='word_1_284' title='bbox 2374 943 2674 1013; x_wconf 78' lang='grc' dir='ltr'><strong>Εὑθύμιος’</strong></span> <span class='ocrx_word' id='word_1_285' title='bbox 2699 945 3059 1014; x_wconf 80' lang='grc' dir='ltr'>Χωρίζεταιή</span> <span class='ocrx_word' id='word_1_286' title='bbox 3105 947 3264 1012; x_wconf 78' lang='grc' dir='ltr'>φύσις</span> <span class='ocrx_word' id='word_1_287' title='bbox 3303 946 3402 1013; x_wconf 79' lang='grc' dir='ltr'><strong>τῆς</strong></span> <span class='ocrx_word' id='word_1_288' title='bbox 3432 945 3720 1014; x_wconf 77' lang='grc' dir='ltr'><strong>ἀστραπῆς</strong></span> 
     </span>
    </p>
   </div>
   <div class='ocr_carea' id='block_1_42' title="bbox 2137 1035 3720 1106">
    <p class='ocr_par' dir='ltr' id='par_1_42' title="bbox 2137 1035 3720 1106">
     <span class='ocr_line' id='line_1_42' title="bbox 2137 1035 3720 1106; baseline 0.003 -18"><span class='ocrx_word' id='word_1_289' title='bbox 2137 1037 2270 1089; x_wconf 82' lang='grc' dir='ltr'>ὅταν</span> <span class='ocrx_word' id='word_1_290' title='bbox 2302 1035 2500 1104; x_wconf 81' lang='grc' dir='ltr'><strong>πάσχει</strong></span> <span class='ocrx_word' id='word_1_291' title='bbox 2531 1035 2591 1087; x_wconf 78' lang='grc' dir='ltr'><strong>τὸ</strong></span> <span class='ocrx_word' id='word_1_292' title='bbox 2618 1036 2920 1105; x_wconf 75' lang='grc' dir='ltr'>δστρακονς</span> <span class='ocrx_word' id='word_1_293' title='bbox 2947 1037 3104 1104; x_wconf 86' lang='grc' dir='ltr'><strong>Λέγει</strong></span> <span class='ocrx_word' id='word_1_294' title='bbox 3135 1041 3162 1089; x_wconf 90' lang='lat'><strong>6</strong></span> <span class='ocrx_word' id='word_1_295' title='bbox 3191 1036 3530 1106; x_wconf 86' lang='grc' dir='ltr'>Σαρακηνός·</span> <span class='ocrx_word' id='word_1_296' title='bbox 3563 1036 3720 1105; x_wconf 82' lang='grc' dir='ltr'>Οὐχί.</span> 
     </span>
    </p>
   </div>
   <div class='ocr_carea' id='block_1_43' title="bbox 2141 1122 3720 1198">
    <p class='ocr_par' dir='ltr' id='par_1_43' title="bbox 2141 1122 3720 1198">
     <span class='ocr_line' id='line_1_43' title="bbox 2141 1122 3720 1198; baseline 0 -18"><span class='ocrx_word' id='word_1_297' title='bbox 2141 1122 2306 1180; x_wconf 76' lang='grc' dir='ltr'>Εἶπεν</span> <span class='ocrx_word' id='word_1_298' title='bbox 2331 1130 2358 1180; x_wconf 91' lang='lat'><strong>6</strong></span> <span class='ocrx_word' id='word_1_299' title='bbox 2392 1126 2665 1196; x_wconf 80' lang='grc' dir='ltr'><strong>Εὑθύμιος</strong></span> <span class='ocrx_word' id='word_1_300' title='bbox 2690 1143 2702 1156; x_wconf 75' lang='grc'><strong><em>⁸</em></strong></span> <span class='ocrx_word' id='word_1_301' title='bbox 2740 1129 2848 1180; x_wconf 73' lang='grc' dir='ltr'><strong>Καὶ</strong></span> <span class='ocrx_word' id='word_1_302' title='bbox 2875 1129 2924 1180; x_wconf 76' lang='grc' dir='ltr'>εί</span> <span class='ocrx_word' id='word_1_303' title='bbox 2956 1129 2988 1197; x_wconf 78' lang='grc' dir='ltr'><strong>ἡ</strong></span> <span class='ocrx_word' id='word_1_304' title='bbox 3029 1129 3192 1196; x_wconf 85' lang='grc' dir='ltr'>φύσις</span> <span class='ocrx_word' id='word_1_305' title='bbox 3214 1130 3312 1197; x_wconf 85' lang='grc' dir='ltr'><strong>τῆς</strong></span> <span class='ocrx_word' id='word_1_306' title='bbox 3343 1129 3629 1198; x_wconf 79' lang='grc' dir='ltr'><strong>ἀστραπῆς</strong></span> <span class='ocrx_word' id='word_1_307' title='bbox 3659 1128 3720 1180; x_wconf 83' lang='grc' dir='ltr'><strong>οὑ</strong></span> 
     </span>
    </p>
   </div>
   <div class='ocr_carea' id='block_1_44' title="bbox 2142 1213 3722 1289">
    <p class='ocr_par' dir='ltr' id='par_1_44' title="bbox 2142 1213 3722 1289">
     <span class='ocr_line' id='line_1_44' title="bbox 2142 1213 3722 1289; baseline 0.001 -19"><span class='ocrx_word' id='word_1_308' title='bbox 2142 1218 2359 1287; x_wconf 80' lang='grc' dir='ltr'>πάσχει,</span> <span class='ocrx_word' id='word_1_309' title='bbox 2386 1217 2502 1279; x_wconf 87' lang='grc' dir='ltr'><strong>πῶς</strong></span> <span class='ocrx_word' id='word_1_310' title='bbox 2541 1220 2574 1287; x_wconf 82' lang='grc' dir='ltr'>ἡ</span> <span class='ocrx_word' id='word_1_311' title='bbox 2603 1217 2721 1269; x_wconf 83' lang='grc' dir='ltr'><strong>Θεία</strong></span> <span class='ocrx_word' id='word_1_312' title='bbox 2748 1217 2908 1286; x_wconf 81' lang='grc' dir='ltr'><strong>φύσις</strong></span> <span class='ocrx_word' id='word_1_313' title='bbox 2934 1213 3047 1286; x_wconf 74' lang='grc' dir='ltr'><strong>εἶχε</strong></span> <span class='ocrx_word' id='word_1_314' title='bbox 3086 1220 3478 1288; x_wconf 83' lang='grc' dir='ltr'>συμπασχῆσαι</span> <span class='ocrx_word' id='word_1_315' title='bbox 3509 1217 3584 1289; x_wconf 81' lang='grc' dir='ltr'>τῷ</span> <span class='ocrx_word' id='word_1_316' title='bbox 3612 1216 3722 1271; x_wconf 84' lang='grc' dir='ltr'><strong>σώ-</strong></span> 
     </span>
    </p>
   </div>
   <div class='ocr_carea' id='block_1_45' title="bbox 2145 1309 3722 1379">
    <p class='ocr_par' dir='ltr' id='par_1_45' title="bbox 2145 1309 3722 1379">
     <span class='ocr_line' id='line_1_45' title="bbox 2145 1309 3722 1379; baseline 0.001 -18"><span class='ocrx_word' id='word_1_317' title='bbox 2145 1325 2309 1378; x_wconf 82' lang='grc' dir='ltr'>ματι;</span> <span class='ocrx_word' id='word_1_318' title='bbox 2357 1309 2518 1376; x_wconf 80' lang='grc' dir='ltr'><strong>Λέγει</strong></span> <span class='ocrx_word' id='word_1_319' title='bbox 2547 1311 2574 1362; x_wconf 90' lang='lat'><strong>6</strong></span> <span class='ocrx_word' id='word_1_320' title='bbox 2607 1309 2922 1379; x_wconf 77' lang='grc' dir='ltr'><strong>Σαρακηνὸς</strong></span> <span class='ocrx_word' id='word_1_321' title='bbox 2945 1325 2961 1340; x_wconf 85' lang='grc'>⁶</span> <span class='ocrx_word' id='word_1_322' title='bbox 3011 1311 3134 1373; x_wconf 85' lang='grc' dir='ltr'>Πῶς</span> <span class='ocrx_word' id='word_1_323' title='bbox 3164 1309 3316 1377; x_wconf 74' lang='grc' dir='ltr'>γοῦν,</span> <span class='ocrx_word' id='word_1_324' title='bbox 3354 1309 3446 1363; x_wconf 85' lang='grc' dir='ltr'><strong>τοῦ</strong></span> <span class='ocrx_word' id='word_1_325' title='bbox 3477 1311 3722 1364; x_wconf 84' lang='grc' dir='ltr'><strong>τοιούτου</strong></span> 
     </span>
    </p>
   </div>
   <div class='ocr_carea' id='block_1_46' title="bbox 2147 1399 3726 1472">
    <p class='ocr_par' dir='ltr' id='par_1_46' title="bbox 2147 1399 3726 1472">
     <span class='ocr_line' id='line_1_46' title="bbox 2147 1399 3726 1472; baseline 0.001 -20"><span class='ocrx_word' id='word_1_326' title='bbox 2147 1401 2452 1470; x_wconf 83' lang='grc' dir='ltr'><strong>μυστηρίου</strong></span> <span class='ocrx_word' id='word_1_327' title='bbox 2493 1400 2801 1467; x_wconf 88' lang='grc' dir='ltr'>γεγονότος,</span> <span class='ocrx_word' id='word_1_328' title='bbox 2837 1401 2932 1453; x_wconf 77' lang='grc' dir='ltr'>καὶ</span> <span class='ocrx_word' id='word_1_329' title='bbox 2961 1401 3096 1454; x_wconf 83' lang='grc' dir='ltr'><strong>Θεοῦ</strong></span> <span class='ocrx_word' id='word_1_330' title='bbox 3124 1403 3218 1454; x_wconf 71' lang='grc' dir='ltr'>καὶ</span> <span class='ocrx_word' id='word_1_331' title='bbox 3243 1399 3534 1472; x_wconf 84' lang='grc' dir='ltr'><strong>ἀνθρώπου</strong></span> <span class='ocrx_word' id='word_1_332' title='bbox 3567 1418 3726 1469; x_wconf 86' lang='grc' dir='ltr'>γενο-</span> 
     </span>
    </p>
   </div>
   <div class='ocr_carea' id='block_1_47' title="bbox 2149 1488 3727 1558">
    <p class='ocr_par' dir='ltr' id='par_1_47' title="bbox 2149 1488 3727 1558">
     <span class='ocr_line' id='line_1_47' title="bbox 2149 1488 3727 1558; baseline -0.001 -16"><span class='ocrx_word' id='word_1_333' title='bbox 2149 1490 2330 1558; x_wconf 80' lang='grc' dir='ltr'><strong>μένου,</strong></span> <span class='ocrx_word' id='word_1_334' title='bbox 2386 1488 2472 1541; x_wconf 71' lang='grc' dir='ltr'>ἵνα</span> <span class='ocrx_word' id='word_1_335' title='bbox 2516 1489 2662 1558; x_wconf 79' lang='grc' dir='ltr'>σώσῃ</span> <span class='ocrx_word' id='word_1_336' title='bbox 2715 1489 2821 1557; x_wconf 58' lang='grc' dir='ltr'><strong>τὸνΞ</strong></span> <span class='ocrx_word' id='word_1_337' title='bbox 2849 1489 3156 1557; x_wconf 76' lang='grc' dir='ltr'>ἄνθρωπον,</span> <span class='ocrx_word' id='word_1_338' title='bbox 3216 1490 3290 1550; x_wconf 80' lang='grc' dir='ltr'><strong>ὼς</strong></span> <span class='ocrx_word' id='word_1_339' title='bbox 3339 1489 3550 1558; x_wconf 83' lang='grc' dir='ltr'><strong>λέγετε,</strong></span> <span class='ocrx_word' id='word_1_340' title='bbox 3607 1490 3727 1552; x_wconf 88' lang='grc' dir='ltr'>πῶς</span> 
     </span>
    </p>
   </div>
   <div class='ocr_carea' id='block_1_48' title="bbox 2147 1577 3730 1651">
    <p class='ocr_par' dir='ltr' id='par_1_48' title="bbox 2147 1577 3730 1651">
     <span class='ocr_line' id='line_1_48' title="bbox 2147 1577 3730 1651; baseline -0.002 -16"><span class='ocrx_word' id='word_1_341' title='bbox 2147 1585 2172 1635; x_wconf 87' lang='lat'><strong>6</strong></span> <span class='ocrx_word' id='word_1_342' title='bbox 2202 1581 2446 1644; x_wconf 89' lang='grc' dir='ltr'>διάϐολος</span> <span class='ocrx_word' id='word_1_343' title='bbox 2476 1582 2536 1633; x_wconf 78' lang='grc' dir='ltr'><strong>οὖ</strong></span> <span class='ocrx_word' id='word_1_344' title='bbox 2577 1581 2808 1634; x_wconf 84' lang='grc' dir='ltr'>παύεται</span> <span class='ocrx_word' id='word_1_345' title='bbox 2839 1581 3081 1644; x_wconf 79' lang='grc' dir='ltr'>ἀεννάως</span> <span class='ocrx_word' id='word_1_346' title='bbox 3117 1585 3179 1633; x_wconf 83' lang='grc' dir='ltr'><strong>τὸ</strong></span> <span class='ocrx_word' id='word_1_347' title='bbox 3209 1583 3364 1650; x_wconf 88' lang='grc' dir='ltr'><strong>γένος</strong></span> <span class='ocrx_word' id='word_1_348' title='bbox 3385 1581 3492 1633; x_wconf 89' lang='grc' dir='ltr'><strong>τῶν</strong></span> <span class='ocrx_word' id='word_1_349' title='bbox 3517 1577 3730 1651; x_wconf 83' lang='grc' dir='ltr'><strong>ἀνθρώ-</strong></span> 
     </span>
    </p>
   </div>
   <div class='ocr_carea' id='block_1_49' title="bbox 2148 1671 3730 1743">
    <p class='ocr_par' dir='ltr' id='par_1_49' title="bbox 2148 1671 3730 1743">
     <span class='ocr_line' id='line_1_49' title="bbox 2148 1671 3730 1743; baseline 0 -17"><span class='ocrx_word' id='word_1_350' title='bbox 2148 1691 2265 1728; x_wconf 85' lang='grc' dir='ltr'><strong>πων</strong></span> <span class='ocrx_word' id='word_1_351' title='bbox 2289 1673 2571 1742; x_wconf 86' lang='grc' dir='ltr'>πολεμῶν;</span> <span class='ocrx_word' id='word_1_352' title='bbox 2599 1673 2744 1743; x_wconf 83' lang='grc' dir='ltr'>Ἔφη</span> <span class='ocrx_word' id='word_1_353' title='bbox 2773 1675 2801 1725; x_wconf 90' lang='lat'><strong>6</strong></span> <span class='ocrx_word' id='word_1_354' title='bbox 2827 1673 3097 1743; x_wconf 81' lang='grc' dir='ltr'><strong>Εὑθύμιος</strong></span> <span class='ocrx_word' id='word_1_355' title='bbox 3115 1688 3132 1706; x_wconf 78' lang='grc' dir='ltr'><strong><em>ο</em></strong></span> <span class='ocrx_word' id='word_1_356' title='bbox 3163 1672 3315 1726; x_wconf 78' lang='grc' dir='ltr'>Εἴπω</span> <span class='ocrx_word' id='word_1_357' title='bbox 3335 1689 3416 1726; x_wconf 90' lang='grc' dir='ltr'><strong>σοι</strong></span> <span class='ocrx_word' id='word_1_358' title='bbox 3440 1671 3694 1741; x_wconf 80' lang='grc' dir='ltr'>ὁμοίωμα</span> <span class='ocrx_word' id='word_1_359' title='bbox 3715 1687 3730 1703; x_wconf 77' lang='grc'><strong>⁸</strong></span> 
     </span>
    </p>
   </div>
   <div class='ocr_carea' id='block_1_50' title="bbox 2148 1750 3729 1836">
    <p class='ocr_par' dir='ltr' id='par_1_50' title="bbox 2148 1750 3729 1836">
     <span class='ocr_line' id='line_1_50' title="bbox 2148 1750 3729 1836; baseline -0.001 -18"><span class='ocrx_word' id='word_1_360' title='bbox 2148 1766 2407 1829; x_wconf 83' lang='grc' dir='ltr'><strong>Βασιλεύς</strong></span> <span class='ocrx_word' id='word_1_361' title='bbox 2439 1781 2521 1828; x_wconf 91' lang='grc' dir='ltr'><strong>τις</strong></span> <span class='ocrx_word' id='word_1_362' title='bbox 2551 1760 2664 1836; x_wconf 63' lang='grc' dir='ltr'>εἶχε</span> <span class='ocrx_word' id='word_1_363' title='bbox 2717 1763 2870 1834; x_wconf 84' lang='grc' dir='ltr'>φίλον</span> <span class='ocrx_word' id='word_1_364' title='bbox 2899 1765 3040 1817; x_wconf 80' lang='grc' dir='ltr'>πάνυ</span> <span class='ocrx_word' id='word_1_365' title='bbox 3077 1763 3471 1832; x_wconf 83' lang='grc' dir='ltr'><strong>γνησιώτατον.</strong></span> <span class='ocrx_word' id='word_1_366' title='bbox 3504 1750 3729 1832; x_wconf 74' lang='grc' dir='ltr'><strong>Ἐχθρὸς</strong></span> 
     </span>
    </p>
   </div>
   <div class='ocr_carea' id='block_1_51' title="bbox 2145 1851 3732 1925">
    <p class='ocr_par' dir='ltr' id='par_1_51' title="bbox 2145 1851 3732 1925">
     <span class='ocr_line' id='line_1_51' title="bbox 2145 1851 3732 1925; baseline -0.004 -15"><span class='ocrx_word' id='word_1_367' title='bbox 2145 1857 2201 1910; x_wconf 84' lang='grc' dir='ltr'>δέ</span> <span class='ocrx_word' id='word_1_368' title='bbox 2226 1875 2309 1919; x_wconf 90' lang='grc' dir='ltr'><strong>τις</strong></span> <span class='ocrx_word' id='word_1_369' title='bbox 2336 1856 2547 1925; x_wconf 78' lang='grc' dir='ltr'><strong>βλέπων</strong></span> <span class='ocrx_word' id='word_1_370' title='bbox 2571 1855 2668 1924; x_wconf 83' lang='grc' dir='ltr'><strong>τὴν</strong></span> <span class='ocrx_word' id='word_1_371' title='bbox 2692 1855 2920 1924; x_wconf 79' lang='grc' dir='ltr'>ἄπειρον</span> <span class='ocrx_word' id='word_1_372' title='bbox 2945 1855 3110 1923; x_wconf 77' lang='grc' dir='ltr'>τιμὴν</span> <span class='ocrx_word' id='word_1_373' title='bbox 3134 1853 3227 1906; x_wconf 71' lang='grc' dir='ltr'><strong>καὶ</strong></span> <span class='ocrx_word' id='word_1_374' title='bbox 3254 1853 3475 1922; x_wconf 80' lang='grc' dir='ltr'><strong>ἀγάπην</strong></span> <span class='ocrx_word' id='word_1_375' title='bbox 3504 1852 3570 1922; x_wconf 79' lang='grc' dir='ltr'>ἢν</span> <span class='ocrx_word' id='word_1_376' title='bbox 3593 1851 3732 1921; x_wconf 77' lang='grc' dir='ltr'>πρὸς</span> 
     </span>
    </p>
   </div>
   <div class='ocr_carea' id='block_1_52' title="bbox 2151 1939 3715 2013">
    <p class='ocr_par' dir='ltr' id='par_1_52' title="bbox 2151 1939 3715 2013">
     <span class='ocr_line' id='line_1_52' title="bbox 2151 1939 3715 2013; baseline -0.006 -13"><span class='ocrx_word' id='word_1_377' title='bbox 2151 1948 2313 2001; x_wconf 77' lang='grc' dir='ltr'>αὐτὸν</span> <span class='ocrx_word' id='word_1_378' title='bbox 2346 1946 2608 2013; x_wconf 76' lang='grc' dir='ltr'><strong>ἐκέκτητο</strong></span> <span class='ocrx_word' id='word_1_379' title='bbox 2639 1944 2668 1996; x_wconf 92' lang='lat'><strong>6</strong></span> <span class='ocrx_word' id='word_1_380' title='bbox 2693 1942 2978 2013; x_wconf 75' lang='grc' dir='ltr'><strong>βασιλεύςο</strong></span> <span class='ocrx_word' id='word_1_381' title='bbox 3014 1941 3184 1994; x_wconf 68' lang='grc' dir='ltr'><strong>ἐλθὼν</strong></span> <span class='ocrx_word' id='word_1_382' title='bbox 3217 1941 3273 1994; x_wconf 82' lang='grc' dir='ltr'>δὲ</span> <span class='ocrx_word' id='word_1_383' title='bbox 3296 1942 3324 1993; x_wconf 91' lang='lat'><strong>6</strong></span> <span class='ocrx_word' id='word_1_384' title='bbox 3347 1941 3541 2011; x_wconf 74' lang='grc' dir='ltr'><strong>ἐχθρὸς</strong></span> <span class='ocrx_word' id='word_1_385' title='bbox 3577 1939 3715 2009; x_wconf 80' lang='grc' dir='ltr'>μιτά</span> 
     </span>
    </p>
   </div>
   <div class='ocr_carea' id='block_1_53' title="bbox 2145 2033 3788 2105">
    <p class='ocr_par' dir='ltr' id='par_1_53' title="bbox 2145 2033 3788 2105">
     <span class='ocr_line' id='line_1_53' title="bbox 2145 2033 3788 2105; baseline -0.004 -14"><span class='ocrx_word' id='word_1_386' title='bbox 2145 2039 2295 2092; x_wconf 78' lang='grc' dir='ltr'>δόλου</span> <span class='ocrx_word' id='word_1_387' title='bbox 2321 2037 2610 2090; x_wconf 83' lang='grc' dir='ltr'><strong>ὲσκύλευσε</strong></span> <span class='ocrx_word' id='word_1_388' title='bbox 2664 2035 2752 2087; x_wconf 82' lang='grc' dir='ltr'><strong>τὸν</strong></span> <span class='ocrx_word' id='word_1_389' title='bbox 2776 2035 2870 2087; x_wconf 88' lang='grc' dir='ltr'><strong>τοῦ</strong></span> <span class='ocrx_word' id='word_1_390' title='bbox 2898 2033 3164 2105; x_wconf 89' lang='grc' dir='ltr'>βασιλέως</span> <span class='ocrx_word' id='word_1_391' title='bbox 3184 2033 3334 2101; x_wconf 88' lang='grc' dir='ltr'>φίλον</span> <span class='ocrx_word' id='word_1_392' title='bbox 3356 2036 3448 2085; x_wconf 72' lang='grc' dir='ltr'>καὶ</span> <span class='ocrx_word' id='word_1_393' title='bbox 3477 2033 3733 2086; x_wconf 77' lang='grc' dir='ltr'><strong>ἀπώλετο</strong></span> <span class='ocrx_word' id='word_1_394' title='bbox 3779 2039 3788 2045; x_wconf 81' lang='lat'>&#39;</span> 
     </span>
    </p>
   </div>
   <div class='ocr_carea' id='block_1_54' title="bbox 2145 2121 3735 2198">
    <p class='ocr_par' dir='ltr' id='par_1_54' title="bbox 2145 2121 3735 2198">
     <span class='ocr_line' id='line_1_54' title="bbox 2145 2121 3735 2198; baseline -0.006 -16"><span class='ocrx_word' id='word_1_395' title='bbox 2145 2130 2213 2182; x_wconf 88' lang='grc' dir='ltr'><strong>τά</strong></span> <span class='ocrx_word' id='word_1_396' title='bbox 2260 2129 2574 2198; x_wconf 81' lang='grc' dir='ltr'>ὑπάρχοντα</span> <span class='ocrx_word' id='word_1_397' title='bbox 2624 2125 2788 2179; x_wconf 81' lang='grc' dir='ltr'><strong>αὑτοῦ</strong></span> <span class='ocrx_word' id='word_1_398' title='bbox 2813 2140 2828 2156; x_wconf 79' lang='grc' dir='ltr'><strong>ο</strong></span> <span class='ocrx_word' id='word_1_399' title='bbox 2880 2126 3101 2177; x_wconf 74' lang='grc' dir='ltr'>καὶτὸν</span> <span class='ocrx_word' id='word_1_400' title='bbox 3149 2124 3247 2194; x_wconf 79' lang='grc' dir='ltr'>μὲν</span> <span class='ocrx_word' id='word_1_401' title='bbox 3288 2124 3442 2193; x_wconf 79' lang='grc' dir='ltr'>φίλον</span> <span class='ocrx_word' id='word_1_402' title='bbox 3488 2121 3584 2175; x_wconf 81' lang='grc' dir='ltr'><strong>τοῦ</strong></span> <span class='ocrx_word' id='word_1_403' title='bbox 3639 2121 3735 2191; x_wconf 83' lang='grc' dir='ltr'><strong>βα-</strong></span> 
     </span>
    </p>
   </div>
   <div class='ocr_carea' id='block_1_55' title="bbox 2150 2214 3735 2288">
    <p class='ocr_par' dir='ltr' id='par_1_55' title="bbox 2150 2214 3735 2288">
     <span class='ocr_line' id='line_1_55' title="bbox 2150 2214 3735 2288; baseline -0.006 -15"><span class='ocrx_word' id='word_1_404' title='bbox 2150 2221 2340 2282; x_wconf 84' lang='grc' dir='ltr'>σιλέως</span> <span class='ocrx_word' id='word_1_405' title='bbox 2374 2217 2554 2272; x_wconf 85' lang='grc' dir='ltr'>λαϐὼν</span> <span class='ocrx_word' id='word_1_406' title='bbox 2587 2219 2615 2270; x_wconf 89' lang='lat'><strong>6</strong></span> <span class='ocrx_word' id='word_1_407' title='bbox 2644 2218 2834 2288; x_wconf 71' lang='grc' dir='ltr'><strong>ὲχθρδς</strong></span> <span class='ocrx_word' id='word_1_408' title='bbox 2865 2217 3062 2287; x_wconf 75' lang='grc' dir='ltr'>ἔτυψεν</span> <span class='ocrx_word' id='word_1_409' title='bbox 3097 2215 3367 2286; x_wconf 85' lang='grc' dir='ltr'>ἀνηλεῶς,</span> <span class='ocrx_word' id='word_1_410' title='bbox 3407 2217 3503 2268; x_wconf 78' lang='grc' dir='ltr'><strong>καὶ</strong></span> <span class='ocrx_word' id='word_1_411' title='bbox 3533 2214 3735 2276; x_wconf 80' lang='grc' dir='ltr'>κλοιοῖς</span> 
     </span>
    </p>
   </div>
   <div class='ocr_carea' id='block_1_56' title="bbox 2151 2305 3730 2383">
    <p class='ocr_par' dir='ltr' id='par_1_56' title="bbox 2151 2305 3730 2383">
     <span class='ocr_line' id='line_1_56' title="bbox 2151 2305 3730 2383; baseline -0.006 -18"><span class='ocrx_word' id='word_1_412' title='bbox 2151 2311 2342 2383; x_wconf 84' lang='grc' dir='ltr'><strong>βαρέσι</strong></span> <span class='ocrx_word' id='word_1_413' title='bbox 2402 2311 2641 2380; x_wconf 78' lang='grc' dir='ltr'><strong>πεδήσας</strong></span> <span class='ocrx_word' id='word_1_414' title='bbox 2687 2308 2876 2362; x_wconf 80' lang='grc' dir='ltr'>τοῦτον</span> <span class='ocrx_word' id='word_1_415' title='bbox 2924 2312 2980 2361; x_wconf 79' lang='grc' dir='ltr'>ἐν</span> <span class='ocrx_word' id='word_1_416' title='bbox 3014 2308 3297 2379; x_wconf 80' lang='grc' dir='ltr'><strong>βαθυτάτῳ</strong></span> <span class='ocrx_word' id='word_1_417' title='bbox 3328 2308 3423 2362; x_wconf 76' lang='grc' dir='ltr'>καὶ</span> <span class='ocrx_word' id='word_1_418' title='bbox 3470 2305 3730 2374; x_wconf 88' lang='grc' dir='ltr'><strong>σκοτεινῷ</strong></span> 
     </span>
    </p>
   </div>
   <div class='ocr_carea' id='block_1_57' title="bbox 2151 2396 3730 2472">
    <p class='ocr_par' dir='ltr' id='par_1_57' title="bbox 2151 2396 3730 2472">
     <span class='ocr_line' id='line_1_57' title="bbox 2151 2396 3730 2472; baseline -0.003 -18"><span class='ocrx_word' id='word_1_419' title='bbox 2151 2404 2348 2472; x_wconf 81' lang='grc' dir='ltr'><strong>φρέατι</strong></span> <span class='ocrx_word' id='word_1_420' title='bbox 2378 2401 2642 2454; x_wconf 69' lang='grc' dir='ltr'><strong>ἀπέθετο*</strong></span> <span class='ocrx_word' id='word_1_421' title='bbox 2669 2400 2762 2453; x_wconf 69' lang='grc' dir='ltr'>καὶ</span> <span class='ocrx_word' id='word_1_422' title='bbox 2802 2396 2869 2471; x_wconf 81' lang='grc' dir='ltr'>ἦν</span> <span class='ocrx_word' id='word_1_423' title='bbox 2900 2401 3089 2469; x_wconf 87' lang='grc' dir='ltr'>μείνας</span> <span class='ocrx_word' id='word_1_424' title='bbox 3123 2399 3374 2460; x_wconf 79' lang='grc' dir='ltr'>ἐλεεινῶς</span> <span class='ocrx_word' id='word_1_425' title='bbox 3407 2399 3525 2450; x_wconf 84' lang='grc' dir='ltr'><strong>ὲκεῖ</strong></span> <span class='ocrx_word' id='word_1_426' title='bbox 3558 2397 3730 2450; x_wconf 86' lang='grc' dir='ltr'>καθά-</span> 
     </span>
    </p>
   </div>
   <div class='ocr_carea' id='block_1_58' title="bbox 2149 2490 3730 2564">
    <p class='ocr_par' dir='ltr' id='par_1_58' title="bbox 2149 2490 3730 2564">
     <span class='ocr_line' id='line_1_58' title="bbox 2149 2490 3730 2564; baseline -0.003 -18"><span class='ocrx_word' id='word_1_427' title='bbox 2149 2512 2256 2564; x_wconf 86' lang='grc' dir='ltr'>περ</span> <span class='ocrx_word' id='word_1_428' title='bbox 2299 2493 2742 2564; x_wconf 82' lang='grc' dir='ltr'><strong>ἀπαρηγόρητος.</strong></span> <span class='ocrx_word' id='word_1_429' title='bbox 2791 2494 3070 2562; x_wconf 70' lang='grc' dir='ltr'><strong>Μνησθεὶς</strong></span> <span class='ocrx_word' id='word_1_430' title='bbox 3117 2491 3212 2545; x_wconf 83' lang='grc' dir='ltr'><strong>οὖν</strong></span> <span class='ocrx_word' id='word_1_431' title='bbox 3256 2494 3283 2544; x_wconf 90' lang='lat'><strong>6</strong></span> <span class='ocrx_word' id='word_1_432' title='bbox 3333 2490 3586 2560; x_wconf 75' lang='grc' dir='ltr'><strong>βασιλεὺς</strong></span> <span class='ocrx_word' id='word_1_433' title='bbox 3629 2490 3730 2555; x_wconf 85' lang='grc' dir='ltr'><strong>τῆς</strong></span> 
     </span>
    </p>
   </div>
   <div class='ocr_carea' id='block_1_59' title="bbox 2150 2582 3734 2658">
    <p class='ocr_par' dir='ltr' id='par_1_59' title="bbox 2150 2582 3734 2658">
     <span class='ocr_line' id='line_1_59' title="bbox 2150 2582 3734 2658; baseline -0.005 -18"><span class='ocrx_word' id='word_1_434' title='bbox 2150 2588 2424 2658; x_wconf 82' lang='grc' dir='ltr'><strong>προτέρας</strong></span> <span class='ocrx_word' id='word_1_435' title='bbox 2457 2587 2862 2657; x_wconf 81' lang='grc' dir='ltr'><strong>μακαριότητος</strong></span> <span class='ocrx_word' id='word_1_436' title='bbox 2883 2585 2976 2638; x_wconf 79' lang='grc' dir='ltr'><strong>τοῦ</strong></span> <span class='ocrx_word' id='word_1_437' title='bbox 3007 2585 3201 2638; x_wconf 77' lang='grc' dir='ltr'><strong>ἑαυτοῦ</strong></span> <span class='ocrx_word' id='word_1_438' title='bbox 3230 2585 3406 2653; x_wconf 88' lang='grc' dir='ltr'>φίλου,</span> <span class='ocrx_word' id='word_1_439' title='bbox 3437 2583 3531 2636; x_wconf 70' lang='grc' dir='ltr'>καὶ</span> <span class='ocrx_word' id='word_1_440' title='bbox 3566 2582 3734 2634; x_wconf 84' lang='grc' dir='ltr'>πάλιν</span> 
     </span>
    </p>
   </div>
   <div class='ocr_carea' id='block_1_60' title="bbox 2149 2671 3733 2750">
    <p class='ocr_par' dir='ltr' id='par_1_60' title="bbox 2149 2671 3733 2750">
     <span class='ocr_line' id='line_1_60' title="bbox 2149 2671 3733 2750; baseline -0.005 -18"><span class='ocrx_word' id='word_1_441' title='bbox 2149 2683 2248 2750; x_wconf 85' lang='grc' dir='ltr'><strong>τῆς</strong></span> <span class='ocrx_word' id='word_1_442' title='bbox 2307 2678 2565 2748; x_wconf 80' lang='grc' dir='ltr'><strong>δευτέρας</strong></span> <span class='ocrx_word' id='word_1_443' title='bbox 2635 2677 2800 2730; x_wconf 80' lang='grc' dir='ltr'>αὑτοῦ</span> <span class='ocrx_word' id='word_1_444' title='bbox 2870 2676 3225 2747; x_wconf 85' lang='grc' dir='ltr'><strong>ἀθλιότητος,</strong></span> <span class='ocrx_word' id='word_1_445' title='bbox 3301 2672 3576 2728; x_wconf 84' lang='grc' dir='ltr'>κατελθὼν</span> <span class='ocrx_word' id='word_1_446' title='bbox 3645 2671 3733 2725; x_wconf 65' lang='grc' dir='ltr'>διὰ</span> 
     </span>
    </p>
   </div>
   <div class='ocr_carea' id='block_1_61' title="bbox 2153 2765 3736 2840">
    <p class='ocr_par' dir='ltr' id='par_1_61' title="bbox 2153 2765 3736 2840">
     <span class='ocr_line' id='line_1_61' title="bbox 2153 2765 3736 2840; baseline -0.006 -15"><span class='ocrx_word' id='word_1_447' title='bbox 2153 2772 2439 2840; x_wconf 81' lang='grc' dir='ltr'>σπλάγχνα</span> <span class='ocrx_word' id='word_1_448' title='bbox 2482 2770 2663 2832; x_wconf 81' lang='grc' dir='ltr'><strong>ἐλέους</strong></span> <span class='ocrx_word' id='word_1_449' title='bbox 2697 2770 3057 2840; x_wconf 81' lang='grc' dir='ltr'>οἰκονομικῶς</span> <span class='ocrx_word' id='word_1_450' title='bbox 3102 2771 3160 2822; x_wconf 87' lang='grc' dir='ltr'>ὲν</span> <span class='ocrx_word' id='word_1_451' title='bbox 3204 2767 3456 2838; x_wconf 81' lang='grc' dir='ltr'><strong>βασιλικῇ</strong></span> <span class='ocrx_word' id='word_1_452' title='bbox 3507 2765 3736 2833; x_wconf 82' lang='grc' dir='ltr'>δυνάμει</span> 
     </span>
    </p>
   </div>
   <div class='ocr_carea' id='block_1_62' title="bbox 2155 2857 3734 2933">
    <p class='ocr_par' dir='ltr' id='par_1_62' title="bbox 2155 2857 3734 2933">
     <span class='ocr_line' id='line_1_62' title="bbox 2155 2857 3734 2933; baseline -0.004 -18"><span class='ocrx_word' id='word_1_453' title='bbox 2155 2864 2289 2933; x_wconf 73' lang='grc' dir='ltr'><strong>πρὸς</strong></span> <span class='ocrx_word' id='word_1_454' title='bbox 2307 2862 2397 2914; x_wconf 81' lang='grc' dir='ltr'><strong>τὸν</strong></span> <span class='ocrx_word' id='word_1_455' title='bbox 2415 2861 2506 2932; x_wconf 82' lang='grc' dir='ltr'><strong>ὲχθ</strong></span> <span class='ocrx_word' id='word_1_456' title='bbox 2517 2862 2628 2930; x_wconf 73' lang='grc' dir='ltr'>ρον.</span> <span class='ocrx_word' id='word_1_457' title='bbox 2651 2863 2749 2913; x_wconf 79' lang='grc' dir='ltr'><strong>οὐκ</strong></span> <span class='ocrx_word' id='word_1_458' title='bbox 2772 2861 3077 2929; x_wconf 80' lang='grc' dir='ltr'><strong>ἠγωνίσατο</strong></span> <span class='ocrx_word' id='word_1_459' title='bbox 3094 2861 3223 2929; x_wconf 82' lang='grc' dir='ltr'><strong>περὶ</strong></span> <span class='ocrx_word' id='word_1_460' title='bbox 3239 2859 3345 2910; x_wconf 90' lang='grc' dir='ltr'>τῶν</span> <span class='ocrx_word' id='word_1_461' title='bbox 3365 2857 3734 2927; x_wconf 71' lang='grc' dir='ltr'>πραγμάτων,</span> 
     </span>
    </p>
   </div>
   <div class='ocr_carea' id='block_1_63' title="bbox 2153 2949 3735 3023">
    <p class='ocr_par' dir='ltr' id='par_1_63' title="bbox 2153 2949 3735 3023">
     <span class='ocr_line' id='line_1_63' title="bbox 2153 2949 3735 3023; baseline -0.004 -15"><span class='ocrx_word' id='word_1_462' title='bbox 2153 2955 2268 3008; x_wconf 86' lang='grc' dir='ltr'><strong>ἀλλ’</strong></span> <span class='ocrx_word' id='word_1_463' title='bbox 2302 2954 2612 3023; x_wconf 76' lang='grc' dir='ltr'>ἠγωνίσατο</span> <span class='ocrx_word' id='word_1_464' title='bbox 2639 2953 2732 3006; x_wconf 82' lang='grc' dir='ltr'><strong>τοῦ</strong></span> <span class='ocrx_word' id='word_1_465' title='bbox 2769 2953 3135 3023; x_wconf 70' lang='grc' dir='ltr'><strong>ἐλευθερῶσαι</strong></span> <span class='ocrx_word' id='word_1_466' title='bbox 3155 2952 3245 3004; x_wconf 79' lang='grc' dir='ltr'><strong>τὸν</strong></span> <span class='ocrx_word' id='word_1_467' title='bbox 3270 2951 3464 3004; x_wconf 80' lang='grc' dir='ltr'>ἑαυτοῦ</span> <span class='ocrx_word' id='word_1_468' title='bbox 3493 2949 3646 3018; x_wconf 82' lang='grc' dir='ltr'>φίλον</span> <span class='ocrx_word' id='word_1_469' title='bbox 3671 2950 3735 3002; x_wconf 73' lang='grc' dir='ltr'>ὲκ</span> 
     </span>
    </p>
   </div>
   <div class='ocr_carea' id='block_1_64' title="bbox 2155 3042 3737 3116">
    <p class='ocr_par' dir='ltr' id='par_1_64' title="bbox 2155 3042 3737 3116">
     <span class='ocr_line' id='line_1_64' title="bbox 2155 3042 3737 3116; baseline -0.004 -17"><span class='ocrx_word' id='word_1_470' title='bbox 2155 3047 2254 3114; x_wconf 77' lang='grc' dir='ltr'><strong>τῆς</strong></span> <span class='ocrx_word' id='word_1_471' title='bbox 2301 3046 2504 3116; x_wconf 84' lang='grc' dir='ltr'>πικρᾶς</span> <span class='ocrx_word' id='word_1_472' title='bbox 2541 3045 2635 3098; x_wconf 76' lang='grc' dir='ltr'>καὶ</span> <span class='ocrx_word' id='word_1_473' title='bbox 2681 3045 2860 3114; x_wconf 85' lang='grc' dir='ltr'>δεινῆς</span> <span class='ocrx_word' id='word_1_474' title='bbox 2897 3045 3154 3114; x_wconf 82' lang='grc' dir='ltr'><strong>βασάνου.</strong></span> <span class='ocrx_word' id='word_1_475' title='bbox 3187 3044 3290 3096; x_wconf 82' lang='grc' dir='ltr'><strong>Τὸν</strong></span> <span class='ocrx_word' id='word_1_476' title='bbox 3321 3042 3374 3094; x_wconf 78' lang='grc' dir='ltr'>δὲ</span> <span class='ocrx_word' id='word_1_477' title='bbox 3404 3043 3737 3112; x_wconf 67' lang='grc' dir='ltr'>γαιρέκακον</span> 
     </span>
    </p>
   </div>
   <div class='ocr_carea' id='block_1_65' title="bbox 2156 3133 3741 3208">
    <p class='ocr_par' dir='ltr' id='par_1_65' title="bbox 2156 3133 3741 3208">
     <span class='ocr_line' id='line_1_65' title="bbox 2156 3133 3741 3208; baseline -0.004 -17"><span class='ocrx_word' id='word_1_478' title='bbox 2156 3140 2362 3192; x_wconf 78' lang='grc' dir='ltr'>ἐκεῖνον</span> <span class='ocrx_word' id='word_1_479' title='bbox 2409 3135 2722 3197; x_wconf 81' lang='grc' dir='ltr'><strong>καταλύσας</strong></span> <span class='ocrx_word' id='word_1_480' title='bbox 2783 3139 2877 3189; x_wconf 71' lang='grc' dir='ltr'><strong>καὶ</strong></span> <span class='ocrx_word' id='word_1_481' title='bbox 2949 3137 3243 3208; x_wconf 72' lang='grc' dir='ltr'>συντρίψας</span> <span class='ocrx_word' id='word_1_482' title='bbox 3293 3136 3574 3206; x_wconf 82' lang='grc' dir='ltr'>παρέδωκε</span> <span class='ocrx_word' id='word_1_483' title='bbox 3629 3133 3741 3208; x_wconf 77' lang='grc' dir='ltr'><strong>τοῖς</strong></span> 
     </span>
    </p>
   </div>
   <div class='ocr_carea' id='block_1_66' title="bbox 2160 3205 3740 3302">
    <p class='ocr_par' dir='ltr' id='par_1_66' title="bbox 2160 3205 3740 3302">
     <span class='ocr_line' id='line_1_66' title="bbox 2160 3205 3740 3302; baseline -0.005 -18"><span class='ocrx_word' id='word_1_484' title='bbox 2160 3231 2512 3302; x_wconf 81' lang='grc' dir='ltr'><strong>βασανισταῖς</strong></span> <span class='ocrx_word' id='word_1_485' title='bbox 2533 3247 2547 3260; x_wconf 89' lang='grc'><strong>·</strong></span> <span class='ocrx_word' id='word_1_486' title='bbox 2589 3230 2793 3292; x_wconf 79' lang='grc' dir='ltr'>ἐκεῖνος</span> <span class='ocrx_word' id='word_1_487' title='bbox 2825 3229 2880 3282; x_wconf 79' lang='grc' dir='ltr'>δὲ</span> <span class='ocrx_word' id='word_1_488' title='bbox 2912 3205 3199 3283; x_wconf 18' lang='grc' dir='ltr'>πάλινῇοῦκ</span> <span class='ocrx_word' id='word_1_489' title='bbox 3231 3205 3411 3282; x_wconf 72' lang='grc' dir='ltr'><strong>εἴασεν</strong></span> <span class='ocrx_word' id='word_1_490' title='bbox 3433 3269 3446 3289; x_wconf 91' lang='grc'><strong>,</strong></span> <span class='ocrx_word' id='word_1_491' title='bbox 3483 3226 3600 3280; x_wconf 78' lang='grc' dir='ltr'><strong>ἀλλ’</strong></span> <span class='ocrx_word' id='word_1_492' title='bbox 3631 3205 3740 3278; x_wconf 74' lang='grc' dir='ltr'><strong>οὐδ’</strong></span> 
     </span>
    </p>
   </div>
   <div class='ocr_carea' id='block_1_67' title="bbox 2156 3316 3744 3392">
    <p class='ocr_par' dir='ltr' id='par_1_67' title="bbox 2156 3316 3744 3392">
     <span class='ocr_line' id='line_1_67' title="bbox 2156 3316 3744 3392; baseline -0.003 -17"><span class='ocrx_word' id='word_1_493' title='bbox 2156 3322 2331 3384; x_wconf 74' lang='grc' dir='ltr'>οὕτως</span> <span class='ocrx_word' id='word_1_494' title='bbox 2364 3321 2456 3374; x_wconf 81' lang='grc' dir='ltr'><strong>τδν</strong></span> <span class='ocrx_word' id='word_1_495' title='bbox 2481 3321 2634 3390; x_wconf 78' lang='grc' dir='ltr'>φίλον</span> <span class='ocrx_word' id='word_1_496' title='bbox 2665 3320 2756 3373; x_wconf 78' lang='grc' dir='ltr'><strong>τοῦ</strong></span> <span class='ocrx_word' id='word_1_497' title='bbox 2792 3320 3075 3392; x_wconf 78' lang='grc' dir='ltr'><strong>βασιλέως.</strong></span> <span class='ocrx_word' id='word_1_498' title='bbox 3113 3323 3382 3384; x_wconf 77' lang='grc' dir='ltr'><strong>Τοιούτως</strong></span> <span class='ocrx_word' id='word_1_499' title='bbox 3405 3322 3498 3374; x_wconf 72' lang='grc' dir='ltr'><strong>ἐπὶ</strong></span> <span class='ocrx_word' id='word_1_500' title='bbox 3529 3322 3593 3390; x_wconf 79' lang='grc' dir='ltr'>τῇ</span> <span class='ocrx_word' id='word_1_501' title='bbox 3620 3316 3744 3386; x_wconf 79' lang='grc' dir='ltr'>θείᾳ</span> 
     </span>
    </p>
   </div>
   <div class='ocr_carea' id='block_1_68' title="bbox 2155 3404 3743 3487">
    <p class='ocr_par' dir='ltr' id='par_1_68' title="bbox 2155 3404 3743 3487">
     <span class='ocr_line' id='line_1_68' title="bbox 2155 3404 3743 3487; baseline -0.003 -22"><span class='ocrx_word' id='word_1_502' title='bbox 2155 3413 2566 3483; x_wconf 77' lang='grc' dir='ltr'>συγκαταϐάσει</span> <span class='ocrx_word' id='word_1_503' title='bbox 2609 3413 2720 3466; x_wconf 89' lang='grc' dir='ltr'>νόει</span> <span class='ocrx_word' id='word_1_504' title='bbox 2758 3429 2879 3482; x_wconf 79' lang='grc' dir='ltr'>μοι’</span> <span class='ocrx_word' id='word_1_505' title='bbox 2926 3415 3050 3468; x_wconf 71' lang='grc' dir='ltr'>οὐδὲ</span> <span class='ocrx_word' id='word_1_506' title='bbox 3083 3416 3190 3487; x_wconf 82' lang='grc' dir='ltr'>γάρ</span> <span class='ocrx_word' id='word_1_507' title='bbox 3229 3415 3286 3479; x_wconf 76' lang='grc' dir='ltr'>ἐξ</span> <span class='ocrx_word' id='word_1_508' title='bbox 3347 3414 3593 3483; x_wconf 84' lang='grc' dir='ltr'>ἀνάγκης</span> <span class='ocrx_word' id='word_1_509' title='bbox 3636 3404 3743 3482; x_wconf 71' lang='grc' dir='ltr'><strong>ἧκε</strong></span> 
     </span>
    </p>
   </div>
   <div class='ocr_carea' id='block_1_69' title="bbox 2154 3505 3733 3576">
    <p class='ocr_par' dir='ltr' id='par_1_69' title="bbox 2154 3505 3733 3576">
     <span class='ocr_line' id='line_1_69' title="bbox 2154 3505 3733 3576; baseline -0.003 -15"><span class='ocrx_word' id='word_1_510' title='bbox 2154 3509 2360 3562; x_wconf 78' lang='grc' dir='ltr'>παῦσαι</span> <span class='ocrx_word' id='word_1_511' title='bbox 2401 3506 2468 3559; x_wconf 86' lang='grc' dir='ltr'>τὰ</span> <span class='ocrx_word' id='word_1_512' title='bbox 2498 3505 2769 3558; x_wconf 84' lang='grc' dir='ltr'>σκάνδαλα</span> <span class='ocrx_word' id='word_1_513' title='bbox 2799 3545 2811 3570; x_wconf 84' lang='lat'><strong>,</strong></span> <span class='ocrx_word' id='word_1_514' title='bbox 2847 3505 2963 3559; x_wconf 82' lang='grc' dir='ltr'><strong>ἀλλ’</strong></span> <span class='ocrx_word' id='word_1_515' title='bbox 2999 3507 3369 3576; x_wconf 76' lang='grc' dir='ltr'><strong>ἐλευθερῶσαι</strong></span> <span class='ocrx_word' id='word_1_516' title='bbox 3399 3507 3490 3559; x_wconf 78' lang='grc' dir='ltr'><strong>τὸν</strong></span> <span class='ocrx_word' id='word_1_517' title='bbox 3519 3505 3733 3572; x_wconf 79' lang='grc' dir='ltr'><strong>ἀνθρω-</strong></span> 
     </span>
    </p>
   </div>
   <div class='ocr_carea' id='block_1_70' title="bbox 464 3591 3746 3669">
    <p class='ocr_par' dir='ltr' id='par_1_70' title="bbox 464 3591 3746 3669">
     <span class='ocr_line' id='line_1_70' title="bbox 464 3591 3746 3669; baseline 0.002 -28"><span class='ocrx_word' id='word_1_518' title='bbox 464 3605 586 3643; x_wconf 89' lang='grc' dir='ltr'>πον.</span> <span class='ocrx_word' id='word_1_519' title='bbox 622 3591 694 3642; x_wconf 86' lang='grc' dir='ltr'><strong>Τὸ</strong></span> <span class='ocrx_word' id='word_1_520' title='bbox 724 3591 781 3644; x_wconf 80' lang='grc' dir='ltr'>δὲ</span> <span class='ocrx_word' id='word_1_521' title='bbox 811 3597 1073 3662; x_wconf 83' lang='grc' dir='ltr'>πράττειν</span> <span class='ocrx_word' id='word_1_522' title='bbox 1128 3592 1364 3662; x_wconf 85' lang='grc' dir='ltr'>πονηρὸν</span> <span class='ocrx_word' id='word_1_523' title='bbox 1427 3591 1538 3644; x_wconf 75' lang='grc' dir='ltr'>εἴτε</span> <span class='ocrx_word' id='word_1_524' title='bbox 1603 3594 1808 3660; x_wconf 82' lang='grc' dir='ltr'><strong>ἀγαθὸν</strong></span> <span class='ocrx_word' id='word_1_525' title='bbox 1869 3593 1968 3663; x_wconf 81' lang='grc' dir='ltr'><strong>τῆς</strong></span> <span class='ocrx_word' id='word_1_526' title='bbox 2006 3596 2280 3669; x_wconf 76' lang='grc' dir='ltr'>ἡμετέρας</span> <span class='ocrx_word' id='word_1_527' title='bbox 2322 3601 2440 3653; x_wconf 74' lang='grc' dir='ltr'><strong>ἐστὶ</strong></span> <span class='ocrx_word' id='word_1_528' title='bbox 2505 3598 2876 3669; x_wconf 83' lang='grc' dir='ltr'><strong>προαιρέσεώς</strong></span> <span class='ocrx_word' id='word_1_529' title='bbox 2924 3617 2980 3652; x_wconf 90' lang='grc' dir='ltr'>τε</span> <span class='ocrx_word' id='word_1_530' title='bbox 3033 3601 3128 3654; x_wconf 69' lang='grc' dir='ltr'><strong>καὶ</strong></span> <span class='ocrx_word' id='word_1_531' title='bbox 3162 3599 3556 3669; x_wconf 86' lang='grc' dir='ltr'><strong>συνειδήσεως·</strong></span> <span class='ocrx_word' id='word_1_532' title='bbox 3623 3596 3746 3650; x_wconf 70' lang='grc' dir='ltr'>ἐπεὶ</span> 
     </span>
    </p>
   </div>
   <div class='ocr_carea' id='block_1_71' title="bbox 463 3681 1771 3757">
    <p class='ocr_par' dir='ltr' id='par_1_71' title="bbox 463 3681 1771 3757">
     <span class='ocr_line' id='line_1_71' title="bbox 463 3681 1771 3757; baseline 0.005 -23"><span class='ocrx_word' id='word_1_533' title='bbox 463 3681 564 3749; x_wconf 64' lang='grc' dir='ltr'><strong>τὴν</strong></span> <span class='ocrx_word' id='word_1_534' title='bbox 593 3681 703 3734; x_wconf 89' lang='grc' dir='ltr'><strong>τῶν</strong></span> <span class='ocrx_word' id='word_1_535' title='bbox 733 3685 1060 3754; x_wconf 84' lang='grc' dir='ltr'>ἀμφοτέρων</span> <span class='ocrx_word' id='word_1_536' title='bbox 1088 3682 1291 3750; x_wconf 87' lang='grc' dir='ltr'>γνῶσιν</span> <span class='ocrx_word' id='word_1_537' title='bbox 1323 3687 1454 3755; x_wconf 80' lang='grc' dir='ltr'>ἡμῖν</span> <span class='ocrx_word' id='word_1_538' title='bbox 1485 3686 1771 3757; x_wconf 86' lang='grc' dir='ltr'><strong>ἀνέθηκεν.</strong></span> 
     </span>
    </p>
   </div>
   <div class='ocr_carea' id='block_1_72' title="bbox 542 3773 2062 3848">
    <p class='ocr_par' dir='ltr' id='par_1_72' title="bbox 542 3773 2062 3848">
     <span class='ocr_line' id='line_1_72' title="bbox 542 3773 2062 3848; baseline 0.004 -20"><span class='ocrx_word' id='word_1_539' title='bbox 542 3775 626 3828; x_wconf 90' lang='lat' dir='ltr'><strong>ll.</strong></span> <span class='ocrx_word' id='word_1_540' title='bbox 653 3773 792 3829; x_wconf 88' lang='lat' dir='ltr'><strong>Dicit</strong></span> <span class='ocrx_word' id='word_1_541' title='bbox 819 3775 1155 3830; x_wconf 86' lang='lat' dir='ltr'><strong>Saracenus:</strong></span> <span class='ocrx_word' id='word_1_542' title='bbox 1187 3775 1323 3830; x_wconf 90' lang='lat' dir='ltr'><strong>Cum</strong></span> <span class='ocrx_word' id='word_1_543' title='bbox 1351 3788 1563 3833; x_wconf 88' lang='lat' dir='ltr'><strong>vosmet</strong></span> <span class='ocrx_word' id='word_1_544' title='bbox 1593 3779 1784 3833; x_wconf 84' lang='lat' dir='ltr'><strong>dicatis</strong></span> <span class='ocrx_word' id='word_1_545' title='bbox 1819 3779 2062 3848; x_wconf 90' lang='lat' dir='ltr'><strong>pretioso</strong></span> 
     </span>
    </p>
   </div>
   <div class='ocr_carea' id='block_1_73' title="bbox 469 3867 2057 3939">
    <p class='ocr_par' dir='ltr' id='par_1_73' title="bbox 469 3867 2057 3939">
     <span class='ocr_line' id='line_1_73' title="bbox 469 3867 2057 3939; baseline 0.003 -17"><span class='ocrx_word' id='word_1_546' title='bbox 469 3867 731 3935; x_wconf 75' lang='lat' dir='ltr'><strong>sanguine</strong></span> <span class='ocrx_word' id='word_1_547' title='bbox 751 3877 985 3936; x_wconf 87' lang='lat' dir='ltr'><strong>emptos,</strong></span> <span class='ocrx_word' id='word_1_548' title='bbox 1011 3884 1108 3937; x_wconf 88' lang='lat' dir='ltr'><strong>age</strong></span> <span class='ocrx_word' id='word_1_549' title='bbox 1131 3868 1217 3922; x_wconf 91' lang='lat' dir='ltr'><strong>dic</strong></span> <span class='ocrx_word' id='word_1_550' title='bbox 1249 3885 1278 3922; x_wconf 91' lang='lat' dir='ltr'><strong>a</strong></span> <span class='ocrx_word' id='word_1_551' title='bbox 1301 3885 1536 3939; x_wconf 89' lang='lat' dir='ltr'><strong>quonam</strong></span> <span class='ocrx_word' id='word_1_552' title='bbox 1567 3871 1771 3926; x_wconf 90' lang='lat' dir='ltr'><strong>venditi</strong></span> <span class='ocrx_word' id='word_1_553' title='bbox 1794 3872 2020 3926; x_wconf 78' lang='lat' dir='ltr'><strong>fueratis</strong></span> <span class='ocrx_word' id='word_1_554' title='bbox 2041 3901 2057 3927; x_wconf 70' lang='grc' dir='ltr'><strong>τ</strong></span> 
     </span>
    </p>
   </div>
   <div class='ocr_carea' id='block_1_74' title="bbox 468 3957 2060 4032">
    <p class='ocr_par' dir='ltr' id='par_1_74' title="bbox 468 3957 2060 4032">
     <span class='ocr_line' id='line_1_74' title="bbox 468 3957 2060 4032; baseline 0.003 -22"><span class='ocrx_word' id='word_1_555' title='bbox 468 3969 522 4010; x_wconf 91' lang='lat' dir='ltr'><strong>et</strong></span> <span class='ocrx_word' id='word_1_556' title='bbox 541 3971 636 4026; x_wconf 88' lang='lat' dir='ltr'><strong>pro</strong></span> <span class='ocrx_word' id='word_1_557' title='bbox 653 3973 887 4026; x_wconf 88' lang='lat' dir='ltr'><strong>quonam</strong></span> <span class='ocrx_word' id='word_1_558' title='bbox 912 3957 1161 4014; x_wconf 87' lang='lat' dir='ltr'><strong>Christus</strong></span> <span class='ocrx_word' id='word_1_559' title='bbox 1183 3961 1505 4032; x_wconf 89' lang='lat' dir='ltr'><strong>sanguinem</strong></span> <span class='ocrx_word' id='word_1_560' title='bbox 1534 3977 1691 4014; x_wconf 88' lang='lat' dir='ltr'><strong>suum</strong></span> <span class='ocrx_word' id='word_1_561' title='bbox 1717 3960 2060 4029; x_wconf 78' lang='lat' dir='ltr'><strong>profuderit?</strong></span> 
     </span>
    </p>
   </div>
   <div class='ocr_carea' id='block_1_75' title="bbox 469 4047 2053 4116">
    <p class='ocr_par' dir='ltr' id='par_1_75' title="bbox 469 4047 2053 4116">
     <span class='ocr_line' id='line_1_75' title="bbox 469 4047 2053 4116; baseline 0.004 -14"><span class='ocrx_word' id='word_1_562' title='bbox 469 4047 701 4116; x_wconf 85' lang='lat' dir='ltr'><strong>Insuper</strong></span> <span class='ocrx_word' id='word_1_563' title='bbox 739 4050 1042 4115; x_wconf 87' lang='lat' dir='ltr'><strong>dicitis,vos</strong></span> <span class='ocrx_word' id='word_1_564' title='bbox 1110 4063 1270 4106; x_wconf 89' lang='lat' dir='ltr'><strong>antea</strong></span> <span class='ocrx_word' id='word_1_565' title='bbox 1331 4051 1500 4108; x_wconf 90' lang='lat' dir='ltr'><strong>fuisse</strong></span> <span class='ocrx_word' id='word_1_566' title='bbox 1535 4051 1736 4106; x_wconf 78' lang='lat' dir='ltr'><strong>diaboli</strong></span> <span class='ocrx_word' id='word_1_567' title='bbox 1794 4053 2053 4116; x_wconf 84' lang='lat' dir='ltr'><strong>famulos,</strong></span> 
     </span>
    </p>
   </div>
   <div class='ocr_carea' id='block_1_76' title="bbox 472 4139 2051 4214">
    <p class='ocr_par' dir='ltr' id='par_1_76' title="bbox 472 4139 2051 4214">
     <span class='ocr_line' id='line_1_76' title="bbox 472 4139 2051 4214; baseline 0.003 -20"><span class='ocrx_word' id='word_1_568' title='bbox 472 4139 749 4195; x_wconf 89' lang='lat' dir='ltr'><strong>Christum</strong></span> <span class='ocrx_word' id='word_1_569' title='bbox 785 4158 912 4196; x_wconf 92' lang='lat' dir='ltr'><strong>vero</strong></span> <span class='ocrx_word' id='word_1_570' title='bbox 967 4144 1350 4198; x_wconf 89' lang='lat' dir='ltr'><strong>advenientem</strong></span> <span class='ocrx_word' id='word_1_571' title='bbox 1385 4160 1480 4200; x_wconf 87' lang='lat' dir='ltr'><strong>vos</strong></span> <span class='ocrx_word' id='word_1_572' title='bbox 1516 4144 1834 4200; x_wconf 85' lang='lat' dir='ltr'><strong>redemisse.</strong></span> <span class='ocrx_word' id='word_1_573' title='bbox 1885 4146 2051 4214; x_wconf 81' lang='lat' dir='ltr'><strong>Atqui</strong></span> 
     </span>
    </p>
   </div>
   <div class='ocr_carea' id='block_1_77' title="bbox 473 4233 2059 4306">
    <p class='ocr_par' dir='ltr' id='par_1_77' title="bbox 473 4233 2059 4306">
     <span class='ocr_line' id='line_1_77' title="bbox 473 4233 2059 4306; baseline 0.001 -19"><span class='ocrx_word' id='word_1_574' title='bbox 473 4235 519 4288; x_wconf 86' lang='lat' dir='ltr'><strong>si</strong></span> <span class='ocrx_word' id='word_1_575' title='bbox 542 4233 794 4288; x_wconf 86' lang='lat' dir='ltr'><strong>Christus</strong></span> <span class='ocrx_word' id='word_1_576' title='bbox 823 4236 1136 4306; x_wconf 87' lang='lat' dir='ltr'><strong>sanguinem</strong></span> <span class='ocrx_word' id='word_1_577' title='bbox 1165 4252 1324 4290; x_wconf 92' lang='lat' dir='ltr'><strong>suum</strong></span> <span class='ocrx_word' id='word_1_578' title='bbox 1356 4236 1572 4290; x_wconf 87' lang='lat' dir='ltr'><strong>diabolo</strong></span> <span class='ocrx_word' id='word_1_579' title='bbox 1649 4236 1865 4291; x_wconf 86' lang='lat' dir='ltr'><strong>dedisse</strong></span> <span class='ocrx_word' id='word_1_580' title='bbox 1935 4253 2059 4306; x_wconf 89' lang='lat' dir='ltr'><strong>pre-</strong></span> 
     </span>
    </p>
   </div>
   <div class='ocr_carea' id='block_1_78' title="bbox 476 4326 2066 4396">
    <p class='ocr_par' dir='ltr' id='par_1_78' title="bbox 476 4326 2066 4396">
     <span class='ocr_line' id='line_1_78' title="bbox 476 4326 2066 4396; baseline 0.002 -17"><span class='ocrx_word' id='word_1_581' title='bbox 476 4326 613 4380; x_wconf 89' lang='lat' dir='ltr'><strong>tium</strong></span> <span class='ocrx_word' id='word_1_582' title='bbox 644 4327 873 4391; x_wconf 88' lang='lat' dir='ltr'><strong>dicatur,</strong></span> <span class='ocrx_word' id='word_1_583' title='bbox 912 4343 1091 4382; x_wconf 90' lang='lat' dir='ltr'><strong>nonne</strong></span> <span class='ocrx_word' id='word_1_584' title='bbox 1119 4329 1231 4384; x_wconf 71' lang='lat' dir='ltr'><strong>haec</strong></span> <span class='ocrx_word' id='word_1_585' title='bbox 1289 4329 1515 4384; x_wconf 82' lang='lat' dir='ltr'><strong>exitiosa</strong></span> <span class='ocrx_word' id='word_1_586' title='bbox 1569 4327 1907 4396; x_wconf 85' lang='lat' dir='ltr'><strong>blasphemia</strong></span> <span class='ocrx_word' id='word_1_587' title='bbox 1966 4328 2066 4382; x_wconf 80' lang='lat' dir='ltr'><strong>lit?</strong></span> 
     </span>
    </p>
   </div>
   <div class='ocr_carea' id='block_1_79' title="bbox 474 4418 2065 4490">
    <p class='ocr_par' dir='ltr' id='par_1_79' title="bbox 474 4418 2065 4490">
     <span class='ocr_line' id='line_1_79' title="bbox 474 4418 2065 4490; baseline -0.003 -17"><span class='ocrx_word' id='word_1_588' title='bbox 474 4419 566 4474; x_wconf 76' lang='lat' dir='ltr'><strong>Ait</strong></span> <span class='ocrx_word' id='word_1_589' title='bbox 596 4418 948 4490; x_wconf 81' lang='lat' dir='ltr'><strong>Euthymius:</strong></span> <span class='ocrx_word' id='word_1_590' title='bbox 980 4419 1405 4477; x_wconf 84' lang='lat' dir='ltr'><strong>Misericordiam</strong></span> <span class='ocrx_word' id='word_1_591' title='bbox 1428 4421 1524 4475; x_wconf 86' lang='lat' dir='ltr'><strong>Dei</strong></span> <span class='ocrx_word' id='word_1_592' title='bbox 1562 4420 1790 4489; x_wconf 83' lang='lat' dir='ltr'><strong>ejusque</strong></span> <span class='ocrx_word' id='word_1_593' title='bbox 1819 4419 2065 4475; x_wconf 64' lang='lat' dir='ltr'><strong>inell&#39;abi-</strong></span> 
     </span>
    </p>
   </div>
   <div class='ocr_carea' id='block_1_80' title="bbox 2242 3775 3748 3849">
    <p class='ocr_par' dir='ltr' id='par_1_80' title="bbox 2242 3775 3748 3849">
     <span class='ocr_line' id='line_1_80' title="bbox 2242 3775 3748 3849; baseline -0.001 -17"><span class='ocrx_word' id='word_1_594' title='bbox 2242 3785 2333 3832; x_wconf 87' lang='grc' dir='ltr'><strong>ια’.</strong></span> <span class='ocrx_word' id='word_1_595' title='bbox 2356 3779 2518 3848; x_wconf 83' lang='grc' dir='ltr'><strong>Λέγει</strong></span> <span class='ocrx_word' id='word_1_596' title='bbox 2549 3781 2576 3832; x_wconf 91' lang='lat'><strong>6</strong></span> <span class='ocrx_word' id='word_1_597' title='bbox 2610 3778 2947 3849; x_wconf 58' lang='lat' dir='ltr'><strong>Eapaxqv6¢</strong></span> <span class='ocrx_word' id='word_1_598' title='bbox 2991 3775 3175 3846; x_wconf 81' lang='grc' dir='ltr'>’Υμῶν</span> <span class='ocrx_word' id='word_1_599' title='bbox 3208 3777 3476 3843; x_wconf 78' lang='grc' dir='ltr'>λεγόντων</span> <span class='ocrx_word' id='word_1_600' title='bbox 3514 3779 3594 3831; x_wconf 82' lang='grc' dir='ltr'><strong>ὅτι</strong></span> <span class='ocrx_word' id='word_1_601' title='bbox 3615 3779 3748 3846; x_wconf 80' lang='grc' dir='ltr'><strong>ἠγο-</strong></span> 
     </span>
    </p>
   </div>
   <div class='ocr_carea' id='block_1_81' title="bbox 2169 3868 3752 3944">
    <p class='ocr_par' dir='ltr' id='par_1_81' title="bbox 2169 3868 3752 3944">
     <span class='ocr_line' id='line_1_81' title="bbox 2169 3868 3752 3944; baseline -0.005 -17"><span class='ocrx_word' id='word_1_602' title='bbox 2169 3871 2404 3944; x_wconf 89' lang='grc' dir='ltr'><strong>ράσθητε</strong></span> <span class='ocrx_word' id='word_1_603' title='bbox 2437 3871 2516 3942; x_wconf 84' lang='grc' dir='ltr'><strong>τῷ</strong></span> <span class='ocrx_word' id='word_1_604' title='bbox 2537 3873 2700 3941; x_wconf 86' lang='grc' dir='ltr'>τιμίῳ</span> <span class='ocrx_word' id='word_1_605' title='bbox 2722 3871 2935 3940; x_wconf 76' lang='grc' dir='ltr'>αἵματι,</span> <span class='ocrx_word' id='word_1_606' title='bbox 2969 3871 3118 3938; x_wconf 88' lang='grc' dir='ltr'><strong>παρά</strong></span> <span class='ocrx_word' id='word_1_607' title='bbox 3146 3870 3292 3932; x_wconf 87' lang='grc' dir='ltr'>τίνος</span> <span class='ocrx_word' id='word_1_608' title='bbox 3317 3870 3627 3938; x_wconf 77' lang='grc' dir='ltr'><strong>ὲπράθητε;</strong></span> <span class='ocrx_word' id='word_1_609' title='bbox 3657 3868 3752 3922; x_wconf 74' lang='grc' dir='ltr'>καὶ</span> 
     </span>
    </p>
   </div>
   <div class='ocr_carea' id='block_1_82' title="bbox 2165 3953 3756 4032">
    <p class='ocr_par' dir='ltr' id='par_1_82' title="bbox 2165 3953 3756 4032">
     <span class='ocr_line' id='line_1_82' title="bbox 2165 3953 3756 4032; baseline -0.003 -16"><span class='ocrx_word' id='word_1_610' title='bbox 2165 3963 2305 4031; x_wconf 83' lang='grc' dir='ltr'><strong>ὑπὲρ</strong></span> <span class='ocrx_word' id='word_1_611' title='bbox 2331 3963 2475 4026; x_wconf 85' lang='grc' dir='ltr'>τίνος</span> <span class='ocrx_word' id='word_1_612' title='bbox 2501 3962 2697 4015; x_wconf 77' lang='grc' dir='ltr'>ἔδωκεν</span> <span class='ocrx_word' id='word_1_613' title='bbox 2727 3961 3008 4032; x_wconf 75' lang='grc' dir='ltr'><strong>ὀιΧριστδς</strong></span> <span class='ocrx_word' id='word_1_614' title='bbox 3031 3959 3090 4011; x_wconf 83' lang='grc' dir='ltr'><strong>τὸ</strong></span> <span class='ocrx_word' id='word_1_615' title='bbox 3116 3953 3257 4028; x_wconf 73' lang='grc' dir='ltr'>αἷμα</span> <span class='ocrx_word' id='word_1_616' title='bbox 3284 3957 3446 4012; x_wconf 80' lang='grc' dir='ltr'>αὑτοῦ</span> <span class='ocrx_word' id='word_1_617' title='bbox 3470 3976 3484 4022; x_wconf 87' lang='grc'>;</span> <span class='ocrx_word' id='word_1_618' title='bbox 3515 3961 3622 4013; x_wconf 77' lang='grc' dir='ltr'><strong>Καὶ</strong></span> <span class='ocrx_word' id='word_1_619' title='bbox 3647 3957 3756 4012; x_wconf 85' lang='grc' dir='ltr'><strong>πά-</strong></span> 
     </span>
    </p>
   </div>
   <div class='ocr_carea' id='block_1_83' title="bbox 2162 4049 3755 4122">
    <p class='ocr_par' dir='ltr' id='par_1_83' title="bbox 2162 4049 3755 4122">
     <span class='ocr_line' id='line_1_83' title="bbox 2162 4049 3755 4122; baseline -0.001 -16"><span class='ocrx_word' id='word_1_620' title='bbox 2162 4055 2248 4107; x_wconf 88' lang='grc' dir='ltr'>λιν</span> <span class='ocrx_word' id='word_1_621' title='bbox 2279 4055 2466 4122; x_wconf 88' lang='grc' dir='ltr'><strong>λέγετε</strong></span> <span class='ocrx_word' id='word_1_622' title='bbox 2499 4055 2579 4108; x_wconf 84' lang='grc' dir='ltr'><strong>ὃτι</strong></span> <span class='ocrx_word' id='word_1_623' title='bbox 2609 4054 2787 4107; x_wconf 82' lang='grc' dir='ltr'>δοῦλοί</span> <span class='ocrx_word' id='word_1_624' title='bbox 2821 4055 2942 4106; x_wconf 77' lang='grc' dir='ltr'><strong>ἐστε</strong></span> <span class='ocrx_word' id='word_1_625' title='bbox 2984 4051 3178 4121; x_wconf 83' lang='grc' dir='ltr'>πρώην</span> <span class='ocrx_word' id='word_1_626' title='bbox 3210 4050 3302 4104; x_wconf 83' lang='grc' dir='ltr'><strong>τοῦ</strong></span> <span class='ocrx_word' id='word_1_627' title='bbox 3342 4050 3620 4116; x_wconf 87' lang='grc' dir='ltr'>διαϐόλου,</span> <span class='ocrx_word' id='word_1_628' title='bbox 3654 4049 3755 4105; x_wconf 74' lang='grc' dir='ltr'>καὶ</span> 
     </span>
    </p>
   </div>
   <div class='ocr_carea' id='block_1_84' title="bbox 2165 4142 3748 4218">
    <p class='ocr_par' dir='ltr' id='par_1_84' title="bbox 2165 4142 3748 4218">
     <span class='ocr_line' id='line_1_84' title="bbox 2165 4142 3748 4218; baseline -0.004 -18"><span class='ocrx_word' id='word_1_629' title='bbox 2165 4147 2334 4200; x_wconf 76' lang='grc' dir='ltr'><strong>ἐλθὼν</strong></span> <span class='ocrx_word' id='word_1_630' title='bbox 2356 4149 2383 4200; x_wconf 87' lang='lat'><strong>6</strong></span> <span class='ocrx_word' id='word_1_631' title='bbox 2403 4147 2633 4218; x_wconf 65' lang='grc' dir='ltr'><strong>Χριστὸς,</strong></span> <span class='ocrx_word' id='word_1_632' title='bbox 2662 4146 2806 4216; x_wconf 80' lang='grc' dir='ltr'>ὑμᾶς</span> <span class='ocrx_word' id='word_1_633' title='bbox 2832 4145 3102 4214; x_wconf 77' lang='grc' dir='ltr'>ἠγόρασεν</span> <span class='ocrx_word' id='word_1_634' title='bbox 3124 4160 3137 4173; x_wconf 88' lang='grc'><strong>·</strong></span> <span class='ocrx_word' id='word_1_635' title='bbox 3170 4144 3262 4196; x_wconf 72' lang='grc' dir='ltr'>καὶ</span> <span class='ocrx_word' id='word_1_636' title='bbox 3294 4143 3387 4194; x_wconf 77' lang='grc' dir='ltr'>ἐὰν</span> <span class='ocrx_word' id='word_1_637' title='bbox 3413 4142 3489 4210; x_wconf 83' lang='grc' dir='ltr'><strong>τῷ</strong></span> <span class='ocrx_word' id='word_1_638' title='bbox 3515 4142 3748 4212; x_wconf 77' lang='grc' dir='ltr'>διαϐόλῳ</span> 
     </span>
    </p>
   </div>
   <div class='ocr_carea' id='block_1_85' title="bbox 2169 4233 3760 4306">
    <p class='ocr_par' dir='ltr' id='par_1_85' title="bbox 2169 4233 3760 4306">
     <span class='ocr_line' id='line_1_85' title="bbox 2169 4233 3760 4306; baseline -0.005 -13"><span class='ocrx_word' id='word_1_639' title='bbox 2169 4239 2367 4293; x_wconf 72' lang='grc' dir='ltr'>[δωκεν</span> <span class='ocrx_word' id='word_1_640' title='bbox 2397 4237 2562 4291; x_wconf 81' lang='grc' dir='ltr'>αὐτοῦ</span> <span class='ocrx_word' id='word_1_641' title='bbox 2588 4239 2644 4290; x_wconf 81' lang='grc' dir='ltr'>τὸ</span> <span class='ocrx_word' id='word_1_642' title='bbox 2668 4235 2807 4306; x_wconf 74' lang='grc' dir='ltr'>αἷμα</span> <span class='ocrx_word' id='word_1_643' title='bbox 2838 4236 2934 4305; x_wconf 77' lang='lat'><strong>(5),</strong></span> <span class='ocrx_word' id='word_1_644' title='bbox 2965 4237 3198 4302; x_wconf 84' lang='grc' dir='ltr'><strong>ἀρκέσει</strong></span> <span class='ocrx_word' id='word_1_645' title='bbox 3228 4235 3384 4288; x_wconf 78' lang='grc' dir='ltr'><strong>τοῦτο</strong></span> <span class='ocrx_word' id='word_1_646' title='bbox 3411 4236 3486 4296; x_wconf 81' lang='grc' dir='ltr'><strong>εἰς</strong></span> <span class='ocrx_word' id='word_1_647' title='bbox 3516 4233 3760 4302; x_wconf 81' lang='grc' dir='ltr'><strong>βλασφη-</strong></span> 
     </span>
    </p>
   </div>
   <div class='ocr_carea' id='block_1_86' title="bbox 2175 4326 3758 4405">
    <p class='ocr_par' dir='ltr' id='par_1_86' title="bbox 2175 4326 3758 4405">
     <span class='ocr_line' id='line_1_86' title="bbox 2175 4326 3758 4405; baseline -0.006 -19"><span class='ocrx_word' id='word_1_648' title='bbox 2175 4335 2304 4405; x_wconf 88' lang='grc' dir='ltr'>μίαν</span> <span class='ocrx_word' id='word_1_649' title='bbox 2331 4332 2426 4386; x_wconf 74' lang='grc' dir='ltr'>καὶ</span> <span class='ocrx_word' id='word_1_650' title='bbox 2462 4329 2762 4385; x_wconf 81' lang='grc' dir='ltr'><strong>ἀπώλειαν.</strong></span> <span class='ocrx_word' id='word_1_651' title='bbox 2798 4330 2941 4399; x_wconf 81' lang='grc' dir='ltr'><strong>Ἔφη</strong></span> <span class='ocrx_word' id='word_1_652' title='bbox 2971 4331 2999 4380; x_wconf 91' lang='lat'><strong>6</strong></span> <span class='ocrx_word' id='word_1_653' title='bbox 3034 4327 3304 4396; x_wconf 79' lang='grc' dir='ltr'><strong>Εὐθύμιος</strong></span> <span class='ocrx_word' id='word_1_654' title='bbox 3330 4343 3342 4356; x_wconf 90' lang='grc'><strong>·</strong></span> <span class='ocrx_word' id='word_1_655' title='bbox 3377 4327 3517 4387; x_wconf 79' lang='grc' dir='ltr'><strong>Τοὺς</strong></span> <span class='ocrx_word' id='word_1_656' title='bbox 3551 4326 3758 4394; x_wconf 84' lang='grc' dir='ltr'>οίκτιρ·</span> 
     </span>
    </p>
   </div>
   <div class='ocr_carea' id='block_1_87' title="bbox 2178 4416 3758 4496">
    <p class='ocr_par' dir='ltr' id='par_1_87' title="bbox 2178 4416 3758 4496">
     <span class='ocr_line' id='line_1_87' title="bbox 2178 4416 3758 4496; baseline -0.006 -18"><span class='ocrx_word' id='word_1_657' title='bbox 2178 4427 2310 4496; x_wconf 69' lang='grc' dir='ltr'>μους</span> <span class='ocrx_word' id='word_1_658' title='bbox 2341 4423 2436 4477; x_wconf 82' lang='grc' dir='ltr'><strong>τοῦ</strong></span> <span class='ocrx_word' id='word_1_659' title='bbox 2465 4421 2732 4488; x_wconf 72' lang='grc' dir='ltr'>Θεοῦ,καὶ</span> <span class='ocrx_word' id='word_1_660' title='bbox 2766 4421 2864 4492; x_wconf 81' lang='grc' dir='ltr'><strong>τὴν</strong></span> <span class='ocrx_word' id='word_1_661' title='bbox 2899 4420 3106 4487; x_wconf 79' lang='grc' dir='ltr'>ἄφατον</span> <span class='ocrx_word' id='word_1_662' title='bbox 3145 4417 3306 4471; x_wconf 76' lang='grc' dir='ltr'><strong>αὑτοῦ</strong></span> <span class='ocrx_word' id='word_1_663' title='bbox 3347 4416 3758 4485; x_wconf 81' lang='grc' dir='ltr'>εὐσπλαγχνίαν</span> 
     </span>
    </p>
   </div>
   <div class='ocr_carea' id='block_1_88' title="bbox 477 4504 2049 4587">
    <p class='ocr_par' dir='ltr' id='par_1_88' title="bbox 477 4513 2049 4583">
     <span class='ocr_line' id='line_1_88' title="bbox 477 4513 2049 4583; baseline 0 -17"><span class='ocrx_word' id='word_1_664' title='bbox 477 4513 640 4566; x_wconf 89' lang='lat' dir='ltr'><strong>bilem</strong></span> <span class='ocrx_word' id='word_1_665' title='bbox 709 4513 1132 4583; x_wconf 84' lang='lat' dir='ltr'><strong>benignitatem,</strong></span> <span class='ocrx_word' id='word_1_666' title='bbox 1183 4529 1443 4567; x_wconf 88' lang='lat' dir='ltr'><strong>vocamus</strong></span> <span class='ocrx_word' id='word_1_667' title='bbox 1513 4529 1615 4568; x_wconf 89' lang='lat' dir='ltr'><strong>nos</strong></span> <span class='ocrx_word' id='word_1_668' title='bbox 1684 4513 2049 4568; x_wconf 85' lang='lat' dir='ltr'><strong>venditionem</strong></span> 
     </span>
    </p>
   </div>
   <div class='ocr_carea' id='block_1_89' title="bbox 2157 4504 3793 4587">
    <p class='ocr_par' dir='ltr' id='par_1_89' title="bbox 2164 4505 3793 4587">
     <span class='ocr_line' id='line_1_89' title="bbox 2164 4505 3793 4587; baseline -0.009 -17"><span class='ocrx_word' id='word_1_669' title='bbox 2164 4517 2437 4586; x_wconf 79' lang='grc' dir='ltr'>καλοῦμεν</span> <span class='ocrx_word' id='word_1_670' title='bbox 2477 4516 2686 4584; x_wconf 83' lang='grc' dir='ltr'>πρᾶσιν</span> <span class='ocrx_word' id='word_1_671' title='bbox 2723 4512 2815 4565; x_wconf 70' lang='grc' dir='ltr'>καὶ</span> <span class='ocrx_word' id='word_1_672' title='bbox 2861 4511 3100 4579; x_wconf 88' lang='grc' dir='ltr'>ἀγοράν·</span> <span class='ocrx_word' id='word_1_673' title='bbox 3139 4510 3340 4578; x_wconf 81' lang='grc' dir='ltr'>πρᾶσιν</span> <span class='ocrx_word' id='word_1_674' title='bbox 3378 4507 3474 4576; x_wconf 81' lang='grc' dir='ltr'>μὲν</span> <span class='ocrx_word' id='word_1_675' title='bbox 3508 4507 3589 4559; x_wconf 85' lang='grc' dir='ltr'><strong>ὅτι</strong></span> <span class='ocrx_word' id='word_1_676' title='bbox 3636 4505 3752 4558; x_wconf 80' lang='grc' dir='ltr'>κλίο</span> <span class='ocrx_word' id='word_1_677' title='bbox 3789 4582 3793 4587; x_wconf 30' lang='grc'><strong>1</strong></span> 
     </span>
    </p>
   </div>
   <div class='ocr_carea' id='block_1_90' title="bbox 476 4603 2067 4674">
    <p class='ocr_par' dir='ltr' id='par_1_90' title="bbox 476 4603 2067 4674">
     <span class='ocr_line' id='line_1_90' title="bbox 476 4603 2067 4674; baseline 0.001 -18"><span class='ocrx_word' id='word_1_678' title='bbox 476 4611 638 4671; x_wconf 86' lang='lat' dir='ltr'><strong>atque</strong></span> <span class='ocrx_word' id='word_1_679' title='bbox 663 4603 1039 4672; x_wconf 87' lang='lat' dir='ltr'><strong>emptionem:</strong></span> <span class='ocrx_word' id='word_1_680' title='bbox 1093 4605 1461 4659; x_wconf 88' lang='lat' dir='ltr'><strong>venditionem</strong></span> <span class='ocrx_word' id='word_1_681' title='bbox 1509 4604 1752 4674; x_wconf 84' lang='lat' dir='ltr'><strong>quidem,</strong></span> <span class='ocrx_word' id='word_1_682' title='bbox 1807 4605 1930 4673; x_wconf 91' lang='lat' dir='ltr'><strong>quia</strong></span> <span class='ocrx_word' id='word_1_683' title='bbox 1966 4619 2067 4657; x_wconf 84' lang='lat' dir='ltr'><strong>nos</strong></span> 
     </span>
    </p>
   </div>
   <div class='ocr_carea' id='block_1_91' title="bbox 480 4692 2065 4764">
    <p class='ocr_par' dir='ltr' id='par_1_91' title="bbox 480 4692 2065 4764">
     <span class='ocr_line' id='line_1_91' title="bbox 480 4692 2065 4764; baseline -0.001 -16"><span class='ocrx_word' id='word_1_684' title='bbox 480 4694 535 4748; x_wconf 90' lang='lat' dir='ltr'><strong>in</strong></span> <span class='ocrx_word' id='word_1_685' title='bbox 565 4692 846 4748; x_wconf 86' lang='lat' dir='ltr'><strong>adversam</strong></span> <span class='ocrx_word' id='word_1_686' title='bbox 907 4704 1112 4764; x_wconf 87' lang='lat' dir='ltr'><strong>partem</strong></span> <span class='ocrx_word' id='word_1_687' title='bbox 1191 4695 1552 4760; x_wconf 90' lang='lat' dir='ltr'><strong>declinantes,</strong></span> <span class='ocrx_word' id='word_1_688' title='bbox 1609 4695 1805 4764; x_wconf 76' lang='lat' dir='ltr'><strong>abiecti</strong></span> <span class='ocrx_word' id='word_1_689' title='bbox 1869 4710 1900 4748; x_wconf 91' lang='lat' dir='ltr'><strong>a</strong></span> <span class='ocrx_word' id='word_1_690' title='bbox 1956 4694 2065 4748; x_wconf 89' lang='lat' dir='ltr'><strong>Deo</strong></span> 
     </span>
    </p>
   </div>
   <div class='ocr_carea' id='block_1_92' title="bbox 483 4786 2070 4856">
    <p class='ocr_par' dir='ltr' id='par_1_92' title="bbox 483 4786 2070 4856">
     <span class='ocr_line' id='line_1_92' title="bbox 483 4786 2070 4856; baseline -0.001 -16"><span class='ocrx_word' id='word_1_691' title='bbox 483 4786 706 4847; x_wconf 88' lang='lat' dir='ltr'><strong>fuimus,</strong></span> <span class='ocrx_word' id='word_1_692' title='bbox 755 4787 823 4840; x_wconf 93' lang='lat' dir='ltr'><strong>ab</strong></span> <span class='ocrx_word' id='word_1_693' title='bbox 882 4803 1056 4856; x_wconf 87' lang='lat' dir='ltr'><strong>eoque</strong></span> <span class='ocrx_word' id='word_1_694' title='bbox 1113 4786 1840 4856; x_wconf 87' lang='lat' dir='ltr'><strong>recessimus.Emptionem</strong></span> <span class='ocrx_word' id='word_1_695' title='bbox 1889 4794 2070 4838; x_wconf 87' lang='lat' dir='ltr'><strong>autem</strong></span> 
     </span>
    </p>
   </div>
   <div class='ocr_carea' id='block_1_93' title="bbox 482 4877 2073 4950">
    <p class='ocr_par' dir='ltr' id='par_1_93' title="bbox 482 4877 2073 4950">
     <span class='ocr_line' id='line_1_93' title="bbox 482 4877 2073 4950; baseline -0.002 -18"><span class='ocrx_word' id='word_1_696' title='bbox 482 4879 711 4933; x_wconf 89' lang='lat' dir='ltr'><strong>dicimus</strong></span> <span class='ocrx_word' id='word_1_697' title='bbox 753 4877 1076 4934; x_wconf 87' lang='lat' dir='ltr'><strong>immensam</strong></span> <span class='ocrx_word' id='word_1_698' title='bbox 1102 4879 1348 4948; x_wconf 87' lang='lat' dir='ltr'><strong>ejusdem</strong></span> <span class='ocrx_word' id='word_1_699' title='bbox 1402 4879 1794 4950; x_wconf 76' lang='lat' dir='ltr'><strong>benignitatem</strong></span> <span class='ocrx_word' id='word_1_700' title='bbox 1824 4886 1878 4931; x_wconf 92' lang='lat' dir='ltr'><strong>et</strong></span> <span class='ocrx_word' id='word_1_701' title='bbox 1935 4892 2073 4931; x_wconf 89' lang='lat' dir='ltr'><strong>con-</strong></span> 
     </span>
    </p>
   </div>
   <div class='ocr_carea' id='block_1_94' title="bbox 481 4969 2063 5040">
    <p class='ocr_par' dir='ltr' id='par_1_94' title="bbox 481 4969 2063 5040">
     <span class='ocr_line' id='line_1_94' title="bbox 481 4969 2063 5040; baseline -0.003 -14"><span class='ocrx_word' id='word_1_702' title='bbox 481 4971 914 5028; x_wconf 86' lang='lat' dir='ltr'><strong>descensionem.</strong></span> <span class='ocrx_word' id='word_1_703' title='bbox 957 4973 1238 5028; x_wconf 84' lang='lat' dir='ltr'><strong>Proferam</strong></span> <span class='ocrx_word' id='word_1_704' title='bbox 1280 4972 1374 5026; x_wconf 89' lang='lat' dir='ltr'><strong>tibi</strong></span> <span class='ocrx_word' id='word_1_705' title='bbox 1431 4970 1764 5040; x_wconf 78' lang='lat' dir='ltr'><strong>exemplum,</strong></span> <span class='ocrx_word' id='word_1_706' title='bbox 1804 4969 2063 5036; x_wconf 91' lang='lat' dir='ltr'><strong>quoniam</strong></span> 
     </span>
    </p>
   </div>
   <div class='ocr_carea' id='block_1_95' title="bbox 485 5057 2070 5132">
    <p class='ocr_par' dir='ltr' id='par_1_95' title="bbox 485 5057 2070 5132">
     <span class='ocr_line' id='line_1_95' title="bbox 485 5057 2070 5132; baseline -0.003 -18"><span class='ocrx_word' id='word_1_707' title='bbox 485 5059 537 5114; x_wconf 92' lang='lat' dir='ltr'><strong>id</strong></span> <span class='ocrx_word' id='word_1_708' title='bbox 576 5062 893 5129; x_wconf 82' lang='lat' dir='ltr'><strong>mysterium</strong></span> <span class='ocrx_word' id='word_1_709' title='bbox 935 5078 1042 5116; x_wconf 91' lang='lat' dir='ltr'><strong>non</strong></span> <span class='ocrx_word' id='word_1_710' title='bbox 1079 5063 1271 5132; x_wconf 81' lang='lat' dir='ltr'><strong>capis;</strong></span> <span class='ocrx_word' id='word_1_711' title='bbox 1304 5061 1398 5116; x_wconf 90' lang='lat' dir='ltr'><strong>sed</strong></span> <span class='ocrx_word' id='word_1_712' title='bbox 1453 5060 1550 5114; x_wconf 91' lang='lat' dir='ltr'><strong>hac</strong></span> <span class='ocrx_word' id='word_1_713' title='bbox 1605 5059 1830 5112; x_wconf 88' lang='lat' dir='ltr'><strong>recitata</strong></span> <span class='ocrx_word' id='word_1_714' title='bbox 1881 5057 2070 5111; x_wconf 88' lang='lat' dir='ltr'><strong>simili-</strong></span> 
     </span>
    </p>
   </div>
   <div class='ocr_carea' id='block_1_96' title="bbox 486 5147 2063 5223">
    <p class='ocr_par' dir='ltr' id='par_1_96' title="bbox 486 5147 2063 5223">
     <span class='ocr_line' id='line_1_96' title="bbox 486 5147 2063 5223; baseline -0.003 -18"><span class='ocrx_word' id='word_1_715' title='bbox 486 5153 691 5215; x_wconf 88' lang='lat' dir='ltr'><strong>tudine,</strong></span> <span class='ocrx_word' id='word_1_716' title='bbox 744 5154 796 5208; x_wconf 92' lang='lat' dir='ltr'><strong>id</strong></span> <span class='ocrx_word' id='word_1_717' title='bbox 853 5155 1071 5208; x_wconf 89' lang='lat' dir='ltr'><strong>demum</strong></span> <span class='ocrx_word' id='word_1_718' title='bbox 1129 5153 1595 5223; x_wconf 88' lang='lat' dir='ltr'><strong>comprehendere</strong></span> <span class='ocrx_word' id='word_1_719' title='bbox 1649 5149 1872 5219; x_wconf 90' lang='lat' dir='ltr'><strong>poteris.</strong></span> <span class='ocrx_word' id='word_1_720' title='bbox 1948 5147 2063 5202; x_wconf 78' lang='lat' dir='ltr'><strong>Rex</strong></span> 
     </span>
    </p>
   </div>
   <div class='ocr_carea' id='block_1_97' title="bbox 487 5244 2066 5316">
    <p class='ocr_par' dir='ltr' id='par_1_97' title="bbox 487 5244 2066 5316">
     <span class='ocr_line' id='line_1_97' title="bbox 487 5244 2066 5316; baseline -0.004 -18"><span class='ocrx_word' id='word_1_721' title='bbox 487 5244 701 5313; x_wconf 90' lang='lat' dir='ltr'><strong>quidam</strong></span> <span class='ocrx_word' id='word_1_722' title='bbox 734 5246 1008 5311; x_wconf 75' lang='lat' dir='ltr'><strong>regionem</strong></span> <span class='ocrx_word' id='word_1_723' title='bbox 1049 5247 1317 5316; x_wconf 80' lang='lat' dir='ltr'><strong>egregiam</strong></span> <span class='ocrx_word' id='word_1_724' title='bbox 1353 5245 1660 5313; x_wconf 85' lang='lat' dir='ltr'><strong>possidebat</strong></span> <span class='ocrx_word' id='word_1_725' title='bbox 1693 5256 1756 5296; x_wconf 90' lang='lat' dir='ltr'><strong>ac</strong></span> <span class='ocrx_word' id='word_1_726' title='bbox 1795 5255 2066 5310; x_wconf 85' lang='lat' dir='ltr'><strong>magnam.</strong></span> 
     </span>
    </p>
   </div>
   <div class='ocr_carea' id='block_1_98' title="bbox 494 5335 2070 5411">
    <p class='ocr_par' dir='ltr' id='par_1_98' title="bbox 494 5335 2070 5411">
     <span class='ocr_line' id='line_1_98' title="bbox 494 5335 2070 5411; baseline -0.001 -19"><span class='ocrx_word' id='word_1_727' title='bbox 494 5338 689 5394; x_wconf 80' lang='lat' dir='ltr'><strong>Verum</strong></span> <span class='ocrx_word' id='word_1_728' title='bbox 731 5340 854 5394; x_wconf 92' lang='lat' dir='ltr'><strong>illuc</strong></span> <span class='ocrx_word' id='word_1_729' title='bbox 897 5338 1163 5411; x_wconf 82' lang='lat' dir='ltr'><strong>[morbus]</strong></span> <span class='ocrx_word' id='word_1_730' title='bbox 1189 5340 1433 5409; x_wconf 89' lang='lat' dir='ltr'><strong>irrepens</strong></span> <span class='ocrx_word' id='word_1_731' title='bbox 1462 5338 1711 5393; x_wconf 90' lang='lat' dir='ltr'><strong>funditus</strong></span> <span class='ocrx_word' id='word_1_732' title='bbox 1745 5351 1864 5392; x_wconf 90' lang='lat' dir='ltr'><strong>eam</strong></span> <span class='ocrx_word' id='word_1_733' title='bbox 1907 5335 2070 5390; x_wconf 63' lang='lat' dir='ltr'><strong>desoo</strong></span> 
     </span>
    </p>
   </div>
   <div class='ocr_carea' id='block_1_99' title="bbox 494 5428 2068 5502">
    <p class='ocr_par' dir='ltr' id='par_1_99' title="bbox 494 5428 2068 5502">
     <span class='ocr_line' id='line_1_99' title="bbox 494 5428 2068 5502; baseline 0 -20"><span class='ocrx_word' id='word_1_734' title='bbox 494 5431 1059 5502; x_wconf 84' lang='lat' dir='ltr'><strong>labat.Dolensjtaque</strong></span> <span class='ocrx_word' id='word_1_735' title='bbox 1085 5449 1200 5497; x_wconf 78' lang='lat' dir='ltr'><strong>rex,</strong></span> <span class='ocrx_word' id='word_1_736' title='bbox 1233 5435 1548 5487; x_wconf 88' lang='lat' dir='ltr'><strong>convocatis</strong></span> <span class='ocrx_word' id='word_1_737' title='bbox 1575 5431 1795 5501; x_wconf 89' lang='lat' dir='ltr'><strong>optimis</strong></span> <span class='ocrx_word' id='word_1_738' title='bbox 1819 5428 2068 5488; x_wconf 86' lang='lat' dir='ltr'><strong>medicis.</strong></span> 
     </span>
    </p>
   </div>
   <div class='ocr_carea' id='block_1_100' title="bbox 495 5522 2080 5595">
    <p class='ocr_par' dir='ltr' id='par_1_100' title="bbox 495 5522 2080 5595">
     <span class='ocr_line' id='line_1_100' title="bbox 495 5522 2080 5595; baseline -0.003 -20"><span class='ocrx_word' id='word_1_739' title='bbox 495 5525 822 5578; x_wconf 81' lang='lat' dir='ltr'><strong>sententiam</strong></span> <span class='ocrx_word' id='word_1_740' title='bbox 846 5525 1059 5578; x_wconf 90' lang='lat' dir='ltr'><strong>illorum</strong></span> <span class='ocrx_word' id='word_1_741' title='bbox 1092 5525 1320 5595; x_wconf 84' lang='lat' dir='ltr'><strong>rogavit,</strong></span> <span class='ocrx_word' id='word_1_742' title='bbox 1354 5523 1653 5593; x_wconf 90' lang='lat' dir='ltr'><strong>multisque</strong></span> <span class='ocrx_word' id='word_1_743' title='bbox 1700 5522 1902 5586; x_wconf 88' lang='lat' dir='ltr'><strong>missis,</strong></span> <span class='ocrx_word' id='word_1_744' title='bbox 1930 5535 2080 5573; x_wconf 84' lang='lat' dir='ltr'><strong>mor-</strong></span> 
     </span>
    </p>
   </div>
   <div class='ocr_carea' id='block_1_101' title="bbox 503 5614 2069 5685">
    <p class='ocr_par' dir='ltr' id='par_1_101' title="bbox 503 5614 2069 5685">
     <span class='ocr_line' id='line_1_101' title="bbox 503 5614 2069 5685; baseline -0.004 -15"><span class='ocrx_word' id='word_1_745' title='bbox 503 5614 608 5670; x_wconf 93' lang='lat' dir='ltr'><strong>bus</strong></span> <span class='ocrx_word' id='word_1_746' title='bbox 639 5625 821 5670; x_wconf 86' lang='lat' dir='ltr'><strong>tameu</strong></span> <span class='ocrx_word' id='word_1_747' title='bbox 875 5617 1051 5671; x_wconf 87' lang='lat' dir='ltr'><strong>sanari</strong></span> <span class='ocrx_word' id='word_1_748' title='bbox 1083 5631 1194 5671; x_wconf 90' lang='lat' dir='ltr'><strong>non</strong></span> <span class='ocrx_word' id='word_1_749' title='bbox 1231 5616 1428 5685; x_wconf 90' lang='lat' dir='ltr'><strong>potuit.</strong></span> <span class='ocrx_word' id='word_1_750' title='bbox 1480 5617 1648 5671; x_wconf 89' lang='lat' dir='ltr'><strong>Erant</strong></span> <span class='ocrx_word' id='word_1_751' title='bbox 1705 5624 1888 5670; x_wconf 89' lang='lat' dir='ltr'><strong>autem</strong></span> <span class='ocrx_word' id='word_1_752' title='bbox 1923 5614 1975 5666; x_wconf 92' lang='lat' dir='ltr'><strong>in</strong></span> <span class='ocrx_word' id='word_1_753' title='bbox 2003 5627 2069 5665; x_wconf 87' lang='lat' dir='ltr'><strong>ea</strong></span> 
     </span>
    </p>
   </div>
   <div class='ocr_carea' id='block_1_102' title="bbox 2172 4597 3759 4671">
    <p class='ocr_par' dir='ltr' id='par_1_102' title="bbox 2172 4597 3759 4671">
     <span class='ocr_line' id='line_1_102' title="bbox 2172 4597 3759 4671; baseline -0.008 -9"><span class='ocrx_word' id='word_1_754' title='bbox 2172 4625 2361 4671; x_wconf 85' lang='grc' dir='ltr'>ναντες</span> <span class='ocrx_word' id='word_1_755' title='bbox 2409 4608 2488 4670; x_wconf 88' lang='grc' dir='ltr'>είς</span> <span class='ocrx_word' id='word_1_756' title='bbox 2526 4607 2596 4658; x_wconf 85' lang='grc' dir='ltr'><strong>τά</strong></span> <span class='ocrx_word' id='word_1_757' title='bbox 2644 4603 2865 4657; x_wconf 78' lang='grc' dir='ltr'>ἐναντία</span> <span class='ocrx_word' id='word_1_758' title='bbox 2901 4599 3292 4670; x_wconf 77' lang='grc' dir='ltr'>ἀπερρίφημεν</span> <span class='ocrx_word' id='word_1_759' title='bbox 3346 4598 3454 4651; x_wconf 76' lang='grc' dir='ltr'><strong>ἀπὸ</strong></span> <span class='ocrx_word' id='word_1_760' title='bbox 3490 4597 3627 4650; x_wconf 80' lang='grc' dir='ltr'><strong>Θεοῦ</strong></span> <span class='ocrx_word' id='word_1_761' title='bbox 3663 4599 3759 4650; x_wconf 79' lang='grc' dir='ltr'>καὶ</span> 
     </span>
    </p>
   </div>
   <div class='ocr_carea' id='block_1_103' title="bbox 2171 4689 3756 4770">
    <p class='ocr_par' dir='ltr' id='par_1_103' title="bbox 2171 4689 3756 4770">
     <span class='ocr_line' id='line_1_103' title="bbox 2171 4689 3756 4770; baseline -0.009 -15"><span class='ocrx_word' id='word_1_762' title='bbox 2171 4701 2493 4770; x_wconf 82' lang='grc' dir='ltr'><strong>ἀπέστημεν</strong></span> <span class='ocrx_word' id='word_1_763' title='bbox 2513 4714 2528 4730; x_wconf 76' lang='grc' dir='ltr'><strong>ο</strong></span> <span class='ocrx_word' id='word_1_764' title='bbox 2563 4698 2773 4767; x_wconf 78' lang='grc' dir='ltr'>ἀγορὰν</span> <span class='ocrx_word' id='word_1_765' title='bbox 2812 4695 2869 4748; x_wconf 79' lang='grc' dir='ltr'>δὲ</span> <span class='ocrx_word' id='word_1_766' title='bbox 2893 4695 2994 4764; x_wconf 83' lang='grc' dir='ltr'><strong>τὴν</strong></span> <span class='ocrx_word' id='word_1_767' title='bbox 3021 4691 3188 4745; x_wconf 78' lang='grc' dir='ltr'><strong>αὑτοῦ</strong></span> <span class='ocrx_word' id='word_1_768' title='bbox 3221 4691 3447 4760; x_wconf 79' lang='grc' dir='ltr'>ἄπειρον</span> <span class='ocrx_word' id='word_1_769' title='bbox 3480 4689 3756 4757; x_wconf 83' lang='grc' dir='ltr'><strong>εὐσπλαγ-</strong></span> 
     </span>
    </p>
   </div>
   <div class='ocr_carea' id='block_1_104' title="bbox 2173 4781 3751 4866">
    <p class='ocr_par' dir='ltr' id='par_1_104' title="bbox 2173 4781 3751 4866">
     <span class='ocr_line' id='line_1_104' title="bbox 2173 4781 3751 4866; baseline -0.009 -20"><span class='ocrx_word' id='word_1_770' title='bbox 2173 4795 2328 4866; x_wconf 84' lang='grc' dir='ltr'>χνίαν</span> <span class='ocrx_word' id='word_1_771' title='bbox 2359 4793 2452 4844; x_wconf 70' lang='grc' dir='ltr'>καὶ</span> <span class='ocrx_word' id='word_1_772' title='bbox 2490 4788 2924 4852; x_wconf 80' lang='grc' dir='ltr'>συγκατάϐασιν.</span> <span class='ocrx_word' id='word_1_773' title='bbox 2959 4785 3114 4838; x_wconf 75' lang='grc' dir='ltr'>Εἴπω</span> <span class='ocrx_word' id='word_1_774' title='bbox 3157 4800 3239 4836; x_wconf 89' lang='grc' dir='ltr'><strong>σοι</strong></span> <span class='ocrx_word' id='word_1_775' title='bbox 3268 4783 3324 4834; x_wconf 81' lang='grc' dir='ltr'>δὲ</span> <span class='ocrx_word' id='word_1_776' title='bbox 3356 4783 3450 4836; x_wconf 72' lang='grc' dir='ltr'><strong>καὶ</strong></span> <span class='ocrx_word' id='word_1_777' title='bbox 3477 4781 3751 4850; x_wconf 86' lang='grc' dir='ltr'>ὁμοίωμα,</span> 
     </span>
    </p>
   </div>
   <div class='ocr_carea' id='block_1_105' title="bbox 2174 4872 3749 4954">
    <p class='ocr_par' dir='ltr' id='par_1_105' title="bbox 2174 4872 3749 4954">
     <span class='ocr_line' id='line_1_105' title="bbox 2174 4872 3749 4954; baseline -0.009 -15"><span class='ocrx_word' id='word_1_778' title='bbox 2174 4887 2256 4940; x_wconf 80' lang='grc' dir='ltr'><strong>ὅτι</strong></span> <span class='ocrx_word' id='word_1_779' title='bbox 2283 4885 2346 4938; x_wconf 78' lang='grc' dir='ltr'><strong>τὸ</strong></span> <span class='ocrx_word' id='word_1_780' title='bbox 2382 4882 2679 4954; x_wconf 85' lang='grc' dir='ltr'>μυστήριον</span> <span class='ocrx_word' id='word_1_781' title='bbox 2705 4878 2863 4933; x_wconf 78' lang='grc' dir='ltr'><strong>τοῦτο</strong></span> <span class='ocrx_word' id='word_1_782' title='bbox 2917 4878 3016 4929; x_wconf 85' lang='grc' dir='ltr'>οὐκ</span> <span class='ocrx_word' id='word_1_783' title='bbox 3055 4873 3337 4945; x_wconf 76' lang='grc' dir='ltr'><strong>ἐχώρησε,</strong></span> <span class='ocrx_word' id='word_1_784' title='bbox 3394 4874 3490 4926; x_wconf 77' lang='grc' dir='ltr'>καὶ</span> <span class='ocrx_word' id='word_1_785' title='bbox 3546 4874 3610 4926; x_wconf 82' lang='grc' dir='ltr'>ὲκ</span> <span class='ocrx_word' id='word_1_786' title='bbox 3654 4872 3749 4925; x_wconf 80' lang='grc' dir='ltr'><strong>τοῦ</strong></span> 
     </span>
    </p>
   </div>
   <div class='ocr_carea' id='block_1_106' title="bbox 2172 4965 3756 5049">
    <p class='ocr_par' dir='ltr' id='par_1_106' title="bbox 2172 4965 3756 5049">
     <span class='ocr_line' id='line_1_106' title="bbox 2172 4965 3756 5049; baseline -0.009 -16"><span class='ocrx_word' id='word_1_787' title='bbox 2172 4977 2524 5049; x_wconf 85' lang='grc' dir='ltr'>ὀμοιώματος</span> <span class='ocrx_word' id='word_1_788' title='bbox 2556 4973 2774 5042; x_wconf 87' lang='grc' dir='ltr'><strong>δυνήσει</strong></span> <span class='ocrx_word' id='word_1_789' title='bbox 2806 4968 3134 5024; x_wconf 76' lang='grc' dir='ltr'>καταλαϐεῖν</span> <span class='ocrx_word' id='word_1_790' title='bbox 3167 4967 3345 5020; x_wconf 81' lang='grc' dir='ltr'><strong>τοῦτο.</strong></span> <span class='ocrx_word' id='word_1_791' title='bbox 3383 4965 3644 5028; x_wconf 87' lang='grc' dir='ltr'><strong>Βασιλεύς</strong></span> <span class='ocrx_word' id='word_1_792' title='bbox 3673 4982 3756 5028; x_wconf 80' lang='grc' dir='ltr'>τις</span> 
     </span>
    </p>
   </div>
   <div class='ocr_carea' id='block_1_107' title="bbox 2173 5055 3760 5138">
    <p class='ocr_par' dir='ltr' id='par_1_107' title="bbox 2173 5055 3760 5138">
     <span class='ocr_line' id='line_1_107' title="bbox 2173 5055 3760 5138; baseline -0.009 -17"><span class='ocrx_word' id='word_1_793' title='bbox 2173 5066 2288 5138; x_wconf 74' lang='grc' dir='ltr'>εἷχε</span> <span class='ocrx_word' id='word_1_794' title='bbox 2337 5065 2522 5136; x_wconf 83' lang='grc' dir='ltr'>χώραν</span> <span class='ocrx_word' id='word_1_795' title='bbox 2563 5062 2763 5133; x_wconf 82' lang='grc' dir='ltr'>πολλὴν</span> <span class='ocrx_word' id='word_1_796' title='bbox 2809 5061 2900 5114; x_wconf 77' lang='grc' dir='ltr'>καὶ</span> <span class='ocrx_word' id='word_1_797' title='bbox 2935 5059 3199 5128; x_wconf 86' lang='grc' dir='ltr'>μεγάλην.</span> <span class='ocrx_word' id='word_1_798' title='bbox 3251 5057 3365 5110; x_wconf 73' lang='grc' dir='ltr'><strong>Καὶ</strong></span> <span class='ocrx_word' id='word_1_799' title='bbox 3401 5055 3650 5126; x_wconf 78' lang='grc' dir='ltr'><strong>εἰσῆλθεν</strong></span> <span class='ocrx_word' id='word_1_800' title='bbox 3679 5057 3760 5117; x_wconf 84' lang='grc' dir='ltr'>είς</span> 
     </span>
    </p>
   </div>
   <div class='ocr_carea' id='block_1_108' title="bbox 2175 5145 3755 5227">
    <p class='ocr_par' dir='ltr' id='par_1_108' title="bbox 2175 5145 3755 5227">
     <span class='ocr_line' id='line_1_108' title="bbox 2175 5145 3755 5227; baseline -0.011 -15"><span class='ocrx_word' id='word_1_801' title='bbox 2175 5160 2275 5227; x_wconf 79' lang='grc' dir='ltr'><strong>τὴν</strong></span> <span class='ocrx_word' id='word_1_802' title='bbox 2307 5156 2504 5209; x_wconf 77' lang='grc' dir='ltr'><strong>ἑαυτοῦ</strong></span> <span class='ocrx_word' id='word_1_803' title='bbox 2535 5153 2721 5224; x_wconf 76' lang='grc' dir='ltr'>χώραν</span> <span class='ocrx_word' id='word_1_804' title='bbox 2747 5148 2949 5222; x_wconf 75' lang='grc' dir='ltr'>[νόσος]</span> <span class='ocrx_word' id='word_1_805' title='bbox 2981 5148 3121 5201; x_wconf 81' lang='grc' dir='ltr'><strong>ὥστε</strong></span> <span class='ocrx_word' id='word_1_806' title='bbox 3152 5147 3433 5209; x_wconf 83' lang='grc' dir='ltr'>παντελῶς</span> <span class='ocrx_word' id='word_1_807' title='bbox 3460 5145 3755 5213; x_wconf 72' lang='grc' dir='ltr'><strong>ἀφανισθῆο</strong></span> 
     </span>
    </p>
   </div>
   <div class='ocr_carea' id='block_1_109' title="bbox 2177 5235 3759 5319">
    <p class='ocr_par' dir='ltr' id='par_1_109' title="bbox 2177 5235 3759 5319">
     <span class='ocr_line' id='line_1_109' title="bbox 2177 5235 3759 5319; baseline -0.01 -16"><span class='ocrx_word' id='word_1_808' title='bbox 2177 5267 2287 5304; x_wconf 90' lang='grc' dir='ltr'>ναι.</span> <span class='ocrx_word' id='word_1_809' title='bbox 2313 5248 2618 5319; x_wconf 84' lang='grc' dir='ltr'>Περίλυπος</span> <span class='ocrx_word' id='word_1_810' title='bbox 2647 5241 2741 5298; x_wconf 83' lang='grc' dir='ltr'><strong>οὖν</strong></span> <span class='ocrx_word' id='word_1_811' title='bbox 2771 5243 3063 5313; x_wconf 85' lang='grc' dir='ltr'>γενόμενος</span> <span class='ocrx_word' id='word_1_812' title='bbox 3087 5242 3113 5293; x_wconf 93' lang='lat'><strong>6</strong></span> <span class='ocrx_word' id='word_1_813' title='bbox 3147 5239 3424 5310; x_wconf 81' lang='grc' dir='ltr'><strong>βασιλεὺς,</strong></span> <span class='ocrx_word' id='word_1_814' title='bbox 3451 5235 3759 5306; x_wconf 86' lang='grc' dir='ltr'>προσκαλε-</span> 
     </span>
    </p>
   </div>
   <div class='ocr_carea' id='block_1_110' title="bbox 2182 5327 3762 5410">
    <p class='ocr_par' dir='ltr' id='par_1_110' title="bbox 2182 5327 3762 5410">
     <span class='ocr_line' id='line_1_110' title="bbox 2182 5327 3762 5410; baseline -0.009 -15"><span class='ocrx_word' id='word_1_815' title='bbox 2182 5341 2416 5410; x_wconf 88' lang='grc' dir='ltr'>σάμενος</span> <span class='ocrx_word' id='word_1_816' title='bbox 2454 5338 2579 5400; x_wconf 66' lang='grc' dir='ltr'>τοὺς</span> <span class='ocrx_word' id='word_1_817' title='bbox 2627 5335 2886 5406; x_wconf 89' lang='grc' dir='ltr'><strong>ἀρίστους</strong></span> <span class='ocrx_word' id='word_1_818' title='bbox 2931 5331 3096 5386; x_wconf 72' lang='grc' dir='ltr'><strong>αὐτοῦ</strong></span> <span class='ocrx_word' id='word_1_819' title='bbox 3142 5329 3380 5399; x_wconf 75' lang='grc' dir='ltr'><strong>ἰατροὺς,</strong></span> <span class='ocrx_word' id='word_1_820' title='bbox 3424 5327 3762 5381; x_wconf 77' lang='grc' dir='ltr'>ἐπυνθάνετο</span> 
     </span>
    </p>
   </div>
   <div class='ocr_carea' id='block_1_111' title="bbox 2183 5419 3759 5501">
    <p class='ocr_par' dir='ltr' id='par_1_111' title="bbox 2183 5419 3759 5501">
     <span class='ocr_line' id='line_1_111' title="bbox 2183 5419 3759 5501; baseline -0.009 -15"><span class='ocrx_word' id='word_1_821' title='bbox 2183 5433 2312 5501; x_wconf 82' lang='grc' dir='ltr'>παρ’</span> <span class='ocrx_word' id='word_1_822' title='bbox 2345 5429 2524 5483; x_wconf 84' lang='grc' dir='ltr'>αὐτῶν</span> <span class='ocrx_word' id='word_1_823' title='bbox 2544 5467 2560 5491; x_wconf 95' lang='grc'><strong>,</strong></span> <span class='ocrx_word' id='word_1_824' title='bbox 2590 5427 2684 5480; x_wconf 74' lang='grc' dir='ltr'>καὶ</span> <span class='ocrx_word' id='word_1_825' title='bbox 2715 5424 2942 5486; x_wconf 78' lang='grc' dir='ltr'><strong>πολλοὺς</strong></span> <span class='ocrx_word' id='word_1_826' title='bbox 2968 5423 3077 5476; x_wconf 89' lang='grc' dir='ltr'>τῶν</span> <span class='ocrx_word' id='word_1_827' title='bbox 3113 5419 3310 5489; x_wconf 82' lang='grc' dir='ltr'>ἰατρῶν</span> <span class='ocrx_word' id='word_1_828' title='bbox 3340 5419 3722 5483; x_wconf 81' lang='grc' dir='ltr'><strong>ἐξαποστείλας</strong></span> <span class='ocrx_word' id='word_1_829' title='bbox 3744 5461 3759 5485; x_wconf 90' lang='grc'><strong>,</strong></span> 
     </span>
    </p>
   </div>
   <div class='ocr_carea' id='block_1_112' title="bbox 2186 5515 3762 5593">
    <p class='ocr_par' dir='ltr' id='par_1_112' title="bbox 2186 5515 3762 5593">
     <span class='ocr_line' id='line_1_112' title="bbox 2186 5515 3762 5593; baseline -0.008 -14"><span class='ocrx_word' id='word_1_830' title='bbox 2186 5527 2289 5580; x_wconf 80' lang='grc' dir='ltr'>οὐκ</span> <span class='ocrx_word' id='word_1_831' title='bbox 2328 5523 2672 5593; x_wconf 72' lang='grc' dir='ltr'>ἠδυνήθησαν</span> <span class='ocrx_word' id='word_1_832' title='bbox 2719 5519 3076 5590; x_wconf 81' lang='grc' dir='ltr'>θεραπεῦσαι.</span> <span class='ocrx_word' id='word_1_833' title='bbox 3130 5519 3408 5587; x_wconf 77' lang='grc' dir='ltr'><strong>Ὑπῆρχον</strong></span> <span class='ocrx_word' id='word_1_834' title='bbox 3449 5515 3505 5569; x_wconf 81' lang='grc' dir='ltr'>δὲ</span> <span class='ocrx_word' id='word_1_835' title='bbox 3545 5517 3624 5577; x_wconf 85' lang='grc' dir='ltr'><strong>εἰς</strong></span> <span class='ocrx_word' id='word_1_836' title='bbox 3663 5515 3762 5583; x_wconf 77' lang='grc' dir='ltr'>τὴν</span> 
     </span>
    </p>
   </div>
   <div class='ocr_carea' id='block_1_113' title="bbox 2183 5604 3762 5688">
    <p class='ocr_par' dir='ltr' id='par_1_113' title="bbox 2183 5604 3762 5688">
     <span class='ocr_line' id='line_1_113' title="bbox 2183 5604 3762 5688; baseline -0.008 -20"><span class='ocrx_word' id='word_1_837' title='bbox 2183 5615 2369 5688; x_wconf 85' lang='grc' dir='ltr'>χώραν</span> <span class='ocrx_word' id='word_1_838' title='bbox 2405 5611 2499 5665; x_wconf 80' lang='grc' dir='ltr'><strong>τοῦ</strong></span> <span class='ocrx_word' id='word_1_839' title='bbox 2532 5609 2792 5683; x_wconf 65' lang='grc' dir='ltr'><strong>βασιλέως</strong></span> <span class='ocrx_word' id='word_1_840' title='bbox 2833 5609 3154 5680; x_wconf 74' lang='grc' dir='ltr'>χαιρὲκακοι</span> <span class='ocrx_word' id='word_1_841' title='bbox 3184 5606 3463 5676; x_wconf 81' lang='grc' dir='ltr'>ἀνθρωττοι</span> <span class='ocrx_word' id='word_1_842' title='bbox 3495 5604 3588 5658; x_wconf 77' lang='grc' dir='ltr'>καὶ</span> <span class='ocrx_word' id='word_1_843' title='bbox 3632 5605 3762 5674; x_wconf 83' lang='grc' dir='ltr'><strong>γόη-</strong></span> 
     </span>
    </p>
   </div>
   <div class='ocr_carea' id='block_1_114' title="bbox 582 5761 3759 5840">
    <p class='ocr_par' dir='ltr' id='par_1_114' title="bbox 582 5761 3759 5840">
     <span class='ocr_line' id='line_1_114' title="bbox 582 5761 3759 5840; baseline -0.003 -15"><span class='ocrx_word' id='word_1_844' title='bbox 582 5770 663 5838; x_wconf 74' lang='lat'><strong>(5)</strong></span> <span class='ocrx_word' id='word_1_845' title='bbox 703 5769 1069 5840; x_wconf 44' lang='lat' dir='ltr'><strong>Quaestionem</strong></span> <span class='ocrx_word' id='word_1_846' title='bbox 1096 5769 1235 5824; x_wconf 88' lang='lat' dir='ltr'><strong>hanc</strong></span> <span class='ocrx_word' id='word_1_847' title='bbox 1273 5769 1509 5840; x_wconf 75' lang='lat' dir='ltr'><strong>appellat</strong></span> <span class='ocrx_word' id='word_1_848' title='bbox 1559 5779 1803 5824; x_wconf 85' lang='lat' dir='ltr'><strong>veterem</strong></span> <span class='ocrx_word' id='word_1_849' title='bbox 1854 5767 2087 5822; x_wconf 90' lang='lat' dir='ltr'><strong>Photius</strong></span> <span class='ocrx_word' id='word_1_850' title='bbox 2197 5765 2469 5840; x_wconf 79' lang='lat' dir='ltr'><strong>edidimus</strong></span> <span class='ocrx_word' id='word_1_851' title='bbox 2501 5762 2698 5840; x_wconf 58' lang='grc' dir='ltr'>δοτῆρι.</span> <span class='ocrx_word' id='word_1_852' title='bbox 2739 5772 2836 5818; x_wconf 80' lang='lat' dir='ltr'><strong>vel.</strong></span> <span class='ocrx_word' id='word_1_853' title='bbox 2871 5772 3020 5818; x_wconf 78' lang='lat' dir='ltr'><strong>tonio</strong></span> <span class='ocrx_word' id='word_1_854' title='bbox 3058 5761 3278 5833; x_wconf 79' lang='lat' dir='ltr'><strong>prium),</strong></span> <span class='ocrx_word' id='word_1_855' title='bbox 3310 5777 3365 5816; x_wconf 87' lang='lat' dir='ltr'><strong>et</strong></span> <span class='ocrx_word' id='word_1_856' title='bbox 3397 5763 3552 5818; x_wconf 88' lang='lat' dir='ltr'><strong>doctc</strong></span> <span class='ocrx_word' id='word_1_857' title='bbox 3585 5761 3759 5816; x_wconf 84' lang='lat' dir='ltr'><strong>soler-</strong></span> 
     </span>
    </p>
   </div>
   <div class='ocr_carea' id='block_1_115' title="bbox 511 5836 2654 5914">
    <p class='ocr_par' dir='ltr' id='par_1_115' title="bbox 511 5836 2654 5914">
     <span class='ocr_line' id='line_1_115' title="bbox 511 5836 2654 5914; baseline -0.003 -17"><span class='ocrx_word' id='word_1_858' title='bbox 511 5836 1074 5914; x_wconf 36' lang='lat' dir='ltr'><strong>in&#39;Amphilochiana</strong></span> <span class='ocrx_word' id='word_1_859' title='bbox 1131 5836 1517 5899; x_wconf 79' lang='lat' dir='ltr'><strong>dissertatione</strong></span> <span class='ocrx_word' id='word_1_860' title='bbox 1572 5855 1700 5899; x_wconf 78' lang='lat' dir='ltr'><strong>xxtv</strong></span> <span class='ocrx_word' id='word_1_861' title='bbox 1756 5840 1942 5914; x_wconf 83' lang='lat' dir='ltr'><strong>(quam</strong></span> <span class='ocrx_word' id='word_1_862' title='bbox 1985 5853 2086 5895; x_wconf 88' lang='lat' dir='ltr'><strong>nos</strong></span> <span class='ocrx_word' id='word_1_863' title='bbox 2195 5846 2380 5908; x_wconf 78' lang='lat' dir='ltr'><strong>terque</strong></span> <span class='ocrx_word' id='word_1_864' title='bbox 2403 5836 2654 5894; x_wconf 83' lang='lat' dir='ltr'><strong>dissolvit</strong></span> 
     </span>
    </p>
   </div>
  </div>
