4104 6410
330 325 401 389 33
1572 342 2040 405 DISPUTATIO
2082 344 2181 406 DE
2220 347 2425 411 FIDE.
3573 370 3643 433 3i

332 459 449 507 τες.
479 444 552 499 Ti
581 443 687 501 οὖν
720 449 879 504 ποιεῖ
905 451 934 504 6
963 450 1246 521 βασιλεύς;
1290 454 1428 508 Ἕνα
1460 456 1576 510 υἱὸν
1616 457 1758 530 ἔχων
1793 473 1940 528 μονο-

2068 460 2208 530 regis
2236 462 2514 543 provincia
2547 466 2767 538 maligni
2804 468 3055 526 homines
3087 480 3141 527 et
3194 472 3446 530 malefici.
3498 475 3641 543 Quid

340 538 497 605 γενῆν
558 538 839 611 ἀνέδησεν
896 542 1047 612 αὐτῷ
1096 545 1372 614 προϐάτου
1460 547 1649 619 δορὰν,
1703 548 1798 601 καὶ
1858 549 1948 614 ἐξ·

342 630 668 684 απέστειλεν
703 635 788 696 είς
820 634 923 702 τὴν
959 636 1156 688 ἑαυτοῦ
1190 636 1392 707 χώραν.
1413 640 1635 703 Ἰδόντες
1664 640 1721 692 δὲ
1758 640 1949 694 τοῦτον

347 723 400 774 οἱ
439 724 769 791 χαιρέκακοι
806 726 997 789 παῖδες
1036 727 1135 797 τῆς
1172 727 1352 799 χώρας
1391 732 1606 800 ἐκείνης
1633 770 1651 795 ,
1689 732 1947 797 λαϐόντες

347 811 538 865 τοῦτον
580 812 936 869 ἀπέκτειναν.
984 816 1092 869 Καὶ
1143 818 1321 870 λαϐὼν
1371 821 1398 871 6
1441 820 1694 889 βασιλεὺς
1724 823 1781 875 ὲν
1823 824 1945 887 ταῖς

351 900 511 968 χερσὶ
546 904 662 960 ταῖς
695 901 855 964 ἰδίαις
889 904 949 956 τὸ
1005 905 1098 958 τοῦ
1133 906 1249 959 υίοῦ
1279 909 1445 962 αὑτοῦ
1477 904 1637 979 αἷμα,
1667 913 1761 964 καὶ
1793 912 1947 966 ποτί-

352 1008 456 1055 σας
474 995 565 1045 τὸν
589 992 716 1048 λαδν
740 1034 756 1059 ,
806 994 1176 1066 ἐζωοποίησεν
1206 1002 1269 1052 ὲκ
1300 1002 1391 1055 τοῦ
1425 1003 1652 1056 θανάτου
1685 1004 1783 1075 τὴν
1816 1006 1944 1058 ἑαυ-

349 1083 450 1135 τοῦ
495 1090 701 1154 χώραν.
735 1086 868 1141 Νόει
902 1106 991 1155 μοι
1036 1091 1131 1142 καὶ
1164 1091 1259 1142 ἐπὶ
1290 1092 1383 1145 τοῦ
1420 1094 1653 1165 φοϐεροῦ
1690 1096 1943 1166 σώματος

350 1174 451 1226 καὶ
488 1174 720 1243 αῐματος
766 1175 862 1229 τοῦ
910 1179 1149 1248 Χριστοῦ
1203 1184 1285 1235 ὅτι
1355 1182 1475 1237 οὔτε
1531 1186 1760 1252 ἄγγελος
1816 1186 1942 1240 οὔτε

351 1268 646 1336 προφήτης
668 1263 735 1337 ἦν
762 1267 989 1332 δυνατὸς
1016 1271 1293 1336 ἐξελέσθαι
1317 1276 1406 1328 τὸν
1429 1277 1719 1347 ἄνθρωπον
1748 1280 1811 1331 ὲκ
1838 1280 1938 1349 τῆς

346 1359 666 1425 τυραννίδος
700 1360 793 1412 τοῦ
823 1360 1073 1415 διαϐόλου
1106 1365 1154 1416 εἰ
1209 1364 1284 1435 μὴ
1315 1366 1341 1418 6
1375 1367 1538 1430 αὐτὸς
1566 1369 1809 1439 ἀρχηγὸς
1839 1368 1942 1437 τῆς

346 1447 502 1516 ζωῆς
530 1451 688 1518 ἡμῶν
712 1451 805 1504 καὶ
834 1452 929 1523 τῆς
958 1456 1231 1526 σωτηρίας
1258 1456 1391 1521 Θεὸς
1421 1458 1512 1511 διὰ
1537 1460 1632 1512 τοῦ
1663 1461 1793 1514 ἰδίου
1838 1459 1945 1513 σώ-

346 1556 526 1609 ματος
559 1542 652 1595 καὶ
678 1545 933 1612 αἵματος.

421 1633 508 1702 ιβ’.
539 1635 705 1702 Λέγει
730 1638 760 1688 6
787 1638 1107 1708 Σαρακηνός
1130 1655 1146 1670 ·
1175 1640 1274 1693 Διά
1299 1641 1353 1693 τί
1386 1641 1416 1693 6
1445 1642 1690 1712 Μωάμεδ
1722 1643 1825 1696 ὑπὸ
1843 1643 1938 1697 τοῦ

344 1724 635 1793 προφήτου
666 1724 885 1777 Ἡσαΐου
905 1728 1311 1797 κηρυττόμενος
1333 1730 1640 1801 προφήτης,
1666 1735 1760 1785 καὶ
1790 1735 1846 1786 ὲν
1870 1737 1937 1804 τῇ

2052 566 2182 620 ergo
2215 569 2305 607 rex
2339 554 2515 610 fecit?
2546 556 2742 613 Filium
2817 561 3023 616 habens
3085 564 3446 634 unigenitum,
3512 568 3640 622 huic

2068 643 2330 711 imposuit
2388 649 2603 703 ovinam
2653 651 2870 719 pellem,
2928 661 3087 722 atque
3142 654 3213 708 ita
3260 657 3313 709 in
3361 658 3636 726 regionem

2051 735 2198 788 illam
2254 736 2507 793 dimisit:
2556 756 2718 809 quem
2776 742 2951 797 visum
3006 746 3221 815 maligni
3260 747 3335 800 illi
3387 748 3635 804 homines

2044 838 2373 899 Captumque
2456 831 2877 887 interemerunt.
2955 836 3023 888 At
3078 852 3169 889 rex
3230 838 3480 893 manibus
3522 840 3637 894 suis

2047 919 2140 972 ﬁlii
2166 922 2484 991 sanguinem
2505 937 2746 986 sumens,
2771 938 2944 993 eoque
2966 928 3222 995 populum
3255 929 3401 981 illum
3420 941 3633 997 potans,

2043 1006 2320 1076 regionem
2359 1023 2510 1062 suam
2540 1010 2607 1063 de
2633 1009 2802 1064 exitio
2830 1013 2897 1065 ad
2952 1017 3118 1066 vitam
3166 1017 3461 1069 revocavit.
3510 1016 3636 1069 Pari

2044 1099 2205 1152 modo
2238 1096 2400 1169 igitur
2433 1110 2650 1169 reputes
2686 1102 2845 1156 velim
2885 1103 2951 1157 de
2984 1107 3297 1160 venerando
3327 1121 3554 1176 corpore
3574 1120 3633 1161 et

2042 1193 2306 1261 sanguine
2326 1192 2567 1258 Christi;
2598 1194 2739 1261 quod
2767 1210 2965 1264 nempe
2986 1212 3161 1265 neque
3180 1198 3429 1267 angelus.
3455 1211 3635 1267 neque

2040 1281 2327 1350 pr0pheta,
2387 1291 2602 1351 poterat
2657 1284 2935 1339 hominem
3001 1286 3068 1340 de
3097 1287 3297 1342 diaboli
3334 1289 3625 1359 tyrannide

2045 1368 2283 1438 eripere,
2315 1377 2513 1439 praeter
2559 1387 2721 1441 quam
2772 1374 2884 1443 ipse
2939 1386 3139 1430 nostra:
3169 1378 3292 1432 vitm
3348 1388 3539 1433 auctor
3582 1387 3638 1434 et

2041 1459 2235 1513 salutis
2266 1459 2429 1526 Deus,
2469 1476 2565 1531 per
2590 1463 2872 1533 proprium
2905 1480 3105 1535 corpus
3130 1476 3184 1521 et
3215 1469 3559 1538 sanguinem.

2114 1641 2202 1694 12.
2231 1641 2369 1696 Dicit
2394 1643 2733 1699 Saracenos:
2764 1645 2875 1700 Cur
2904 1645 3281 1703 Mobamedem
3310 1665 3341 1703 a
3365 1652 3635 1720 pmpheta

2040 1734 2179 1789 Isaia
2211 1735 2604 1804 proclamatum
2643 1738 2963 1807 prophetam
2997 1752 3050 1794 et
3103 1741 3305 1796 diserte
3336 1743 3626 1812 scriptum,

341 1814 597 1885 ὑμετέρᾳ
625 1820 807 1886 γραφῇ
833 1820 1235 1889 κηρυττόμενος
1261 1823 1545 1892 προφήτης
1573 1826 1667 1876 καὶ
1693 1842 1940 1896 γεγραμ-

2045 1843 2142 1882 vos
2165 1828 2497 1898 repudiatis?
2514 1830 2605 1883 Ait
2622 1830 2962 1901 Euthymius:
2982 1830 3206 1887 Intende
3220 1843 3458 1889 mentem
3484 1844 3632 1889 tuam

344 1906 509 1971 μένος
567 1906 666 1971 ὢν,
721 1907 987 1972 ὲξεὼσατε
1048 1911 1279 1978 τοῦτον;
1338 1914 1483 1983 Ἔφη
1531 1916 1559 1967 6
1622 1916 1935 1986 Εὐθύμιος⁶

342 1994 561 2063 Στῆσον
586 1996 678 2049 τὸν
710 1997 835 2050 νοῦν
859 2016 952 2052 σου
981 2002 1075 2053 καὶ
1104 2002 1203 2070 τὴν
1238 2002 1545 2072 συνείδησίν
1574 2022 1668 2057 σου
1702 2005 1937 2061 ἐνώπιον

339 2086 444 2139 τοῦ
482 2088 621 2140 Θεοῦ
673 2092 781 2151 τοῖς
832 2090 1010 2157 λόγοις
1066 2092 1163 2144 τοῦ
1211 2091 1455 2147 Ἡσαΐου.
1491 2094 1653 2161 Λέγει
1686 2096 1713 2146 6
1756 2096 1938 2165 Σαρα-

341 2181 514 2248 κηνός
540 2196 554 2209 ·
583 2182 645 2233 Ei
664 2182 692 2232 6
718 2180 871 2248 Θεὸς,
898 2183 999 2235 οὐκ
1020 2182 1343 2251 ἀμφίϐολοςί
1389 2184 1552 2250 Λέγει
1580 2187 1607 2238 6
1634 2184 1939 2255 Εὑθύμιος·

343 2271 417 2323 Τί
471 2287 556 2323 σοι
607 2272 753 2325 δοκεῖ
794 2274 922 2344 περὶ
965 2274 1154 2326 τούτου
1194 2274 1286 2329 τοῦ
1337 2277 1616 2345 προφήτου
1676 2276 1937 2345 ἰισαῖους

341 2362 607 2434 θεράπων
636 2359 705 2433 ἦν
733 2363 868 2418 Θεοῦ
898 2365 993 2418 καὶ
1022 2365 1274 2435 ἀληθινὸς
1306 2369 1593 2438 προφήτης
1630 2368 1663 2439 ἢ
1699 2367 1794 2435 οὓς
1834 2370 1940 2423 Λέ-

340 2472 434 2521 γει
466 2457 495 2508 6
525 2456 865 2527 Σαρακηνὸςσ
903 2457 1013 2509 Καὶ
1048 2457 1191 2510 πάνυ
1224 2460 1507 2529 προφήτης
1539 2460 1633 2512 καὶ
1659 2458 1937 2528 θεράπων.

349 2548 499 2617 ἐφη
534 2551 562 2599 6
602 2548 905 2617 Εὐθύμιος’
942 2548 1195 2612 Τοιοῦτος
1224 2549 1364 2610 θεῖος
1401 2551 1686 2620 προφήτης
1719 2553 1811 2604 καὶ
1845 2551 1940 2621 μέ-

341 2653 449 2703 γας
484 2638 717 2701 Ἡσαΐας
764 2639 892 2691 τάδε
936 2639 1071 2709 φησὶ
1106 2637 1356 2710 περὶτοῦ
1398 2639 1642 2709 Μωάμεδ
1686 2654 1700 2668 ·
1757 2640 1939 2710 Ἁφεῖ-

340 2731 417 2782 ,ιε
462 2732 681 2798 Κύριος
710 2731 829 2784 ἀπὸ
869 2730 1272 2801 Ἰερουσαλὴμ
1298 2730 1493 2801 μέγαν
1538 2732 1637 2785 καί
1680 2734 1935 2801 μικρὸν,

340 2825 541 2889 κεφαλ
554 2822 629 2887 ὴν
644 2824 739 2874 καί
759 2825 967 2891 οὐρὰν,
988 2823 1302 2892 προφήτην
1322 2821 1551 2891 ἄνομον
1569 2822 1938 2877 διδάσκοντα

339 2914 543 2981 ἄνομα
563 2929 578 2944 '
603 2909 674 2969 οὗ
700 2914 755 2966 τί
787 2915 823 2982 ή
864 2913 1015 2981 οὐρά
1036 2930 1056 2978 ;
1085 2916 1183 2968 καὶ
1204 2915 1361 2969 ἔστω
1384 2914 1638 2969 πλανῶν
1662 2915 1759 2970 καὶ
1784 2919 1938 2970 πλα-

339 3004 643 3074 νώμενίςν
683 3006 857 3060 ταῦτα
895 3009 1195 3075 φάσκοντος
1235 3007 1330 3060 τοῦ
1381 3007 1608 3061 Ἠσαίου
1654 3010 1784 3078 περὶ
1838 3007 1932 3062 τοῦ

338 3098 611 3167 Μωάμεδ.
652 3099 817 3165 Λέγει
852 3102 880 3152 6
915 3100 1253 3170 Σαρακηνός*
1294 3100 1431 3154 Εἰπὲ
1462 3101 1614 3169 ήμῖν,
1652 3100 1749 3170 τῆς
1786 3100 1937 3163 θείας

336 3191 571 3260 Γραφῆς
617 3190 883 3258 λεγούσης
933 3206 949 3222 ⁸

335 3280 556 3334 αὐλῶν
598 3281 707 3334 τὸν
759 3279 929 3336 οἶνον
966 3284 1250 3350 πίνοντες
1288 3286 1382 3336 καὶ
1424 3284 1521 3353 Μὴ
1560 3285 1943 3353 μεθύσκεσθε

341 3372 516 3429 οἶνον
573 3379 641 3430 ἐν
700 3369 745 3443 ᾧ
796 3378 971 3431 ἐστιν
1020 3379 1059 3444 ἡ
1090 3378 1320 3432 ἀσωτία
1373 3379 1488 3442 πῶς
1543 3380 1760 3450 ορῶμεν
1818 3380 1943 3442 τοὺς

348 3470 712 3538 Χριστιανοὺς
744 3473 802 3523 ὲν
834 3473 901 3541 τῇ
933 3472 1074 3543 μέθῃ
1112 3473 1208 3526 καὶ
1260 3473 1319 3526 ὲν
1364 3473 1642 3542 ὀρχήμασι
1700 3472 1945 3541 δαιμονι-

356 3564 505 3625 κοῖς;
561 3564 1109 3633 Καταχριστιανικῶς
1147 3563 1304 3617 τοῦτο
1371 3564 1730 3634 πράττουσιν.
1795 3559 1945 3632 Ἀρά

360 3670 426 3722 γε
473 3656 698 3725 μέτοχοι
753 3657 860 3707 είσι
923 3657 1037 3725 τῆς
1085 3656 1178 3709 τοῦ
1227 3656 1362 3709 Θεοῦ
1423 3656 1736 3725 βασιλείαςς
1794 3655 1939 3725 Ἔφη

347 3748 377 3798 6
416 3747 691 3816 Εῦθῦμιος
715 3762 730 3777 ο
767 3748 859 3818 Μὴ
900 3747 1112 3815 γένοιτο
1137 3764 1150 3777 ·
1195 3748 1269 3818 μὴ
1305 3747 1612 3813 πλανᾶσθε,
1649 3750 1751 3817 τῆς
1788 3746 1939 3809 θείας

341 3838 383 3889 Γ
389 3840 569 3907 ραφῆς
593 3837 752 3908 ήμῶν
779 3839 1045 3909 λεγούσης
1089 3840 1132 3871 ⁸⁵
1155 3857 1169 3872 ο
1197 3841 1434 3905 Δίκαιος
1462 3840 1699 3908 Κύριος,
1729 3838 1825 3892 καὶ
1849 3837 1940 3891 δι-

339 3934 683 3996 καιοσύνας
734 3933 1060 4001 ἠγάπησεν
1107 3949 1120 3961 ·
1155 3932 1291 3987 Οὔτε
1319 3933 1531 4004 πόρνοι,
1574 3930 1700 3984 οὔτε
1735 3932 1938 4002 μοιχοὶ,

2045 1930 2208 1991 atque
2233 1923 2647 1987 conscientiam,
2674 1938 2776 1977 ceu
2807 1933 2935 1979 ante
2953 1935 3307 1994 conspectum
3340 1927 3456 1988 Dei,
3484 1926 3637 1981 Isaia:

2043 2016 2248 2071 verbis.
2281 2015 2745 2070 DicitSaracenus
2780 2032 2794 2069 :
2828 2014 2881 2069 Si
2918 2014 3063 2070 Deus
3097 2028 3204 2083 est,
3239 2033 3349 2071 non
3385 2018 3486 2072 erit
3522 2033 3639 2072 am-

2040 2105 2239 2176 biguus
2264 2106 2373 2161 .Ait
2400 2105 2723 2177 Eutliymius
2753 2121 2767 2158 :
2806 2106 2945 2171 Quid
2976 2107 3069 2162 tibi
3102 2108 3168 2163 de
3204 2109 3308 2163 hoc
3364 2110 3633 2180 propheta

2044 2198 2181 2255 Isaia
2215 2199 2459 2253 videtur?
2486 2214 2749 2253 servusne
2778 2199 2872 2253 Dei
2909 2208 2995 2254 est
3045 2216 3317 2269 verusque
3346 2203 3635 2271 propheta,

2046 2290 2251 2346 necne?
2291 2291 2430 2345 Dicit
2458 2290 2800 2346 Saracenus:
2834 2290 3101 2360 Pmpheta
3146 2310 3373 2364 magnus
3432 2294 3636 2364 Deique

2042 2383 2305 2440 famulus.
2335 2382 2426 2437 Ait
2446 2381 2801 2454 Euthymius:
2828 2383 2994 2439 Divus
3022 2384 3111 2438 hic
3134 2400 3472 2453 magnuSque
3495 2402 3624 2455 pro-

2050 2475 2215 2544 pheta
2250 2474 2417 2529 Isaias
2450 2475 2565 2529 hazc
2594 2476 2661 2530 de
2688 2474 3003 2531 Mohamede
3026 2476 3178 2531 dicit:
3194 2476 3427 2531 Abstulit
3449 2477 3633 2530 Domi-

2055 2584 2153 2622 nus
2194 2569 2258 2621 de
2279 2566 2577 2620 Jerusalem
2605 2584 2853 2636 maguum
2884 2585 3230 2638 parvumque,
3256 2580 3475 2637 copulet
3505 2587 3637 2623 cau-

2041 2662 2189 2725 dam,
2216 2659 2525 2729 praphetam
2548 2659 2769 2726 impium
2800 2661 2963 2727 impia
2991 2666 3281 2713 docentem.
3308 2661 3475 2730 Cujus
3505 2663 3598 2731 qui
3608 2692 3630 2704 -

2040 2753 2158 2806 dem
2184 2752 2309 2821 quid
2329 2754 2502 2805 cauda
2527 2762 2602 2805 est
2618 2755 2642 2807 ?
2660 2754 2859 2821 eritque
2877 2752 3140 2819 decipiens
3164 2763 3212 2804 et
3236 2753 3503 2822 deceptus;
3521 2755 3635 2807 haec

2040 2843 2187 2897 enim
2222 2844 2361 2898 dicit
2386 2844 2555 2899 Isaias
2572 2846 2641 2900 de
2667 2845 2986 2898 Mohamede
3014 2844 3079 2896 ".
3113 2845 3250 2899 Dicit
3282 2845 3587 2900 Saracenus
3619 2862 3634 2899 :

2041 2934 2139 2991 Dic
2160 2937 2344 3002 nobis,
2366 2953 2490 2992 cum
2512 2938 2696 2993 divina
2719 2938 2994 3008 Scriptura
3011 2939 3189 2993 dicat:
3216 2936 3305 2993 γω
3322 2941 3385 2992 iis
3404 2942 3639 3009 quitym-

2042 3046 2185 3100 pana
2213 3040 2445 3084 tenentes
2468 3032 2813 3085 vinumsuum
2831 3031 3009 3084 bibunt
3030 3032 3106 3097 ¹³;
3134 3031 3283 3085 item:
3318 3031 3495 3087 Nolite
3526 3035 3637 3087 ine-

2047 3123 2215 3176 briari
2242 3124 2457 3187 oino,in
2480 3140 2580 3189 quo
2616 3133 2691 3177 est
2724 3123 3017 3191 luxuria“,
3053 3141 3151 3178 cur
3176 3126 3517 3180 Christianos
3556 3126 3635 3180 vi-

1006 3190 1152 3244 Οὺαὶ
1192 3194 1248 3245 οἱ
1290 3191 1441 3261 μετὰ
1470 3190 1800 3260 τυμπάνων
1831 3190 1933 3245 καὶ

2048 3214 2242 3269 demus
2293 3215 2546 3271 ebrietati
2577 3225 2634 3271 et
2678 3217 2962 3272 diabolicis
2993 3220 3210 3274 choreis
3245 3219 3637 3290 indulgentes?

2044 3305 2275 3361 Prorsus
2304 3306 2410 3362 hoc
2442 3322 2472 3361 a
2500 3305 2815 3361 Christiano
2862 3308 3114 3362 instituto
3153 3309 3391 3363 alienum
3445 3318 3635 3377 agunt.

2042 3399 2192 3455 Num
2226 3399 2393 3470 igitur
2435 3399 2529 3454 Dei
2567 3415 2796 3469 regnum
2829 3401 3258 3471 participabnnt?
3285 3404 3400 3474 Ait.
3426 3402 3635 3472 Euthy-

2042 3490 2487 3546 miuszAbsithe
2511 3492 3191 3561 decipiamini,quoniam,
3219 3495 3294 3549 ait
3321 3495 3627 3564 Scriptura:

2042 3583 2226 3637 Justus
2264 3584 2539 3648 Dominus,
2570 3595 2616 3637 et
2644 3585 2893 3652 justitias
2915 3585 3172 3640 dilexit“.
3206 3586 3392 3654 Neque
3422 3597 3630 3644 scorta-

2050 3683 2213 3738 tores,
2239 3690 2414 3743 neque
2444 3674 2702 3739 adulteri,
2738 3690 2921 3743 neque
2982 3676 3211 3739 ebriosi,
3254 3692 3431 3746 neque
3462 3678 3631 3744 fures,

2046 3782 2227 3836 neque
2245 3766 2458 3832 molles,
2492 3781 2671 3834 neque
2711 3768 3079 3823 masculorum
3130 3771 3533 3835 concubitores,
3553 3770 3638 3824 in-

2048 3859 2273 3913 trahunt
2302 3858 2357 3912 in
2385 3873 2611 3929 regnum
2641 3860 2907 3915 cmloruin
2934 3862 3014 3929 ¹⁶;
3050 3861 3155 3918 nisi
3185 3862 3278 3933 qui
3311 3862 3504 3917 fecerit
3538 3876 3638 3917 vo-

2048 3950 2317 4007 luntatem
2350 3951 2467 4006 Dei.

335 4044 464 4098 οῦτε
500 4044 751 4115 μέθυσοι,
779 4046 839 4098 οὐ
873 4046 1125 4113 κλέπται,
1158 4047 1217 4101 οὐ
1264 4045 1521 4117 μαλακοὶ,
1556 4043 1680 4098 οὔτε
1718 4043 2099 4114 ἀρσενοκοῖται
2157 4043 2560 4101 εἰσελεύσονται
2613 4048 2693 4113 είς
2748 4047 2847 4120 τὴν
2907 4047 3186 4119 βασιλείαν
3236 4049 3344 4103 τῶν
3390 4045 3637 4120 οὐρανῶν

334 4141 389 4191 εί
433 4139 510 4209 μὴ
540 4139 570 4188 6
604 4137 774 4191 ποιῶν
802 4138 863 4190 τὸ
899 4138 1112 4209 θέλημα
1140 4137 1236 4191 τοῦ
1266 4136 1426 4191 Θεοῦ.

413 4227 509 4296 ιγ.
548 4229 659 4280 Καὶ
689 4228 806 4297 μεθ’
845 4229 1009 4298 ἔτερα
1035 4230 1063 4281 6
1092 4228 1362 4299 Εὐθύμιος
1394 4228 1532 4299 πρὸς
1564 4228 1656 4282 τὸν
1696 4225 1936 4298 ’Δγαρη-

338 4318 436 4370 τὸν
462 4318 572 4385 ἔφη
598 4335 611 4348 ·
641 4317 775 4370 Εἰπὲ
809 4319 964 4388 ήμίν,
1004 4312 1050 4373 ὧ
1082 4318 1362 4388 σοφώτατε
1392 4318 1500 4373 τῶν
1539 4319 1747 4388 ’Λγαρσ
1780 4320 1938 4389 ὑμεῖς

338 4412 536 4476 λέγετε
575 4410 665 4463 τὸν
709 4410 953 4481 Μωάμεδ
998 4411 1281 4465 καλεῖσθαι
1327 4412 1615 4483 προφήτην
1660 4410 1796 4463 Θεοῦ
1844 4410 1940 4463 καὶ

2116 4220 2203 4275 l5.
2223 4219 2288 4274 Et
2308 4230 2429 4291 post
2444 4221 2550 4277 alia
2564 4221 2892 4295 Euthymius
2908 4224 3161 4295 Agareno
3175 4224 3310 4279 dixit
3333 4224 3461 4280 :Dic
3473 4227 3631 4286 mihi.

2039 4329 2075 4369 0
2107 4315 2511 4383 sapientissime
2540 4314 2775 4371 ﬁliorum
2814 4318 3008 4387 Agaris
3037 4338 3054 4375 :
3097 4333 3193 4372 vos
3231 4317 3413 4373 dicitis
3444 4319 3635 4375 Moha-

2045 4408 2259 4461 medcm
2296 4408 2481 4461 vocari
2506 4410 2830 4478 prophetam
2858 4409 2954 4463 Dei
2981 4420 3040 4463 et
3063 4410 3318 4479 legatum.
3346 4408 3631 4466 Undenam

342 4503 652 4556 ἀπόστολον
677 4517 692 4532 ο
732 4503 895 4555 πόθεν
933 4502 1087 4572 ἔχετε
1114 4503 1274 4557 τοῦτο
1304 4504 1513 4570 δεῖξαι,
1546 4504 1640 4556 καὶ
1671 4508 1736 4555 ἐκ
1767 4501 1937 4555 ποίων

2046 4499 2150 4554 hoc
2176 4499 2489 4563 ostenditis,
2514 4509 2571 4555 et
2599 4500 2800 4569 quibus
2841 4501 3102 4555 testibus?
3132 4498 3381 4570 Namque
3426 4512 3486 4557 ut
3512 4518 3635 4557 cer-

349 4595 657 4665 μαρτῦρων
680 4612 698 4657 ;
722 4596 972 4667 ὐρῶμεν
1002 4597 1108 4668 γὰρ
1133 4596 1256 4651 οὔτε
1271 4598 1471 4668 κρίσιν,
1502 4596 1627 4650 οὗτε
1658 4594 1939 4664 συζυγίας,

347 4690 481 4741 οὔτε
533 4686 804 4758 πώλησιν,
858 4687 983 4742 οὔτε
1044 4691 1274 4758 ἀγορὰν,
1325 4688 1450 4741 οὔτε
1508 4687 1789 4759 χωρισμὸν
1850 4703 1943 4738 συο

345 4783 573 4846 ζυγίας,
623 4779 747 4833 οὔτε
792 4780 959 4851 ἀλλην
1000 4782 1099 4851 τὴν
1146 4780 1358 4834 οἰανοῦν
1408 4780 1663 4833 ὑπόθεσιν
1735 4780 1940 4829 ποιεῖτε

374 4872 558 4943 πάρεξ
617 4872 1120 4942 μεμαρτυρημένας
1169 4870 1409 4942 γραφάς.
1475 4870 1533 4924 '0
1579 4869 1634 4923 δὲ
1692 4866 1941 4939 Μωάμεδ

350 4962 538 5032 οὗτος,
585 4965 645 5018 ὃν
696 4964 883 5033 λέγετε
945 4960 1086 5017 εἶναι
1144 4964 1434 5034 προφήτην
1489 4964 1663 5031 ὑμῶν,
1728 4962 1937 5014 παντάο

351 5058 523 5111 πασίν
572 5058 722 5110 ἐστιν
775 5057 1091 5127 ἀμάρτυρος
1140 5057 1234 5110 καὶ
1289 5055 1697 5116 ἀνυπόστατος·
1743 5051 1942 5122 γνώρι·

355 5166 459 5218 μος
488 5148 599 5219 γάρ
632 5151 750 5202 ἐστι
804 5150 957 5219 παρὰ
1019 5148 1234 5202 πάντων
1274 5148 1356 5201 ὅτι
1391 5146 1603 5217 μίσθιος
1633 5140 1699 5215 ἦν
1727 5160 1741 5174 ο
1787 5144 1883 5196 καὶ⁸
1912 5141 1942 5193 6

353 5242 456 5310 τῆς
497 5242 641 5309 ζωῆς
692 5240 860 5293 αὑτοῦ
907 5239 1097 5309 χρόνος
1129 5239 1468 5308 πεντήκοντα
1512 5238 1607 5289 καὶ
1641 5234 1802 5288 πέντε
1845 5231 1940 5303 ἔτη

352 5332 467 5394 ζῶν
499 5335 558 5385 ἐν
596 5333 837 5401 ἁσωτείᾳ
876 5333 973 5383 καὶ
1004 5330 1157 5402 πάσῃ
1187 5326 1500 5399 ἀκαθαρσίᾳ
1531 5324 1942 5395 τεσσαράκοντα

352 5427 476 5494 ἐτη,
507 5423 915 5493 εἰδωλολατρὼν
940 5426 996 5475 ἐν
1025 5424 1173 5492 πάσῃ
1196 5421 1442 5491 ἀσεϐείᾳ.
1476 5420 1557 5471 Τὰ
1581 5418 1638 5471 δὲ
1662 5416 1821 5470 πέντε
1847 5415 1942 5467 καὶ

2039 4592 2250 4656 nimus,
2278 4606 2376 4646 vos
2406 4606 2585 4661 neque
2624 4592 2913 4658 judicium,
2935 4608 3115 4663 neque
3144 4594 3421 4664 conjugia,
3452 4610 3635 4665 neque

2038 4682 2435 4751 venditionem,
2457 4698 2636 4754 neque
2652 4684 3007 4753 emptionem,
3037 4699 3217 4756 neque
3244 4688 3485 4759 conjugii
3523 4688 3636 4743 dis-

2038 4776 2389 4842 solutionem,
2426 4792 2605 4846 neque
2632 4776 2777 4831 aliud
2807 4777 3038 4846 quodvis
3070 4778 3350 4849 negotium
3422 4780 3623 4847 facitis,

2039 4870 2158 4926 sine
2176 4869 2378 4939 scripto
2399 4869 2735 4924 testimonio.
2753 4870 2853 4923 Hic
2875 4880 3057 4923 autem
3078 4868 3444 4937 Mohamedes,
3468 4886 3630 4940 quem

2040 4961 2222 5017 dicitis
2252 4976 2372 5017 esse
2397 4964 2719 5033 prophetam
2742 4974 3012 5026 vestrum,
3045 4977 3271 5030 prorsus
3293 4964 3443 5018 omni
3472 4966 3633 5020 testi-

2040 5054 2228 5108 monio
2266 5060 2418 5109 caret
2473 5064 2528 5109 et
2592 5054 2972 5109 fundamento.
3021 5051 3249 5108 Constat
3291 5056 3437 5110 enim
3491 5058 3632 5127 apud

2040 5160 2234 5200 omnes
2270 5147 2674 5201 mercenarium
2712 5146 2904 5211 fuisse,
2936 5157 2991 5201 et
3014 5149 3159 5217 quod
3186 5158 3358 5204 totum
3380 5149 3502 5204 vitae
3525 5166 3638 5204 sua:

2042 5247 2263 5307 tempus
2305 5238 2703 5309 quinquaginta
2741 5250 2796 5293 et
2816 5239 3061 5309 quinque
3085 5256 3381 5307 annorum,
3411 5243 3465 5293 in
3485 5242 3635 5294 omni

2047 5330 2277 5385 luxuria:
2306 5340 2359 5384 et
2382 5330 2716 5399 impuritatis
2751 5346 2957 5400 genere
3008 5336 3275 5404 exegerit,
3330 5343 3384 5387 et
3414 5335 3636 5402 quidem

2055 5438 2231 5494 usque
2260 5422 2325 5478 ad
2348 5424 2828 5495 quadragesimum
2861 5441 3064 5478 annum
3098 5426 3297 5496 impius
3330 5424 3633 5482 idololatra.

349 5516 487 5570 δέκα
524 5516 623 5586 ιτη
656 5516 863 5587 ήρξατο
896 5515 1357 5585 ψευδοθεοσεϐεῖν,
1388 5514 1542 5583 παρά
1572 5528 1716 5573 τινος
1747 5513 1940 5580 ἀστρο-

2050 5513 2351 5569 Postremis
2382 5530 2515 5569 vero
2544 5516 2859 5584 quindecim
2891 5516 3051 5570 annis
3080 5520 3251 5586 cmpit
3282 5516 3473 5570 falsam
3510 5516 3639 5571 relic

352 5608 521 5679 νόμου
553 5608 815 5679 μοναχοῦ,
843 5607 902 5669 6;
934 5611 1024 5660 καὶ
1048 5606 1210 5670 αὐτὸς
1237 5606 1340 5659 οὐκ
1365 5600 1433 5676 ἦν
1463 5601 1622 5675 ὀρθὸς
1651 5601 1751 5672 τῆς
1784 5600 1943 5669 ὀρθο-

458 5800 503 5833 ¹¹
540 5802 643 5857 lsa.
682 5819 761 5867 ix,
794 5802 887 5868 15,
922 5799 1013 5856 15.
1088 5801 1135 5836 ⁸³
1160 5801 1267 5857 Isa.
1298 5816 1351 5867 ν,
1388 5798 1476 5853 Il.

1588 5797 1634 5831 ιι
1663 5794 1867 5867 Ephes.
1903 5810 1958 5863 ν,
1992 5794 2081 5850 I8.
2160 5795 2206 5827 "
2228 5794 2371 5851 Psal.
2414 5811 2467 5864 τ,
2501 5795 2560 5854 8.

2048 5603 2264 5673 gionem
2295 5604 2500 5670 colere,
2516 5605 2584 5660 ab
2606 5614 2923 5662 astronomo
2952 5606 3184 5676 quodam
3216 5606 3485 5675 monacho
3509 5620 3638 5661 eru-

2674 5796 2717 5829 “
2763 5796 2785 5851 Ι
2853 5795 2978 5852 Cor.
3028 5811 3106 5865 vt,
3146 5793 3313 5867 9,!0.
