4104 6408
470 341 541 401 35
1698 323 2081 388 EUTHYMII
2119 324 2478 384 ZIGABENI
2535 334 2540 338 '
3650 311 3727 374 3‘5

472 453 642 512 ditus,
674 448 766 520 qui
800 462 903 503 nec
933 447 1049 516 ipse
1082 456 1267 501 rectus
1291 451 1410 500 erat
1431 442 1753 500 orthodoxa:
1775 442 1900 497 ﬁdei
1928 441 2047 495 cul-

2183 441 2306 506 όξου
2336 442 2584 507 πίστεως,
2614 438 2726 493 ἀλλ’
2757 440 2820 520 ἐκ
2846 439 2941 508 τῆς
2968 435 3186 508 διδαχῆς
3213 431 3282 508 ἦν
3310 431 3404 487 τοῦ
3425 429 3726 502 Νεστορίου

475 556 580 604 tor.
599 543 694 598 sed
709 558 871 610 prava
890 540 1130 596 Ncstorii
1156 538 1406 594 doctrina
1429 537 1688 606 falsisque
1705 534 2048 606 dogmatibus

474 636 777 699 laborabat,
816 650 977 703 quem
1005 633 1170 686 etiam
1195 631 1544 686 Mohamedes
1601 643 1821 683 meraco
1862 627 2051 681 ebrius

476 728 650 799 gladio
681 741 780 778 suo
811 722 1038 788 occidit;1
1058 737 1220 790 quam
1251 721 1321 775 ob
1357 736 1468 774 rem
1503 718 1611 772 vini
1650 727 1839 788 potum
1874 716 2053 770 inter—

481 817 637 869 dixit.
673 815 801 867 l’ost
822 821 1131 880 susceptam
1170 820 1351 863 autem
1388 818 1612 871 rectam,
1647 815 1705 860 ut
1745 806 1794 859 ei
1835 805 2049 858 videba-

479 917 585 966 tur.
611 905 948 973 religionem,
987 912 1094 955 tota
1131 903 1237 954 vita
1264 901 1385 968 ejus
1413 899 1551 953 nihil
1587 898 1733 951 aliud
1768 896 2052 966 fuitquam

481 997 714 1056 luxuria,
763 993 979 1049 obsceni
1001 1002 1174 1056 actus,
1207 991 1491 1054 adulteria,
1525 987 1890 1042 masculorum
1924 1002 2056 1040 con-

479 1090 720 1148 cubitus,
757 1087 956 1152 caedes,
999 1084 1307 1148 latrocinia,
1344 1082 1576 1149 injuriae.
1605 1082 1668 1134 Et
1699 1080 1743 1133 si
1771 1078 1901 1148 quid
1942 1077 2056 1131 dia—

483 1181 638 1234 bolus
677 1181 800 1233 mali
843 1177 992 1241 fecit,
1034 1179 1086 1230 in
1115 1177 1217 1230 hac
1267 1175 1452 1227 mundi
1478 1172 1739 1236 vanitate,
1779 1171 1833 1224 id
1867 1169 2056 1223 Molta-

485 1274 668 1326 medes
691 1286 906 1340 quoque
940 1268 1201 1338 patravit;
1233 1266 1341 1319 imo
1363 1274 1418 1319 et
1450 1272 1728 1333 parentem
1762 1277 1920 1316 suum
1956 1262 2058 1313 Sa-

484 1376 660 1420 tanam
679 1363 974 1431 superavit:
996 1358 1198 1429 quodsi
1226 1374 1321 1412 vos
1338 1357 1684 1425 negaveritis,
1705 1355 2060 1410 nihilominus

482 1457 732 1510 doctrina
772 1456 890 1523 ejus
929 1454 980 1507 id
1014 1460 1266 1513 testatur,
1295 1460 1350 1505 et
1379 1451 1518 1503 facta
1547 1450 1660 1519 ipsa
1693 1448 2059 1503 conclamant.

484 1551 551 1600 At
604 1563 764 1600 verus
788 1555 974 1598 noster
996 1543 1436 1597 Christianorum
1467 1541 1610 1595 Dcus
1632 1541 1939 1622 injmpuris
1963 1541 2064 1593 hu-

481 1640 726 1706 jusmndi
757 1639 1117 1705 turpibusquc
1153 1633 1466 1687 hominibus
1490 1647 1598 1686 non
1623 1631 1938 1702 requiescit,
1969 1631 2064 1684 sed

482 1730 641 1799 longe
673 1731 740 1782 ab
776 1731 858 1783 his
889 1729 1062 1782 abest.

559 1846 646 1896 14.
682 1843 820 1896 Audi
843 1846 1023 1911 itaque
1049 1842 1291 1910 politiam
1319 1837 1708 1910 ejus,vitteque
1731 1834 2059 1895 mercedem.

490 1946 538 1987 et
565 1935 828 2007 doctrinae
855 1934 1080 1986 exitum.
1117 1933 1203 1986 Ait
1228 1947 1513 1986 numerum
1549 1927 1936 1998 prophetarum
1963 1924 2060 1978 Dei

489 2027 573 2080 sui
605 2026 771 2078 tuisse
794 2033 1014 2078 centum
1039 2033 1092 2076 et
1115 2024 1306 2092 viginti
1333 2030 1573 2090 quatuor
1603 2017 1962 2071 millia.Nunc
1984 2016 2069 2069 di-

489 2118 594 2172 cite
624 2117 755 2170 mihi
792 2135 805 2170 :
840 2116 1011 2170 fuitne
1054 2115 1162 2169 Deo
1193 2115 1457 2169 adversus
1479 2112 1711 2180 aliquem
1762 2109 1987 2172 bellum,
2016 2116 2077 2162 ut

489 2217 570 2262 tot
595 2207 952 2262 auxiliaribus
979 2207 1190 2276 egeret?
1211 2207 1291 2260 An
1311 2204 1627 2258 defecerant
1649 2201 1916 2254 adversus
1941 2215 2068 2253 eum

490 2299 688 2368 angeli,
723 2300 952 2367 ideoque
981 2307 1196 2351 tantum
1224 2297 1376 2366 quasi
1416 2293 1613 2346 vallum
1645 2291 1851 2345 ferebat
1885 2292 2080 2345 ntobi-

493 2405 612 2446 ct-m
659 2391 799 2444 bello
851 2388 1195 2459 Opponeret?
1242 2388 1402 2456 Atqui
1440 2397 1626 2439 nuster
1653 2399 1779 2438 vere
1828 2383 2078 2438 Christns

498 2487 658 2546 Dens,
691 2499 799 2536 uno
833 2492 1174 2536 terraamotus
1219 2481 1329 2534 ictu
1364 2485 1700 2543 consternat,
1738 2475 2078 2530 concutitur-

493 2593 599 2644 que
631 2577 826 2629 malum
860 2591 923 2628 ac
953 2585 1094 2628 terra
1127 2583 1178 2627 et
1211 2589 1332 2642 quae
1353 2573 1406 2624 in
1438 2581 1579 2624 terra
1609 2577 1757 2623 sunt.
1791 2567 2076 2637 Reliquum

495 2678 578 2721 est
607 2680 664 2719 ut
697 2667 828 2719 mihi
863 2666 1270 2727 demonstretis,
1299 2679 1396 2717 cur
1418 2677 1554 2730 opus
1583 2661 1746 2714 fuerit
1773 2670 1991 2712 centum
2017 2673 2080 2713 ac

497 2758 684 2828 viginti
709 2767 940 2825 quatuor
963 2756 1204 2810 millibus
1229 2751 1638 2824 prophetarum?
1651 2751 1920 2805 Caeterum
1942 2749 2081 2804 reci-

501 2858 609 2903 tate
635 2851 790 2902 nobis
821 2848 1038 2901 nomina
1072 2847 1305 2908 illorum,
1336 2855 1388 2899 et
1424 2845 1568 2897 unde
1601 2841 1824 2907 iuerint,
1868 2851 1924 2895 et
1955 2842 2076 2895 illo-

507 2957 629 2994 rum
656 2941 876 3010 patrias.
903 2949 1066 3008 atque
1095 2939 1378 2992 stationes.
1407 2935 1537 2990 Nam
1559 2943 1842 3005 postquam
1865 2933 2083 3004 religio-

502 3047 563 3086 se
607 3033 690 3084 vel
722 3035 904 3101 potius
936 3031 1239 3100 irreligiose
1270 3031 1545 3091 vixerunt,
1595 3033 1807 3080 vestros
1864 3040 2080 3095 quoque

2152 536 2512 604 ἐσφαλμένων
2545 513 2835 603 δογμάτῶν
2863 548 2875 561 ·
2913 531 3096 584 ὅντινα
3129 530 3222 583 καὶ
3262 525 3555 598 μεθυσθεὶς
3587 520 3730 577 οἶνον

2153 628 2390 698 ἄκρατον
2418 627 2708 680 ἀπέκτεινε
2731 627 2796 694 τῇ
2830 621 2992 676 αὑτοῦ
3023 619 3269 692 μαχαίρᾳ
3302 634 3318 649 ο
3347 617 3440 670 καὶ
3465 615 3551 669 διὰ
3574 613 3732 668 τοῦτο

2156 720 2248 772 καὶ
2277 719 2372 789 τὴν
2403 717 2709 771 οἰνοποσίαν
2742 713 3032 768 ἐκώλυσεν.
3067 710 3224 766 Μετὰ
3246 709 3302 762 δὲ
3334 708 3433 780 τὴν
3463 705 3730 760 δοκοῦσαν

2155 810 2318 864 αὑτοῦ
2367 809 2697 876 θεοσέϐειαν,
2741 807 2771 876 ἢ
2823 806 3023 874 μᾶλλον
3066 803 3342 863 ἀσέϐειαν,
3383 801 3504 862 δλος
3548 800 3575 850 6
3623 797 3734 867 βίος

2157 902 2319 957 αὑτοῦ
2350 901 2417 973 ἦν
2447 900 2700 965 άσωτίαι,
2738 899 2967 970 πράξεις
2993 896 3244 965 αἰσχραὶ,
3279 894 3535 964 μοιχεῖαι,
3569 892 3702 961 ἁρσε
3722 918 3734 928 -

2158 996 2442 1060 νοκοιτίαι,
2480 994 2655 1062 φόνοι,
2694 991 2963 1062 ἁρπαγαὶ,
3002 988 3208 1041 ἀδικίαι
3234 1002 3250 1017 ο
3282 986 3375 1039 καὶ
3408 986 3462 1037 εί
3484 1001 3534 1036 τι
3567 982 3735 1036 κακὸν

2160 1086 2417 1156 ἐποίησεν
2453 1086 2488 1137 6-
2502 1083 2744 1145 διάϐολος
2773 1085 2831 1135 ἐν
2861 1081 2939 1153 τῷ
2971 1079 3159 1149 κόσμῳ
3189 1076 3362 1146 τούτῳ
3393 1076 3471 1146 τῷ
3499 1075 3733 1146 ματαίῳ,

2159 1180 2186 1231 6
2210 1175 2452 1244 Μωάμεδ
2480 1169 2636 1238 οὗτος
2665 1173 2942 1244 ἐποίησεν,
2970 1172 3065 1224 καὶ
3096 1170 3176 1222 ἔτι
3211 1168 3373 1221 πλέον
3403 1167 3498 1220 τοῦ
3531 1165 3738 1235 πατρὸς

2163 1272 2326 1326 αὑτοῦ
2364 1271 2457 1325 τοῦ
2499 1271 2732 1324 Σατανᾶ.
2771 1269 2879 1321 Kal
2915 1268 3009 1320 ἐὰν
3047 1267 3204 1334 ὐμεῖς
3237 1262 3560 1335 ἀρνήσεσθε,
3595 1263 3626 1329 ἠ
3659 1261 3739 1314 δι-

2163 1363 2428 1417 δασκαλία
2464 1361 2626 1414 αὑτοῦ
2660 1362 2927 1430 μαρτυρεῖ
2959 1357 3051 1410 καὶ
3084 1357 3183 1427 βοᾷ
3215 1356 3283 1406 τὰ
3320 1354 3643 1423 πράγματα.
3679 1349 3740 1404 ’0

2164 1456 2219 1508 δὲ
2249 1457 2454 1526 ἀληθὴς
2480 1456 2608 1520 Θεὸς
2636 1456 2668 1525 ἠ
2679 1453 2795 1524 μῶν
2823 1453 2933 1504 τῶν
2965 1448 3309 1520 Χριστιανῶν
3337 1450 3394 1500 ὲν
3430 1449 3542 1506 τοῖς
3571 1442 3744 1497 τοιού-

2163 1565 2278 1606 τοις
2317 1547 2625 1617 ἀνθρώποις
2670 1547 2913 1616 αἰσχροῖς
2951 1543 3046 1596 καὶ
3092 1540 3423 1610 ἀκαθάρτοις
3469 1538 3567 1590 οὐκ
3613 1537 3746 1588 ἁνα-

2169 1641 2420 1707 παύεται,
2455 1640 2590 1692 ἀλλὰ
2616 1635 2718 1692 καὶ
2740 1639 2955 1709 μακρὰν
2985 1636 3182 1706 ἀπέχει
3213 1633 3309 1688 ἀπ’
3335 1633 3532 1687 αὐτῶν.

2248 1825 2327 1879 ιδ’.
2363 1825 2631 1878 ’Ἄκουσον
2664 1821 2794 1891 γοῦν
2827 1821 2928 1891 τὴν
2968 1820 3243 1874 πολιτείαν
3277 1820 3369 1872 καὶ
3407 1815 3616 1870 ἔπαθλα
3648 1815 3750 1884 τῆς

2175 1920 2319 1987 ζωῆς
2359 1917 2546 1983 αὐτοῦ,
2586 1917 2682 1969 καὶ
2726 1915 2794 1968 τά
2841 1913 3186 1983 πληρώματα
3226 1913 3324 1981 τῆς
3369 1909 3747 1973 διδασκαλίις,

2175 2009 2426 2076 λέγοντος
2465 2009 2548 2060 ὃτι
2586 2005 2817 2075 ἀριθμὸς
2853 2006 3089 2074 ὑπάρχει
3122 2003 3254 2073 (τῶν
3288 2001 3606 2072 προφητῶν)
3655 2000 3751 2052 106

2177 2099 2312 2152 Θεοῦ
2340 2097 2506 2152 αὑτοῦ
2536 2095 2774 2167 χιλιάδες
2819 2094 3015 2147 ἑκατὸν
3045 2092 3485 2159 εἰκοσιτέσσαρες
3524 2088 3622 2158 (ὃ).
3658 2086 3754 2138 Μ-

2179 2207 2318 2245 πατε
2353 2191 2488 2259 ἡμῖν
2508 2205 2521 2220 ·
2559 2184 2705 2257 εἶχεν
2733 2187 2761 2237 ό
2794 2185 2926 2247 Θεὸς
2957 2182 3102 2236 κατά
3134 2198 3277 2242 τινος
3315 2177 3461 2250 [πόλι
3475 2177 3620 2248 μονῇ,
3657 2176 3756 2230 καὶ

2179 2284 2354 2336 ἐδέετο
2387 2281 2704 2351 συμμαχίας
2735 2278 2991 2346 τοιαύτης
3019 2291 3033 2340 ;
3075 2275 3145 2327 Ἢ
3175 2275 3492 2342 ἀπέστησαν
3522 2269 3671 2340 αὑτῴ
3702 2269 3754 2322 oi

2179 2374 2402 2443 ἄγγελοι
2439 2371 2632 2436 c.6106,
2669 2372 2765 2423 καὶ
2796 2371 2854 2422 ὲν
2883 2367 3064 2436 τούτῳ
3106 2366 3269 2434 ἔφερε
3310 2363 3561 2416 τοσοῦτον
3608 2361 3754 2430 πλῆ-

2181 2467 2271 2527 θος
2313 2463 2600 2534 φωσσάτου
2642 2461 2717 2532 (7)
2771 2461 2906 2531 πρὸς
2951 2458 3012 2511 τὸ
3055 2461 3278 2528 ποιῆσαι
3323 2451 3758 2523 ἀντιπαράταξιν

2183 2557 2458 2626 πολέμου;
2511 2554 2622 2607 Kal
2653 2555 2763 2624 γάρ
2819 2555 2847 2606 6
2891 2553 3164 2623 ἡμέτερος
3217 2548 3469 2617 ἀληθινὸς
3521 2544 3758 2616 Χριστὸς

2181 2653 2208 2704 ό
2238 2649 2370 2710 Θεὸς
2402 2647 2558 2718 ἡμῶν
2585 2649 2671 2700 διὰ
2706 2646 2913 2716 μικρᾶς
2947 2643 3183 2712 στιγμῆς
3215 2637 3440 2710 σεισμοῦ
3475 2635 3761 2691 συστέλλε-

2180 2759 2292 2807 ται,
2335 2743 2427 2794 καὶ
2468 2740 2820 2810 συντρομὰση
2848 2738 2876 2789 6
2909 2736 3134 2807 οὐρανός
3169 2733 3262 2786 καὶ⁸
3296 2734 3328 2801 ἡ
3363 2734 3432 2801 γῆ
3469 2731 3564 2783 καὶ
3597 2729 3664 2782 τά
3697 2729 3761 2779 ὲν

2181 2838 2248 2907 τῇ
2303 2839 2396 2906 γῇ.
2454 2833 2656 2886 Λοιπὸν
2713 2831 2926 2895 δείξατε
2982 2832 3114 2900 ἡμῖν
3171 2828 3254 2889 τίς
3316 2827 3350 2897 ή
3402 2825 3558 2895 χρεία
3617 2822 3762 2892 αῦτη

2182 2927 2290 2980 τῶν
2311 2927 2482 2980 εἴκοσι
2507 2925 2786 2994 τεσσάρων
2811 2926 2903 2978 καὶ
2926 2923 3122 2975 ἑκατὸν
3146 2918 3402 2990 χιλιάδων
3423 2915 3718 2986 προφητῶν
3744 2928 3762 2946 ο

2187 3019 2324 3092 πλὴν
2360 3020 2556 3090 φέρετε
2590 3019 2725 3089 πρὸς
2758 3017 2906 3087 ἡμᾶς
2935 3015 3006 3067 τά
3032 3014 3271 3082 ὀνόματα
3307 3009 3509 3073 αὐτῶν,
3540 3009 3633 3060 καὶ
3661 3005 3765 3059 πό-

499 3099 1004 3193 pseudopmphctas
1034 3099 1404 3176 erudiverunt:
1427 3134 1657 3189 quorum
1683 3117 2073 3187 prophetarum

2183 3111 2274 3164 Θεν
2305 3112 2447 3174 εἰσὶ,
2481 3109 2576 3162 καὶ
2625 3110 2690 3161 ἐκ
2731 3108 2887 3170 ποίας
2915 3107 3120 3176 χώρας,
3154 3105 3246 3157 καὶ
3279 3103 3341 3155 ὲκ
3378 3102 3534 3153 ποίου
3567 3099 3761 3151 τόπου.

503 3217 722 3269 nomina
770 3213 1114 3268 Mohametles
1161 3213 1364 3283 scripta
1405 3211 1690 3280 reperitin
1722 3210 1886 3264 herba
1951 3226 2085 3279 qna-

505 3309 647 3357 dam.
687 3303 912 3357 Ilerbam
935 3304 1075 3356 illam
1114 3304 1332 3365 coemit,
1357 3317 1477 3371 quze
1493 3302 1542 3356 ei
1577 3301 1784 3370 proluit
1821 3301 1888 3355 ad
1933 3316 2084 3355 scor-

507 3394 766 3448 tationem
803 3406 1119 3462 protervam
1149 3401 1204 3446 et
1230 3393 1513 3458 eﬂ‘rcnem,
1543 3393 1680 3446 adeo
1711 3400 1771 3446 ut
1803 3407 2083 3462 nunquam

503 3487 624 3554 ejus
656 3485 923 3554 cupiditas
961 3485 1259 3540 etlascivia
1279 3484 1484 3552 expleri
1516 3484 1778 3553 potuerit.
1813 3481 1926 3538 Cur
1955 3499 2085 3556 ergo

509 3579 784 3632 hominem
822 3578 1119 3646 impurum,
1153 3577 1503 3642 homicidam,
1535 3583 1954 3646 praepotentem,
2003 3591 2088 3629 ra-

509 3687 719 3740 pacem,
755 3673 1042 3737 latronem,
1075 3673 1318 3740 plannm,
1350 3671 1532 3725 dicitis
1562 3669 1886 3739 prophetam
1946 3669 2091 3740 lega-

512 3773 739 3831 tumque
779 3763 899 3816 Dei?
929 3764 1154 3831 etquod
1188 3763 1329 3816 Deus
1376 3762 1624 3831 angelum
1662 3776 1821 3814 suum
1881 3761 2092 3817 miserit

504 3857 577 3910 ad
614 3854 1015 3909 Moiiamedcm?
1041 3857 1173 3919 Quis
1200 3855 1354 3908 adest
1386 3854 1561 3916 testis,
1583 3854 1730 3906 hunc
1771 3867 1803 3907 ι
1830 3852 1942 3908 Deo
1963 3854 2089 3908 mis-

506 3963 629 4002 sum
671 3961 792 4000 esse
821 3947 1144 4016 prOphetam
1179 3961 1242 3998 ac
1293 3945 1566 4014 legatum?
1591 3943 1803 4009 Quibus
1829 3959 1892 3999 ex
1925 3947 2089 4000 mira-

509 4038 654 4093 culis
683 4038 931 4091 ostendis
962 4053 1088 4090 eum
1125 4035 1468 4105 prophetam?
1506 4035 1732 4090 Ubinam
1762 4036 1930 4106 ipsius
1962 4051 2093 4107 pro.

516 4131 740 4199 pbetiaf.’
763 4129 947 4193 Qualis
975 4129 1076 4182 fuit
1133 4129 1307 4198 angeli
1364 4129 1521 4194 visio,
1579 4145 1685 4197 qua
1739 4129 1827 4182 ille
1869 4130 2094 4185 edoctus

491 4224 620 4277 fuit
641 4223 894 4285 scortari,
923 4220 1264 4274 etc-inanium
1311 4234 1493 4289 agere,
1537 4219 1768 4288 aliisque
1807 4220 2093 4291 ﬂagitiosis

515 4315 732 4368 actibus
768 4327 989 4381 operam
1025 4312 1174 4376 dare,
1229 4325 1364 4379 quos
1385 4326 1485 4381 ego
1532 4311 1764 4366 recitare
1803 4313 2095 4380 prohibeor

519 4423 589 4460 ne
611 4415 848 4460 mentem
879 4404 1186 4458 auditorum
1223 4402 1529 4470 inquinent?
1561 4401 1701 4457 Vere
1766 4421 1941 4459 vanus
1979 4421 2099 4460 ves-

521 4509 603 4553 ter
638 4499 798 4562 Deus,
826 4499 1052 4567 ejusque
1088 4497 1334 4566 angelus,
1367 4496 1460 4565 qui
1490 4496 1786 4552 vosdocuit
1824 4513 1988 4553 omne
2013 4513 2100 4569 ge-

520 4605 624 4645 nus
658 4590 888 4642 luxuriae
916 4598 1153 4656 patrare.

2124 4455 2178 4515 D

2190 3203 2300 3254 Kal
2326 3201 2434 3269 γὰρ
2460 3199 2599 3270 μετά
2627 3198 2684 3251 τὸ
2709 3198 3032 3266 θεοσεδῆσαι
3061 3196 3094 3266 ἢ
3133 3194 3333 3264 μᾶλλον
3362 3189 3630 3260 ἀσεϐῆσαι
3656 3189 3769 3240 ἐδί-

2187 3292 2350 3356 δαξαν
2374 3295 2464 3343 καὶ
2488 3291 2613 3353 τοὺς
2640 3289 3090 3360 ψευδοπροφήτας
3120 3286 3304 3355 ὑμῶν’
3333 3277 3406 3337 ὧν
3430 3283 3498 3335 τά
3523 3281 3770 3351 ὀνόματα

2190 3383 2371 3438 αὐτῶν
2433 3382 2542 3436 τῶν
2607 3381 2905 3452 προφητῶν
2969 3375 3095 3448 εὗρε
3169 3377 3533 3446 γεγραμμένα
3583 3376 3642 3425 ὲν
3694 3373 3768 3441 τῇ

2192 3476 2415 3547 βοτάνῃ.
2465 3475 2708 3542 Βοτάνην
2746 3474 3054 3544 ἐξωνήσατο
3109 3467 3564 3538 συμὸαλλομένην
3615 3463 3771 3532 αὗτῴ

2191 3573 2270 3632 είς
2295 3568 2552 3638 πορνείαν
2583 3569 2813 3637 ἄσχετον
2831 3567 2925 3620 καὶ
2950 3565 3272 3628 ἀκόλαστον,
3302 3562 3376 3624 ὡς
3409 3563 3482 3630 μὴ
3510 3558 3766 3628 κορέννυ-

2193 3661 2317 3714 σθαι
2359 3661 2522 3714 αὐτὸν
2570 3661 2669 3728 τῆς
2713 3658 3008 3728 ἐπιθυμίας
3053 3660 3147 3710 καὶ
3188 3657 3286 3725 τῆς
3332 3653 3602 3722 λαγνείας.
3645 3649 3774 3711 Πῶς

2191 3759 2284 3813 οὖν
2315 3759 2599 3830 ἄνθρωπον
2621 3757 2950 3827 ἀκάθαρτον,
2979 3754 3166 3820 φονέα,
3197 3752 3484 3818 δυνάστην,
3515 3746 3772 3817 άρπαγα,

2191 3852 2418 3922 λῃστὴν,
2447 3851 2667 3917 πλάνον,
2697 3849 2887 3918 λέγετε
2913 3847 3075 3900 αὐτὸν
3107 3846 3393 3915 προφήτην
3421 3841 3516 3894 καὶ
3539 3837 3779 3892 ἀπόστο-

2194 3944 2284 3998 λον
2313 3945 2488 4012 Θεοῦ;
2535 3945 2629 3997 καὶ
2667 3944 2750 3996 ὅτι
2789 3941 3110 3995 ἀπέστειλεν
3159 3941 3186 3991 6
3229 3936 3361 3998 Θεδς
3403 3935 3492 3986 τὸν
3537 3929 3776 3999 ἀγγελον

2194 4038 2360 4091 αὐτοῦ
2388 4037 2519 4108 πρὸς
2543 4037 2636 4088 τὸν
2665 4033 2908 4104 Μωάμεδ
2929 4051 2944 4097 ;
2969 4033 3062 4094 Τίς
3083 4034 3231 4084 ὲστιν
3256 4028 3286 4081 6
3317 4024 3614 4098 μαρτυρῶν
3641 4023 3776 4090 περὶ

2195 4130 2414 4196 τούτου,
2440 4130 2522 4182 ὅτι
2553 4130 2617 4181 ὲκ
2644 4129 2779 4181 Θεοῦ
2807 4126 3064 4196 ἐπέμφθη
3097 4127 3383 4196 προφήτης
3411 4121 3505 4175 καὶ
3532 4119 3777 4172 ἀπόστο-

2195 4223 2322 4290 λος;
2361 4223 2456 4275 Ἐκ
2484 4222 2653 4274 ποίων
2682 4219 2924 4291 σημείων
2952 4218 3218 4280 δεικνύεις
3247 4216 3410 4270 αὑτὸν
3445 4213 3775 4285 προφήτηονς

2200 4316 2314 4370 Kal
2345 4316 2448 4368 ποῦ
2479 4317 2621 4368 εἰσιν
2651 4317 2707 4368 αἱ
2729 4315 2896 4369 αὐτοῦ
2923 4316 3286 4385 προφητεῖαι;
3327 4309 3485 4362 una
3504 4306 3596 4360 καὶ
3616 4304 3781 4357 ὁποία

2200 4404 2269 4480 ἦν
2295 4410 2327 4477 ή
2355 4407 2450 4460 τοῦ
2473 4407 2707 4476 ἀγγέλου
2733 4407 2856 4473 θέα,
2885 4407 2954 4459 δι’
2985 4400 3046 4460 οὗ
3079 4387 3332 4473 ἀδιδάχθη
3361 4397 3648 4470 πορνεύειν
3676 4397 3780 4448 καὶ

2205 4502 2706 4575 ἀρσενοκοιτεύειν,
2767 4503 2862 4555 καὶ
2919 4499 3088 4560 ἄλλας
3154 4495 3446 4563 ἀθεμίτους
3511 4489 3779 4561 πράξεις,

2200 4599 2260 4664 ἐξ
2304 4595 2378 4653 ὧν
2399 4601 2460 4652 οὐ
2499 4599 2735 4665 δύναμαι
2761 4595 2941 4662 λέγειν
2979 4593 3067 4644 διὰ
3097 4591 3161 4642 τὸ
3193 4586 3314 4639 νοῦν
3357 4584 3515 4655 ἡμῶν
3555 4579 3784 4652 μολύνε-

527 4706 680 4769 σθαι;
745 4701 986 4772 Ἀληθῶς
1039 4701 1270 4770 μάταιος
1324 4701 1354 4753 ὁ
1407 4701 1537 4764 Θεὸς
1587 4700 1740 4772 ὑμῶν
1792 4703 1887 4755 καὶ
1929 4706 1957 4758 6
1997 4704 2161 4759 αὐτοῦ
2223 4695 2479 4768 ἄγγελος,
2545 4693 2603 4756 ὃς
2645 4689 2891 4754 διέταξεν
2938 4687 3083 4755 ὑμᾶς
3137 4680 3230 4736 τοῦ
3283 4681 3544 4750 πράττειν
3595 4675 3784 4730 πᾶσαν

519 4799 834 4853 ἀκολασίαν.

597 4893 680 4947 15.
711 4892 918 4946 Deinde
965 4891 1096 4946 dicit
1128 4891 1281 4945 vobis
1317 4898 1424 4947 tres
1456 4889 1655 4945 essein
1696 4892 1948 4961 paradiso
1995 4892 2103 4947 flu-

523 4987 661 5047 vios,
693 5000 922 5055 quorum
967 4984 1175 5053 primus
1219 4982 1376 5036 melle
1417 4982 1552 5048 ﬂuit,
1594 4983 1731 5036 alter
1775 4983 1932 5046 lacte,
1977 4983 2104 5038 vino

523 5079 736 5132 tertius.
783 5077 936 5146 Aqua
979 5089 1248 5144 nusquam
1301 5073 1542 5129 est.Jam
1587 5089 1863 5128 meracum
1909 5074 2098 5129 vinum

522 5175 786 5235 bibentes.
811 5173 1119 5226 necessario
1145 5171 1356 5236 ebriati,
1377 5181 1431 5225 et
1459 5173 1663 5239 absque
1693 5185 1862 5224 sensu
1905 5171 2098 5241 jacen-

524 5276 604 5321 tcs
651 5281 775 5319 cum
821 5264 1132 5334 gravedine,
1176 5263 1434 5323 paradiso
1476 5278 1585 5316 non
1634 5263 1912 5326 fruemini,
1957 5277 2096 5331 prte'

526 5366 769 5426 terquarn
792 5357 990 5410 laboris
1019 5354 1204 5424 requie
1229 5374 1240 5408 :
1263 5363 1317 5408 et
1335 5353 1558 5408 honoris
1577 5353 1696 5407 loco
1722 5353 2096 5423 ignominiam,

525 5458 621 5512 pro
673 5459 838 5513 regno
872 5458 1114 5512 poenam,
1149 5459 1506 5512 vermemque
1578 5443 1794 5514 vigilem
1853 5444 2100 5513 experie—

527 5534 683 5618 minl.
709 5533 932 5588 Narrate
965 5534 1121 5590 nobis
1141 5536 1302 5590 etiam
1335 5536 1400 5589 de
1422 5537 1631 5591 camelo
1690 5536 1909 5602 femina,
1939 5552 2099 5604 quam

609 5675 683 5743 (ὓ)
722 5676 812 5729 Sic
873 5677 1230 5731 amrmantem
1266 5679 1783 5732 facitllohametlem
1810 5677 2106 5731 Zamchas-

534 5748 715 5800 cerius
748 5746 890 5812 apud
928 5747 1249 5802 M'r'accium
1279 5749 1336 5799 in
1361 5748 1688 5803 refutatione
1723 5766 1862 5801 sura:
1887 5749 1976 5801 29..

620 5813 697 5882 (7)
754 5817 1042 5868 ιι’ωσσάτον
1123 5818 1465 5881 vocabulum,
1522 5821 1663 5888 quod
1706 5819 1878 5872 Graeci
1947 5817 2109 5870 etiam

2272 4895 2358 4945 ιε’.
2410 4881 2544 4939 Εἶτα
2579 4882 2743 4936 πάλιν
2790 4877 2940 4946 λέγει
2985 4874 3122 4945 πρὸς
3157 4873 3300 4943 ὑμᾶς
3342 4871 3427 4926 ὅτι
3463 4873 3519 4923 έν
3553 4869 3631 4940 τῷ
3669 4883 3786 4920 πα-

2203 4980 2433 5054 ραδείσῳ
2468 4975 2578 5029 εἰσὶ
2627 4975 2777 5045 τρεῖς
2823 4968 3092 5037 ποταμοί·
3134 4966 3164 5018 6
3197 4966 3296 5034 μὲν
3327 4961 3406 5026 εἷς
3435 4963 3545 5033 ῥέει
3578 4963 3719 5028 μέλι,
3753 4963 3784 5013 ὁ

2199 5053 2254 5127 δὲ
2293 5073 2478 5142 ἕτερος
2512 5067 2740 5136 γάλα,’ὀ
2770 5064 2826 5116 δὲ
2868 5063 3053 5132 τρὶτος
3095 5057 3289 5127 μεστὸς
3319 5057 3464 5108 οἴνου
3490 5071 3504 5086 ο
3539 5055 3681 5123 ὕδωρ
3721 5053 3783 5105 δὲ

2202 5167 2472 5234 οὐδαμῶς.
2537 5161 2700 5214 Ἀλλὰ
2748 5159 2838 5210 τὸν
2894 5151 3036 5208 οἶνον
3095 5154 3335 5219 ἄκρατον
3393 5151 3658 5210 πίνοντες,
3719 5146 3783 5210 ἐξ

2205 5259 2449 5326 ἀνάγκης
2487 5255 2550 5306 ὲκ
2591 5252 2691 5320 τῆς
2742 5248 2910 5318 μέθης
2939 5243 3033 5296 τοῦ
3063 5243 3305 5311 ἀκράτου
3335 5237 3481 5291 οἴνου
3534 5238 3591 5286 ὲν
3623 5235 3781 5285 ἀναι-

2209 5323 2414 5418 σθησίᾳ,
2471 5344 2777 5414 κειτόμενοι
2822 5334 3292 5408 καρησαροῦντες,
3338 5330 3494 5382 οὐδὲν
3540 5323 3782 5380 ἀπολαύ-

2207 5457 2358 5494 ουσιν
2383 5441 2441 5491 ὲν
2471 5436 2548 5507 τῷ
2596 5432 2913 5505 παραδείσῳ
2962 5429 3076 5481 ἀλλ’
3118 5429 3148 5495 ἦ
3185 5427 3354 5478 κόπον
3382 5425 3641 5484 ἀνέσεως,
3684 5417 3786 5470 καὶ

2209 5533 2331 5587 ἀντὶ
2360 5530 2525 5602 τιμῆς
2555 5527 2801 5596 ἀτιμίαν,
2836 5528 2925 5577 καὶ
2961 5522 3080 5576 ἀντὶ
3107 5518 3383 5590 βασιλείας
3412 5518 3656 5578 κόλασιν,
3686 5514 3785 5565 καὶ

2209 5675 2382 5728 multo
2421 5672 2761 5742 antiquiores
2811 5664 3103 5736 Euthytnio
3149 5680 3178 5718 a
3227 5661 3434 5716 Latinis
3490 5663 3600 5731 jam
3637 5657 3786 5713 asci-

2211 5756 2420 5800 VCI'iilll.
