4104 6418
313 328 380 391 31
1564 333 2023 402 DISPUTATIO
2061 343 2158 403 DE
2199 325 2402 408 FIDE’.
3538 353 3610 414 33

327 443 598 514 σκώληκα
631 437 732 497 τὴν
769 441 1098 516 ἀκοίμητον.
1136 447 1340 502 Εἴπατε
1377 449 1510 520 ἡμῖν
1547 451 1641 504 καὶ
1674 453 1802 522 περὶ
1833 453 1935 524 τῆς

2019 455 2218 512 .dicitis
2275 459 2332 512 iu
2390 457 2642 529 paradiso
2689 459 2876 517 herbis
2908 463 3096 533 pasci,
3149 479 3270 536 quae
3329 465 3397 523 ab
3454 469 3610 526 initio

326 539 611 607 καμήλου,
643 538 716 610 ἣν
749 537 939 606 λέγετε
971 540 1284 611 νεμομένην
1317 542 1373 594 ὲν
1404 541 1482 613 τῷ
1511 543 1846 614 παραδείσῳ,
1873 544 1920 616 ’ἢ

2031 558 2214 603 creata
2279 550 2599 606 immortalis
2619 566 2742 608 esse
2795 555 2852 607 in
2875 557 3126 624 paradiso
3177 562 3396 625 meruit,
3448 574 3610 631 prout

331 635 452 684 κατ’
481 633 662 701 ἀρχὰς
708 630 994 683 κτισθεῖσα
1041 631 1141 700 τὴν
1188 632 1491 687 ἀθανασίαν
1529 635 1721 688 ἔλαϐεν
1759 640 1816 690 ὲν
1845 636 1924 706 τῷ

337 727 698 797 παραδείσῳ,
749 723 1084 792 ψευδομένου
1133 725 1225 777 τοῦ
1261 726 1418 795 ὑμῶν
1462 733 1777 798 προφήτου,
1830 728 1920 782 τοῦ

335 819 475 872 Θεοῦ
526 819 688 888 ἡμῶν
734 817 1160 887 προπέμποντος
1195 816 1286 871 τδν
1338 817 1508 888 Ἀδὰμ
1560 820 1641 884 εἰς
1678 821 1779 888 τὴν
1818 820 1921 892 γῆν

337 913 400 976 ἐξ
446 906 515 981 ἧς
579 910 847 978 ἐγεγόνει.
919 911 1028 962 Καὶ
1100 908 1289 961 ἔκτοτε
1341 908 1410 962 τὰ
1453 911 1632 964 πάντα
1695 911 1921 966 Θάνατον

338 1005 674 1056 ἐνεδύσαντο
693 1016 706 1029 ·
737 1003 874 1070 μόνη
903 1001 960 1052 δὲ
987 1003 1018 1069 ἡ
1050 1002 1297 1070 κάμηλος
1319 1001 1474 1070 ὑμῶν
1504 1001 1694 1054 ἔλασεν
1720 1003 1924 1057 ἀθανα-

340 1096 493 1149 σίαν.
529 1095 587 1146 Ei
629 1091 721 1146 οὖν
753 1092 1023 1155 ἀθάνατός
1054 1096 1202 1145 ἐστιν
1235 1095 1269 1164 ἡ
1318 1092 1565 1164 κάμηλος
1611 1094 1786 1164 ὑμῶν,
1823 1113 1920 1148 κα-

338 1184 451 1246 θὼς
485 1186 650 1254 ὑμεῖς
699 1201 837 1252 φατε
858 1225 872 1248 ,
919 1183 1070 1246 ἐντὸς
1111 1183 1210 1235 τοῦ
1245 1185 1580 1254 παραδείσου
1605 1224 1620 1248 ,
1650 1187 1772 1238 κατ’
1802 1187 1921 1251 ἔτος

335 1276 688 1344 αὖξανομένη
721 1277 846 1338 τοὺς
877 1273 1166 1338 τοσούτους
1210 1277 1456 1344 χρόνους,
1495 1277 1756 1346 ἐγέμισεν
1793 1278 1858 1330 ἂν
1892 1280 1942 1332 ὁ.

339 1369 678 1438 παράδεισος
706 1370 771 1418 in
810 1364 895 1420 τοῦ
934 1367 1101 1434 ὄγκου
1130 1367 1320 1438 αὐτῆς,
1357 1368 1449 1420 καὶ
1481 1369 1652 1433 οὐδεὶς
1687 1367 1794 1422 τῶν
1822 1370 1917 1422 ἀν-

335 1460 581 1530 θρώπων
609 1459 900 1526 δυνήσεται
931 1456 1194 1510 εἰσελθεῖν
1225 1459 1422 1516 ἐκεῖσε.

584 1547 859 1610 Ὡσαύτως
915 1547 1101 1615 λέγετε
1154 1550 1248 1600 καὶ
1303 1550 1432 1612 περὶ
1479 1547 1574 1602 τοῦ
1633 1550 1774 1616 Μὲκ,
1836 1553 1917 1604 ὅτι

331 1635 483 1699 οἶκος
519 1638 678 1692 Θεοῦ.
724 1638 1014 1705 Λεγόντων
1053 1639 1210 1706 ἡμῶν
1240 1639 1347 1692 τῶν
1393 1641 1738 1712 Χριστιανῶν
1781 1643 1918 1713 πρὸς

331 1734 516 1802 ὑμᾶς,
562 1732 736 1785 Πόθεν
775 1731 1081 1805 ἀπέρχεσθε
1140 1736 1232 1783 καὶ
1292 1737 1648 1804 προσκυνεῖτε
1695 1735 1916 1806 ἡμερῶν

413 1545 512 1610 ις’.

2029 648 2210 692 vester
2239 643 2505 710 propheta
2534 644 2816 698 mentitur:
2860 663 2984 700 nam
3043 660 3192 703 certe
3245 649 3384 705 Deus
3423 663 3612 709 noster

2027 730 2292 784 Adamum
2311 733 2562 800 prazmisit
2583 733 2635 785 in
2663 745 2882 802 terram,
2903 736 2972 790 de
2997 753 3102 807 qua
3118 751 3368 808 sumplus
3411 744 3606 800 fuerat.

2028 821 2105 876 Ex
2144 839 2251 892 quo
2276 833 2521 894 tempom
2554 825 2738 881 omnia
2787 831 2947 883 morti
2994 831 3214 886 fuerunt
3243 837 3497 893 obnoxia.
3523 852 3612 890 so-

2027 915 2186 985 laque
2214 926 2390 970 vestra
2413 919 2654 973 camelus
2680 920 3142 977 immortalitatem
3190 929 3378 980 sortita
3405 935 3510 981 est.
3550 927 3605 981 Si

2027 1021 2154 1077 ergo
2180 1007 2500 1063 immortalis
2528 1020 2612 1064 est
2640 1023 2816 1065 vestra
2853 1015 3110 1080 camelus,
3165 1029 3224 1068 ut
3263 1032 3358 1071 vos
3407 1019 3606 1078 (licitis.

2028 1097 2168 1151 intra
2207 1097 2516 1166 paradisum
2552 1116 2567 1164 ;
2597 1114 2768 1167 eaque
2799 1100 3028 1169 singulis
3079 1103 3234 1156 annis
3281 1121 3376 1173 per
3404 1118 3481 1160 ιοι
3510 1124 3606 1158 sae—

2026 1188 2146 1242 cula
2176 1198 2424 1260 augetur,
2463 1201 2613 1243 certe
2639 1192 2919 1259 paradisus
2942 1195 3184 1262 pondere
3217 1194 3361 1249 illius
3401 1201 3601 1251 labora-

2027 1280 2129 1344 bit,
2165 1280 2458 1349 nullusque
2493 1280 2796 1350 jam;homo
2821 1284 2946 1337 illuc
2970 1285 3174 1356 ingredi
3209 1297 3430 1355 poterit.

2049 1558 2058 1564 '
2098 1545 2184 1600 l6.
2220 1544 2470 1600 Narratis
2499 1547 2704 1615 pariter
2745 1546 2810 1600 de
2852 1548 3056 1612 Mecca,
3101 1549 3243 1618 quod
3299 1550 3387 1602 Dei
3413 1554 3606 1606 domus

2025 1639 2114 1693 sit.
2165 1637 2502 1708 Rogantibus
2531 1645 2681 1692 certe
2715 1653 2808 1692 vos
2842 1641 3183 1705 Christianis,
3216 1657 3453 1710 quonam
3478 1645 3609 1696 ado-

2023 1747 2144 1785 rare
2170 1731 2405 1802 pergatis
2449 1739 2600 1784 tanto
2643 1730 2853 1785 dierum
2900 1733 3119 1802 spatio?
3164 1742 3216 1787 et
3263 1736 3479 1787 ubinam
3537 1735 3607 1788 sit

327 1824 564 1876 τοσοῦτο
601 1825 913 1894 diiungunt;
951 1826 1045 1876 καὶ
1082 1824 1160 1895 πῆ
1190 1820 1282 1877 οὖν
1305 1825 1333 1876 ὁ
1360 1828 1525 1888 τόπος
1550 1828 1790 1894 ὲκεῖνος;
1822 1827 1915 1880 καὶ

2020 1825 2109 1878 ille
2154 1825 2307 1878 locus
2335 1824 2358 1878 ?
2383 1824 2560 1878 dicitis
2607 1826 2784 1890 nobis,
2821 1825 2950 1878 illud
3000 1841 3119 1880 esse
3159 1827 3454 1895 hospitium
3488 1828 3602 1891 Dei,

328 1915 471 1982 προς
511 1917 658 1984 ἡμᾶς
697 1933 835 1985 φατε
878 1918 962 1969 ὅτι
986 1917 1227 1970 omam;
1251 1913 1318 1988 ἦν
1341 1916 1435 1968 τοῦ
1461 1917 1620 1982 Θεοῦ,
1653 1919 1914 1989 κελάρην,

329 2007 364 2076 ἦ
405 2007 689 2076 μαγίρινι,
740 2007 774 2077 ἦ
826 2007 1124 2078 ἀγχούρην,
1169 2007 1202 2076 ἢ
1258 2005 1519 2077 χαζήναν.
1572 2008 1914 2075 Σαφηνίσατε

331 2101 470 2169 ἡμῖν
524 2098 655 2171 περὶ
708 2098 801 2152 τοῦ
854 2100 1100 2153 τοιούτου
1152 2099 1433 2152 ὀσπιτὶου·
1495 2099 1590 2152 καὶ
1665 2100 1783 2162 πῶς
1854 2101 1914 2153 ού

332 2193 641 2255 γινώσκετε
683 2190 772 2242 τὸν
807 2188 978 2258 τάφον
1009 2190 1104 2243 τοῦ
1146 2191 1413 2261 ὑμετέρου
1465 2191 1768 2261 προφήτου,
1820 2191 1916 2243 καὶ

324 2286 530 2351 τιμᾶτε
595 2281 760 2335 αὐτοῦ
829 2283 1057 2353 λεῐιζιανα
1121 2283 1196 2346 ὡς
1267 2285 1549 2354 προφήτου
1628 2285 1722 2336 τοῦ
1774 2281 1920 2336 Θεοῦ

326 2376 428 2428 καὶ
467 2377 793 2428 ἀποστόλου.
835 2373 946 2428 Καὶ
997 2377 1047 2428 εἰ
1095 2376 1194 2445 μὲν
1241 2377 1581 2431 ἀναπαύεται
1628 2379 1655 2430 ὁ
1687 2376 1818 2439 Θεὸς
1856 2378 1913 2429 ὲν

323 2468 405 2536 τῷ
457 2468 692 2538 ἐσπιτίῳ
731 2468 924 2541 ἐκείνῳ
960 2471 1054 2522 καὶ
1109 2468 1273 2537 μόνῳ,
1317 2468 1378 2532 ἐξ
1426 2468 1673 2537 ἀνάγκης
1708 2464 1776 2541 ἦν
1819 2468 1914 2521 καὶ

327 2560 570 2629 φοϐερον
603 2565 903 2631 μυστήριον
959 2565 1016 2614 ὲν
1068 2559 1144 2629 τῷ
1187 2561 1338 2627 τόπῳ
1372 2561 1598 2632 ἐκείνῳ·
1654 2562 1682 2614 ὅ
1724 2578 1774 2613 τι
1811 2560 1913 2616 κᾶν

327 2655 491 2723 ὑμεῖς
541 2653 733 2721 εἴπητε
781 2654 841 2706 τὸ
890 2654 1260 2722 γεγενημένον
1314 2653 1442 2721 περὶ
1483 2651 1576 2704 τοῦ
1611 2653 1910 2722 μαγνήτου,

327 2747 460 2813 περὶ
486 2743 924 2812 πεπλανημένων
952 2745 1272 2813 Θαυμάτων,
1306 2742 1340 2796 ἃ
1381 2743 1582 2806 πάντες
1610 2743 1914 2813 κηρύττου-

328 2853 440 2889 σιν.
485 2834 650 2887 Ἀλλὰ
680 2838 770 2886 καὶ
800 2835 964 2897 αὐτὸς
998 2837 1024 2886 ὁ
1051 2833 1218 2897 κύων,
1251 2834 1278 2885 ὁ
1308 2835 1370 2886 ὲκ
1399 2835 1496 2904 τῆς
1527 2833 1723 2904 λίμνης
1762 2832 1913 2904 ἐξερ-

325 2929 556 2997 χόμενος
589 2927 686 2979 καὶ
723 2928 858 2995 πρὸς
890 2926 1035 2995 ὑμᾶς
1067 2925 1395 2994 ἐπιφοιτῶν,
1420 2923 1478 2977 ὃν
1511 2925 1667 2994 ὑμεῖς
1695 2925 1910 2978 καλεῖτε

322 3020 488 3090 χάριν
531 3018 689 3071 Θεοῦ⁶
742 3019 909 3088 pati-al.
943 3018 1043 3088 τῆς
1088 3019 1345 3089 τοιαύτης
1386 3017 1784 3086 ἀπανθρωπίας
1818 3019 1911 3071 καὶ

323 3111 646 3178 ἁγνωτίαςὶ
698 3109 936 3162 Τοιαῦτα
1005 3113 1113 3162 εἱσι
1167 3110 1260 3162 τοῦ
1321 3112 1600 3180 προφήτου
1651 3109 1805 3180 ὑμῶν
1843 3111 1910 3162 τὰ

320 3203 649 3272 ληρήματα,
682 3202 716 3256 ἃ
742 3203 826 3264 τίς
867 3201 976 3254 τῶν
1011 3200 1070 3255 εὖ
1099 3201 1444 3271 φρονούντων
1485 3201 1774 3270 δυνήσεται
1829 3205 1907 3253 εἰ·

324 3298 483 3364 πεῖν)
519 3296 610 3345 τὸν
643 3293 1027 3364 μεμισημένον
1058 3293 1195 3344 κύνα
1225 3293 1386 3363 χάριν
1412 3292 1570 3344 Θεοῦ.
1601 3293 1711 3346 Καὶ
1748 3293 1910 3348 πάλιν

320 3392 348 3441 ὁ
375 3389 540 3450 αὐτὸς
575 3386 820 3456 Μωάμεδ
846 3385 1088 3438 διδάσκει
1121 3385 1294 3452 λέγων
1318 3385 1400 3438 ὅτι
1427 3384 1578 3447 ἐντὸς
1610 3384 1703 3436 τοῦ
1737 3401 1912 3454 παρα-

327 3477 504 3531 δείσου
559 3477 901 3532 κατενώπιον
953 3476 1088 3528 Θεοῦ
1139 3477 1416 3538 ἀσυνέτως
1465 3477 1560 3528 καί
1600 3477 1912 3545 ὰκορέστως

341 3569 560 3638 πορνικὴ
592 3567 742 3637 μίξις
770 3568 981 3636 γίνεται
1016 3568 1124 3638 (8)°
1167 3567 1421 3638 ὲπιλήψει
1457 3569 1568 3639 γάρ
1600 3585 1666 3638 με
1695 3567 1914 3638 διηγού-

334 3676 493 3727 pawn
522 3663 550 3711 ό
593 3660 821 3729 χρόνος,
857 3659 944 3711 ἵνα
976 3659 1051 3729 μὴ
1085 3659 1179 3712 καὶ
1215 3659 1376 3711 αὑτὸν
1408 3660 1500 3713 τὸν
1527 3660 1666 3729 ἀέρα
1701 3657 1913 3727 μολύνω

325 3751 692 3822 ἐξηγούμενος
724 3752 848 3814 τοὺς
881 3749 1335 3818 πεπλανημένους
1359 3749 1561 3820 λήρους
1585 3751 1680 3802 καὶ
1749 3768 1916 3819 μεμι-

327 3844 601 3912 σημένους
619 3843 810 3909 λόγους
839 3842 934 3894 τοῦ
973 3842 1243 3911 Μωὰμεδ.
1281 3842 1443 3908 Λέγει
1485 3843 1513 3894 ὁ
1561 3842 1912 3912 Σαρακηνός·

323 3935 658 4003 δενικημαι,
694 3935 1005 4003 νενίκημαι.
1034 3928 1104 3984 Ὦ
1138 3933 1250 3996 πῶς
1284 3933 1555 4003 μεγάλη-η
1586 3935 1770 3996 πίστις
1802 3932 1910 3986 τῶν

317 4027 675 4098 Χριστιανῶν
696 4030 709 4081 ι
733 4029 905 4097 Χάριν
931 4024 1024 4081 οὖν
1049 4026 1156 4096 ἔχω
1187 4027 1430 4096 σσιππβρὶ
1459 4027 1555 4096 τῆς
1578 4025 1911 4098 θεογνωσιας

2018 1917 2283 1978 etdicitis,
2313 1917 2365 1969 in
2394 1916 2485 1970 Dei
2525 1917 2823 1985 hospitium
2846 1919 2965 1985 ejus
2987 1919 3215 1981 celarin,
3242 1929 3296 1972 et
3319 1920 3604 1990 magirion.

2018 2021 2074 2065 et
2125 2009 2378 2077 achurin,
2405 2021 2458 2065 et
2505 2011 2802 2066 cbazenan.
2863 2011 3162 2080 Explanate
3233 2013 3411 2074 nobis,
3459 2027 3606 2080 quae-

2017 2117 2225 2165 sumus,
2276 2103 2401 2172 quid
2427 2105 2497 2159 sit
2541 2103 2642 2158 hoc
2674 2103 2966 2172 hospitium
3017 2113 3115 2156 :et
3160 2105 3432 2172 quomodo
3483 2119 3609 2172 pro-

2017 2194 2194 2262 phetae
2225 2195 2388 2248 vestri
2430 2195 2739 2263 sepulcrum
2785 2195 3064 2265 ignoretis,
3087 2205 3143 2250 et
3181 2199 3300 2268 ejus
3351 2199 3609 2268 reliquias

2017 2286 2292 2340 honoretis
2321 2295 2379 2339 ut
2409 2288 2498 2340 Dei
2527 2289 2803 2356 propheta:
2825 2300 2986 2356 atque
3018 2289 3198 2358 legati.
3219 2290 3285 2343 Et
3313 2293 3592 2360 siquidem

2012 2377 2223 2429 habitat
2271 2375 2415 2430 Deus
2461 2376 2515 2429 in
2569 2377 2659 2430 illo
2707 2377 2964 2446 hospitio,
2999 2379 3308 2431 necessario
3356 2389 3596 2432 tri-men-

2016 2469 2144 2523 dum
2175 2467 2492 2537 mysterium
2519 2478 2604 2521 est
2630 2468 2682 2521 in
2710 2468 2936 2522 locuillo
2960 2485 2974 2522 :
3003 2469 3264 2538 quidquid
3289 2485 3389 2523 vos
3415 2471 3608 2526 dicatis

2015 2562 2082 2616 de
2109 2563 2172 2614 iis
2198 2577 2316 2631 quae
2355 2561 2462 2615 illic
2504 2561 2638 2615 ﬁunt
2664 2577 2758 2630 per
2797 2572 3106 2629 magnetem
3154 2563 3433 2632 prodigiis,
3477 2580 3598 2632 quce

2023 2668 2213 2707 omnes
2234 2653 2542 2707 buccinant.
2580 2651 2687 2706 Sed
2719 2661 2774 2707 et
2807 2655 2921 2722 ipse
2937 2655 3184 2708 eanisde
3213 2664 3405 2724 stagno
3430 2671 3608 2708 emer-

2015 2760 2149 2813 gens
2191 2753 2245 2798 et
2274 2746 2343 2798 ad
2376 2759 2471 2798 vos
2523 2744 2823 2813 profectus,
2875 2761 3038 2814 quem
3091 2760 3188 2800 vos
3226 2743 3322 2800 Dei
3369 2748 3601 2814 gratiam

2014 2835 2313 2904 appellatis.
2343 2833 2498 2904 Papae
2523 2845 2724 2890 tantam
2745 2837 3196 2891 inhumanitatem
3221 2847 3276 2890 et
3301 2839 3599 2892 inscitiam!

2014 2920 2108 2975 lla:
2165 2931 2293 2975 sunt
2325 2924 2602 2992 prephetaa
2636 2925 2802 2978 vestri
2835 2941 3010 2996 nugae,
3045 2943 3180 2995 quas
3229 2943 3454 2980 narrare
3482 2929 3604 2995 quis

2019 3016 2278 3068 cordatus
2309 3017 2513 3084 queat?
2573 3017 2993 3072 abominabilem
3026 3035 3222 3089 uetnpe
3261 3036 3451 3074 canem
3479 3036 3601 3074 esse

2014 3107 2236 3177 gratiam
2261 3107 2352 3161 Dei
2387 3112 2400 3162 l
2435 3108 2567 3164 Item
2600 3110 2949 3168 Mohamedcs
2972 3127 3071 3166 vos
3092 3112 3270 3175 docet,
3313 3113 3454 3165 intra
3503 3127 3602 3181 pa-

2014 3201 2253 3254 radisum
2302 3211 2428 3254 ante
2454 3213 2806 3272 conspectum
2859 3205 2948 3258 Dei
2982 3205 3176 3257 stolide
3204 3213 3257 3258 et
3310 3205 3601 3257 insatiabi-

2011 3291 2134 3346 liter
2173 3290 2532 3346 l'ornicariam
2593 3296 2841 3362 copulam
2906 3293 3260 3362 frequentari.
3331 3293 3602 3347 Dcstituet

2012 3396 2099 3437 me
2128 3393 2341 3455 tempus
2371 3385 2493 3439 talia
2550 3395 2883 3443 narrantem.
2927 3385 3216 3454 ipsumque
3273 3401 3455 3439 acrem
3512 3386 3603 3438 itt-

2012 3475 2376 3544 qu-inaverim,
2404 3475 2449 3527 si
2475 3475 2661 3544 plenas
2692 3475 2925 3528 falsitate
2949 3488 3138 3543 nugas,
3163 3484 3218 3527 et
3242 3472 3606 3527 detestabiles

2018 3566 2353 3621 Mohamedis
2368 3581 2646 3620 sermones
2671 3566 2872 3620 referre
2889 3567 3071 3618 velim.
3107 3568 3240 3618 Dicit
3267 3564 3605 3618 Saracenus:

2021 3658 2210 3714 Victus
2245 3675 2388 3720 sum.
2425 3674 2621 3712 manus
2653 3659 2741 3711 do.
2776 3657 2948 3721 Quam
2999 3671 3194 3723 magna
3226 3664 3312 3708 est
3341 3653 3601 3706 Christia-

1969 3768 2216 3827 l.norum
2254 3753 2384 3805 lides
2409 3752 2420 3803 l
2447 3751 2562 3820 Ago
2603 3750 2763 3821 igitur
2811 3750 2904 3803 tibi
2932 3750 3134 3819 gratias
3163 3749 3228 3801 de
3268 3748 3368 3800 hac
3400 3747 3601 3799 tradita

2020 3843 2156 3897 mihi
2189 3843 2280 3896 Dei
2315 3843 2529 3906 notitia,
2555 3855 2588 3894 o
2619 3842 2780 3894 homo
2804 3840 2921 3893 Dei.
2949 3839 3081 3891 Nam
3113 3853 3231 3906 qua:
3269 3852 3365 3890 vos
3396 3836 3601 3897 dicitis,

2020 3950 2052 3990 ο
2083 3933 2396 4000 Christiani,
2427 3947 2548 3986 vera
2581 3940 2728 3986 sunt.
2765 3930 2906 3984 Deus
2933 3930 3050 3998 ipse
3095 3928 3270 3982 testis.
3308 3924 3590 3980 Adesdum
3647 3967 3649 3969 .

2018 4043 2052 4086 ο
2081 4027 2175 4082 Dei
2211 4026 2436 4101 (inluuie,
2472 4023 2797 4093 baptismum
2832 4022 2963 4075 mihi
2997 4020 3327 4087 impertitor.

316 4125 564 4195 ταύτης,
597 4120 642 4178 ὣ
698 4123 793 4176 τοῦ
845 4124 981 4177 Θεοῦ
1029 4124 1308 4196 ἄνθρωπε·
1343 4124 1414 4177 τὰ
1457 4125 1564 4196 γὰρ
1609 4123 1743 4196 παρ’
1793 4127 1949 4198 ὑμῶν
2002 4127 2275 4199 λεγόμενα
2331 4125 2441 4179 τῶν
2491 4121 2831 4194 Χριστιανῶν
2883 4119 3059 4190 ἁληΟῆ
3115 4120 3288 4169 εἰσιν·
3333 4114 3534 4184 Κύριος
3569 4110 3600 4162 6

316 4219 454 4281 Θεὸς
488 4221 766 4288 μαρτυρεῖ
785 4231 804 4249 ⁸
823 4222 917 4273 καὶ
937 4219 1117 4290 δεῦρο,
1151 4219 1305 4273 δοῦλε
1333 4217 1490 4287 Θεοῦ,
1531 4219 1794 4290 βάπτισόν
1823 4238 1914 4291 με.

395 4422 527 4475 Dixi
565 4422 806 4490 superius
838 4437 920 4475 me
952 4419 1274 4490 Panopliam
1305 4422 1593 4491 quamdam
1631 4422 1882 4476 adversus
1915 4419 2243 4475 Hohamedis
2291 4424 2492 4472 sectam
2533 4418 2628 4468 hoc
2669 4412 2932 4468 uolumine
2964 4411 3296 4474 instruxisse,
3353 4410 3598 4480 Αιιαηιεη

324 4518 567 4585 reliquus
619 4525 694 4567 est
749 4515 804 4566 in
839 4515 946 4568 alio
977 4515 1152 4566 codice
1190 4513 1447 4568 Vaticano
1502 4514 1754 4584 Dialogus
1807 4511 2095 4570 Christiani
2128 4510 2354 4564 hominis
2404 4524 2522 4563 cum
2557 4505 2860 4569 lsmaelita,
2895 4503 3044 4570 cujus
3081 4513 3255 4555 tamen
3292 4516 3382 4567 ego
3412 4499 3599 4568 scripti

317 4613 534 4666 nonnisi
585 4613 734 4662 breve
770 4611 1033 4676 specimen
1073 4610 1359 4683 proferam,
1391 4626 1454 4663 ne
1482 4608 1640 4679 plura
1671 4609 1849 4678 capita
1879 4607 2162 4669 cumulem,
2191 4619 2306 4675 qua:
2347 4603 2559 4657 easdem
2599 4603 2706 4672 fere
2745 4600 3058 4669 objectiones
3090 4597 3449 4666 responsiones
3467 4612 3590 4666 que,

319 4705 549 4758 mutatis
575 4700 767 4768 verbis,
799 4703 1086 4755 continent.

353 4887 708 4942 ΔΙΑΛΕΞΙΣ
736 4888 1199 4941 ΧΡΙΣΤῙΑΝΟΥ
1232 4861 1363 4940 ΚΑΙ
1406 4885 1884 4939 ΙΣΜΑΗΛΙΤΟΥ
1917 4879 2000 4937 ΔΓ
2038 4876 2695 4935 ΕΡΩΤΑΠΟΚΡῙΣΕΩΝ
2745 4876 2931 4930 ΠΕΡΙ
2995 4877 3129 4932 ἸΗΣ
3168 4879 3567 4933 ΑΜΩΜΒΤΟΥ

1463 4979 1784 5032 ΠΙΣΤΕΩΣ
1823 4978 1962 5031 ἸῺΝ
1992 4971 2458 5030 ΧΡΙΣΤΙΑΝΩΝ.

328 5114 686 5172 οιλιοειιδ
722 5110 1142 5172 CHRISTIANI
1191 5114 1340 5172 CUM
1385 5112 1781 5170 ISMAELITA
1835 5108 1981 5165 PER
2021 5104 2692 5164 INTERROGATIOA’ES
2744 5103 2839 5160 ET
2891 5094 3459 5160 RESPONSIONES
3499 5103 3598 5158 DE

1169 5201 1878 5260 IRREPREHENSIBILI
1916 5199 2490 5256 CHRISTIAA'ORUM
2534 5196 2741 5252 FIDE.

403 5416 467 5468 Ὀ
497 5414 728 5469 ΧΡΙΣΤ.
781 5412 1096 5485 Ὁμολογεῖς
1137 5410 1229 5464 τὸν
1275 5408 1516 5482 Χριστὸν
1543 5405 1687 5464 εἶναι
1731 5407 1904 5476 Λόγον

315 5515 414 5570 καὶ
444 5510 675 5581 Πνεῦμα
702 5507 863 5573 Θεοῦ,
888 5508 966 5570 ὡς
995 5508 1197 5577 λέγεις,
1228 5503 1478 5571 κτιστόν;

386 5738 464 5808 t8)
499 5738 617 5791 hoc
649 5747 952 5809 perperam
988 5729 1254 5809 imputari
1301 5745 1504 5809 corano
1532 5729 1600 5785 ab
1647 5727 1917 5809 imperitis

316 5800 528 5882 legendi
574 5800 855 5864 Arabieos
886 5802 1056 5859 libros
1073 5800 1302 5870 Crtecis,
1322 5803 1434 5874 jam
1474 5800 1818 5858 ostendimus
1849 5800 1906 5853 in

2083 5403 2360 5460 CllRlST.
2384 5402 2594 5458 Fateris
2632 5403 2868 5460 Verbum
2894 5403 3268 5474 Spiritumque
3307 5401 3401 5456 Dei
3433 5402 3592 5457 [λιιι-ὶ-

2013 5509 2158 5554 stum
2190 5512 2334 5564 esse,
2363 5512 2522 5566 quem
2563 5504 2746 5552 tamen
2775 5507 3016 5553 creatum
3046 5495 3181 5550 dicis
3209 5494 3234 5547 ἲ

2027 5725 2472 5852 εὲιιιοεέιιίοηῑϋιιε
2522 5724 2586 5778 ad
2618 5722 2863 5779 Nicetam
2924 5724 3302 5795 Byzantinum,
3372 5741 3426 5796 p.
3473 5725 3599 5791 5l9,

2027 5813 2044 5850 ι
2089 5813 2141 5850 n.
2176 5802 2184 5821 ‘
2218 5836 2231 5852 .

2015 5802 2141 5852 adn.
2176 5802 2231 5852 ‘2.
