4104 6406
493 313 570 378 39
1474 353 1482 359 .
1753 303 2147 371 EUTHYMII
2176 308 2542 374 ZIGABENI
3705 311 3779 377 60

563 423 953 482 ISMAELITA.
983 423 1184 494 Utique
1215 422 1295 481 sic
1333 437 1458 480 eum
1487 422 1610 480 dico
1631 421 1700 479 ".
2115 433 2162 488 Α

2115 433 2162 488 Α
2282 424 2342 478 Ὀ
2379 425 2832 484 ΙΣΜΑΗΛΙΤΗΣ.
2880 427 2990 484 Ναὶ
3013 428 3185 491 οὕτως
3205 424 3352 497 λέγω
3378 426 3559 484 αὐτόν.

561 517 672 572 C‘ll.
734 517 916 586 ipsum
951 531 1081 572 vero
1112 515 1306 582 Deum,
1341 525 1662 572 creatumne
1695 511 1834 570 dicis
1883 527 1950 568 au
1999 513 2088 567 in-

2010 513 2088 567 in-
2264 520 2332 573 Χ.
2376 519 2488 572 Kal
2517 518 2609 573 τὸν
2633 518 2767 572 Θεὸν
2799 519 3015 573 κτιστδν
3044 519 3246 588 λέγεις,
3275 518 3309 590 ἢ
3340 518 3631 584 ἄκτιστον;

495 616 742 663 creatum
767 607 789 660 τ

567 701 584 754 ι
606 701 796 754 .Deum
832 699 1134 755 incrcatum
1162 699 1267 753 aio.

2265 701 2310 754 1.
2349 701 2639 754 ’Λκτιστον
2672 700 2815 769 λέγω
2847 699 2938 754 τὸν
2975 699 3129 754 Θεόν.

567 791 678 845 Cll.
727 791 1035 860 Spiritalem
1091 789 1520 860 rationalemque
1583 787 1725 844 dicis
1784 785 1979 850 Deum,
2018 801 2087 840 an

2262 793 2330 846 X.
2367 792 2655 862 Ἐμπνουν
2685 792 2781 846 καὶ
2820 790 3038 860 λογικὸν
3063 790 3254 846 τοῦτον
3279 791 3371 847 τὸν
3393 789 3526 845 Θεὸν
3560 789 3736 861 λέγεις
3756 834 3771 860 ,

498 896 659 937 secus
686 883 710 933 2

2191 882 2361 950 ῆοῦς

686 883 710 917 9

566 897 946 1022 SSpiritalem
973 968 1035 1007 ac
1073 952 1449 1008 rationabilem
1478 951 1585 1006 aio.
2072 985 2075 988 -

2261 883 2322 938 οὗ
2347 901 2360 914 ’

1799 1043 1809 1046 Α
1851 1041 1862 1046 _
2072 985 2075 988 ·
2191 883 2226 955 ἢ
2265 979 2310 1033 ι,
2346 925 2631 1046 ἷΈμπνουν
2661 975 2756 1028 καὶ
2781 973 3000 1042 λογικὸν
3027 973 3218 1028 τοῦτον
3244 974 3408 1045 λέγω.

480 1093 488 1110 ,
569 1042 679 1097 CH.
730 1045 843 1114 Age
921 1060 1048 1100 vero
1105 1044 1354 1098 Chistum
1425 1043 1664 1098 Verbum
1699 1040 2092 1123 _Spiritumque

2264 1071 2333 1124 X.
2369 1040 2479 1123 καὶ
2507 1069 2597 1120 τὸν
2620 1040 2865 1137 Χριστὸν.
2901 1065 3073 1134 Λόγον
3105 1067 3200 1120 καί
3228 1040 3457 1136 Πνεῦμα
3485 1063 3580 1119 τοῦ
3607 1063 3772 1120 αὐτοῦ

502 1131 665 1203 hujus
690 1133 779 1188 Dei
811 1135 1058 1200 increati,
1095 1134 1356 1204 spiritalis
1388 1149 1452 1188 ac
1482 1133 1762 1188 rationalis
1818 1132 1980 1197 dicis,
2014 1147 2085 1187 an

2193 1162 2328 1216 Θεοῦ
2356 1161 2535 1229 λέγεις
2563 1160 2658 1214 τοῦ
2674 1131 2948 1214 ⁷ἁκτίστου
2977 1131 3071 1210 ναὶ
3098 1157 3304 1230 ἐμπνου
3347 1131 3442 1214 καὶ
3470 1158 3715 1228 λογικοῦ,
3740 1157 3774 1229 ἢ

498 1226 728 1280 alterius
763 1225 854 1279 Dei
877 1227 899 1278 ?

1001 1313 1012 1318 _
1207 1311 1235 1318 _
1284 1310 1295 1318 ,
1335 1312 1348 1318 _
1680 1309 1715 1318 ,,
2192 1254 2354 1310 ἄλλου
2383 1225 2555 1318 Θεοῦ;

569 1312 610 1366 l.
646 1313 892 1367 Profecto
923 1313 1151 1383 hujusce
1203 1310 1297 1366 Dei
1334 1312 1480 1365 hunc
1507 1324 1631 1367 esse
1664 1309 1788 1366 dico
1841 1318 1897 1364 et
1951 1324 2087 1364 cono

2263 1346 2308 1400 Ι.
2350 1345 2458 1399 Ναὶ
2487 1309 2582 1397 τοῦ
2611 1343 2778 1398 αὑτοῦ
2813 1343 2949 1399 Θεοῦ
2979 1343 3168 1399 τοῦτον
3205 1342 3350 1411 λέγω
3372 1340 3470 1396 καὶ
3498 1340 3773 1412 ὁμολογῶ.

499 1407 676 1462 fiteor.

567 1502 678 1558 Cll.
707 1502 1214 1574 Contingititaque,
1260 1503 1480 1559 utDeus
1508 1503 1808 1571 increatus,
1840 1504 2096 1575 spiritua-

2265 1504 2336 1558 Χ.
2367 1503 2478 1556 Καὶ
2502 1501 2711 1570 γίνεται
2759 1501 3018 1565 ἄκτιστος
3059 1500 3191 1564 Θεὸς
3227 1499 3470 1570 ἔμπνους
3508 1499 3603 1553 καὶ
3630 1515 3777 1566 λογι-

499 1595 568 1648 lis
624 1611 689 1650 ac
738 1597 1060 1662 rationalis,
1115 1607 1176 1652 ut
1219 1598 1420 1668 inquis,
1453 1609 1620 1668 utque
1688 1597 1794 1652 dici
1840 1612 1938 1666 par
1987 1605 2094 1660 est,

2194 1594 2310 1660 κδς,
2350 1595 2423 1656 ὡς
2465 1593 2669 1662 λέγεις,
2704 1593 2848 1646 καθὰ
2876 1593 2980 1658 ἔνι,
3031 1592 3177 1663 ἔχειν
3207 1591 3380 1660 Λόγον
3413 1591 3508 1644 καὶ
3551 1589 3777 1660 Πνεῦμα

499 1687 734 1743 Verbum
766 1690 963 1745 habeat
991 1697 1049 1745 et
1099 1691 1359 1760 Spiritum
1398 1691 1728 1744 increatum.
1762 1689 1904 1746 Ecce
1941 1689 2086 1744 enim

2194 1687 2410 1742 κτιστόν
2434 1703 2448 1718 '
2480 1687 2587 1740 ἰδοὺ
2615 1686 2899 1756 ὁμολογεῖς
2926 1683 3059 1738 Θεὸν
3089 1686 3368 1748 ἄκτιστον,
3411 1683 3657 1754 ἔμπνουν
3686 1685 3779 1736 καὶ

501 1795 625 1835 cum
675 1782 895 1838 fatearis
952 1784 1119 1836 Deum
1174 1785 1475 1836 increatum
1529 1782 1620 1846 ",
1667 1781 1965 1852 Spiritalem
2023 1798 2088 1836 ac

2156 1785 2165 1833 ι
2198 1778 2446 1848 λογικόν·
2499 1778 2622 1831 ἐπεὶ
2670 1777 2727 1830 δὲ
2768 1777 2859 1830 τδν
2890 1777 3063 1844 Λόγον
3092 1775 3186 1828 καὶ
3219 1776 3279 1826 τὸ
3333 1773 3562 1844 Πνεῦμα
3613 1773 3777 1828 αὐτοῦ

502 1875 820 1928 rationalem
848 1893 862 1940 ;
897 1883 1081 1943 postea
1129 1889 1260 1928 vero
1294 1873 1529 1928 Verbum
1562 1875 1681 1944 ejus
1705 1889 1768 1928 ac
1820 1873 2085 1943 Spiritum

2196 1871 2415 1926 κτιστδν
2476 1869 2680 1938 λέγεις,
2736 1870 2844 1940 ἄρα
2896 1865 2991 1920 καὶ
3041 1860 3196 1930 οὗτος
3256 1865 3452 1936 ἄλογός
3508 1867 3627 1918 ὲστι
3681 1864 3779 1918 καὶ

505 1973 747 2018 creatum
789 1966 959 2029 dicas,
1005 1965 1252 2035 sequitur
1283 1975 1344 2020 ut
1376 1965 1518 2020 Deus
1548 1979 1764 2036 quoque
1802 1965 2092 2020 irrationa-

1058 1965 1252 2035 :quitur
1283 1975 1344 2020 ut
1376 1965 1518 2020 Deus
1548 1979 1764 2036 quoque
1802 1965 2092 2020 irrationa-
2197 1963 2424 2027 ἄπνους,
2457 1978 2512 2016 κ.
2545 1979 2596 2014 τ.
2629 1962 2679 2014 λ.

503 2053 573 2109 iis
600 2068 654 2108 ct
683 2056 801 2110 sine
825 2055 1016 2125 Spiritu
1053 2057 1145 2122 sit,
1178 2067 1285 2112 etc.

581 2147 618 2203 Ι.
649 2147 870 2202 Mariam
915 2149 1122 2204 dicisne
1175 2149 1459 2220 virginem,
1505 2157 1560 2205 et
1613 2150 1818 2220 absque
1887 2151 2097 2207 semine

2273 2151 2316 2204 ι.
2380 2149 2493 2220 Τὴν
2526 2147 2763 2220 Μαριὰμ
2807 2145 3075 2217 παρθένον
3114 2142 3319 2210 λέγεις,
3352 2139 3446 2194 καὶ
3483 2138 3613 2193 ἄνευ
3645 2153 3780 2190 σποο

506 2241 780 2294 Christum
813 2242 1083 2311 genuisse,
1127 2251 1180 2296 et
1224 2253 1507 2312 postquam
1539 2243 1688 2298 hunc
1732 2245 1964 2314 peperit,
1995 2244 2103 2300 vir-

2207 2237 2305 2307 ρᾶς
2333 2237 2591 2304 γεννῆσαι
2621 2235 2712 2288 τὸν
2754 2233 3009 2300 Χριστὸν,
3041 2233 3136 2286 καὶ
3164 2231 3348 2295 πάλιν,
3393 2226 3531 2299 μετὰ
3563 2226 3625 2280 τὸ
3653 2243 3781 2296 γενο

508 2333 688 2404 ginem
723 2336 1108 2402 permansisse,
1138 2350 1310 2389 necne
1337 2334 1361 2388 Ἰ

2199 2329 2359 2397 νῆσαι
2388 2327 2596 2392 τοῦτον,
2631 2327 2904 2397 παρθένον
2945 2324 3230 2395 μείνασαν,
3256 2321 3289 2392 ἢ
3318 2318 3415 2385 ob;

577 2421 689 2476 CH.
717 2422 860 2478 Sane
900 2425 1042 2478 hanc
1071 2424 1334 2493 virginem
1365 2423 1509 2491 dico,
1558 2432 1614 2480 et
1661 2425 1863 2495 absque
1891 2423 2100 2478 semine

2270 2419 2340 2472 X.
2381 2418 2492 2472 Ναὶ
2540 2417 2812 2488 παρθένον
2850 2417 2994 2485 λέγω
3020 2414 3246 2482 ταύτην,
3278 2413 3371 2464 καὶ
3399 2409 3530 2464 ἄνευ
3570 2408 3779 2481 σπορᾶς

507 2511 784 2566 Christum
813 2514 1067 2582 genuisse
1103 2530 1119 2581 ;
1155 2523 1211 2568 ct
1237 2523 1363 2585 post
1395 2524 1610 2584 partum
1673 2515 1935 2586 virginem
1972 2530 2100 2584 per-

2197 2511 2459 2579 γεννῆσαι
2481 2512 2574 2562 τὸν
2603 2508 2862 2581 Χριστὸν,
2895 2509 2990 2561 καὶ⁵
3022 2506 3161 2578 μετὰ
3190 2505 3288 2574 τὴν
3326 2502 3582 2570 γέννησιν
3609 2500 3777 2554 πάλιν

511 2618 800 2659 severasse
835 2607 897 2672 ¹⁹,
929 2614 1036 2661 etc.

2199 2603 2468 2676 παρθένον
2495 2603 2782 2674 μείνασαν,
2805 2617 2861 2655 κ.
2888 2617 2941 2656 τ.
2967 2599 3016 2653 λ.

582 2720 626 2751 ⁸⁷
663 2721 793 2775 Sur.
826 2719 917 2786 lll,
952 2721 1046 2776 45.
1128 2719 1172 2752 ³⁸
1200 2721 1328 2777 Sur.
1359 2739 1413 2791 v,
1443 2721 1534 2789 84,
1573 2723 1699 2779 125.
1803 2723 1846 2755 ι’
1879 2720 2006 2776 Sur.
2046 2735 2158 2787 ut,
2198 2720 2289 2777 9i.

897 2877 3766 2906 *m—mﬂmﬂ

1243 3073 2018 3195 ΕΥΘΥΜΙΟΥ
2147 3069 3035 3187 ΖΙΓΑΒΗΝΟΥ

1737 3288 2032 3338 ΕΛΕΓΧΟΣ
2081 3286 2195 3336 ΚΑΙ
2225 3287 2556 3336 ΘΡῙΑΜΒΟΣ

513 3422 653 3477 ΤΗΣ
678 3423 1102 3479 ΒΛΛΣΦΗΜΟΥ
1132 3423 1251 3480 ΚΑΙ
1283 3423 1720 3478 ΠΟΛΥΕΙΔΟΥΣ
1749 3423 2078 3476 ΛΙΡΕΣΕΩΣ
2113 3422 2134 3474 ’1

2160 3422 2250 3475 ΩΝ
2280 3422 2508 3476 ΛΘΕΩΝ
2549 3422 3072 3485 ΜΑΣΣΑΛΙΛΝΩΝ,
3119 3423 3236 3478 ΚΑΙ
3279 3423 3416 3477 ΤΩΝ
3447 3421 3781 3480 ΦΟΥΝΔΔΙ-

776 3518 938 3586 ΤΩΝ,
971 3519 1092 3573 ΚΑΙ
1127 3518 1526 3574 ΒΟΓΟΜΙΛΩΝ
1559 3517 2068 3584 ΚΔΛΟΥΜΕΝΩΝ,
2101 3517 2225 3570 KAI
2278 3514 2606 3580 ETXITDN,
2655 3517 2778 3570 KAI
2825 3513 3368 3582 ΕΝΘυΥΣιΑΣΤοΝ,
3397 3515 3518 3569 ΚΑΙ

1505 3611 1997 3681 EFKPATHTQN,
2039 3615 2165 3672 ιω
2216 3612 2769 3669 ΜΔΡΚΙΩΝΙΣΤΩΝ.

523 2890 880 2903 -σ--σ-ρ

520 2895 3464 2926 W

1369 3965 2097 4084 EUTHYMII
2232 3919 2907 4084 ZIGABENI

1671 4191 1899 4248 CONFU
1911 4189 2120 4247 ΤΛΤΙΟ
2158 4189 2247 4248 ΕΤ
2284 4193 2464 4250 [ἐνΕῆ
2474 4194 2583 4250 810

515 4336 756 4399 ltille
831 4333 1558 4417 E';___M_UL_'[ttht;ts_
1587 4334 2238 4417 ExssgnABILtUM
2331 4340 3021 4407 MASSALIANORUM
3117 4344 3416 4414 SECTtE,
3471 4341 3610 4417 QUI
3670 4339 3779 4402 ET

837 4413 1932 4496 pHUNDAtr@_gT_spgontu,
1981 4415 2337 4496 necnon
2397 4420 2782 4494 sucntm,
2846 4413 3450 4496 ENTHUSIASTE,

1193 4491 1702 4570 ENCRATITIE,
1752 4494 1856 4554 ET
1903 4493 2430 4588 MARCIONITIE
2473 4491 3082 4564 APPELLANTUR.

581 4833 828 4888 Tradidit
844 4831 1024 4906 nobis,
1042 4829 1240 4884 fratres
1253 4826 1618 4894 dilectissimi,
1641 4828 1907 4886 Dominus
1937 4830 2087 4886 Deus
2112 4835 2158 4894 c

2151 4838 2158 4892 ι
2264 4835 2371 4890 Τοῦ
2417 4834 2625 4906 Κυρίου
2667 4840 2763 4888 καὶ
2809 4834 2948 4889 Θεοῦ
2981 4839 3076 4891 καὶ
3108 4837 3364 4908 Σωτῆρος
3401 4839 3561 4909 ἡμῶν
3594 4840 3772 4914 Ἰησοῦ

507 4942 572 4981 ac
598 4927 859 4980 Servator
880 4934 1065 4980 noster
1135 4922 1296 4978 Jesus
1336 4921 1589 4976 Christus
1621 4937 1719 4992 per
1757 4932 1976 4978 sanctos
2005 4924 2090 4978 di-

2191 4930 2431 5002 Χριστοῦ
2479 4931 2572 4985 διὰ
2615 4932 2724 4984 τῶν
2774 4930 2947 4998 ἁγίων
2995 4929 3163 4984 αὐτοῦ
3205 4931 3468 5001 μαθητῶν
3508 4935 3603 4986 καὶ
3635 4936 3761 4986 ἀπο-

507 5020 744 5088 scipulos
801 5032 930 5072 suos
982 5023 1038 5071 et
1094 5016 1404 5092 apostolos,
1444 5031 1642 5085 purum
1699 5017 2091 5087 sincerumque

2202 5023 2406 5077 στόλων
2453 5022 2696 5092 καθαρὸν
2737 5024 2870 5094 ἡμῖν
2915 5023 2977 5076 τὸ
3008 5026 3109 5094 τῆς
3160 5023 3397 5086 πίστεως
3439 5025 3775 5094 παραδόντος

508 5108 1000 5180 fideimysterimn,
1067 5122 1131 5160 ac
1179 5105 1346 5160 simul
1380 5107 1710 5175 praemonuit
1769 5107 1887 5163 fore
1950 5111 2089 5164 utin

2194 5115 2513 5184 μυστήριον,
2556 5114 2842 5185 εἰρηκότος
2874 5113 2931 5166 δὲ
2971 5115 3067 5167 καὶ
3099 5114 3158 5166 ὲν
3189 5115 3308 5177 ταῖς
3339 5115 3598 5184 ἐσχάταις
3634 5117 3767 5185 ἠμέ-

506 5205 698 5258 diebus
729 5202 936 5256 ultimis
957 5201 1112 5254 multi
1139 5200 1258 5254 falsi
1289 5200 1569 5269 propheta:
1628 5209 1684 5254 et
1714 5200 1836 5256 falsi
1884 5202 2088 5257 Christi

2195 5222 2316 5276 ραις
2343 5205 2570 5268 πολλοὺς
2600 5205 2916 5259 ἐλεύσεσθαι
2956 5205 3410 5276 ψευδοπροφήτας
3441 5208 3536 5260 καὶ
3565 5207 3761 5276 ψευδο-

506 5304 934 5366 exsurgerent,a
967 5293 1163 5361 quibus
1200 5292 1362 5347 nobis
1392 5308 1742 5363 summopere
1775 5297 2078 5352 cavendum

2191 5299 2467 5367 χρῐστους,
2511 5297 2605 5349 καὶ
2655 5297 3125 5366 παραγγείλαντος
3155 5297 3446 5368 προσέχειν
3495 5297 3603 5350 ἀπὸ
3651 5298 3759 5351 τῶν

505 5387 667 5441 foret.
697 5385 883 5456 Neque
917 5401 1078 5439 secus
1105 5387 1386 5455 apostolus
1412 5385 1613 5440 Paulus
1647 5387 1700 5440 in
1719 5388 1957 5457 Epistola
2011 5390 2080 5444 ad

2188 5390 2469 5453 τοιούτων,
2497 5387 2810 5450 ἀκολούθως
2833 5387 2890 5438 δὲ
2919 5388 3013 5441 καὶ
3048 5387 3146 5442 τοῦ
3177 5388 3514 5459 θεοκήρυκος
3543 5389 3758 5444 Παύλου

508 5478 853 5533 Timotheum
885 5478 1136 5548 prwdixit
1163 5494 1176 5530 :
1233 5477 1433 5531 Multos
1459 5481 1707 5533 extremis
1767 5482 2084 5548 temporibus

2191 5480 2326 5548 πρὸς
2355 5481 2445 5531 τὸν
2469 5479 2735 5549 Τιμόθεον
2765 5482 3208 5544 ἀποστείλαντος,
3230 5482 3311 5534 ὅτι
3356 5479 3458 5534 Ἑν
3485 5483 3760 5551 ἐσχάτοις

506 5587 540 5622 a
558 5570 658 5637 ﬁde
693 5573 1002 5633 descituras,
1033 5570 1302 5636 spiritibus
1320 5571 1683 5625 auscultantes
1725 5573 2084 5626 seductoribus

2190 5568 2412 5634 καιροῖς
2443 5567 2902 5636 ἀποστήσονταί
2947 5585 3108 5634 τινες
3140 5567 3250 5637 τῆς
3289 5570 3546 5624 πίστεως
3583 5582 3764 5643 προσ-

508 5674 556 5714 et
577 5663 826 5715 doctrinis
857 5664 1174 5727 dwmonum,
1207 5664 1300 5715 sub
1327 5665 1560 5731 personis
1611 5665 1955 5733 impostorum
2003 5664 2085 5719 la-

2187 5664 2437 5733 έχοντες
2496 5665 2796 5734 πνεύμασι
2849 5664 3126 5732 πλάνοις,
3186 5665 3285 5720 καὶ
3339 5664 3764 5726 διδασκαλίαις

509 5753 752 5818 tentiam,
779 5755 867 5804 aui
894 5753 1269 5806 conscientiam
1301 5769 1455 5807 suam
1477 5757 1714 5808 cauterio
1767 5757 1933 5809 exusti
1959 5772 2083 5809 con-

2188 5756 2534 5824 δαιμονίων,
2573 5757 2643 5812 ἐν
2671 5758 2981 5826 ὑποκρίσει
3034 5756 3423 5828 ψευδολόγων
3474 5769 3757 5819 κεκαυτη·
