4104 6426
556 277 631 344 43

1785 271 2171 333 EUTIIYMII
2229 272 2557 335 ZIGABEN
2570 273 2591 333 Ι

3753 269 3832 336 ιι

548 395 937 456 οιιιονιιεηιηῑ,
997 386 1384 460 simplicesque
1465 383 1720 440 homines
1788 400 1914 439 cum
1969 385 2139 451 viros,

2249 388 2518 458 αἱρέσεως
2550 387 2932 456 ὲξεμέσαντες,
2970 390 3064 443 καὶ
3097 390 3227 454 τοὺς
3259 368 3684 461 ἀγροικοτέρους
3712 389 3830 446 τῶν

549 496 669 541 tum
700 482 961 538 mulieres
1020 480 1380 549 doc-cperunt,
1442 485 1605 548 atque
1668 475 1739 531 ita
1789 477 1844 530 in
1869 476 2134 547 perniciei

553 575 875 633 barathrum
899 572 1398 646 przecipitaverunt,
1433 572 1742 624 anathema.

1145 750 1399 805 Anathem
1412 790 1424 803 .
1480 748 1534 802 4.

620 848 711 914 lis,
764 847 854 917 qui
914 845 1126 907 dicunt,
1188 853 1386 913 praeter
1419 849 1665 897 sanctam
1717 847 1771 894 et
1797 840 2133 897 salutiferam

553 940 908 1004 Trinitatem,
963 936 1058 992 Dei
1082 936 1295 992 scilicet
1347 934 1525 989 Patris
1582 932 1766 999 Verbi,
1804 934 1949 1003 quod
2007 947 2134 988 caro

554 1033 757 1089 factum
815 1039 921 1096 est,
988 1027 1222 1098 Filiiquc
1282 1025 1377 1079 Dei
1431 1035 1487 1081 et
1554 1024 1769 1078 Domini
1802 1024 1975 1079 nostri
2001 1023 2131 1080 Jesu

550 1124 779 1190 Christi,
815 1131 871 1178 et
911 1121 1154 1192 Spiritus
1204 1118 1403 1183 sancti,
1462 1117 1622 1171 aliam
1674 1119 1966 1187 quamdam
2013 1131 2135 1171 esse

552 1217 900 1279 Trinitatem,
956 1213 1042 1267 vel
1101 1211 1265 1266 etiam
1321 1209 1661 1280 superiorem
1713 1208 2039 1279 potentiam,
2077 1209 2133 1263 in

460 1294 467 1301 ’
552 1321 806 1377 supremo
834 1312 1042 1373 septem
1070 1303 1334 1357 caelorum
1365 1301 1507 1357 uelo
1535 1299 1721 1354 sedem
1755 1314 1910 1354 suam
1930 1300 2138 1354 haben-

550 1407 682 1462 tem,
743 1395 1049 1451 secundum
1110 1394 1524 1458 exsecrandam,
1598 1400 1656 1446 et
1709 1391 1848 1447 falso
1901 1393 1971 1447 ab
2002 1378 2134 1463 ipsis

548 1488 700 1545 Isaia:
727 1487 1010 1553 tributam,
1040 1500 1106 1541 ac
1138 1484 1454 1554 inscriptam
1494 1484 1785 1551 visionem,
1813 1484 2131 1540 anathema.

1142 1577 1425 1629 Attat/tem.
1486 1574 1541 1629 5.

621 1672 711 1737 lis,
746 1670 841 1742 qui
877 1669 1013 1724 alias
1047 1668 1407 1723 introducunt
1434 1666 1770 1739 Scripturas,
1841 1682 1938 1724 seu
1962 1669 2135 1725 libros

2242 480 2568 551 ἀνθρώπων,
2606 481 2808 551 ἄνδρας
2839 499 2897 536 τε
2928 483 3023 536 καὶ
3052 485 3322 550 γυναῖκας
3354 480 3827 553 ἐξαπατήσαντες,

2243 572 2380 642 πρὸς
2414 573 2473 627 τὸ
2502 575 2600 643 τῆς
2646 575 2926 640 ἀπωλείας
2957 576 3315 630 κατέσπασαν
3346 574 3650 647 βάραθρον,
3693 578 3831 631 ἀνά-

2240 664 2404 735 θεμα.

2841 761 3111 831 ’Λναθεμ.
3145 761 3215 814 δ’.

2311 852 2439 915 Τοῖς
2491 851 2735 921 λέγουσι,
2782 853 2925 922 πλὴν
2982 856 3082 926 τῆς
3139 857 3303 925 ἀγίας
3357 857 3454 912 καὶ
3507 859 3826 928 ζωαρχικῆς

2237 945 2492 1015 Τριάδος,
2538 944 2707 1015 ἤγουν
2756 945 2851 997 τοῦ
2884 947 3021 999 θεοῦ
3071 948 3165 1000 καὶ
3218 947 3435 1018 Πατρὸς
3463 948 3557 1001 τοῦ
3597 966 3823 1018 σαρκω-

2240 1037 2426 1100 θέντος
2459 1037 2664 1105 Λόγου,
2702 1037 2799 1091 καὶ
2844 1038 2975 1092 Υίοῦ
3005 1039 3100 1092 τοῦ
3125 1039 3261 1093 Θεοῦ
3290 1040 3385 1094 τοῦ
3425 1040 3633 1111 Κυρίου
3665 1041 3828 1112 ἡμῶν

2252 1127 2429 1199 Ἰησοῦ
2491 1127 2771 1199 Χριστοῦ,
2837 1131 2932 1183 καὶ
2983 1129 3079 1183 τοῦ
3139 1132 3407 1200 παναγίου
3467 1132 3824 1203 Πνεῦματος,

2238 1219 2433 1290 ἑτέραν
2486 1220 2608 1275 τινὰ
2659 1216 2798 1276 εἶναι
2864 1223 3105 1293 Τριάδα,
3174 1224 3208 1295 ἢ
3269 1225 3364 1278 καὶ
3412 1226 3827 1295 ὑπερκειμένην

2239 1312 2511 1378 ἐξουσίαν,
2542 1313 2643 1384 τὴν
2674 1314 2750 1385 τῷ
2781 1315 3077 1389 ὑπερτάτῳ
3115 1318 3226 1370 τῶν
3261 1317 3403 1370 ἑπτά
3428 1316 3675 1386 οὐρανῶν
3703 1318 3831 1368 επι-

2236 1403 2585 1473 καθημένην,
2617 1405 2760 1459 κατά
2788 1405 2888 1476 τὴν
2917 1406 3185 1477 βδελυρὰν
3208 1405 3654 1478 ψευδεπίγραφον
3687 1403 3828 1476 παρ’

2238 1494 2422 1558 αὐτοῖς
2447 1492 2542 1548 τοῦ
2581 1493 2807 1549 Ἦσαῖου
2832 1498 3023 1562 ὅρασιν
3051 1498 3321 1569 ἀνάθεμα.

2841 1589 3119 1660 Ἀναθεμ.
3163 1596 3228 1646 e'.

2308 1677 2436 1742 Τοῖς
2471 1679 2907 1750 παρεισάγουσιν
2957 1681 3153 1750 ἑτέρας
3183 1681 3429 1754 Γραφὰς,
3480 1681 3516 1754 ἢ
3569 1681 3669 1744 τάς
3717 1681 3831 1736 ὑπὸ
3920 1660 3929 1677 ’

537 1781 756 1832 sacros,
839 1778 1002 1834 quam
1079 1777 1217 1832 quos
1310 1759 1546 1832 Spiritus
1626 1769 1852 1816 sanctus
1893 1778 2137 1832 pronun-

2242 1772 2332 1826 τοῦ
2364 1773 2521 1842 ἀγίου
2552 1746 2892 1843 Πνεύματος,
2926 1774 3022 1827 καὶ
3046 1746 3197 1845 παρά
3355 1746 3529 1844 ἁγίων
3563 1776 3828 1848 Πατέρων

553 1859 725 1924 tiavit,
758 1868 813 1910 ct
844 1855 1018 1909 sancti
1050 1856 1209 1909 nobis
1241 1854 1430 1909 Patres
1471 1853 1767 1922 tradidere,
1818 1855 2133 1909 anathema.

1159 1948 1442 2002 Attat/tem.
1470 1948 1524 2003 6.

629 2044 721 2108 lis,
753 2045 845 2113 qui
889 2042 1081 2097 dicunt
1111 2041 1349 2110 nuptias,
1407 2056 1527 2110 quae
1559 2040 1613 2094 in
1670 2040 1893 2096 nemine
1924 2039 2136 2094 Domini
2202 2016 2209 2022 ’

549 2135 972 2199 contrahuntur,
1006 2133 1364 2202 carniumque
1392 2149 1547 2188 esum
1579 2149 1609 2188 a
1679 2134 1790 2189 ﬂeo
1838 2133 2135 2204 permissa-

551 2243 693 2287 rum.
737 2228 845 2282 Deo
881 2225 1267 2281 abominabilia
1294 2240 1434 2291 esse,
1473 2226 1673 2296 illaque
1701 2235 1988 2297 propterea
2012 2226 2139 2296 reji-

550 2317 704 2370 ciunt
729 2324 783 2370 et
819 2314 1211 2379 condemnant,
1240 2315 1558 2370 anathema.

1139 2407 1397 2461 Anathan:
1408 2446 1422 2461 .
1483 2408 1532 2460 7.

620 2498 715 2561 lis,
752 2497 843 2567 qui
881 2494 1111 2552 traditas
1139 2497 1301 2551 nobis
1355 2511 1567 2567 preces,
1618 2505 1675 2551 et
1731 2496 2020 2553 cautiones
2047 2512 2137 2551 sa-

2240 1868 2376 1937 ἡμῖν
2406 1867 2831 1938 παραδοθείσας,
2868 1868 3144 1937 ἀνάθεμα.
3168 1918 3171 1921 .

2834 1961 3109 2030 Ἀνιιθεμ.
3154 1967 3204 2027 ς’
3214 2002 3229 2016 .

2310 2050 2440 2114 Τοῖς
2469 2050 2723 2119 λέγουσιν
2750 2050 2826 2115 ὡς
2858 2053 2886 2105 ὁ
2921 2054 2979 2104 ὲν
3012 2052 3203 2123 Κυρίῳ
3234 2052 3434 2121 γάμος,
3466 2055 3571 2109 ικαὶ
3610 2056 3637 2127 ἡ
3678 2057 3830 2111 κατὰ

2237 2142 2373 2194 Θεὸν
2438 2144 2786 2212 κρεωφαγία,
2817 2143 3083 2213 βδελυκτά
3133 2145 3243 2198 είσι
3288 2145 3367 2215 τῷ
3426 2146 3565 2217 Θεῷ,
3608 2148 3703 2202 καὶ
3729 2144 3831 2205 διὰ

2237 2234 2398 2288 τοῦτο
2419 2235 2711 2308 ἀμφότερα
2739 2236 3161 2308 ἀνατρέπουσιν,
3188 2238 3463 2311 ἀνάθεμα.

2844 2418 3117 2489 Ἀναθεμ.
3158 2417 3198 2480 ζ’

2309 2510 2436 2573 Τοῖς
2465 2511 2535 2564 τά
2573 2510 2979 2574 παραδοθείσας
3010 2514 3147 2583 ἡμῖν
3193 2511 3361 2583 εὐχάς
3395 2530 3456 2567 τε
3502 2516 3596 2568 καὶ
3634 2514 3830 2585 ὑμνῳο

548 2608 691 2655 cras,
733 2606 795 2645 ac
825 2589 1060 2661 primum
1079 2589 1301 2660 quidem
1324 2588 1398 2642 ab
1419 2589 1625 2643 sanctis
1648 2587 1925 2657 Apostolis
1960 2588 2138 2658 impe-

2242 2600 2374 2660 δίας.
2408 2601 2624 2672 πρῶτον
2655 2604 2753 2672 μὲν
2782 2604 2937 2673 παρά
2961 2603 3071 2656 τῶν
3095 2603 3256 2658 θείων
3287 2605 3626 2669 ἀποστόλων,
3664 2609 3836 2676 Πλη-

550 2695 697 2741 ratas
730 2686 987 2754 (ut,cum
1048 2682 1205 2738 divus
1256 2681 1457 2736 Paulus
1514 2681 1631 2735 ait:
1692 2680 1992 2751 Implemini
2027 2682 2136 2750 spi-

2242 2693 2458 2762 ροῦσθε
2475 2695 2600 2766 γὰρ,
2622 2697 2884 2765 φησὶν,ὲν
2904 2698 3198 2767 πνεύματι
3212 2698 3571 2766 ,λαλοῦντες
3588 2699 3768 2755 ἑαυτο
3778 2701 3836 2765 ῖς

548 2782 679 2841 ritu,
715 2777 982 2847 loquen'es
1004 2776 1223 2830 invicem
1240 2775 1293 2828 in
1321 2773 1558 2845 psalmis,
1586 2775 1813 2844 hymnis,
1843 2783 1891 2828 et
1927 2775 2135 2828 cantio-

2242 2786 2542 2856 ψαλμοὺς,
2591 2789 2691 2841 καὶ
2742 2788 2998 2858 ὕμνους,
3052 2788 3153 2844 καί
3195 2789 3356 2857 ᾠδὰς
3385 2791 3828 2861 πνευματικοῖς.

551 2869 701 2924 nibus
743 2867 1111 2940 spiritualibus
1142 2867 1183 2922 ³.
1218 2865 1399 2936 )Tum
1421 2876 1476 2921 et
1491 2883 1612 2935 qua:
1677 2867 1937 2938 deinceps
1966 2882 1996 2922 a
2052 2867 2137 2922 di-

2242 2878 2472 2931 Ἔπειτα
2502 2878 2561 2933 δὲ
2609 2878 2703 2933 καὶ
2736 2879 2975 2951 καθεξῆς
3023 2881 3317 2951 παρὰ,τῶν
3374 2881 3534 2936 θείων
3572 2883 3671 2938 καὶ
3715 2900 3831 2954 μα-

553 2963 697 3018 vlnis
773 2960 1059 3031 beatisque
1109 2959 1369 3016 Ecclesia:
1420 2959 1673 3015 Patribus
1716 2969 1789 3015 et
1816 2961 2136 3017 doctoribus

2242 2971 2482 3043 καριτῶν
2522 2971 2852 3043 Ἐκκλησίας
2883 2973 3144 3043 Πατέρων
3174 2976 3271 3029 καὶ
3303 2975 3663 3030 διδασκάλων.
3696 2978 3830 3042 Τοῖς

549 3056 754 3111 relicta:
806 3061 978 3109 sunt:
1045 3052 1155 3118 his,
1212 3053 1458 3122 inquam,
1514 3050 1608 3121 qui
1673 3066 1767 3106 eas
1813 3066 2034 3115 omnes,
2076 3060 2136 3107 ut

2242 3058 2330 3116 οῦν
2388 3063 2594 3128 ταύτας
2651 3065 2833 3129 πάσας
2883 3065 2960 3129 ὡς
3019 3066 3377 3136 βαττολογίας
3429 3072 3829 3141 ἀνατρέπουσι,

549 3150 573 3204 ι’
579 3148 764 3204 utilem
783 3146 1074 3203 acinanem
1097 3145 1347 3215 repetitae
1364 3144 1731 3199 invocationis
1745 3144 2135 3213 loquacitatem

552 3238 830 3311 rejiciunt,
879 3246 935 3293 et
986 3236 1267 3307 culpant:
1326 3237 1383 3290 in
1447 3236 1720 3307 principio
1751 3245 1937 3292 autem
1966 3251 2134 3292 suasa

551 3332 666 3386 Deo
693 3329 1050 3385 discessionis
1079 3329 1474 3384 solummodo:
1513 3327 1676 3384 Pam
1713 3339 1910 3398 noster,
1957 3332 2048 3402 qui
2084 3348 2136 3386 es

548 3425 607 3479 in
653 3424 818 3486 catfis,
891 3438 1016 3478 cum
1079 3422 1404 3478 adoratione
1455 3437 1613 3478 orare
1638 3423 1865 3489 docent,
1928 3423 2137 3499 absque

549 3518 826 3575 dominico
854 3517 1040 3588 figurae
1060 3517 1250 3573 crucis
1300 3516 1355 3571 in
1391 3515 1531 3573 facie
1578 3517 1912 3589 signaculo;
1951 3516 2137 3571 Domi-

548 3628 681 3666 num
716 3619 965 3663 nostrum
1021 3607 1210 3663 .lesum
1277 3607 1557 3664 Christum
1618 3608 1924 3664 orationem
1974 3609 2136 3664 istam

550 3699 1026 3755 nobistradidisse
1087 3707 1494 3770 prastexentes;
1565 3714 1762 3755 revera
1826 3708 2032 3765 autem,
2079 3708 2163 3754 ut-

548 3792 943 3847 exsecrandum
1006 3799 1214 3861 patrem
1304 3805 1467 3846 suum
1544 3789 1802 3845 Satanam
1883 3791 2140 3846 invocent

2236 3150 2331 3204 καὶ
2373 3151 2750 3206 διαϐάλλουσι⁶
2782 3155 2841 3206 ὲν
2868 3155 3010 3226 ἀρχῇ
3039 3153 3097 3208 δὲ
3127 3155 3228 3226 τῆς
3254 3155 3364 3210 ἀπὸ
3393 3156 3488 3210 τοῦ
3522 3158 3656 3211 Θεοῦ
3705 3159 3833 3212 διαο

2238 3245 2502 3311 στάσεως,
2548 3245 2710 3313 μόνον
2750 3245 2813 3299 τὸ
2856 3244 3050 3315 Πάτερ
3093 3246 3263 3316 ἡμῶν
3314 3250 3347 3302 ὀ
3383 3249 3450 3302 ἐν
3478 3248 3604 3314 τοῖς
3650 3252 3838 3317 οὐρα-

2236 3333 2387 3401 νοῖς,
2424 3333 2563 3404 μετά
2599 3334 2702 3404 τῆς
2732 3336 2811 3398 είς
2836 3334 2942 3406 γῆν
2991 3337 3370 3400 κατακλίσεως
3401 3338 3834 3393 ἐκπαιδεύουσιν

2240 3424 2553 3490 ποιεῖσθαι,
2614 3426 2746 3480 ἀνευ
2791 3426 2894 3497 τῆς
2949 3428 3045 3481 τοῦ
3100 3428 3424 3481 δεσποτικοῦ
3462 3430 3693 3499 σημείου
3744 3431 3836 3502 τῷ

2239 3519 2521 3589 προσώπῳ
2568 3518 2874 3591 σταυρικῆς
2925 3518 3316 3585 ἐκτυπώσεως,
3376 3522 3654 3592 προφάσει
3703 3522 3837 3591 μὲν,

2238 3608 2313 3671 ὡς
2343 3609 2437 3663 τοῦ
2469 3608 2743 3664 [δεσπότου
2770 3609 2928 3681 ἡμῶν
2961 3611 3137 3679 Ἰησοῦ
3166 3609 3409 3680 Χριστοῦ
3440 3612 3538 3680 τὴν
3563 3610 3837 3681 τοιαύτην

2237 3699 2405 3772 εὐχὴν
2436 3700 2793 3771 παραδόντος,
2808 3703 2876 3771 τῇ
2915 3700 2961 3754 δ’
2992 3700 3246 3772 ἀληθεία,
3267 3700 3553 3770 ἐπικλήσει
3581 3700 3675 3754 τοῦ
3709 3701 3841 3770 βδε-

2238 3792 2405 3864 λυροῦ
2432 3792 2617 3848 αὐτῶν
2652 3794 2859 3866 πατρὸς
2883 3793 2977 3847 τοῦ
3026 3794 3272 3848 Σατανᾶ*
3303 3792 3500 3846 τούτου
3525 3793 3633 3864 γὰρ
3664 3793 3838 3863 χάριν

549 3884 742 3954 (hujus
773 3884 917 3938 enim
938 3882 1109 3954 gratia
1134 3898 1164 3936 a
1188 3890 1393 3937 sanctae
1426 3882 1605 3937 crucis
1628 3882 1910 3954 signaculo
1943 3883 2139 3938 abhor-

2242 3885 2338 3938 καὶ
2364 3885 2465 3957 τὴν
2500 3887 2805 3959 σταυρικὴν
2837 3886 3142 3957 σημείωσιν
3182 3883 3583 3949 ἀποϐάλλοντα,
3619 3885 3715 3939 καὶ
3765 3889 3837 3940 τὸ

555 3987 702 4043 rent,
739 3986 794 4031 et
818 3976 952 4030 illud
974 3991 1004 4030 a
1030 3975 1233 4030 divinis
1270 3974 1531 4031 Ecclesiae
1556 3975 1857 4032 luminibus
1894 3991 1958 4033 ac
1986 3976 2139 4032 duci-

2244 3978 2398 4046 παρά
2423 3979 2533 4031 τῶν
2560 3976 2725 4031 θείων·
2751 3977 3060 4049 φωστήρων
3093 3978 3186 4031 καὶ
3214 3978 3314 4047 τῆς
3358 3976 3689 4046 Ἐκκλησίας
3721 3995 3835 4029 κα-

550 4070 653 4125 bus
689 4068 935 4125 additum
969 4076 1298 4134 extremum,
1325 4067 1469 4138 quod
1497 4068 1736 4123 orationi
1764 4067 2052 4123 dominicae
2084 4068 2139 4122 in

2242 4069 2504 4140 θηγητῶν
2539 4070 2844 4141 προστεθὲν
2886 4069 3303 4141 άκροτελεύτιον
3354 4068 3712 4139 ἐπιφώνημα,
3743 4073 3833 4131 είς

548 4161 775 4235 gloriam
794 4159 1305 4226 consubstantialis,
1338 4169 1394 4216 et
1423 4159 1723 4216 individua:
1779 4160 2065 4217 Trinitatis
2084 4160 2139 4214 in

2242 4161 2401 4227 δόξαν
2458 4164 2558 4232 τῆς
2602 4161 2890 4232 ὁμοουσίου
2920 4163 3014 4216 καὶ
3062 4162 3373 4233 ἀδιαιρέτου
3431 4161 3683 4232 Τριάδος,
3732 4164 3833 4213 τοι

548 4252 824 4326 precando
882 4252 1172 4322 subjicitur
1218 4250 1620 4307 corollarium:
1681 4250 1820 4317 Quia
1876 4258 2027 4305 tuum
2067 4259 2139 4306 est

2245 4253 2520 4310 Ὀτισοῦ
2549 4255 2723 4310 ἐστιν
2749 4256 2788 4322 ἠ
2813 4255 3126 4320 βασιλεία,
3159 4256 3257 4313 καὶ
3290 4257 3327 4324 ἡ
3370 4254 3521 4320 δόξα
3559 4254 3666 4309 τοῦ
3713 4259 3839 4308 Πα-

547 4363 789 4420 regnum,
841 4355 892 4400 et
937 4346 1193 4416 potentia,
1234 4355 1282 4400 et
1322 4346 1518 4416 gloria,
1572 4344 1780 4408 Patris,
1810 4354 1856 4398 et
1891 4344 2045 4412 Filii,
2092 4355 2139 4400 et

2243 4346 2382 4416 τρὸς
2424 4347 2525 4401 καὶ
2568 4347 2677 4402 τοῦ
2716 4349 2883 4412 Υίοῦ,
2931 4349 3027 4402 καί
3073 4349 3180 4402 τοῦ
3231 4350 3403 4418 ἁγίου
3457 4349 3835 4417 Πνεύματος,

547 4439 780 4513 Spiritus
809 4440 999 4505 sancti,
1028 4453 1094 4493 ne
1115 4437 1304 4492 audire
1332 4439 1552 4508 quidem
1580 4434 1896 4501 sustinent).
1925 4435 1996 4492 lis
2041 4437 2139 4508 igi-

2248 4440 2370 4495 οὐδὲ
2415 4442 2648 4494 ἀκοῦσαι
2691 4440 2997 4511 ἀνέχονται.
3040 4442 3167 4505 Τοῖς
3220 4441 3316 4494 οῦν
3366 4441 3511 4494 οὕτω
3567 4439 3839 4511 φρονοῦσι

548 4546 662 4598 tur,
691 4533 782 4603 qui
808 4533 879 4588 ita
909 4535 1176 4593 sentiunt,
1213 4548 1276 4586 ac
1305 4532 1524 4596 docent,
1582 4539 1637 4586 et
1674 4530 1741 4584 ad
1774 4529 1938 4584 finem
1971 4543 2139 4599 usque

2242 4534 2335 4586 καὶ
2360 4532 2699 4597 διδάσκουσι,
2734 4533 2830 4587 καὶ
2861 4533 2989 4604 ἄχρι
3019 4533 3206 4596 τέλους
3229 4535 3299 4604 τῇ
3344 4533 3567 4605 τοιαύτῃ
3612 4535 3838 4603 πονηρᾷ

550 4626 607 4680 in
631 4623 942 4680 istiusmodi
971 4640 1139 4694 prava
1195 4623 1525 4678 infitiatione
1579 4633 1954 4693 perseverant,
2012 4605 2139 4677 ana-

2242 4624 2499 4680 ὲνστάσει
2528 4626 2887 4696 ἐμμένουσιν,
2914 4625 3191 4695 ἀνάθεμα.

553 4717 756 4772 thema.

688 4796 695 4805 ί
1150 4808 1428 4861 Attat/rem.
1473 4805 1526 4860 8.
2831 4807 3099 4874 Ἆναθεμ.
3179 4801 3257 4870 η’.

2311 4902 2436 4966 Τοῖς
2464 4901 2565 4966 τὰς
2593 4902 2651 4955 ὲν
2689 4900 3011 4971 ἐκκλησίαις
3059 4897 3310 4964 συνάξεις
3360 4896 3833 4969 βδελυττομένοιξ,

2241 4995 2334 5049 καὶ
2361 4994 2419 5046 ἐν
2456 4991 2718 5060 ίδιάζουσι
2749 4992 2937 5055 τόποις
2993 4988 3501 5061 προσκαθημένοις,
3546 4991 3641 5044 καὶ
3682 4988 3839 5041 διδά-

556 5087 776 5157 majoris
806 5084 1009 5156 quietis
1050 5099 1237 5151 causa,
1298 5099 1496 5156 reapse
1554 5092 1764 5151 autem,
1819 5091 1879 5139 ut
1913 5083 2131 5154 profani

2242 5103 2458 5153 σκουσι,
2493 5087 2767 5161 προφάσει
2801 5086 2900 5155 μὲν
2938 5083 3168 5154 ἡσυχίας
3201 5083 3383 5152 χάριν,
3426 5084 3491 5152 τῇ
3528 5080 3573 5134 δ’
3598 5080 3835 5153 ἀληθείᾳ

552 5194 745 5236 eorum
786 5175 994 5232 erroris
1042 5176 1291 5248 dogmata
1357 5174 1613 5247 redargui
1679 5183 1979 5245 nequeant,
2031 5173 2127 5229 sed

2242 5177 2331 5231 ἐπὶ
2358 5176 2438 5247 τῷ
2467 5176 2568 5246 τῆς
2601 5174 2835 5247 βεϐήλου
2868 5173 3051 5227 αὐτῶν
3085 5172 3297 5241 πλάνης
3326 5171 3688 5240 ἀνεξέλεγκτα
3725 5172 3827 5240 μέ-

555 5271 811 5345 ignobilia
832 5269 1185 5335 delitescant,
1238 5270 1487 5337 adeoque
1534 5278 1594 5323 ut
1650 5267 1704 5322 in
1755 5267 1942 5322 abdito
1971 5281 2135 5320 omne

2242 5290 2375 5339 νειν,
2400 5273 2498 5326 καὶ
2526 5271 2894 5340 ἀδιάγνωστα,
2929 5268 2994 5322 ἶν’
3018 5266 3193 5330 οὕτως
3238 5268 3296 5319 ὲν
3347 5263 3685 5334 παραϐύστῳ
3735 5262 3832 5315 τὸν

551 5372 715 5420 sectae
746 5377 857 5416 sure
888 5376 1161 5415 venenum
1199 5362 1395 5415 animis
1419 5377 1450 5414 a
1484 5375 1545 5417 se
1602 5360 1657 5427 in
1682 5374 1925 5414 errorem
1965 5358 2137 5413 dedu-

2242 5365 2363 5419 ὅλον
2395 5363 2471 5417 ίὺν
2498 5364 2600 5435 τῆς
2630 5361 2814 5416 αὐτῶν
2844 5361 3115 5432 αἱρέσεως
3146 5359 3257 5421 τοῖς
3285 5356 3377 5409 ὑπ’
3409 5355 3588 5411 αὐτῶν
3620 5356 3833 5420 πλανη-

552 5467 864 5523 ειωυιιιου
892 5440 1106 5509 facilius
1149 5455 1492 5518 infundant;
1555 5452 1732 5519 hisce,
1807 5453 1851 5508 si
1900 5453 1969 5508 ad
2019 5451 2139 5506 vita:

2242 5457 2412 5511 θεῖσιν
2440 5457 2696 5525 ὲκχέωσι,
2717 5454 2927 5516 τούτοις
2958 5454 3127 5505 πᾶσιν
3146 5449 3273 5520 ἄχρι
3287 5447 3473 5513 τέλους
3503 5450 3569 5518 τῇ
3599 5443 3830 5518 τοιαύτῃ

555 5560 859 5605 extremum
886 5548 1178 5603 terminum
1208 5547 1262 5602 in
1281 5562 1470 5603 errore
1488 5546 1984 5619 perseveraverint,
2009 5560 2139 5601 ana-

2247 5546 2423 5620 πλάνη
2452 5546 2800 5618 ἐμμένουσιν,
2833 5544 3105 5615 ἀνάθεμα.

552 5640 756 5695 thema.

626 5753 646 5785 ⁸
672 5753 849 5822 Ephes
904 5770 952 5810 ν.
988 5752 1185 5821 18,19.

1150 4808 1428 4861 Attat/rem.
1473 4805 1526 4860 8.
2188 4874 2195 4879 Ι

620 4900 712 4967 lis,
740 4900 829 4972 qui
853 4905 1156 4955 conventus
1217 4900 1271 4953 in
1306 4899 1548 4956 ecclesiis
1598 4905 1940 4965 aversantur,
1995 4898 2135 4954 etin

552 4993 773 5063 privatis
792 4991 925 5047 locis
948 4990 1260 5061 praesident,
1314 4991 1642 5062 docentque,
1685 4991 1868 5062 specie
1913 4991 2132 5062 quidem
