4104 6406
485 282 550 355 δι
1725 303 2105 366 EUTHYMII
2150 309 2513 374 ZlGABENi
2591 374 2597 379 .

3680 322 3754 392 5'2

481 404 622 462 Tum
646 422 779 481 ego:
806 405 863 469 Si
891 389 961 468 ex
985 409 1261 484 imperitia
1277 416 1661 486 blasphemum
1683 416 1816 470 illud
1838 417 2053 471 verlmn

2174 420 2432 491 ἀπειρίας
2476 423 2713 496 είρήκῃς
2754 425 2815 479 τὸ
2860 425 3183 499 βλάσφημον
3233 431 3390 489 τοῦτο
3437 436 3610 506 ῥῆμα,
3671 435 3767 493 καὶ

480 497 780 567 protulisti,
815 509 891 570 et,
928 510 993 559 ut
1033 503 1193 571 dicis,
1244 507 1459 565 discere
1500 508 1789 563 veritatem
1852 511 2075 579 quaeris,

479 596 699 646 tioumc
720 607 851 648 sane
875 593 1102 667 pigebit,
1156 612 1347 669 neque
1401 600 1563 655 saluti
1638 610 1744 656 tua:
1796 601 2073 661 invidebo.

485 682 583 738 sed
603 685 749 754 quod
791 686 936 744 Deus
966 688 1198 755 dederit,
1238 692 1372 748 illud
1402 701 1454 747 te
1482 693 1746 749 edocebo.
1784 694 1873 749 Sic
1927 697 2073 750 enim

481 766 539 829 in
562 777 793 846 epistola
823 781 892 837 ad
952 776 1228 841 Romanos
1259 788 1481 857 scribit;
1529 785 1663 855 Quia
1706 799 1911 861 patrem
1949 790 2077 844 muf-

479 873 655 923 tarum
677 872 911 940 gentium
931 873 1082 943 posui
1099 882 1148 932 ιε
1178 887 1302 933 ante
1335 880 1519 945 Deum,
1544 884 1628 935 cui
1652 882 1944 945 credidisti,
1978 885 2075 954 qui

477 959 978 1031 viviﬁcatmortuos,
1020 976 1068 1021 et
1098 978 1246 1023 uocat
1269 987 1330 1025 ea
1359 989 1475 1042 qua:
1515 989 1616 1027 non
1658 983 1800 1039 sunt,
1819 983 2077 1045 tanquam

478 1063 542 1103 ea
581 1068 698 1120 qua:
719 1056 904 1109 sunt”.
937 1056 1002 1113 Et
1026 1061 1080 1115 in
1105 1061 1278 1130 prima
1330 1059 1565 1134 Epistula
1592 1064 1657 1118 ad
1706 1064 2018 1120 Corinthios
2058 1083 2071 1120 :

404 1192 413 1199 ,
484 1136 546 1192 Si
569 1151 748 1196 autem
792 1143 1028 1202 Christus
1044 1151 1386 1219 pra’dicatu‘r,
1409 1149 1548 1223 quod
1575 1157 1857 1209 resurrexit
1878 1175 1910 1211 a
1936 1175 2078 1212 mor-

454 1230 604 1301 tuis.
625 1238 880 1303 quomodo
912 1242 1126 1307 quidam
1142 1244 1320 1298 dicunt
1346 1248 1400 1299 in
1428 1248 1589 1313 vobis,
1617 1250 1756 1318 quod
1768 1252 2077 1304 returreclio

478 1336 811 1381 mortuorum
847 1347 951 1385 non
985 1335 1181 1399 est',ct
1208 1338 1436 1408 reliqua.
1476 1340 1542 1395 Et
1566 1340 1621 1395 in
1674 1343 1923 1397 secunda
1958 1345 2078 1414 Epi-

478 1419 614 1472 stula
640 1422 707 1477 ad
731 1423 1046 1482 Corinthios
1073 1426 1203 1483 dicit
1231 1438 1245 1484 :
1298 1425 1628 1503 Conﬂgurati
1680 1434 1839 1489 morti
1866 1432 2003 1505 ejus,
2031 1438 2077 1491 si

476 1532 812 1585 occurramus
864 1516 934 1572 ad
966 1521 1420 1588 resurreaionem,
1451 1540 1567 1595 qua:
1592 1534 1667 1579 est
1699 1543 1763 1581 ex
1788 1531 2007 1583 mortuis
2032 1530 2073 1584 ⁸.

476 1612 543 1665 Et
566 1612 633 1666 ad
653 1611 1199 1673 Thessalonicenses:
1229 1612 1289 1672 Si
1304 1620 1441 1673 enim
1461 1622 1741 1686 credimus,
1766 1626 1902 1695 quod
1926 1620 2075 1682 Iesus

2179 511 2373 583 ζητῇς,
2402 514 2477 577 ὡς
2509 513 2707 582 λέγεις,
2744 518 2936 587 μαθεῖν
2973 521 3070 590 τὴν
3128 523 3410 593 ἀλήθειαν,
3444 530 3544 582 οὑκ
3592 530 3758 601 ὀκνή-

2181 617 2371 674 σομεν,
2407 601 2527 659 οὐδὲ
2562 607 2910 680 φθονήσῖμεν
2959 616 3023 682 τῇ
3058 616 3304 687 σωτηρίᾳ
3345 635 3461 683 σου,
3491 622 3604 674 ἀλλ’
3627 625 3758 693 ὅπερ

2177 697 2206 750 6
2232 696 2363 759 Θεὸς
2411 698 2646 760 δίδωσιν,
2683 701 2769 756 tvo.
2822 703 3088 773 εἴπωμεν.
3139 708 3345 777 Γράφει
3393 711 3502 781 γὰρ
3542 716 3623 775 είς
3664 716 3765 782 τὴν

2179 787 2315 856 πρὸς
2353 789 2669 857 Ῥωμαίους
2724 791 3048 864 Ἐπιστολὴν
3096 796 3271 860 οὕτως
3300 816 3313 828 ’
3347 799 3477 854 Ὀτι
3515 804 3766 859 πολλῶν

2178 878 2371 934 ἐθνῶν
2397 881 2625 951 πατέρα
2647 885 2878 939 τέθεικά
2898 900 2973 941 σε
2996 892 3314 945 κατέναντι
3340 891 3412 948 οὗ
3436 896 3764 952 ἐπίστευσε

2182 970 2335 1024 Θεοῦ
2380 971 2489 1026 τοῦ
2537 973 2966 1044 ζωοποιοῦντος
3005 980 3146 1046 τοὺς
3195 982 3472 1053 νεκροὺς,
3523 991 3617 1041 καὶ
3662 1007 3763 1043 κα-

2179 1063 2438 1130 λοῦντος
2463 1064 2536 1117 τὰ
2582 1065 2669 1135 μὴ
2716 1066 2863 1124 ὄντα
2900 1069 3177 1137 ὡςδόντα.
3216 1076 3325 1126 Καὶ
3372 1079 3452 1129 el:
3484 1079 3582 1150 τὴν
3618 1083 3752 1152 προς

2180 1152 2503 1224 Κορινθίους
2554 1156 2779 1227 πρώτην
2843 1158 3167 1234 Ἐπιστολὴν
3199 1180 3212 1194 ⁸
3257 1168 3326 1218 Εἰ
3378 1166 3446 1219 δὲ
3496 1171 3755 1237 Χριστὸς

2178 1243 2578 1323 κηρύσσεται,
2621 1246 2709 1301 ὅτι
2751 1249 2819 1301 ἐκ
2859 1251 3089 1320 νεκρῶν
3117 1253 3451 1323 ἐγήγερται,
3495 1259 3622 1324 πῶς
3662 1262 3765 1315 λέο

2180 1336 2358 1404 τουσί
2386 1353 2546 1395 τινες
2576 1339 2648 1391 ἐν
2690 1337 2845 1407 ἡμῖν
2885 1341 2973 1396 ὅτι
3008 1340 3351 1414 ἀνάστασις
3392 1350 3624 1418 νεκρῶν
3647 1355 3760 1407 οὐκ

2176 1427 2332 1494 ἐόντι,
2366 1429 2463 1482 καὶ
2509 1430 2579 1482 τά
2625 1429 2809 1487 λοιπά.
2844 1435 2953 1488 Καὶ
3003 1438 3084 1500 εἰς
3129 1439 3229 1505 τὴν
3265 1441 3402 1510 πρὸς
3434 1443 3760 1514 Κορινθίους

2177 1516 2436 1589 δευτέραν
2505 1520 2823 1591 Ἐπιστολὴν
2856 1524 3003 1595 λέγει
3029 1544 3044 1559 ο
3092 1532 3625 1602 Συμιιορςρούμενοι
3682 1537 3760 1602 τῷ

2180 1609 2419 1683 θανάτῳ
2466 1613 2676 1681 αὐτοῦ,
2717 1617 2888 1685 ειπερ
2941 1622 3486 1692 aratas-arnicaer
3518 1630 3607 1694 sic
3645 1633 3759 1697 τὴν

476 1714 715 1758 mortuus
734 1714 808 1759 est
836 1715 883 1759 et
907 1709 1215 1771 resurrexit,
1242 1719 1291 1765 et
1320 1712 1516 1766 mortui
1545 1716 1634 1784 qui
1650 1717 1702 1771 in
1726 1714 1930 1784 Christo
1956 1735 2053 1773 sun

476 1805 748 1822 λιι---η-..-μο
777 1800 936 1822 ..-1...3
958 1800 979 1822 Ι
1031 1796 1093 1822 π.
1157 1801 1205 1822 Ξ..
1265 1803 1397 1822 ..μ’-,κ
1482 1820 1493 1822 Α
1528 1806 1541 1822 I
1603 1807 1638 1822 ιν
1710 1808 1721 1820 ο
1774 1810 1805 1822 ,ι
1832 1810 1843 1821 ι
1954 1809 1994 1822 -η
2040 1813 2052 1822 .

2180 1702 2600 1766 ἐξανάστασιν
2654 1710 2774 1762 τῶν
2822 1711 3077 1780 νεκρῶν.
3126 1716 3239 1769 Καὶ
3290 1719 3427 1787 πρὸς
3489 1719 3759 1776 Θεσσαλο-

2178 1795 2345 1822 νιυρτ-
2373 1810 2388 1822 .
2441 1796 2502 1822 ιη
2538 1798 2644 1822 μὲ.-
2694 1813 2733 1822 _.
2766 1802 2932 1822 _.._-,-_
2974 1820 3028 1822 ,4,
3095 1804 3119 1822 αι
3213 1803 3259 1822 ο.
3389 1809 3413 1820 ο
3490 1812 3503 1822 .
3573 1811 3620 1822 .-

475 1805 748 1866 resurgant
775 1800 1002 1867 primi“.
1031 1796 1099 1852 Et
1156 1801 1208 1855 in
1264 1803 1439 1872 prima
1474 1806 1543 1859 ad
1599 1807 1910 1864 Corinthios
1953 1809 2052 1882 Epi

2178 1795 2345 1856 νικείς
2373 1810 2388 1824 ο
2437 1796 2502 1849 El
2538 1798 2646 1864 γὰρ
2686 1802 3053 1872 πιστεύομεν
3084 1804 3173 1859 ὅτι
3213 1803 3453 1876 Ἰησοῦς
3471 1811 3755 1879 ἀπέθανε,

475 1885 734 1942 stoia:Si
812 1890 1024 1944 omnino
1077 1894 1272 1946 mortui
1307 1908 1409 1949 non
1486 1908 1779 1968 resurgant,
1829 1912 1883 1955 ut
1948 1904 2074 1973 quid

472 1978 813 2047 baptizantur
842 1997 939 2049 pro
956 1981 1063 2037 illis
1086 1982 1133 2041 ‘?
1152 1994 1209 2037 et
1235 1986 1464 2057 reliqua.
1498 1984 1565 2045 Et
1595 2006 1707 2045 uno
1726 1993 1893 2047 verbo
1917 2011 2070 2064 quae-

471 2084 689 2140 cunque
722 2070 854 2125 mihi
887 2074 1149 2144 suggessit
1197 2076 1340 2133 Deus
1368 2112 1384 2145 ,
1410 2096 1512 2153 ego
1542 2082 1652 2137 dixi
1689 2083 1761 2138 illi
1797 2085 1865 2140 de
1895 2103 2073 2142 resur-

471 2164 715 2219 rectione
735 2175 1074 2223 mortuorum
1105 2184 1124 2223 :
1157 2178 1213 2225 et
1243 2186 1337 2225 ore
1355 2172 1573 2241 quidem
1601 2178 1950 2234 exsecrabilis
1978 2180 2069 2235 ille

469 2254 694 2310 credere
727 2255 1018 2324 fatebatur,
1061 2272 1165 2316 non
1201 2262 1408 2319 habens
1432 2266 1563 2334 quid
1593 2267 1698 2322 illis
1716 2279 2058 2339 opponeret;

468 2343 562 2398 sed
596 2353 712 2399 erat
746 2345 979 2402 infidelis
1008 2351 1214 2417 animo,
1248 2369 1374 2409 vere
1406 2355 1643 2412 infidelis
1677 2361 1769 2428 qui
1826 2360 2061 2416 oblatam

468 2425 668 2500 lucem,
702 2446 760 2491 ut
787 2445 904 2492 erat
932 2442 1171 2497 tenebris
1202 2446 1517 2508 immersus.
1550 2448 1846 2506 deliberata
1897 2470 2053 2511 meno

472 2529 523 2578 te
553 2525 772 2580 nolebat
793 2526 979 2583 videre
1014 2546 1028 2582 :
1058 2540 1177 2585 erat
1210 2535 1357 2588 enim
1386 2534 1602 2592 Satanae
1635 2542 1942 2610 Operarius,
1997 2554 2055 2601 et

466 2618 767 2686 apostolus,
812 2627 929 2674 uta
960 2621 1143 2677 multis
1166 2626 1256 2694 qui
1294 2643 1419 2681 eum
1453 2633 1873 2702 cognoscebant,
1909 2637 2054 2691 dein-

467 2724 601 2778 ceps
628 2710 815 2766 didici.
849 2704 1050 2768 Verum
1085 2731 1150 2770 ex
1181 2719 1365 2774 divina
1392 2720 1754 2791 dispositione
1780 2727 1833 2780 in
1854 2727 2052 2797 hujus-

469 2801 616 2856 iuodi
646 2817 836 2857 canem
874 2818 962 2858 me
1000 2805 1240 2865 incidere
1268 2813 1516 2883 contigit,
1549 2823 1608 2870 ut
1639 2817 1705 2873 ad
1732 2818 1899 2875 hosce
1959 2820 2060 2875 im-

465 2893 588 2962 pius
623 2895 874 2955 homines
946 2903 1143 2958 melius
1196 2921 1262 2959 ac
1288 2906 1586 2975 perfectius
1635 2913 2055 2980 cognoscendus

2174 1883 2270 1936 καὶ
2290 1882 2535 1952 ἀνέστη,
2567 1888 2664 1940 καὶ
2689 1891 2743 1943 οἱ
2772 1891 2972 1959 νεκροὶ
2992 1892 3061 1943 ἐν
3100 1894 3334 1962 Χριστῷ
3368 1898 3753 1965 ἀναστήσον-

2172 1992 2267 2029 ται
2314 1974 2571 2044 πρῶτον.
2623 1980 2729 2031 Καὶ
2787 1980 2847 2035 ὲν
2879 1984 2946 2053 τῇ
2985 1983 3123 2054 πρὸς
3179 1986 3506 2052 Κορινθίους
3550 1989 3748 2065 πρώτῃ

2185 2067 2477 2140 Ἐπιστολῇ
2509 2085 2522 2101 ⁸
2579 2073 2648 2124 El
2692 2071 2848 2139 ὅλως
2894 2077 3097 2143 νεκροὶ
3153 2081 3266 2132 οὐκ
3308 2078 3660 2148 ἐγείρονται,
3694 2083 3756 2138 τι

2163 2159 2554 2225 βαπτίζονται
2580 2163 2733 2231 ὑπὲρ
2759 2163 2879 2217 τῶν
2909 2166 3177 2234 νεκρῶν;
3209 2170 3302 2223 καὶ
3324 2171 3391 2223 τὰ
3422 2171 3605 2228 λοιπά.
3643 2175 3754 2228 Καὶ

2167 2252 2357 2316 ἁπλῶς
2408 2255 2507 2308 ὅσα
2547 2258 2575 2308 6
2609 2255 2741 2320 Θεὸς
2800 2257 3003 2313 ἔδωκεν
3039 2256 3194 2315 εἷπον
3241 2262 3394 2334 αὑτῷ
3450 2267 3579 2337 περὶ
3648 2268 3750 2337 τῆς

2167 2345 2520 2410 ἀναστάσεως
2550 2349 2661 2402 τῶν
2689 2349 2921 2419 νεκρῶν,
2957 2353 3053 2406 καὶ
3099 2354 3336 2424 στόματι
3378 2355 3480 2426 μὲν
3510 2359 3538 2410 6
3568 2360 3740 2413 κατάιι

2168 2453 2330 2506 pars;
2377 2439 2647 2511 ὡμολόγει
2679 2443 2979 2508 πιστεύειν,
3036 2444 3113 2515 μὴ
3161 2445 3302 2517 ἔχων
3340 2464 3394 2500 τι
3446 2450 3745 2520 ἀντιφθέγ-

2167 2529 2363 2595 ξασθαι
2419 2532 2558 2602 πρὸς
2627 2532 2798 2587 ταῦτα
2828 2550 2841 2564 ο
2883 2538 2948 2605 τῇ
2993 2537 3189 2610 γνώμῃ
3230 2537 3278 2592 δ’
3319 2534 3388 2611 ἦν
3429 2543 3456 2593 ὁ
3486 2542 3744 2610 ἄπιστος,

2163 2621 2417 2689 ἄπιστος,
2461 2627 2556 2676 καὶ
2611 2624 2674 2678 τὸ
2735 2625 2852 2694 φῶς
2899 2627 3042 2680 ἑκὼν
3089 2628 3164 2698 μὴ
3223 2628 3392 2682 θέλων
3451 2631 3672 2701 βλέπειν
3717 2635 3746 2687 6

2162 2714 2557 2785 ὲσκοτισμένος
2585 2732 2599 2747 ·
2632 2719 2877 2788 ἐργάτης
2918 2720 3026 2790 γὰρ
3059 2715 3126 2792 ἦν
3166 2722 3193 2772 6
3229 2722 3474 2785 τοιοῦτος
3506 2723 3601 2777 τοῦ
3638 2725 3743 2778 Σα-

2148 2798 2321 2871 τανᾶ,
2347 2811 2441 2861 κα.)⁵
2462 2809 2781 2875 ἀπόστολος,
2809 2810 2883 2873 ὼς
2906 2814 3060 2881 παρὰ
3085 2813 3300 2867 πολλῶν
3328 2816 3548 2868 εἰδότων
3576 2817 3741 2870 αὑτὸν

2163 2895 2416 2971 ὕστερον,
2461 2900 2687 2971 ἔμαθον.
2725 2904 2799 2956 Τὸ
2827 2904 2883 2959 δὲ
2926 2903 3021 2958 τοῦ
3052 2905 3299 2959 τοιούτου
3349 2908 3515 2970 κυνὸς
3548 2911 3744 2964 συνάνε·

468 2992 590 3040 mea
630 3003 788 3043 mens
851 2993 1207 3052 excitaretur.
1277 2996 1615 3070 Discipulum
1687 3003 1833 3057 enim
1864 3020 2044 3060 meum

2158 3005 2308 3061 τημα
2339 2992 2403 3044 ἐκ
2446 2990 2594 3055 θείας
2631 2993 2945 3064 οἰκονομίας
2977 2995 3178 3065 συνέϐη
3210 2999 3288 3059 είς
3318 2996 3418 3066 ἐμὲ
3461 2998 3738 3065 γενέσθαι,

462 3086 590 3130 cum
670 3092 773 3149 ego
833 3078 1209 3156 Hierosolyma
1261 3087 1659 3156 discessissem,
1720 3092 2051 3151 invenerunt

462 3167 556 3236 qui
579 3166 845 3226 eadcmac
862 3173 1120 3242 praefatus
1143 3176 1468 3249 illeimpins,
1503 3181 1830 3250 sentiebant,
1881 3185 2047 3254 eique

461 3272 875 3331 persuaserunt,
916 3280 1039 3321 cum
1075 3267 1391 3326 illitteratus
1410 3283 1577 3340 esset,
1625 3283 1681 3329 et
1744 3275 1934 3341 idiota,
1991 3285 2050 3334 ut

463 3364 657 3405 eorum
687 3356 979 3412 sententiae
998 3373 1056 3412 se
1075 3360 1417 3432 adjungeret,
1438 3372 1494 3418 et
1518 3365 1835 3436 neutiquam
1873 3366 2041 3422 Deum

461 3440 555 3510 qui
581 3452 665 3498 est
693 3442 749 3498 in
770 3445 955 3511 caelis,
984 3448 1255 3520 crederet,
1277 3452 1376 3508 sed
1400 3454 1587 3509 mundi
1616 3455 1781 3527 hujus
1839 3458 2047 3528 princi-

462 3547 588 3601 pem
627 3534 721 3604 qui
765 3543 851 3592 est
895 3537 1166 3597 diabolus.

528 3794 664 3851 Cum
697 3806 876 3854 autem
907 3817 992 3857 me
1026 3819 1057 3858 a
1089 3800 1230 3862 malo
1253 3802 1344 3864 illo
1377 3811 1581 3867 comite
1628 3808 2043 3884 disjunxisscm,

457 3896 515 3944 et
535 3903 600 3944 ex
618 3904 681 3946 ea
708 3906 870 3962 quam
905 3895 1038 3962 dixi,
1108 3913 1284 3970 usque
1320 3900 1747 3976 Hierosolymam
1807 3910 2045 3980 peregri-

457 3982 679 4037 natione
705 4000 963 4043 reversus
1020 4005 1221 4054 essem,
1256 3993 1312 4048 in
1348 3998 1647 4052 venerabili
1704 4003 2045 4059 monasterio

456 4066 784 4147 Peribleptze
809 4080 1071 4137 miserum
1116 4100 1300 4140 meum
1363 4087 1693 4159 discipulum
1750 4092 2042 4164 deceptum

455 4164 1029 4227 inveni.Circumcunt
1056 4174 1201 4229 enim
1232 4176 1385 4248 impii
1417 4179 1525 4246 isti,
1551 4190 1604 4236 et
1625 4182 1678 4236 in
1708 4183 1957 4251 urbibus,
1990 4194 2046 4242 et

453 4265 609 4313 extra
639 4258 843 4331 ubique
883 4263 1166 4322 docentes.
1234 4269 1303 4324 At
1349 4284 1482 4326 vero
1538 4272 1843 4344 discipulus
1866 4293 2039 4343 meus,

2160 3083 2298 3153 πρὸς
2335 3084 2397 3137 τὺ
2428 3084 2705 3155 διαγεῖραί
2743 3103 2845 3156 μου
2888 3086 2978 3139 τὸν
3016 3087 3142 3140 νοῦν
3174 3089 3253 3148 είς
3299 3088 3612 3159 ἀκρίϐειαν,
3644 3091 3739 3142 καὶ

2157 3176 2432 3246 προσοχὴν
2455 3178 2563 3233 τῶν
2589 3178 2852 3231 τοιούτων
2879 3178 3112 3232 ἀσεϐῶν.
3151 3175 3417 3251 Μαθητὴν
3448 3181 3556 3252 γὰρ
3582 3180 3736 3251 ἐμὸν,

2154 3268 2565 3338 ἀποδημοῦντός
2618 3289 2720 3341 μου
2767 3273 2826 3325 ὲν
2868 3271 3287 3343 Ἱεροσολύμοις,
3340 3270 3501 3344 εὗρον
3538 3275 3589 3329 oi
3637 3275 3733 3328 τοῦ

2156 3362 2548 3433 προλεχθέντος
2580 3362 2808 3427 ἀσεϐοῦς
2838 3365 3164 3434 ὁμόφρονες,
3192 3365 3286 3418 καὶ⁵
3316 3365 3545 3419 ἔπεισαν
3566 3368 3733 3422 αὑτὸν

2154 3452 2520 3521 ἀγράμματον
2557 3452 2686 3506 ὄντα
2727 3455 2822 3506 καὶ
2867 3453 3107 3525 ἰδιώτην,
3163 3455 3242 3527 τῷ
3271 3455 3485 3509 ἑαυτῶν
3524 3458 3733 3528 φρονή-

2157 3559 2290 3613 ματι
2316 3544 2751 3616 συνεπαρθῆναι,
2788 3546 2883 3598 καὶ
2920 3546 3169 3618 μηδόῖως
3196 3547 3478 3601 πιστεύειν
3510 3549 3645 3601 Θεὸν
3672 3551 3732 3602 ὲν

2152 3635 2425 3704 οὐρανοῖς,
2461 3636 2598 3689 ἀλλὰ
2642 3636 2734 3690 τὸν
2765 3638 3002 3708 ἄρχοντα
3049 3638 3144 3691 τοῦ
3174 3639 3381 3709 κόσμου
3422 3640 3637 3706 τούτου,
3669 3642 3731 3705 6;
3768 3652 3773 3657 ‘

2153 3728 2303 3780 ἐστιν
2338 3728 2367 3778 6
2401 3727 2574 3781 διάϐο)
2587 3744 2665 3792 ος.
3506 3792 3514 3800 κ

2226 3820 2419 3890 Ὅμως
2446 3822 2849 3892 ἀποχωρισθεὶς
2888 3825 2984 3879 τοῦ
3018 3824 3263 3880 τοιούτου
3305 3823 3476 3879 κακοῦ
3519 3824 3728 3901 συνοδίο

2150 3927 2267 3977 του,
2296 3912 2392 3965 καὶ
2429 3914 2495 3966 ἐκ
2524 3914 2624 3983 τῆς
2658 3915 2995 3988 ἀποδημίας,
3017 3918 3092 3981 ῶς
3126 3914 3303 3977 εἷπον,
3339 3918 3446 3971 τῶν
3494 3916 3696 3987 Ἰεροπο

2149 4003 2336 4074 λύμων
2387 4005 2719 4074 επανελθὼν,
2766 4011 2824 4063 ἐν
2869 4009 2949 4081 τῷ
2998 4010 3195 4079 εὑαγεῖ
3238 4001 3591 4083 μοναστηρίῳ
3625 4014 3722 4082 τῆς

2153 4093 2524 4165 Περιόλέπτου
2569 4092 2735 4168 εὗρον
2783 4098 2877 4152 τδν
2903 4100 3160 4154 ταπεινὸν
3193 4099 3295 4169 μοῦ
3328 4103 3576 4173 μαθητὴν
3599 4104 3730 4156 ἀπο-

2150 4184 2521 4254 πλανηθέντα.
2553 4189 2947 4258 Περινοστοῦσι
2990 4193 3101 4263 γὰρ
3141 4194 3190 4246 οἱ
3221 4196 3452 4246 τοιοῦτοι
3484 4195 3726 4261 ἀσεϐεῖς,

2150 4277 2497 4345 διδάσκοντες
2519 4283 2797 4354 πανταχοῦ
2836 4283 2894 4337 ἐν
2922 4302 2980 4337 τε
3015 4286 3193 4350 πόλει,
3235 4286 3332 4339 καὶ
3366 4288 3423 4338 ἐν
3454 4289 3567 4350 τοῖς
3593 4288 3722 4353 ἔξω.

453 4357 517 4403 ut
551 4351 643 4419 qui
670 4350 817 4408 bono
846 4355 1032 4411 animo
1063 4368 1191 4430 erga
1223 4375 1310 4415 me
1332 4371 1496 4428 esset,
1517 4372 1572 4418 et
1621 4365 1844 4431 bonum,
1896 4372 2041 4439 quod

2160 4359 2219 4425 '0
2265 4372 2323 4425 δὲ
2369 4371 2618 4445 μαθητής
2819 4377 3080 4440 εὐνοϊκῶς
3128 4376 3321 4446 ῶσπερ
3376 4350 3726 4447 διακείμενος

450 4439 520 4494 ad
552 4455 726 4508 suam,
762 4451 824 4499 ut
857 4445 1185 4517 opinabatur
1243 4452 1428 4519 miser,
1464 4456 1754 4512 utilitatem
1802 4475 2032 4532 accepe-

451 4538 556 4597 rat,
580 4533 735 4602 quasi
781 4549 849 4590 ex
897 4538 1167 4597 charitate
1214 4544 1379 4600 etiam
1440 4562 1529 4604 me
1591 4550 1753 4604 vellet
1782 4552 2030 4617 cdocere,

450 4630 523 4678 ne
546 4638 747 4694 expers
785 4628 887 4683 vite
915 4629 1218 4699 invenirer,
1248 4652 1370 4706 qua:
1428 4641 1496 4695 ad
1565 4640 1797 4697 salutem
1859 4643 2033 4709 ducit,

446 4711 764 4783 blaspheme
800 4717 1095 4789 impietatis
1126 4727 1312 4790 verba,
1360 4743 1482 4799 quae
1503 4731 1572 4785 ab
1606 4732 1715 4788 illis
1744 4733 2032 4801 didicerat,

454 4804 711 4862 utilitatis
770 4825 906 4867 mea:
959 4814 1155 4884 gratia,
1210 4811 1466 4875 accurate
1516 4837 1605 4877 me
1663 4824 1869 4883 docuit.
1901 4827 2033 4897 Ego,

446 4902 631 4951 autem
663 4914 787 4956 cum
813 4903 929 4960 haec
956 4908 1258 4976 audissem,
1287 4919 1693 4985 terroremque,
1761 4916 1815 4971 in
1870 4933 2033 4988 quem

447 4987 744 5058 inciderat,
778 5008 1200 5068 cognoscerem,
1247 5003 1390 5071 quod
1421 5020 1484 5059 ex
1512 5007 1638 5062 mali
1684 5008 1830 5064 illius
1858 5012 2034 5067 comi-

451 5081 523 5137 tis
554 5083 827 5155 colloquio
855 5100 1096 5146 mentem
1123 5094 1191 5149 ad
1248 5094 1363 5150 haec
1427 5099 1717 5155 excitatam
1746 5101 2029 5171 haberem,

450 5183 737 5230 sermones
772 5178 892 5245 ejus
961 5181 1112 5237 velut
1148 5186 1455 5255 approbare
1480 5188 1762 5257 simulans,
1791 5193 2031 5248 vultum-

444 5276 554 5336 que
586 5277 845 5340 tanquam
881 5272 948 5330 de
980 5291 1037 5355 re
1063 5288 1214 5347 grata
1231 5282 1593 5337 exsultantem
1620 5284 1668 5339 ei
1713 5287 2028 5354 ostendens,

444 5356 715 5416 doctrina:
748 5363 891 5420 illius
934 5369 1247 5440 magistros,
1282 5381 1342 5427 ut
1371 5375 1506 5429 mihi
1544 5376 1805 5433 distincte
1837 5386 2030 5434 osten-

449 5450 627 5518 deret,
655 5466 913 5524 precatns
938 5474 1059 5516 sum
1092 5475 1107 5515 :
1139 5463 1296 5519 valde
1327 5466 1518 5522 utilius
1546 5478 1651 5533 est,
1698 5469 1911 5538 dicens,
1970 5480 2030 5527 ut

447 5541 522 5595 ab
550 5540 691 5621 Epsis
717 5549 880 5605 ambo
917 5553 1238 5610 erudiamur
1271 5572 1286 5623 ;
1322 5559 1438 5613 lleri
1468 5560 1617 5615 enim
1643 5578 1753 5618 non
1818 5568 2025 5634 potest,

564 5721 587 5755 ¹
619 5721 782 5780 Rom.
818 5742 893 5797 Iv,
932 5730 1020 5786 i7.

1130 5731 1193 5789 ⁸1
1220 5736 1341 5793 Cor.
1377 5755 1467 5810 xv,
1506 5741 1590 5797 12.
1665 5742 1684 5775 ⁸
1716 5738 1833 5799 imo
1863 5742 2096 5817 Philipp.
2129 5762 2210 5814 Ill,
2246 5746 2328 5817 i0,
2354 5747 2435 5803 il.

2144 4464 2282 4535 πρός
2328 4484 2420 4536 με,
2459 4469 2555 4521 καὶ
2590 4469 2652 4520 τὸ
2688 4466 2893 4535 ἀγαθὸν
2927 4466 3088 4535 δῆθεν
3112 4469 3248 4538 ὅπερ
3289 4466 3609 4539 μεμάθηκεν
3636 4471 3719 4532 είς

2139 4555 2387 4626 ῶφέλεαν
2420 4558 2606 4620 αὑτοῦ,
2640 4558 2715 4623 ὼς
2746 4556 3130 4630 ὑπελάμϐανεν
3160 4560 3186 4609 6
3215 4558 3417 4622 ἄθλιος,
3453 4558 3716 4630 βουλόμε-

2139 4665 2229 4712 νος
2250 4649 2397 4720 κάμὲ
2423 4650 2498 4713 ῶς
2525 4650 2585 4713 ἐξ
2606 4650 2828 4718 ἀγάπης
2846 4649 3002 4701 τοῦτο
3024 4646 3255 4712 διδάξαι,
3280 4649 3367 4700 ἴνα
3389 4650 3463 4720 μὴ
3490 4649 3722 4719 ἄμοιρος

2143 4740 2477 4810 καταληφθῶ
2517 4744 2617 4811 τῆς
2659 4741 2797 4813 πρὸς
2828 4739 3108 4811 σωτηρίαν
3148 4740 3422 4810 φερούσης
3457 4740 3600 4803 ὀδοῦ,
3641 4740 3720 4803 ὡς

2140 4831 2380 4899 ὑπενόει,
2439 4822 2508 4885 τά
2561 4837 2662 4905 τῆς
2723 4833 3004 4896 ἀσεϐείας,
3065 4833 3226 4904 χάριν
3257 4833 3533 4901 ὠφελείας
3589 4850 3715 4903 μου,

2137 4922 2436 4993 βλάσφημα
2457 4924 2680 4996 ῥήματα
2703 4925 2982 4995 ἐπιμελῶς
3011 4926 3329 4980 ἀνεδίδασκὲ
3360 4943 3427 4995 με
3458 4927 3558 4979 ὅσα
3581 4926 3716 4994 παρ’

2135 5013 2315 5068 αὑτῶν
2371 5017 2712 5086 μεμάθηκεν.
2755 5017 2900 5084 Ἐγὼ
2956 5018 3014 5070 δὲ
3051 5016 3259 5071 τούτων
3309 5018 3573 5082 ἀκούσας,
3620 5018 3717 5071 καὶ

2134 5107 2232 5178 τὴν
2266 5106 2476 5180 πλάνην
2508 5112 2574 5181 ἢν
2623 5111 2833 5181 ὑπέστη
2866 5112 3074 5188 συνεὶς,
3105 5112 3540 5184 διεγεγηρμένον
3575 5112 3715 5180 ἔχων

2131 5199 2224 5253 τδν
2259 5200 2384 5254 νοῦν
2411 5202 2493 5264 είς
2514 5201 2690 5256 ταῦτα
2717 5204 2781 5255 ἐκ
2818 5204 2919 5272 τῆς
2948 5202 3042 5256 τοῦ
3078 5204 3252 5257 κακοῦ
3279 5203 3558 5256 συνοδίτου
3593 5203 3713 5255 δια-

2132 5290 2353 5358 λέξεως,
2393 5294 2451 5346 ἐν
2484 5293 2778 5366 ὑποκρίσει
2798 5296 2924 5357 τοὺς
2952 5295 3119 5348 αὑτοῦ
3147 5295 3336 5363 λόγους
3363 5287 3555 5364 ῶσπερ
3577 5295 3715 5347 ἁπο-

2132 5381 2451 5452 δεξάμενος,
2494 5386 2592 5440 καὶ
2644 5384 3130 5457 χαριεντιζόμενον
3164 5388 3515 5457 προσωπεῖον
3562 5383 3709 5455 αὐτῷ

2133 5475 2442 5542 ὑποδείξας,
2504 5477 2633 5541 τοὺς
2679 5477 3038 5543 διδασκάλους
3091 5479 3309 5550 ἐκείνης
3362 5479 3709 5549 παρεκάλουν

2133 5563 2295 5619 αὑτὸν
2328 5564 2602 5636 ἐπιμελῶς
2630 5567 2905 5633 ὑποδεῖξαί
2949 5584 3041 5639 μοι
3063 5583 3078 5599 ·
3118 5569 3194 5633 ὡς
3228 5566 3534 5637 κρείττονος
3562 5566 3707 5637 ὠφε-

2551 5748 2571 5780 ”
2594 5747 2615 5802 l
2642 5745 2722 5802 Th
2747 5761 2835 5802 ss.
2870 5761 2946 5801 tv.
2990 5747 3073 5802 id.
3153 5747 3172 5780 '
3205 5747 3229 5802 Ι
3267 5746 3392 5804 Cor.
3433 5745 3630 5813 xv,99.
