4104 6416
459 404 531 473 b5

1683 410 2074 472 EUTHYMII
2113 410 2478 472 ZlGABENI

3656 405 3737 479 56

457 531 519 579 ct
550 523 813 595 deceptus
850 520 1155 596 discipulus
1204 526 1338 583 mihi
1392 524 1740 593 enuntiavit;
1785 535 1843 582 et
1895 541 2058 581 veros

2164 526 2347 592 ἑξεῖπέ
2385 542 2474 593 μοι
2503 540 2518 555 ·
2557 532 2650 576 καὶ
2684 523 2973 596 ἀληθινοὺς
3004 525 3378 595 Χριστιανοὺς
3402 527 3565 581 αὐτοὶ
3611 531 3742 583 ἐαυ·

461 613 808 671 Cbristianos
840 617 1052 688 seipsos
1086 629 1302 674 vocant.

532 709 644 779 Ego
677 724 803 763 vero
833 725 943 765 non
974 712 1171 774 audeo,
1227 710 1448 776 fratres,
1505 710 1892 783 hujuscemodi
1952 709 2050 763 im~

457 801 675 872 piorum
696 802 1087 873 blasphemias,
1132 820 1267 872 quas
1303 814 1496 860 contra
1550 805 1845 874 pretiosam
1873 812 1929 858 et
1974 803 2056 858 vi-
2098 880 2103 885 ο

462 894 677 949 viﬁcam
714 910 958 958 crucem.
993 908 1344 968 sanctasque,
1382 906 1438 952 et
1458 896 1801 952 venerabiles
1864 894 2054 968 imagi-

464 1001 584 1051 nes,
618 995 673 1041 et
703 996 894 1041 contra
938 990 1115 1058 ipsum
1152 989 1429 1044 Christum
1491 990 1770 1058 Deumque
1802 995 2051 1044 nostrum

459 1078 688 1133 sceleste
723 1079 1029 1146 proferunt,
1066 1082 1261 1136 litteris
1288 1062 1526 1147 tradere,
1563 1097 1703 1152 quas
1749 1096 1933 1151 neque
1966 1081 2052 1135 in-

460 1168 651 1225 ﬁdeles
677 1171 1352 1238 Hebraziaudeutdicere,
1409 1182 1466 1229 et
1523 1187 1707 1229 tamen
1768 1175 1943 1229 dolosi
1994 1176 2050 1229 in

459 1264 643 1317 medio
675 1274 925 1320 nostrum
969 1266 1335 1332 ambulantes,
1372 1275 1429 1322 et
1472 1276 1868 1323 conversantes
1925 1282 2050 1322 cum

458 1356 973 1425 liypocrisi,omnia
1005 1359 1293 1415 nobiscum
1350 1359 1559 1415 sentire
1611 1360 1889 1416 videntur.
1944 1359 2046 1416 Ec-

458 1447 659 1503 clesias
690 1449 967 1504 aediﬁcant
995 1451 1174 1521 impii,
1201 1452 1347 1507 sicut
1386 1454 1490 1524 ipsi
1550 1454 1668 1509 haec
1691 1455 1877 1508 omnia
1912 1469 2047 1508 con-

457 1537 589 1591 fessi
615 1550 765 1603 sunt,
809 1555 918 1594 non
942 1555 1008 1595 es
1040 1542 1167 1607 ﬁde,
1201 1544 1294 1599 sed
1334 1554 1390 1599 ut
1418 1559 1514 1599 eas
1550 1544 1804 1610 illudant,
1830 1554 1887 1599 et
1918 1561 2053 1599 con-

458 1630 748 1695 taminent,
791 1647 918 1687 cum
948 1633 1002 1687 in
1043 1634 1159 1704 ipso
1194 1635 1351 1690 altari
1395 1636 1662 1692 obscenos
1710 1647 1887 1701 actus,
1933 1648 2054 1693 tur-

454 1737 666 1792 pesque
695 1725 880 1782 coitus
918 1726 1101 1782 facere
1130 1742 1240 1782 non
1265 1729 1618 1783 abhorreant.
1655 1728 1893 1800 Pingunt
1923 1730 2050 1785 item

457 1811 749 1883 imagines,
783 1829 899 1868 non
923 1830 990 1869 ex
1020 1816 1148 1879 ﬁde,
1174 1818 1273 1873 sed
1327 1828 1388 1873 ut
1425 1834 1517 1873 eas
1564 1819 1763 1888 injuria
1818 1821 2054 1875 alliciant

2160 617 2289 678 τοὺς
2317 614 2697 685 ὀνομάζουσιν.

2232 707 2306 759 Οὐ
2335 704 2519 775 τολμῶ
2550 705 2630 768 δὲ,
2670 704 2916 776 ἀδελφοὶ,
2953 705 3053 770 τὰς
3086 707 3193 761 τῶν
3219 709 3485 764 τοιούτων
3524 709 3742 765 ἀσεϐῶν

2163 800 2534 871 βλασφημίας,
2579 797 2645 863 ἃς
2692 800 2834 853 κατά
2886 798 2983 854 τοῦ
3053 800 3239 871 τιμίου
3317 804 3412 856 καί⁵
3470 801 3740 869 ζωοποιοῠ

2162 892 2423 963 σταυροῦ,
2458 891 2550 943 καὶ
2578 891 2688 944 τῶν
2721 891 2919 961 ἁγίων,
2954 894 3049 945 καὶ
3085 893 3304 948 σεπτῶν
3357 896 3610 959 εἰκόνων,
3644 896 3743 950 καὶ

2162 991 2282 1043 κατ’
2313 986 2480 1041 αὐτοῦ
2510 986 2603 1039 τοῦ
2634 988 2874 1055 Χριστοῦ
2908 987 3003 1042 καὶ
3033 988 3169 1040 Θεοῦ
3195 988 3354 1059 ἡμῶν
3381 988 3743 1060 βλασφημοῦ-

2163 1098 2267 1145 σιν,
2295 1082 2594 1152 ἐγγράφως
2620 1083 2902 1149 ἐκθέσθαι,
2925 1083 2994 1146 ἃς
3015 1085 3137 1138 οὐδὲ
3162 1086 3209 1138 οἰ
3237 1085 3461 1138 ἄπιστοι
3499 1088 3741 1158 Ἑϐραῖοι

2159 1173 2437 1241 τολμῶσιν
2472 1176 2649 1228 εἰπεῖν
2679 1192 2692 1206 ·
2728 1175 2880 1246 ὅμως
2911 1179 2960 1229 οἱ
2995 1176 3159 1231 δόλιοι
3191 1178 3361 1246 μέσον
3423 1180 3582 1249 ἡμῶν
3633 1198 3739 1234 πε-

2163 1265 2672 1337 ριπατοῦντεςικαὶ
2712 1271 3293 1339 συναναστρεφόμενοι
3330 1274 3400 1334 ,ὲν
3442 1274 3738 1343 ὑποκρίσει

2162 1356 2445 1425 φαίνονται
2486 1358 2555 1411 τὰ
2579 1360 2840 1429 ἡμέτερα
2871 1358 3048 1412 πάντα
3075 1361 3419 1429 φρονοῦντες.
3450 1365 3744 1426 κτίζουσιν

2161 1451 2461 1521 ἐκκλησίας
2510 1451 2561 1504 οἰ
2601 1452 2840 1516 ἀσεϐεῖς,
2888 1451 3075 1515 καθὼς
3121 1454 3277 1506 αὐτοὶ
3329 1454 3506 1508 ταῦτα
3564 1458 3743 1512 πάντα

2160 1540 2546 1612 ὡμολόγησαν,
2589 1543 2650 1596 οὐ
2686 1542 2893 1606 πίστει,
2921 1543 3041 1596 ἀλλ’
3080 1547 3160 1607 εἰς
3192 1545 3254 1597 τὸ
3289 1546 3616 1615 ὲμπαίζειν,υ
3638 1550 3740 1602 καὶ⁵

2163 1634 2403 1703 μιαίνειν
2434 1634 2630 1699 αὐτὰς,
2662 1636 2722 1687 ἐν
2759 1635 2918 1704 αὐτῷ
2954 1634 3033 1703 τῷ
3058 1634 3439 1708 θυσιαστηρίῳ
3481 1640 3581 1701 τὰς
3619 1657 3749 1708 μιαι-

2164 1724 2266 1794 ράς
2299 1723 2553 1795 πράξεις,
2584 1725 2679 1778 καὶ
2720 1726 2901 1795 μίξεις
2933 1725 3170 1795 αἰσχρὰς
3206 1730 3383 1780 ποιεῖν
3431 1729 3506 1800 μὴ
3538 1745 3744 1800 παραι-

2160 1817 2443 1886 τούμενοι.
2487 1816 2886 1888 Ζωγραφοῦσιν
2943 1819 3205 1883 εἰκόνας,
3262 1820 3323 1872 οὐ
3365 1820 3572 1888 πίστει,
3625 1820 3743 1876 ἀλλ’

457 1911 515 1955 et
546 1901 858 1970 inquinent.
918 1903 1155 1961 Faciunt
1202 1923 1417 1975 cruces,
1449 1920 1507 1964 ut
1543 1924 1639 1964 eas
1695 1912 2051 1973 conculcent,

2164 1911 2237 1972 εἰς
2271 1908 2331 1961 τὸ
2384 1909 2658 1980 ὑϐρίζειν,
2686 1910 2780 1962 καὶ
2819 1908 3054 1977 μιαίνειν
3085 1909 3275 1972 αὑτάς.
3316 1911 3538 1965 Ποιοῦσι
3580 1929 3745 1965 σταυ-

458 2001 518 2047 ct
545 1993 779 2049 laedent.
812 1997 1189 2054 Exseera‘uiics
1212 2016 1404 2055 eorum
1438 2002 1675 2058 infantes
1699 2004 1755 2057 in
1799 2005 2052 2059 ecclesiis

456 2085 758 2140 manifeste
790 2087 1118 2157 baptizant:
1163 2090 1387 2145 domum
1411 2094 1594 2146 autem
1664 2096 1868 2148 reversi
1912 2112 2052 2164 aqua

454 2187 844 2247 Conspurcata,
877 2191 933 2235 et
960 2182 1138 2238 urinis
1167 2198 1262 2239 eos
1295 2184 1501 2250 lavant,
1537 2194 1594 2240 et
1619 2188 1847 2258 spongia
1872 2188 2054 2243 deter-

456 2281 614 2343 gunt,
685 2274 1018 2329 diabolicum
1067 2291 1233 2347 super
1293 2277 1414 2332 illos
1462 2292 1682 2331 carmen
1738 2278 2050 2343 recitantes,

456 2378 663 2434 easque
694 2380 761 2420 ex
803 2367 1090 2423 ablatione
1119 2368 1314 2425 sordes
1360 2368 1417 2423 in
1474 2378 1690 2439 turpem
1740 2370 2054 2441 foedumque

455 2457 643 2512 locum
695 2459 1017 2527 eﬁ'undunt,
1048 2476 1079 2517 a
1121 2462 1299 2517 sancti
1354 2462 1698 2533 baptismatis
1753 2464 1928 2534 gratia
1982 2465 2054 2518 ita

456 2565 554 2604 eos
581 2551 822 2607 alienare
855 2554 1184 2624 cOgitantes.
1220 2553 1306 2608 Ad
1343 2553 1696 2609 immaculata
1757 2565 1813 2609 et
1842 2555 2054 2610 viviﬁca

456 2644 726 2713 myswria
766 2646 1035 2701 sumenda
1083 2661 1194 2700 non
1222 2645 1396 2715 jejuni
1428 2648 1698 2702 accedunt
1732 2668 1745 2701 :
1777 2663 1840 2703 ac
1868 2648 1911 2703 si
1961 2663 2056 2702 eos

455 2735 634 2792 latere
663 2738 965 2808 contingat,
1019 2754 1147 2793 vere
1210 2738 1427 2794 scelesti
1462 2748 1650 2795 sancta
1680 2751 1977 2811 exspuunt,
2002 2751 2058 2796 et

457 2832 807 2896 conculcant,
839 2846 901 2886 ea
934 2848 1131 2902 panem
1170 2832 1467 2903 vinumque
1524 2848 1872 2890 communem
1935 2833 2053 2888 cxi-

457 2920 769 2977 stimautes.

529 3037 642 3092 Nec
680 3035 882 3093 “Edam
914 3036 1059 3093 banc
1088 3038 1425 3110 impietatem
1472 3037 1892 3094 cxsecrabilium
1936 3052 2055 3090 ma—

460 3130 754 3202 gistrorum
785 3130 1042 3201 discipuli
1072 3131 1259 3185 statim
1318 3146 1384 3186 ac
1420 3131 1571 3186 brevi
1628 3140 1839 3201 queunt
1898 3130 2055 3184 aditi-

2162 2002 2291 2073 ρους
2318 2005 2399 2063 εἰς
2431 2002 2492 2054 τὸ
2537 2003 2899 2066 καταπατεῖν,
2942 2001 3039 2054 καὶ
3075 2002 3318 2071 μιαίνειν
3371 2003 3572 2067 αὐτούς
3601 2018 3614 2033 .
3645 2005 3745 2072 βα,

2163 2095 2417 2158 πτίζουσι
2444 2096 2511 2147 τὰ
2542 2093 2679 2149 ἄθεα
2725 2095 2907 2147 αὐτῶν
2944 2096 3119 2166 νήπια
3175 2096 3235 2148 ὲν
3276 2095 3601 2162 ἐκκλησίαις
3633 2115 3741 2161 φα-

2161 2190 2353 2259 νερῶς,
2393 2186 2534 2241 οἴκοι
2569 2187 2626 2239 δὲ
2664 2186 3003 2250 ἀπελθὸντες
3054 2187 3570 2255 ἁποσπογγίζουσιν
3600 2190 3744 2245 αὑτά

2160 2283 2493 2354 ὲξανάτριχα
2517 2282 2659 2352 μετά
2708 2283 3096 2353 μεμιασμένου
3153 2280 3493 2349 ὖδατος,καί
3539 2281 3744 2354 οΰρων,

2161 2379 2710 2440 ὑπαναγινιύσκοντες
2757 2375 2944 2440 αὐτοῖς
3014 2375 3331 2445 Σατανικὴν
3369 2377 3611 2448 ἐπῳδὴν,
3646 2378 3745 2432 καὶ

2160 2473 2221 2525 τὸ
2249 2471 2495 2525 τοιοῦτον
2517 2470 2813 2538 ἀπόλουμα
2840 2468 3063 2539 χέουσιν
3095 2471 3153 2524 ἐν
3223 2471 3439 2541 αἰσχρῷ
3466 2472 3620 2540 τόπῳ
3648 2472 3748 2525 καὶ

2167 2566 2370 2637 μιαρῷ,
2403 2562 2904 2634 ἀπαλλοτριοῦντες
2932 2564 3074 2617 αὑτά
3104 2562 3206 2634 τῆς
3222 2566 3449 2634 χάριτος
3471 2563 3567 2616 τοῦ
3585 2564 3745 2631 ἁγίου

2169 2658 2573 2731 βαπτίσματοςζ
2603 2655 2939 2710 Κοινωνοῦσι
2981 2656 3091 2709 τῶν
3137 2656 3426 2725 ἀχράντων
3488 2656 3584 2709 καὶ
3610 2655 3748 2721 {mo-

2165 2753 2336 2806 ποιῶν
2361 2748 2700 2819 μυστηρίων,
2731 2749 2791 2802 οὐ
2818 2752 3038 2822 νήστεις
3057 2765 3073 2781 ο
3098 2749 3221 2803 εἰδὲ
3249 2751 3341 2804 καὶ
3362 2748 3550 2803 λαθεῖν
3580 2751 3744 2818 δυνηδ

2164 2843 2321 2907 θῶσι,
2350 2839 2586 2894 πτύουσι
2612 2838 2682 2892 τὰ
2725 2838 2881 2905 ἅγια,
2913 2843 3007 2894 καὶ
3047 2839 3461 2894 καταπατοῦσιν
3494 2841 3554 2892 οἰ
3582 2857 3742 2911 παμ-

2168 2940 2380 3009 μίαροι,
2422 2933 2604 2987 κοινὸν
2644 2932 2810 3002 ἄρτον
2842 2933 3020 2986 ταῦτα
3040 2935 3136 2986 καὶ
3167 2928 3311 2986 οἶνον
3343 2933 3656 3001 ἡγούμενοι.
3719 2960 3741 2969 κ

2235 3035 2343 3087 Καὶ
2372 3034 2495 3089 οὐδὲ
2530 3036 2686 3088 αὐτοὶ
2727 3035 2776 3085 οἰ
2812 3030 2964 3101 παρὰ
2996 3027 3108 3081 τῶν
3133 3028 3309 3081 ἀθέων
3365 3026 3748 3095 μαθητευόμε-

2164 3146 2245 3181 νοι
2266 3127 2821 3196 δύνανταιισυντόμως
2844 3123 3051 3192 ταύτην
3070 3122 3167 3192 τὴν
3194 3121 3398 3193 μιαρὰν
3418 3122 3746 3187 ἑπαινοὴσαι

459 3243 636 3283 scere.
670 3223 962 3282 Tironibus
985 3222 1132 3280 enim
1153 3220 1439 3292 discipulis
1464 3222 1738 3279 intensum
1762 3221 2056 3292 jejunium,

2165 3220 2447 3274 ἀσέϐειαν.
2490 3220 2854 3284 Κανονίζουσι
2887 3219 2995 3287 γὰρ
3044 3216 3175 3278 τοὺς
3210 3202 3515 3285 ἀρχχρξους
3564 3213 3746 3265 αὐτῶν

460 3334 566 3376 nec
591 3336 699 3375 non
731 3329 789 3374 ut
822 3335 920 3391 per
945 3327 1156 3390 septem
1188 3320 1328 3384 dies,
1363 3325 1421 3372 et
1446 3324 1659 3387 septem
1712 3326 1903 3370 noctes
1933 3330 2056 3384 pre-

2164 3310 2416 3382 μαθητὰς
2450 3310 2858 3380 ἐπιτεταμένην
2887 3307 3169 3379 νηστείαν,
3193 3307 3287 3358 καὶ
3313 3304 3479 3374 εὐχὰς
3510 3304 3688 3355 ἑπτὰκ
3714 3318 3745 3365 ς

462 3429 554 3469 ωε
594 3413 849 3479 fundant,
879 3421 938 3467 ut
969 3427 1130 3466 unam
1164 3414 1409 3467 tunicam
1471 3417 1708 3481 gestent,
1763 3414 1819 3462 et
1872 3421 1903 3461 a
1959 3422 2057 3461 sua

462 3520 587 3561 sese
620 3521 791 3560 uxore
830 3504 1143 3560 abstineant
1170 3519 1235 3559 ex
1268 3502 1386 3573 lege
1420 3500 1810 3572 pitescribunt.
1851 3499 1927 3551 lta
1965 3496 2059 3554 Dei

461 3598 644 3668 legem
698 3598 1091 3652 subvertentes
1149 3595 1322 3665 impii,
1385 3607 1511 3648 cum
1567 3606 1665 3646 eos
1738 3591 1795 3645 in
1856 3591 2055 3645 borum

461 3699 863 3761 praeceptorum
901 3689 1255 3746 observantia
1295 3687 1387 3742 diu
1444 3694 1868 3757 perseverantes
1901 3684 2058 3738 vidc-

463 3782 598 3845 rint,
629 3790 761 3835 tunc
791 3789 846 3834 et
868 3780 1135 3855 baptisma
1158 3779 1239 3833 eis
1271 3776 1625 3847 pollicentur,
1651 3775 1827 3828 sancti
1860 3787 2061 3842 nempe

462 3871 813 3943 baptismatis
833 3871 1261 3931 abstersionem,
1289 3876 1346 3922 et
1376 3864 1795 3927 alienationem,
1845 3873 1903 3916 et
1943 3862 2062 3916 dia-

463 3966 632 4021 bolici
699 3964 964 4021 carminis
1033 3963 1437 4025 recitationem,
1492 3972 1616 4028 quae
1667 3956 1855 4010 omnia
1908 3955 2062 4025 impii

463 4056 800 4128 baptismum
824 4065 1046 4112 vocant.
1069 4053 1272 4111 Verum
1300 4068 1371 4107 ne
1401 4060 1532 4106 tunc
1564 4048 1788 4121 quidem
1820 4047 2064 4113 scelesti,

464 4149 771 4220 impietatis
803 4163 998 4204 eorum
1027 4146 1285 4219 mysteria
1314 4144 1547 4215 prodere
1602 4141 1913 4206 conﬁdunt,
1965 4140 2065 4195 sed

466 4240 539 4297 ab
566 4240 637 4296 iis
666 4243 1157 4309 certajuramenta
1188 4238 1482 4308 diligenter
1506 4235 1817 4304 requirunt,
1848 4248 1920 4290 ne
1946 4235 2067 4289 vul-

465 4348 536 4405 go
574 4348 640 4389 ea
671 4348 792 4403 quae
824 4331 894 4387 ab
936 4331 1072 4402 ipsis
1099 4329 1439 4393 didicerunt,
1471 4327 1827 4383 manifestam
1865 4344 1879 4382 :
1935 4336 2067 4383 tunc

400 4426 411 4431 “
466 4440 600 4482 vero
634 4425 870 4480 multum
899 4434 1060 4480 caute
1127 4438 1297 4479 unum
1349 4431 1444 4476 aut
1469 4421 1700 4476 alterum
1752 4420 1862 4476 illis
1909 4434 2067 4476 reve-

466 4520 604 4575 lant.
644 4519 784 4574 Cum
848 4533 945 4575 eos
1011 4516 1249 4573 viderint
1330 4515 1463 4571 illud
1527 4514 1686 4570 facile
1734 4513 2067 4584 suscepisse,

2162 3404 2261 3475 τῆς
2291 3404 2531 3475 ἡμέρας,
2566 3403 2663 3457 καὶ
2684 3402 2916 3463 ἑπτάκις
2948 3400 3048 3471 τῆς
3089 3399 3305 3463 νυκτὸς,
3340 3398 3401 3451 τὺ
3447 3397 3739 3468 μονοχίτω-

2164 3513 2263 3559 νας
2293 3492 2457 3560 εἶναι,
2492 3495 2707 3565 ἀποχὴν
2760 3493 3001 3565 παντελῆ
3048 3493 3148 3563 τῆς
3187 3491 3326 3553 ἰδίας
3367 3491 3651 3557 γυναικὸς,
3684 3490 3744 3540 ὲν

2161 3589 2339 3659 τούτῳ
2385 3590 2435 3641 oi
2466 3586 2685 3650 ἀσεϐεῖς
2729 3586 2818 3640 τὸν
2856 3585 2952 3639 τοῦ
2977 3584 3113 3655 Θεοῦ
3139 3586 3538 3655 ἀνατρέποντες
3558 3582 3743 3655 νόμον.

2159 3681 2272 3734 Καὶ
2299 3680 2390 3733 ὅτε
2423 3678 2789 3750 χρονίσαντας
2822 3676 3007 3730 ἴδωσιν
3043 3678 3123 3740 εἰς
3152 3678 3253 3745 τὴν
3285 3674 3547 3744 τοιαύτην
3597 3676 3751 3725 ἐντο-

2163 3772 2284 3842 λὴν,
2315 3772 2440 3825 τότε
2473 3772 2569 3826 καὶ
2600 3770 2663 3823 τὸ
2695 3771 3014 3842 βάπτισμα,
3041 3768 3462 3839 ὑπισχνοῦνται,
3518 3768 3617 3833 τὴν
3642 3766 3740 3817 τοῦ

2164 3867 2322 3936 ἁγίου
2356 3866 2737 3938 βαπτίσματος
2763 3861 3171 3931 ἀποσπόγγισίν
3205 3877 3267 3913 τε
3315 3860 3411 3913 καὶ
3443 3860 3741 3929 ἀλλοτρίων

2169 3977 2275 4027 σιν,
2310 3959 2527 4029 καὶτῆς
2557 3959 2865 4027 Σατανικῆς
2904 3954 3127 4025 ἐπῳδῆς
3152 3952 3253 4026 τὴν
3284 3955 3682 4020 ὲπανάγνωσιν,
3713 3949 3751 4004 ἀ

2162 4071 2289 4108 τινα
2310 4053 2362 4106 oi
2392 4052 2614 4115 ἀσεϐεῖς
2648 4053 2936 4124 βάπτισμα
2967 4047 3319 4118 ὀνομάζουσι.
3381 4048 3489 4098 Καὶ
3519 4045 3629 4098 οὐδ’
3651 4044 3737 4096 οὖ-

2163 4163 2276 4211 τως
2305 4149 2353 4201 οἰ
2386 4146 2611 4209 ἀσεϐεῖς
2636 4145 2706 4199 τά
2732 4144 2831 4214 τῆς
2863 4141 3121 4199 ἀσεϐείας
3150 4140 3330 4193 αὐτῶν
3359 4137 3626 4210 θαρροῦσι
3653 4155 3747 4207 μυ.

2168 4241 2391 4312 στήρια,
2415 4238 2534 4293 ἀλλ’
2550 4218 2851 4309 ἀσφαλέως
2866 4238 2961 4289 καὶ
2988 4235 3186 4305 ὅρκους
3211 4232 3405 4289 αὐτοὺς
3433 4231 3749 4292 ἀπαιτοῦσι,

2165 4334 2260 4388 τοῦ
2299 4333 2374 4403 μὴ
2401 4332 2540 4401 δῆλα
2571 4333 2685 4394 τοῖς
2706 4328 2936 4392 πολλοῖς
2985 4326 3211 4390 ποιῆσαι
3258 4327 3327 4377 τὰ
3386 4324 3518 4393 παρ’
3558 4324 3740 4376 αὐτῶν

2134 4426 2573 4509 Ὗδιδςισκόμενα·
2637 4422 2731 4478 καὶ
2780 4422 2932 4493 μόλις
2972 4422 3113 4491 μετά
3172 4419 3419 4488 σκέψεως
3453 4417 3751 4489 θαρροῦσιν

2170 4521 2327 4577 αὐτοὶ
2360 4518 2420 4572 ἓν
2451 4517 2549 4573 καὶ
2581 4517 2766 4588 μόνον.
2796 4514 2910 4569 Καὶ
2933 4515 3024 4567 ὅτε
3077 4513 3266 4565 ῑδωσιν
3295 4510 3533 4571 εὐκόλως
3571 4526 3751 4577 παρα·-

465 4614 638 4669 ctiam
671 4611 781 4666 alia
809 4611 892 4666 eis
920 4610 1115 4666 dicunt
1145 4619 1202 4664 et
1234 4611 1316 4680 ita:
1346 4607 1659 4680 paullatim,
1685 4615 1743 4661 et
1797 4621 1908 4661 non
1963 4605 2060 4661 nisi

2172 4612 2504 4684 δεξαμένους
2533 4610 2695 4664 τοῦτο
2748 4608 2972 4671 αὐτοὺς,
3021 4605 3244 4672 λέγουσι
3276 4607 3372 4657 καὶ
3415 4604 3582 4673 ἕτερα
3607 4619 3618 4629 '
3656 4604 3752 4654 καὶ

468 4707 633 4774 longo
678 4705 947 4774 temporis
1019 4718 1187 4759 cursu
1227 4702 1528 4772 discipulos
1582 4701 1915 4771 impietatem
1975 4699 2064 4754 vix

402 4862 403 4867 η
471 4801 690 4853 docent.
725 4793 881 4851 Tunc
905 4795 1129 4851 demum
1193 4809 1289 4849 eos
1348 4795 1614 4857 educunt,
1671 4803 1732 4846 ut
1785 4790 2063 4847 diabolum

471 4891 826 4945 tenebrarum
855 4888 1161 4960 principem
1187 4886 1522 4941 sensibiliter
1555 4885 1810 4948 adorent,
1857 4899 1924 4939 ex
1956 4899 2068 4953 quo

472 4984 747 5057 magistri,
782 4993 984 5039 etnon
1026 4980 1263 5051 amplius
1317 4977 1574 5049 discipuli
1630 4976 1927 5032 miserrimi
1983 4976 2060 5030 illi

473 5078 633 5131 liunt.
693 5074 799 5142 Qui
873 5082 1059 5129 autem
1120 5071 1352 5127 adorant
1396 5069 1694 5134 diabolum,
1754 5066 1923 5123 veluti
1974 5081 2071 5137 per

475 5169 754 5225 somnium
791 5167 1065 5224 terribiles
1098 5178 1285 5220 rerum
1320 5163 1595 5234 imagines
1627 5161 1835 5216 vident.
1874 5158 1983 5216 Sed
2014 5167 2072 5214 et

474 5261 911 5333 subscriptiones
936 5273 1101 5314 manu
1128 5254 1349 5327 propria
1370 5254 1615 5325 signatas
1639 5250 1929 5322 requirunt
1950 5265 2071 5304 ma—

478 5358 657 5429 gistri,
685 5356 890 5427 quibus
921 5350 1178 5422 discipuli
1205 5362 1487 5419 nunquam
1536 5345 1777 5417 amplius
1812 5344 1881 5399 ad
1909 5342 2072 5399 Chri-

484 5451 788 5505 stianorum
820 5447 980 5503 fidem
1005 5460 1066 5501 se
1106 5454 1454 5498 rerversuros
1495 5438 1874 5510 polliceantur.

559 5543 625 5595 At
652 5556 767 5606 vos,
810 5539 1029 5603 fratres,
1060 5550 1131 5590 ne
1158 5533 1278 5588 sitis
1311 5539 1504 5586 contra
1534 5528 1672 5585 tales
1709 5527 1910 5599 impios
1963 5535 2072 5580 tam

489 5637 636 5689 bono
664 5632 846 5688 allecti
885 5632 1071 5686 animo
1113 5636 1176 5682 ut
1219 5626 1302 5680 eis
1338 5623 1597 5689 credatis,
1658 5636 1784 5678 eum
1824 5620 2071 5687 Patrem,

490 5728 685 5782 Filium
739 5732 796 5779 et
836 5726 1107 5793 Spiritum
1147 5728 1399 5776 sanctum
1450 5714 1700 5772 credere'
1731 5723 2071 5769 asseverant.

490 5822 697 5877 Omnes
714 5817 875 5871 enim
912 5817 1151 5869 haereses
1180 5813 1284 5866 boc
1310 5809 1660 5880 proﬁtentur,
1689 5814 1745 5859 et
1776 5804 2072 5859 Pauliciani

490 5925 550 5974 et
585 5910 779 5983 reliqui
805 5925 999 5967 omnes
1030 5908 1174 5964 idem
1208 5903 1414 5962 dicunt.
1442 5902 1514 5957 At
1563 5915 1692 5956 vero
1750 5899 1901 5969 impii
1965 5898 2075 5962 ist‘,

2168 4702 2343 4766 οὕτως
2376 4703 2520 4755 κατὰ
2548 4701 2744 4772 μικρὸν
2773 4698 2862 4750 διὰ
2883 4697 3081 4767 χρόνου
3119 4695 3275 4764 μόλις
3299 4693 3750 4747 ἀποκαλύπτουσι

2168 4799 2282 4861 τοῖς
2313 4795 2587 4868 μαθηταῖς
2615 4794 2715 4863 τὴν
2746 4793 3025 4846 ἀσέϐειαν.
3064 4790 3176 4843 Καὶ
3203 4787 3388 4841 λοιπὸν
3411 4787 3531 4839 τότε
3557 4787 3755 4856 φέρου-

2172 4909 2258 4945 σιν
2285 4890 2507 4957 αὐτοὺς,
2533 4886 2629 4941 καὶ
2649 4882 3050 4958 προσκυνοῦσιν
3068 4880 3346 4952 αἰσθητῶς
3368 4880 3459 4932 τὸν
3481 4879 3747 4935 διάῂοκον.

2170 4987 2263 5042 τὸν
2289 4985 2528 5057 ἄρχοντα
2552 4980 2650 5034 τοῦ
2684 4979 2934 5041 σκότους,
2964 4977 3058 5030 καὶ
3086 4974 3331 5043 γίνονται
3365 4973 3673 5025 διδάσκαλοι
3701 4968 3752 5020 οι

2170 5078 2481 5145 πανάθλιοι,
2536 5076 2635 5130 καὶ
2682 5074 2742 5127 οὐ
2795 5071 3057 5143 μαθηταί.
3119 5069 3387 5121 Βλέπουσι
3444 5067 3501 5119 δὲ
3566 5066 3640 5128 ὡς
3691 5064 3752 5131 ἐξ

2173 5172 2346 5227 ὕπνου
2382 5169 2687 5243 φαντασίας
2724 5165 2963 5236 φοϐερὰς
2987 5164 3037 5216 oi.
3075 5159 3521 5231 προσκυνοῦντες
3566 5159 3751 5210 αὐτόν’

2171 5263 2532 5321 ἀπαιτοῦνται
2556 5261 2613 5315 δὲ
2644 5261 2739 5314 καὶ
2768 5259 3028 5329 ἰδιόχειρα
3057 5255 3152 5308 τοῦ
3181 5254 3752 5325 μηκέτιὲπιστρειξειν

2174 5359 2254 5422 εἰς
2286 5356 2385 5428 τὴν
2418 5355 2529 5408 τῶν
2558 5349 2908 5423 Χριστιανῶν
2938 5349 3144 5401 πίστιν.

2252 5518 2345 5588 Μὴ
2396 5515 2583 5578 ἁπλῶς
2624 5513 2683 5567 δὲ
2745 5512 3080 5574 διακεῖσθαι,
3125 5508 3370 5577 ἀδελφοὶ,
3429 5507 3567 5577 πρὸς
3629 5506 3755 5567 τοὺς

2174 5612 2458 5674 τοιούτους
2511 5608 2751 5669 ἀσεϐεῖς,
2824 5605 3181 5667 πιστεύοντες
3249 5602 3448 5663 αὐτοὺς
3499 5603 3758 5668 λέγοντας

2178 5704 2421 5775 Πατέρα,
2465 5702 2616 5764 Υίὸν,
2652 5700 2746 5753 καὶ
2780 5699 2939 5768 ἅγιον
2974 5698 3200 5765 Πνεῦμα
3234 5695 3551 5746 πιστεύειν·
3587 5695 3759 5744 πᾶσαι

2178 5798 2290 5868 γὰρ
2315 5798 2372 5848 αἱ
2395 5796 2634 5863 αἱρέσεις
2666 5792 2729 5845 τὸ
2758 5792 2891 5845 αὐτὸ
2916 5790 3164 5858 λέγουσι,
3218 5788 3315 5839 καί
3377 5783 3756 5849 ιΙαυλικιανοὶ,

2180 5896 2276 5948 καί
2302 5894 2364 5947 οἰ-
2411 5891 2636 5946 λοιποί·
2694 5889 2845 5959 ὅμως
2899 5879 3048 5938 οὗτοι
3078 5884 3129 5937 οί
3182 5879 3424 5950 ἀσεϐεῖς,
3462 5897 3555 5934 και
3604 5876 3760 5934 ἄθεοι
