4104 6434
1208 529 1239 539 -
3375 524 3563 535 ..πυρα-ρης.-

425 510 1357 569 Μ

770 692 827 719 ⁷
1746 681 1881 730 NNO
1899 680 2125 728 DOMINI
2149 677 2366 724 ucxxx

429 939 1355 1151 ΑΝΝΗΣ
1400 930 1989 1134 ΤΗΣ
2064 917 3660 1127 ΚΟΜΝΗΝΗΣ

1447 1306 2155 1367 ΠΟΡΦΥΡΟΓΕΝΝΗΤΟΥ
2195 1303 2648 1361 ΚΑΙΣΑΙἾΣΣΗΣ

1664 1570 2405 1721 ΑΛΕΞΙΑΣ

1115 2086 1779 2273 ΑΝΝᾸΕ
1898 2085 3013 2269 ΟΟΜΝΕΝΧΕ

1436 2396 2154 2461 PORPHYROGENIT/E
2197 2396 2543 2457 CAESARIS
2556 2396 2667 2456 ΞίΕ

1583 2726 1591 2733 ,
1622 2574 2455 2731 ALEXIAS

1969 2843 2089 2883 βενε

774 2984 874 3044 DE
913 2980 1169 3044 REBUS
1199 2980 1300 3040 AB
1322 2978 1609 3042 ALEXIO
1652 2977 2154 3040 IMPERATORE
2184 2979 2334 3040 VEL
2371 2980 2454 3041 ΕΙ
2464 2978 2560 3040 US
2610 2977 2973 3039 TEMPOBE
3012 2978 3278 3040 GESTIS

1285 3142 1728 3256 LIBRI
1879 3140 2798 3276 QUINDECIM

558 3347 566 3357 .
632 3378 717 3426 EX
767 3375 1185 3424 BIBLIOTBECA
1226 3372 1584 3419 BARBERINA
1638 3371 1880 3420 PRIMUS
1927 3374 2147 3420 EDIDI‘I‘
2177 3400 2194 3430 ,
2247 3371 2479 3416 LATINA
2541 3370 3138 3417 INTEBPRETATIONE
3184 3371 3466 3417 DONA‘VIT

1061 3467 1070 3479 ’
1551 3496 1631 3539 ET
1687 3495 2031 3543 GLOSSARIO
2092 3493 2510 3540 ILLUSTBAVIT

1478 3661 1939 3752 PE'I‘BUS
2014 3658 2592 3750 POSSINUS

1816 3843 1865 3884 8.
1892 3844 1937 3883 J.
1972 3843 2205 3883 PRESBYT
2215 3843 2303 3884 εκ.

667 3975 1279 4039 ACCESSERUNT
1316 3975 1625 4038 CAROLI
1660 3973 2129 4037 DUFRESNII
2162 3974 2279 4036 DU
2306 3971 2609 4036 CANGII
2659 3975 2916 4040 NOTE
2952 3980 3444 4044 HISTORICE

1569 4130 1575 4145 ι
1649 4100 1776 4161 ΕΤ
1816 4095 2438 4161 ΡΗιιοιοθισΛῖ.

507 4267 692 4318 τειωι
714 4265 971 4325 subjicitur
1000 4262 1270 4312 lectionum
1295 4265 1508 4312 varietas
1529 4277 1590 4313 ex
1614 4263 1784 4312 codice
1811 4261 2108 4313 Coisliniano
2147 4264 2337 4326 CCCXI,
2363 4265 2518 4329 ipsius
2540 4267 2692 4316 Annae
2718 4273 2959 4329 tempore,
2987 4274 3041 4316 ut.
3065 4266 3275 4329 videtur,
3297 4270 3561 4338 descripto.

562 4591 936 4635 AMPLISSIMO
1000 4586 1602 4643 ILLUSTRISSIMOQUE
1675 4590 1821 4635 VIRO
1885 4591 1995 4634 DD.
2048 4588 2253 4634 PETRO
2314 4590 2692 4648 SEGUIEBIO,
2745 4593 3034 4638 FRANCUE
3089 4596 3547 4645 CANCELLARIO.

500 4742 635 4802 Non
670 4748 813 4820 eget
839 4741 1003 4820 apud
1035 4748 1095 4801 te
1118 4740 1373 4819 quidem
1410 4740 1757 4817 interprete
1789 4743 2064 4799 vetustas
2103 4736 2253 4810 ulla,
2288 4742 2397 4798 aut
2425 4736 2811 4799 eruditarum
2844 4737 3069 4799 littera:
3104 4740 3384 4817 gentium
3421 4760 3434 4802 :
3465 4749 3671 4805 tamen

419 4836 555 4899 haec
587 4842 822 4899 Graecae
865 4838 1159 4915 princeps
1198 4836 1512 4898 facundia:
1543 4835 1722 4912 cujus
1750 4851 1894 4895 arce
1926 4834 2186 4909 dignum
2216 4834 2386 4911 Opus
2423 4849 2457 4892 e
2487 4833 2765 4895 tenebris
2805 4834 2867 4893 in
2911 4833 3112 4895 lucem
3153 4836 3469 4913 publicam
3504 4855 3674 4901 nunc

420 4936 709 5011 emergit.
747 4951 848 4994 me
878 4935 1287 5010 interpretem
1320 4931 1487 5010 apud
1522 4938 1581 4991 te
1604 4931 1787 5009 jubet
1820 4946 1983 4998 esse,
2018 4946 2144 4991 non
2183 4928 2490 4991 oratiOnis
2522 4938 2694 4990 certe
2726 4939 2832 4990 aut
2874 4931 3188 4991 sermonis
3219 4932 3338 5004 sui,
3375 4933 3481 4994 ubi
3517 4933 3670 4995 nihil

422 5031 762 5092 eruditioni
797 5039 919 5091 tua;
965 5047 1090 5091 non
1137 5029 1421 5108 pervium
1457 5035 1572 5100 est,
1624 5027 1733 5087 sed
1770 5026 1957 5087 animi
1994 5025 2145 5104 grati
2177 5034 2366 5104 atque
2405 5026 2618 5099 ofﬁcii,
2669 5044 2939 5106 quorum
2976 5028 3468 5105 signiﬁcationes
3500 5049 3668 5093 nun-

421 5145 612 5207 quam
645 5127 792 5188 satis
825 5143 1105 5204 magnas,
1146 5125 1425 5201 satisque
1466 5124 1557 5183 vel
1595 5132 1701 5184 tuo
1735 5125 1982 5194 merito,
2020 5122 2111 5181 vel
2147 5139 2276 5183 suae
2321 5122 2628 5183 voluntati
2664 5127 3127 5195 respondentes
3183 5129 3371 5190 edere
3404 5147 3471 5191 se
3514 5130 3671 5192 ullas

424 5234 590 5303 putat
615 5241 820 5301 posse,
839 5221 1237 5301 quantumvis
1254 5218 1611 5281 accumulet
1635 5219 1954 5298 plurimas.
1990 5222 2167 5279 Anna
2193 5236 2263 5279 ea
2284 5226 2376 5280 est
2399 5221 2742 5291 Comnena,
2766 5223 3006 5283 decima
3025 5225 3362 5297 Musarum,
3390 5234 3450 5287 et
3472 5225 3671 5290 Palias

422 5323 707 5401 quaedam
747 5320 1101 5397 Byzantina:
1131 5318 1410 5390 Graeciaa,
1436 5317 1616 5395 cujus
1646 5315 2212 5394 Porphyrogenilae
2255 5315 2399 5377 “Ct't
2428 5333 2501 5378 ac
2536 5317 2975 5396 primogenita)
3027 5321 3411 5384 moderantis
3450 5324 3666 5385 orbem

428 5417 747 5496 principis,
777 5417 825 5476 si
857 5416 998 5494 quis
1028 5414 1264 5489 ingenii
1301 5430 1458 5492 epes
1487 5414 1777 5486 aestimet,
1824 5420 2138 5490 Augustos
2172 5417 2430 5486 natales,
2463 5420 2652 5492 atque
2683 5416 2856 5478 illam
2886 5436 3187 5480 cunarum
3224 5438 3566 5507 purpuram
3604 5422 3665 5483 in

421 5513 695 5572 minimis
723 5511 1113 5573 ornamentis
1145 5511 1525 5572 numerabit.
1571 5511 1717 5571 Haec
1750 5508 1986 5571 nullius
2021 5511 2410 5571 eruditarum
2447 5510 2894 5590 rudisartium,
2922 5516 3270 5592 praesertim
3294 5523 3502 5578 autem
3536 5517 3637 5581 elo

418 5610 695 5687 quentiaa
733 5608 1056 5683 consulta;
1099 5609 1421 5688 religionis
1461 5594 1719 5687 quoque
1748 5608 2044 5669 omnibus
2080 5614 2141 5667 et
2169 5606 2576 5668 humanitatis
2602 5608 2851 5671 elimata
2882 5609 3142 5684 otiiciis;
3177 5627 3248 5673 ac
3280 5612 3560 5675 collectis
3590 5615 3667 5676 iis

418 5705 667 5765 cunctis
718 5722 843 5765 una
866 5706 1099 5767 llorens
1120 5705 1375 5766 dotibus
1404 5721 1547 5783 quae
1577 5703 1876 5765 omnibus
1919 5703 2248 5765 absolvere
2281 5704 2560 5765 numeris
2599 5722 2725 5767 non
2755 5706 2992 5784 regiam
3023 5713 3371 5770 matronam
3399 5710 3668 5790 quamli-

419 5800 547 5875 bet,
580 5802 690 5862 sed
720 5817 855 5862 eam
886 5808 1150 5882 possent
1184 5817 1370 5882 quam
1399 5800 1492 5862 sui
1531 5800 1645 5863 aevi
1675 5799 2046 5864 miraculum
2066 5799 2213 5879 jure
2251 5799 2537 5877 diceres;
2574 5804 2991 5867 contenderat
3024 5819 3246 5867 omnes
3298 5822 3525 5869 nervos
3562 5806 3665 5868 in-
