4104 6418
384 340 451 404 61
1527 357 1756 419 PETRI
1789 354 2087 423 POSSINI
2115 352 2548 421 DEDICATIO.
3594 357 3667 420 62

387 461 657 525 dustria
691 463 757 526 in
791 464 1278 530 elucubratione
1316 466 1528 548 operis
1556 468 1856 547 ingentis,
1904 470 1973 533 in
2029 488 2158 551 quo
2191 472 2491 534 decorum
2525 471 2792 533 istorum
2822 467 3103 534 omnium
3150 470 3417 549 insignia
3459 473 3668 551 speci-

390 560 570 620 mina
607 567 932 623 exstarent
963 583 978 622 :
1012 562 1306 624 Historias
1329 562 1631 625 videlicet
1663 582 1871 626 rerum
1928 567 2120 645 longo
2174 569 2367 648 patris
2405 567 2502 629 sui
2554 568 2906 649 principatu
2956 568 3367 629 maximarum
3405 585 3475 630 ac
3509 568 3668 630 mire

392 655 711 717 variarum
744 662 905 716 terra
942 657 1234 737 marique
1256 664 1385 720 tota
1420 656 1556 720 fere
1582 660 1730 721 ~Asia
1762 662 2143 742 Europaque
2177 670 2493 743 gestarum
2532 681 2545 725 :
2578 682 2737 744 quas
2771 665 3238 727 accuratissima
3269 666 3666 727 coltectionis

393 751 751 827 diligentia,
791 769 908 814 nec
944 752 1157 815 minus
1187 754 1337 816 scita
1370 755 1797 836 descriptione
1827 756 2091 819 ordinis.
2125 758 2315 834 atque
2347 755 2792 835 explicationis
2819 764 3045 820 ornatu
3081 756 3437 836 complexa.
3478 756 3662 818 simul

394 850 709 928 praeclare
742 868 775 911 a
817 867 886 911 se
910 850 1271 913 consultum
1310 853 1564 915 rebatur
1590 852 1940 914 rationibus
1978 851 2251 933 publicis
2275 860 2464 915 tanta;
2493 853 2777 914 utilitatis
2844 852 3005 915 libro
3061 854 3424 931 vulgando;
3476 853 3662 915 simul

395 949 689 1022 privatas
718 965 867 1026 spes
897 947 1085 1009 fama:
1118 965 1190 1011 ac
1233 948 1555 1011 memoriae
1586 950 1912 1029 perennis,
1946 965 2103 1028 quas
2149 947 2271 1010 isto
2307 948 2556 1028 pietatis
2588 949 2812 1010 eodem
2868 948 3309 1029 facultatisque
3344 968 3474 1011 sum
3507 966 3666 1012 con-

394 1044 721 1121 signasset
753 1053 1201 1117 monumento.
1239 1062 1369 1109 non
1404 1045 1568 1109 male
1600 1048 1975 1111 constitutas
2017 1046 2468 1124 gratulabatur.
2521 1046 2824 1109 Caeterum
2877 1066 3067 1127 quam
3107 1066 3253 1110 vere
3308 1049 3460 1111 illud
3515 1050 3667 1112 olim

395 1142 712 1219 scriptum
746 1160 781 1203 a
817 1142 1099 1221 quodam
1135 1144 1215 1204 sit
1249 1164 1263 1202 :
1309 1144 1726 1220 Quantumvis
1759 1143 1943 1206 docta
1975 1144 2335 1222 disertaque
2365 1159 2581 1220 opera,
2632 1141 2846 1204 blattis
2869 1142 3068 1207 nihilo
3109 1145 3311 1206 secius
3358 1165 3429 1205 ac
3479 1146 3667 1208 tineis

396 1237 625 1315 epulas
669 1239 925 1307 datura,
957 1240 1090 1301 nisi
1117 1242 1393 1319 patentis
1426 1250 1485 1302 et
1517 1240 1773 1320 benigni
1816 1241 1989 1321 genii
2023 1239 2262 1318 efﬁcaci
2294 1239 2695 1317 providentia
2728 1249 3031 1300 curentur
3068 1260 3089 1300 :
3120 1256 3248 1301 non
3281 1241 3408 1302 alio
3443 1238 3667 1302 melius

396 1336 727 1414 exemplo,
770 1355 960 1417 quam
995 1337 1343 1418 hujuslibri
1375 1338 1603 1401 misera
1637 1345 1697 1400 et
1726 1336 2112 1400 lamentabili
2152 1334 2402 1397 fortuna
2453 1335 2932 1414 comprobatum
2975 1342 3089 1398 est.
3126 1339 3275 1398 Tam
3308 1345 3573 1398 venusto
3613 1337 3666 1398 is

393 1431 665 1506 quidem
694 1432 1079 1496 elocutionis
1108 1433 1263 1496 ﬂore
1292 1441 1588 1514 comptus
1631 1443 1772 1498 ortu
1805 1433 1944 1513 ipso
1985 1432 2190 1513 primo
2219 1430 2478 1512 prodiit,
2512 1438 2579 1492 ut
2616 1430 2668 1492 si
2700 1430 2959 1502 fabellas
2992 1438 3054 1492 et
3086 1450 3280 1511 nugas
3313 1449 3517 1494 meras
3548 1433 3663 1494 ista

392 1526 719 1604 e'egantia
750 1529 1316 1604 garriretaniliter,
1351 1538 1578 1593 ornatu
1600 1531 1738 1594 solo
1783 1531 2083 1593 dictionis
2132 1528 2514 1592 honoratum
2554 1529 2722 1590 inter
2783 1527 3125 1608 scriptores
3182 1530 3425 1591 Atticos
3478 1530 3663 1609 primi

388 1622 689 1683 subsellii
726 1624 1165 1688 eb'anditurus
1196 1626 1313 1688 sibi
1347 1626 1532 1690 facile
1563 1627 1775 1690 locum
1798 1626 2010 1689 fuerit.
2043 1629 2286 1688 Rursus
2315 1630 2440 1687 tam
2479 1642 2664 1704 grave
2687 1631 2940 1703 tamque
2994 1626 3156 1687 scitu
3214 1627 3665 1698 necessarium,

394 1716 507 1777 tali
534 1719 981 1798 dispositionis
1009 1728 1167 1794 arte,
1206 1729 1508 1802 tantaque
1541 1723 1898 1785 maturitate
1923 1723 2149 1803 judicii
2188 1733 2630 1800 argumentum
2666 1721 2940 1801 explicat
2985 1741 3057 1785 ac
3089 1723 3343 1801 digerit,
3381 1732 3445 1785 ut
3480 1724 3529 1786 si
3563 1724 3664 1786 lo-

389 1818 1259 1895 quereturinquinatissime.
1298 1828 1506 1882 tamen
1532 1818 1875 1900 splendore
1904 1836 2202 1881 sensuum
2236 1819 2521 1897 illuviem
2558 1820 2922 1891 verborum,
2953 1826 3012 1881 et
3044 1818 3323 1881 historiae
3361 1837 3484 1882 non
3518 1819 3663 1882 alibi

390 1919 673 1971 narrata:
715 1914 1102 1991 praestantia,
1134 1914 1337 1977 labem
1387 1915 1668 1978 barbara)
1698 1934 1770 1979 ac
1815 1916 2225 1981 balbutientis
2283 1917 2590 1978 orationis
2656 1924 2873 1996 posset
2930 1916 3270 1979 redimere.
3336 1919 3665 1979 Postremo

387 2014 577 2094 quod
623 2016 951 2077 mulierem
987 2019 1406 2099 eamdemque
1435 2020 1500 2082 in
1531 2036 1730 2098 regno
1763 2029 1970 2083 natam
2013 2036 2086 2082 ac
2119 2021 2415 2083 nutritam
2456 2020 2677 2100 Operis
2707 2021 2891 2099 spissi
2929 2019 3290 2099 prolixique
3321 2019 3518 2082 fuisse
3547 2036 3663 2082 au-

388 2120 643 2173 ctorem
676 2105 942 2185 constat,
970 2131 1071 2175 res
1089 2123 1182 2177 est
1204 2115 1491 2195 profecto
1528 2116 1840 2196 ejusmodi
1864 2133 2007 2197 qua;
2037 2117 2368 2197 scriptioni
2405 2135 2522 2181 nec
2551 2118 2693 2198 styli
2718 2118 2954 2197 alioqui
2990 2136 3105 2180 nec
3133 2117 3409 2179 materiae
3433 2132 3663 2195 genere

389 2207 740 2283 tolerabili,
784 2211 1034 2273 raritate
1069 2212 1204 2292 ipsa
1237 2221 1299 2276 et
1328 2215 1811 2278 admirabilitate
1842 2215 2187 2295 scriptricis
2219 2216 2450 2294 reginte
2488 2217 2758 2295 pretium
2792 2216 2959 2294 apud
2997 2230 3220 2295 (aquas
3249 2216 3662 2277 restimatores

392 2321 620 2367 rerum
656 2306 908 2368 abunde
940 2325 1242 2387 magnum
1272 2312 1680 2374 conciliatura
1729 2312 2087 2386 videretur;
2145 2320 2215 2374 ut
2266 2330 2395 2375 non
2450 2313 2598 2374 ferri
2637 2313 2841 2375 soium
2875 2320 2936 2373 et
2977 2310 3130 2390 legi,
3191 2311 3302 2373 sed
3357 2311 3662 2375 celebrari

392 2401 592 2462 etiam
620 2411 812 2482 atque
847 2406 1062 2483 expeti
1095 2405 1242 2485 jure
1278 2404 1561 2471 deberet.
1592 2409 1666 2470 Et
1689 2419 1899 2471 tamen
1936 2426 1950 2469 :
1983 2425 2021 2470 o
2053 2426 2185 2470 rem
2206 2409 2512 2470 mit-amne
2543 2409 2742 2487 magis
2765 2409 2965 2470 dicam
2986 2426 3063 2470 an
3091 2407 3380 2469 miseram
3411 2405 3423 2468 l
3455 2415 3661 2468 tamen

392 2496 507 2557 ille
540 2504 636 2558 tot
671 2499 1035 2562 nominibus
1062 2502 1139 2562 ad
1181 2503 1404 2565 famam
1434 2509 1624 2584 atque
1658 2505 1734 2567 ad
1772 2504 2202 2567 celebritatem
2253 2506 2731 2568 commendatus
2789 2506 2968 2575 liber,
3017 2510 3308 2583 spretus,
3360 2503 3659 2581 abjectus.

400 2593 702 2671 neglectu
731 2595 1015 2657 omnium
1041 2597 1304 2665 obrutus
1332 2601 1522 2662 annis
1551 2601 1915 2681 quingentis
1945 2599 2009 2662 in
2038 2601 2162 2663 situ
2193 2619 2265 2664 ac
2300 2603 2579 2663 tenebris
2602 2602 2804 2681 jacuit
2837 2608 2865 2662 ε’
2886 2619 2957 2663 ac
2989 2619 3133 2664 cum
3176 2599 3327 2662 olim
3378 2608 3471 2661 tot
3525 2598 3657 2661 alite

398 2692 577 2751 nulla
608 2689 753 2753 huic
778 2708 855 2753 ex
887 2700 1061 2772 parte
1094 2697 1539 2775 comparandas
1569 2699 1955 2766 Graecorum.
1990 2698 2251 2767 ultimae.
2300 2700 2550 2772 mediae,
2604 2700 2836 2763 citim'te
2901 2697 3228 2760 vetustatis
3270 2698 3657 2759 lucubratio-

395 2804 539 2860 nes,
576 2788 737 2849 vela
769 2789 1257 2855 Venetiensibus
1304 2793 1440 2856 Aldi
1492 2794 1684 2875 typis,
1727 2795 1821 2856 vel
1873 2812 1904 2857 a
1948 2792 2411 2858 Basileensibus
2463 2797 2779 2870 Frobenii,
2816 2796 2907 2858 vel
2955 2797 3032 2858 ab
3069 2795 3207 2857 aliis
3254 2795 3398 2855 alibi
3459 2794 3657 2856 lucem

392 2884 771 2963 acceperint
799 2903 817 2960 ;
858 2893 917 2948 et
950 2906 1091 2949 cum
1116 2889 1298 2951 multi
1333 2891 1683 2953 exstiterint
1714 2900 1979 2970 utraque
2000 2892 2172 2954 docti
2204 2892 2412 2969 lingua
2442 2890 2735 2954 homines
2766 2893 2870 2973 qui
2910 2894 3123 2954 Latine
3147 2892 3656 2971 interpretandos

393 2997 433 3042 e
465 2981 695 3043 Graeco
734 2981 926 3045 libros
956 2985 1290 3048 ambitiose
1333 2987 1805 3065 conquirerent,
1839 3004 1963 3049 una
2012 2987 2211 3051 ferme
2257 2991 2539 3052 omnium
2590 2994 2784 3052 Anna)
2837 2990 3084 3051 Alexias
3129 2989 3250 3050 fuit
3299 3006 3487 3068 quam
3547 3006 3656 3049 sua

394 3078 694 3157 qua-dam
738 3074 1130 3143 incredibilis
1157 3082 1494 3147 infelicitas
1535 3083 1954 3164 prohibuerit,
1987 3102 2067 3148 ne
2104 3087 2169 3149 in
2199 3087 2395 3148 ullum
2428 3105 2705 3167 unquam
2737 3090 3023 3149 Graecum
3054 3085 3554 3166 typographum,
3590 3085 3653 3153 in

394 3175 692 3240 Latinum
747 3179 1159 3260 interpretem
1214 3183 1411 3247 ullum
1470 3184 1802 3249 incideret.
1862 3184 2014 3248 Nam
2087 3180 2669 3246 Hmschelianorum
2737 3190 3176 3263 excerptorum
3237 3187 3655 3261 Augus‘anam

394 3273 815 3336 emissionem
854 3276 1024 3338 illam
1057 3295 1245 3341 nemo
1274 3297 1498 3359 aequus
1525 3281 1760 3360 Opinor
1792 3283 1988 3360 magis
2035 3280 2466 3361 gratulandam
2498 3280 2853 3345 Caesarissaa
2902 3279 3211 3361 putaverit
3246 3297 3435 3358 quam
3473 3296 3653 3358 puer-

398 3386 568 3448 pera;
603 3372 903 3433 aliorsum
936 3390 1134 3452 passae
1167 3373 1481 3438 infelicem
1508 3376 1881 3456 ejectionem
1909 3378 2072 3441 fetus
2102 3388 2460 3440 monstrose
2493 3378 2693 3440 mutili
2722 3384 2783 3439 et
2814 3378 3066 3439 mortui.
3095 3377 3232 3441 Fuit
3264 3386 3472 3438 tamen
3511 3393 3654 3439 cum

399 3467 755 3544 respexisse
786 3471 1028 3530 Annam
1068 3470 1294 3533 melior
1315 3470 1566 3535 fortuna
1598 3473 1720 3536 visa
1752 3482 1867 3536 est.
1895 3475 2168 3537 Jaeobus
2195 3476 2503 3555 Cujacius,
2524 3475 2616 3536 vir
2644 3477 2831 3551 longe
2860 3474 3145 3536 omnium
3181 3473 3467 3553 ingenio,
3492 3472 3654 3551 juris
3722 3544 3728 3548 η

409 3562 681 3636 scientia,
723 3563 1081 3642 linguarum
1114 3568 1336 3629 notitia
1364 3568 1768 3644 clarissimus,
1803 3571 2112 3634 Alexiadis
2133 3571 2420 3633 codicem
2456 3578 2701 3633 nactus.
2737 3570 2911 3649 legit,
2937 3571 3244 3648 suSpexit,
3270 3568 3654 3649 praedicavit.

404 3657 705 3738 Denique,
750 3679 885 3740 quo
921 3663 1075 3725 nihil
1105 3667 1322 3737 Anna).
1350 3664 1506 3726 nihil
1539 3666 1629 3728 rei
1668 3665 1985 3729 litterariae
2020 3666 2354 3730 consulere
2393 3667 2815 3747 Opportunius
2858 3666 3084 3746 potuit.
3113 3665 3432 3727 viroillam
3464 3682 3652 3728 orna-

394 3756 637 3821 tissime
671 3760 1243 3841 eruditissimoque
1281 3763 1749 3826 commendavit
1778 3764 1961 3826 Petro
2006 3765 2228 3837 Fabro,
2270 3783 2302 3825 a
2336 3781 2465 3844 quo
2521 3764 2863 3826 editionem
2925 3780 3066 3825 cum
3127 3762 3652 3842 interpretatione

390 3858 608 3920 [atina
639 3859 1054 3939 conjunctam
1085 3877 1341 3940 sperare
1376 3861 1575 3941 ipsam
1616 3870 1957 3942 Oporteret.
1998 3865 2094 3935 At,
2147 3878 2185 3922 ο
2235 3860 2520 3923 fallacem
2556 3860 2975 3923 reconciliata;
3005 3876 3148 3922 cum
3178 3866 3349 3921 sorte
3391 3862 3651 3922 adversa

379 3956 599 4033 gratim
632 3955 830 4018 ﬁdem
860 3953 874 4018 l
921 3956 1241 4018 recruduit
1273 3958 1446 4019 brevi
1500 3955 1775 4021 atrocior
1803 3977 1991 4040 quam
2021 3966 2205 4021 antea
2247 3958 2515 4021 fatorum
2554 3958 2617 4019 in
2648 3961 2888 4019 Annam
2947 3958 3116 4035 rigor
3149 3974 3162 4017 :
3196 3975 3653 4037 nunquamque

373 4052 869 4131 desperavimus
902 4052 983 4113 de
1011 4052 1360 4132 illajustius
1391 4071 1580 4133 quam
1610 4055 1715 4116 ubi
1742 4055 2029 4134 proxime
2059 4073 2240 4136 spem
2268 4073 2665 4133 veneramus.
2691 4053 3094 4116 Subtrahitur
3131 4054 3322 4116 rebus
3356 4056 3651 4117 humanis

371 4170 439 4213 re
476 4149 718 4214 infecta
755 4149 994 4211 Faber.
1030 4150 1365 4229 Exemplar
1393 4150 1651 4212 unicum
1686 4150 2003 4212 Alexiadis
2052 4166 2127 4212 ex
2161 4152 2298 4232 ejus
2322 4151 2571 4215 scriniis
2600 4150 2758 4212 clam
2796 4167 3083 4212 aversum
3116 4149 3177 4210 in
3210 4150 3426 4212 nescio
3472 4148 3646 4229 quod

367 4249 744 4311 barathrum
772 4262 1018 4326 quasve
1051 4244 1340 4308 iatumias
1363 4246 1763 4309 contruditur
1784 4248 2189 4311 inexorabilis
2213 4249 2516 4312 custodias
2551 4266 2562 4308 :
2596 4248 2713 4309 nisi
2745 4247 2956 4327 potius
2991 4246 3183 4327 (quod
3216 4246 3644 4309 verisimiliter

364 4348 468 4409 alii
507 4346 760 4422 rentur)
800 4361 960 4406 casu
992 4342 1271 4422 quodam
1304 4340 1535 4406 infesto
1568 4345 1969 4423 absumptum
2008 4336 2439 4408 est‘funditus.
2469 4347 2582 4407 Hic
2616 4354 2717 4408 tua
2758 4352 3070 4423 quaedam,
3108 4347 3200 4405 vir
3228 4344 3637 4424 amplissime,

362 4464 570 4509 rerum
620 4439 1163 4523 fato_prudentia
1197 4440 1396 4519 major
1425 4440 1580 4502 etin
1620 4458 1752 4502 rem
1816 4441 2178 4504 litterariam
2238 4442 2426 4503 nullis
2487 4441 2861 4503 deterrenda
2917 4440 3403 4513 difﬁcultatibus,
3463 4440 3649 4502 nullis

358 4543 721 4606 coercenda
756 4537 1007 4600 ﬁnibus
1056 4535 1438 4613 benignitas,
1469 4539 1639 4598 velut
1673 4554 1708 4598 e
1746 4535 2036 4599 machina
2070 4540 2257 4610 Deus,
2299 4538 2522 4601 adfuit.
2563 4538 2848 4616 Capessis
2901 4534 3063 4598 hanc
3114 4554 3352 4609 curam,
3385 4535 3650 4599 adhibes

354 4641 667 4710 animum,
708 4631 984 4698 lustrari
1014 4628 1436 4694 bibliothecas
1457 4630 1669 4711 jubes,
1708 4649 1941 4705 versas,
1982 4634 2270 4713 inquiris,
2306 4652 2431 4713 qua
2459 4632 2626 4694 vales
2672 4643 2932 4713 prOpter
2964 4649 3272 4694 summam
3303 4633 3649 4694 auctorita-

355 4749 471 4801 tem
514 4739 859 4820 potestate
902 4730 1131 4818 longe,
1194 4744 1418 4807 pr0pe,
1448 4729 1515 4790 in
1548 4736 1850 4802 nostrate,
1886 4730 1950 4790 in
1984 4738 2203 4794 extero
2233 4732 2395 4803 solo,
2438 4732 2705 4804 moliris,
2764 4731 3050 4808 indagas,
3092 4731 3349 4810 retegis,
3411 4732 3647 4810 satagis

351 4812 643 4919 plurima.
689 4812 1079 4909 Postquam
1096 4825 1250 4888 satis
1284 4827 1564 4890 constitit
1597 4826 1750 4888 nihil
1784 4827 1849 4888 in
1885 4826 2108 4899 Gallia,
2142 4824 2296 4888 nihil
2322 4827 2385 4887 in
2420 4826 2777 4899 Germania,
2821 4824 2971 4886 nihil
3024 4824 3267 4905 uspiam
3300 4824 3648 4905 Cisalpina-

354 4957 484 4999 rum
520 4934 825 5016 gentium
853 4924 1008 5007 spei
1044 4929 1156 4985 aut
1185 4923 1457 5001 prtesidii
1491 4923 1571 4986 ad
1601 4927 1850 4987 Annam
1883 4941 2050 4997 esse,
2081 4924 2147 4985 in
2189 4922 2426 4985 Italiam
2464 4922 2833 4993 transvolas,
2868 4925 3088 4984 Romae
3138 4940 3269 4985 rem
3311 4940 3514 4995 curas,
3551 4940 3648 4985 ac-

356 5036 656 5096 cersitum
689 5027 864 5092 inde
935 5020 1239 5085 codicem
1274 5019 1675 5084 bibliothecze
1708 5022 2068 5083 Barbariem
2099 5038 2228 5083 non
2259 5021 2566 5100 Optimum
2601 5026 2705 5081 aut
2740 5019 3219 5096 integerrimum
3281 5019 3456 5080 illum
3500 5021 3647 5098 qui-

361 5133 521 5199 dem,
555 5139 783 5190 tamen
816 5114 1156 5201 ejusmodi
1192 5132 1318 5195 quo
1349 5117 1664 5196 interpres
1695 5135 1824 5179 non
1858 5116 2079 5188 hebes,
2134 5134 2252 5179 nec
2287 5118 2472 5196 plane
2514 5117 2850 5195 imperitus
2888 5115 3203 5178 consolari
3261 5115 3646 5176 desiderium

364 5227 641 5287 melioris
677 5224 943 5302 posset,
979 5228 1131 5275 cum
1168 5214 1471 5274 nonnulla
1502 5215 1730 5276 fiducia
1763 5231 1978 5294 Opera;
2006 5211 2346 5285 navandw;
2395 5212 2673 5279 allatum.
2704 5211 2986 5289 inquam.
3020 5210 3096 5271 ad
3130 5218 3187 5270 te
3218 5210 3417 5269 Roma
3456 5210 3659 5267 [λιπες

365 5324 508 5384 tiam
540 5314 873 5401 ejusmodi
908 5310 1213 5375 codicem
1243 5309 1319 5371 ad
1350 5327 1450 5371 me
1477 5311 1770 5372 Tolosam
1804 5310 2015 5370 mittis.
2052 5307 2270 5369 Aﬂixis
2306 5307 2776 5387 implicitusque
2816 5315 2950 5368 tum
2984 5324 3153 5368 eram
3184 5306 3350 5366 curis
3378 5310 3537 5401 toto,
3576 5306 3644 5360 ut

372 5419 447 5477 ita
474 5398 704 5479 didam,
744 5410 921 5475 ccelo
954 5405 1269 5477 diversis;
1303 5422 1509 5485 neque
1543 5406 1619 5467 iis
1650 5414 1754 5468 aut
1778 5422 2043 5467 numero
2084 5403 2326 5482 paucis,
2382 5411 2489 5465 aut
2533 5420 2767 5480 genere
2830 5402 3094 5464 levibus.
3157 5400 3316 5460 Hinc
3372 5398 3643 5467 Marcus,

373 5516 724 5591 Lucasque,
756 5503 1081 5570 Μαιωωο
1111 5499 1240 5578 jam
1275 5502 1553 5580 perfecto
1586 5501 1963 5581 promissam
2005 5500 2429 5581 reposcebant-
2457 5517 2740 5577 Operam.
2795 5498 3060 5560 Aliunde
3114 5494 3338 5557 divinae
3396 5490 3641 5591 Litterae

380 5583 809 5690 professorem
835 5616 1038 5664 suum
1067 5596 1209 5677 jura
1240 5615 1429 5660 manu
1451 5605 1814 5660 consertum
1843 5598 2149 5661 tenebant
2185 5616 2264 5660 ne
2308 5600 2385 5659 ad
2418 5597 2712 5657 humanae
2740 5594 3022 5657 historia;
3055 5583 3639 5690 interpretationem

379 5681 869 5768 descenderem.
905 5695 1207 5771 Denique
1237 5703 1419 5775 cepta
1451 5695 1607 5756 varii
1644 5692 1893 5772 generis
1924 5696 2252 5773 complura
2280 5692 2628 5755 clausulam
2657 5690 3213 5785 col0phonemque
3251 5681 3638 5785 flagitabant.

381 5803 537 5876 Quid
565 5815 829 5883 agerem
852 5799 882 5859 ?
944 5803 1060 5858 tua
1091 5793 1399 5855 Met'eznas
1427 5790 1594 5856 haud
1629 5789 1840 5854 mollia
1859 5790 2060 5870 jussa.
2095 5791 2374 5855 lnduciis
2411 5794 2735 5871 utcunque
2776 5782 3162 5866 impetratis;
3224 5783 3287 5841 et
3333 5778 3513 5856 quasi
3559 5778 3637 5837 ab
