  <div class='ocr_page' id='page_1' title='image "/cluster/home/n/w/nwhite01/storage/ocr_20150623/131:no.4/coo.31924054870369/039.png"; bbox 0 0 4104 6420; ppageno 0'>
   <div class='ocr_carea' id='block_1_1' title="bbox 479 360 3732 430">
    <p class='ocr_par' dir='ltr' id='par_1_1' title="bbox 479 360 3732 430">
     <span class='ocr_line' id='line_1_1' title="bbox 479 360 3732 430; baseline -0.002 0"><span class='ocrx_word' id='word_1_1' title='bbox 479 384 549 430; x_wconf 65' lang='grc' dir='ltr'><strong>(ις</strong></span> <span class='ocrx_word' id='word_1_2' title='bbox 1598 369 1725 426; x_wconf 54' lang='lat' dir='ltr'><strong>PE”</strong></span> <span class='ocrx_word' id='word_1_3' title='bbox 1748 374 1826 423; x_wconf 72' lang='lat' dir='ltr'><strong>ut</strong></span> <span class='ocrx_word' id='word_1_4' title='bbox 1870 364 2163 424; x_wconf 60' lang='lat' dir='ltr'><strong>l’USSlNl</strong></span> <span class='ocrx_word' id='word_1_5' title='bbox 2228 360 2645 427; x_wconf 67' lang='lat' dir='ltr'><strong>PRrEFATlO.</strong></span> <span class='ocrx_word' id='word_1_6' title='bbox 3661 362 3732 425; x_wconf 69' lang='lat'><strong>64</strong></span> 
     </span>
    </p>
   </div>
   <div class='ocr_carea' id='block_1_2' title="bbox 474 470 3733 559">
    <p class='ocr_par' dir='ltr' id='par_1_2' title="bbox 474 470 3733 559">
     <span class='ocr_line' id='line_1_2' title="bbox 474 470 3733 559; baseline -0.003 -16"><span class='ocrx_word' id='word_1_7' title='bbox 474 479 949 559; x_wconf 80' lang='lat' dir='ltr'><strong>urgentioribus</strong></span> <span class='ocrx_word' id='word_1_8' title='bbox 978 479 1361 543; x_wconf 91' lang='lat' dir='ltr'><strong>creditorum</strong></span> <span class='ocrx_word' id='word_1_9' title='bbox 1383 495 1562 541; x_wconf 85' lang='lat' dir='ltr'><strong>mora</strong></span> <span class='ocrx_word' id='word_1_10' title='bbox 1590 477 1924 540; x_wconf 82' lang='lat' dir='ltr'><strong>solutionis</strong></span> <span class='ocrx_word' id='word_1_11' title='bbox 1959 482 2234 549; x_wconf 79' lang='lat' dir='ltr'><strong>exorata,</strong></span> <span class='ocrx_word' id='word_1_12' title='bbox 2259 482 2461 537; x_wconf 88' lang='lat' dir='ltr'><strong>totum</strong></span> <span class='ocrx_word' id='word_1_13' title='bbox 2483 480 2677 537; x_wconf 56' lang='lat' dir='ltr'><strong>Anna;</strong></span> <span class='ocrx_word' id='word_1_14' title='bbox 2709 492 2811 537; x_wconf 90' lang='lat' dir='ltr'><strong>me</strong></span> <span class='ocrx_word' id='word_1_15' title='bbox 2832 473 3046 550; x_wconf 78' lang='lat' dir='ltr'><strong>tribui,</strong></span> <span class='ocrx_word' id='word_1_16' title='bbox 3077 478 3280 536; x_wconf 89' lang='lat' dir='ltr'><strong>totum</strong></span> <span class='ocrx_word' id='word_1_17' title='bbox 3302 470 3588 552; x_wconf 85' lang='lat' dir='ltr'><strong>impendi</strong></span> <span class='ocrx_word' id='word_1_18' title='bbox 3625 489 3640 534; x_wconf 90' lang='lat'><strong>:</strong></span> <span class='ocrx_word' id='word_1_19' title='bbox 3670 484 3733 540; x_wconf 81' lang='lat' dir='ltr'><strong>et</strong></span> 
     </span>
    </p>
   </div>
   <div class='ocr_carea' id='block_1_3' title="bbox 476 569 3735 651">
    <p class='ocr_par' dir='ltr' id='par_1_3' title="bbox 476 569 3735 651">
     <span class='ocr_line' id='line_1_3' title="bbox 476 569 3735 651; baseline -0.001 -18"><span class='ocrx_word' id='word_1_20' title='bbox 476 585 677 636; x_wconf 86' lang='lat' dir='ltr'><strong>totum</strong></span> <span class='ocrx_word' id='word_1_21' title='bbox 709 578 790 634; x_wconf 89' lang='lat' dir='ltr'><strong>ita</strong></span> <span class='ocrx_word' id='word_1_22' title='bbox 823 592 919 635; x_wconf 92' lang='lat' dir='ltr'><strong>res</strong></span> <span class='ocrx_word' id='word_1_23' title='bbox 952 576 1249 651; x_wconf 89' lang='lat' dir='ltr'><strong>poscebat</strong></span> <span class='ocrx_word' id='word_1_24' title='bbox 1281 580 1346 635; x_wconf 87' lang='lat' dir='ltr'><strong>ut</strong></span> <span class='ocrx_word' id='word_1_25' title='bbox 1380 591 1495 635; x_wconf 88' lang='lat' dir='ltr'><strong>nec</strong></span> <span class='ocrx_word' id='word_1_26' title='bbox 1529 580 1696 634; x_wconf 90' lang='lat' dir='ltr'><strong>totus</strong></span> <span class='ocrx_word' id='word_1_27' title='bbox 1717 571 2095 633; x_wconf 80' lang='lat' dir='ltr'><strong>sufﬁcerem.</strong></span> <span class='ocrx_word' id='word_1_28' title='bbox 2127 573 2196 632; x_wconf 88' lang='lat' dir='ltr'><strong>In</strong></span> <span class='ocrx_word' id='word_1_29' title='bbox 2227 571 2569 651; x_wconf 75' lang='lat' dir='ltr'><strong>scriptione</strong></span> <span class='ocrx_word' id='word_1_30' title='bbox 2599 572 2823 650; x_wconf 88' lang='lat' dir='ltr'><strong>passim</strong></span> <span class='ocrx_word' id='word_1_31' title='bbox 2844 572 3083 633; x_wconf 90' lang='lat' dir='ltr'><strong>incerta</strong></span> <span class='ocrx_word' id='word_1_32' title='bbox 3107 569 3486 650; x_wconf 82' lang='lat' dir='ltr'><strong>exemplaris</strong></span> <span class='ocrx_word' id='word_1_33' title='bbox 3503 572 3735 633; x_wconf 92' lang='lat' dir='ltr'><strong>tumul-</strong></span> 
     </span>
    </p>
   </div>
   <div class='ocr_carea' id='block_1_4' title="bbox 477 667 3734 748">
    <p class='ocr_par' dir='ltr' id='par_1_4' title="bbox 477 667 3734 748">
     <span class='ocr_line' id='line_1_4' title="bbox 477 667 3734 748; baseline -0.001 -18"><span class='ocrx_word' id='word_1_34' title='bbox 477 676 579 731; x_wconf 79' lang='lat' dir='ltr'><strong>tua</strong></span> <span class='ocrx_word' id='word_1_35' title='bbox 592 673 674 731; x_wconf 89' lang='lat' dir='ltr'><strong>ria</strong></span> <span class='ocrx_word' id='word_1_36' title='bbox 693 669 1029 731; x_wconf 79' lang='lat' dir='ltr'><strong>collatione</strong></span> <span class='ocrx_word' id='word_1_37' title='bbox 1047 670 1404 732; x_wconf 89' lang='lat' dir='ltr'><strong>concinnati</strong></span> <span class='ocrx_word' id='word_1_38' title='bbox 1422 670 1782 747; x_wconf 74' lang='lat' dir='ltr'><strong>conjectura</strong></span> <span class='ocrx_word' id='word_1_39' title='bbox 1806 676 1866 727; x_wconf 87' lang='lat' dir='ltr'><strong>et</strong></span> <span class='ocrx_word' id='word_1_40' title='bbox 1887 668 2247 745; x_wconf 73' lang='grc' dir='ltr'><strong>ευδρῐοὶοηθ</strong></span> <span class='ocrx_word' id='word_1_41' title='bbox 2263 669 2563 730; x_wconf 90' lang='lat' dir='ltr'><strong>utendum</strong></span> <span class='ocrx_word' id='word_1_42' title='bbox 2588 668 2949 748; x_wconf 87' lang='lat' dir='ltr'><strong>plurimum.</strong></span> <span class='ocrx_word' id='word_1_43' title='bbox 2971 670 3234 729; x_wconf 79' lang='lat' dir='ltr'><strong>Lacunee</strong></span> <span class='ocrx_word' id='word_1_44' title='bbox 3249 667 3734 729; x_wconf 85' lang='lat' dir='ltr'><strong>divinationibus</strong></span> 
     </span>
    </p>
   </div>
   <div class='ocr_carea' id='block_1_5' title="bbox 480 762 3733 847">
    <p class='ocr_par' dir='ltr' id='par_1_5' title="bbox 480 762 3733 847">
     <span class='ocr_line' id='line_1_5' title="bbox 480 762 3733 847; baseline -0.002 -23"><span class='ocrx_word' id='word_1_45' title='bbox 480 765 878 842; x_wconf 47' lang='lat' dir='ltr'><strong>supplendam</strong></span> <span class='ocrx_word' id='word_1_46' title='bbox 911 766 1265 827; x_wconf 82' lang='lat' dir='ltr'><strong>Cavendum</strong></span> <span class='ocrx_word' id='word_1_47' title='bbox 1298 784 1375 827; x_wconf 87' lang='lat' dir='ltr'><strong>ne</strong></span> <span class='ocrx_word' id='word_1_48' title='bbox 1411 765 1595 841; x_wconf 89' lang='lat' dir='ltr'><strong>longe</strong></span> <span class='ocrx_word' id='word_1_49' title='bbox 1628 762 2023 824; x_wconf 89' lang='lat' dir='ltr'><strong>ornatissima</strong></span> <span class='ocrx_word' id='word_1_50' title='bbox 2055 764 2390 825; x_wconf 73' lang='lat' dir='ltr'><strong>Comnenze</strong></span> <span class='ocrx_word' id='word_1_51' title='bbox 2422 764 2621 847; x_wconf 83' lang='lat' dir='ltr'><strong>oratio</strong></span> <span class='ocrx_word' id='word_1_52' title='bbox 2655 764 2840 825; x_wconf 91' lang='lat' dir='ltr'><strong>nimis</strong></span> <span class='ocrx_word' id='word_1_53' title='bbox 2866 763 3165 840; x_wconf 71' lang='lat' dir='ltr'><strong>inaequali</strong></span> <span class='ocrx_word' id='word_1_54' title='bbox 3198 763 3468 825; x_wconf 90' lang='lat' dir='ltr'><strong>versioni</strong></span> <span class='ocrx_word' id='word_1_55' title='bbox 3507 763 3733 823; x_wconf 66' lang='lat' dir='ltr'><strong>Latinm</strong></span> 
     </span>
    </p>
   </div>
   <div class='ocr_carea' id='block_1_6' title="bbox 479 855 3727 940">
    <p class='ocr_par' dir='ltr' id='par_1_6' title="bbox 479 855 3727 940">
     <span class='ocr_line' id='line_1_6' title="bbox 479 855 3727 940; baseline -0.002 -19"><span class='ocrx_word' id='word_1_56' title='bbox 479 871 983 940; x_wconf 80' lang='lat' dir='ltr'><strong>compara:etur;</strong></span> <span class='ocrx_word' id='word_1_57' title='bbox 1021 881 1146 924; x_wconf 92' lang='lat' dir='ltr'><strong>non</strong></span> <span class='ocrx_word' id='word_1_58' title='bbox 1183 863 1411 923; x_wconf 91' lang='lat' dir='ltr'><strong>minori</strong></span> <span class='ocrx_word' id='word_1_59' title='bbox 1439 861 1688 922; x_wconf 88' lang='lat' dir='ltr'><strong>fastidio</strong></span> <span class='ocrx_word' id='word_1_60' title='bbox 1710 860 2114 937; x_wconf 85' lang='lat' dir='ltr'><strong>convitioque</strong></span> <span class='ocrx_word' id='word_1_61' title='bbox 2146 855 2498 931; x_wconf 70' lang='lat' dir='ltr'><strong>oculatum,</strong></span> <span class='ocrx_word' id='word_1_62' title='bbox 2534 876 2722 940; x_wconf 89' lang='lat' dir='ltr'><strong>quam</strong></span> <span class='ocrx_word' id='word_1_63' title='bbox 2767 860 2818 921; x_wconf 90' lang='lat' dir='ltr'><strong>si</strong></span> <span class='ocrx_word' id='word_1_64' title='bbox 2855 858 3251 920; x_wconf 88' lang='lat' dir='ltr'><strong>holosericus</strong></span> <span class='ocrx_word' id='word_1_65' title='bbox 3281 859 3411 918; x_wconf 89' lang='lat' dir='ltr'><strong>viva</strong></span> <span class='ocrx_word' id='word_1_66' title='bbox 3448 877 3727 937; x_wconf 66' lang='lat' dir='ltr'><strong>purpura</strong></span> 
     </span>
    </p>
   </div>
   <div class='ocr_carea' id='block_1_7' title="bbox 481 952 3727 1037">
    <p class='ocr_par' dir='ltr' id='par_1_7' title="bbox 481 952 3727 1037">
     <span class='ocr_line' id='line_1_7' title="bbox 481 952 3727 1037; baseline -0.001 -23"><span class='ocrx_word' id='word_1_67' title='bbox 481 957 694 1020; x_wconf 88' lang='lat' dir='ltr'><strong>lucens</strong></span> <span class='ocrx_word' id='word_1_68' title='bbox 730 976 972 1035; x_wconf 85' lang='lat' dir='ltr'><strong>pannus</strong></span> <span class='ocrx_word' id='word_1_69' title='bbox 1012 978 1199 1022; x_wconf 91' lang='lat' dir='ltr'><strong>sacco</strong></span> <span class='ocrx_word' id='word_1_70' title='bbox 1228 959 1482 1021; x_wconf 91' lang='lat' dir='ltr'><strong>cilicino</strong></span> <span class='ocrx_word' id='word_1_71' title='bbox 1512 965 1619 1019; x_wconf 92' lang='lat' dir='ltr'><strong>aut</strong></span> <span class='ocrx_word' id='word_1_72' title='bbox 1662 955 1839 1037; x_wconf 89' lang='lat' dir='ltr'><strong>pullo</strong></span> <span class='ocrx_word' id='word_1_73' title='bbox 1873 953 2131 1018; x_wconf 88' lang='lat' dir='ltr'><strong>centoni</strong></span> <span class='ocrx_word' id='word_1_74' title='bbox 2176 963 2560 1018; x_wconf 88' lang='lat' dir='ltr'><strong>assueretur.</strong></span> <span class='ocrx_word' id='word_1_75' title='bbox 2601 955 2963 1016; x_wconf 70' lang='lat' dir='ltr'><strong>Vetendum</strong></span> <span class='ocrx_word' id='word_1_76' title='bbox 2997 973 3074 1016; x_wconf 88' lang='lat' dir='ltr'><strong>ne</strong></span> <span class='ocrx_word' id='word_1_77' title='bbox 3116 952 3308 1033; x_wconf 88' lang='lat' dir='ltr'><strong>(quod</strong></span> <span class='ocrx_word' id='word_1_78' title='bbox 3361 973 3580 1029; x_wconf 89' lang='lat' dir='ltr'><strong>parum</strong></span> <span class='ocrx_word' id='word_1_79' title='bbox 3643 956 3727 1013; x_wconf 84' lang='lat' dir='ltr'><strong>vi-</strong></span> 
     </span>
    </p>
   </div>
   <div class='ocr_carea' id='block_1_8' title="bbox 482 1051 3727 1134">
    <p class='ocr_par' dir='ltr' id='par_1_8' title="bbox 482 1051 3727 1134">
     <span class='ocr_line' id='line_1_8' title="bbox 482 1051 3727 1134; baseline -0.001 -21"><span class='ocrx_word' id='word_1_80' title='bbox 482 1063 640 1115; x_wconf 85' lang='lat' dir='ltr'><strong>tasse</strong></span> <span class='ocrx_word' id='word_1_81' title='bbox 673 1055 922 1134; x_wconf 88' lang='lat' dir='ltr'><strong>aliquos</strong></span> <span class='ocrx_word' id='word_1_82' title='bbox 976 1054 1231 1133; x_wconf 83' lang='lat' dir='ltr'><strong>querela</strong></span> <span class='ocrx_word' id='word_1_83' title='bbox 1287 1054 1627 1116; x_wconf 88' lang='lat' dir='ltr'><strong>nultorum</strong></span> <span class='ocrx_word' id='word_1_84' title='bbox 1685 1051 1811 1129; x_wconf 89' lang='lat' dir='ltr'><strong>est)</strong></span> <span class='ocrx_word' id='word_1_85' title='bbox 1870 1052 2458 1129; x_wconf 77' lang='lat' dir='ltr'><strong>interpretationem</strong></span> <span class='ocrx_word' id='word_1_86' title='bbox 2525 1052 2804 1113; x_wconf 88' lang='lat' dir='ltr'><strong>Latinam</strong></span> <span class='ocrx_word' id='word_1_87' title='bbox 2854 1051 3125 1112; x_wconf 68' lang='lat' dir='ltr'><strong>facerem</strong></span> <span class='ocrx_word' id='word_1_88' title='bbox 3186 1051 3452 1111; x_wconf 87' lang='lat' dir='ltr'><strong>similem</strong></span> <span class='ocrx_word' id='word_1_89' title='bbox 3502 1051 3727 1111; x_wconf 77' lang='lat' dir='ltr'><strong>setacei</strong></span> 
     </span>
    </p>
   </div>
   <div class='ocr_carea' id='block_1_9' title="bbox 478 1146 3728 1233">
    <p class='ocr_par' dir='ltr' id='par_1_9' title="bbox 478 1146 3728 1233">
     <span class='ocr_line' id='line_1_9' title="bbox 478 1146 3728 1233; baseline -0.001 -25"><span class='ocrx_word' id='word_1_90' title='bbox 478 1151 743 1218; x_wconf 81' lang='lat' dir='ltr'><strong>eribelli.</strong></span> <span class='ocrx_word' id='word_1_91' title='bbox 787 1153 952 1227; x_wconf 88' lang='lat' dir='ltr'><strong>quod</strong></span> <span class='ocrx_word' id='word_1_92' title='bbox 990 1152 1371 1233; x_wconf 64' lang='lat' dir='ltr'><strong>immissmin</strong></span> <span class='ocrx_word' id='word_1_93' title='bbox 1406 1150 1734 1213; x_wconf 91' lang='lat' dir='ltr'><strong>cerniculo</strong></span> <span class='ocrx_word' id='word_1_94' title='bbox 1766 1148 1987 1212; x_wconf 71' lang='lat' dir='ltr'><strong>farinm</strong></span> <span class='ocrx_word' id='word_1_95' title='bbox 2034 1149 2255 1211; x_wconf 85' lang='lat' dir='ltr'><strong>ﬂorem</strong></span> <span class='ocrx_word' id='word_1_96' title='bbox 2300 1147 2508 1227; x_wconf 91' lang='lat' dir='ltr'><strong>ipsum</strong></span> <span class='ocrx_word' id='word_1_97' title='bbox 2566 1164 2638 1208; x_wconf 88' lang='lat' dir='ltr'><strong>ac</strong></span> <span class='ocrx_word' id='word_1_98' title='bbox 2688 1164 2913 1224; x_wconf 69' lang='lat' dir='ltr'><strong>putum</strong></span> <span class='ocrx_word' id='word_1_99' title='bbox 2984 1146 3283 1224; x_wconf 82' lang='lat' dir='ltr'><strong>pollinem</strong></span> <span class='ocrx_word' id='word_1_100' title='bbox 3345 1149 3728 1215; x_wconf 84' lang='lat' dir='ltr'><strong>transmittit,</strong></span> 
     </span>
    </p>
   </div>
   <div class='ocr_carea' id='block_1_10' title="bbox 476 1242 3726 1321">
    <p class='ocr_par' dir='ltr' id='par_1_10' title="bbox 476 1242 3726 1321">
     <span class='ocr_line' id='line_1_10' title="bbox 476 1242 3726 1321; baseline -0.002 -16"><span class='ocrx_word' id='word_1_101' title='bbox 476 1246 752 1307; x_wconf 84' lang='lat' dir='ltr'><strong>furfures</strong></span> <span class='ocrx_word' id='word_1_102' title='bbox 782 1264 852 1307; x_wconf 91' lang='lat' dir='ltr'><strong>ac</strong></span> <span class='ocrx_word' id='word_1_103' title='bbox 882 1248 1100 1308; x_wconf 79' lang='lat' dir='ltr'><strong>sordes</strong></span> <span class='ocrx_word' id='word_1_104' title='bbox 1133 1265 1336 1308; x_wconf 87' lang='lat' dir='ltr'><strong>meras</strong></span> <span class='ocrx_word' id='word_1_105' title='bbox 1368 1247 1595 1308; x_wconf 61' lang='lat' dir='ltr'><strong>retinet</strong></span> <span class='ocrx_word' id='word_1_106' title='bbox 1619 1252 1681 1308; x_wconf 84' lang='lat' dir='ltr'><strong>et</strong></span> <span class='ocrx_word' id='word_1_107' title='bbox 1715 1245 2009 1307; x_wconf 84' lang='lat' dir='ltr'><strong>exhibet.</strong></span> <span class='ocrx_word' id='word_1_108' title='bbox 2044 1245 2134 1305; x_wconf 87' lang='lat' dir='ltr'><strong>Ad</strong></span> <span class='ocrx_word' id='word_1_109' title='bbox 2174 1243 2309 1304; x_wconf 65' lang='lat' dir='ltr'><strong>haec</strong></span> <span class='ocrx_word' id='word_1_110' title='bbox 2346 1242 2643 1321; x_wconf 82' lang='lat' dir='ltr'><strong>quoniam</strong></span> <span class='ocrx_word' id='word_1_111' title='bbox 2679 1243 2739 1302; x_wconf 90' lang='lat' dir='ltr'><strong>in</strong></span> <span class='ocrx_word' id='word_1_112' title='bbox 2765 1242 3111 1302; x_wconf 57' lang='lat' dir='ltr'><strong>Caesar-issu;</strong></span> <span class='ocrx_word' id='word_1_113' title='bbox 3138 1242 3432 1303; x_wconf 81' lang='lat' dir='ltr'><strong>familiam</strong></span> <span class='ocrx_word' id='word_1_114' title='bbox 3473 1243 3726 1302; x_wconf 60' lang='lat' dir='ltr'><strong>nomine</strong></span> 
     </span>
    </p>
   </div>
   <div class='ocr_carea' id='block_1_11' title="bbox 474 1336 3725 1421">
    <p class='ocr_par' dir='ltr' id='par_1_11' title="bbox 474 1336 3725 1421">
     <span class='ocr_line' id='line_1_11' title="bbox 474 1336 3725 1421; baseline -0.001 -20"><span class='ocrx_word' id='word_1_115' title='bbox 474 1350 662 1419; x_wconf 89' lang='lat' dir='ltr'><strong>atque</strong></span> <span class='ocrx_word' id='word_1_116' title='bbox 697 1350 1177 1403; x_wconf 48' lang='lat' dir='ltr'><strong>auctoramento</strong></span> <span class='ocrx_word' id='word_1_117' title='bbox 1235 1343 1595 1421; x_wconf 81' lang='lat' dir='ltr'><strong>interpretis</strong></span> <span class='ocrx_word' id='word_1_118' title='bbox 1633 1340 2141 1411; x_wconf 87' lang='lat' dir='ltr'><strong>transcribcbar;</strong></span> <span class='ocrx_word' id='word_1_119' title='bbox 2188 1338 2463 1399; x_wconf 86' lang='lat' dir='ltr'><strong>tenenda</strong></span> <span class='ocrx_word' id='word_1_120' title='bbox 2498 1338 2586 1398; x_wconf 87' lang='lat' dir='ltr'><strong>vis</strong></span> <span class='ocrx_word' id='word_1_121' title='bbox 2618 1336 2804 1421; x_wconf 80' lang='lat' dir='ltr'><strong>hujus</strong></span> <span class='ocrx_word' id='word_1_122' title='bbox 2840 1336 3050 1405; x_wconf 77' lang='lat' dir='ltr'><strong>oﬂicii,</strong></span> <span class='ocrx_word' id='word_1_123' title='bbox 3086 1337 3256 1413; x_wconf 85' lang='lat' dir='ltr'><strong>quod</strong></span> <span class='ocrx_word' id='word_1_124' title='bbox 3290 1356 3376 1415; x_wconf 88' lang='lat' dir='ltr'><strong>qu</strong></span> <span class='ocrx_word' id='word_1_125' title='bbox 3425 1338 3483 1398; x_wconf 90' lang='lat' dir='ltr'><strong>le</strong></span> <span class='ocrx_word' id='word_1_126' title='bbox 3515 1339 3617 1405; x_wconf 81' lang='lat' dir='ltr'><strong>sit.</strong></span> <span class='ocrx_word' id='word_1_127' title='bbox 3653 1357 3725 1398; x_wconf 76' lang='lat' dir='ltr'><strong>ex</strong></span> 
     </span>
    </p>
   </div>
   <div class='ocr_carea' id='block_1_12' title="bbox 473 1418 3725 1517">
    <p class='ocr_par' dir='ltr' id='par_1_12' title="bbox 473 1418 3725 1517">
     <span class='ocr_line' id='line_1_12' title="bbox 473 1418 3725 1517; baseline -0 -22"><span class='ocrx_word' id='word_1_128' title='bbox 473 1418 704 1497; x_wconf 84' lang='lat' dir='ltr'><strong>muniis</strong></span> <span class='ocrx_word' id='word_1_129' title='bbox 759 1438 1038 1515; x_wconf 86' lang='lat' dir='ltr'><strong>ejusdem</strong></span> <span class='ocrx_word' id='word_1_130' title='bbox 1067 1439 1342 1513; x_wconf 82' lang='lat' dir='ltr'><strong>generis,</strong></span> <span class='ocrx_word' id='word_1_131' title='bbox 1376 1418 1824 1517; x_wconf 88' lang='lat' dir='ltr'><strong>principalium</strong></span> <span class='ocrx_word' id='word_1_132' title='bbox 1859 1437 2205 1498; x_wconf 84' lang='lat' dir='ltr'><strong>scribarum</strong></span> <span class='ocrx_word' id='word_1_133' title='bbox 2242 1441 2299 1493; x_wconf 90' lang='lat' dir='ltr'><strong>et</strong></span> <span class='ocrx_word' id='word_1_134' title='bbox 2336 1418 2756 1511; x_wconf 69' lang='lat' dir='ltr'><strong>palatinorum</strong></span> <span class='ocrx_word' id='word_1_135' title='bbox 2791 1434 3458 1493; x_wconf 86' lang='lat' dir='ltr'><strong>commentariensium</strong></span> <span class='ocrx_word' id='word_1_136' title='bbox 3522 1441 3725 1512; x_wconf 80' lang='lat' dir='ltr'><strong>potest</strong></span> 
     </span>
    </p>
   </div>
   <div class='ocr_carea' id='block_1_13' title="bbox 474 1528 3724 1611">
    <p class='ocr_par' dir='ltr' id='par_1_13' title="bbox 474 1528 3724 1611">
     <span class='ocr_line' id='line_1_13' title="bbox 474 1528 3724 1611; baseline -0.001 -22"><span class='ocrx_word' id='word_1_137' title='bbox 474 1531 762 1608; x_wconf 83' lang='lat' dir='ltr'><strong>intelligi.</strong></span> <span class='ocrx_word' id='word_1_138' title='bbox 803 1532 884 1592; x_wconf 89' lang='lat' dir='ltr'><strong>lis</strong></span> <span class='ocrx_word' id='word_1_139' title='bbox 921 1549 1101 1609; x_wconf 83' lang='lat' dir='ltr'><strong>reges</strong></span> <span class='ocrx_word' id='word_1_140' title='bbox 1141 1533 1509 1611; x_wconf 58' lang='lat' dir='ltr'><strong>reginaeque</strong></span> <span class='ocrx_word' id='word_1_141' title='bbox 1540 1533 1625 1595; x_wconf 89' lang='lat' dir='ltr'><strong>uti</strong></span> <span class='ocrx_word' id='word_1_142' title='bbox 1661 1534 1869 1595; x_wconf 90' lang='lat' dir='ltr'><strong>solent</strong></span> <span class='ocrx_word' id='word_1_143' title='bbox 1915 1531 1990 1593; x_wconf 89' lang='lat' dir='ltr'><strong>ad</strong></span> <span class='ocrx_word' id='word_1_144' title='bbox 2026 1528 2393 1591; x_wconf 87' lang='lat' dir='ltr'><strong>scribendas</strong></span> <span class='ocrx_word' id='word_1_145' title='bbox 2436 1542 2594 1608; x_wconf 81' lang='lat' dir='ltr'><strong>quas</strong></span> <span class='ocrx_word' id='word_1_146' title='bbox 2644 1540 3159 1608; x_wconf 85' lang='lat' dir='ltr'><strong>quoquoversum</strong></span> <span class='ocrx_word' id='word_1_147' title='bbox 3198 1530 3509 1589; x_wconf 79' lang='lat' dir='ltr'><strong>missitant</strong></span> <span class='ocrx_word' id='word_1_148' title='bbox 3560 1530 3724 1589; x_wconf 74' lang='lat' dir='ltr'><strong>litte—</strong></span> 
     </span>
    </p>
   </div>
   <div class='ocr_carea' id='block_1_14' title="bbox 474 1624 3725 1703">
    <p class='ocr_par' dir='ltr' id='par_1_14' title="bbox 474 1624 3725 1703">
     <span class='ocr_line' id='line_1_14' title="bbox 474 1624 3725 1703; baseline 0.001 -21"><span class='ocrx_word' id='word_1_149' title='bbox 474 1638 596 1692; x_wconf 87' lang='lat' dir='ltr'><strong>ras,</strong></span> <span class='ocrx_word' id='word_1_150' title='bbox 631 1640 896 1701; x_wconf 84' lang='lat' dir='ltr'><strong>quarum</strong></span> <span class='ocrx_word' id='word_1_151' title='bbox 936 1626 1315 1685; x_wconf 74' lang='lat' dir='ltr'><strong>sententiam</strong></span> <span class='ocrx_word' id='word_1_152' title='bbox 1352 1626 1462 1687; x_wconf 90' lang='lat' dir='ltr'><strong>ubi</strong></span> <span class='ocrx_word' id='word_1_153' title='bbox 1494 1626 1687 1686; x_wconf 91' lang='lat' dir='ltr'><strong>verbo</strong></span> <span class='ocrx_word' id='word_1_154' title='bbox 1720 1631 1827 1685; x_wconf 90' lang='lat' dir='ltr'><strong>aut</strong></span> <span class='ocrx_word' id='word_1_155' title='bbox 1857 1632 2010 1685; x_wconf 90' lang='lat' dir='ltr'><strong>nutu</strong></span> <span class='ocrx_word' id='word_1_156' title='bbox 2043 1625 2431 1697; x_wconf 86' lang='lat' dir='ltr'><strong>indicarunt,</strong></span> <span class='ocrx_word' id='word_1_157' title='bbox 2467 1624 2732 1686; x_wconf 89' lang='lat' dir='ltr'><strong>istorum</strong></span> <span class='ocrx_word' id='word_1_158' title='bbox 2782 1624 2913 1703; x_wconf 88' lang='lat' dir='ltr'><strong>jam</strong></span> <span class='ocrx_word' id='word_1_159' title='bbox 2948 1626 3269 1699; x_wconf 78' lang='lat' dir='ltr'><strong>negotium</strong></span> <span class='ocrx_word' id='word_1_160' title='bbox 3311 1631 3427 1694; x_wconf 82' lang='lat' dir='ltr'><strong>est,</strong></span> <span class='ocrx_word' id='word_1_161' title='bbox 3471 1642 3586 1703; x_wconf 90' lang='lat' dir='ltr'><strong>pro</strong></span> <span class='ocrx_word' id='word_1_162' title='bbox 3616 1642 3725 1685; x_wconf 84' lang='lat' dir='ltr'><strong>sua</strong></span> 
     </span>
    </p>
   </div>
   <div class='ocr_carea' id='block_1_15' title="bbox 474 1710 3727 1800">
    <p class='ocr_par' dir='ltr' id='par_1_15' title="bbox 474 1710 3727 1800">
     <span class='ocr_line' id='line_1_15' title="bbox 474 1710 3727 1800; baseline 0.001 -23"><span class='ocrx_word' id='word_1_163' title='bbox 474 1719 780 1796; x_wconf 86' lang='lat' dir='ltr'><strong>cujusque</strong></span> <span class='ocrx_word' id='word_1_164' title='bbox 813 1719 1135 1792; x_wconf 81' lang='lat' dir='ltr'><strong>facultate,</strong></span> <span class='ocrx_word' id='word_1_165' title='bbox 1176 1710 1465 1781; x_wconf 83' lang='lat' dir='ltr'><strong>mentem</strong></span> <span class='ocrx_word' id='word_1_166' title='bbox 1497 1720 1913 1799; x_wconf 85' lang='lat' dir='ltr'><strong>subscripturi</strong></span> <span class='ocrx_word' id='word_1_167' title='bbox 1969 1720 2199 1781; x_wconf 87' lang='lat' dir='ltr'><strong>deinde</strong></span> <span class='ocrx_word' id='word_1_168' title='bbox 2240 1720 2571 1800; x_wconf 90' lang='lat' dir='ltr'><strong>principis,</strong></span> <span class='ocrx_word' id='word_1_169' title='bbox 2607 1738 2685 1781; x_wconf 77' lang='lat' dir='ltr'><strong>ex</strong></span> <span class='ocrx_word' id='word_1_170' title='bbox 2717 1720 2850 1798; x_wconf 86' lang='lat' dir='ltr'><strong>ejus</strong></span> <span class='ocrx_word' id='word_1_171' title='bbox 2883 1721 3187 1797; x_wconf 79' lang='lat' dir='ltr'><strong>dignitate</strong></span> <span class='ocrx_word' id='word_1_172' title='bbox 3233 1721 3451 1798; x_wconf 88' lang='lat' dir='ltr'><strong>reique</strong></span> <span class='ocrx_word' id='word_1_173' title='bbox 3502 1722 3727 1781; x_wconf 79' lang='lat' dir='ltr'><strong>meritn</strong></span> 
     </span>
    </p>
   </div>
   <div class='ocr_carea' id='block_1_16' title="bbox 469 1814 3722 1896">
    <p class='ocr_par' dir='ltr' id='par_1_16' title="bbox 469 1814 3722 1896">
     <span class='ocr_line' id='line_1_16' title="bbox 469 1814 3722 1896; baseline 0.002 -23"><span class='ocrx_word' id='word_1_174' title='bbox 469 1830 658 1890; x_wconf 91' lang='lat' dir='ltr'><strong>quam</strong></span> <span class='ocrx_word' id='word_1_175' title='bbox 697 1814 1015 1892; x_wconf 82' lang='lat' dir='ltr'><strong>aptissime</strong></span> <span class='ocrx_word' id='word_1_176' title='bbox 1048 1834 1365 1895; x_wconf 89' lang='lat' dir='ltr'><strong>quamque</strong></span> <span class='ocrx_word' id='word_1_177' title='bbox 1398 1815 1801 1877; x_wconf 84' lang='lat' dir='ltr'><strong>disertissime</strong></span> <span class='ocrx_word' id='word_1_178' title='bbox 1834 1816 2165 1879; x_wconf 88' lang='lat' dir='ltr'><strong>disserere.</strong></span> <span class='ocrx_word' id='word_1_179' title='bbox 2190 1818 2518 1878; x_wconf 87' lang='lat' dir='ltr'><strong>Postremo</strong></span> <span class='ocrx_word' id='word_1_180' title='bbox 2550 1819 2915 1878; x_wconf 90' lang='lat' dir='ltr'><strong>conandum</strong></span> <span class='ocrx_word' id='word_1_181' title='bbox 2948 1824 3011 1877; x_wconf 90' lang='lat' dir='ltr'><strong>ut</strong></span> <span class='ocrx_word' id='word_1_182' title='bbox 3053 1817 3247 1877; x_wconf 78' lang='lat' dir='ltr'><strong>Grmci</strong></span> <span class='ocrx_word' id='word_1_183' title='bbox 3281 1836 3470 1893; x_wconf 90' lang='lat' dir='ltr'><strong>quem</strong></span> <span class='ocrx_word' id='word_1_184' title='bbox 3509 1819 3722 1896; x_wconf 80' lang='lat' dir='ltr'><strong>expri-</strong></span> 
     </span>
    </p>
   </div>
   <div class='ocr_carea' id='block_1_17' title="bbox 470 1908 3728 1991">
    <p class='ocr_par' dir='ltr' id='par_1_17' title="bbox 470 1908 3728 1991">
     <span class='ocr_line' id='line_1_17' title="bbox 470 1908 3728 1991; baseline 0.002 -22"><span class='ocrx_word' id='word_1_185' title='bbox 470 1908 768 1971; x_wconf 89' lang='lat' dir='ltr'><strong>mendum</strong></span> <span class='ocrx_word' id='word_1_186' title='bbox 801 1928 1203 1991; x_wconf 81' lang='lat' dir='ltr'><strong>susceperam</strong></span> <span class='ocrx_word' id='word_1_187' title='bbox 1238 1911 1566 1991; x_wconf 78' lang='lat' dir='ltr'><strong>archetypi</strong></span> <span class='ocrx_word' id='word_1_188' title='bbox 1604 1928 1731 1971; x_wconf 89' lang='lat' dir='ltr'><strong>non</strong></span> <span class='ocrx_word' id='word_1_189' title='bbox 1763 1912 2253 1990; x_wconf 84' lang='lat' dir='ltr'><strong>superﬁciariam</strong></span> <span class='ocrx_word' id='word_1_190' title='bbox 2288 1913 2492 1975; x_wconf 85' lang='lat' dir='ltr'><strong>solum</strong></span> <span class='ocrx_word' id='word_1_191' title='bbox 2524 1911 2790 1975; x_wconf 85' lang='lat' dir='ltr'><strong>formam</strong></span> <span class='ocrx_word' id='word_1_192' title='bbox 2814 1920 2916 1973; x_wconf 87' lang='lat' dir='ltr'><strong>aut</strong></span> <span class='ocrx_word' id='word_1_193' title='bbox 2942 1913 3173 1974; x_wconf 83' lang='lat' dir='ltr'><strong>extima</strong></span> <span class='ocrx_word' id='word_1_194' title='bbox 3204 1915 3506 1974; x_wconf 74' lang='lat' dir='ltr'><strong>duntaxat</strong></span> <span class='ocrx_word' id='word_1_195' title='bbox 3531 1914 3728 1975; x_wconf 78' lang='lat' dir='ltr'><strong>linea-</strong></span> 
     </span>
    </p>
   </div>
   <div class='ocr_carea' id='block_1_18' title="bbox 473 2012 3728 2094">
    <p class='ocr_par' dir='ltr' id='par_1_18' title="bbox 473 2012 3728 2094">
     <span class='ocr_line' id='line_1_18' title="bbox 473 2012 3728 2094; baseline 0.001 -23"><span class='ocrx_word' id='word_1_196' title='bbox 473 2020 686 2074; x_wconf 82' lang='lat' dir='ltr'><strong>menta</strong></span> <span class='ocrx_word' id='word_1_197' title='bbox 731 2012 975 2092; x_wconf 87' lang='lat' dir='ltr'><strong>(qualia</strong></span> <span class='ocrx_word' id='word_1_198' title='bbox 1014 2015 1358 2076; x_wconf 72' lang='lat' dir='ltr'><strong>viventium</strong></span> <span class='ocrx_word' id='word_1_199' title='bbox 1402 2015 1467 2075; x_wconf 89' lang='lat' dir='ltr'><strong>in</strong></span> <span class='ocrx_word' id='word_1_200' title='bbox 1522 2023 1773 2075; x_wconf 89' lang='lat' dir='ltr'><strong>mortuo</strong></span> <span class='ocrx_word' id='word_1_201' title='bbox 1814 2020 2047 2075; x_wconf 85' lang='lat' dir='ltr'><strong>restant</strong></span> <span class='ocrx_word' id='word_1_202' title='bbox 2096 2013 2436 2094; x_wconf 87' lang='lat' dir='ltr'><strong>cadavere)</strong></span> <span class='ocrx_word' id='word_1_203' title='bbox 2490 2013 2655 2093; x_wconf 79' lang='lat' dir='ltr'><strong>stylo</strong></span> <span class='ocrx_word' id='word_1_204' title='bbox 2707 2021 3032 2091; x_wconf 81' lang='lat' dir='ltr'><strong>utcunque</strong></span> <span class='ocrx_word' id='word_1_205' title='bbox 3081 2014 3443 2076; x_wconf 88' lang='lat' dir='ltr'><strong>assimulata</strong></span> <span class='ocrx_word' id='word_1_206' title='bbox 3509 2016 3728 2075; x_wconf 85' lang='lat' dir='ltr'><strong>redde-</strong></span> 
     </span>
    </p>
   </div>
   <div class='ocr_carea' id='block_1_19' title="bbox 472 2111 3723 2192">
    <p class='ocr_par' dir='ltr' id='par_1_19' title="bbox 472 2111 3723 2192">
     <span class='ocr_line' id='line_1_19' title="bbox 472 2111 3723 2192; baseline 0 -23"><span class='ocrx_word' id='word_1_207' title='bbox 472 2125 606 2169; x_wconf 85' lang='lat' dir='ltr'><strong>rem</strong></span> <span class='ocrx_word' id='word_1_208' title='bbox 653 2126 919 2173; x_wconf 90' lang='lat' dir='ltr'><strong>:verum</strong></span> <span class='ocrx_word' id='word_1_209' title='bbox 955 2112 1135 2173; x_wconf 90' lang='lat' dir='ltr'><strong>illum</strong></span> <span class='ocrx_word' id='word_1_210' title='bbox 1189 2113 1455 2192; x_wconf 78' lang='lat' dir='ltr'><strong>insuper</strong></span> <span class='ocrx_word' id='word_1_211' title='bbox 1511 2112 1822 2189; x_wconf 87' lang='lat' dir='ltr'><strong>vigentem</strong></span> <span class='ocrx_word' id='word_1_212' title='bbox 1876 2129 1949 2173; x_wconf 86' lang='lat' dir='ltr'><strong>ac</strong></span> <span class='ocrx_word' id='word_1_213' title='bbox 2002 2118 2396 2189; x_wconf 87' lang='lat' dir='ltr'><strong>vegetantem</strong></span> <span class='ocrx_word' id='word_1_214' title='bbox 2453 2111 2647 2185; x_wconf 91' lang='lat' dir='ltr'><strong>intus,</strong></span> <span class='ocrx_word' id='word_1_215' title='bbox 2695 2111 3095 2190; x_wconf 75' lang='lat' dir='ltr'><strong>subinde-que</strong></span> <span class='ocrx_word' id='word_1_216' title='bbox 3148 2111 3305 2171; x_wconf 89' lang='lat' dir='ltr'><strong>vivis</strong></span> <span class='ocrx_word' id='word_1_217' title='bbox 3363 2129 3438 2173; x_wconf 78' lang='lat' dir='ltr'><strong>ex</strong></span> <span class='ocrx_word' id='word_1_218' title='bbox 3492 2128 3723 2173; x_wconf 84' lang='lat' dir='ltr'><strong>arcano</strong></span> 
     </span>
    </p>
   </div>
   <div class='ocr_carea' id='block_1_20' title="bbox 472 2206 3721 2287">
    <p class='ocr_par' dir='ltr' id='par_1_20' title="bbox 472 2206 3721 2287">
     <span class='ocr_line' id='line_1_20' title="bbox 472 2206 3721 2287; baseline 0 -20"><span class='ocrx_word' id='word_1_219' title='bbox 472 2206 972 2270; x_wconf 81' lang='lat' dir='ltr'><strong>evibratio:.ibus</strong></span> <span class='ocrx_word' id='word_1_220' title='bbox 1009 2210 1343 2271; x_wconf 86' lang='lat' dir='ltr'><strong>micantem</strong></span> <span class='ocrx_word' id='word_1_221' title='bbox 1378 2212 1609 2270; x_wconf 65' lang='lat' dir='ltr'><strong>Latina:</strong></span> <span class='ocrx_word' id='word_1_222' title='bbox 1644 2225 1906 2283; x_wconf 88' lang='lat' dir='ltr'><strong>quoque</strong></span> <span class='ocrx_word' id='word_1_223' title='bbox 1957 2207 2337 2286; x_wconf 67' lang='grc' dir='ltr'><strong>θη)οεὶιίοηὶ</strong></span> <span class='ocrx_word' id='word_1_224' title='bbox 2372 2209 2625 2287; x_wconf 89' lang='lat' dir='ltr'><strong>penitus</strong></span> <span class='ocrx_word' id='word_1_225' title='bbox 2682 2209 2964 2269; x_wconf 87' lang='lat' dir='ltr'><strong>inderem</strong></span> <span class='ocrx_word' id='word_1_226' title='bbox 3023 2214 3212 2286; x_wconf 91' lang='lat' dir='ltr'><strong>atque</strong></span> <span class='ocrx_word' id='word_1_227' title='bbox 3262 2208 3283 2268; x_wconf 92' lang='lat' dir='ltr'><strong>i</strong></span> <span class='ocrx_word' id='word_1_228' title='bbox 3316 2206 3632 2279; x_wconf 34' lang='lat' dir='ltr'><strong>‘halarem,</strong></span> <span class='ocrx_word' id='word_1_229' title='bbox 3673 2208 3721 2267; x_wconf 68' lang='lat' dir='ltr'><strong>si</strong></span> 
     </span>
    </p>
   </div>
   <div class='ocr_carea' id='block_1_21' title="bbox 471 2301 3718 2384">
    <p class='ocr_par' dir='ltr' id='par_1_21' title="bbox 471 2301 3718 2384">
     <span class='ocr_line' id='line_1_21' title="bbox 471 2301 3718 2384; baseline 0 -21"><span class='ocrx_word' id='word_1_230' title='bbox 471 2319 750 2377; x_wconf 84' lang='lat' dir='ltr'><strong>possem,</strong></span> <span class='ocrx_word' id='word_1_231' title='bbox 784 2305 1100 2383; x_wconf 81' lang='lat' dir='ltr'><strong>spiritum,</strong></span> <span class='ocrx_word' id='word_1_232' title='bbox 1146 2306 1315 2368; x_wconf 88' lang='lat' dir='ltr'><strong>velut</strong></span> <span class='ocrx_word' id='word_1_233' title='bbox 1347 2308 1584 2384; x_wconf 89' lang='lat' dir='ltr'><strong>ignem,</strong></span> <span class='ocrx_word' id='word_1_234' title='bbox 1625 2305 1824 2376; x_wconf 87' lang='lat' dir='ltr'><strong>aiunt,</strong></span> <span class='ocrx_word' id='word_1_235' title='bbox 1878 2301 2151 2366; x_wconf 72' lang='lat' dir='ltr'><strong>aatherea</strong></span> <span class='ocrx_word' id='word_1_236' title='bbox 2196 2303 2575 2365; x_wconf 87' lang='lat' dir='ltr'><strong>subductum</strong></span> <span class='ocrx_word' id='word_1_237' title='bbox 2627 2304 2818 2366; x_wconf 90' lang='lat' dir='ltr'><strong>domo</strong></span> <span class='ocrx_word' id='word_1_238' title='bbox 2874 2302 3047 2366; x_wconf 71' lang='lat' dir='ltr'><strong>luteo</strong></span> <span class='ocrx_word' id='word_1_239' title='bbox 3085 2305 3499 2367; x_wconf 89' lang='lat' dir='ltr'><strong>Prometheus</strong></span> <span class='ocrx_word' id='word_1_240' title='bbox 3544 2305 3718 2381; x_wconf 82' lang='lat' dir='ltr'><strong>Operi</strong></span> 
     </span>
    </p>
   </div>
   <div class='ocr_carea' id='block_1_22' title="bbox 472 2398 3715 2482">
    <p class='ocr_par' dir='ltr' id='par_1_22' title="bbox 472 2398 3715 2482">
     <span class='ocr_line' id='line_1_22' title="bbox 472 2398 3715 2482; baseline 0.001 -23"><span class='ocrx_word' id='word_1_241' title='bbox 472 2398 747 2471; x_wconf 81' lang='lat' dir='ltr'><strong>miscuit,</strong></span> <span class='ocrx_word' id='word_1_242' title='bbox 778 2400 931 2461; x_wconf 90' lang='lat' dir='ltr'><strong>nihil</strong></span> <span class='ocrx_word' id='word_1_243' title='bbox 958 2402 1193 2480; x_wconf 89' lang='lat' dir='ltr'><strong>alioqui</strong></span> <span class='ocrx_word' id='word_1_244' title='bbox 1228 2420 1416 2465; x_wconf 81' lang='lat' dir='ltr'><strong>supra</strong></span> <span class='ocrx_word' id='word_1_245' title='bbox 1445 2418 1709 2463; x_wconf 82' lang='lat' dir='ltr'><strong>massam</strong></span> <span class='ocrx_word' id='word_1_246' title='bbox 1746 2400 1929 2461; x_wconf 87' lang='lat' dir='ltr'><strong>vilem</strong></span> <span class='ocrx_word' id='word_1_247' title='bbox 1968 2401 2306 2463; x_wconf 85' lang='lat' dir='ltr'><strong>madefacti</strong></span> <span class='ocrx_word' id='word_1_248' title='bbox 2336 2403 2620 2482; x_wconf 77' lang='lat' dir='ltr'><strong>pulveris</strong></span> <span class='ocrx_word' id='word_1_249' title='bbox 2642 2402 2876 2463; x_wconf 88' lang='lat' dir='ltr'><strong>futuro.</strong></span> <span class='ocrx_word' id='word_1_250' title='bbox 2910 2404 3020 2463; x_wconf 84' lang='lat' dir='ltr'><strong>His</strong></span> <span class='ocrx_word' id='word_1_251' title='bbox 3044 2421 3161 2482; x_wconf 82' lang='lat' dir='ltr'><strong>ego</strong></span> <span class='ocrx_word' id='word_1_252' title='bbox 3188 2410 3277 2465; x_wconf 89' lang='lat' dir='ltr'><strong>tot</strong></span> <span class='ocrx_word' id='word_1_253' title='bbox 3298 2403 3715 2473; x_wconf 88' lang='lat' dir='ltr'><strong>cautionibus,</strong></span> 
     </span>
    </p>
   </div>
   <div class='ocr_carea' id='block_1_23' title="bbox 476 2492 3713 2579">
    <p class='ocr_par' dir='ltr' id='par_1_23' title="bbox 476 2492 3713 2579">
     <span class='ocr_line' id='line_1_23' title="bbox 476 2492 3713 2579; baseline 0.002 -28"><span class='ocrx_word' id='word_1_254' title='bbox 476 2498 567 2553; x_wconf 88' lang='lat' dir='ltr'><strong>tot</strong></span> <span class='ocrx_word' id='word_1_255' title='bbox 598 2495 1301 2573; x_wconf 79' lang='lat' dir='ltr'><strong>circumspectionibus,</strong></span> <span class='ocrx_word' id='word_1_256' title='bbox 1335 2514 1407 2558; x_wconf 86' lang='lat' dir='ltr'><strong>ac</strong></span> <span class='ocrx_word' id='word_1_257' title='bbox 1453 2495 1988 2556; x_wconf 89' lang='lat' dir='ltr'><strong>destinationibus</strong></span> <span class='ocrx_word' id='word_1_258' title='bbox 2027 2503 2147 2559; x_wconf 91' lang='lat' dir='ltr'><strong>tam</strong></span> <span class='ocrx_word' id='word_1_259' title='bbox 2179 2500 2366 2561; x_wconf 87' lang='lat' dir='ltr'><strong>variis</strong></span> <span class='ocrx_word' id='word_1_260' title='bbox 2421 2501 2885 2579; x_wconf 76' lang='lat' dir='ltr'><strong>prtemunitam.</strong></span> <span class='ocrx_word' id='word_1_261' title='bbox 2942 2500 3068 2561; x_wconf 93' lang='lat' dir='ltr'><strong>imo</strong></span> <span class='ocrx_word' id='word_1_262' title='bbox 3127 2492 3330 2561; x_wconf 76' lang='lat' dir='ltr'><strong>deﬁxa</strong></span> <span class='ocrx_word' id='word_1_263' title='bbox 3384 2501 3713 2570; x_wconf 83' lang='lat' dir='ltr'><strong>inten&#39;am,</strong></span> 
     </span>
    </p>
   </div>
   <div class='ocr_carea' id='block_1_24' title="bbox 470 2590 3719 2674">
    <p class='ocr_par' dir='ltr' id='par_1_24' title="bbox 470 2590 3719 2674">
     <span class='ocr_line' id='line_1_24' title="bbox 470 2590 3719 2674; baseline 0.002 -24"><span class='ocrx_word' id='word_1_264' title='bbox 470 2595 662 2668; x_wconf 87' lang='lat' dir='ltr'><strong>atque</strong></span> <span class='ocrx_word' id='word_1_265' title='bbox 694 2593 880 2653; x_wconf 78' lang='lat' dir='ltr'><strong>anxie</strong></span> <span class='ocrx_word' id='word_1_266' title='bbox 908 2592 1243 2654; x_wconf 87' lang='lat' dir='ltr'><strong>sollicitam</strong></span> <span class='ocrx_word' id='word_1_267' title='bbox 1283 2600 1559 2653; x_wconf 85' lang='lat' dir='ltr'><strong>mentem</strong></span> <span class='ocrx_word' id='word_1_268' title='bbox 1596 2591 1785 2652; x_wconf 82' lang='lat' dir='ltr'><strong>habui</strong></span> <span class='ocrx_word' id='word_1_269' title='bbox 1813 2600 1941 2652; x_wconf 91' lang='lat' dir='ltr'><strong>tota</strong></span> <span class='ocrx_word' id='word_1_270' title='bbox 1981 2593 2041 2651; x_wconf 91' lang='lat' dir='ltr'><strong>in</strong></span> <span class='ocrx_word' id='word_1_271' title='bbox 2073 2593 2400 2656; x_wconf 80' lang='lat' dir='ltr'><strong>functione</strong></span> <span class='ocrx_word' id='word_1_272' title='bbox 2463 2596 2822 2656; x_wconf 84' lang='lat' dir='ltr'><strong>demandati</strong></span> <span class='ocrx_word' id='word_1_273' title='bbox 2870 2593 3056 2674; x_wconf 81' lang='lat' dir='ltr'><strong>hujus</strong></span> <span class='ocrx_word' id='word_1_274' title='bbox 3087 2590 3210 2657; x_wconf 82' lang='lat' dir='ltr'><strong>a‘te</strong></span> <span class='ocrx_word' id='word_1_275' title='bbox 3244 2594 3396 2656; x_wconf 91' lang='lat' dir='ltr'><strong>mihi</strong></span> <span class='ocrx_word' id='word_1_276' title='bbox 3440 2597 3719 2657; x_wconf 83' lang='lat' dir='ltr'><strong>muneris</strong></span> 
     </span>
    </p>
   </div>
   <div class='ocr_carea' id='block_1_25' title="bbox 469 2676 3717 2768">
    <p class='ocr_par' dir='ltr' id='par_1_25' title="bbox 469 2676 3717 2768">
     <span class='ocr_line' id='line_1_25' title="bbox 469 2676 3717 2768; baseline 0.001 -21"><span class='ocrx_word' id='word_1_277' title='bbox 469 2684 983 2752; x_wconf 59' lang='lat' dir='ltr'><strong>luculentissima</strong></span> <span class='ocrx_word' id='word_1_278' title='bbox 1016 2690 1294 2753; x_wconf 72' lang='lat' dir='ltr'><strong>historiae</strong></span> <span class='ocrx_word' id='word_1_279' title='bbox 1326 2691 1557 2753; x_wconf 85' lang='lat' dir='ltr'><strong>Latinis</strong></span> <span class='ocrx_word' id='word_1_280' title='bbox 1597 2689 1861 2751; x_wconf 64' lang='lat' dir='ltr'><strong>edendae</strong></span> <span class='ocrx_word' id='word_1_281' title='bbox 1894 2689 2140 2752; x_wconf 82' lang='lat' dir='ltr'><strong>litteris.</strong></span> <span class='ocrx_word' id='word_1_282' title='bbox 2187 2693 2552 2768; x_wconf 84' lang='lat' dir='ltr'><strong>Quanquam</strong></span> <span class='ocrx_word' id='word_1_283' title='bbox 2587 2708 2741 2751; x_wconf 68' lang='lat' dir='ltr'><strong>mete</strong></span> <span class='ocrx_word' id='word_1_284' title='bbox 2775 2709 2871 2752; x_wconf 90' lang='lat' dir='ltr'><strong>me</strong></span> <span class='ocrx_word' id='word_1_285' title='bbox 2902 2676 3347 2752; x_wconf 76' lang='lat' dir='ltr'><strong>imbecillitatis</strong></span> <span class='ocrx_word' id='word_1_286' title='bbox 3386 2692 3717 2752; x_wconf 85' lang='lat' dir='ltr'><strong>conscien-</strong></span> 
     </span>
    </p>
   </div>
   <div class='ocr_carea' id='block_1_26' title="bbox 469 2784 3715 2866">
    <p class='ocr_par' dir='ltr' id='par_1_26' title="bbox 469 2784 3715 2866">
     <span class='ocr_line' id='line_1_26' title="bbox 469 2784 3715 2866; baseline 0.001 -22"><span class='ocrx_word' id='word_1_287' title='bbox 469 2784 555 2845; x_wconf 89' lang='lat' dir='ltr'><strong>tia</strong></span> <span class='ocrx_word' id='word_1_288' title='bbox 595 2786 854 2847; x_wconf 89' lang='lat' dir='ltr'><strong>nimium</strong></span> <span class='ocrx_word' id='word_1_289' title='bbox 889 2787 1107 2849; x_wconf 90' lang='lat' dir='ltr'><strong>timere</strong></span> <span class='ocrx_word' id='word_1_290' title='bbox 1138 2788 1331 2866; x_wconf 83' lang='lat' dir='ltr'><strong>cogit,</strong></span> <span class='ocrx_word' id='word_1_291' title='bbox 1376 2804 1504 2851; x_wconf 91' lang='lat' dir='ltr'><strong>non</strong></span> <span class='ocrx_word' id='word_1_292' title='bbox 1538 2786 1731 2848; x_wconf 88' lang='lat' dir='ltr'><strong>modo</strong></span> <span class='ocrx_word' id='word_1_293' title='bbox 1770 2804 1850 2848; x_wconf 92' lang='lat' dir='ltr'><strong>ne</strong></span> <span class='ocrx_word' id='word_1_294' title='bbox 1884 2786 2052 2866; x_wconf 87' lang='lat' dir='ltr'><strong>quod</strong></span> <span class='ocrx_word' id='word_1_295' title='bbox 2086 2788 2400 2864; x_wconf 88' lang='lat' dir='ltr'><strong>sequebar</strong></span> <span class='ocrx_word' id='word_1_296' title='bbox 2431 2804 2557 2847; x_wconf 88' lang='lat' dir='ltr'><strong>non</strong></span> <span class='ocrx_word' id='word_1_297' title='bbox 2597 2796 2921 2847; x_wconf 78' lang='lat' dir='ltr'><strong>asser-utus</strong></span> <span class='ocrx_word' id='word_1_298' title='bbox 2963 2788 3105 2859; x_wconf 89' lang='lat' dir='ltr'><strong>sim,</strong></span> <span class='ocrx_word' id='word_1_299' title='bbox 3158 2803 3372 2847; x_wconf 85' lang='lat' dir='ltr'><strong>verum</strong></span> <span class='ocrx_word' id='word_1_300' title='bbox 3420 2786 3605 2846; x_wconf 89' lang='lat' dir='ltr'><strong>etiam</strong></span> <span class='ocrx_word' id='word_1_301' title='bbox 3638 2804 3715 2847; x_wconf 90' lang='lat' dir='ltr'><strong>ne</strong></span> 
     </span>
    </p>
   </div>
   <div class='ocr_carea' id='block_1_27' title="bbox 468 2878 3712 2964">
    <p class='ocr_par' dir='ltr' id='par_1_27' title="bbox 468 2878 3712 2964">
     <span class='ocr_line' id='line_1_27' title="bbox 468 2878 3712 2964; baseline 0.001 -25"><span class='ocrx_word' id='word_1_302' title='bbox 468 2878 533 2939; x_wconf 89' lang='lat' dir='ltr'><strong>in</strong></span> <span class='ocrx_word' id='word_1_303' title='bbox 566 2881 718 2942; x_wconf 89' lang='lat' dir='ltr'><strong>alias</strong></span> <span class='ocrx_word' id='word_1_304' title='bbox 749 2884 975 2944; x_wconf 89' lang='lat' dir='ltr'><strong>diversi</strong></span> <span class='ocrx_word' id='word_1_305' title='bbox 1018 2885 1266 2963; x_wconf 85' lang='lat' dir='ltr'><strong>generis</strong></span> <span class='ocrx_word' id='word_1_306' title='bbox 1297 2884 1831 2964; x_wconf 88' lang='lat' dir='ltr'><strong>reprehensiones</strong></span> <span class='ocrx_word' id='word_1_307' title='bbox 1862 2883 2266 2945; x_wconf 90' lang='lat' dir='ltr'><strong>incurrerim.</strong></span> <span class='ocrx_word' id='word_1_308' title='bbox 2314 2882 2457 2943; x_wconf 90' lang='lat' dir='ltr'><strong>Scio</strong></span> <span class='ocrx_word' id='word_1_309' title='bbox 2506 2883 2801 2943; x_wconf 68' lang='lat' dir='ltr'><strong>nimiium</strong></span> <span class='ocrx_word' id='word_1_310' title='bbox 2855 2884 3009 2955; x_wconf 80' lang='lat' dir='ltr'><strong>seio,</strong></span> <span class='ocrx_word' id='word_1_311' title='bbox 3077 2883 3207 2944; x_wconf 65' lang='lat' dir='ltr'><strong>haec.</strong></span> <span class='ocrx_word' id='word_1_312' title='bbox 3259 2883 3335 2943; x_wconf 90' lang='lat' dir='ltr'><strong>de</strong></span> <span class='ocrx_word' id='word_1_313' title='bbox 3380 2900 3499 2961; x_wconf 87' lang='lat' dir='ltr'><strong>qua</strong></span> <span class='ocrx_word' id='word_1_314' title='bbox 3561 2883 3712 2949; x_wconf 76' lang='lat' dir='ltr'><strong>dixi,</strong></span> 
     </span>
    </p>
   </div>
   <div class='ocr_carea' id='block_1_28' title="bbox 470 2977 3715 3059">
    <p class='ocr_par' dir='ltr' id='par_1_28' title="bbox 470 2977 3715 3059">
     <span class='ocr_line' id='line_1_28' title="bbox 470 2977 3715 3059; baseline -0 -22"><span class='ocrx_word' id='word_1_315' title='bbox 470 2993 656 3058; x_wconf 82' lang='lat' dir='ltr'><strong>quam</strong></span> <span class='ocrx_word' id='word_1_316' title='bbox 696 2980 1014 3057; x_wconf 86' lang='lat' dir='ltr'><strong>profiteor,</strong></span> <span class='ocrx_word' id='word_1_317' title='bbox 1040 2981 1229 3041; x_wconf 81' lang='lat' dir='ltr'><strong>libere</strong></span> <span class='ocrx_word' id='word_1_318' title='bbox 1265 2982 1584 3059; x_wconf 90' lang='lat' dir='ltr'><strong>politeque</strong></span> <span class='ocrx_word' id='word_1_319' title='bbox 1616 2977 2069 3058; x_wconf 88' lang='lat' dir='ltr'><strong>interpretandi</strong></span> <span class='ocrx_word' id='word_1_320' title='bbox 2088 2984 2254 3040; x_wconf 87' lang='lat' dir='ltr'><strong>secta</strong></span> <span class='ocrx_word' id='word_1_321' title='bbox 2275 2985 2334 3039; x_wconf 88' lang='lat' dir='ltr'><strong>et</strong></span> <span class='ocrx_word' id='word_1_322' title='bbox 2360 2979 2538 3050; x_wconf 88' lang='lat' dir='ltr'><strong>ratio,</strong></span> <span class='ocrx_word' id='word_1_323' title='bbox 2562 2979 2657 3039; x_wconf 90' lang='lat' dir='ltr'><strong>cui</strong></span> <span class='ocrx_word' id='word_1_324' title='bbox 2685 2986 3124 3057; x_wconf 60' lang='lat' dir='ltr'><strong>quantaequam</strong></span> <span class='ocrx_word' id='word_1_325' title='bbox 3157 2978 3491 3039; x_wconf 74' lang='lat' dir='ltr'><strong>offensioni</strong></span> <span class='ocrx_word' id='word_1_326' title='bbox 3523 2995 3715 3057; x_wconf 69' lang='lat' dir='ltr'><strong>espo-</strong></span> 
     </span>
    </p>
   </div>
   <div class='ocr_carea' id='block_1_29' title="bbox 468 3074 3712 3156">
    <p class='ocr_par' dir='ltr' id='par_1_29' title="bbox 468 3074 3712 3156">
     <span class='ocr_line' id='line_1_29' title="bbox 468 3074 3712 3156; baseline 0 -23"><span class='ocrx_word' id='word_1_327' title='bbox 468 3075 590 3133; x_wconf 66' lang='lat' dir='ltr'><strong>sita</strong></span> <span class='ocrx_word' id='word_1_328' title='bbox 634 3076 714 3135; x_wconf 89' lang='lat' dir='ltr'><strong>sit</strong></span> <span class='ocrx_word' id='word_1_329' title='bbox 746 3077 1017 3137; x_wconf 87' lang='lat' dir='ltr'><strong>tristium</strong></span> <span class='ocrx_word' id='word_1_330' title='bbox 1048 3092 1480 3138; x_wconf 86' lang='lat' dir='ltr'><strong>censurarum.</strong></span> <span class='ocrx_word' id='word_1_331' title='bbox 1520 3079 1677 3138; x_wconf 88' lang='lat' dir='ltr'><strong>Sunt</strong></span> <span class='ocrx_word' id='word_1_332' title='bbox 1713 3076 1821 3156; x_wconf 90' lang='lat' dir='ltr'><strong>qui</strong></span> <span class='ocrx_word' id='word_1_333' title='bbox 1863 3092 2044 3137; x_wconf 90' lang='lat' dir='ltr'><strong>nares</strong></span> <span class='ocrx_word' id='word_1_334' title='bbox 2086 3082 2446 3150; x_wconf 82' lang='lat' dir='ltr'><strong>corrugent,</strong></span> <span class='ocrx_word' id='word_1_335' title='bbox 2500 3075 2606 3153; x_wconf 90' lang='lat' dir='ltr'><strong>qui</strong></span> <span class='ocrx_word' id='word_1_336' title='bbox 2655 3074 3073 3153; x_wconf 87' lang='lat' dir='ltr'><strong>superciliose</strong></span> <span class='ocrx_word' id='word_1_337' title='bbox 3134 3083 3399 3135; x_wconf 83' lang='lat' dir='ltr'><strong>renuant</strong></span> <span class='ocrx_word' id='word_1_338' title='bbox 3462 3075 3712 3151; x_wconf 89' lang='lat' dir='ltr'><strong>quoties</strong></span> 
     </span>
    </p>
   </div>
   <div class='ocr_carea' id='block_1_30' title="bbox 472 3170 3753 3253">
    <p class='ocr_par' dir='ltr' id='par_1_30' title="bbox 472 3170 3753 3253">
     <span class='ocr_line' id='line_1_30' title="bbox 472 3170 3753 3253; baseline 0 -24"><span class='ocrx_word' id='word_1_339' title='bbox 472 3170 748 3231; x_wconf 84' lang='lat' dir='ltr'><strong>occurrit</strong></span> <span class='ocrx_word' id='word_1_340' title='bbox 794 3173 1002 3234; x_wconf 87' lang='lat' dir='ltr'><strong>Latina</strong></span> <span class='ocrx_word' id='word_1_341' title='bbox 1039 3175 1240 3235; x_wconf 91' lang='lat' dir='ltr'><strong>oratio</strong></span> <span class='ocrx_word' id='word_1_342' title='bbox 1278 3192 1470 3253; x_wconf 86' lang='lat' dir='ltr'><strong>super</strong></span> <span class='ocrx_word' id='word_1_343' title='bbox 1492 3175 1723 3236; x_wconf 59' lang='lat' dir='ltr'><strong>Graeca)</strong></span> <span class='ocrx_word' id='word_1_344' title='bbox 1758 3173 2057 3245; x_wconf 88' lang='lat' dir='ltr'><strong>modum;</strong></span> <span class='ocrx_word' id='word_1_345' title='bbox 2105 3170 2355 3251; x_wconf 85' lang='lat' dir='ltr'><strong>quoties</strong></span> <span class='ocrx_word' id='word_1_346' title='bbox 2386 3170 2655 3232; x_wconf 84' lang='lat' dir='ltr'><strong>vicissim</strong></span> <span class='ocrx_word' id='word_1_347' title='bbox 2693 3171 2991 3231; x_wconf 85' lang='lat' dir='ltr'><strong>ﬂuentem</strong></span> <span class='ocrx_word' id='word_1_348' title='bbox 3028 3170 3192 3231; x_wconf 91' lang='lat' dir='ltr'><strong>velut</strong></span> <span class='ocrx_word' id='word_1_349' title='bbox 3225 3170 3431 3231; x_wconf 91' lang='lat' dir='ltr'><strong>sinum</strong></span> <span class='ocrx_word' id='word_1_350' title='bbox 3466 3170 3709 3231; x_wconf 86' lang='lat' dir='ltr'><strong>Asiatici</strong></span> <span class='ocrx_word' id='word_1_351' title='bbox 3746 3234 3753 3237; x_wconf 99' lang='lat'>_</span> 
     </span>
    </p>
   </div>
   <div class='ocr_carea' id='block_1_31' title="bbox 468 3266 3712 3343">
    <p class='ocr_par' dir='ltr' id='par_1_31' title="bbox 468 3266 3712 3343">
     <span class='ocr_line' id='line_1_31' title="bbox 468 3266 3712 3343; baseline 0 -18"><span class='ocrx_word' id='word_1_352' title='bbox 468 3266 772 3341; x_wconf 76' lang='lat' dir='ltr'><strong>Syrmatis</strong></span> <span class='ocrx_word' id='word_1_353' title='bbox 812 3270 1112 3331; x_wconf 60' lang='lat' dir='ltr'><strong>Romanae</strong></span> <span class='ocrx_word' id='word_1_354' title='bbox 1144 3270 1465 3331; x_wconf 66' lang='lat' dir='ltr'><strong>munditia;</strong></span> <span class='ocrx_word' id='word_1_355' title='bbox 1487 3270 1776 3333; x_wconf 89' lang='lat' dir='ltr'><strong>breviore</strong></span> <span class='ocrx_word' id='word_1_356' title='bbox 1815 3268 2211 3330; x_wconf 82' lang='lat' dir='ltr'><strong>succinctum</strong></span> <span class='ocrx_word' id='word_1_357' title='bbox 2248 3267 2419 3329; x_wconf 92' lang='lat' dir='ltr'><strong>nodo</strong></span> <span class='ocrx_word' id='word_1_358' title='bbox 2461 3272 2715 3343; x_wconf 79' lang='lat' dir='ltr'><strong>cogunt.</strong></span> <span class='ocrx_word' id='word_1_359' title='bbox 2749 3267 2899 3340; x_wconf 89' lang='lat' dir='ltr'><strong>Quis</strong></span> <span class='ocrx_word' id='word_1_360' title='bbox 2935 3284 3156 3328; x_wconf 82' lang='lat' dir='ltr'><strong>omnes</strong></span> <span class='ocrx_word' id='word_1_361' title='bbox 3195 3277 3522 3328; x_wconf 89' lang='lat' dir='ltr'><strong>enumeret</strong></span> <span class='ocrx_word' id='word_1_362' title='bbox 3560 3267 3712 3327; x_wconf 83' lang='lat' dir='ltr'><strong>deli-</strong></span> 
     </span>
    </p>
   </div>
   <div class='ocr_carea' id='block_1_32' title="bbox 468 3360 3708 3443">
    <p class='ocr_par' dir='ltr' id='par_1_32' title="bbox 468 3360 3708 3443">
     <span class='ocr_line' id='line_1_32' title="bbox 468 3360 3708 3443; baseline 0.001 -23"><span class='ocrx_word' id='word_1_363' title='bbox 468 3360 597 3421; x_wconf 87' lang='lat' dir='ltr'><strong>cias</strong></span> <span class='ocrx_word' id='word_1_364' title='bbox 616 3362 1047 3434; x_wconf 73' lang='lat' dir='ltr'><strong>fastidiorum,</strong></span> <span class='ocrx_word' id='word_1_365' title='bbox 1083 3382 1350 3443; x_wconf 88' lang='lat' dir='ltr'><strong>quarum</strong></span> <span class='ocrx_word' id='word_1_366' title='bbox 1384 3365 1447 3426; x_wconf 92' lang='lat' dir='ltr'><strong>in</strong></span> <span class='ocrx_word' id='word_1_367' title='bbox 1495 3383 1755 3427; x_wconf 90' lang='lat' dir='ltr'><strong>censum</strong></span> <span class='ocrx_word' id='word_1_368' title='bbox 1794 3364 2053 3426; x_wconf 89' lang='lat' dir='ltr'><strong>veniunt</strong></span> <span class='ocrx_word' id='word_1_369' title='bbox 2088 3361 2495 3424; x_wconf 87' lang='lat' dir='ltr'><strong>oscitationes</strong></span> <span class='ocrx_word' id='word_1_370' title='bbox 2522 3362 2685 3423; x_wconf 87' lang='lat' dir='ltr'><strong>male</strong></span> <span class='ocrx_word' id='word_1_371' title='bbox 2726 3362 3094 3423; x_wconf 88' lang='lat' dir='ltr'><strong>feriatorum</strong></span> <span class='ocrx_word' id='word_1_372' title='bbox 3136 3363 3363 3442; x_wconf 74' lang='lat' dir='ltr'><strong>Supina</strong></span> <span class='ocrx_word' id='word_1_373' title='bbox 3396 3363 3708 3424; x_wconf 89' lang='lat' dir='ltr'><strong>interdum</strong></span> 
     </span>
    </p>
   </div>
   <div class='ocr_carea' id='block_1_33' title="bbox 468 3456 3714 3537">
    <p class='ocr_par' dir='ltr' id='par_1_33' title="bbox 468 3456 3714 3537">
     <span class='ocr_line' id='line_1_33' title="bbox 468 3456 3714 3537; baseline 0 -21"><span class='ocrx_word' id='word_1_374' title='bbox 468 3463 532 3517; x_wconf 85' lang='lat' dir='ltr'><strong>et</strong></span> <span class='ocrx_word' id='word_1_375' title='bbox 569 3459 932 3520; x_wconf 82' lang='lat' dir='ltr'><strong>semisomni</strong></span> <span class='ocrx_word' id='word_1_376' title='bbox 965 3460 1232 3523; x_wconf 84' lang='lat' dir='ltr'><strong>lectione</strong></span> <span class='ocrx_word' id='word_1_377' title='bbox 1278 3460 1429 3523; x_wconf 87' lang='lat' dir='ltr'><strong>nihil</strong></span> <span class='ocrx_word' id='word_1_378' title='bbox 1466 3461 1581 3523; x_wconf 91' lang='lat' dir='ltr'><strong>nisi</strong></span> <span class='ocrx_word' id='word_1_379' title='bbox 1622 3478 1808 3523; x_wconf 85' lang='lat' dir='ltr'><strong>ansas</strong></span> <span class='ocrx_word' id='word_1_380' title='bbox 1843 3456 2174 3521; x_wconf 87' lang='lat' dir='ltr'><strong>vellicandi</strong></span> <span class='ocrx_word' id='word_1_381' title='bbox 2222 3457 2630 3537; x_wconf 82' lang='lat' dir='ltr'><strong>captantium.</strong></span> <span class='ocrx_word' id='word_1_382' title='bbox 2670 3457 2793 3517; x_wconf 89' lang='lat' dir='ltr'><strong>Hic</strong></span> <span class='ocrx_word' id='word_1_383' title='bbox 2853 3457 3191 3530; x_wconf 75' lang='lat' dir='ltr'><strong>enimvero;</strong></span> <span class='ocrx_word' id='word_1_384' title='bbox 3250 3457 3447 3529; x_wconf 89' lang='lat' dir='ltr'><strong>aiunt,</strong></span> <span class='ocrx_word' id='word_1_385' title='bbox 3508 3458 3714 3519; x_wconf 75' lang='lat' dir='ltr'><strong>Graiae</strong></span> 
     </span>
    </p>
   </div>
   <div class='ocr_carea' id='block_1_34' title="bbox 470 3538 3713 3637">
    <p class='ocr_par' dir='ltr' id='par_1_34' title="bbox 470 3538 3713 3637">
     <span class='ocr_line' id='line_1_34' title="bbox 470 3538 3713 3637; baseline -0 -25"><span class='ocrx_word' id='word_1_386' title='bbox 470 3572 726 3614; x_wconf 80' lang='lat' dir='ltr'><strong>acumen</strong></span> <span class='ocrx_word' id='word_1_387' title='bbox 756 3559 1021 3633; x_wconf 69' lang='lat' dir='ltr'><strong>argutiae</strong></span> <span class='ocrx_word' id='word_1_388' title='bbox 1046 3559 1343 3637; x_wconf 79' lang='lat' dir='ltr'><strong>pinguem</strong></span> <span class='ocrx_word' id='word_1_389' title='bbox 1373 3559 1777 3636; x_wconf 71' lang='lat' dir='ltr'><strong>interpretem</strong></span> <span class='ocrx_word' id='word_1_390' title='bbox 1809 3556 1975 3616; x_wconf 83' lang='lat' dir='ltr'><strong>haud</strong></span> <span class='ocrx_word' id='word_1_391' title='bbox 2000 3538 2294 3634; x_wconf 81' lang='lat' dir='ltr'><strong>pupugit.</strong></span> <span class='ocrx_word' id='word_1_392' title='bbox 2341 3551 2506 3614; x_wconf 85' lang='lat' dir='ltr'><strong>Alias</strong></span> <span class='ocrx_word' id='word_1_393' title='bbox 2555 3551 2941 3613; x_wconf 79' lang='lat' dir='ltr'><strong>subsannant</strong></span> <span class='ocrx_word' id='word_1_394' title='bbox 2971 3570 2983 3612; x_wconf 94' lang='lat'>:</span> <span class='ocrx_word' id='word_1_395' title='bbox 3018 3554 3150 3613; x_wconf 82' lang='lat' dir='ltr'><strong>Hui</strong></span> <span class='ocrx_word' id='word_1_396' title='bbox 3203 3572 3383 3632; x_wconf 81' lang='lat' dir='ltr'><strong>quam</strong></span> <span class='ocrx_word' id='word_1_397' title='bbox 3432 3554 3713 3632; x_wconf 79' lang='lat' dir='ltr'><strong>patulum</strong></span> 
     </span>
    </p>
   </div>
   <div class='ocr_carea' id='block_1_35' title="bbox 466 3647 3712 3733">
    <p class='ocr_par' dir='ltr' id='par_1_35' title="bbox 466 3647 3712 3733">
     <span class='ocr_line' id='line_1_35' title="bbox 466 3647 3712 3733; baseline -0.001 -25"><span class='ocrx_word' id='word_1_398' title='bbox 466 3652 637 3710; x_wconf 83' lang='lat' dir='ltr'><strong>circa</strong></span> <span class='ocrx_word' id='word_1_399' title='bbox 667 3651 875 3711; x_wconf 85' lang='lat' dir='ltr'><strong>orbem</strong></span> <span class='ocrx_word' id='word_1_400' title='bbox 904 3662 1075 3713; x_wconf 82' lang='lat' dir='ltr'><strong>errat</strong></span> <span class='ocrx_word' id='word_1_401' title='bbox 1104 3654 1125 3712; x_wconf 77' lang='grc' dir='ltr'><em>Ι</em></span> <span class='ocrx_word' id='word_1_402' title='bbox 1162 3660 1254 3714; x_wconf 90' lang='lat' dir='ltr'><strong>est</strong></span> <span class='ocrx_word' id='word_1_403' title='bbox 1282 3654 1386 3715; x_wconf 90' lang='lat' dir='ltr'><strong>ubi</strong></span> <span class='ocrx_word' id='word_1_404' title='bbox 1420 3653 1737 3733; x_wconf 85' lang='lat' dir='ltr'><strong>ﬂagitium</strong></span> <span class='ocrx_word' id='word_1_405' title='bbox 1767 3654 1788 3712; x_wconf 87' lang='lat'><strong>.&#39;</strong></span> <span class='ocrx_word' id='word_1_406' title='bbox 1823 3653 2181 3731; x_wconf 78' lang='lat' dir='ltr'><strong>increpent,</strong></span> <span class='ocrx_word' id='word_1_407' title='bbox 2213 3649 2378 3730; x_wconf 87' lang='lat' dir='ltr'><strong>quod</strong></span> <span class='ocrx_word' id='word_1_408' title='bbox 2397 3647 2642 3728; x_wconf 88' lang='lat' dir='ltr'><strong>judicio</strong></span> <span class='ocrx_word' id='word_1_409' title='bbox 2681 3649 2965 3727; x_wconf 89' lang='lat' dir='ltr'><strong>ipsorum</strong></span> <span class='ocrx_word' id='word_1_410' title='bbox 2997 3648 3712 3727; x_wconf 78' lang='lat' dir='ltr'><strong>strangulenturaucto-</strong></span> 
     </span>
    </p>
   </div>
   <div class='ocr_carea' id='block_1_36' title="bbox 462 3744 3712 3829">
    <p class='ocr_par' dir='ltr' id='par_1_36' title="bbox 462 3744 3712 3829">
     <span class='ocr_line' id='line_1_36' title="bbox 462 3744 3712 3829; baseline 0 -25"><span class='ocrx_word' id='word_1_411' title='bbox 462 3745 556 3804; x_wconf 84' lang='lat' dir='ltr'><strong>ris</strong></span> <span class='ocrx_word' id='word_1_412' title='bbox 601 3765 805 3821; x_wconf 84' lang='lat' dir='ltr'><strong>sensa,</strong></span> <span class='ocrx_word' id='word_1_413' title='bbox 870 3749 1035 3827; x_wconf 88' lang='lat' dir='ltr'><strong>quod</strong></span> <span class='ocrx_word' id='word_1_414' title='bbox 1088 3756 1404 3809; x_wconf 82' lang='lat' dir='ltr'><strong>mutentur</strong></span> <span class='ocrx_word' id='word_1_415' title='bbox 1470 3767 1663 3811; x_wconf 84' lang='lat' dir='ltr'><strong>aurea</strong></span> <span class='ocrx_word' id='word_1_416' title='bbox 1692 3748 2020 3829; x_wconf 78' lang='lat' dir='ltr'><strong>plumbeis.</strong></span> <span class='ocrx_word' id='word_1_417' title='bbox 2063 3747 2243 3822; x_wconf 82' lang='lat' dir='ltr'><strong>Quod</strong></span> <span class='ocrx_word' id='word_1_418' title='bbox 2271 3746 2479 3806; x_wconf 78' lang='lat' dir='ltr'><strong>stricti</strong></span> <span class='ocrx_word' id='word_1_419' title='bbox 2530 3744 2694 3806; x_wconf 82' lang='lat' dir='ltr'><strong>sales</strong></span> <span class='ocrx_word' id='word_1_420' title='bbox 2736 3746 3183 3822; x_wconf 79' lang='lat' dir='ltr'><strong>intemperanti</strong></span> <span class='ocrx_word' id='word_1_421' title='bbox 3235 3747 3466 3805; x_wconf 72' lang='lat' dir='ltr'><strong>Latina:</strong></span> <span class='ocrx_word' id='word_1_422' title='bbox 3522 3748 3712 3823; x_wconf 71' lang='lat' dir='ltr'><strong>capite</strong></span> 
     </span>
    </p>
   </div>
   <div class='ocr_carea' id='block_1_37' title="bbox 467 3841 3710 3925">
    <p class='ocr_par' dir='ltr' id='par_1_37' title="bbox 467 3841 3710 3925">
     <span class='ocr_line' id='line_1_37' title="bbox 467 3841 3710 3925; baseline 0 -25"><span class='ocrx_word' id='word_1_423' title='bbox 467 3843 908 3920; x_wconf 77' lang='lat' dir='ltr'><strong>superfusione</strong></span> <span class='ocrx_word' id='word_1_424' title='bbox 939 3842 1287 3923; x_wconf 81' lang='lat' dir='ltr'><strong>lique/iant.</strong></span> <span class='ocrx_word' id='word_1_425' title='bbox 1328 3845 1614 3925; x_wconf 87' lang='lat' dir='ltr'><strong>Denique</strong></span> <span class='ocrx_word' id='word_1_426' title='bbox 1646 3846 1898 3907; x_wconf 90' lang='lat' dir='ltr'><strong>interim</strong></span> <span class='ocrx_word' id='word_1_427' title='bbox 1933 3844 2121 3905; x_wconf 84' lang='lat' dir='ltr'><strong>bilem</strong></span> <span class='ocrx_word' id='word_1_428' title='bbox 2155 3847 2497 3920; x_wconf 86' lang='lat' dir='ltr'><strong>erumpunt</strong></span> <span class='ocrx_word' id='word_1_429' title='bbox 2554 3841 2957 3918; x_wconf 83' lang='lat' dir='ltr'><strong>indignantes</strong></span> <span class='ocrx_word' id='word_1_430' title='bbox 2991 3863 3005 3901; x_wconf 85' lang='lat'><strong>:</strong></span> <span class='ocrx_word' id='word_1_431' title='bbox 3050 3842 3384 3902; x_wconf 74' lang='lat' dir='ltr'><strong>Exurdato</strong></span> <span class='ocrx_word' id='word_1_432' title='bbox 3421 3841 3710 3903; x_wconf 78' lang='lat' dir='ltr'><strong>barbarie</strong></span> 
     </span>
    </p>
   </div>
   <div class='ocr_carea' id='block_1_38' title="bbox 462 3937 3707 4019">
    <p class='ocr_par' dir='ltr' id='par_1_38' title="bbox 462 3937 3707 4019">
     <span class='ocr_line' id='line_1_38' title="bbox 462 3937 3707 4019; baseline 0.001 -22"><span class='ocrx_word' id='word_1_433' title='bbox 462 3937 683 4016; x_wconf 82' lang='lat' dir='ltr'><strong>palato</strong></span> <span class='ocrx_word' id='word_1_434' title='bbox 725 3958 851 3999; x_wconf 86' lang='lat' dir='ltr'><strong>non</strong></span> <span class='ocrx_word' id='word_1_435' title='bbox 887 3942 1167 4019; x_wconf 82' lang='lat' dir='ltr'><strong>sapuisse</strong></span> <span class='ocrx_word' id='word_1_436' title='bbox 1197 3941 1458 4001; x_wconf 82' lang='lat' dir='ltr'><strong>salivam</strong></span> <span class='ocrx_word' id='word_1_437' title='bbox 1494 3942 1791 4002; x_wconf 83' lang='lat' dir='ltr'><strong>Atticam.</strong></span> <span class='ocrx_word' id='word_1_438' title='bbox 1838 3943 1982 4002; x_wconf 66' lang='lat' dir='ltr'><strong>Huic</strong></span> <span class='ocrx_word' id='word_1_439' title='bbox 2013 3946 2074 4000; x_wconf 89' lang='lat' dir='ltr'><strong>et</strong></span> <span class='ocrx_word' id='word_1_440' title='bbox 2109 3939 2242 4017; x_wconf 85' lang='lat' dir='ltr'><strong>ejus</strong></span> <span class='ocrx_word' id='word_1_441' title='bbox 2271 3938 2521 4016; x_wconf 85' lang='lat' dir='ltr'><strong>generis</strong></span> <span class='ocrx_word' id='word_1_442' title='bbox 2556 3946 2783 3999; x_wconf 66' lang='lat' dir='ltr'><strong>caetera</strong></span> <span class='ocrx_word' id='word_1_443' title='bbox 2816 3944 3172 4017; x_wconf 70' lang='lat' dir='ltr'><strong>prmterque</strong></span> <span class='ocrx_word' id='word_1_444' title='bbox 3207 3940 3487 4016; x_wconf 86' lang='lat' dir='ltr'><strong>longum,</strong></span> <span class='ocrx_word' id='word_1_445' title='bbox 3521 3941 3707 4000; x_wconf 83' lang='lat' dir='ltr'><strong>etiam</strong></span> 
     </span>
    </p>
   </div>
   <div class='ocr_carea' id='block_1_39' title="bbox 468 4034 3706 4117">
    <p class='ocr_par' dir='ltr' id='par_1_39' title="bbox 468 4034 3706 4117">
     <span class='ocr_line' id='line_1_39' title="bbox 468 4034 3706 4117; baseline 0 -23"><span class='ocrx_word' id='word_1_446' title='bbox 468 4050 586 4095; x_wconf 88' lang='lat' dir='ltr'><strong>nec</strong></span> <span class='ocrx_word' id='word_1_447' title='bbox 615 4034 768 4095; x_wconf 91' lang='lat' dir='ltr'><strong>mihi</strong></span> <span class='ocrx_word' id='word_1_448' title='bbox 811 4046 1191 4115; x_wconf 77' lang='lat' dir='ltr'><strong>promptum,</strong></span> <span class='ocrx_word' id='word_1_449' title='bbox 1234 4044 1294 4097; x_wconf 84' lang='lat' dir='ltr'><strong>et</strong></span> <span class='ocrx_word' id='word_1_450' title='bbox 1324 4038 1564 4117; x_wconf 90' lang='lat' dir='ltr'><strong>alioqui</strong></span> <span class='ocrx_word' id='word_1_451' title='bbox 1593 4040 1767 4099; x_wconf 79' lang='lat' dir='ltr'><strong>exitu</strong></span> <span class='ocrx_word' id='word_1_452' title='bbox 1796 4054 2032 4115; x_wconf 86' lang='lat' dir='ltr'><strong>anceps</strong></span> <span class='ocrx_word' id='word_1_453' title='bbox 2055 4035 2240 4097; x_wconf 86' lang='lat' dir='ltr'><strong>fuerit</strong></span> <span class='ocrx_word' id='word_1_454' title='bbox 2270 4035 2430 4097; x_wconf 89' lang='lat' dir='ltr'><strong>velle</strong></span> <span class='ocrx_word' id='word_1_455' title='bbox 2480 4036 2809 4112; x_wconf 86' lang='lat' dir='ltr'><strong>purgando</strong></span> <span class='ocrx_word' id='word_1_456' title='bbox 2842 4052 2913 4096; x_wconf 86' lang='lat' dir='ltr'><strong>ac</strong></span> <span class='ocrx_word' id='word_1_457' title='bbox 2948 4052 3060 4112; x_wconf 90' lang='lat' dir='ltr'><strong>pro</strong></span> <span class='ocrx_word' id='word_1_458' title='bbox 3121 4054 3221 4097; x_wconf 90' lang='lat' dir='ltr'><strong>me</strong></span> <span class='ocrx_word' id='word_1_459' title='bbox 3285 4037 3555 4097; x_wconf 89' lang='lat' dir='ltr'><strong>dicendo</strong></span> <span class='ocrx_word' id='word_1_460' title='bbox 3609 4056 3706 4096; x_wconf 86' lang='lat' dir='ltr'><strong>re-</strong></span> 
     </span>
    </p>
   </div>
   <div class='ocr_carea' id='block_1_40' title="bbox 462 4128 3705 4212">
    <p class='ocr_par' dir='ltr' id='par_1_40' title="bbox 462 4128 3705 4212">
     <span class='ocr_line' id='line_1_40' title="bbox 462 4128 3705 4212; baseline 0.001 -23"><span class='ocrx_word' id='word_1_461' title='bbox 462 4128 707 4190; x_wconf 78' lang='lat' dir='ltr'><strong>fellere.</strong></span> <span class='ocrx_word' id='word_1_462' title='bbox 742 4131 1072 4207; x_wconf 84' lang='lat' dir='ltr'><strong>Nunquam</strong></span> <span class='ocrx_word' id='word_1_463' title='bbox 1103 4131 1397 4209; x_wconf 88' lang='lat' dir='ltr'><strong>equidem</strong></span> <span class='ocrx_word' id='word_1_464' title='bbox 1427 4133 1603 4193; x_wconf 89' lang='lat' dir='ltr'><strong>soleo</strong></span> <span class='ocrx_word' id='word_1_465' title='bbox 1639 4131 1793 4192; x_wconf 89' lang='lat' dir='ltr'><strong>mihi</strong></span> <span class='ocrx_word' id='word_1_466' title='bbox 1824 4131 2007 4192; x_wconf 90' lang='lat' dir='ltr'><strong>nimis</strong></span> <span class='ocrx_word' id='word_1_467' title='bbox 2031 4133 2332 4193; x_wconf 90' lang='lat' dir='ltr'><strong>tribuere.</strong></span> <span class='ocrx_word' id='word_1_468' title='bbox 2359 4133 2516 4206; x_wconf 89' lang='lat' dir='ltr'><strong>Quin</strong></span> <span class='ocrx_word' id='word_1_469' title='bbox 2543 4133 2704 4193; x_wconf 86' lang='lat' dir='ltr'><strong>adeo</strong></span> <span class='ocrx_word' id='word_1_470' title='bbox 2738 4132 3111 4211; x_wconf 88' lang='lat' dir='ltr'><strong>plerumque</strong></span> <span class='ocrx_word' id='word_1_471' title='bbox 3146 4135 3278 4211; x_wconf 89' lang='lat' dir='ltr'><strong>ipse</strong></span> <span class='ocrx_word' id='word_1_472' title='bbox 3311 4133 3460 4193; x_wconf 86' lang='lat' dir='ltr'><strong>mihi</strong></span> <span class='ocrx_word' id='word_1_473' title='bbox 3491 4152 3705 4212; x_wconf 88' lang='lat' dir='ltr'><strong>parum</strong></span> 
     </span>
    </p>
   </div>
   <div class='ocr_carea' id='block_1_41' title="bbox 462 4227 3706 4306">
    <p class='ocr_par' dir='ltr' id='par_1_41' title="bbox 462 4227 3706 4306">
     <span class='ocr_line' id='line_1_41' title="bbox 462 4227 3706 4306; baseline 0.001 -21"><span class='ocrx_word' id='word_1_474' title='bbox 462 4241 684 4303; x_wconf 74' lang='lat' dir='ltr'><strong>mquus</strong></span> <span class='ocrx_word' id='word_1_475' title='bbox 716 4243 893 4295; x_wconf 85' lang='lat' dir='ltr'><strong>sum;</strong></span> <span class='ocrx_word' id='word_1_476' title='bbox 937 4227 1174 4305; x_wconf 87' lang='lat' dir='ltr'><strong>quippe</strong></span> <span class='ocrx_word' id='word_1_477' title='bbox 1222 4227 1463 4304; x_wconf 84' lang='lat' dir='ltr'><strong>ingenii</strong></span> <span class='ocrx_word' id='word_1_478' title='bbox 1495 4245 1567 4287; x_wconf 88' lang='lat' dir='ltr'><strong>ac</strong></span> <span class='ocrx_word' id='word_1_479' title='bbox 1605 4227 1918 4290; x_wconf 85' lang='lat' dir='ltr'><strong>facultatis</strong></span> <span class='ocrx_word' id='word_1_480' title='bbox 1949 4235 2187 4305; x_wconf 91' lang='lat' dir='ltr'><strong>quanta</strong></span> <span class='ocrx_word' id='word_1_481' title='bbox 2221 4229 2300 4288; x_wconf 91' lang='lat' dir='ltr'><strong>sit</strong></span> <span class='ocrx_word' id='word_1_482' title='bbox 2329 4229 2605 4289; x_wconf 89' lang='lat' dir='ltr'><strong>tenuitas</strong></span> <span class='ocrx_word' id='word_1_483' title='bbox 2662 4229 2956 4289; x_wconf 83' lang='lat' dir='ltr'><strong>conscius</strong></span> <span class='ocrx_word' id='word_1_484' title='bbox 3014 4230 3286 4300; x_wconf 89' lang='lat' dir='ltr'><strong>animus,</strong></span> <span class='ocrx_word' id='word_1_485' title='bbox 3329 4229 3565 4306; x_wconf 85' lang='lat' dir='ltr'><strong>judicia</strong></span> <span class='ocrx_word' id='word_1_486' title='bbox 3605 4250 3706 4289; x_wconf 84' lang='lat' dir='ltr'><strong>re-</strong></span> 
     </span>
    </p>
   </div>
   <div class='ocr_carea' id='block_1_42' title="bbox 461 4321 3707 4401">
    <p class='ocr_par' dir='ltr' id='par_1_42' title="bbox 461 4321 3707 4401">
     <span class='ocr_line' id='line_1_42' title="bbox 461 4321 3707 4401; baseline 0.001 -20"><span class='ocrx_word' id='word_1_487' title='bbox 461 4321 996 4400; x_wconf 89' lang='lat' dir='ltr'><strong>prehendentium</strong></span> <span class='ocrx_word' id='word_1_488' title='bbox 1028 4322 1118 4383; x_wconf 80' lang='lat' dir='ltr'><strong>vei</strong></span> <span class='ocrx_word' id='word_1_489' title='bbox 1152 4323 1388 4401; x_wconf 83' lang='lat' dir='ltr'><strong>excipit</strong></span> <span class='ocrx_word' id='word_1_490' title='bbox 1415 4338 1677 4384; x_wconf 90' lang='lat' dir='ltr'><strong>assensu</strong></span> <span class='ocrx_word' id='word_1_491' title='bbox 1704 4322 1897 4393; x_wconf 77' lang='lat' dir='ltr'><strong>facili,</strong></span> <span class='ocrx_word' id='word_1_492' title='bbox 1930 4322 2024 4383; x_wconf 84' lang='lat' dir='ltr'><strong>vel</strong></span> <span class='ocrx_word' id='word_1_493' title='bbox 2062 4321 2224 4382; x_wconf 74' lang='lat' dir='ltr'><strong>ultra</strong></span> <span class='ocrx_word' id='word_1_494' title='bbox 2268 4321 2716 4384; x_wconf 86' lang='lat' dir='ltr'><strong>consciscenda</strong></span> <span class='ocrx_word' id='word_1_495' title='bbox 2761 4339 3025 4385; x_wconf 78' lang='lat' dir='ltr'><strong>censura</strong></span> <span class='ocrx_word' id='word_1_496' title='bbox 3079 4333 3493 4401; x_wconf 85' lang='lat' dir='ltr'><strong>praeoccupat.</strong></span> <span class='ocrx_word' id='word_1_497' title='bbox 3532 4327 3707 4385; x_wconf 88' lang='lat' dir='ltr'><strong>Nunc</strong></span> 
     </span>
    </p>
   </div>
   <div class='ocr_carea' id='block_1_43' title="bbox 460 4417 3708 4498">
    <p class='ocr_par' dir='ltr' id='par_1_43' title="bbox 460 4417 3708 4498">
     <span class='ocr_line' id='line_1_43' title="bbox 460 4417 3708 4498; baseline 0 -19"><span class='ocrx_word' id='word_1_498' title='bbox 460 4435 613 4479; x_wconf 91' lang='lat' dir='ltr'><strong>vero</strong></span> <span class='ocrx_word' id='word_1_499' title='bbox 643 4418 826 4479; x_wconf 90' lang='lat' dir='ltr'><strong>etiam</strong></span> <span class='ocrx_word' id='word_1_500' title='bbox 865 4418 1196 4498; x_wconf 89' lang='lat' dir='ltr'><strong>plusquam</strong></span> <span class='ocrx_word' id='word_1_501' title='bbox 1231 4418 1383 4480; x_wconf 87' lang='lat' dir='ltr'><strong>alias</strong></span> <span class='ocrx_word' id='word_1_502' title='bbox 1416 4417 1577 4480; x_wconf 90' lang='lat' dir='ltr'><strong>male</strong></span> <span class='ocrx_word' id='word_1_503' title='bbox 1613 4425 1853 4493; x_wconf 89' lang='lat' dir='ltr'><strong>metuo,</strong></span> <span class='ocrx_word' id='word_1_504' title='bbox 1895 4436 1974 4480; x_wconf 91' lang='lat' dir='ltr'><strong>ne</strong></span> <span class='ocrx_word' id='word_1_505' title='bbox 2009 4418 2157 4480; x_wconf 88' lang='lat' dir='ltr'><strong>alibi</strong></span> <span class='ocrx_word' id='word_1_506' title='bbox 2195 4418 2308 4491; x_wconf 88' lang='lat' dir='ltr'><strong>vis,</strong></span> <span class='ocrx_word' id='word_1_507' title='bbox 2350 4418 2495 4479; x_wconf 87' lang='lat' dir='ltr'><strong>alibi</strong></span> <span class='ocrx_word' id='word_1_508' title='bbox 2530 4436 2654 4490; x_wconf 88' lang='lat' dir='ltr'><strong>ars,</strong></span> <span class='ocrx_word' id='word_1_509' title='bbox 2700 4418 2844 4478; x_wconf 89' lang='lat' dir='ltr'><strong>alibi</strong></span> <span class='ocrx_word' id='word_1_510' title='bbox 2875 4418 3140 4480; x_wconf 85' lang='lat' dir='ltr'><strong>felicitas</strong></span> <span class='ocrx_word' id='word_1_511' title='bbox 3196 4421 3494 4497; x_wconf 87' lang='lat' dir='ltr'><strong>satagenti</strong></span> <span class='ocrx_word' id='word_1_512' title='bbox 3569 4422 3708 4481; x_wconf 79' lang='lat' dir='ltr'><strong>licet</strong></span> 
     </span>
    </p>
   </div>
   <div class='ocr_carea' id='block_1_44' title="bbox 459 4511 3706 4593">
    <p class='ocr_par' dir='ltr' id='par_1_44' title="bbox 459 4511 3706 4593">
     <span class='ocr_line' id='line_1_44' title="bbox 459 4511 3706 4593; baseline 0.001 -19"><span class='ocrx_word' id='word_1_513' title='bbox 459 4511 616 4574; x_wconf 89' lang='lat' dir='ltr'><strong>mihi</strong></span> <span class='ocrx_word' id='word_1_514' title='bbox 657 4512 1013 4592; x_wconf 83' lang='lat' dir='ltr'><strong>frustraque</strong></span> <span class='ocrx_word' id='word_1_515' title='bbox 1039 4514 1324 4575; x_wconf 82' lang='lat' dir='ltr'><strong>molienti</strong></span> <span class='ocrx_word' id='word_1_516' title='bbox 1353 4513 1646 4575; x_wconf 85' lang='lat' dir='ltr'><strong>defuerit.</strong></span> <span class='ocrx_word' id='word_1_517' title='bbox 1677 4514 2095 4587; x_wconf 85' lang='lat' dir='ltr'><strong>Quamobrem</strong></span> <span class='ocrx_word' id='word_1_518' title='bbox 2125 4514 2369 4590; x_wconf 87' lang='lat' dir='ltr'><strong>singula</strong></span> <span class='ocrx_word' id='word_1_519' title='bbox 2400 4513 2643 4592; x_wconf 87' lang='lat' dir='ltr'><strong>objecta</strong></span> <span class='ocrx_word' id='word_1_520' title='bbox 2686 4515 2735 4574; x_wconf 91' lang='lat' dir='ltr'><strong>si</strong></span> <span class='ocrx_word' id='word_1_521' title='bbox 2798 4532 3167 4593; x_wconf 87' lang='lat' dir='ltr'><strong>persequar,</strong></span> <span class='ocrx_word' id='word_1_522' title='bbox 3210 4518 3494 4590; x_wconf 67' lang='lat' dir='ltr'><strong>quendam</strong></span> <span class='ocrx_word' id='word_1_523' title='bbox 3548 4518 3706 4577; x_wconf 85' lang='lat' dir='ltr'><strong>forte</strong></span> 
     </span>
    </p>
   </div>
   <div class='ocr_carea' id='block_1_45' title="bbox 458 4609 3709 4689">
    <p class='ocr_par' dir='ltr' id='par_1_45' title="bbox 458 4609 3709 4689">
     <span class='ocr_line' id='line_1_45' title="bbox 458 4609 3709 4689; baseline 0.001 -19"><span class='ocrx_word' id='word_1_524' title='bbox 458 4610 584 4670; x_wconf 89' lang='lat' dir='ltr'><strong>sint</strong></span> <span class='ocrx_word' id='word_1_525' title='bbox 614 4610 843 4687; x_wconf 83' lang='lat' dir='ltr'><strong>quibus</strong></span> <span class='ocrx_word' id='word_1_526' title='bbox 872 4610 1189 4671; x_wconf 89' lang='lat' dir='ltr'><strong>diluendis</strong></span> <span class='ocrx_word' id='word_1_527' title='bbox 1219 4627 1337 4672; x_wconf 91' lang='lat' dir='ltr'><strong>nec</strong></span> <span class='ocrx_word' id='word_1_528' title='bbox 1368 4626 1643 4683; x_wconf 66' lang='lat' dir='ltr'><strong>coronae,</strong></span> <span class='ocrx_word' id='word_1_529' title='bbox 1679 4627 1797 4671; x_wconf 88' lang='lat' dir='ltr'><strong>nec</strong></span> <span class='ocrx_word' id='word_1_530' title='bbox 1819 4610 2143 4689; x_wconf 88' lang='lat' dir='ltr'><strong>judicibus</strong></span> <span class='ocrx_word' id='word_1_531' title='bbox 2179 4609 2578 4683; x_wconf 77' lang='lat' dir='ltr'><strong>satisfaciam,</strong></span> <span class='ocrx_word' id='word_1_532' title='bbox 2615 4609 2917 4671; x_wconf 90' lang='lat' dir='ltr'><strong>nonnulla</strong></span> <span class='ocrx_word' id='word_1_533' title='bbox 2957 4613 3141 4670; x_wconf 84' lang='lat' dir='ltr'><strong>etiam</strong></span> <span class='ocrx_word' id='word_1_534' title='bbox 3173 4611 3235 4671; x_wconf 92' lang='lat' dir='ltr'><strong>in</strong></span> <span class='ocrx_word' id='word_1_535' title='bbox 3270 4613 3499 4688; x_wconf 86' lang='lat' dir='ltr'><strong>quibus</strong></span> <span class='ocrx_word' id='word_1_536' title='bbox 3527 4632 3709 4674; x_wconf 81' lang='lat' dir='ltr'><strong>accu-</strong></span> 
     </span>
    </p>
   </div>
   <div class='ocr_carea' id='block_1_46' title="bbox 456 4706 3702 4792">
    <p class='ocr_par' dir='ltr' id='par_1_46' title="bbox 456 4706 3702 4792">
     <span class='ocr_line' id='line_1_46' title="bbox 456 4706 3702 4792; baseline 0.001 -22"><span class='ocrx_word' id='word_1_537' title='bbox 456 4711 650 4771; x_wconf 89' lang='lat' dir='ltr'><strong>satori</strong></span> <span class='ocrx_word' id='word_1_538' title='bbox 684 4725 827 4769; x_wconf 91' lang='lat' dir='ltr'><strong>reus</strong></span> <span class='ocrx_word' id='word_1_539' title='bbox 860 4716 1085 4786; x_wconf 91' lang='lat' dir='ltr'><strong>sponte</strong></span> <span class='ocrx_word' id='word_1_540' title='bbox 1111 4708 1423 4768; x_wconf 82' lang='lat' dir='ltr'><strong>conﬁtens</strong></span> <span class='ocrx_word' id='word_1_541' title='bbox 1455 4708 1656 4786; x_wconf 85' lang='lat' dir='ltr'><strong>palam</strong></span> <span class='ocrx_word' id='word_1_542' title='bbox 1689 4706 1830 4769; x_wconf 89' lang='lat' dir='ltr'><strong>dem</strong></span> <span class='ocrx_word' id='word_1_543' title='bbox 1863 4723 2109 4768; x_wconf 91' lang='lat' dir='ltr'><strong>manus.</strong></span> <span class='ocrx_word' id='word_1_544' title='bbox 2144 4708 2536 4769; x_wconf 74' lang='lat' dir='ltr'><strong>lnnocentim</strong></span> <span class='ocrx_word' id='word_1_545' title='bbox 2564 4725 2718 4769; x_wconf 78' lang='lat' dir='ltr'><strong>meae</strong></span> <span class='ocrx_word' id='word_1_546' title='bbox 2743 4716 2949 4769; x_wconf 90' lang='lat' dir='ltr'><strong>tamen</strong></span> <span class='ocrx_word' id='word_1_547' title='bbox 2987 4716 3046 4769; x_wconf 91' lang='lat' dir='ltr'><strong>et</strong></span> <span class='ocrx_word' id='word_1_548' title='bbox 3079 4710 3220 4771; x_wconf 76' lang='lat' dir='ltr'><strong>tidei</strong></span> <span class='ocrx_word' id='word_1_549' title='bbox 3251 4710 3373 4773; x_wconf 90' lang='lat' dir='ltr'><strong>hoc</strong></span> <span class='ocrx_word' id='word_1_550' title='bbox 3396 4711 3472 4783; x_wconf 85' lang='lat' dir='ltr'><strong>in</strong></span> <span class='ocrx_word' id='word_1_551' title='bbox 3505 4731 3702 4792; x_wconf 86' lang='lat' dir='ltr'><strong>nego-</strong></span> 
     </span>
    </p>
   </div>
   <div class='ocr_carea' id='block_1_47' title="bbox 456 4802 3751 4887">
    <p class='ocr_par' dir='ltr' id='par_1_47' title="bbox 456 4802 3751 4887">
     <span class='ocr_line' id='line_1_47' title="bbox 456 4802 3751 4887; baseline -0.001 -17"><span class='ocrx_word' id='word_1_552' title='bbox 456 4807 550 4870; x_wconf 87' lang='lat' dir='ltr'><strong>tio</strong></span> <span class='ocrx_word' id='word_1_553' title='bbox 584 4806 837 4885; x_wconf 84' lang='lat' dir='ltr'><strong>optimae</strong></span> <span class='ocrx_word' id='word_1_554' title='bbox 860 4819 989 4866; x_wconf 88' lang='lat' dir='ltr'><strong>non</strong></span> <span class='ocrx_word' id='word_1_555' title='bbox 1021 4820 1052 4865; x_wconf 89' lang='lat' dir='ltr'><strong>a</strong></span> <span class='ocrx_word' id='word_1_556' title='bbox 1093 4802 1639 4881; x_wconf 68' lang='lat' dir='ltr'><strong>criminationibus</strong></span> <span class='ocrx_word' id='word_1_557' title='bbox 1668 4803 1865 4880; x_wconf 87' lang='lat' dir='ltr'><strong>magis</strong></span> <span class='ocrx_word' id='word_1_558' title='bbox 1896 4802 2118 4865; x_wconf 90' lang='lat' dir='ltr'><strong>alienis</strong></span> <span class='ocrx_word' id='word_1_559' title='bbox 2158 4818 2346 4880; x_wconf 86' lang='lat' dir='ltr'><strong>quam</strong></span> <span class='ocrx_word' id='word_1_560' title='bbox 2384 4803 2462 4864; x_wconf 89' lang='lat' dir='ltr'><strong>ab</strong></span> <span class='ocrx_word' id='word_1_561' title='bbox 2490 4803 2691 4883; x_wconf 88' lang='lat' dir='ltr'><strong>ipsius</strong></span> <span class='ocrx_word' id='word_1_562' title='bbox 2721 4803 2844 4863; x_wconf 90' lang='lat' dir='ltr'><strong>mei</strong></span> <span class='ocrx_word' id='word_1_563' title='bbox 2894 4804 3258 4867; x_wconf 85' lang='lat' dir='ltr'><strong>morositate</strong></span> <span class='ocrx_word' id='word_1_564' title='bbox 3278 4807 3499 4885; x_wconf 88' lang='lat' dir='ltr'><strong>judicii</strong></span> <span class='ocrx_word' id='word_1_565' title='bbox 3534 4812 3697 4887; x_wconf 73' lang='lat' dir='ltr'><strong>peri~</strong></span> <span class='ocrx_word' id='word_1_566' title='bbox 3738 4854 3751 4863; x_wconf 79' lang='grc'>.</span> 
     </span>
    </p>
   </div>
   <div class='ocr_carea' id='block_1_48' title="bbox 454 4899 3699 4981">
    <p class='ocr_par' dir='ltr' id='par_1_48' title="bbox 454 4899 3699 4981">
     <span class='ocr_line' id='line_1_48' title="bbox 454 4899 3699 4981; baseline -0.001 -16"><span class='ocrx_word' id='word_1_567' title='bbox 454 4902 754 4971; x_wconf 88' lang='lat' dir='ltr'><strong>clitantis,</strong></span> <span class='ocrx_word' id='word_1_568' title='bbox 791 4919 869 4962; x_wconf 91' lang='lat' dir='ltr'><strong>ne</strong></span> <span class='ocrx_word' id='word_1_569' title='bbox 894 4899 1144 4979; x_wconf 88' lang='lat' dir='ltr'><strong>penitus</strong></span> <span class='ocrx_word' id='word_1_570' title='bbox 1180 4915 1428 4961; x_wconf 84' lang='lat' dir='ltr'><strong>causam</strong></span> <span class='ocrx_word' id='word_1_571' title='bbox 1472 4899 1778 4971; x_wconf 84' lang='lat' dir='ltr'><strong>deseram,</strong></span> <span class='ocrx_word' id='word_1_572' title='bbox 1812 4899 2238 4977; x_wconf 82' lang='lat' dir='ltr'><strong>proﬁtendum</strong></span> <span class='ocrx_word' id='word_1_573' title='bbox 2283 4899 2385 4962; x_wconf 86' lang='lat' dir='ltr'><strong>hic</strong></span> <span class='ocrx_word' id='word_1_574' title='bbox 2427 4908 2542 4973; x_wconf 86' lang='lat' dir='ltr'><strong>est,</strong></span> <span class='ocrx_word' id='word_1_575' title='bbox 2601 4915 2703 4960; x_wconf 90' lang='lat' dir='ltr'><strong>me</strong></span> <span class='ocrx_word' id='word_1_576' title='bbox 2752 4908 2909 4962; x_wconf 89' lang='lat' dir='ltr'><strong>nutu</strong></span> <span class='ocrx_word' id='word_1_577' title='bbox 2938 4918 3011 4962; x_wconf 91' lang='lat' dir='ltr'><strong>ac</strong></span> <span class='ocrx_word' id='word_1_578' title='bbox 3059 4901 3236 4978; x_wconf 87' lang='lat' dir='ltr'><strong>jussu</strong></span> <span class='ocrx_word' id='word_1_579' title='bbox 3273 4910 3382 4963; x_wconf 92' lang='lat' dir='ltr'><strong>tuo</strong></span> <span class='ocrx_word' id='word_1_580' title='bbox 3415 4913 3699 4981; x_wconf 73' lang='lat' dir='ltr'><strong>suscepta</strong></span> 
     </span>
    </p>
   </div>
   <div class='ocr_carea' id='block_1_49' title="bbox 461 4989 3691 5075">
    <p class='ocr_par' dir='ltr' id='par_1_49' title="bbox 461 4989 3691 5075">
     <span class='ocr_line' id='line_1_49' title="bbox 461 4989 3691 5075; baseline -0 -19"><span class='ocrx_word' id='word_1_581' title='bbox 461 4994 788 5075; x_wconf 88' lang='lat' dir='ltr'><strong>provincia</strong></span> <span class='ocrx_word' id='word_1_582' title='bbox 820 5009 1008 5072; x_wconf 89' lang='lat' dir='ltr'><strong>quam</strong></span> <span class='ocrx_word' id='word_1_583' title='bbox 1042 4991 1303 5052; x_wconf 89' lang='lat' dir='ltr'><strong>minime</strong></span> <span class='ocrx_word' id='word_1_584' title='bbox 1325 4989 1488 5051; x_wconf 91' lang='lat' dir='ltr'><strong>male</strong></span> <span class='ocrx_word' id='word_1_585' title='bbox 1520 4989 1779 5068; x_wconf 83' lang='lat' dir='ltr'><strong>defungi</strong></span> <span class='ocrx_word' id='word_1_586' title='bbox 1811 4990 2146 5065; x_wconf 89' lang='lat' dir='ltr'><strong>studuisse,</strong></span> <span class='ocrx_word' id='word_1_587' title='bbox 2179 4994 2243 5055; x_wconf 91' lang='lat' dir='ltr'><strong>in</strong></span> <span class='ocrx_word' id='word_1_588' title='bbox 2277 5011 2354 5055; x_wconf 91' lang='lat' dir='ltr'><strong>eo</strong></span> <span class='ocrx_word' id='word_1_589' title='bbox 2389 5011 2507 5056; x_wconf 87' lang='lat' dir='ltr'><strong>nec</strong></span> <span class='ocrx_word' id='word_1_590' title='bbox 2537 4995 2805 5073; x_wconf 91' lang='lat' dir='ltr'><strong>tempori</strong></span> <span class='ocrx_word' id='word_1_591' title='bbox 2846 5012 2962 5056; x_wconf 84' lang='lat' dir='ltr'><strong>nec</strong></span> <span class='ocrx_word' id='word_1_592' title='bbox 3012 4994 3230 5057; x_wconf 86' lang='lat' dir='ltr'><strong>labori.</strong></span> <span class='ocrx_word' id='word_1_593' title='bbox 3284 5012 3401 5058; x_wconf 90' lang='lat' dir='ltr'><strong>nec</strong></span> <span class='ocrx_word' id='word_1_594' title='bbox 3435 5007 3691 5058; x_wconf 83' lang='lat' dir='ltr'><strong>conten-</strong></span> 
     </span>
    </p>
   </div>
   <div class='ocr_carea' id='block_1_50' title="bbox 456 5086 3689 5170">
    <p class='ocr_par' dir='ltr' id='par_1_50' title="bbox 456 5086 3689 5170">
     <span class='ocr_line' id='line_1_50' title="bbox 456 5086 3689 5170; baseline -0.001 -16"><span class='ocrx_word' id='word_1_595' title='bbox 456 5090 617 5154; x_wconf 89' lang='lat' dir='ltr'><strong>tioni</strong></span> <span class='ocrx_word' id='word_1_596' title='bbox 658 5089 1018 5169; x_wconf 88' lang='lat' dir='ltr'><strong>pepercisse</strong></span> <span class='ocrx_word' id='word_1_597' title='bbox 1059 5102 1365 5165; x_wconf 89' lang='lat' dir='ltr'><strong>unquam.</strong></span> <span class='ocrx_word' id='word_1_598' title='bbox 1398 5087 1741 5147; x_wconf 90' lang='lat' dir='ltr'><strong>Successus</strong></span> <span class='ocrx_word' id='word_1_599' title='bbox 1771 5086 1913 5164; x_wconf 88' lang='lat' dir='ltr'><strong>quis</strong></span> <span class='ocrx_word' id='word_1_600' title='bbox 1937 5089 2189 5150; x_wconf 89' lang='lat' dir='ltr'><strong>tandem</strong></span> <span class='ocrx_word' id='word_1_601' title='bbox 2224 5092 2475 5153; x_wconf 87' lang='lat' dir='ltr'><strong>conatui</strong></span> <span class='ocrx_word' id='word_1_602' title='bbox 2524 5091 2950 5169; x_wconf 89' lang='lat' dir='ltr'><strong>responderit,</strong></span> <span class='ocrx_word' id='word_1_603' title='bbox 2996 5099 3064 5151; x_wconf 92' lang='lat' dir='ltr'><strong>ut</strong></span> <span class='ocrx_word' id='word_1_604' title='bbox 3113 5092 3536 5170; x_wconf 63' lang='lat' dir='ltr'><strong>producenda;</strong></span> <span class='ocrx_word' id='word_1_605' title='bbox 3585 5113 3689 5152; x_wconf 78' lang='lat' dir='ltr'><strong>ne-</strong></span> 
     </span>
    </p>
   </div>
   <div class='ocr_carea' id='block_1_51' title="bbox 454 5178 3678 5268">
    <p class='ocr_par' dir='ltr' id='par_1_51' title="bbox 454 5178 3678 5268">
     <span class='ocr_line' id='line_1_51' title="bbox 454 5178 3678 5268; baseline 0.001 -19"><span class='ocrx_word' id='word_1_606' title='bbox 454 5187 803 5268; x_wconf 86' lang='lat' dir='ltr'><strong>quidquam</strong></span> <span class='ocrx_word' id='word_1_607' title='bbox 836 5183 1048 5244; x_wconf 91' lang='lat' dir='ltr'><strong>multis</strong></span> <span class='ocrx_word' id='word_1_608' title='bbox 1077 5179 1427 5260; x_wconf 85' lang='lat' dir='ltr'><strong>clepsydris</strong></span> <span class='ocrx_word' id='word_1_609' title='bbox 1454 5178 1768 5261; x_wconf 71' lang='lat' dir='ltr'><strong>apologiee</strong></span> <span class='ocrx_word' id='word_1_610' title='bbox 1797 5184 2243 5262; x_wconf 89' lang='lat' dir='ltr'><strong>compendium</strong></span> <span class='ocrx_word' id='word_1_611' title='bbox 2310 5203 2437 5248; x_wconf 79' lang='lat' dir='ltr'><strong>uno</strong></span> <span class='ocrx_word' id='word_1_612' title='bbox 2472 5187 2664 5248; x_wconf 86' lang='lat' dir='ltr'><strong>verbo</strong></span> <span class='ocrx_word' id='word_1_613' title='bbox 2694 5185 2940 5258; x_wconf 84' lang='lat' dir='ltr'><strong>faciam,</strong></span> <span class='ocrx_word' id='word_1_614' title='bbox 2973 5188 3082 5260; x_wconf 93' lang='lat' dir='ltr'><strong>tui,</strong></span> <span class='ocrx_word' id='word_1_615' title='bbox 3126 5189 3218 5246; x_wconf 86' lang='lat' dir='ltr'><strong>vir</strong></span> <span class='ocrx_word' id='word_1_616' title='bbox 3256 5189 3547 5259; x_wconf 81' lang='lat' dir='ltr'><strong>maxime,</strong></span> <span class='ocrx_word' id='word_1_617' title='bbox 3590 5190 3678 5268; x_wconf 56' lang='grc' dir='ltr'><strong>ἀυ-</strong></span> 
     </span>
    </p>
   </div>
   <div class='ocr_carea' id='block_1_52' title="bbox 458 5279 3696 5365">
    <p class='ocr_par' dir='ltr' id='par_1_52' title="bbox 458 5279 3696 5365">
     <span class='ocr_line' id='line_1_52' title="bbox 458 5279 3696 5365; baseline -0.001 -18"><span class='ocrx_word' id='word_1_618' title='bbox 458 5285 634 5357; x_wconf 89' lang='lat' dir='ltr'><strong>dicii,</strong></span> <span class='ocrx_word' id='word_1_619' title='bbox 667 5283 757 5344; x_wconf 92' lang='lat' dir='ltr'><strong>tui</strong></span> <span class='ocrx_word' id='word_1_620' title='bbox 794 5280 1034 5344; x_wconf 89' lang='lat' dir='ltr'><strong>arbitrii</strong></span> <span class='ocrx_word' id='word_1_621' title='bbox 1072 5296 1171 5340; x_wconf 92' lang='lat' dir='ltr'><strong>res</strong></span> <span class='ocrx_word' id='word_1_622' title='bbox 1201 5286 1359 5341; x_wconf 88' lang='lat' dir='ltr'><strong>esto.</strong></span> <span class='ocrx_word' id='word_1_623' title='bbox 1394 5279 1592 5339; x_wconf 88' lang='lat' dir='ltr'><strong>Nemo</strong></span> <span class='ocrx_word' id='word_1_624' title='bbox 1623 5279 1741 5339; x_wconf 89' lang='lat' dir='ltr'><strong>erit</strong></span> <span class='ocrx_word' id='word_1_625' title='bbox 1767 5280 2049 5341; x_wconf 90' lang='lat' dir='ltr'><strong>omnium</strong></span> <span class='ocrx_word' id='word_1_626' title='bbox 2093 5282 2215 5361; x_wconf 91' lang='lat' dir='ltr'><strong>(sat</strong></span> <span class='ocrx_word' id='word_1_627' title='bbox 2250 5283 2415 5362; x_wconf 92' lang='lat' dir='ltr'><strong>scio)</strong></span> <span class='ocrx_word' id='word_1_628' title='bbox 2449 5291 2570 5343; x_wconf 90' lang='lat' dir='ltr'><strong>tam</strong></span> <span class='ocrx_word' id='word_1_629' title='bbox 2620 5282 2911 5361; x_wconf 76' lang='lat' dir='ltr'><strong>pervicax</strong></span> <span class='ocrx_word' id='word_1_630' title='bbox 2939 5284 3047 5361; x_wconf 90' lang='lat' dir='ltr'><strong>qui</strong></span> <span class='ocrx_word' id='word_1_631' title='bbox 3091 5283 3140 5343; x_wconf 94' lang='lat' dir='ltr'><strong>si</strong></span> <span class='ocrx_word' id='word_1_632' title='bbox 3189 5284 3398 5344; x_wconf 89' lang='lat' dir='ltr'><strong>minus</strong></span> <span class='ocrx_word' id='word_1_633' title='bbox 3442 5295 3696 5365; x_wconf 75' lang='lat' dir='ltr'><strong>prOptei-</strong></span> 
     </span>
    </p>
   </div>
   <div class='ocr_carea' id='block_1_53' title="bbox 457 5373 3693 5460">
    <p class='ocr_par' dir='ltr' id='par_1_53' title="bbox 457 5373 3693 5460">
     <span class='ocr_line' id='line_1_53' title="bbox 457 5373 3693 5460; baseline 0.001 -18"><span class='ocrx_word' id='word_1_634' title='bbox 457 5380 914 5460; x_wconf 81' lang='lat' dir='ltr'><strong>amplissimum</strong></span> <span class='ocrx_word' id='word_1_635' title='bbox 948 5374 1397 5453; x_wconf 86' lang='lat' dir='ltr'><strong>magistratum,</strong></span> <span class='ocrx_word' id='word_1_636' title='bbox 1429 5373 1734 5452; x_wconf 87' lang='lat' dir='ltr'><strong>quojuris</strong></span> <span class='ocrx_word' id='word_1_637' title='bbox 1777 5380 1838 5435; x_wconf 87' lang='lat' dir='ltr'><strong>et</strong></span> <span class='ocrx_word' id='word_1_638' title='bbox 1871 5377 2032 5455; x_wconf 71' lang='lat' dir='ltr'><strong>inqui</strong></span> <span class='ocrx_word' id='word_1_639' title='bbox 2068 5377 2475 5440; x_wconf 86' lang='lat' dir='ltr'><strong>moderamen</strong></span> <span class='ocrx_word' id='word_1_640' title='bbox 2506 5378 2613 5439; x_wconf 90' lang='lat' dir='ltr'><strong>tibi</strong></span> <span class='ocrx_word' id='word_1_641' title='bbox 2636 5396 2952 5440; x_wconf 90' lang='lat' dir='ltr'><strong>summum</strong></span> <span class='ocrx_word' id='word_1_642' title='bbox 2984 5380 3347 5441; x_wconf 87' lang='lat' dir='ltr'><strong>attributum</strong></span> <span class='ocrx_word' id='word_1_643' title='bbox 3374 5394 3492 5453; x_wconf 89' lang='lat' dir='ltr'><strong>est,</strong></span> <span class='ocrx_word' id='word_1_644' title='bbox 3523 5392 3693 5445; x_wconf 89' lang='lat' dir='ltr'><strong>certe</strong></span> 
     </span>
    </p>
   </div>
   <div class='ocr_carea' id='block_1_54' title="bbox 460 5469 3693 5556">
    <p class='ocr_par' dir='ltr' id='par_1_54' title="bbox 460 5469 3693 5556">
     <span class='ocr_line' id='line_1_54' title="bbox 460 5469 3693 5556; baseline 0.001 -20"><span class='ocrx_word' id='word_1_645' title='bbox 460 5482 721 5556; x_wconf 85' lang='lat' dir='ltr'><strong>prepter</strong></span> <span class='ocrx_word' id='word_1_646' title='bbox 766 5472 1160 5536; x_wconf 89' lang='lat' dir='ltr'><strong>notissimam</strong></span> <span class='ocrx_word' id='word_1_647' title='bbox 1192 5469 1511 5541; x_wconf 88' lang='lat' dir='ltr'><strong>omnibus,</strong></span> <span class='ocrx_word' id='word_1_648' title='bbox 1545 5476 1607 5530; x_wconf 89' lang='lat' dir='ltr'><strong>et</strong></span> <span class='ocrx_word' id='word_1_649' title='bbox 1649 5469 1810 5531; x_wconf 87' lang='lat' dir='ltr'><strong>ultra</strong></span> <span class='ocrx_word' id='word_1_650' title='bbox 1838 5471 2025 5532; x_wconf 90' lang='lat' dir='ltr'><strong>etiam</strong></span> <span class='ocrx_word' id='word_1_651' title='bbox 2050 5489 2239 5551; x_wconf 85' lang='lat' dir='ltr'><strong>quam</strong></span> <span class='ocrx_word' id='word_1_652' title='bbox 2270 5473 2523 5552; x_wconf 88' lang='lat' dir='ltr'><strong>imperii</strong></span> <span class='ocrx_word' id='word_1_653' title='bbox 2560 5474 2717 5535; x_wconf 82' lang='lat' dir='ltr'><strong>ﬁnes</strong></span> <span class='ocrx_word' id='word_1_654' title='bbox 2746 5474 2964 5537; x_wconf 85' lang='lat' dir='ltr'><strong>Gallici</strong></span> <span class='ocrx_word' id='word_1_655' title='bbox 2998 5475 3338 5553; x_wconf 85' lang='lat' dir='ltr'><strong>pertinent,</strong></span> <span class='ocrx_word' id='word_1_656' title='bbox 3379 5477 3693 5541; x_wconf 88' lang='lat' dir='ltr'><strong>celebrem</strong></span> 
     </span>
    </p>
   </div>
   <div class='ocr_carea' id='block_1_55' title="bbox 455 5565 3693 5649">
    <p class='ocr_par' dir='ltr' id='par_1_55' title="bbox 455 5565 3693 5649">
     <span class='ocr_line' id='line_1_55' title="bbox 455 5565 3693 5649; baseline 0.001 -15"><span class='ocrx_word' id='word_1_657' title='bbox 455 5589 531 5635; x_wconf 84' lang='lat' dir='ltr'><strong>ac</strong></span> <span class='ocrx_word' id='word_1_658' title='bbox 561 5569 983 5633; x_wconf 89' lang='lat' dir='ltr'><strong>venerabilem</strong></span> <span class='ocrx_word' id='word_1_659' title='bbox 1019 5570 1400 5645; x_wconf 74' lang='lat' dir='ltr'><strong>mquitatem,</strong></span> <span class='ocrx_word' id='word_1_660' title='bbox 1434 5565 1721 5628; x_wconf 89' lang='lat' dir='ltr'><strong>doctrina</strong></span> <span class='ocrx_word' id='word_1_661' title='bbox 1751 5567 1921 5629; x_wconf 90' lang='lat' dir='ltr'><strong>varia</strong></span> <span class='ocrx_word' id='word_1_662' title='bbox 1953 5568 2293 5647; x_wconf 88' lang='lat' dir='ltr'><strong>omnisque</strong></span> <span class='ocrx_word' id='word_1_663' title='bbox 2328 5570 2578 5646; x_wconf 84' lang='lat' dir='ltr'><strong>generis</strong></span> <span class='ocrx_word' id='word_1_664' title='bbox 2596 5569 2911 5649; x_wconf 86' lang='lat' dir='ltr'><strong>sapientia</strong></span> <span class='ocrx_word' id='word_1_665' title='bbox 2948 5570 3377 5649; x_wconf 89' lang='lat' dir='ltr'><strong>conjunctam,</strong></span> <span class='ocrx_word' id='word_1_666' title='bbox 3409 5590 3539 5635; x_wconf 92' lang='lat' dir='ltr'><strong>non</strong></span> <span class='ocrx_word' id='word_1_667' title='bbox 3569 5583 3693 5636; x_wconf 65' lang='lat' dir='ltr'><strong>tuae</strong></span> 
     </span>
    </p>
   </div>
   <div class='ocr_carea' id='block_1_56' title="bbox 457 5650 3693 5744">
    <p class='ocr_par' dir='ltr' id='par_1_56' title="bbox 457 5650 3693 5744">
     <span class='ocr_line' id='line_1_56' title="bbox 457 5650 3693 5744; baseline 0.001 -13"><span class='ocrx_word' id='word_1_668' title='bbox 457 5670 745 5734; x_wconf 86' lang='lat' dir='ltr'><strong>standum</strong></span> <span class='ocrx_word' id='word_1_669' title='bbox 788 5662 1146 5727; x_wconf 84' lang='lat' dir='ltr'><strong>deﬁnitioni</strong></span> <span class='ocrx_word' id='word_1_670' title='bbox 1176 5650 1353 5741; x_wconf 78' lang='lat' dir='ltr'><strong>putet</strong></span> <span class='ocrx_word' id='word_1_671' title='bbox 1380 5681 1407 5722; x_wconf 70' lang='grc' dir='ltr'><em>τ</em></span> <span class='ocrx_word' id='word_1_672' title='bbox 1441 5677 1543 5722; x_wconf 88' lang='lat' dir='ltr'><strong>me</strong></span> <span class='ocrx_word' id='word_1_673' title='bbox 1578 5661 1837 5740; x_wconf 85' lang='lat' dir='ltr'><strong>quidem</strong></span> <span class='ocrx_word' id='word_1_674' title='bbox 1872 5663 2032 5742; x_wconf 87' lang='lat' dir='ltr'><strong>ipso,</strong></span> <span class='ocrx_word' id='word_1_675' title='bbox 2083 5681 2473 5744; x_wconf 89' lang='lat' dir='ltr'><strong>quocunque</strong></span> <span class='ocrx_word' id='word_1_676' title='bbox 2530 5664 2666 5726; x_wconf 82' lang='lat' dir='ltr'><strong>alea</strong></span> <span class='ocrx_word' id='word_1_677' title='bbox 2707 5664 2980 5733; x_wconf 86' lang='lat' dir='ltr'><strong>verterit.</strong></span> <span class='ocrx_word' id='word_1_678' title='bbox 3044 5667 3204 5726; x_wconf 85' lang='lat' dir='ltr'><strong>adeo</strong></span> <span class='ocrx_word' id='word_1_679' title='bbox 3267 5666 3418 5728; x_wconf 89' lang='lat' dir='ltr'><strong>nihil</strong></span> <span class='ocrx_word' id='word_1_680' title='bbox 3474 5680 3693 5734; x_wconf 90' lang='lat' dir='ltr'><strong>contra</strong></span> 
     </span>
    </p>
   </div>
   <div class='ocr_carea' id='block_1_57' title="bbox 458 5758 3689 5847">
    <p class='ocr_par' dir='ltr' id='par_1_57' title="bbox 458 5758 3689 5847">
     <span class='ocr_line' id='line_1_57' title="bbox 458 5758 3689 5847; baseline 0.001 -17"><span class='ocrx_word' id='word_1_681' title='bbox 458 5767 808 5841; x_wconf 74' lang='lat' dir='ltr'><strong>excepturo</strong></span> <span class='ocrx_word' id='word_1_682' title='bbox 837 5759 928 5823; x_wconf 84' lang='lat' dir='ltr'><strong>vel</strong></span> <span class='ocrx_word' id='word_1_683' title='bbox 968 5761 1407 5838; x_wconf 87' lang='lat' dir='ltr'><strong>provocaturo,</strong></span> <span class='ocrx_word' id='word_1_684' title='bbox 1448 5760 1516 5818; x_wconf 86' lang='lat' dir='ltr'><strong>ut</strong></span> <span class='ocrx_word' id='word_1_685' title='bbox 1542 5758 2035 5840; x_wconf 86' lang='lat' dir='ltr'><strong>subscriptorem</strong></span> <span class='ocrx_word' id='word_1_686' title='bbox 2069 5758 2673 5841; x_wconf 85' lang='lat' dir='ltr'><strong>astipulatoremque</strong></span> <span class='ocrx_word' id='word_1_687' title='bbox 2724 5761 3162 5840; x_wconf 86' lang='lat' dir='ltr'><strong>cujuscunque</strong></span> <span class='ocrx_word' id='word_1_688' title='bbox 3190 5780 3413 5828; x_wconf 88' lang='lat' dir='ltr'><strong>sensus</strong></span> <span class='ocrx_word' id='word_1_689' title='bbox 3448 5773 3533 5829; x_wconf 87' lang='lat' dir='ltr'><strong>tui</strong></span> <span class='ocrx_word' id='word_1_690' title='bbox 3562 5768 3689 5847; x_wconf 85' lang='lat' dir='ltr'><strong>jam</strong></span> 
     </span>
    </p>
   </div>
  </div>
