4104 6448
456 323 532 391 85
1593 335 1830 403 .I’ETRI
1860 338 2065 401 mss:

2113 340 2160 400 ll
2204 341 2619 412 ΡΠΑΞΡΑΤΙΟ.
3661 351 3734 417 66

459 428 814 541 hinnuler
842 434 1178 541 pollicear.
1213 443 1300 507 Te
1339 442 1476 508 fere
1500 444 1563 506 in
1595 445 1934 509 scribendo
1962 454 2323 527 spectabam
2351 466 2559 529 unice,
2618 455 2725 517 ιιὺὶ
2755 472 2857 517 me
2895 455 3205 535 ﬁngebam
3248 460 3678 539 parabamquc
3709 474 3731 524 :

460 529 647 636 tibisi
673 530 910 636 placui,
925 536 1183 602 abunde
1209 542 1515 605 mercedis
1547 549 1662 604 est.
1700 545 1851 606 Nam
1889 553 2296 629 printerquam
2328 556 2499 636 quod
2524 554 2722 616 laudis
2754 529 3021 633 publica;
3045 529 3501 636 prmjudiciuin,
3556 529 3735 620 favor

463 630 657 723 tantas
671 631 1062 696 auctoritatis
1084 643 1326 700 certum
1357 638 1579 703 habet:
1605 642 1701 703 vel
1725 642 1780 704 si
1806 645 2113 723 probares
2146 649 2319 711 solus
2349 630 2795 713 damnantibujs
2827 630 3074 712 cunctis
3104 630 3183 714 ad
3212 652 3393 714 fama»
3425 653 3734 715 rationem

464 719 867 826 fructumque
903 728 1123 807 animi,
1162 752 1326 797 unus
1355 735 1504 797 mihi
1536 743 1603 798 tu
1634 719 1827 800 instar
1846 738 2135 812 millium,
2168 741 2366 805 instar
2395 746 2678 808 omnium
2708 748 2932 806 merito
2963 743 3154 806 fores.
3199 747 3306 807 Sin
3340 763 3485 810 vero
3517 763 3734 826 repre-

463 815 864 920 bendismon
894 830 1202 893 continuo
1232 831 1454 895 lusisse
1486 851 1584 896 me
1614 852 1870 914 Operam
1897 844 2002 897 aut
2027 836 2211 914 plane
2246 840 2406 901 votis
2445 841 2752 904 excidi5se
2771 840 3097 920 jndicabo.
3133 841 3528 904 Abirretorta
3557 815 3735 902 men.

467 915 549 1015 tis
588 918 670 991 vi,
704 920 784 980 ab
814 924 1098 1002 aquilina
1131 927 1563 1008 intelligentia
1604 932 1709 994 illa
1745 939 1871 997 tua:
1903 933 2063 1005 acie,
2105 933 2205 994 cui
2238 931 2453 995 fucum
2492 935 2703 996 nullus
2726 915 2902 996 color
2937 934 3171 1007 facere,
3224 936 3395 997 nulla
3445 952 3513 996 se
3575 951 3730 1015 pro-

463 1011 619 1110 bare
650 1018 920 1079 mendax
940 1022 1159 1097 gratia,
1188 1023 1355 1087 nulla
1387 1026 1630 1105 placere
1657 1026 1775 1088 nisi
1799 1027 1933 1089 viva
1957 1028 2287 1108 nativaque
2321 1031 2726 1109 pulchritudo
2761 1038 2990 1110 potest,
3014 1032 3091 1093 ad
3118 1011 3731 1109 indulgentissiinam

467 1108 878 1176 clementiam
932 1118 1409 1202 benignissimae
1462 1123 2062 1203 humanissimeeque
2115 1108 2457 1188 voluntatis
2508 1143 2611 1189 me
2667 1108 3005 1207 recipiam;
3064 1127 3514 1207 ibiqueasylo
3562 1135 3734 1189 tutus

467 1211 824 1275 certissimo
861 1233 1044 1295 spem
1076 1221 1139 1280 in
1173 1223 1314 1283 sinu
1347 1221 1594 1283 dulcem
1625 1223 1810 1295 alam,
1838 1222 1976 1285 fore
1998 1230 2065 1285 ut
2098 1225 2277 1286 venia
2307 1223 2657 1313 copsoleris
2685 1225 2858 1304 quod
2893 1226 3280 1286 remunerari
3310 1226 3492 1289 laude
3521 1226 3733 1287 mimis

468 1312 694 1380 potes;
734 1320 793 1370 et
820 1319 990 1375 trans
1022 1314 1165 1377 vitia
1198 1316 1526 1378 lDCI'Udiln'B
1559 1336 1806 1391 manus,
1838 1320 2129 1383 benevoli
2173 1321 2449 1400 pectoris
2477 1320 2685 1384 ofﬁcio
2718 1321 2931 1399 agnito
2966 1338 3085 1383 nec
3119 1331 3355 1398 Spreto,
3391 1322 3729 1402 quodcun-

465 1421 594 1477 que
632 1403 750 1467 hoc
781 1419 874 1468 est
916 1415 1208 1487 quamvis
1232 1413 1472 1493 illepidi
1511 1417 1891 1490 munusculi,
1918 1426 2404 1479 monumentum
2429 1427 2736 1480 internum
2771 1436 2910 1481 esse
2933 1418 3193 1500 patiaris
3215 1418 3348 1498 ejus
3382 1419 3729 1482 observan-

464 1510 481 1557 t
516 1518 572 1560 ω
603 1521 675 1564 ac
707 1508 1030 1569 veneratio
1064 1510 1136 1570 iis
1162 1527 1282 1590 qua
1315 1518 1374 1575 te
1403 1528 1648 1576 summa
1679 1514 2131 1596 verissimaque
2156 1517 2593 1597 prosequitur,
3074 1528 3101 1535 “

1584 1700 1722 1744 ILLU
1731 1660 1959 1745 3111185,.
2011 1702 2415 1746 AMPLlTUDlNl
2446 1703 2585 1747 ’1⁵υῶ

1715 1824 2149 1886 Deditissimus
2184 1826 2430 1886 Pramus
2464 1825 2797 1899 Possmns,
2841 1844 2875 1888 e
2910 1825 3219 1889 Socielatc
3240 1827 3411 1887 Jcsu.

744 1952 1111 2015 Scribebam
1163 1954 1396 2016 Tolosa:
1426 1974 1493 2017 ιιι
1554 1955 1824 2018 Kalend.
1857 1958 2166 2034 Quintiles
2211 1974 2365 2016 anno

1336 1974 1396 2015 ra:
1426 1974 1493 2017 In
1554 1955 1824 2018 Kalend.
1857 1958 2166 2034 Quintiles
2211 1974 2376 2016 anno
2448 1946 2957 2021 C'IJIJL‘XLIX.

476 2160 3669 2189 ww

1836 2329 2393 2421 LECTORI.

550 2672 679 2733 Nec
717 2673 918 2735 miror
945 2693 1059 2737 nec
1094 2675 1346 2736 aemulor
1373 2683 1611 2738 mature
1639 2676 1904 2738 disertos
1938 2676 2083 2738 illos
2118 2678 2227 2758 qui
2267 2674 2461 2738 libros
2489 2676 2555 2737 in
2592 2673 2904 2736 librorum
2934 2672 3274 2753 principiis
3323 2670 3616 2750 faciunt,
3669 2676 3731 2732 et

465 2766 853 2830 inexhausta
880 2770 1257 2850 loquacitate
1294 2773 1746 2835 Prommiorum
1775 2773 1986 2834 sedulo
2020 2775 2085 2836 id
2124 2783 2339 2852 agunt,
2373 2782 2440 2837 ut
2491 2772 2656 2834 oeuli
2710 2771 2941 2851 legenti
2990 2770 3240 2832 doleant
3276 2770 3640 2848 priusquam
3676 2764 3733 2827 is

462 2866 746 2942 primum
811 2867 1033 2945 Operis
1086 2887 1332 2931 versum
1378 2870 1632 2930 viderit.
1686 2871 1827 2949 Ego
1886 2869 2023 2943 tibi,
2061 2872 2303 2942 Lector,
2344 2872 2671 2950 quominus
2706 2870 2917 2930 statim
2951 2869 3196 2948 fruaris
3245 2865 3488 2930 tamdiu
3517 2872 3727 2943 optato

466 2964 843 3040 Byzantines
883 2964 1231 3026 Cassarisste
1265 2964 1598 3045 colloquio,
1629 2985 1867 3026 moram
1915 2986 2105 3027 unam
2140 2966 2367 3049 objicio
2418 2970 2596 3041 (nam
2636 2966 3024 3031 Glossarium
3053 2965 3353 3027 Annaeum
3384 2959 3729 3024 transvoles

464 3061 616 3121 licet
648 3082 669 3121 :
699 3080 827 3121 non
853 3063 1015 3123 enim
1045 3072 1189 3122 ante
1222 3062 1428 3122 omnia
1456 3062 1899 3142 perlegendum
1925 3086 1943 3132 ;
1981 3064 2089 3125 sed
2127 3066 2193 3126 in
2221 3074 2494 3143 tempore
2538 3062 2981 3125 consulendum
3031 3058 3397 3141 seponitur)
3448 3074 3686 3118 moram
3712 3102 3729 3129 ,

466 3160 744 3236 inquam,
772 3159 1189 3219 necessariam
1230 3160 1564 3239 interpono
1596 3162 1870 3235 unicam,
1899 3163 2403 3240 Prtefatinncula:
2428 3165 2648 3241 paucis
2684 3160 3139 3238 complexum;
3177 3177 3295 3238 quo
3333 3175 3501 3227 casu,
3538 3171 3732 3233 quove

464 3265 642 3315 statu
688 3254 942 3317 Alexias
988 3258 1186 3318 Anna:
1225 3257 1551 3320 Comnena:
1594 3276 1759 3319 meas
1806 3260 1874 3320 in
1920 3278 2141 3322 manus
2197 3262 2474 3332 venerit;
2533 3280 2655 3342 qua
2704 3278 2809 3340 spe
2841 3277 3035 3340 quave
3084 3255 3441 3318 conditione
3472 3254 3539 3315 in
3582 3261 3732 3314 tuas

468 3360 782 3418 transeat.

542 3451 691 3510 Jam
731 3458 864 3510 tum
892 3448 971 3511 ab
996 3448 1440 3526 adolescentia,
1478 3470 1662 3533 quam
1684 3451 1842 3514 mihi
1867 3453 2217 3533 transigere
2249 3454 2486 3518 Tolosae
2510 3454 2804 3533 contigit,
2834 3451 3078 3531 ingenti
3105 3446 3419 3513 desiderio
3452 3440 3730 3524 flagravi

476 3544 815 3607 Alexiados
845 3546 1042 3608 Anna:
1075 3544 1402 3610 Comneme
1446 3548 1831 3628 explicanda:
1877 3552 2120 3613 Latinis
2174 3553 2403 3615 litteris
2440 3602 2455 3629 ,
2489 3565 2545 3614 et
2566 3553 2697 3614 luce
2734 3549 2987 3630 publica
3025 3544 3355 3610 donanda.
3395 3540 3615 3604 Alebat
3663 3537 3733 3600 id

478 3654 677 3706 totum
717 3646 1115 3727 lactabatque
1146 3645 1378 3709 blanda
1431 3667 1536 3727 spe
1584 3649 1759 3710 sedes
1791 3648 1899 3709 illa
1941 3649 2078 3727 ipsa
2108 3651 2463 3711 studiorum
2508 3667 2522 3709 :
2566 3648 2730 3729 quod
2781 3648 2847 3707 in
2881 3665 3001 3725 qua
3051 3641 3334 3704 vivebam
3382 3636 3732 3715 litterisque
3802 3678 3809 3685 κ

466 3743 782 3823 aperabar
809 3746 1034 3807 civitas
1055 3748 1309 3809 unicum
1336 3749 1467 3829 ejus
1501 3751 1706 3828 operis
1755 3748 2261 3830 antiquissimum
2292 3755 2347 3807 et
2375 3746 2843 3823 integerrimum
2879 3738 3196 3820 exemplar
3226 3735 3450 3797 habere
3481 3730 3731 3840 diceba-

465 3851 594 3901 lur-
628 3843 760 3921 Egi
793 3862 967 3923 ergo,
1001 3846 1228 3924 sategi,
1253 3827 1375 3926 per
1419 3827 1551 3921 me,
1565 3865 1681 3926 per
1708 3827 1941 3909 amicos
1987 3847 2154 3908 movi
2198 3842 2397 3905 multa
2424 3887 2439 3914 ,
2467 3859 2584 3922 quo
2617 3841 2800 3903 istius
2845 3837 3002 3898 mihi
3032 3835 3214 3913 copia
3253 3833 3428 3912 ﬁeret
3468 3827 3729 3894 codicis.

464 3938 515 3999 Α
552 3937 963 4001 nobilissima'
992 3938 1470 4022 clarissimeque
1539 3943 1887 4015 Fabrorum
1934 3944 2460 4007 Saniarianorum
2517 3936 2767 4018 fatnilia
2828 3937 2895 3997 in
2947 3936 3252 3997 Musa‘um
3293 3935 3388 3992 τοὗ
3422 3931 3728 4005 μακαρίτου

462 4036 884 4096 eruditissimi
938 4038 1115 4099 Petri
1164 4038 1367 4101 Fabri
1417 4041 1859 4103 humanissime
1903 4042 2252 4115 admissus,
2298 4039 2565 4101 versatis
2603 4035 2737 4098 illic
2797 4035 3167 4096 otiosissime
3191 4025 3730 4099 curiosissimeque

458 4134 709 4193 cunctis
757 4132 1019 4194 multum
1056 4135 1302 4213 frustra
1353 4136 1484 4199 bibi
1520 4136 1860 4217 pulverem.
1903 4138 2212 4218 lndagavi
2266 4138 2454 4199 etiam
2493 4134 2894 4211 omnibusque
2936 4129 3219 4208 “Willis
3267 4123 3567 4218 θάοταίῳ
3594 4134 3731 4178 sum

462 4249 725 4309 ecquam
755 4230 821 4292 in
844 4231 1021 4294 urbis
1047 4232 1237 4295 aliam
1258 4253 1413 4296 rara
1428 4242 1497 4307 ,ει
1519 4238 1858 4315 peregrina
1889 4236 2011 4297 hac
2042 4217 2176 4297 avis
2219 4232 2515 4295 evolasset
2569 4231 2840 4293 domum.
2878 4227 3021 4291 Non
3074 4223 3216 4304 plus
3262 4217 3507 4323 profeci

460 4328 742 4388 Cadmus
776 4348 914 4389 cum
949 4330 1270 4409 Europam
1291 4339 1603 4411 quareret.
1636 4333 1836 4413 Atque
1878 4332 1977 4393 hic
2012 4330 2426 4411 praedicanda:
2462 4327 2631 4390 locus
2663 4333 2751 4388 est
2789 4322 3264 4404 ofﬁciosissimw
3313 4315 3727 4421 benignitatis

458 4424 885 4488 illustrissimi
931 4427 1009 4488 D.
1058 4426 1277 4491 Caroli
1333 4429 1408 4490 de
1467 4429 1797 4491 Montchal
1851 4429 2307 4508 archiepiscopi
2357 4425 2655 4488 Tolosani
2680 4473 2695 4498 ,
2759 4424 2867 4505 qui
2898 4439 3023 4517 pro
3069 4429 3293 4517 cratera
3341 4414 3728 4517 humanitate

460 4539 589 4599 qua
630 4522 846 4584 studia
883 4541 1122 4603 semper
1156 4542 1292 4585 mea
1332 4535 1698 4604 prosecutus
1741 4536 1850 4601 est,
1900 4502 2278 4587 tunc-etiam
2320 4541 2447 4583 non
2490 4521 2823 4599 indignum
2866 4515 3235 4578 celsitudine
3289 4528 3403 4571 sua
3455 4502 3729 4567 credidit

461 4620 531 4678 in
573 4618 761 4679 istam
803 4602 1040 4681 mecum
1082 4639 1298 4682 curam
1333 4602 1748 4692 descendere;
1796 4632 1853 4684 et
1895 4602 2295 4683 auctbritatis
2337 4619 2821 4698 interpositione
2849 4632 2973 4677 suae
3001 4620 3191 4675 tanta:
3219 4609 3402 4689 hujus
3444 4603 3728 4698 effectum

456 4716 597 4774 voti
639 4709 798 4777 mihi
832 4716 1131 4795 conﬁcere
1173 4719 1418 4780 conari.
1465 4718 1678 4779 Elusit
1720 4727 1925 4779 tamen
1967 4717 2432 4798 indagationes,
2460 4716 2825 4796 petitiones,
2861 4709 3351 4773 machinationes
3397 4719 3604 4763 omnes
3630 4695 3730 4805 vel

457 4812 674 4872 nescio
714 4813 854 4892 quis
897 4832 1078 4874 casus
1119 4812 1308 4888 alius,
1353 4813 1450 4876 vel
1492 4814 1987 4876 obstinatissima
2031 4815 2335 4896 iniquitas
2378 4831 2590 4874 eorum
2633 4812 2740 4892 qui
2782 4810 3094 4889 captivam
3136 4804 3441 4904 illustrem
3479 4805 3731 4904 tet-eritis

459 4888 743 4969 detinere
785 4910 1057 4973 tenebris
1099 4930 1236 4972 cum
1278 4912 1667 4974 incommodo
1731 4921 1789 4973 et
1846 4913 2091 4992 gemitu.
2135 4888 2312 4973 brbis
2355 4911 2546 4973 totius
2606 4888 3197 4970 deliberatissimum
3241 4896 3491 4962 habent.
3535 4888 3728 5005 Mulli

460 5008 689 5069 deinde
732 5012 889 5102 anni
926 5011 1084 5072 mihi
1133 5011 1262 5073 alia
1315 5013 1621 5091 cogitanti
1683 5014 1894 5075 omnia
1936 5023 1995 5075 et
2034 5011 2375 5076 Aleziados
2409 5015 2545 5094 jam
2583 5011 2767 5091 plane
2813 5007 3006 5070 oblito
3049 5006 3404 5102 ﬂuxerunt.
3449 5015 3587 5102 συνῇ
3627 5009 3731 5102 73""

460 5106 723 5168 honoris
761 5100 951 5169 causa
991 5109 1411 5171 nominandus
1458 5114 1677 5174 Petrus
1719 5111 2055 5188 Seguerius
2097 5109 2508 5173 cancellarius
2551 5110 2858 5181 Francia,
2921 5105 3029 5186 qui
3071 5094 3728 5200 amplissimce_digni-
3820 5134 3825 5139 -

464 5206 588 5265 tati
624 5222 841 5281 parem
886 5204 1241 5284 religionis,
1275 5207 1565 5287 justitite,
1606 5208 1979 5288 virtutisque
2025 5209 2244 5275 omnis.
2310 5216 2438 5269 tum
2481 5225 2626 5268 vero
2671 5207 2856 5267 etiam
2881 5201 3243 5284 eloquentia:
3265 5207 3321 5260 et
3348 5193 3727 5297 eruditionis

464 5300 898 5368 excellentiam
943 5283 1291 5383 adjunxit,
1328 5303 1832 5365 animadvertens
1872 5283 1911 5365 ξι
1952 5304 2310 5366 collectione
2362 5303 2664 5388 Historia:
2722 5301 3092 5379 Byzantina!
3153 5312 3335 5377 quam
3390 5290 3556 5388 typis
3624 5283 3725 5344 είῗί

459 5399 659 5474 regiis
686 5399 993 5477 jusserat,
1040 5400 1408 5462 Alexiadem
1449 5402 1643 5461 Anna:
1686 5402 2010 5465 Camnenw
2045 5419 2173 5462 non
2213 5384 2604 5461 tolerabilius
2646 5397 2854 5459 abesse
2888 5414 3067 5475 posse
3091 5410 3276 5473 quam
3298 5407 3408 5449 ver
3429 5384 3506 5445 ab
3530 5398 3722 5453 anno,

462 5496 593 5572 egit
645 5494 847 5555 Roma
883 5512 999 5574 per
1044 5494 1290 5557 litteras
1335 5505 1393 5557 et
1435 5506 1634 5558 certos
1676 5496 1953 5560 homines
2002 5515 2141 5560 cum
2184 5496 2667 5558 eminentissima
2707 5491 3023 5557 cardinali
3084 5488 3419 5551 Francisco
3480 5477 3721 5542 Barbe-

460 5591 635 5655 r’no.
667 5591 957 5669 principe
991 5591 1298 5670 juvandis
1338 5591 1571 5655 litteris
1611 5602 1785 5666 nato,
1830 5603 1900 5655 ut
1942 5595 1999 5656 si
2041 5613 2220 5675 quem
2261 5592 2746 5673 locupletissima
2787 5611 2903 5652 sua
2961 5587 3268 5648 librorum
3333 5590 3609 5642 veterum
3662 5585 3719 5639 et

460 5687 940 5748 rarissimarum
978 5706 1148 5767 penu
1186 5691 1380 5750 Anna:
1425 5691 1748 5752 Comnenae
1787 5692 2056 5753 codicem
2101 5690 2376 5763 haberet,
2419 5691 2549 5770 ejus
2590 5688 2832 5767 copiam
2875 5685 2957 5747 ad
3000 5683 3331 5743 editionem
3378 5675 3573 5758 prelis
3614 5694 3715 5737 re-

462 5786 594 5865 giis
634 5800 709 5846 ne
750 5784 1146 5847 commodare
1186 5796 1582 5865 gravaretur.
1650 5786 1835 5850 Misit
1894 5789 1948 5852 is
1998 5789 2211 5851 statim
2270 5786 2501 5849 librum
2545 5786 2614 5848 in
2654 5784 2875 5846 charta
2924 5781 3227 5860 scriptum
3278 5795 3402 5838 non
3451 5776 3715 5856 antiqua
