4104 6422
435 338 506 402 ⁶⁷
1530 417 1534 424 _
1567 339 1797 401 perm
1829 337 2128 402 POSSINI
2161 333 2561 400 ramento
3189 413 3196 418 I
3632 319 3706 384 οε

434 467 650 524 manu,
692 467 802 510 nec
847 455 1158 530 integrum
1204 471 1222 512 :
1264 447 1376 512 sed
1415 449 1594 512 Luca:
1635 451 1954 512 Holstenii
1991 450 2118 512 viri
2159 445 2531 521 doctissimi,
2575 440 2940 506 Barberinx
2985 436 3370 502 bibliothecae
3391 437 3708 498 curatoris

437 545 772 624 diligentia
813 545 1010 606 solers
1065 545 1350 624 fecerat,
1405 556 1474 608 ut
1529 549 1675 610 usui
1731 566 1857 608 esse
1901 565 2060 626 pene
2118 564 2236 625 pro
2283 545 2528 623 integro
2571 549 2802 622 posset.
2865 540 2930 600 Is
2973 536 3247 599 codicem
3293 534 3456 595 hunc
3495 531 3708 596 multis

433 641 586 702 locis
631 640 914 702 mutilum
957 661 1094 704 cum
1137 642 1264 705 alio
1305 652 1662 723 pervetusto
1705 646 1767 704 in
1813 642 2211 712 membranis,
2259 640 2619 718 imperfecto
2665 645 2721 697 et
2765 637 2899 716 ipso
2945 634 3303 713 lacunisque
3328 631 3705 708 deformato,

433 755 612 815 quem
656 747 800 798 ante
839 739 948 799 hos
985 757 1223 818 paucos
1264 759 1496 800 menses
1539 741 1606 800 in
1649 738 2023 801 bibliotheca
2069 738 2354 799 Medicea
2403 735 2732 797 Florentia;-
2773 733 2928 804 vidi,
2975 730 3443 792 accuratissime
3475 737 3702 788 cantu-

435 832 597 894 lerat
641 854 662 894 :
706 853 777 894 ac
821 836 966 914 quia
1010 853 1137 896 non
1179 836 1312 914 fere
1357 836 1576 896 iisdem
1619 835 1767 895 locis
1813 835 1992 894 ambo
2039 832 2325 911 exempla
2369 832 2752 911 deficiebant,
2798 832 2986 892 unius
3030 826 3308 887 hiatibus
3371 843 3448 884 ex
3506 823 3704 884 altera

435 929 783 1008 explendis,
830 950 957 991 non
1001 933 1230 1010 exiguo
1274 950 1384 991 nec
1425 950 1650 1009 parum
1692 932 1874 991 nobis
1914 929 2318 1010 prtedii-ando
2363 928 2576 989 labore
2621 947 2733 988 suo
2777 927 3064 1006 proxime
3088 924 3516 1002 integritatem
3553 939 3705 1000 per-

435 1021 704 1085 duxerat
743 1025 1160 1086 Barberinum
1202 1029 1515 1093 codicem,-
1563 1045 1740 1106 quem
1784 1027 2248 1088 illustrissimus
2287 1024 2700 1086 cancellarius
2741 1024 2825 1085 ad
2867 1043 2930 1084 se
2976 1023 3173 1084 Roma
3218 1018 3532 1100 perlatum
3560 1067 3575 1092 ,
3605 1019 3710 1079 cui

433 1125 802 1184 vertendum
835 1125 1052 1184 Latine
1084 1125 1383 1196 traderet,
1418 1144 1541 1185 non
1575 1125 1686 1186 diu
1717 1126 1984 1205 qua'siit.
2025 1125 2408 1199 Magnarum
2439 1131 2524 1181 est
2559 1131 2614 1181 et
2644 1121 2936 1199 regendis
2969 1121 3158 1182 terris
3189 1137 3225 1177 a
3257 1117 3404 1176 coelo
3439 1128 3705 1195 parata-

433 1213 573 1282 run‘i
608 1222 930 1292 mentium,
963 1220 1130 1280 nihil
1161 1223 1440 1301 quamvis
1472 1221 1798 1282 obscurum
1827 1233 2010 1301 atque
2041 1219 2272 1280 humile
2301 1218 2562 1278 nescire.
2589 1218 2800 1295 Igitur
2829 1216 2952 1278 mei
2987 1233 3228 1296 quoque
3259 1214 3529 1275 nominis
3550 1231 3706 1292 qua-

435 1313 576 1372 dam
609 1335 798 1394 usque
829 1316 911 1376 ad
942 1317 1129 1376 istum
1167 1318 1402 1396 apicem
1448 1318 1616 1397 forte
1648 1317 1914 1396 appulsa
1944 1317 2255 1376 mentione
2291 1333 2305 1389 ;
2342 1332 2480 1375 cum
2508 1323 2808 1392 praeterea
2849 1319 3300 1375 memoraretur
3327 1328 3420 1371 me
3453 1329 3706 1389 operam

433 1413 578 1482 olim
613 1413 887 1492 aliquam
926 1416 991 1474 in
1031 1415 1359 1494 quaerendo
1395 1417 1677 1494 posuisse
1718 1413 2025 1474 Tolosano
2060 1415 2254 1476 Fabri
2301 1414 2552 1483 codice;
2599 1414 3104 1492 voluntatemque
3154 1409 3502 1471 ostendisse
3563 1408 3709 1469 Ale-

429 1511 660 1571 xiados
689 1513 1200 1590 interpretanda,
1234 1516 1554 1593 negotium
1581 1516 1795 1576 statim
1833 1513 2048 1574 datum
2069 1522 2160 1576 est
2189 1513 2444 1573 honesto
2463 1512 2532 1573 in
2551 1511 2779 1590 primis
2804 1511 2942 1570 viro
2965 1509 3344 1571 Sebastiano
3374 1507 3704 1583 Cramoisy

431 1608 704 1684 ofﬁcinis
735 1609 1168 1688 typographia.’
1196 1612 1383 1689 regiae
1415 1613 1732 1689 praefecto,
1759 1611 2052 1673 mittendi
2079 1611 2537 1692 quamprimum
2567 1607 2649 1670 ad
2667 1626 2760 1668 me
2787 1625 3000 1668 recens
3021 1605 3202 1666 allati
3224 1605 3416 1666 Roma
3435 1604 3704 1671 codicis:

431 1702 598 1781 quod
631 1703 732 1764 ille
763 1705 884 1780 fide
914 1724 1174 1794 summa,
1205 1724 1380 1766 mora
1413 1706 1587 1766 nulla
1629 1709 1932 1786 prastitit
1960 1755 1973 1780 ,
2009 1709 2345 1790 .adjunctis
2403 1707 2634 1767 litteris
2675 1703 2900 1786 quibus
2953 1701 3354 1783 signiﬁcabat
3382 1749 3397 1772 ,
3457 1713 3708 1780 gratum

428 1819 546 1873 me,
585 1802 968 1880 amplissimo
999 1802 1374 1864 canceliario
1409 1805 1752 1883 facturum,
1787 1806 1864 1877 si,
1897 1805 2062 1886 quod
2083 1806 2356 1884 primum
2383 1809 2738 1883 suppeteret
2768 1801 2966 1863 otium
2993 1847 3008 1875 ,
3062 1799 3132 1860 in
3176 1801 3526 1860 versionem
3565 1797 3709 1860 Ale-

427 1898 644 1958 xiadis
673 1900 1052 1977 conferrem.
1088 1901 1287 1960 Eram
1322 1919 1430 1980 ego
1462 1910 1590 1962 tum
1623 1901 1790 1966 haud
1814 1921 2043 1983 parum
2072 1901 2340 1963 diversis
2367 1916 2693 1961 sacrarum
2753 1898 3137 1959 Litterarum
3178 1895 3408 1956 studiis
3456 1897 3703 1955 immer-

429 2012 533 2053 sus
563 2016 584 2054 :
611 1996 972 2075 primusque
1005 1994 1136 2057 illic
1167 2016 1238 2057 ac
1258 1997 1564 2078 juvenilis
1595 2001 1790 2060 ardor
1826 2018 2026 2078 operte
2053 1997 2358 2060 navandw
2402 1997 2469 2057 in
2507 1995 2739 2058 Griecis
2775 1993 3266 2072 interpretandis
3289 2041 3304 2065 ,
3339 2000 3394 2052 et
3433 2001 3704 2070 tempore

429 2089 564 2164 ipso
604 2101 1035 2164 consenuerat,
1072 2100 1128 2153 et
1159 2094 1547 2172 experientia
1577 2096 1871 2158 molestiis
1897 2111 2286 2177 nequaquam
2311 2093 2460 2172 pari
2489 2091 2707 2170 fructu
2737 2100 3144 2168 compensate
3175 2106 3306 2168 qua:
3351 2089 3700 2166 pertricosa
3770 2116 3790 2138 ι

429 2185 538 2244 isti
563 2187 812 2264 negotio
851 2187 1030 2262 inest,
1064 2189 1411 2267 refrixerat
1440 2211 1594 2252 sane
1624 2191 1988 2272 plurimum.
2035 2194 2261 2252 Tamen
2288 2187 2641 2250 reverentia
2661 2185 3006 2246 venerandi
3035 2185 3309 2245 nominis
3340 2185 3699 2260 instinctus,

425 2278 694 2341 sublatis
729 2293 978 2362 repente
1007 2303 1077 2345 ac
1111 2287 1402 2364 sepositis
1433 2305 1566 2366 qua:
1591 2289 1656 2348 in
1693 2287 1981 2348 manibus
2011 2297 2190 2349 erant
2225 2287 2491 2356 cunctis,
2525 2294 2692 2346 totus
2720 2284 2804 2346 ad
2835 2283 3332 2345 exhauriendum
3361 2291 3550 2343 tanta:
3578 2303 3696 2342 au-

425 2378 746 2440 ctoritatis
776 2379 1140 2441 mandatum
1174 2381 1454 2444 incubui.
1485 2383 1573 2444 Ac
1601 2385 1924 2463 principio
1974 2385 2064 2446 sic
2094 2385 2541 2446 constitueram
2581 2402 2600 2442 :
2633 2380 2754 2442 duo
2809 2400 2935 2441 esse
2978 2382 3298 2459 pracipua
3352 2382 3418 2439 in
3477 2379 3701 2458 quibus

427 2471 751 2534 elaborare
793 2493 886 2538 me
917 2487 1256 2555 oporteret.
1290 2479 1452 2543 Nam
1483 2489 1538 2540 et
1566 2481 1926 2559 faciendum
1961 2499 2110 2554 esse,
2142 2491 2207 2541 ut
2245 2481 2523 2541 Greecum
2567 2475 2884 2556 exemplar
2911 2495 3096 2557 quam
3132 2476 3701 2537 emendatissimum

426 2571 649 2638 exiret,
686 2579 815 2631 tum
846 2573 1257 2634 adnitendum
1285 2585 1524 2654 postea,
1560 2588 1626 2638 ut
1657 2597 1788 2657 qua:
1811 2598 1887 2638 ex
1918 2597 1984 2638 eo
2019 2578 2480 2656 exprimeretur
2521 2573 2744 2634 Latina
2775 2577 3002 2646 vers-'0,
3023 2593 3233 2634 veram
3250 2575 3525 2634 auctoris
3557 2591 3701 2634 seu.

399 2668 685 2752 tentiam
714 2671 1056 2731 rectissime
1091 2683 1548 2751 assequeretur,
1579 2675 2062 2754 planissimeque
2096 2671 2402 2732 redderet.
2451 2669 2734 2744 Quarum
2789 2688 2993 2730 rerum
3049 2689 3184 2730 cum
3235 2671 3287 2729 is
3341 2667 3494 2730 ordo
3541 2689 3703 2730 cam-

418 2775 691 2842 paratus
733 2775 966 2828 natura
994 2773 1098 2832 sit.
1129 2779 1200 2830 ut
1231 2769 1406 2831 illam
1452 2771 1596 2832 huic
1623 2775 1918 2850 prtererti
1946 2773 2028 2833 sit
2063 2788 2240 2848 opus,
2276 2766 2630 2846 appellenti
2657 2766 2814 2827 mihi
2845 2765 2928 2826 ad
2954 2768 3228 2845 priorem
3255 2767 3554 2838 animum,
3576 2787 3699 2828 exs

423 2863 813 2942 perientique
859 2883 1132 2941 operam.
1165 2867 1381 2944 gravis
1415 2869 1786 2951 ecceprimo
1825 2867 2230 2946 difficultatis
2261 2865 2480 2926 oborta
2513 2865 2766 2951 species,
2796 2863 2985 2944 paulo
3017 2865 3198 2923 etiam
3227 2873 3365 2942 post
3401 2863 3697 2942 despero.

427 2956 664 3018 tionem
704 2957 925 3036 injecit
955 2957 1116 3036 copti
1139 2949 1572 3037 perpetrandi.
1611 2961 1825 3024 Codex
1854 2963 1964 3042 qui
1989 2962 2073 3023 ad
2102 2982 2354 3024 manum
2389 2973 2521 3023 erat
2550 2949 2781 3024 unicus
2812 2960 3219 3022 tumultuarie
3249 3009 3262 3031 ,
3295 2970 3364 3020 ut
3411 2960 3588 3023 dixi.
3623 2979 3702 3021 ex

426 3047 668 3110 duobus
699 3052 938 3112 mutilis
974 3064 1303 3131 congestus
1347 3067 1762 3138 consultisque
1797 3061 2035 3136 passim
2064 3061 2340 3129 incrrtee,
2386 3058 2713 3138 palamque
2763 3059 3016 3118 interim
3075 3057 3379 3118 mendoso;-
3417 3055 3700 3118 lectionis

421 3144 678 3208 vocibus
712 3147 1026 3219 scatebat;
1065 3149 1311 3211 lacunis
1343 3151 1426 3212 ad
1459 3153 1582 3214 lucc
1616 3153 1830 3216 hiabat
1862 3164 1988 3216 toto
2017 3157 2260 3234 sparsis
2290 3157 2496 3234 operis
2527 3173 2786 3233 corpore
2807 3202 2820 3227 ,
2853 3155 3030 3234 cujus
3064 3163 3248 3233 caput
3299 3154 3498 3232 ipsum
3529 3201 3541 3226 ,
3585 3153 3698 3214 hoc

427 3251 517 3302 est
543 3243 1008 3322 elegantissima
1037 3255 1096 3306 et
1125 3246 1288 3308 libro
1315 3248 1687 3328 dignissima
1719 3253 2020 3329 Praefatio
2052 3255 2244 3313 Annre
2284 3251 2764 3314 desiderabatur
2795 3261 2962 3318 tota:
2989 3269 3173 3331 quam
3203 3270 3282 3311 ex
3309 3250 3698 3329 Augustanis

431 3341 791 3419 Excerptis,
822 3351 1010 3420 prout
1041 3342 1249 3416 licuit,
1283 3347 1727 3424 supplevimus.
1771 3347 2070 3410 Clausula
2096 3368 2290 3428 porro
2323 3351 2645 3421 Historiae,
2691 3359 3005 3430 postrema
3054 3348 3287 3414 scilicet
3330 3349 3539 3428 quinti
3581 3348 3695 3410 de-

423 3437 572 3496 cimi
596 3456 747 3516 pars
787 3439 964 3514 libri,
998 3440 1394 3502 creberrimis
1437 3443 1740 3522 fatiscens
1781 3445 2002 3518 rimis,
2071 3448 2317 3526 pertusi
2397 3448 2634 3526 passim
2699 3453 2943 3506 vetusta
3001 3445 3168 3506 carie
3217 3445 3536 3517 centonis,
3586 3453 3697 3509 aut
3783 3511 3796 3518 ,

424 3536 893 3600 collabascentis
923 3542 1314 3621 ruinosecque
1352 3544 1633 3602 maceria
1665 3545 1928 3621 speciem
1961 3543 2167 3605 habet.
2206 3543 2373 3619 Quid
2408 3543 2508 3604 hic
2553 3543 2844 3604 auderem
2891 3560 3278 3621 spcraremve
3301 3542 3330 3599 i’
3374 3539 3693 3622 Aggrede-

423 3649 529 3691 rer
555 3632 638 3692 ad
668 3634 1153 3696 emendationem
1185 3636 1508 3715 archetypi
1542 3648 1871 3700 contextus
1895 3641 1925 3700 ἵ
1964 3658 2148 3719 quam
2179 3659 2305 3700 non
2330 3641 2458 3702 nisi
2511 3639 2890 3720 conjecturis
2936 3647 2992 3698 et
3021 3637 3542 3708 dicinationibus,
3570 3647 3696 3698 tam

422 3727 629 3790 multa:
657 3733 1098 3805 contentionis,
1146 3753 1328 3813 quam
1373 3734 1607 3796 nullius
1634 3738 2064 3808 auctoritatis,
2099 3739 2167 3798 in
2201 3736 2648 3815 exemplarium
2685 3735 2933 3814 defectu
2962 3734 3314 3806 meliorum,
3355 3751 3696 3811 repreescn-

425 3832 561 3884 tare
593 3843 683 3884 me
711 3834 1000 3902 putarem
1027 3845 1208 3904 posse
1232 3829 1261 3887 ?
1286 3828 1382 3888 An
1406 3828 1851 3908 desponderem
1878 3833 2174 3893 continuo
2198 3833 2498 3901 animum,
2523 3833 2940 3906 editionisque
2979 3829 3304 3891 consilium
3331 3829 3699 3912 abjicerem?

326 3923 333 3929 ’
423 3939 498 3981 ac
530 3941 668 3980 cum
707 3920 936 3982 Daridi
977 3923 1320 3986 Haasehelio
1356 3945 1470 3984 sua
1502 3926 1675 3986 viros
1711 3926 1878 4006 apud
1916 3927 2129 3989 doctos
2165 3931 2378 4007 gratia
2427 3929 2784 3990 constiterit
2817 3972 2832 3999 ,
2870 3925 3034 4005 quod
3080 3927 3132 3986 is
3179 3944 3305 3985 non
3355 3925 3696 3987 dubitasset

424 4019 719 4080 mendosa
755 4020 1216 4082 incredibiliter
1245 4031 1302 4082 et
1333 4021 1539 4084 lacera
1584 4025 1887 4086 Historia:
1922 4026 2118 4088 Annae
2146 4031 2530 4106 fragmenta,
2566 4045 2793 4106 pauca,
2840 4035 3064 4086 temere
3108 4032 3497 4096 coacervata,
3526 4043 3696 4104 prce-

426 4115 554 4193 ﬁxo
588 4115 916 4178 Alexiadis
957 4117 1141 4179 titulo
1187 4118 1397 4187 edere:
1443 4138 1552 4199 ego
1588 4128 1750 4182 totos
1783 4124 2137 4202 quindecim
2188 4125 2320 4205 ejus
2369 4124 2579 4202 operis
2623 4121 2820 4183 libros
2871 4130 3114 4195 nactus,
3177 4129 3440 4199 propter
3487 4121 3694 4183 nescio

426 4227 578 4288 quos
609 4230 811 4273 naevos
841 4215 1042 4292 magis
1087 4213 1596 4293 interpellaturos
1640 4219 1708 4278 in
1753 4217 1979 4280 lectore
2006 4239 2250 4280 sensum
2282 4219 2598 4298 elegantiae
2633 4265 2648 4291 ,
2679 4235 2862 4298 quam
2903 4235 3118 4278 rerum
3181 4218 3531 4296 cognitioni
3583 4234 3690 4295 ge-

425 4316 686 4380 starum,
735 4318 848 4371 aut
890 4311 1192 4372 Historiis
1235 4313 1589 4392 integritati
1632 4314 2066 4376 subtracturos
2113 4317 2451 4398 quidquam
2481 4361 2496 4390 ,
2541 4314 2812 4395 publicis
2857 4313 3228 4376 invidendas
3265 4313 3596 4374 desideriis
3636 4323 3690 4374 et

425 4416 799 4470 aternarum
845 4429 1066 4472 rursus
1110 4412 1488 4474 addicendos
1532 4414 1929 4478 tenebrarum
1987 4419 2302 4497 ergastulo
2346 4437 2650 4480 censerem
2678 4419 2707 4477 ?
2747 4418 3055 4480 Neutrum
3101 4417 3328 4496 opinor
3367 4417 3692 4496 quisquam

426 4522 634 4584 aquus
667 4505 1021 4568 eruditusve
1051 4509 1392 4578 suasisset:
1428 4529 1501 4570 ne
1530 4511 1854 4590 probasset
1899 4516 2169 4594 quidem.
2215 4517 2335 4578 Illa
2381 4518 2580 4596 igitur
2605 4516 2760 4576 mihi
2799 4516 3110 4577 sententia
3139 4515 3487 4575 necessario
3532 4515 3688 4577 reli-

429 4616 550 4676 qua
591 4600 763 4678 facta
808 4613 920 4676 est,
955 4623 1078 4683 qua
1107 4604 1492 4666 decernerem
1522 4617 1880 4669 contextum
1911 4612 2157 4691 quidem
2181 4614 2462 4675 Graecum
2484 4611 2668 4691 plane
2692 4611 2997 4674 intactum
3038 4609 3413 4690 relinquere,
3443 4628 3520 4670 ne
3557 4629 3691 4670 ma-

427 4695 684 4767 nifestis‘
711 4698 958 4776 quidem
985 4699 1406 4761 sollicitandis
1427 4702 1688 4778 mendis,
1722 4706 2002 4783 quandiu
2041 4727 2202 4770 verte
2243 4709 2529 4770 lectionis
2579 4707 2848 4787 fundum
2908 4725 3035 4766 non
3096 4705 3379 4765 haberem
3432 4708 3693 4788 majoris

423 4791 826 4872 antiquitatis
855 4803 911 4854 et
941 4797 1338 4858 auctoritatis
1379 4799 1673 4862 codicem.
1727 4804 1946 4863 Totam
1977 4823 2121 4865 vero
2187 4805 2570 4866 industriam
2613 4805 2681 4865 in
2713 4803 3140 4864 elaboratione
3187 4803 3420 4864 Latinee
3448 4805 3689 4865 versio-

425 4889 526 4948 nis
563 4909 942 4970 expromere,
975 4911 1096 4972 qua
1105 4894 1378 4973 judicio,
1408 4897 1466 4956 si
1493 4898 1659 4976 quod
1701 4909 1892 4972 esset,
1929 4921 2002 4962 ac
2050 4902 2384 4981 diligentia
2425 4902 2493 4962 in
2521 4901 2961 4962 'subsidiorum
3013 4898 3432 4977 deﬁcienti-um
3490 4901 3690 4961 locum

426 4985 870 5066 subrogandis,
911 4990 1233 5070 explendis
1251 4992 1549 5066 hiatibus,
1574 4998 1967 5077 corrigendis
1989 5019 2067 5062 ex
2097 5001 2456 5081 conjectura
2486 4998 2735 5058 vitiosis
2765 4995 2943 5067 locis,
2967 4995 3169 5056 modis
3191 4994 3454 5075 denique
3487 5003 3688 5060 omni-

431 5080 543 5142 bus
573 5087 820 5164 assequi
853 5105 1135 5157 conarer,
1170 5095 1238 5148 ut
1269 5091 1444 5149 nitor
1471 5091 1885 5171 primige'nius
1932 5095 2126 5174 Operi
2154 5095 2600 5176 pulcherrimo,
2636 5091 2844 5174 quoad
2870 5110 2985 5170 per
3006 5092 3278 5170 quinque
3319 5092 3686 5154 sucularum

429 5179 804 5258 squalorem,
859 5191 914 5242 et
957 5183 1310 5244 exitiabiles
1350 5185 1900 5260 infestissimorum
1949 5193 2148 5254 omnis
2191 5194 2437 5272 generis
2489 5209 2744 5253 casuum
2797 5189 3070 5270 injurias
3119 5187 3353 5261 liceret,
3385 5189 3688 5251 hodierna
3733 5253 3748 5265 κ

429 5277 704 5338 editione
735 5280 1125 5343 redderetur.
1159 5281 1261 5341 En
1292 5282 1445 5362 quid
1483 5283 1807 5359 voluerim,
1860 5307 1978 5368 quo
2023 5290 2302 5351 studium
2351 5296 2407 5349 et
2455 5296 2746 5348 conatum
2804 5285 3202 5346 intenderim.
3259 5285 3417 5350 Nam
3479 5288 3685 5366 reipsa

431 5375 583 5452 quid
613 5376 1005 5462 perfecerim,
1063 5395 1189 5436 non
1225 5396 1370 5438 mese
1403 5381 1816 5458 professionis
1845 5431 1859 5458 ,
1896 5395 2014 5447 tute
2042 5435 2055 5459 ,
2092 5385 2286 5447 lector
2312 5435 2325 5458 ,
2357 5386 2678 5446 sententia:
2719 5383 3004 5461 deﬁnitio
3037 5390 3149 5446 est.
3192 5383 3384 5460 Cujus
3438 5393 3508 5444 ut
3560 5404 3683 5443 non

433 5471 749 5534 eblandiri
775 5477 986 5553 gratia
1033 5477 1342 5554 favorem,
1402 5478 1492 5536 ita
1551 5497 1662 5538 nec
1696 5479 2023 5558 deprecari
2049 5483 2293 5564 abjecta
2346 5483 2711 5544 demissione
2741 5480 3132 5540 severitatem
3160 5497 3198 5558 _:
3247 5479 3440 5538 mu'to
3480 5493 3681 5541 autem

430 5568 636 5660 minus
665 5573 1016 5632 contumaci
1055 5572 1412 5650 pervicacia
1440 5573 1765 5652 refragari
1793 5595 2066 5638 censuris
2093 5578 2294 5638 velim.
2348 5579 2526 5638 Utere
2557 5588 2624 5638 ut
2663 5575 2811 5636 libet
2831 5576 2980 5655 jure
3009 5583 3190 5654 atque
3219 5574 3487 5637 arbitrio
3517 5581 3683 5656 quod

438 5662 556 5723 tibi
585 5683 718 5742 ego,
758 5666 850 5726 vel
877 5670 931 5726 si
961 5686 1087 5728 non
1134 5687 1249 5745 per
1275 5687 1336 5728 se
1367 5678 1741 5746 suppeteret,
1788 5673 1956 5734 ultro
1993 5674 2290 5753 largirer,
2327 5674 2643 5752 probandi
2696 5671 3312 5752 reprehendendique
3343 5675 3509 5752 quod
3577 5676 3678 5736 di-

432 5774 623 5833 gnum
659 5759 938 5824 duxeris.
971 5765 1272 5830 Paratum
1317 5784 1448 5826 ecce
1486 5783 1576 5826 me
1614 5767 1679 5826 iu
1709 5773 2014 5834 utrumvis
2047 5772 2257 5846 habes,
2311 5781 2364 5831 et
2395 5788 2771 5848 quocumque
2816 5767 2954 5828 alea
2992 5767 3268 5843 verterit,
3297 5775 3548 5850 proviso
3583 5793 3682 5834 rc-
