4104 6468
413 254 498 318 69
1556 263 1607 323 D
1670 264 2034 327 HfES'ClIEL

2085 268 2109 328 Ι
2171 270 2596 340 ΡΒιΈΡΛΤΙΟ.
3624 281 3700 345 '70

414 375 602 449 captu
634 370 1018 451 quieturum.
1057 375 1421 455 Grotiﬁcari
1438 378 1693 458 publico
1718 381 1910 456 volui,
1945 387 2179 447 servire
2217 392 2456 464 amicis,
2504 393 2759 474 obsequi
2811 394 2969 471 viris
2997 398 3243 477 magnis
3301 418 3321 459 :
3370 399 3696 463 voluntate

416 485 490 527 ac
521 465 645 545 ﬁde
690 470 926 546 optima
967 470 1035 531 in
1068 475 1316 551 negotio
1349 485 1632 535 versatus
1691 497 1847 538 sum.
1888 481 2005 542 llic
2028 502 2286 561 semper,
2346 496 2656 569 utcunque
2688 491 2814 550 alia
2857 492 3217 566 ceciderint,
3250 499 3696 558 conscientiam

416 564 797 626 sustentabit
833 568 1109 644 fructus.
1146 572 1292 631 Peto
1327 579 1556 643 tamen,
1586 573 1653 634 id
1680 575 1848 654 quod
1886 580 2201 657 cequitatis
2231 591 2318 641 est
2350 593 2490 654 ture,
2523 564 2596 642 ne
2622 588 2980 664 prcecipites
3038 564 3246 647 atrum
3278 590 3583 651 calculum
3612 595 3696 654 ad

416 664 705 742 quamvis
747 682 809 724 se
849 667 1125 742 primum
1180 668 1542 748 oﬂerentcm
1605 673 1867 749 speciem
1926 674 2137 753 culpae.
2189 677 2341 735 Fere
2385 697 2509 739 non
2555 682 2818 757 primas,
2883 701 2954 742 ac
2998 701 3071 742 ne
3103 686 3404 746 secundas
3442 690 3693 767 quidem

415 776 602 836 saepe,
630 778 785 838 quas
817 759 1004 839 vulgo
1035 761 1299 823 laudant
1334 811 1349 838 ,
1397 766 1809 844 cogitationes
1869 770 2101 830 charta:
2154 769 2330 831 illevi
2366 795 2386 841 ;
2434 784 2499 836 at
2536 794 2984 856 nonnunquam
3032 789 3289 857 quartas
3340 759 3690 861 quintasve.

420 857 601 917 Fieri
628 866 829 934 potest
872 868 939 919 ut
971 862 1136 939 quod
1163 861 1281 922 tibi
1304 864 1577 939 primum
1608 865 1964 927 advertenti
1986 869 2265 928 animum
2290 870 2353 928 in
2382 878 2643 930 mentem
2675 875 2947 945 venerit,
2980 892 3055 932 ne
3085 894 3178 934 me
3210 857 3460 955 quidem
3488 880 3694 957 ipsum.

415 952 702 1029 fugerit:
740 956 1029 1015 ueterum
1063 976 1171 1034 ego
1205 958 1362 1018 illud
1405 958 1593 1023 alteri
1620 963 1896 1023 nondum
1926 963 2045 1024 tibi
2069 966 2501 1026 animadverso
2544 967 3045 1045 posthabuerim;
3086 978 3143 1029 te
3193 952 3379 1048 paria
3427 952 3685 1051 facturo

416 1048 476 1107 si
504 1047 594 1107 ibi
639 1068 818 1121 esses,
853 1051 1208 1129 probatura
1254 1057 1406 1133 quin
1440 1057 1627 1115 etiam
1662 1056 1772 1119 ubi
1802 1062 2187 1137 cognoveris.
2238 1063 2622 1140 Cognoscere
2645 1074 2849 1123 autem
2868 1067 3108 1143 poteris
3136 1068 3415 1143 quadam
3443 1070 3687 1147 quidem

419 1162 448 1201 e
494 1144 842 1215 Glossario,
878 1145 1060 1225 longe
1088 1147 1278 1226 plura
1322 1169 1349 1207 e
1395 1150 1614 1218 Notis;
1664 1170 1931 1230 quorum
1956 1154 2113 1217 illud
2152 1171 2316 1217 nunc
2349 1158 2606 1225 damus;
2647 1159 2758 1219 has
2799 1163 3069 1221 retinere
3108 1162 3309 1223 adhuc
3354 1144 3636 1242 cogimur
3667 1213 3687 1240 ,

413 1243 609 1318 paulo
637 1254 778 1320 post
805 1262 941 1303 cum
982 1245 1102 1307 tibi
1141 1257 1324 1324 grato
1359 1247 1721 1327 publiceque
1753 1250 1900 1310 utili
1958 1256 2242 1315 auctario
2281 1255 2654 1315 reddendas.
2702 1257 2964 1335 Quando
3007 1258 3304 1318 nimirum
3349 1258 3543 1319 Anncv
3579 1279 3692 1322 no—

416 1354 584 1411 stris,
628 1359 811 1420 quam
855 1343 1037 1402 modo
1076 1343 1271 1402 solam
1314 1346 1649 1407 emittimus
1679 1366 1792 1409 sua
1839 1351 2027 1411 unius
2070 1360 2357 1414 ornatam
2402 1353 2746 1430 majestate,
2792 1354 3155 1413 comitatum
3197 1355 3499 1415 addemus
3537 1373 3688 1434 pro-

412 1454 654 1514 pnum.
688 1440 864 1517 justo
915 1438 1089 1500 brevi
1132 1441 1366 1501 edendo
1413 1441 1748 1517 volumine,
1781 1463 1900 1525 quo
1948 1447 2294 1509 Ccesarissa:
2340 1448 2611 1523 primum
2653 1449 3021 1527 vitaipsius
3074 1468 3102 1509 e
3149 1449 3463 1511 veteribus
3505 1451 3691 1512 colle-

414 1546 520 1594 cta
550 1538 961 1597 monumentis
990 1537 1404 1598 exhibebitur.
1439 1538 1651 1600 Alexii
1680 1541 1901 1602 deinde
1931 1543 2200 1622 Augusti
2232 1546 2679 1624 Pa'negyricus,
2712 1548 2838 1624 ipsi
2880 1564 3090 1606 coram
3134 1566 3173 1606 a
3222 1549 3680 1627 Theophylacto

415 1631 649 1702 dictus,
682 1632 1012 1695 Aleziadis
1065 1636 1257 1694 totius
1325 1634 1572 1714 elegans
1638 1639 2065 1715 compendium
2096 1689 2110 1715 ,
2152 1641 2440 1702 addetur.
2498 1642 2886 1722 Subjicietur
2914 1643 3159 1704 Abucus
3204 1645 3687 1725 chronologicus

410 1737 588 1787 certo
633 1730 923 1807 digerens
954 1730 1175 1791 ordine
1214 1750 1312 1792 res
1347 1751 1554 1793 omnes
1593 1734 1945 1812 quindecim
1973 1735 2319 1797 Alexiados
2351 1737 2533 1798 libris
2579 1739 2909 1815 expositas.
2964 1740 3284 1801 Postremo
3330 1740 3517 1801 iidem
3558 1743 3686 1819 ipsi

412 1824 575 1886 libri
601 1827 975 1905 quindecim,
1003 1831 1242 1907 partim
1286 1831 1565 1893 universi
1604 1832 2089 1894 recensebuntur
2118 1850 2228 1909 ope
2262 1830 2493 1892 codicis
2525 1833 2771 1909 optimi,
2815 1834 2992 1912 cujus
3029 1836 3450 1897 recwtissime
3499 1835 3681 1897 nobis

412 1920 751 1999 inopinata
778 1931 1089 1983 ostentata
1119 1943 1257 2002 spes
1289 1934 1379 1986 est
1410 1945 1427 1983 :
1456 1926 1691 2004 partim
1730 1928 1796 1987 in
1821 1927 1973 1990 locis
2003 1928 2491 1995 obscurioribus,
2530 1928 2860 1993 collatione
2940 1930 3211 1991 aliorum
3265 1935 3681 2011 scriptorum,

410 2025 470 2075 et
501 2026 731 2079 cetera
761 2019 888 2100 ejus
921 2023 1171 2100 generis
1210 2024 1631 2094 accuratione,
1668 2040 1786 2099 pro
1816 2034 2034 2103 captus
2064 2047 2133 2087 ac
2164 2026 2749 2115 tcnuitalisqnostra!
2773 2017 3023 2089 modulo
3055 2028 3566 2091 illustrabuntur.

1361 2408 1568 2470 VIRIS
1615 2412 2022 2473 NOBILIBUS
2052 2414 2145 2472 ET
2190 2411 2693 2472 ILLUSTRIBUS

405 2538 636 2599 Maneo
668 2533 978 2607 Vmano,
1006 2549 1205 2596 sacra)
1230 2536 1381 2597 Caes.
1413 2538 1491 2598 M.
1525 2554 1560 2598 a
1592 2537 1901 2611 Consiliis,
1933 2540 2161 2598 Joanm
2187 2539 2424 2599 Jacono
2446 2540 2823 2613 Rsueowo,
2854 2542 3019 2617 ,Aug.
3040 2538 3291 2601 Vindel.
3314 2540 3676 2605 Duumviris

586 2728 595 2735 η
657 2657 980 2732 Prmfect.,
1034 2658 1627 2739 Septemvirumque
1664 2659 1969 2738 Collegio,
2000 2659 2279 2725 Dominis
2311 2677 2382 2723 ac
2417 2661 2703 2727 Petronis
2740 2662 2823 2742 pl.
2859 2661 3268 2725 observandis
3298 2667 3361 2724 S.
3393 2664 3462 2725 P.

490 2851 671 2924 Quod
703 2845 1095 2910 Democritus
1125 2845 1451 2908 Abderites
1482 2845 1829 2926 Optandum
1861 2846 2130 2920 censuit,
2165 2836 2279 2907 eas
2308 2853 2377 2909 ut
2408 2847 2719 2926 imagines
2760 2846 3093 2909 hominum
3142 2848 3271 2910 sive
3306 2849 3508 2912 oculis
3539 2851 3674 2915 sive

403 2946 643 3010 an‘mis
670 2945 1188 3013 obversarentur,
1228 2959 1370 3023 quae
1433 2943 1678 3004 virtutis
1731 2950 1793 3004 et
1827 2942 2142 3005 commodi
2201 2942 2415 3022 potius
2445 2943 2736 3022 alicujus,
2771 2962 2957 3021 quam
2995 2945 3125 3005 vitii
3186 2951 3376 3024 atque
3430 2948 3675 3008 incom-

405 3044 585 3108 modi
632 3042 1017 3104 administraa
1068 3037 1222 3119 ipsis
1259 3045 1491 3111 essent,
1551 3039 1612 3099 in
1682 3056 1758 3100 eo
1796 3039 2128 3101 ridiculum
2181 3046 2242 3099 et
2270 3040 2772 3118 superstitiosum
2807 3040 2984 3103 illum
3015 3039 3234 3115 fuisse,
3294 3058 3421 3102 non
3445 3041 3675 3122 injuria

404 3141 611 3203 dicas.
643 3138 734 3200 Ad
773 3139 913 3200 vita:
962 3135 1130 3199 enim
1187 3135 1491 3197 rationem
1517 3153 1963 3214 quamcunque
2002 3134 2394 3197 laudabiliter
2423 3136 2791 3211 ineundam,
2828 3135 2981 3198 nihil
3039 3137 3222 3197 nobis
3253 3154 3416 3217 Opus
3475 3146 3567 3200 est
3598 3150 3664 3218 τῇ

405 3236 532 3287 κατ’
574 3232 796 3285 εἴδωλον
818 3230 1093 3301 φαντασῖᾳ
1136 3227 1574 3299 Democritica,
1614 3244 1757 3288 cum
1809 3244 2026 3307 exemp

2053 3230 2099 3291 la
2144 3239 2291 3294 ante
2337 3232 2560 3294 oculos
2633 3232 2767 3294 viva
2839 3231 3129 3310 quotidie
3189 3243 3545 3308 versentur,
3593 3252 3674 3300 ex

400 3322 871 3404 iucundissima
929 3323 1119 3384 etiam
1155 3323 1557 3386 historiarum
1599 3325 1870 3387 lectione
1908 3343 2094 3403 quam
2130 3326 2400 3406 plurima
2447 3328 2572 3406 peti
2618 3328 2864 3408 possint
2896 3345 2910 3388 :
2942 3328 3113 3391 unde
3153 3329 3308 3407 quid
3342 3330 3668 3424 decorum,

412 3422 564 3500 quid
600 3420 1000 3494 indecerum,
1052 3420 1207 3501 quid
1231 3421 1458 3484 honori
1488 3430 1683 3501 atque
1732 3420 2189 3497 emolumento,
2230 3424 2381 3503 quid
2432 3423 2798 3502 ignominia)
2833 3440 2906 3485 ac
2938 3423 3323 3489 detrimento
3361 3420 3668 3502 futurum,

422 3518 801 3599 perspiciam
811 3535 861 3578 r.

1340 3657 1468 3721 Φεῦ,
1514 3657 1638 3725 φεῦ,
1672 3658 1723 3710 τι
1753 3658 1947 3711 τούτου
1986 3657 2178 3727 χάρμα
2214 3657 2403 3724 μεῐζσν
2437 3656 2503 3709 ἂν
2549 3655 2776 3722 λάϐοις;

1330 3747 1475 3816 Πρὸς
1504 3746 1886 3817 ἐπανόρθωσιν
1908 3746 2058 3817 nea»
2104 3743 2462 3814 ἐνεργότερον
2488 3761 2502 3810 ;

407 3894 475 3949 ut
510 3879 937 3964 pbiIOSOpbus
976 3878 1414 3942 Cheeronensis
1474 3877 1735 3958 pulchre
1790 3884 2127 3940 asseverat.
2180 3880 2271 3939 Ne
2323 3879 2624 3940 abeamus
2672 3876 2947 3955 longius,
3000 3876 3093 3939 vel
3143 3878 3209 3940 in
3269 3877 3369 3940 his
3421 3877 3671 3943 Alexia-

410 3986 461 4046 di
496 4004 527 4046 s
583 3983 723 4044 Vlll
770 3980 965 4050 libris,
998 3979 1185 4041 modo
1216 3979 1279 4040 in
1317 3978 1520 4040 lucem
1555 3994 1716 4058 quos
1760 3976 2027 4050 edimus,
2079 3981 2235 4053 quot
2267 3981 2607 4036 occurrunt
2639 3973 2908 4047 virtutis,
2941 3980 3097 4053 quot
3123 3974 3415 4037 vitiorum
3448 3992 3669 4040 exem-

407 4080 549 4159 pla!
608 4081 741 4141 llos
784 4085 1015 4141 autem.
1057 4075 1166 4138 viri
1218 4074 1622 4145 nobilissimi,
1656 4077 1723 4134 A.
1756 4074 1825 4133 V.
1860 4090 1975 4134 cur
2028 4069 2347 4143 dedicem,
2409 4070 2563 4131 satis
2619 4085 2825 4130 causa)
2883 4069 2979 4130 vel
3037 4069 3160 4135 hoc
3193 4086 3335 4132 esse
3371 4071 3667 4146 arbitror,

404 4179 581 4256 rgum]
616 4176 697 4237 ab
728 4174 909 4235 annuis
978 4171 1439 4251 quinquaginta
1469 4171 1722 4232 illorum
1787 4168 1981 4230 editio
2046 4167 2307 4232 aliunde
2365 4172 2726 4246 exspectata
2783 4164 2900 4228 fuit
2929 4166 3181 4240 frustra,
3241 4167 3508 4230 ndoctis
3538 4185 3669 4234 non

403 4274 606 4336 Semel
636 4271 905 4350 expetita
940 4285 953 4329 :
994 4285 1161 4334 nunc
1207 4285 1241 4330 e
1282 4275 1489 4330 vestra
1559 4263 1946 4327 bibliotheca
2002 4262 2161 4325 eruti
2199 4261 2316 4334 illi,
2369 4262 2530 4341 juris
2582 4261 2819 4340 publici
2871 4262 3052 4325 ﬁunt.
3109 4265 3180 4323 In
3230 4262 3464 4341 quibus
3518 4280 3666 4342 par-

406 4375 521 4431 tim
563 4370 794 4433 menda
825 4364 1061 4427 librarii
1105 4364 1410 4434 tollendo,
1444 4363 1667 4443 partim
1729 4361 1982 4424 lacunas
2044 4358 2384 4440 explenda,
2444 4375 2896 4438 nonnusquam
2954 4359 3142 4423 etiam
3185 4359 3350 4421 notis
3378 4359 3669 4441 quaedam

408 4465 808 4535 i.tustrando,
843 4471 1147 4543 quantum
1202 4460 1443 4537 ingenii
1496 4458 1772 4520 tenuitas
1840 4464 1934 4518 est
1978 4471 2183 4560 passa,
2229 4453 2687 4560 temporisque
2759 4453 3076 4560 angustia,
3154 4452 3670 4560 si'quodorieraa

410 4565 686 4642 pretium
743 4558 1012 4621 candide
1047 4556 1421 4637 judicaturis
1477 4555 1739 4616 videbor
1795 4552 2044 4625 fecisse,
2105 4550 2335 4612 laboris
2397 4566 2526 4611 non
2582 4550 2822 4629 absque
2867 4551 3077 4626 magni
3134 4550 3248 4610 viri
3296 4550 3670 4620 auctoritate

406 4658 688 4738 suscepti
720 4657 931 4717 minus
993 4671 1093 4716 me
1130 4652 1509 4733 paenitebit;
1567 4658 1627 4711 et
1656 4649 1732 4711 ad
1772 4650 1929 4711 alios
1965 4648 2305 4727 scriptorcs
2364 4647 2456 4707 vel
2503 4646 2808 4724 integrius
2843 4653 3033 4727 atque
3086 4647 3508 4721 emendatius,
3569 4647 3664 4714 vel

405 4757 599 4817 etiam
631 4770 827 4815 novos
858 4768 940 4813 ex
980 4752 1200 4812 eadem
1236 4758 1434 4812 vestra
1474 4749 1663 4809 illust.
1696 4747 1848 4808 bibl.
1891 4745 2309 4826 publicandos
2349 4742 2594 4805 facﬂius
2624 4743 2957 4804 invitabor.
2991 4744 3156 4805 Deus
3188 4744 3331 4822 Opt.
3365 4746 3443 4805 M.
3493 4747 3550 4807 Α.
3588 4745 3667 4809 V.

402 4855 588 4934 cujus
637 4850 934 4933 auspicio
969 4854 1031 4909 et
1069 4847 1435 4909 liberalitate
1479 4845 1800 4908 laboribus
1844 4844 1904 4904 id
1970 4859 2170 4922 genus
2220 4856 2442 4903 vacare
2499 4855 2783 4923 possum,
2844 4839 3174 4907 ﬂorentem
3206 4847 3394 4921 atque
3425 4837 3669 4905 incoluv

402 4968 567 5015 mem
604 4967 797 5032 quam
828 4945 1192 5010 diutissime
1224 4950 1580 5008 conservet.

625 5114 941 5192 Augustae
974 5102 1166 5169 Vind.
1200 5100 1400 5187 pridie
1432 5100 1592 5160 Non.
1635 5095 1985 5177 Septembr.

968 5226 1040 5285 A.
1073 5221 1136 5282 S.
1175 5222 1241 5282 Ν.
1273 5220 1498 5281 MDCX.

2719 5315 2787 5371 A.
2876 5312 2946 5373 V.
3035 5312 3103 5372 Ο.

2527 5407 2723 5469 Dawn
2783 5409 3240 5470 Honscnmws.
3289 5413 3355 5474 Α.
