4104 6412
490 290 562 358 ’11
1067 300 1077 309 ‘
1683 276 2111 342 LATINORUI

2137 277 2147 338 l
2178 271 2650 337 TESTIMONIA
3682 269 3758 337 τι

503 424 3716 467 MM”...—

1692 593 1842 684 AD
1926 588 2607 683 LECTOBEM.

584 947 692 1007 Ea:
718 943 1076 1024 quindecim
1105 940 1300 1003 Annia
1340 940 1664 1001 Comnenw
1690 934 2307 1014 Porphyrogennetce
2336 927 2667 991 Alexiadis
2697 925 2905 1024 libris,
2948 943 3100 1006 quos
3153 922 3497 986 illustrium
3533 923 3762 986 biblio-

509 1022 834 1102 thecarum
859 1038 1146 1116 Catalogi
1189 1036 1428 1099 dudum
1468 1036 1745 1114 jactant,
1791 1040 1927 1093 octo
1971 1030 2072 1092 hic
2108 1028 2330 1089 damus
2365 1035 2666 1104 perpetuo
2703 1024 2836 1102 fere
2869 1022 3198 1083 lacunatos
3230 1040 3250 1079 :
3289 1031 3435 1100 quot
3464 1031 3519 1081 et
3553 1024 3763 1101 quales

505 1139 810 1198 nimirum
850 1155 929 1195 ea:
961 1136 1328 1212 Augustano
1374 1128 1773 1209 autographa
1809 1134 2261 1205 repraesentare
2294 1122 2496 1183 licuit.
2546 1121 2764 1182 Satius
2795 1120 2959 1180 enim
2985 1119 3185 1179 visum
3213 1135 3344 1177 rem
3383 1119 3765 1178 litterariam

507 1233 689 1294 nobis
720 1234 882 1292 hunc
920 1231 1233 1291 semissem
1263 1245 1430 1287 nunc
1461 1226 1711 1306 quidem
1742 1222 1985 1291 debere,
2015 1239 2199 1301 quam
2234 1226 2364 1279 toto
2392 1225 2691 1278 ceternum
2720 1232 2956 1276 carere.
2989 1214 3422 1293 Integriorum
3464 1224 3518 1274 et
3558 1214 3768 1275 melio-

508 1348 649 1389 rum
684 1324 1424 1405 exemplarium’domini,
1465 1323 1713 1382 utinam
1745 1318 2052 1380 invidiam
2086 1334 2214 1378 non
2255 1317 2492 1394 ferant,
2526 1322 2584 1373 et
2634 1313 2976 1375 luminibus
3021 1315 3259 1372 nostris
3307 1314 3769 1395 quamprimum

511 1425 865 1486 obstruant.
907 1423 1502 1495 Pra'stantissimum
1534 1417 1805 1480 Fabrum
1828 1416 2089 1493 Regium
2126 1411 2358 1473 Tolosa:
2382 1418 2732 1475 senatorem
2757 1409 3129 1471 nominatim
3158 1407 3568 1487 appellamus,
3600 1410 3771 1488 apud

511 1540 690 1602 quem
725 1520 938 1596 magni
969 1519 1218 1597 Cujacii
1250 1517 1526 1577 codicem
1555 1523 1803 1575 exstare
1835 1513 2038 1574 aiunt.

588 1620 790 1680 Porro
824 1617 1019 1676 Annia
1052 1614 1200 1693 ﬁdei
1235 1611 1585 1692 periculum
1615 1613 1684 1671 in
1713 1628 1807 1670 me
1836 1627 1965 1669 non
1991 1608 2254 1686 recipio.
2287 1604 2553 1668 Memini
2577 1602 2747 1683 apud
2788 1605 3120 1683 Vopiscum
3180 1604 3408 1683 legere,
3443 1605 3771 1669 neminem

510 1714 919 1790 scriptorum,
949 1719 1254 1789 quantum
1288 1710 1362 1771 ad
1393 1708 1713 1770 historiam
1748 1706 2048 1786 pertinet,
2081 1720 2210 1766 non
2247 1703 2483 1781 aliquid
2523 1719 2659 1763 esse
2691 1701 3023 1762 mentitum
3053 1717 3070 1775 ;
3105 1719 3241 1761 cum
3266 1704 3773 1764 contentionibus

511 1809 829 1871 incaluere
882 1810 1102 1879 admi,
1151 1804 1413 1885 difﬁcile
1456 1806 1778 1866 ceritatem
1825 1811 1994 1863 recto
2040 1800 2217 1861 oculo
2243 1808 2522 1872 tuentur,
2569 1806 2627 1858 et
2670 1799 2783 1858 vix
2823 1804 2910 1857 est
2948 1797 3103 1876 quin
3147 1796 3392 1877 aliquid
3430 1799 3656 1876 patriae
3711 1807 3772 1860 et

504 1906 909 1984 propinquis,
957 1906 1124 1964 inter
1156 1922 1309 1982 quos
1338 1907 1522 1981 pater
1558 1902 1767 1978 primo
1805 1896 1964 1969 loco,
2006 1896 2371 1970 concedant,
2411 1898 2468 1956 si
2502 1894 2854 1975 prirsertim
2906 1893 3155 1972 femina:
3198 1912 3419 1954 manus
3465 1894 3773 1956 calamum

511 2001 719 2061 ducat.
747 2003 868 2065 Hic
899 2009 989 2063 est
1020 2000 1505 2078 fadissimorum
1532 1997 1957 2059 conviciorum
1985 1995 2155 2074 fons,
2175 1991 2399 2073 quibus
2426 1992 2610 2052 Anna
2635 1989 2952 2050 interdum
2973 1988 3365 2055 muliebriter
3393 1992 3459 2051 in
3490 1993 3769 2066 Latinos,

505 2100 867 2177 pontiﬁcem
897 2098 1177 2177 aliosque
1207 2095 1528 2174 principes
1562 2092 1871 2172 indulget.
1914 2090 2226 2155 Cardatus
2261 2086 2456 2147 lector
2482 2085 2816 2146 historiam
2843 2085 2974 2145 suis
3013 2090 3359 2158 momentis,
3391 2105 3517 2146 non
3549 2098 3769 2147 aucto-

511 2213 653 2257 rum
687 2194 1016 2274 affectibus
1057 2193 1406 2272 penderet:
1450 2192 1732 2251 Tacitum
1770 2198 1825 2249 et
1856 2187 2224 2250 Suetonium
2265 2184 2565 2245 adversus
2597 2180 2920 2245 Christum
2957 2190 3014 2242 et
3069 2182 3465 2244 Christianos
3499 2185 3771 2264 injurias

512 2289 807 2351 manibus
849 2298 1056 2349 tamen
1115 2287 1327 2347 excuti
1378 2304 1506 2345 non.
1546 2287 1850 2362 patimur.
1886 2284 2021 2360 Quo
2053 2280 2273 2342 ordine
2303 2279 2474 2359 apud
2508 2279 2889 2357 posteriores
2935 2278 3181 2341 Graecas
3218 2281 3487 2341 Romani
3535 2300 3765 2354 omnes,

512 2385 771 2453 rcimus;
802 2386 982 2444 Anna
1010 2394 1314 2461 praeterea
1346 2383 1643 2459 proprias
1663 2401 1726 2441 se
1759 2381 1893 2443 odii
1934 2398 2156 2441 causas
2174 2377 2400 2440 habere
2430 2374 2860 2448 existimabat,
2893 2376 3062 2457 quod
3092 2376 3436 2455 Gregorius
3470 2379 3771 2456 ponti/ea:

512 2484 887 2541 acerrimum
926 2479 1136 2541 Alexii
1170 2478 1403 2543 hostem
1436 2477 1768 2543 Robertum
1809 2475 2249 2545 Guiscardum,
2272 2485 2517 2552 patrem
2540 2471 2910 2545 Boemundi,
2955 2490 3132 2551 quem
3156 2470 3264 2534 illa
3293 2474 3475 2533 etiam
3505 2476 3769 2555 miriﬁce

513 2579 863 2639 insectatur
914 2588 972 2638 et
1025 2578 1334 2656 exagitat,
1369 2578 1437 2638 in
1485 2576 1830 2636 amicitiam
1866 2581 2207 2651 receperat.
2254 2570 2587 2631 Bertoldus
2620 2569 3146 2638 Constantiensis,
3197 2590 3361 2630 anno
3402 2570 3579 2647 1081i,
3644 2573 3771 2635 hcec

515 2673 747 2735 habet:
780 2674 893 2735 His
937 2674 1334 2752 temporibus
1377 2670 2106 2749 Constantinoieolitanus
2139 2669 2471 2731 maximam
2528 2669 2867 2748 pecuniam
2920 2669 3219 2730 Heinrico
3252 2671 3572 2749 quondam
3634 2674 3769 2751 regi

516 2772 884 2844 transmisit,
928 2778 996 2830 ut
1032 2771 1473 2831 Ruodberlum
1530 2770 1945 2840 Wiseardum,
1981 2766 2208 2828 ducem
2254 2765 2554 2828 Calabriae
2607 2774 2666 2827 et
2710 2766 2989 2844 Apuliae,
3047 2767 3442 2845 conjuratum
3500 2769 3769 2834 militem

515 2866 756 2928 domini
810 2885 1009 2955 papae,
1053 2868 1117 2928 in
1173 2867 1478 2928 ultionem
1525 2857 1806 2951 ejusdem
1855 2864 2021 2947 regis
2069 2861 2238 2924 bello
2286 2869 2636 2949 appeteret.
2701 2864 2855 2925 Nam
2930 2863 3333 2932 lluodbertus
3393 2864 3776 2947 jamdudum

517 2962 676 3022 ﬁnes
712 2963 1550 3042 ConstantinOpolitanot-um
1612 2961 1861 3029 invasit,
1893 2960 2255 3040 iterumque
2285 2959 2436 3020 illud
2465 2958 2942 3043 expeditionem
2974 2977 3227 3021 movere
3260 2960 3571 3039 disitosuit
3607 2984 3619 3025 :
3653 2965 3769 3026 sed

519 3057 859 3125 Heinricus
887 3067 1211 3145 acceptam
1274 3058 1628 3134 pecuniam,
1674 3075 1799 3118 non
1846 3055 1909 3118 in
1963 3055 2364 3136 procinctum
2418 3063 2639 3117 contra
2684 3055 3147 3129 Ruodbertum,
3203 3059 3371 3143 quod
3406 3061 3778 3149 jurainentp

515 3155 830 3234 promisit,
863 3156 975 3215 sed
1013 3140 1091 3217 ad
1122 3155 1589 3218 conciliandum
1617 3153 1735 3215 sibi
1772 3152 1996 3231 vulgus
2027 3155 2459 3213 Romanorum
2505 3152 2838 3232 impendit.
2879 3151 3034 3213 Cum
3077 3140 3328 3213 Urbano
3363 3153 3587 3219 deinde
3608 3140 3778 3235 pon-

514 3252 678 3328 tiﬁce
723 3251 982 3313 Alexius
1035 3254 1102 3312 in
1131 3254 1404 3330 gratiam
1429 3252 1621 3311 rediit
1665 3269 1829 3310 anno
1873 3249 2049 3322 1089,
2084 3258 2153 3310 ut
2193 3248 2359 3308 idem
2401 3246 2736 3313 Bcrtoldus
2782 3246 2989 3307 habet.
3024 3247 3328 3315 Dominus
3387 3268 3548 3330 papa
3598 3256 3768 3321 Con-

517 3344 1274 3424 stantinOpolitanumab
1327 3344 1981 3409 exeommunicatione
2037 3362 2151 3425 per
2202 3344 2443 3422 legatos
2491 3362 2645 3406 suos
2688 3344 2954 3407 absolvit
3003 3364 3017 3406 :
3085 3345 3255 3423 Quin
3311 3365 3388 3414 ea;
3445 3346 3779 3413 Casinensi

519 3440 753 3501 Chron.
788 3458 874 3514 1v,
919 3460 970 3501 c.
1007 3440 1104 3514 48,
1139 3442 1512 3521 colligimus,
1549 3460 1685 3501 eum
1717 3441 2110 3521 postmodum
2145 3440 2499 3503 Occidentis
2532 3443 2861 3522 imperium
2893 3461 2931 3502 α
2965 3442 3260 3504 Paschali
3304 3456 3480 3523 pont.
3518 3465 3780 3522 sperare

515 3554 756 3598 ausum.
793 3538 1046 3599 Alexius
1081 3539 1428 3618 imperator
1456 3539 1928 3600 strenuissimos
1958 3557 2032 3600 ex
2056 3554 2172 3598 suo
2203 3537 2472 3617 imperio
2510 3539 2675 3601 viros
2702 3541 2968 3602 Romam
2993 3558 3135 3603 cum
3170 3540 3298 3603 suis
3332 3542 3550 3604 litteris
3584 3544 3778 3621 misit,

516 3635 755 3712 quibus
795 3653 863 3696 se
895 3637 1192 3713 injuriam
1226 3637 1305 3697 ab
1356 3637 1743 3716 imperatore
1776 3637 2007 3698 illatam
2052 3636 2333 3714 pontiﬁci
2383 3642 2573 3715 atque
2609 3638 2933 3709 Romanis,
2969 3637 3259 3699 dolenter
3292 3638 3546 3700 audisse
3582 3641 3783 3718 signi-

518 3731 738 3800 ﬁcans,
773 3734 996 3809 agebat
1027 3734 1432 3812 postmodum
1485 3734 1737 3810 gratias,
1765 3749 2006 3812 eosque
2038 3724 2353 3793 landabat'
2375 3733 2548 3811 quod
2582 3734 2844 3795 viriliter
2873 3734 2963 3795 illi
2997 3735 3411 3797 obstitissent.
3451 3740 3652 3814 Atque
3690 3738 3783 3799 ob

514 3825 604 3897 id,
630 3827 679 3886 si
714 3826 968 3888 illorum
1008 3829 1258 3895 animos
1291 3835 1545 3907 paratos
1575 3838 2037 3908 promptasque
2082 3829 2384 3893 sensisset
2424 3831 2514 3908 (ut
2558 3830 2677 3896 sibi
2719 3829 3093 3909 jamdudum
3159 3833 3509 3897 nuntiatum
3543 3833 3779 3912 fuerat)

525 3922 684 3982 velle
733 3923 826 3983 vel
863 3941 953 3992 se,
997 3924 1092 3983 vel
1126 3926 1433 3986 Joannem
1467 3942 1673 3995 suum,
1711 3925 1889 4004 juxta
1925 3940 2167 3987 morem
2201 3924 2558 4004 priscorum
2608 3925 2887 3989 ﬁdelium
2942 3928 3422 4006 imperatorum,
3454 3946 3488 3989 a
3524 3946 3783 3992 summo

520 4016 825 4097 pontiﬁce
866 4020 1084 4079 Romae
1114 4035 1414 4082 coronam
1463 4020 1711 4098 imperii
1756 4037 2034 4081 sumere.
2081 4021 2304 4082 Verum
2354 4039 2420 4080 eo
2448 4022 2809 4091 redeamus;
2858 4032 2927 4083 ut
2982 4025 3178 4089 Anna:
3205 4025 3386 4105 ﬁdem
3436 4027 3504 4085 in
3534 4027 3613 4105 iis
3643 4046 3784 4105 qua:

520 4123 744 4173 contra
798 4121 1049 4179 nostros
1104 4115 1347 4193 scripta
1399 4115 1679 4195 reliquit,
1718 4126 2017 4195 prwstare
2066 4134 2189 4175 non
2233 4114 2423 4185 lubet,
2479 4119 2568 4181 ita
2631 4130 2689 4178 et
2739 4138 2951 4179 eorum
3022 4139 3155 4200 qua
3214 4124 3418 4183 nostri
3474 4122 3779 4189 adcersus

517 4206 813 4269 Alexium
848 4209 1032 4288 pleno
1064 4209 1287 4271 horreo
1315 4213 1582 4272 remensi
1611 4222 1780 4280 sunt,
1821 4213 2260 4273 auctoritatem
2311 4214 2668 4294 de/ugimus
2704 4236 2724 4276 :
2770 4234 2913 4276 nam
2944 4217 3207 4295 largiter
3240 4200 3399 4279 hanc
3450 4220 3782 4281 (Tomnenw

520 4312 790 4366 retulere
817 4307 1114 4389 gratiam,
1153 4307 1321 4389 quod
1342 4310 1666 4390 sequentia
1697 4308 1940 4389 aliquot
1960 4306 2098 4369 loca
2127 4307 2434 4371 docebunt
2461 4332 2481 4380 ;
2515 4309 2770 4392 longum
2808 4314 3010 4374 visum
3041 4314 3251 4373 omnia
3280 4317 3652 4377 exscribere.

1476 4734 2193 4827 LATINOBUM
2268 4736 2451 4825 ALl
2481 4737 2814 4846 QUOT

1268 4938 1382 5004 DE
1467 4936 1824 4997 ALEXIO
1912 4937 2361 5004 COMNENO
2458 4939 3070 5007 TESTIMONIA.

603 5258 977 5322 Guilielmus
1016 5262 1243 5340 Tyrius
1275 5260 1359 5320 De
1399 5257 1554 5321 bello
1582 5278 1759 5321 sacro
1813 5257 1924 5319 lib.
1961 5276 2032 5334 Il,
2066 5255 2278 5347 cap/5
2335 5258 2607 5335 Eraterat
2640 5263 2850 5321 autem
2886 5277 3000 5340 per
3028 5260 3089 5322 id
3122 5270 3378 5335 tempus
3413 5264 3778 5330 Graecorum

518 5354 790 5436 imperio
822 5357 915 5423 vir
948 5374 1216 5437 nequam
1268 5364 1331 5418 et
1359 5356 1688 5427 subdolus,
1726 5355 1981 5418 Alexius
2017 5357 2298 5428 nomine,
2349 5357 2736 5435 cognomine
2778 5359 3069 5421 Comutio
3103 5359 3503 5444 (Comnenus)
3545 5365 3778 5430 dictus.

474 5498 499 5519 κ
522 5455 633 5525 Qui
662 5472 804 5517 eum
843 5462 1009 5518 esset
1045 5455 1109 5516 in
1142 5453 1454 5534 imperiali
1490 5453 1724 5534 palatio
1749 5470 1781 5516 a
1809 5453 2069 5517 domino
2111 5453 2496 5530 Nicephoro,
2530 5466 2956 5536 cognomento
2989 5458 3364 5524 Bothomath
3400 5463 3781 5547 (Bolaniate)

524 5552 632 5628 qui
665 5563 816 5615 tunc
849 5554 910 5614 in
947 5554 1215 5634 sceptris
1257 5569 1453 5632 agens
1483 5552 1984 5632 principabatur,
2024 5552 2361 5630 plurimum
2400 5551 2773 5628 honoratus,
2813 5562 2874 5618 et
2919 5557 3439 5634 megadomestici
3475 5562 3781 5640 dignitate

527 5648 744 5726 ('{Uem
776 5666 892 5713 nos
928 5651 1231 5731 majorem
1264 5648 1686 5715 senescallum
1725 5648 2047 5735 appellare
2095 5652 2565 5735 consuevimus)
2596 5652 2970 5733 fungeretur
3005 5655 3239 5734 ofﬁcio,
3272 5662 3350 5724 ab
3397 5664 3782 5738 imperatore
