4104 6410
313 369 384 431 ’ῖ3
1537 364 1633 425 DE
1678 360 1934 423 ΑιΕΧΙ(

1992 354 2390 423 ΪΟΟΜΝΕΝΟ.
3519 363 3548 423 7
3561 364 3591 426 4

322 479 666 558 secundus,
696 488 924 546 contra
954 482 1286 544 dominum
1339 487 1401 542 et
1430 480 1902 543 benefactorem
1934 494 2120 540 suum
2170 475 2488 537 malitiose
2523 474 2951 549 recalcitrans,
3002 474 3224 555 quinto
3265 473 3357 535 vel
3415 483 3592 538 sexto

324 603 496 647 anno
525 593 869 661 antequam
910 580 1194 660 populus
1225 584 1440 640 noster
1472 582 1826 650 accederet,
1864 572 2134 656 depulso
2169 571 2431 632 domino
2469 571 2806 652 imperium
2858 572 3193 645 invaserat,
3228 577 3288 632 et
3321 574 3594 635 retinere

328 683 750 765 praesumebat
779 678 960 758 quod
1007 676 1313 739 violenter
1341 681 1783 754 occupaverat.
1818 708 1889 718 --
1922 676 2065 737 CAP.
2106 673 2204 733 10.
2240 673 2396 733 Dum
2429 690 2576 735 vero
2608 672 2745 736 haec
2776 672 2840 734 in
2871 672 3092 734 castris
3123 679 3419 751 aguntur,
3445 692 3594 737 ecce

324 781 589 842 domino
625 774 973 838 Boamundi
1002 773 1258 835 nuntius
1288 788 1570 851 praesens
1607 778 1753 832 ante
1786 772 2011 835 ducem
2044 772 2257 845 astitit,
2294 772 2577 852 praedicti
2648 774 2955 853 principis
3006 773 3244 837 litteras
3294 774 3595 838 deferens

323 880 395 941 in
425 878 564 939 haec
594 876 782 937 verba
817 892 833 934 :
865 872 1155 941 Noveris,
1186 871 1461 931 virorum
1494 869 1759 948 Optime,
1795 874 1966 947 quod
2008 871 2120 931 tibi
2154 880 2375 932 contra
2412 870 2613 932 feram
2664 873 3002 951 pessimam
3045 878 3106 933 et
3154 890 3299 934 cum
3332 871 3592 935 homine

324 991 601 1055 nequam
638 969 907 1051 (Alexio)
942 966 1250 1029 incumbit
1284 965 1606 1043 negotium
1650 982 1663 1025 :
1710 966 1891 1044 cujus
1923 967 2325 1046 pr0positum
2370 974 2465 1030 est
2503 985 2759 1048 semper
2792 968 3040 1043 fallere,
3078 975 3141 1030 et
3189 986 3443 1031 omnem
3484 973 3596 1030 La-

322 1080 604 1140 tinorum
644 1074 965 1134 nationem
1003 1084 1209 1149 usque
1248 1066 1325 1127 ad
1375 1072 1646 1127 mortem
1679 1066 1886 1128 modis
1923 1067 2223 1129 omnibus
2263 1069 2564 1148 persequi
2603 1092 2616 1130 :
2669 1076 2728 1130 et
2778 1071 2952 1149 quod
3002 1070 3080 1131 de
3118 1087 3194 1132 eo
3236 1079 3405 1134 recte
3454 1090 3598 1133 sen-

325 1175 509 1241 tiam,
543 1178 651 1230 tuo
686 1164 1033 1245 aliquando
1063 1160 1518 1242 approbabitur
1548 1159 1817 1237 judicio,
1852 1161 1995 1221 novi
2042 1164 2211 1225 enim
2242 1166 2608 1227 Graecorum
2638 1167 2967 1236 malitiam,
3006 1173 3069 1229 et
3106 1166 3324 1228 odium
3354 1168 3584 1230 adver-

324 1286 436 1331 sus
497 1266 859 1328 Latinorum
926 1275 1163 1321 nomen
1227 1257 1518 1335 pertinax
1567 1267 1628 1318 et
1658 1257 2066 1320 obstinatum.
2124 1295 2189 1305 -—
2246 1263 2390 1323 CAP.
2456 1261 2549 1323 13.
2598 1264 3045 1325 Verumtamen
3101 1262 3263 1324 sicut
3310 1265 3402 1325 vir
3460 1274 3594 1327 erat

324 1366 638 1449 (Alexim)
670 1360 998 1431 subdolus,
1036 1364 1263 1437 potens
1291 1354 1591 1417 simulare
1616 1362 1678 1416 et
1711 1354 2111 1417 dissimulare
2150 1357 2574 1436 propositum,
2616 1358 2825 1420 missis
2858 1359 3240 1439 quibusdam
3272 1360 3593 1423 nobilibus

322 1483 406 1527 ex
436 1463 574 1525 suis
603 1456 967 1522 domesticis
996 1456 1075 1516 ad
1109 1452 1405 1515 eumdem
1456 1452 1655 1512 virum
1690 1452 2039 1529 egregium,
2089 1454 2298 1513 veibis
2328 1454 2608 1531 paciﬁcis
2629 1455 2686 1515 ei
2727 1454 2978 1516 locutus
3012 1455 3198 1516 estin
3241 1455 3414 1528 dolo,
3446 1465 3590 1518 ten-

320 1573 468 1624 tans
497 1559 549 1621 si
576 1571 841 1638 quoquo
871 1552 1065 1614 modo
1107 1567 1252 1613 eum
1294 1556 1511 1629 posset
1542 1548 1865 1627 decipere.
1899 1583 1976 1594 -—
2007 1550 2153 1610 CAP.
2199 1549 2294 1611 14.
2331 1552 2447 1612 Hic
2486 1541 2739 1613 demum
2784 1552 3039 1630 plenius
3074 1553 3377 1627 innotuit,
3418 1557 3588 1634 quod

321 1657 643 1741 quidquid
678 1654 769 1716 eis
800 1653 1149 1730 imperator
1193 1645 1500 1725 (Alexim)
1534 1646 2145 1720 loquebatur,.i’raus
2181 1655 2313 1708 erat
2349 1656 2409 1708 et
2444 1649 2923 1711 rircumventio.
2953 1685 3027 1693 —
3062 1651 3204 1711 CAP.
3245 1650 3340 1712 19.
3374 1653 3590 1723 Quod-

322 1774 452 1837 que
488 1751 885 1834 principibus
924 1745 1270 1808 liberaliter
1299 1744 1656 1805 contulerat
1691 1742 1996 1821 (Alexim)
2021 1761 2139 1804 nec
2180 1744 2573 1807 liberalitatis
2604 1753 2739 1807 erat
2766 1763 2884 1807 nec
2917 1748 3156 1824 gratiae,
3204 1750 3311 1809 sed
3345 1750 3592 1823 timoris

321 1848 675 1932 desperati,
727 1855 788 1909 et
825 1842 1249 1907 fraudulentze
1292 1840 1609 1902 versutiae.
1647 1840 1887 1900 Nostris
1940 1846 2150 1901 autem
2190 1840 2253 1900 in
2307 1840 2711 1921 simplicitate
2757 1844 3018 1919 spiritus
3067 1854 3123 1906 et
3173 1847 3423 1907 sincera
3468 1847 3591 1907 ﬁde

317 1947 808 2016 incedentibus,
852 1944 953 2004 vix
986 1938 1354 2023 persuaderi
1392 1944 1642 2018 poterat
1672 1939 2032 1999 Graecorum
2068 1937 2327 2011 malitia,
2356 1945 2410 1999 et
2448 1956 2725 2019 nequam
2772 1940 3028 2003 illorum
3079 1943 3389 2023 principis
3419 1945 3592 2006 fraus

317 2057 381 2112 et
418 2042 879 2111 circumventio
917 2040 1233 2120 pertinax,
1267 2036 1540 2098 maxime
1577 2054 1721 2098 cum
1754 2052 1902 2113 erga
1935 2050 2047 2096 eos
2076 2041 2248 2095 tanta
2290 2034 2664 2098 liberalitate
2707 2045 2769 2097 et
2798 2038 3091 2101 simulata
3135 2040 3328 2118 gratia
3359 2041 3591 2102 redun-

318 2147 525 2209 daret.
558 2145 703 2203 ΟΜ».
739 2140 836 2201 20.
867 2140 1101 2218 Sicque
1130 2134 1413 2215 quotidie
1438 2132 1634 2211 magis
1661 2139 1721 2194 et
1751 2132 1945 2208 magis
1978 2133 2342 2193 Graecorum
2370 2132 2578 2206 dolus,
2610 2140 2671 2196 et
2700 2132 2872 2195 fraus
2902 2135 3303 2213 imperatoris
3328 2137 3585 2215 (Alexii)

321 2240 762 2320 detegebatur,
796 2236 883 2297 ita
923 2243 989 2295 ut
1012 2234 1141 2313 jam
1177 2247 1365 2292 nemo
1399 2238 1564 2293 esset
1601 2230 1678 2291 de
1716 2229 2118 2309 principibus
2158 2228 2259 2289 cui
2290 2245 2418 2290 non
2451 2236 2617 2290 esset
2662 2230 3094 2305 manifestum,
3130 2239 3191 2292 et
3223 2232 3363 2294 luce
3400 2236 3588 2295 meri-

316 2339 514 2401 diana
567 2335 820 2408 clarius,
873 2338 1113 2411 quanto
1144 2328 1292 2390 odio
1344 2328 1853 2407 prosequebatur
1900 2328 2207 2406 populum
2257 2337 2567 2403 nostrum,
2615 2338 2679 2391 et
2729 2348 2918 2394 omne
2969 2349 3171 2410 genus
3225 2333 3588 2396 Latinorum

318 2434 584 2497 haberet
606 2432 987 2493 invisum.—-
1018 2427 1160 2487 CAP.
1189 2423 1288 2485 21.
1321 2423 1632 2503 Quidquid
1666 2430 1875 2483 autem
1910 2423 2291 2503 loquebatur
2322 2425 2627 2505 (Διετίας)
2656 2427 2842 2490 dolus
2863 2436 2993 2490 erat
3023 2435 3081 2489 et
3105 2429 3583 2493 circumventio.

320 2565 399 2576 —
432 2533 565 2591 Lm.
604 2545 710 2600 νη,
746 2523 993 2588 up.20.
1029 2521 1304 2583 Fraudes
1335 2520 1505 2582 enim
1541 2520 1948 2599 imperatoris
1986 2521 2247 2600 (Almii)
2284 2530 2345 2585 et
2376 2524 2514 2603 ejus
2547 2525 2841 2594 versutia,
2882 2541 3039 2603 quas
3067 2525 3301 2604 saepius
3345 2533 3589 2606 experti

317 2630 600 2695 fuerunt.
629 2624 948 2687 declinare
987 2620 1356 2701 judicabant
1388 2617 1808 2688 commodius,
1844 2634 1923 2677 ne
1961 2617 2096 2698 ejus
2139 2619 2515 2699 labyrinthis
2570 2629 2632 2682 et
2689 2621 3058 2699 ambagibus
3115 2626 3342 2685 iterum
3376 2640 3444 2685 se
3476 2624 3591 2689 .in-

318 2728 647 2789 volverent
677 2720 965 2800 aquibus
1000 2734 1129 2779 non
1162 2718 1309 2777 satis
1340 2715 1523 2777 facile
1560 2714 1963 2791 postmodum
1995 2725 2258 2794 possent
2288 2717 2599 2793 expediri.
2637 2751 2711 2762 -——
2749 2719 2881 2779 Lm.
2916 2735 2985 2791 x,
3025 2734 3164 2778 CAP.
3203 2716 3297 2779 12.
3337 2721 3410 2779 At
3440 2731 3587 2781 ve‘ro

315 2825 490 2886 idem
530 2818 836 2899 (Αιεπίυε)
875 2816 1241 2894 imperator,
1278 2820 1521 2874 vetusto
1566 2814 1932 2874 Griecorum
1960 2829 2139 2875 more
2174 2820 2536 2877 nostrorum
2571 2816 2974 2877 successibus
3007 2814 3326 2888 invidens,
3360 2832 3584 2894 quam-

319 2923 412 2983 vis
450 2935 589 2992 eos,
631 2924 701 2979 ut
730 2913 1162 2995 praediximus,
1216 2912 1380 2991 apud
1414 2928 1481 2971 se
1519 2911 1670 2972 satis
1722 2911 1999 2988 benigne
2059 2910 2408 2984 habuisset,
2478 2911 2726 2975 occulte
2780 2912 2930 2974 inde
2989 2928 3105 2992 per
3164 2911 3591 2978 internuntios

316 3022 696 3098 frequentes
724 3016 791 3076 in
823 3030 1045 3076 eorum
1081 3011 1431 3092 perniciem
1464 3010 1680 3073 hostes
1710 3009 2115 3083 sollicitabat,
2152 3015 2213 3071 et
2240 3010 2320 3072 ab
2353 3026 2578 3072 eorum
2611 3010 2888 3073 adventu
2926 3010 3165 3073 crebris
3213 3012 3495 3089 epistolis
3524 3024 3588 3075 et

316 3115 695 3179 nuntiorum
768 3109 1160 3172 discursibus
1212 3107 1513 3169 reddebat
1553 3108 2014 3181 instructiores,
2061 3125 2173 3170 eos
2228 3124 2657 3186 praemonens,
2704 3126 2784 3170 ne
2835 3115 3076 3170 tantum
3121 3110 3433 3188 pepulum
3470 3123 3587 3175 suo

318 3212 612 3293 periculo
646 3209 847 3270 libere
885 3206 1152 3268 transire
1207 3204 1544 3285 patiantur.
1581 3204 1803 3268 Vicem
1862 3205 2220 3285 scorpionis
2264 3222 2481 3282 agens,
2521 3206 2800 3285 quicum
2833 3222 2962 3267 non
3001 3206 3081 3267 sit
3114 3206 3181 3267 in
3224 3207 3385 3269 facie
3414 3211 3586 3288 quod

315 3309 648 3380 formides,
688 3304 1037 3385 prudenter
1071 3301 1297 3363 feceris
1340 3302 1387 3362 si
1423 3301 1641 3363 caudte
1689 3301 2056 3381 posterioris
2088 3302 2405 3364 declinare
2453 3302 2686 3382 poteris
2736 3301 3141 3365 maleﬁcium.
3181 3338 3255 3347 —
3294 3307 3421 3365 Lm.
3455 3322 3571 3377 xu,

321 3424 454 3469 car.
491 3406 550 3465 5.
616 3405 737 3465 Per
783 3400 953 3462 idem
988 3406 1238 3477 tempus
1289 3398 1481 3479 (anno
1534 3396 1707 3477 1118)
1762 3397 2509 3476 Constantinopolitanus
2548 3398 2898 3477 imperator
2930 3397 3187 3460 Alexius
3220 3401 3583 3464 Latinorum

333 3503 630 3563 maximus
662 3503 1060 3580 persecutor,
1101 3496 1287 3556 rebus
1321 3494 1613 3555 humanis
1649 3500 1980 3573 exemptus
2014 3502 2130 3556 est.

418 3598 712 3659 Robtrlus
743 3594 1108 3664 monachus,
1148 3594 1231 3652 De
1260 3592 1767 3654 Christianorum
1803 3592 2168 3670 principum
2192 3592 2588 3670 profectione
2614 3594 2682 3653 in
2711 3594 2987 3669 Syriam,
3018 3592 3130 3655 lib.
3166 3611 3235 3656 ιι.
3266 3594 3587 3656 Subdolus

325 3697 533 3775 itaque
568 3695 923 3774 imperator
956 3690 1262 3769 (Αἰαίης)
1299 3689 1518 3751 videns
1545 3705 1833 3751 crescere
1865 3695 2068 3750 castra
2099 3688 2232 3759 Dei,
2278 3696 2341 3749 et
2372 3688 2450 3750 de
2484 3688 2586 3750 die
2618 3689 2683 3749 in
2742 3688 2908 3749 diem
2940 3691 3359 3767 augmentari,
3394 3692 3591 3770 inops

319 3794 534 3862 animi,
570 3808 804 3871 expers
874 3805 1123 3859 sensus,
1174 3802 1418 3865 pauper
1465 3786 1739 3859 consilii,
1772 3786 1863 3847 ira
1925 3784 2286 3847 vehementi
2345 3786 2538 3863 cmpit
2585 3786 2851 3847 anxiari.
2902 3788 3078 3846 Mens
3131 3786 3300 3848 enim
3362 3789 3583 3851 fraude

318 3890 509 3968 plena
550 3904 812 3967 semper
850 3885 1142 3946 anxiatur
1175 3890 1237 3944 et
1270 3889 1363 3944 est
1394 3881 1687 3958 sollicita,
1738 3890 1799 3943 et
1851 3883 2023 3962 quod
2079 3880 2476 3943 machinatur
2512 3881 2691 3943 alteri
2724 3882 3112 3963 pertimescit
3156 3883 3276 3944 sibi
3332 3901 3586 3963 semper

315 3985 696 4047 machinari.
732 3986 801 4044 In
841 3990 1054 4043 mente
1086 3980 1487 4060 imperatoris
1516 3997 1768 4059 semper
1819 3979 2047 4042 mansit
2075 3978 2480 4041 fraudulenta
2534 3979 2727 4041 ﬁctio.
2775 3980 3086 4058 Quidquid
3126 3980 3349 4059 iuravit
3383 3988 3582 4044 totum

314 4084 694 4154 exinanivit,
724 4080 869 4161 quia
905 4078 1415 4159 perjurii_noxam
1450 4077 1775 4139 incurrere
1828 4078 2069 4152 maluit,
2103 4095 2291 4156 quam
2350 4084 2603 4155 gentem
2656 4080 3034 4140 Francorum
3078 4097 3111 4140 a
3170 4079 3302 4141 suis
3353 4078 3583 4142 ﬁnibus

311 4197 445 4242 non
479 4180 789 4257 elongari.

396 4276 736 4339 ϐοτη-σακε
774 4274 968 4335 abbas
1006 4273 1446 4351 Urspergcnsis
1478 4271 1714 4333 Chron.
1753 4291 1918 4332 anno
1964 4271 2137 4334 1101.
2188 4275 2348 4336 Ecce
2377 4274 2585 4336 subito
2640 4292 2923 4336 murmur
2957 4277 3258 4346 exoritur,
3314 4276 3582 4339 invisum

312 4375 774 4454 imperatorem
811 4372 1143 4451 (Alexium)
1175 4372 1525 4433 Turcorum
1582 4368 1791 4448 potius
1835 4386 2025 4447 quam
2056 4370 2551 4431 Christianorum
2604 4371 2763 4450 parti
2809 4371 3054 4446 favere,
3110 4373 3583 4453 exploratisque

314 4491 462 4552 quae
497 4474 666 4535 circa
699 4488 814 4532 nos
845 4476 1048 4542 erant,
1078 4467 1518 4547 frequentibus
1553 4467 1698 4528 illos
1737 4474 1953 4528 contra
1994 4484 2111 4528 nos
2151 4466 2392 4527 nuntiis
2429 4466 2732 4528 animare.
2775 4468 2889 4529 Hic
2921 4474 3037 4541 est,
3077 4468 3398 4547 inquiunt,
3432 4487 3581 4549 per-

316 4572 483 4633 ﬁdus
511 4570 621 4631 ille
656 4568 928 4637 Alexius,
956 4566 1065 4646 qui
1097 4566 1357 4627 domino
1386 4581 1502 4627 suo
1527 4563 1911 4644 Nicephoro,
1942 4581 2057 4643 per
2087 4565 2506 4643 quorumdam
2530 4563 3016 4627 Alamannorum
3048 4566 3582 4629 conductitiorum

314 4668 629 4728 auxilium
684 4662 990 4742 depulso,
1043 4662 1376 4741 imperium
1415 4661 1550 4741 ejus
1602 4661 1947 4740 usurpavit,
1999 4663 2304 4741 ipsosque
2352 4661 2449 4722 sui
2505 4661 2763 4723 sceleris
2814 4670 3302 4743 cooperatores,
3362 4666 3584 4727 exsilio

316 4764 656 4824 damnatos
684 4758 895 4820 necari
930 4758 1075 4820 fecit
1113 4775 1125 4817 :
1166 4774 1461 4836 nuncque
1497 4774 1564 4818 se
1592 4758 1747 4819 tanti
1779 4757 1933 4817 dixit
1966 4757 2172 4819 facere
2211 4758 2482 4819 Francos
2514 4775 2656 4819 cum
2688 4759 2906 4820 Turcis
2946 4759 3332 4839 praeliantes,
3365 4763 3587 4841 quanti

318 4878 510 4921 canes
550 4876 618 4919 se
652 4856 919 4917 invicem
953 4853 1343 4915 mordentes.
1379 4856 1529 4915 Cum
1559 4861 1767 4915 autem
1804 4854 2048 4932 navigia
2081 4854 2414 4933 quisquam
2448 4854 2809 4916 conducere
2857 4862 3149 4928 tentaret,
3180 4858 3417 4919 audivit
3446 4860 3586 4921 Ca3-

314 4974 523 5017 sarem
558 4954 818 5014 insidias
852 4950 1203 5031 peregrinis
1232 4950 1418 5012 etiam
1453 4950 1515 5011 in
1559 4951 1711 5012 mari
1742 4951 2034 5030 posuisse
2059 4999 2075 5025 ,
2117 4951 2471 5029 multasque
2513 4953 2750 5013 dudum
2808 4953 3033 5015 eodem
3084 4954 3365 5019 facinore
3398 4974 3589 5019 naves

317 5070 464 5113 eum
517 5048 963 5112 submersisse.
996 5050 1392 5127 Quapropter
1413 5062 1634 5107 omnes
1664 5064 1808 5109 eum
1848 5048 2308 5110 maledicebant
2362 5059 2424 5109 et
2475 5048 3111 5125 anathematizabant,
3154 5069 3379 5116 omnes
3410 5054 3587 5118 illum

316 5150 554 5225 linguae
584 5162 711 5206 non
747 5145 1216 5223 imperatorem,
1244 5143 1354 5205 sed
1382 5142 1745 5205 traditorem
1773 5144 2201 5224 appellabant.
2236 5149 2417 5207 ANNO
2449 5142 2621 5220 1106,
2652 5145 2901 5209 invidus
2928 5156 2989 5209 et
3018 5153 3303 5213 occultus
3325 5156 3589 5214 eatenus

314 5245 616 5306 Ecclesia!
661 5247 1031 5326 persecutor
1062 5240 1311 5301 Alexius
1335 5284 1351 5311 ,
1386 5239 1493 5299 diu
1528 5245 1752 5301 tectam
1803 5259 1932 5302 sua;
1975 5243 2257 5323 perﬁdia;
2290 5243 2629 5306 toxicatam
2678 5244 2915 5305 rabiem
2961 5247 3247 5325 evaginat
3279 5267 3291 5308 :
3326 5250 3546 5311 Turcis
3570 5300 3583 5318 .

312 5342 551 5419 quibus
578 5343 702 5422 jam
737 5342 907 5404 nulla
957 5338 1051 5401 vel
1086 5355 1220 5400 rara
1250 5337 1315 5398 in
1343 5338 1596 5398 Oriente
1650 5338 1958 5416 regnandi
2004 5356 2149 5419 spes
2184 5344 2610 5412 remanserat,
2643 5356 2710 5402 se
2745 5342 3051 5403 tutissime
3102 5344 3414 5413 conciliat,
3455 5352 3515 5405 et
3549 5365 3587 5405 υ

314 5441 751 5522 turpissimum
788 5434 1076 5502 facinusl
1111 5435 1409 5506 Nicaeam,
1447 5452 1635 5513 quam
1687 5436 1837 5496 olim
1878 5436 2023 5498 fidei
2076 5443 2309 5498 nostrm
2348 5437 2591 5506 turrim,
2645 5436 3015 5517 dudumque
3050 5439 3249 5501 multo
3281 5438 3581 5503 Christia-

312 5552 545 5598 norum
578 5537 882 5615 sanguine
914 5541 1341 5614 comparatam
1375 5531 1911 5613 prrescripsimus,
1943 5533 2291 5593 Soiimanni
2326 5532 2574 5611 tyranni
2624 5532 2767 5593 ﬁliis
2811 5534 3081 5597 reddidit
3116 5552 3130 5594 :
3162 5535 3478 5597 custodias
3506 5540 3583 5597 ad

311 5634 782 5701 prohibendum
815 5633 1147 5693 transitum
1182 5630 1531 5710 peregrinis
1566 5636 1727 5689 terra
1760 5628 2043 5709 marique
2069 5632 2414 5692 constituit.
2438 5632 2623 5710 Cujus
2648 5632 2881 5693 classes
2905 5639 3121 5693 contra
3150 5632 3582 5697 Antiochenos

308 5732 612 5803 directas,
661 5734 783 5813 ipsi
826 5730 996 5794 bello
1049 5738 1407 5809 ceperunt,
1444 5733 1504 5789 et
1560 5729 1621 5788 in
1655 5727 2096 5791 confusionem
2151 5729 2390 5803 Alexii,
2446 5730 2612 5791 uasis
2657 5733 2847 5809 atque
2903 5726 3236 5790 collicihus
3291 5731 3581 5791 omnibus

638 5836 913 5896 PATROL.
952 5835 1065 5894 Gn.
1108 5831 1371 5892 CXXXI.
1614 5858 1617 5863 ι
1724 5852 1771 5917 λς
1810 5854 1829 5917 ς
1956 5856 1961 5857 ί
2213 5883 2216 5885 λ

1956 5856 1961 5857 ί
2213 5883 2285 5893 λ-
3238 5830 3267 5889 3
