4104 6416
513 349 598 437 τέ
1609 369 1961 434 ELOGlUM
2003 370 2226 433 una
2262 367 2669 430 COMNEN/E.
3700 371 3769 432 7r.

527 485 853 557 abscissis,
889 500 1075 546 unam
1127 483 1202 544 de
1233 479 1486 562 scaphis
1541 481 1688 544 inde
1738 489 2100 556 onerantes,
2153 478 2514 560 hujusmodi
2569 478 2962 558 pulmentum
3013 475 3219 537 eidem
3265 491 3376 538 reo
3429 475 3767 540 multorum

524 583 790 644 millium
825 579 1185 654 homicidae,
1212 579 1712 640 transmiserunt.
1739 614 1812 624 -—
1838 579 2129 640 Albcrtus
2155 575 2481 640 Stadensis
2513 575 2720 635 eadem
2745 574 2876 651 fere
2899 572 2980 633 ad
3003 571 3253 632 verbum
3281 571 3486 632 habet.
3525 607 3599 618 --
3625 573 3769 636 Otto

526 677 984 756 Frisingensis,
1021 676 1314 738 Chronic.
1355 675 1461 735 lib.
1497 692 1608 748 vn,
1643 694 1781 754 cap.
1821 675 1914 736 10.
1954 675 2207 736 Alexius
2235 673 2579 752 imperator
2612 669 3084 750 pertidissimus,
3116 668 3356 747 jamdiu
3398 678 3768 748 conceptam

517 775 717 838 corde
750 773 1045 835 malitiam
1087 773 1291 835 celare
1322 772 1594 850 amplius
1618 789 1742 832 non
1777 771 2006 843 valens,
2043 787 2184 832 cum
2207 768 2449 842 Turcis,
2480 768 2586 846 qui
2604 767 2730 846 jam
2765 782 2930 845 pene
2954 765 3269 845 desperati
3300 771 3501 838 erant,
3528 768 3766 846 turpis-

522 874 679 934 sime
710 869 1086 943 fcederatur,
1117 870 1340 948 eisque
1373 870 1670 942 Nicwam,
1712 866 1910 928 multo
1949 872 2305 928 nostrorum
2329 865 2634 942 sanguine
2671 863 3064 941 acquisitam,
3088 861 3459 940 impiissime
3491 863 3768 926 tradidit.

585 969 942 1047 Golfridus
979 966 1405 1039 l’iterbiensis,
1441 965 1736 1029 Chronic.
1767 973 1949 1043 parte
1987 963 2202 1023 XVIII.
2243 959 2855 1040 Constantinopolim
2888 967 3333 1039 pervenerunt,
3365 960 3473 1022 ubi
3503 960 3770 1022 multum

520 1064 734 1126 dolum
788 1073 850 1126 et
894 1065 1420 1144 impedimentum
1451 1080 1484 1124 a
1520 1079 1668 1140 rege
1718 1062 1938 1124 Alexio
1988 1060 2295 1141 perpessi.
2337 1061 2512 1120 Tunc
2558 1057 2818 1119 Alexius
2866 1075 2975 1118 rex
3011 1055 3770 1135 Constantinopolitanus,

518 1162 876 1223 christiana)
925 1161 1357 1240 prosperitatis
1403 1159 1828 1230 adversarius,
1881 1161 2121 1221 Turcos
2171 1159 2238 1218 in
2291 1155 2800 1234 desperationem
2831 1153 2958 1232 jam
2993 1154 3277 1233 positos,
3317 1153 3380 1214 in
3431 1155 3771 1215 amicitiam

517 1279 690 1323 suam
723 1263 1194 1336 cont’mderavit,
1224 1264 1443 1339 eisque
1475 1263 1695 1324 turrim
1730 1264 2029 1333 Nicleam,
2081 1259 2576 1321 Christianorum
2609 1256 2913 1334 sanguine
2953 1257 3395 1335 conquisitam.
3428 1256 3768 1318 concessit.

517 1393 591 1401 --
626 1358 962 1419 Matthaeus
994 1361 1180 1420 Paris
1213 1361 1276 1421 in
1313 1361 1600 1421 Historia
1630 1361 1879 1435 majori,
1917 1376 2082 1417 anno
2129 1355 2302 1420 1096.
2337 1357 2586 1417 Alexius
2633 1364 2841 1417 autem
2879 1355 3226 1434 imperator
3254 1357 3640 1428 Graecorum,
3681 1355 3776 1417 vir

516 1472 787 1532 nequam
823 1463 884 1516 et
911 1456 1244 1526 subdolus,
1276 1474 1421 1518 cum
1477 1463 1643 1518 esset
1687 1455 1749 1516 in
1791 1456 2024 1534 palatio
2086 1451 2426 1528 Nicephori
2473 1451 2830 1514 decessoris
2879 1453 2973 1512 sui
3005 1467 3312 1525 summus,
3368 1455 3430 1511 et
3473 1451 3773 1530 princeps

495 1552 779 1624 .inilitiie,
831 1561 1050 1614 contra
1101 1553 1426 1613 dominum
1459 1569 1642 1613 suum
1693 1551 2000 1612 malitiose
2043 1552 2480 1623 recalcitrans,
2517 1550 2740 1630 quinto
2785 1550 2878 1612 vel
2928 1560 3106 1610 sexto
3136 1558 3280 1610 ante
3311 1549 3474 1611 hanc
3503 1552 3770 1629 expedi-

516 1653 752 1709 tionem
805 1665 998 1723 anno,
1058 1649 1320 1710 domino
1353 1649 1622 1729 depulso
1677 1649 2020 1728 imperium
2070 1648 2414 1719 invaserat,
2463 1654 2525 1707 et
2573 1647 2860 1707 invasum
2913 1647 3210 1723 nequiter
3260 1645 3600 1706 detinebat.
3655 1647 3773 1708 Hic

517 1761 769 1823 semper
801 1745 1198 1824 prepositum
1232 1743 1473 1806 habens
1505 1743 1785 1817 fallendi,
1823 1761 1995 1824 saepe
2027 1761 2168 1806 cum
2200 1743 2546 1823 peregrinis
2575 1743 2762 1804 verba
2795 1742 3052 1821 paciﬁca
3089 1741 3468 1821 loquebatur
3497 1743 3562 1803 in
3589 1741 3770 1813 dolo,

516 1847 874 1918 suSpectam
895 1840 1135 1918 jugiter
1176 1837 1419 1900 habens
1449 1839 1920 1900 multitudinem
1963 1857 2152 1903 cruce
2201 1841 2616 1919 signatorum,
2653 1847 2713 1901 et
2748 1839 2988 1900 militiae
3037 1839 3440 1918 probitatem.
3488 1839 3669 1900 Unde
3714 1838 3774 1899 si

517 1938 902 2016 quandoque
958 1953 1189 1998 nocere
1243 1937 1536 2008 cessavit,
1594 1953 1724 1998 non
1777 1936 1900 1999 hoc
1956 1937 2201 1999 virtutis
2260 1937 2526 2010 exstitit,
2583 1935 2690 1996 sed
2743 1935 3008 1996 timoris.
3045 1967 3118 1978 -—
3155 1939 3342 1996 ANNO
3387 1932 3557 1995 1108.
3590 1935 3773 1997 Tunc

515 2033 861 2111 imperator
899 2032 1173 2105 Alexius,
1214 2039 1273 2094 et
1310 2033 1598 2113 proditor
1637 2033 2086 2112 nequissimus,
2123 2041 2481 2096 nostrorum
2520 2033 2808 2094 invidens
2849 2033 3266 2104 successibus,
3301 2033 3519 2093 Turcis
3547 2031 3776 2094 inﬁde-

517 2128 703 2202 libus,
740 2145 856 2208 per
887 2145 1160 2206 quorum
1194 2134 1391 2190 terras
1426 2130 1748 2208 peregrini
1778 2130 2095 2192 transituri
2128 2137 2327 2202 erant,
2368 2130 2622 2192 crebras
2678 2129 3019 2190 transmisit
3049 2127 3348 2208 epistolas
3373 2175 3387 2201 ,
3427 2127 3775 2190 exhortans

493 2225 834 2297 attentius,
881 2241 960 2285 ne
989 2231 1230 2286 tantum
1265 2225 1758 2287 Christianorum
1794 2226 2102 2306 populum
2138 2225 2335 2288 libere
2377 2226 2640 2288 transire
2673 2226 2734 2288 in
2772 2243 2948 2287 suam
2990 2225 3338 2305 perniciem
3374 2233 3768 2303 paterentur.

595 2319 886 2381 Matthcei
953 2319 1666 2395 Westmonasteriensis,
1717 2320 1933 2382 Flores
1985 2322 2210 2385 histor.
2261 2342 2426 2384 anno
2479 2322 2652 2383 1095.
2710 2323 2964 2383 Alexius
3012 2330 3160 2383 tunc
3200 2322 3504 2400 temporis
3535 2323 3775 2384 Graecis

515 2415 888 2494 imperabat,
921 2416 1010 2477 vir
1051 2417 1309 2495 quidem
1341 2416 1672 2490 subdolus,
1705 2424 1765 2478 et
1797 2419 2177 2480 nostratibus
2207 2436 2457 2498 semper
2493 2436 2721 2499 parans
2749 2436 2894 2481 cum
2924 2418 3172 2479 insidiis
3203 2425 3685 2480 nocumentum.

593 2515 790 2594 Atque
823 2513 946 2575 haec
976 2514 1050 2574 de
1083 2513 1298 2574 Αἰσωίί
1324 2514 1605 2575 moribus
1638 2515 1816 2592 vulgo
1847 2515 2018 2592 apud
2052 2516 2309 2576 Latinos
2343 2516 2556 2593 opinio
2590 2514 2864 2576 obtinuit
2895 2535 2914 2574 :
2946 2533 3108 2574 unus
3140 2532 3318 2593 quem
3368 2532 3478 2593 ego
3513 2514 3774 2591 legerim

515 2609 809 2670 Albertus
849 2609 1190 2670 canonicus
1243 2609 1574 2690 Aquensis,
1621 2631 1658 2670 a
1715 2613 2040 2672 Reineccio
2091 2611 2276 2673 titulo
2327 2612 2612 2674 chronici
2647 2612 3247 2690 Hicrosolymitani,
3295 2613 3430 2674 sine
3488 2613 3772 2672 auctoris

513 2707 762 2768 nomine
809 2707 1038 2775 editus.
1073 2706 1454 2767 commodius
1495 2707 1568 2768 de
1618 2707 1727 2769 illo
1757 2727 1885 2768 non
1921 2727 2046 2768 uno
2090 2707 2222 2770 loco
2259 2710 2474 2770 sensit.
2509 2711 2612 2772 Sic
2651 2719 2720 2770 ut
2750 2709 2985 2769 alicubi
3031 2709 3164 2788 ejus
3205 2707 3584 2786 apolegetem
3629 2709 3772 2785 fere

517 2821 596 2862 ssc
624 2805 900 2884 professo
951 2805 1184 2882 egerit,
1224 2822 1348 2866 LIB.
1392 2821 1528 2879 vni,
1560 2822 1696 2866 esp.
1740 2805 1833 2866 46.
1879 2807 2047 2867 Fecit
2101 2804 2270 2866 enim
2319 2804 2482 2867 fama
2527 2805 2592 2866 in
2639 2805 2879 2884 populo
2932 2803 3287 2876 catholico,
3340 2805 3512 2882 quod
3569 2804 3776 2881 ipsius

515 2898 915 2977 imperatoris
955 2899 1200 2978 (Alexii)
1223 2899 1488 2964 occultis
1513 2909 1575 2964 et
1603 2902 1864 2981 perfidis
1885 2901 2191 2975 consiliis,
2217 2920 2252 2964 a
2277 2904 2509 2964 comite
2539 2904 2919 2982 Reymundo
2950 2911 3010 2964 et
3041 2901 3342 2963 militibus
3368 2902 3769 2978 Turcopolis,

516 2996 824 3057 deductus
853 2997 932 3057 sit
963 2997 1275 3058 exercitus
1309 2998 1868 3075 Longobardorum
1903 3016 2020 3078 per
2050 2998 2295 3061 deserta
2337 3006 2398 3061 et
2429 3000 2594 3060 invia
2639 3008 2700 3060 et
2736 3000 3114 3062 solitudines
3165 2998 3501 3076 Flaganite,
3539 3009 3606 3059 ut
3639 2999 3772 3061 illic

517 3109 552 3153 a
578 3094 795 3156 Turcis
827 3093 1008 3156 facile
1065 3110 1196 3173 prae
1226 3093 1392 3156 fame
1426 3104 1488 3156 et
1518 3095 1618 3158 siti
1651 3095 2027 3170 exhaustus,
2073 3105 2408 3176 superatus
2452 3097 2869 3159 occideretur.
2918 3098 3148 3158 Verum
3188 3107 3258 3157 ut
3300 3114 3334 3158 a
3367 3096 3658 3156 veridicis
3705 3104 3770 3158 et

518 3189 838 3252 nobilibus
865 3191 1016 3252 viris
1067 3191 1328 3254 relatum
1363 3199 1481 3266 est,
1517 3208 1921 3271 nequaquam
1972 3191 2092 3254 hoc
2125 3191 2399 3254 nefando
2449 3192 2691 3254 scelere
2741 3193 3093 3272 culpandus
3128 3203 3281 3256 erat.
3334 3193 3488 3253 Nam
3534 3191 3776 3270 saepius

519 3287 864 3348 exercitum
905 3288 1308 3366 praamonuit,
1347 3296 1407 3349 et
1435 3287 1692 3350 edocuit
1734 3287 2112 3349 solitudines
2142 3297 2201 3350 et
2233 3289 2645 3362 defectiones,
2697 3298 2758 3351 ct
2791 3293 3136 3351 'I‘urcorum
3187 3289 3446 3350 insidias
3487 3289 3549 3348 in
3584 3288 3774 3349 inviis

518 3383 851 3461 Flaganiaa,
896 3394 954 3444 et
987 3384 1134 3445 ideo
1167 3401 1278 3445 eos
1307 3401 1436 3447 non
1463 3401 1686 3448 secure
1719 3392 1782 3446 et
1810 3392 1980 3446 tutos
2023 3402 2134 3464 per
2164 3385 2324 3447 hanc
2357 3385 2514 3446 viam
2549 3401 2735 3464 posse
2781 3385 3102 3446 incedere.
3134 3418 3211 3430 —
3250 3386 3391 3445 CAP.
3429 3383 3524 3444 47.
3563 3386 3776 3464 Impe-

520 3488 687 3542 rator
719 3481 1014 3560 (Alexius)
1069 3482 1427 3544 universam
1465 3483 1838 3562 petitionem
1873 3483 2060 3559 regis,
2111 3499 2254 3542 cum
2288 3481 2662 3542 muneribus
2702 3479 2822 3541 sibi
2867 3480 3286 3559 prtesentatis,
3339 3479 3401 3540 in
3450 3479 3618 3540 bono
3655 3497 3772 3542 ac-

512 3575 712 3654 cepit,
740 3582 801 3637 et
833 3575 910 3637 de
942 3577 1114 3637 omni
1138 3578 1504 3657 suspicione
1539 3577 1712 3639 necis
1738 3576 2324 3654 Langobardorum,
2361 3595 2548 3657 quam
2576 3576 2874 3639 adversus
2906 3593 3049 3638 eum
3070 3575 3400 3637 Christiani
3425 3574 3768 3646 habebant,

515 3673 947 3751 jusjurandum
974 3673 1038 3734 in
1079 3673 1186 3734 Dei
1224 3674 1480 3735 nemine
1513 3672 1776 3744 faciens,
1807 3691 1876 3734 se
1909 3673 2248 3747 excusavit,
2284 3674 2657 3752 promittens
2691 3687 2758 3734 se
2795 3671 3025 3734 deinde
3061 3673 3358 3734 erunibus
3403 3670 3775 3732 misericor-

517 3770 663 3829 dem
697 3769 850 3840 tieri,
881 3785 1095 3846 regem
1120 3769 1550 3830 Baldewinum
1584 3786 1653 3830 se
1687 3769 1845 3830 velle
1877 3769 2192 3830 honorare
2224 3778 2284 3830 et
2312 3787 2550 3831 amare.
2588 3773 2654 3830 In
2678 3769 2897 3832 eadem
2924 3768 3238 3845 legatione
3271 3767 3348 3828 ab
3385 3767 3774 3844 imperatore

520 3865 843 3926 decretum
877 3872 993 3938 est,
1030 3871 1095 3925 ut
1130 3864 1472 3944 episcOpus
1511 3864 1590 3926 de
1632 3864 1989 3926 Barcinona
2025 3882 2172 3926 eum
2203 3867 2369 3944 apud
2414 3869 2770 3928 Romanum
2805 3872 2984 3944 pont.
3048 3863 3409 3925 Paschalem
3457 3863 3535 3924 de
3573 3863 3775 3925 tradi~

519 3961 696 4021 tione
745 3959 861 4022 sibi
908 3960 1203 4038 imposita
1259 3966 1608 4022 excusaret.
1671 3960 1799 4022 Sed
1845 3960 2250 4038 prcecaluisse
2305 3964 2728 4042 suspiciones,
2789 3980 2867 4020 ex
2911 3961 3308 4041 sequentibus
3358 3969 3644 4039 apparet.
3689 3994 3773 4007 ~—

523 4062 668 4121 CAP.
705 4059 800 4120 48.
857 4059 1246 4138 Engelradus
1294 4067 1504 4120 autem
1561 4060 1742 4121 miles
1798 4059 2056 4138 quidam
2121 4060 2186 4121 in
2238 4063 2584 4123 Jerusalem
2641 4068 2952 4137 repertus,
3007 4061 3373 4121 muneribus
3420 4059 3661 4136 magnis
3684 4057 3772 4119 ab

521 4159 904 4236 imperatore
936 4158 1305 4230 honoratus,
1342 4158 1508 4219 bona
1541 4158 1766 4220 nuntia
1799 4157 2162 4237 reportavit,
2201 4165 2261 4219 et
2294 4157 2631 4219 amicitiam
2665 4165 2727 4217 ct
2763 4156 2948 4217 ﬁdem
2998 4158 3128 4235 regi
3173 4157 3524 4217 Baldewino
3561 4160 3768 4234 impe-

507 4261 792 4314 ratorem
825 4252 984 4313 velle
1034 4253 1398 4325 observare,
1451 4260 1511 4314 et
1542 4253 1914 4333 peregrinos
1944 4256 2089 4330 ;non
2132 4252 2291 4316 ultra
2341 4253 2688 4316 otl‘endere.
2737 4253 2856 4314 Sed
2916 4253 3258 4334 episc0pus
3303 4252 3768 4331 aliquantulum

507 4349 768 4412 renisus
795 4357 892 4412 est
931 4349 1323 4430 imperatori,
1361 4361 1625 4431 prepter
1654 4351 2095 4414 infidelitatem
2130 4369 2278 4431 erga
2308 4351 2555 4426 Gallos,
2588 4367 2776 4430 quam
2811 4349 2891 4411 ab
2939 4367 3016 4412 eo
3047 4349 3332 4411 extorsit.
3371 4351 3771 4427 QuaprOpter

507 4447 584 4505 .in
615 4447 1032 4510 amaritudine
1074 4448 1268 4509 animi
1301 4451 1566 4510 Romam
1597 4450 1894 4520 tendens,
1939 4450 2153 4529 ipsum
2180 4451 2626 4529 imperatorem
2665 4446 3031 4510 criminatus
3064 4454 3158 4505 est
3186 4444 3247 4504 in
3282 4445 3544 4505 ecclesia
3569 4447 3770 4505 Bene-

511 4550 810 4619 aventana,
836 4550 898 4605 et
925 4543 1070 4604 ideo
1093 4545 1432 4622 assumptis
1462 4543 1689 4606 litteris
1719 4544 1923 4624 ipsius
1946 4545 2307 4625 apostolici,
2343 4544 2745 4625 querimonia
2769 4542 2971 4620 gravis
3004 4541 3170 4620 apud
3195 4556 3420 4601 omnes
3443 4539 3766 4621 principes

489 4640 731 4699 stlatliaa
773 4657 966 4719 super
995 4641 1138 4718 ipso
1168 4641 1552 4718 imperatore
1594 4641 1758 4704 facta
1787 4647 1904 4704 est.

647 4826 671 4831 -
683 4826 731 4832 —.-
743 4826 776 4832 -ς
791 4820 3206 4832 -ᾙΟΟΜΜΜ
3217 4820 3534 4828 ο-ι-ι-οο-ι--κ--η
3551 4819 3735 4830 ..ιν-’νη

1263 4977 1816 5071 ELOGIUM
1892 4977 2252 5066 ANNIE
2355 4979 3014 5088 COMNENIE,

1377 5172 1687 5215 'HE'ROINE
1757 5169 2279 5216 INCOMPARABIIJS
2321 5171 2397 5214 AC
2459 5168 2939 5228 ERUDITISSIMB,

521 5303 621 5362 Ea‘
642 5302 715 5360 R.
751 5299 824 5359 A.
866 5300 940 5360 Ρ.
982 5298 1280 5362 Ludovici
1304 5299 1553 5361 Jacoba
1576 5300 1643 5360 S.
1667 5298 1917 5365 Carolo.
1945 5299 2401 5375 Cabilonensis,
2435 5301 2805 5376 Carmelitaz,
2838 5302 3190 5364 consiliarii
3220 5311 3276 5362 et
3295 5301 3762 5380 cleemosynarii

595 5396 913 5457 ordinarii
951 5397 1110 5474 regii
1152 5417 1171 5456 :
1215 5414 1455 5455 necnon
1513 5395 1926 5457 illustrissimi
1973 5416 2043 5455 ac
2096 5397 2599 5458 revorendissimi
2643 5398 2719 5457 D.
2765 5401 2833 5458 Ι).
2881 5399 3149 5460 Joannis
3195 5398 3382 5460 Pauli
3435 5401 3762 5462 Francisci

596 5491 853 5567 Gondii,
872 5493 1344 5553 Corinthiorum
1376 5493 1834 5572 archiepiscopi
1866 5503 1920 5553 et
1954 5494 2342 5573 coadjutoris
2380 5494 2784 5570 Parisiensis,
2823 5494 3320 5562 Bibliothecarii.
3375 5496 3760 5558 Bibliotheca

595 5587 937 5648 illustrium
967 5587 1342 5666 feminarum
1384 5610 1514 5669 quae
1546 5593 1801 5670 scriptis
1832 5591 2192 5651 claruerunt
2230 5591 2643 5669 desumptum.

596 5685 772 5741 Anna
803 5685 1146 5757 Comuena,
1181 5686 1420 5759 Graeca,
1480 5688 1680 5748 Alexii
1715 5689 2078 5749 Graecorum
2112 5687 2509 5766 imperatoris
2545 5695 2604 5750 et
2643 5691 2856 5750 lrenes
2898 5688 3023 5750 ﬁlia
3047 5736 3061 5762 ,
3113 5706 3186 5750 ac
3237 5685 3576 5769 Nicephori
3623 5692 3753 5750 Me-

507 5774 730 5835 Iisseni
763 5778 995 5855 conqu
1029 5774 1496 5855 augustissima.
1533 5782 1858 5860 Multiplici
1899 5801 2050 5844 sane
2090 5783 2270 5846 laude
2313 5802 2544 5852 nomen
2585 5804 2767 5848 suum
2821 5793 3000 5849 Anna
3048 5783 3404 5850 immortale
3455 5797 3748 5852 reddidit.
