4104 6420
362 397 430 462 ’Π
1498 403 1848 467 ELOGIUM
1889 409 1983 469 AN

2030 406 2112 468 llE
2143 405 2552 468 ΟΟΜΝΕΝᾸΞ.
3558 407 3651 468 78⁷

365 519 523 580 Nam
556 517 726 580 varia
755 519 1126 582 eruditione
1171 523 1232 580 et
1275 517 1501 598 judicii
1532 520 1826 582 acumine
1867 519 2268 584 doctissimas
2297 520 2461 582 inter
2508 519 2604 582 sui
2639 519 2754 581 aevi
2783 517 3052 582 feminas
3101 517 3418 582 inclaruit.
3476 521 3627 583 Hac

368 615 632 678 heroina
664 616 1184 696 incomparablis
1220 633 1347 677 non
1380 615 1585 679 solum
1616 617 1680 678 in
1711 617 1942 694 linguis
1969 615 2205 678 Gracis
2235 614 2655 677 eruditissima
2687 614 2947 691 exstitit,
2970 616 3079 676 scd
3109 615 3294 676 etiam
3330 633 3395 676 1n
3438 616 3626 678 rebus

368 711 688 773 historicis
729 712 1105 773 domesticis
1137 711 1580 790 versatissima,
1611 719 1675 774 et
1706 730 1848 792 qua)
1889 712 2119 800 siuet-iis
2154 715 2338 793 (teste
2366 716 2611 800 Joanne
2651 712 2911 792 Zonara)
2952 722 3085 773 erat
3109 713 3390 788 addicta,
3425 725 3480 775 et
3515 735 3626 775 ea:-

368 810 602 888 quisite
661 807 1056 869 atticissabat
1097 819 1152 868 et
1209 809 1568 869 acutissimo
1617 819 1753 868 erat
1806 797 2060 886 ingenio
2109 811 2192 872 ad
2240 797 2740 871 abstrusissimas
2763 829 3034 890 quasque
3056 811 3627 889 contemplationes.

369 908 640 986 Scripsit
677 908 890 968 Graece
927 906 1051 968 hoc
1094 907 1320 986 ingens
1367 909 1680 969 Musarum
1726 905 2176 986 Chalitumque
2224 907 2550 970 delicium.
2597 910 2684 967 De
2726 908 2906 967 rebus
2951 907 3166 968 Ateacii
3199 909 3484 986 parentis
3533 908 3632 967 sui

367 1006 567 1083 gestis
597 1004 788 1066 libros
819 1004 953 1078 XV,
992 1023 1145 1084 quos
1187 1003 1508 1068 Alexiada
1564 1005 1834 1065 vocavit.
1873 1005 2009 1076 Hoc
2067 1012 2161 1066 est
2206 1005 2558 1068 Historiam
2588 1003 2885 1068 Ecclesia
2918 1003 3634 1082 Constantinopolitana

371 1115 432 1160 et
483 1102 1058 1161 controversiarum
1103 1099 1434 1179 religionis
1490 1101 1557 1161 in
1612 1098 2041 1162 Orientalibus
2099 1100 2373 1161 ecclesiis
2423 1110 2729 1163 ortarum.
2781 1101 3043 1162 Exstant
3087 1102 3233 1164 Mss.
3296 1101 3516 1162 Roma
3565 1099 3631 1160 in

371 1199 790 1260 celeberrima
834 1196 1220 1258 bibliotheca
1252 1196 1736 1258 eminentissimi
1769 1195 2074 1276 principis
2099 1197 2411 1258 Francisei
2451 1197 2771 1258 Barberini
2803 1199 2867 1258 S.
2898 1199 2972 1258 Β.
3005 1198 3075 1257 Ε.
3110 1196 3466 1270 eardinalis,
3503 1201 3628 1257 Au—

372 1303 576 1373 gusta
601 1293 1064 1354 Vindelicorum
1090 1292 1151 1352 in
1175 1293 1557 1355 bibliotheca
1586 1293 1858 1369 publica,
1895 1293 2230 1354 Florentia
2259 1293 2323 1354 in
2353 1293 2967 1367 San-Laurentiana;
2999 1299 3059 1354 et
3099 1293 3284 1354 etiam
3325 1293 3391 1354 in
3444 1294 3631 1354 variis

377 1390 576 1450 italia
620 1389 1042 1451 bibliothecis.
1076 1387 1255 1450 Libri
1277 1391 1472 1469 primi
1503 1398 1638 1448 octo
1670 1389 2066 1468 prodierunt,
2104 1392 2392 1466 Augustae
2421 1389 2918 1461 Vindelicorum,
2965 1387 3140 1461 1618,
3172 1389 3234 1450 in
3267 1388 3496 1464 4°,cum
3521 1405 3633 1449 no-

368 1486 452 1545 tis
484 1484 733 1546 Davidis
771 1482 1153 1544 Hoeschelii.
1191 1485 1423 1544 Omnes
1484 1501 1630 1545 vero
1677 1502 1845 1545 nunc
1882 1483 2262 1562 prodeunte
2301 1482 2684 1544 bibliotheca
2732 1484 3086 1558 Barberina,
3150 1483 3405 1544 Lutetia
3454 1484 3628 1544 Pari-

371 1581 644 1651 siorum,
681 1580 845 1654 typis
880 1579 1093 1655 regiis,
1121 1579 1297 1653 1651,
1336 1581 1404 1640 in
1430 1579 1612 1655 folio,
1645 1599 1788 1643 cum
1819 1580 2090 1657 eleganti
2124 1579 2410 1641 versione
2453 1579 2690 1651 Latina,
2728 1578 3073 1646 Glossario,
3125 1596 3196 1640 ac
3255 1579 3630 1640 Praefatione

372 1679 449 1736 lt.
491 1678 560 1736 P.
599 1677 756 1738 Petri
792 1677 1061 1751 Possini,
1113 1679 1430 1740 societatis
1456 1680 1628 1749 Jesu,
1676 1678 1958 1753 theologi
2026 1674 2234 1752 magni
2273 1674 2568 1736 nominis.
2620 1675 2827 1736 Multa
2861 1693 3006 1734 vero
3045 1673 3272 1755 (inquit
3317 1675 3630 1737 Gerardus

368 1775 656 1833 Joannes
706 1773 985 1846 Vossius,
1048 1772 1210 1833 libro
1260 1773 1542 1834 secundo
1600 1775 1687 1832 De
1731 1773 2051 1832 historicis
2083 1771 2338 1844 Gracis,
2374 1787 2512 1849 cap.
2549 1768 2645 1848 27)
2683 1770 2755 1830 dc
2784 1779 3047 1848 parente
3076 1789 3186 1830 suo
3225 1769 3404 1848 longe
3443 1770 3631 1830 aliter

370 1878 626 1940 narrat,
691 1887 876 1948 quam
936 1867 1151 1928 Latini
1206 1867 1405 1928 solent
1457 1886 1476 1924 :
1536 1869 1644 1948 qui
1701 1863 1917 1926 omnes
1969 1886 2187 1946 prope,
2250 1868 2306 1926 si
2352 1884 2545 1925 unum
2618 1867 2902 1944 excipias
2965 1865 3313 1939 Albertum,
3367 1867 3626 1926 canoni-

372 1984 513 2023 cum
565 1967 931 2044 Aquensem,
977 1965 1281 2026 Casare-m
1323 1983 1459 2024 eum
1505 1963 1890 2036 describunt,
1942 1969 2238 2042 tanquam
2281 1961 2588 2023 hominem
2635 1961 3108 2039 fraudulentum
3189 1981 3261 2022 ac
3295 1963 3625 2041 perfidum.

372 2063 502 2123 Sed
532 2064 686 2122 satis
717 2061 1054 2123 verisimile
1087 2071 1199 2138 est,
1228 2070 1358 2122 tum
1404 2062 1665 2124 Latinos
1691 2081 1802 2123 suo
1842 2077 1992 2140 erga
2037 2060 2318 2122 Gracum
2360 2061 2800 2138 imperatorem
2843 2059 3013 2131 odio,
3061 2066 3190 2118 tum
3229 2058 3423 2135 ﬁliam
3453 2061 3630 2120 Con.-

371 2178 602 2219 nenam
634 2159 836 2220 amori
862 2175 1009 2236 erga
1027 2168 1270 2237 patrem
1299 2177 1436 2232 suo,
1470 2149 1791 2237 aliquanto
1831 2158 2099 2235 amplius
2130 2159 2485 2232 indulsisse,
2530 2177 2711 2238 quam
2743 2177 2858 2237 per
2881 2158 3041 2238 leges
3071 2159 3349 2220 historia
3387 2159 3625 2220 liceret.

371 2257 555 2317 lianc
615 2253 981 2316 Aleaiadem
1041 2255 1424 2317 continuavit
1502 2256 1782 2316 Joannes
1813 2254 2174 2329 Sinnamus,
2227 2256 2438 2333 regius
2485 2255 2950 2331 grammaticus,
3006 2271 3147 2333 qua
3205 2272 3372 2316 nunc
3426 2255 3628 2316 lucem

371 2353 626 2431 aspexit
671 2368 704 2412 e
735 2351 954 2412 codice
987 2351 1288 2412 Vaticano
1321 2349 1460 2426 319,
1503 2368 1646 2412 cum
1680 2350 1975 2412 versione
2009 2357 2072 2412 et
2117 2353 2285 2412 notis
2319 2353 2381 2410 P.
2442 2349 2718 2411 Possini.

457 2451 696 2514 Claruit
724 2452 887 2514 circa
925 2467 1163 2513 annum
1199 2449 1660 2514 Incarnationis
1694 2449 2036 2512 Dominica
2087 2446 2260 2509 1130.

461 2550 550 2610 De
585 2555 780 2609 Anna
809 2549 1147 2609 Comnenee
1183 2547 1477 2609 laudibus
1517 2556 1579 2609 et
1610 2545 1863 2626 seriptis
1914 2543 2214 2625 praclara
2252 2542 2525 2604 reddunt
2577 2541 2964 2614 testimonia,
3008 2544 3285 2602 Joannes
3332 2542 3628 2614 Zonaras,

374 2645 730 2708 monachus
779 2646 1052 2718 Graecus,
1119 2653 1291 2716 tomo
1329 2645 1418 2710 ΠΙ
1479 2645 1780 2708 Historia
1812 2640 2166 2716 Catholica,
2198 2656 2346 2720 pag.
2380 2638 2535 2700 mihi
2579 2637 2736 2713 242;
2787 2673 2859 2682 —
2906 2636 3231 2700 Conradus
3285 2639 3626 2710 Gesnerus,

372 2744 719 2822 Tigurinus
781 2742 1086 2815 medicus,
1118 2742 1184 2802 in
1215 2740 1610 2803 Bibliotheca
1631 2737 2017 2808 universali;
2048 2771 2123 2784 --
2159 2737 2470 2798 Antonius
2518 2735 2924 2807 Possevinus,
2959 2736 3361 2809 Mantuanus,
3402 2750 3534 2795 soc.
3567 2735 3630 2797 Ι.

372 2841 439 2902 in
479 2841 814 2918 Apparatu
841 2856 1056 2907 sacro;
1100 2871 1174 2882 —
1223 2839 1496 2901 Iacobus
1525 2839 1874 2908 Gretserus,
1909 2851 2040 2897 soc.
2074 2836 2221 2895 Jesu
2255 2833 2319 2893 in
2371 2832 2778 2910 Refutatione
2811 2830 3184 2910 Alogiarum
3216 2831 3412 2891 Anna
3444 2831 3625 2892 Com-

371 2957 553 2999 nena
602 2937 671 2998 in
723 2935 1029 2998 Alexiade
1075 2945 1293 2997 contra
1335 2936 1708 3015 Gregorium
1767 2933 1885 2994 νιι
1939 2934 2118 2992 Rom.
2163 2931 2369 2997 Pont;
2411 2963 2486 2972 —
2533 2929 2846 2992 Ger-ardua
2891 2931 3170 2991 Joannes
3212 2929 3488 3001 Vossius,
3537 2930 3626 2988 De

372 3046 650 3115 quatuor
681 3031 965 3109 artibus,
1001 3039 1066 3095 et
1113 3032 1223 3100 lib.
1271 3033 1356 3094 De
1412 3031 1732 3094 historicis
1785 3029 2058 3098 Graecis;
2087 3055 2166 3074 ι-
2203 3031 2326 3090 ισο
2375 3026 2666 3102 Atlatius,
2717 3026 2932 3100 Chius,
2980 3027 3088 3088 lib.
3141 3027 3228 3085 De
3289 3025 3516 3086 Psellis
3569 3034 3630 3085 et

371 3149 594 3192 eorum
659 3132 949 3209 scriptis;
993 3137 1048 3190 et
1111 3129 1273 3191 libro
1322 3130 1396 3191 de
1449 3129 1743 3190 Ecclesia
1808 3126 2127 3190 Occident.
2179 3133 2232 3184 et
2278 3124 2520 3186 Orient.
2563 3133 2865 3201 perpetua
2907 3124 3342 3190 consensione;
3373 3155 3448 3166 —
3491 3122 3624 3182 Gil-

370 3227 595 3289 berlus
627 3228 1000 3300 Gauminus,
1032 3226 1422 3300 Molinensis,
1452 3225 1809 3288 libellorum
1846 3221 2207 3302 supplicum
2237 3221 2552 3298 magister,
2580 3222 2642 3282 in
2677 3221 2839 3283 notis
2857 3221 2934 3282 ad
2973 3219 3296 3282 Michaelis
3327 3218 3510 3280 Pselli
3541 3222 3628 3280 De
3702 3220 3710 3226 ’

375 3323 744 3402 operatione
767 3321 1113 3382 darnonum
1140 3321 1514 3400 Dialogum;
1557 3355 1632 3367 -—
1670 3319 2038 3406 Franciscus
2069 3319 2486 3382 BalduinusJ.
2526 3321 2591 3380 ε.
2615 3321 2706 3378 De
2751 3320 3148 3380 institutione
3183 3319 3458 3379 historia
3479 3320 3625 3378 uni-

377 3417 673 3486 venalis;
703 3452 778 3462 —
802 3418 1078 3480 Iacobus
1099 3417 1491 3489 Gaﬂ'arellus,
1517 3417 1946 3502 provincialis,
1984 3417 2144 3478 libro
2159 3417 2527 3496 pererudito
2557 3418 2645 3478 De
2671 3415 3146 3489 curiositatibus
3181 3415 3528 3484 inauditis;
3555 3449 3628 3459 ——

387 3516 548 3575 ﬁlias
582 3514 970 3591 Ehinger-us,
1017 3519 1440 3591 Augustianos.
1473 3514 1548 3574 in
1596 3513 1988 3575 Bibliotheca
2022 3513 2428 3592 Augustam;
2463 3547 2534 3558 -——
2567 3513 2959 3591 Augustinus
3010 3511 3386 3584 Mascardus,
3434 3515 3626 3574 Trac-

391 3619 519 3673 tatu
545 3612 690 3672 uDe
724 3619 862 3672 arte
900 3611 1182 3690 poetica;
1215 3643 1286 3655 —-
1316 3611 1545 3673 Paulus
1573 3609 1960 3682 Bolduanus,
1985 3610 2051 3669 in
2081 3609 2832 3687 Bibliothecalhistorica;
2863 3641 2935 3653 —
2964 3609 3180 3669 Simon
3212 3607 3532 3680 Seardius,
3565 3611 3626 3681 J,

385 3709 450 3765 C.
488 3708 858 3778 Germanus,
896 3707 963 3767 in
1000 3707 1381 3783 meatione
1409 3706 1496 3767 ad
1523 3707 1599 3767 ιν
1635 3707 1978 3785 scriptores
2005 3707 2384 3775 Germanos;
2412 3705 2852 3769 —-.Bemaclus
2896 3705 3076 3778 Mosi,
3131 3707 3197 3766 in
3251 3706 3484 3766 Μυεωο
3523 3706 3626 3766 hi-

379 3802 658 3877 storiali,
694 3802 914 3864 Leodii
947 3801 1098 3863 1610
1127 3803 1194 3863 in
1227 3803 1283 3862 4³
1311 3803 1520 3876 edito;
1550 3833 1626 3848 -ο
1663 3803 1973 3872 Aubertus
1999 3803 2268 3878 Mirans,
2296 3805 2362 3865 in
2394 3803 2800 3864 Bibliotheca
2833 3803 3263 3864 ecclesiastica
3286 3803 3629 3870 Auctario;

377 3933 455 3943 —
493 3899 867 3961 Franciscus
898 3898 1292 3976 Augustinus
1312 3899 1391 3961 ab
1425 3898 1724 3970 Ecclesia,
1759 3898 2134 3960 Salutiarum
2160 3901 2524 3981 episcOpus,
2565 3901 2632 3961 in
2674 3902 2936 3962 Theatra
2976 3899 3317 3961 illustrium
3339 3900 3630 3961 doctrina

373 3995 746 4064 mulierum;
778 4027 852 4039 —-
881 3996 1160 4058 Joannes
1192 3996 1522 4069 Meursius,
1556 3996 1624 4056 in
1659 3993 1984 4058 Glossario
2021 3997 2554 4059 Graec-Barbara
2576 4041 2592 4069 ,
2636 4004 2705 4057 et
2755 3997 2823 4057 in
2857 3997 3032 4058 Notis
3067 3997 3146 4059 ad
3178 3998 3630 4076 Expositione:

377 4095 449 4153 in
507 4094 849 4156 Canticum
908 4095 1300 4154 canticorum
1361 4093 1576 4166 Pselli,
1641 4109 1789 4174 pag.
1862 4092 2012 4166 174;
2089 4123 2162 4136 —--
2224 4091 2556 4173 Philippus
2613 4094 2960 4168 Glassems,
3017 4093 3514 4174 Argentinensis,
3561 4093 3627 4152 in

374 4192 859 4268 Syngrammate
893 4188 1236 4259 historico;
1273 4225 1342 4235 —
1391 4190 1690 4252 Martinus
1728 4190 2004 4264 Crusins,
2043 4189 2106 4249 in
2165 4189 2630 4268 Proiegomenis
2660 4189 2742 4250 ad
2787 4193 3345 4254 Commentationes
3385 4193 3456 4252 in
3483 4195 3626 4270 pri-

375 4303 548 4346 mum
579 4286 810 4346 librum
840 4285 1081 4348 Iliados
1104 4288 1400 4355 Homeri,-
1448 4321 1516 4330 -—
1561 4288 1842 4348 Joannes
1881 4285 2217 4358 Seldcnus,
2273 4285 2529 4364 Anglus,
2591 4288 2654 4348 in
2713 4288 3173 4349 Commentario
3228 4290 3295 4350 in
3329 4287 3629 4365 Eutychii

377 4381 713 4460 Origines;
763 4416 835 4426 -
882 4381 1197 4460 Iosephus
1246 4382 1433 4443 Maria
1481 4383 1831 4454 Suaresius,
1890 4382 2371 4455 Avenionensis,
2421 4384 2654 4462 prmsul
2718 4385 3150 4457 Vasionensis,
3210 4384 3275 4446 in
3333 4383 3627 4445 Diatriba

371 4483 585 4558 prima
617 4479 692 4539 de
734 4479 1115 4550 universalis
1149 4479 1426 4540 historia
1456 4480 1714 4556 syntaxi
1732 4499 1751 4545 ;
1793 4511 1862 4522 ——-
1898 4477 2146 4539 Gabriel
2190 4479 2523 4551 Naudazus,
2551 4479 2902 4553 Parisinus,
2936 4481 3001 4540 in
3036 4481 3298 4559 Dialogo
3325 4479 3583 4558 politico
3605 4494 3633 4548 ;·

376 4610 456 4621 -
489 4577 558 4636 Ρ.
599 4574 933 4657 Philippus
963 4576 1196 4651 Labbe,
1228 4577 1663 4650 Bituricencis,
1697 4577 1830 4637 56c.
1867 4577 2038 4648 Jesu,
2070 4573 2130 4635 in
2158 4575 2549 4654 Protreptico
2580 4583 2637 4637 et
2658 4575 3086 4637 Delineatione
3111 4577 3472 4656 Apparatus
3496 4577 3622 4652 By-

370 4674 649 4733 zantina
676 4673 1010 4742 Historia;
1045 4699 1117 4717 -ι-
1153 4674 1427 4735 Jacob'us
1461 4673 1770 4754 Gujacius,
1805 4668 2085 4745 Tolosas,
2119 4673 2182 4732 in
2231 4671 2539 4751 Operibus
2573 4674 2785 4754 juris;
2818 4707 2893 4719 ο-
2925 4673 3174 4736 Nicetas
3218 4674 3628 4736 Acominatus

372 4770 721 4832 tihoniates
768 4769 832 4831 in
864 4771 1156 4830 Historia
1189 4771 1436 4838 Graca;
1479 4804 1550 4812 --
1580 4777 1800 4830 auctor
1847 4775 2204 4847 anonymus
2253 4773 2554 4850 Synopsis
2600 4772 2742 4832 vita
2783 4772 2978 4832 Anna
3031 4773 3378 4845 Comnena,
3437 4785 3627 4849 quam

371 4866 552 4928 brevi
582 4876 1050 4947 exspectamus,
1084 4884 1232 4929 cura
1266 4874 1327 4927 et
1362 4865 1573 4927 studio
1609 4867 1687 4928 Β.
1722 4867 1789 4926 Ρ.
1827 4866 1998 4926 Petri
2033 4865 2297 4929 P‘ossini.
