4104 6408
468 285 538 345 83
1781 283 2008 345 ANNIE
2053 285 2441 350 COMNEN/E
3325 331 3328 334 ~
3658 286 3731 350 84

477 401 597 454 vire
625 416 640 454 ε
671 398 755 453 sin
789 406 980 452 contra
1015 413 1102 454 res
1138 398 1254 468 ipsa
1286 398 1524 466 coegerit
1559 407 1617 452 ut
1659 400 1844 455 minus
1886 404 2029 456 inter

2164 406 2330 476 φύσιν
2354 406 2571 462 δέδοικα
2613 407 2774 461 πάλιν
2821 407 2946 471 τοὺς
2997 403 3494 476 φιλοσκώμμονας,
3527 404 3602 476 μή
3643 425 3735 477 μοι

469 492 598 546 dum
645 489 864 560 probari
890 489 1113 558 dignum
1148 505 1446 546 memorem
1479 491 1786 561 quidpiam,
1822 509 1928 548 non
1958 494 2055 550 de-

471 583 543 637 sit
577 597 639 636 ex
675 581 795 636 istis
821 581 889 636 ad
919 581 1354 636 maledicendum
1387 583 1577 652 pronis
1605 583 1701 652 qui
1727 583 1924 638 Chami
1957 598 2054 640 ex-

467 676 710 744 emplum
737 673 883 730 illius
904 682 1142 744 paterna:
1165 673 1480 746 ignominiae
1499 674 1857 740 traductoris,
1875 673 2054 746 usque

467 769 536 822 ab
588 767 700 822 Noe
761 769 1054 838 repetitum
1105 768 1156 821 in
1200 784 1288 823 me
1336 769 1619 838 impingat.
1669 769 1772 822 Per
1807 769 1906 823 has
1942 785 2048 839 ego

471 859 751 929 utrimque
779 859 992 928 positas
1031 859 1264 916 insidias
1305 861 1386 916 sic
1421 872 1610 930 parato
1659 875 1880 930 pergam
1917 863 2040 916 ani-

471 964 579 1013 mo,
618 960 677 1004 ut
731 951 1007 1022 susdeque
1041 952 1222 1006 habita
1258 952 1579 1020 impotentia
1635 969 1904 1008 caecarum
1981 954 2054 1009 ad

475 1041 610 1095 recti
648 1042 914 1112 pravique
943 1043 1396 1112 dijudit-otiouem
1425 1045 1688 1099 tuentium
1711 1085 1727 1107 ,
1759 1061 1880 1116 quae
1910 1046 2054 1101 invi-

469 1135 558 1188 dia
601 1137 851 1206 maleque
884 1137 1102 1191 dicendi
1141 1136 1372 1192 libidine
1424 1138 1735 1207 pracipites
1785 1154 1853 1194 ex
1893 1153 2057 1207 sequo

472 1231 524 1282 in
566 1232 746 1283 omnia
777 1230 1102 1294 incurrunt;
1133 1229 1414 1299 culpaeque
1442 1230 1524 1302 (ut
1549 1229 1820 1286 Homerus
1857 1231 2050 1302 habet)

470 1321 715 1389 expertia
749 1329 970 1390 pectora
1003 1323 1267 1391 culpant,
1308 1323 1542 1377 cilicium
1599 1323 1875 1378 historica:
1923 1339 2050 1394 pro-

471 1412 550 1466 [ιε
583 1413 724 1469 iunis
751 1414 938 1482 utique
969 1423 1206 1480 teneam,
1239 1415 1382 1482 quod
1416 1415 1600 1468 favore
1635 1414 1842 1484 pariter
1869 1422 2058 1486 atque

468 1503 597 1557 odio
639 1504 920 1559 interdicit
949 1506 998 1560 el
1038 1507 1132 1574 qui
1169 1505 1237 1559 ad
1269 1506 1591 1562 memoriam
1637 1519 1913 1577 gestarum
1961 1524 2059 1563 re-v

470 1610 594 1648 rum
634 1595 837 1654 litteris
878 1597 1192 1652 tradendam
1241 1613 1464 1668 operam
1503 1601 1794 1668 protltctur
1846 1615 2001 1656 suam
2031 1619 2058 1668 ;'

464 1687 730 1758 jubctque
764 1704 829 1744 ex
855 1705 1012 1760 aequo
1039 1690 1362 1761 dispensare
1387 1692 1816 1762 vituperationes
1840 1709 1903 1748 ac
1933 1694 2050 1748 lauo

2158 498 2254 552 τὸν
2321 499 2418 552 τοῦ
2487 499 2612 555 Νῶε
2679 499 2810 569 Χάμ
2877 499 3227 567 ιπενὲγκοιεν
3286 513 3303 531 ο
3371 499 3508 562 ἔπος
3571 494 3736 567 αλμοι

2159 589 2402 654 ἀπαντες
2429 591 2564 660 πρὸς
2596 591 2870 657 ἅπαντας,
2891 591 2987 645 καὶ
3009 592 3072 645 οὐ
3101 590 3448 663 καθορῶντες
3468 591 3529 644 τὸ
3552 590 3734 654 καλῶς

2159 679 2280 748 ἕχον
2316 679 2447 752 [ὑπὸ
2473 681 2798 754 βασκανίας]
2841 683 2934 736 καὶ
2959 682 3180 752 φθόνου,
3235 683 3333 736 καὶ
3370 683 3462 736 τὸν
3491 683 3734 736 ἀναίτιον
3839 747 3844 752 ν

2160 771 2308 844 (καθ’
2334 774 2584 843 ’Όμηρον
2615 773 2760 845 [ΕΗ
2805 775 3137 829 αἰτιόωνται.
3183 774 3352 828 Ὅταν
3403 773 3511 844 γὰρ
3557 777 3635 836 είς
3673 774 3736 827 τὸ

2158 867 2254 936 τῆς
2288 864 2396 937 [τις
2426 864 2508 938 τὸ]
2543 865 2788 936 ἱστορίας
2810 862 2944 936 ἦθος
2963 865 3344 938 ἀναλαμϐάνῃ,
3377 865 3735 919 ἐπιλαθέσθαι

2163 961 2270 1030 χρὴ
2306 959 2520 1022 εὐνοίας
2548 961 2643 1014 καὶ
2675 960 2901 1029 μίσους·
2933 961 3031 1014 καὶ
3057 959 3322 1022 πολλάκις
3348 963 3580 1028 κοσμεῖν
3603 960 3734 1021 τοὺς

2156 1051 2386 1122 ιχθροὺς
2421 1053 2535 1113 τοῖς
2569 1051 2856 1120 μεγίστοις
2896 1051 3144 1114 ἐπαίνοις
3175 1091 3190 1115 ,
3225 1053 3356 1105 ὃταν
3401 1051 3458 1104 αἱ
3500 1050 3733 1120 πράξεις

2155 1141 2432 1196 ἀπαιτῶσι
2462 1140 2648 1194 τοῦτο’
2693 1141 2956 1205 πολλάκις
3007 1140 3052 1194 δ’
3095 1139 3344 1210 ἐλέγχειν
3385 1141 3513 1202 τοὺς
3565 1141 3736 1206 ἀναγ-

2157 1235 2502 1297 καιοτάτους,
2534 1233 2663 1286 ὅταν
2704 1234 2762 1287 αι
2814 1233 2924 1286 τῶν
2955 1234 3410 1304 ἐπιτηδευμάτων
3457 1229 3728 1299 ἁμαρτίαι

2156 1327 2249 1382 τοῦ
2279 1327 2403 1381 καθ’
2436 1327 2836 1380 ὕποδεικνύωσι
2859 1327 3034 1400 [τοῦθ’
3062 1323 3500 1397 ὑποδεικνύωσι].
3531 1324 3736 1393 Διόπερ

2154 1412 2280 1466 οὔτε
2319 1413 2430 1466 τῶν
2463 1414 2635 1481 φίλων
2688 1413 3095 1478 καθάπτεσθαι,
3158 1413 3287 1466 οὕτε
3331 1415 3460 1477 τοὺς
3502 1413 3733 1482 ἐχθροὺς

2155 1507 2409 1561 ἐπαινεῖν
2451 1506 2732 1576 ὀκνητέον.
2773 1507 2918 1574 Ἐγὼ
2945 1507 3003 1560 δὲ
3032 1508 3125 1560 καὶ
3157 1507 3383 1570 τούτους
3415 1507 3729 1570 κάκείνους,

2154 1598 2250 1652 καὶ
2281 1598 2408 1659 τοὺς
2440 1598 2849 1668 ἠηττομένως
2881 1599 2972 1668 ὑφ’
3005 1599 3182 1668 ἡμῶν,
3229 1600 3325 1652 καὶ
3366 1599 3491 1660 τοὺς
3532 1597 3728 1650 ἀποδε-

2155 1689 2418 1757 κομένους
2443 1689 2614 1757 ἡμᾶς,
2650 1690 3161 1759 παραμυθησαίμην
3193 1689 3260 1743 ἂν
3287 1688 3398 1743 ἀπὸ
3413 1688 3523 1741 τῶν
3547 1702 3754 1790 πραγ-Ι

469 1779 566 1833 des
598 1779 763 1834 etiam
815 1782 1084 1837 maximas
1138 1783 1193 1836 in
1245 1799 1340 1838 eos
1395 1783 1485 1850 qui
1548 1792 1861 1848 merentur;
1903 1785 2051 1841 nullo

2162 1782 2349 1851 μάτων
2382 1780 2585 1842 αὐτῶν,
2637 1782 2733 1834 καὶ
2780 1780 2889 1834 τῶν
2933 1781 3258 1851 ἑωρακότων
3289 1781 3357 1834 τὰ
3394 1780 3696 1850 πράγματα

469 1871 722 1927 οιιιίοἰοὶαι
753 1875 1243 1930 necessitudinisvc
1298 1875 1618 1930 hostilitatis
1685 1877 2058 1933 simultatisve

469 1961 604 2018 disc:
623 1963 810 2020 imine.
841 1967 1032 2036 Itaque
1049 1974 1102 2021 et
1126 1982 1349 2036 Sperare
1377 1967 1565 2022 hostes
1589 1974 1645 2022 et
1678 1967 1870 2022 timere
1899 1968 2046 2024 cives

472 2066 636 2124 atque
689 2055 898 2112 amicos
930 2057 1124 2124 jubeo,
1183 2059 1501 2114 auditurum
1555 2075 1584 2111 a
1637 2074 1726 2113 me
1775 2074 2054 2130 quemque

2158 1873 2360 1938 αὐτούς
2383 1891 2444 1926 τε
2475 1874 2576 1928 καὶ
2598 1874 2668 1928 τὰ
2694 1875 3001 1946 πράγματα
3049 1873 3495 1944 μαρτυρουμένη.
3545 1870 3735 1923 Ἐνξων

2155 1968 2264 2038 γὰρ
2289 1968 2398 2022 τῶν
2424 1968 2516 2020 νῦν
2539 1969 2710 2022 ὄντων
2740 1969 3042 2040 ἀνθρώπων
3092 1970 3142 2022 οἱ
3180 1968 3280 2039 μὲν
3320 1966 3580 2037 πατέρες,
3602 1965 3656 2017 οἱ
3679 1963 3738 2016 tu

2160 2060 2380 2114 πάπποι
2403 2059 2674 2128 ἐγένοντο,
2707 2061 2760 2112 οἱ
2787 2059 2996 2113 τούτων
3027 2059 3362 2127 συνίστορες.

472 2147 714 2219 poilicita
749 2161 910 2221 prout
941 2152 1058 2208 suis
1100 2160 1249 2208 recte
1284 2168 1512 2209 secusve
1549 2153 1821 2209 consultis
1863 2168 1928 2210 ac
1961 2153 2121 2211 factis
2157 2155 2493 2224 promeritus
2522 2154 2651 2210 erit.
2728 2153 3009 2222 Utrosqua
3075 2159 3290 2215 autem,
3345 2161 3542 2217 nempe
3597 2159 3740 2214 quos

429 2233 432 2236 ’
483 2243 914 2313 reprehensione
941 2245 1284 2316 prmstrictos
1309 2243 1610 2308 oli'endero,
1643 2259 1893 2316 quosque
1921 2244 2059 2300 forte
2102 2245 2417 2300 laudatione
2455 2245 2714 2300 delinitos
2742 2243 2876 2297 mihi
2917 2242 3284 2298 conciliavero
3309 2279 3326 2304 ,
3394 2249 3590 2292 moneo
3665 2249 3737 2288 ne

472 2341 653 2412 petius
692 2358 756 2396 ex
795 2358 914 2397 meo
952 2341 1184 2413 judicio,
1231 2358 1396 2414 quam
1443 2358 1506 2397 ex
1544 2343 1773 2398 veritate
1823 2358 1889 2398 ac
1939 2341 2054 2398 fide
2083 2359 2264 2398 rerum
2294 2343 2539 2412 ipsarum
2600 2340 2877 2413 gaudendi
2941 2353 3137 2395 causas
3162 2336 3449 2394 dolendive
3477 2333 3734 2403 capiant;

471 2450 571 2490 nec
611 2437 742 2490 mihi
797 2438 1031 2506 publicte
1070 2439 1364 2502 memoriae
1410 2438 1721 2509 interpreti,
1767 2447 1931 2508 atque
1985 2439 2042 2493 in
2079 2440 2420 2494 conscientia
2455 2439 2802 2494 oculatorum
2837 2438 3083 2500 testium,
3117 2435 3211 2505 qui
3271 2435 3468 2504 partim
3538 2430 3735 2485 hodie-

470 2543 576 2598 que
610 2531 820 2596 vivuut,
853 2535 1046 2600 partim
1090 2534 1255 2590 hodie
1288 2535 1583 2590 viventium
1614 2544 1802 2603 patres
1830 2545 1922 2591 aut
1953 2535 2040 2590 avi
2085 2535 2328 2598 fuerunt,
2356 2536 2737 2592 aﬂirmationis
2769 2551 2904 2591 mea:
2957 2541 3236 2604 receptum
3283 2547 3348 2587 ac
3419 2531 3735 2584 firmamen-

470 2630 587 2676 tum
628 2633 880 2693 paratum
923 2626 1173 2692 habenti,
1211 2628 1592 2698 imputandum
1624 2638 1836 2699 putent,
1867 2643 2257 2698 quamcunque
2301 2632 2357 2684 in
2392 2639 2600 2700 partem
2633 2629 2878 2685 narratio
2939 2643 3058 2682 mea
3133 2625 3510 2696 propenderil.
3581 2624 3732 2677 Wfi‘

468 2721 564 2774 tati
603 2728 849 2776 actorum
881 2733 1072 2778 exacte
1107 2724 1472 2794 respondens.

539 2808 694 2865 Nunc
721 2827 845 2879 qua:
873 2814 1002 2868 mihi
1039 2817 1260 2872 occasio
1292 2817 1709 2886 exquisitiorem
1744 2832 1927 2874 rerum
1959 2833 2051 2890 ge-

2223 2817 2476 2872 Μάλιστα
2541 2816 2600 2870 δὲ
2653 2817 2735 2879 είς
2777 2815 2879 2885 τὴν
2935 2812 3182 2884 ἱστορίαν
3205 2809 3441 2882 ἐλήλυθα
3481 2807 3590 2862 τῶν
3632 2805 3732 2861 τοῦ

467 2914 675 2957 alarum
715 2905 890 2973 patris
925 2906 1028 2960 mei
1060 2908 1426 2975 cegnitionesr.
1462 2909 1739 2977 paraverit
1766 2924 2051 2977 exponen-

2156 2910 2363 2978 πατρὸς
2409 2909 2666 2980 πράξεων
2719 2911 2785 2962 ἐκ
2825 2907 3042 2961 τοιᾶσδε
3105 2905 3306 2968 αἰτίας.
3373 2902 3534 2972 Ἐμοὶ
3585 2899 3731 2970 ἀνὴρ

469 2995 603 3050 dum
642 3003 748 3050 est.
783 2995 1010 3052 Maritus
1051 2999 1185 3054 mitti
1240 3000 1343 3055 fuit
1375 3001 1618 3071 legitimo
1663 3003 1771 3056 ritu
1808 3003 2050 3072 conjun-

2156 3004 2369 3072 ιγένιτο
2393 3003 2538 3056 κατὰ
2570 3002 2768 3070 νόμους
2824 2999 3124 3068 συναφθεὶς
3154 2999 3184 3050 ὁ
3221 2998 3445 3065 Καῖσαρ
3489 2991 3736 3063 Νικηφό-

467 3098 594 3144 etus
622 3088 962 3160 Nicephorus
983 3092 1191 3155 Ctesar,
1220 3097 1435 3163 generis
1463 3095 1662 3150 seriem
1693 3095 1760 3150 ad
1787 3095 2051 3166 Bryenios

2156 3113 2245 3166 Ρος
2276 3095 2376 3166 (6).
2405 3097 2486 3158 εἰς
2511 3094 2612 3165 τὴν
2642 3093 2750 3147 τῶν
2785 3092 3097 3164 Βρυεννίων
3131 3089 3320 3158 σειρὰν
3351 3085 3690 3154 ἀναγόμενος
3710 3098 3726 3112 ·

467 3181 734 3246 referens,
755 3182 838 3238 vir
861 3195 913 3238 et
941 3182 1127 3239 formae
1151 3187 1466 3253 praestantia
1495 3197 1547 3240 et
1569 3187 2048 3242 consummatione

2156 3188 2296 3260 ἀνὴρ
2344 3189 2437 3242 καὶ
2478 3187 2713 3250 κάλλους
2757 3184 3055 3254 ὑπερϐολῇ,
3103 3182 3196 3235 καὶ
3237 3181 3506 3242 συνέσεως
3564 3176 3736 3247 ἀκρό-

470 3273 806 3342 prudentiae,
841 3284 895 3329 et
948 3275 1287 3344 perfectione
1325 3277 1590 3334 doctrinm
1617 3316 1632 3340 ,
1680 3279 1840 3349 longe
1879 3292 2048 3348 supra

2156 3299 2298 3351 τητι,
2362 3281 2458 3334 καὶ
2505 3281 2682 3348 λόγων
2726 3278 2982 3348 ἀκριϐείᾳ
3017 3276 3212 3347 μακρῷ
3244 3277 3370 3337 τοὺς
3415 3272 3538 3326 κατ’
3569 3270 3735 3324 αὐτὸν

468 3383 659 3423 omnes
681 3369 928 3438 quiltunc
957 3379 1139 3434 erant,
1158 3370 1518 3425 antecellens.
1547 3370 1869 3425 Miraculum
1895 3386 2048 3440 prora

2156 3373 2531 3443 ὑπερϐάλλων.
2558 3373 2670 3424 Θαῦ
2681 3390 2757 3442 μα
2793 3372 2904 3441 γὰρ
2927 3366 2995 3442 ἦν
3018 3371 3278 3439 ἄντικρυς
3301 3367 3396 3420 καὶ
3427 3364 3730 3433 ὁρώμενος,

467 3475 561 3514 sus
605 3461 782 3515 oculis
839 3461 1142 3515 videntium
1195 3463 1536 3532 auribusque
1602 3463 2043 3518 auscultantium

465 3551 722 3606 amamus.
761 3553 864 3607 Sed
900 3567 966 3608 ne
1001 3554 1069 3608 de
1100 3553 1188 3608 via
1224 3569 1498 3609 excursus
1549 3570 1633 3609 me
1667 3555 1888 3622 quidam
1916 3546 2054 3609 effc-

469 3653 572 3700 iat.
613 3661 712 3715 age
743 3645 886 3714 quod
926 3662 1072 3701 nunc
1104 3662 1246 3716 opus
1285 3658 1368 3702 est
1410 3648 1724 3703 reddamus.
1773 3646 1871 3700 llic
1909 3646 2052 3702 inter

468 3755 659 3791 oumes
691 3738 1106 3794 illustrissimus
1134 3755 1256 3793 cum
1291 3741 1578 3794 militarem
1606 3755 1828 3809 operam
1850 3737 2050 3793 Joauui

465 3832 711 3899 Augusto
769 3838 994 3885 navaret
1060 3830 1214 3885 fratri
1286 3847 1427 3893 meo,
1487 3841 1598 3884 tum
1635 3831 1759 3886 aliis
1785 3830 2051 3885 adversus

466 3923 737 3977 Barbaros
780 3923 973 3988 hellis,
1026 3933 1140 3978 tum
1185 3924 1278 3978 illo
1317 3923 1466 3993 quod
1505 3924 1558 3978 in
1614 3939 1707 3978 eos
1753 3922 1923 3993 gessit
1959 3923 2048 3992 qui

465 4014 812 4068 Antiochiam
861 4017 1202 4082 obtinebant,
1239 4033 1306 4071 ne
1339 4016 1482 4070 inter
1523 4016 1674 4084 ipsos
1703 4015 1926 4085 quidem
1954 4031 2051 4068 ex-

469 4105 764 4172 peditionis
811 4107 1025 4162 labores
1075 4122 1265 4162 carere
1313 4109 1512 4162 litteris
1563 4109 1871 4173 sustinens,
1905 4121 2054 4160 com-

472 4193 752 4247 mentandi
779 4197 928 4250 vices
960 4205 1122 4266 prout
1153 4197 1515 4252 res'sinerent
1557 4199 1899 4269 negotiorum
1935 4207 2051 4251 tur-

471 4285 553 4339 bis
594 4287 893 4343 inserebat.
929 4288 1045 4354 Qua
1077 4289 1358 4359 diligentia
1383 4307 1506 4346 cum
1543 4291 1645 4346 alia
1672 4289 1898 4361 perfecit
1931 4289 2052 4344 luce

470 4377 737 4446 laudeque
781 4378 966 4449 digna,
1002 4390 1115 4434 tum
1158 4383 1502 4452 potissimum
1541 4383 1791 4438 incubuit
1825 4383 1878 4436 in
1912 4397 2052 4450 opus

468 4472 622 4537 quod
641 4473 1100 4540 complecteretur
1132 4476 1262 4529 Acta
1295 4476 1641 4544 imperatoris
1661 4476 2043 4529 Romanorum

2153 3464 2248 3516 καὶ
2280 3460 2655 3532 ἀκροώμενος.
2687 3463 2796 3514 Καὶ
2828 3462 2918 3515 ἵνα
2958 3460 3032 3530 μὴ
3075 3461 3102 3512 ὁ
3136 3459 3292 3526 λόγος
3323 3457 3418 3526 τῆς
3449 3455 3730 3524 λεωφόρου

2153 3541 2562 3624 ἐκτρέποιτοτὸ
2588 3552 2912 3622 παρδν,ςτῶν
2939 3549 3133 3620 ἐφεξῆς
3170 3548 3448 3618 ἐχώμεθα.
3479 3539 3587 3598 Ἦν
3633 3545 3732 3615 μὲν

2152 3641 2254 3698 οὖν
2307 3647 2365 3697 ὲν
2425 3645 2593 3697 πᾶσιν
2658 3644 3130 3713 ἐπιφανέστατος,
3201 3638 3636 3708 συνεστράτευσε
3688 3633 3736 3687 δ’

2165 3735 2393 3807 Ἰωάννῃ
2448 3735 2526 3804 τῷ
2577 3735 2942 3804 αὐτοκράτορι
2985 3733 3105 3803 ὲμῷ
3157 3731 3408 3799 ἀδελφῷ,
3461 3729 3558 3782 καὶ
3610 3725 3737 3780 κατ’

2155 3828 2334 3883 ἄλλων
2381 3828 2478 3897 μὲν
2513 3827 2814 3896 Βαρϐάρων
2869 3826 3049 3896 ἔχοντι
3095 3824 3194 3891 τὴν
3227 3823 3502 3892 Ἀντιόχου
3553 3820 3734 3875 πόλιν.

2166 3917 2304 3971 Ἀλλ’
2335 3917 2361 3972 ὃ
2395 3935 2459 3988 γε
2482 3919 2728 3984 Καῖσαρ,
2756 3917 2858 3971 οὐκ
2883 3916 3040 3980 εἰδὼς
3074 3917 3297 3985 ἀμελεῖν
3324 3915 3416 3968 τοῦ
3445 3915 3605 3982 λόγου
3638 3912 3736 3965 καὶ

2153 4011 2212 4064 ἐν
2243 4011 2430 4075 κόποις
2481 4012 2576 4065 καὶ
2624 4012 2831 4077 πόνοις,
2879 4013 3188 4081 συνέγραφε
3229 4011 3329 4080 μὲν
3362 4011 3455 4063 καὶ
3482 4009 3618 4062 ἄλλα
3663 4007 3734 4058 τὰ

2161 4104 2574 4175 συγγράμματα
2607 4103 2749 4176 [τινὰ
2782 4103 2934 4175 συγ.]
2981 4105 3202 4174 μνήμης
3229 4105 3324 4156 καὶ
3360 4103 3521 4171 λόγου
3555 4103 3679 4169 ἄξια
3713 4117 3729 4130 ’

2155 4194 2436 4265 προείλετο
2495 4194 2552 4248 δὲ
2603 4195 2839 4262 μάλιστα
2884 4195 2953 4248 τά
2997 4195 3140 4248 κατὰ
3193 4195 3286 4248 τὸν
3333 4193 3589 4257 Ἀλέξων,
3643 4193 3732 4246 τὸν

2155 4285 2537 4353 αὐτοκράτορα
2574 4284 2888 4353 Ῥωμαίων.
2921 4286 3018 4337 καὶ
3053 4285 3188 4352 ὲμδν
3232 4285 3444 4352 πατέρα
3481 4283 3732 4352 συγγρά-

2153 4376 2252 4448 ψαι
2312 4377 2372 4443 ἐξ
2428 4379 2698 4446 ἐπιταγῆς
2761 4377 2864 4446 τῆς
2904 4377 3211 4446 βασιλίδος·
3266 4383 3362 4430 καὶ
3408 4380 3467 4428 ὲν
3521 4377 3727 4448 stem;

2157 4473 2398 4526 ἐνθεῖναι
2428 4471 2525 4534 τὰς
2556 4470 2783 4541 πράξεις
2818 4471 2916 4539 τῆς
2948 4470 3224 4538 βασιλείας
3253 4470 3442 4534 αὑτοῦ,
3499 4471 3555 4522 ἐν
3579 4463 3731 4538 ᾧπερ

467 4562 638 4616 Alexii
673 4568 840 4633 patris
882 4565 1026 4632 mei,
1076 4566 1128 4620 id
1171 4567 1239 4621 ab
1289 4584 1352 4622 eo
1394 4569 1638 4636 Augusta
1687 4567 2041 4635 eﬂlagitante.

2156 4567 2181 4618 ὁ
2216 4563 2407 4632 καιρὸς
2437 4563 2608 4617 ἐδίδου
2633 4562 2833 4630 τούτῳ,
2875 4561 2986 4612 τῶν
3012 4562 3196 4614 ὅπλων
3231 4562 3323 4612 καὶ
3361 4560 3455 4613 τοῦ
3486 4559 3732 4626 πολέμου

469 4654 698 4720 Quoties
729 4656 891 4725 igitur
923 4659 1214 4712 laxamenti
1249 4659 1455 4730 aliquid
1493 4674 1558 4713 ac
1582 4658 1748 4727 spatii
1776 4657 1930 4710 labor
1966 4655 2044 4709 illi

473 4745 728 4801 militaris
771 4747 957 4814 dabat,
985 4756 1158 4802 totum
1208 4749 1338 4803 illud
1372 4764 1558 4804 rarum
1593 4749 1763 4804 otium
1793 4747 2051 4801 subseci-

469 4853 659 4891 vorum
704 4846 1007 4907 temporum
1048 4855 1113 4896 ex
1148 4843 1448 4898 intervallis
1478 4839 1751 4897 constanti
1789 4856 2046 4910 perseve-

2155 4656 2264 4726 βρά
2306 4672 2360 4707 τι
2391 4653 2592 4725 [βραχύ
2645 4653 2723 4725 τι]
2775 4651 3145 4718 ἀπαλλαγέντι
3176 4692 3190 4714 ,
3240 4651 3532 4719 ἐπιϐλέψαι
3595 4651 3734 4721 πρὸς

2157 4747 2488 4816 συγγραφὰς
2540 4748 2636 4798 καὶ
2664 4744 2919 4812 λογικούς
2958 4760 3114 4806 τινας
3145 4741 3362 4805 πόνους.
3407 4741 3515 4794 Καὶ
3545 4740 3608 4809 δὴ
3639 4741 3733 4792 καὶ

2149 4841 2362 4912 ἤρξατο
2386 4843 2484 4909 τῆς
2507 4838 2854 4908 συγγραφῆς,
2872 4837 2952 4899 είς
2976 4837 3101 4896 τοὺς
3130 4837 3398 4890 ἀνέκαθεν
3434 4834 3734 4902 ἀνενέγκας

473 4929 655 4984 rantia
683 4931 899 4986 dicabat
945 4933 1334 4990 clucnbrnndis
1365 4935 1546 4996 libris,
1587 4933 1789 5003 quibus
1830 4947 1921 4989 res
1977 4932 2047 4987 ab

2156 4929 2379 5000 χρόνους
2425 4929 2516 4982 τὸν
2559 4927 2736 4996 λόγον,
2779 4927 2857 4995 τῷ
2905 4929 3004 4997 τῆς
3064 4927 3355 4995 δεσποίνης
3410 4925 3570 4996 ἡμῶν
3622 4926 3726 4977 κάν

471 5021 684 5086 Alexio,
732 5026 1039 5090 praesertim
1074 5025 1184 5091 jam
1220 5027 1549 5096 imperante,
1599 5035 1784 5094 gestas
1824 5025 1888 5077 ad
1931 5039 2050 5077 me-

2156 5024 2326 5095 τούτῳ
2354 5023 2599 5076 ὑπείκων
2645 5021 3058 5090 προστάγματι.
3106 5020 3237 5073 Ἀπὸ
3281 5021 3379 5072 διο.
3437 5022 3529 5072 τοῦ
3579 5021 3732 5071 αὐτο·

473 5113 706 5168 ιηοτίὀιη
758 5127 1092 5184 exponeret,
1155 5117 1315 5171 initio
1384 5117 1703 5185 scriptionis
1755 5131 1932 5186 uSquc
1982 5114 2050 5167 ah

2156 5119 2420 5188 κράτορος
2460 5112 2788 5183 Ῥωμαίων,
2848 5111 3180 5182 ἀρξάμενος,
3233 5115 3330 5166 καὶ
3377 5111 3731 5166 καταϐαίνων

477 5205 711 5261 Romani
768 5207 1026 5278 Diogenis
1079 5217 1237 5263 aetate
1287 5209 1518 5278 repetito
1569 5213 1754 5276 (prout
1815 5206 1883 5260 ab
1932 5205 2051 5274 ipso

2156 5213 2232 5271 εἰς
2263 5209 2428 5263 αὑτὸν
2457 5207 2690 5269 ἐκείνοις
2735 5205 3015 5276 Ιὲκεῐνον],
3073 5208 3204 5275 περὶ
3236 5199 3299 5260 οὗ
3329 5205 3428 5274 τὴν
3459 5205 3726 5272 πρότασιν

475 5297 667 5353 eadem
710 5310 903 5352 auctor
939 5299 1098 5354 istius
1137 5299 1358 5354 consilii
1415 5300 1640 5352 domina
1698 5305 1884 5351 nostra
1919 5312 2051 5352 eom-

2156 5301 2475 5370 ὲποιήσατο.
2503 5299 2636 5352 Τότε
2671 5299 2780 5368 γάρ
2810 5297 2908 5352 καὶ
2949 5299 3148 5352 ἀνθοῦν
3178 5294 3324 5368 εἶχεν
3355 5300 3382 5350 ὁ
3415 5299 3606 5367 χρόνος
3635 5296 3729 5350 τδν

480 5393 787 5466 tendcrat);
840 5394 968 5448 inde
1011 5395 1256 5449 secundo
1305 5391 1456 5446 ﬂuxu
1488 5401 1790 5460 temporum
1820 5405 1932 5444 rem
1989 5392 2051 5445 ad

2157 5391 2288 5462 ἐμὸν
2319 5392 2534 5462 πατέρα
2566 5391 2851 5463 μειράκιον
2881 5391 3354 5463 παραγγείλαντα.
3385 5391 3460 5443 Τό
3489 5391 3596 5461 γάρ
3621 5389 3729 5460 πρὸ

1579 5535 1717 5596 Car.
1756 5533 2062 5596 Dufresnii
2089 5537 2178 5597 Du
2210 5534 2421 5614 Cangii
2454 5541 2644 5596 notae.

555 5678 850 5752 (53")7Ilind.
884 5702 938 5746 α,
965 5699 1016 5737 v.
1041 5685 1165 5737 653.
1852 5750 1862 5752 μ
2151 5683 2330 5752 gimus
2358 5680 2410 5752 in
2433 5687 2718 5752 stemmate
2738 5678 3099 5752 Comngntco,
3125 5676 3575 5752 (l’ideinloanue
3607 5676 3733 5736 Cia-

552 5749 626 5818 t6)
663 5751 723 5803 ὀ
746 5753 973 5821 Καῖσαρ
1001 5753 1368 5823 Νικηφόρος,
1403 5754 1469 5809 de
1501 5767 1608 5825 quo
1641 5750 1898 5807 nonnulla
1930 5753 2051 5805 attia

2156 5747 2332 5818 immo,
2367 5749 2689 5820 Patrologiw
2722 5760 2759 5805 ι.
2799 5747 3150 5819 CXXXIII.)
