4104 6412
515 311 587 373 37
1788 295 2011 358 ANNJS
2053 287 2431 353 COMNENE
3683 288 3754 351 88

517 419 867 478 meditatione
899 397 1256 472 scientiarum
1295 411 1641 481 leetioneque
1678 423 1739 464 ac
1770 407 2069 464 eruditione

2188 406 2286 460 καὶ
2317 405 2538 477 χάριτος
2588 401 2986 476 ἐπιτρεχούσης
3031 403 3146 468 τοῖς
3179 401 3388 474 μέλεσι,
3429 401 3527 456 καὶ
3577 403 3755 469 εἴδους

507 513 681 577 varia,
725 511 842 566 sive
874 518 1154 564 externam
1181 506 1296 561 sive
1324 511 1628 558 nostratem
1673 501 1859 563 malis,
1885 499 2074 554 eodem

508 605 611 659 hoc
640 601 1002 659 instructior?
1024 599 1142 654 Jam
1163 597 1286 669 quis
1303 595 1491 669 gratiae
1521 595 1670 666 lepos
1697 609 1762 648 ex
1785 600 1898 647 tota
1933 591 2080 646 efllo-

507 709 733 750 I‘BSCCDS
788 709 992 764 perque
1038 701 1208 747 ιοιαηι
1279 690 1484 748 eﬂusus
1543 701 1855 758 compagem
1909 700 2080 739 mctn-

507 787 757 851 brorum,
805 785 989 857 specie
1032 799 1096 839 ac
1148 782 1323 839 forma
1376 797 1485 837 non
1539 781 1738 842 solum,
1776 777 1923 848 quod
1969 776 2076 830 dici

505 877 665 946 solet,
699 877 862 949 digna
898 877 1152 947 imperio,
1200 876 1294 932 sed
1340 875 1580 930 divinam
1617 871 1930 943 quampiam
1961 869 2078 939 spi-

504 979 658 1025 rante
689 969 1080 1038 majestatem?
1115 967 1378 1039 Equidem
1426 967 1613 1035 ignara
1655 963 1920 1017 malorum
1967 977 2074 1017 non

501 1076 650 1126 sum,
705 1061 826 1118 aliis
873 1063 1076 1131 passim
1131 1076 1160 1115 a
1191 1059 1425 1130 pueritia
1474 1056 1734 1128 gravibus
1782 1065 1837 1111 et
1885 1056 2074 1111 multis

503 1153 740 1207 exercita
773 1152 1016 1208 casibus.
1039 1151 1140 1207 Ubi
1166 1152 1313 1207 enim
1340 1151 1467 1224 quis
1496 1149 1782 1221 exceperit
1812 1149 2071 1204 nascendi

506 1243 849 1309 felicitatem,
905 1253 1170 1313 augustos
1221 1253 1497 1312 parentes,
1555 1251 1609 1297 et
1659 1257 1959 1312 purpuram
2016 1240 2113 1319 in.

500 1352 608 1404 qua
657 1343 874 1404 reptare
923 1337 1055 1390 mihi
1089 1335 1338 1406 contigit,
1372 1345 1566 1390 caetera
1612 1333 1829 1405 quidem
1881 1342 2072 1390 nostra

499 1429 547 1482 si
580 1429 878 1484 attenderit
933 1429 1092 1484 facile
1123 1439 1436 1498 agnoscet:
1481 1429 1754 1483 fortunam
1805 1428 1986 1484 statim
2041 1443 2072 1482 a

499 1522 664 1591 regiis
701 1523 836 1589 illis,
867 1538 1006 1593 quas
1035 1523 1169 1587 dixi,
1199 1521 1358 1578 cunis
1389 1536 1452 1577 ac
1500 1521 1708 1587 fasciis,
1745 1523 1902 1592 quasi
1953 1527 2073 1592 pOst

499 1613 775 1668 modicum
810 1623 866 1668 et
896 1614 1164 1684 perﬁdum
1201 1614 1462 1680 arrisum,
1494 1624 1717 1682 repente
1749 1612 2072 1668 obnubilato

501 1709 652 1762 vultu
686 1709 739 1762 in
770 1709 938 1762 vitam
989 1707 1193 1763 deinde
1226 1721 1399 1762 meam
1465 1708 1733 1777 reliquam
1773 1707 1909 1762 nihil
1963 1706 2069 1761 nisi

498 1799 720 1856 nimbos
751 1809 806 1856 et
829 1800 1101 1870 procellas
1132 1799 1454 1854 immisisse.
1486 1798 1701 1864 Quibus
1744 1795 1914 1862 enim,
1966 1799 2068 1851 heu

499 1894 620 1946 me!
657 1895 994 1962 quantisque
1038 1891 1246 1962 jactata
1299 1889 1579 1956 ﬂuctibus,
1613 1906 1777 1959 quam
1815 1888 1975 1945 szevis
2012 1903 2073 1942 ac

496 1985 918 2048 vehementibus
965 1984 1284 2040 incursibus
1323 1983 1770 2052 lmpulsibusquc
1799 1994 2070 2036 concussa

496 2078 656 2130 sum!
688 2077 964 2147 Orpheum
1015 2079 1199 2131 ferunt
1255 2077 1384 2131 dum
1419 2085 1644 2130 caneret
1679 2074 1994 2131 concitasse
2017 2073 2072 2127 in

500 2180 708 2225 motum
762 2186 928 2241 rupes
973 2186 1038 2226 ac
1114 2166 1301 2236 silvas',
1355 2183 1724 2238 cmteramque
1813 2179 2069 2223 naturam

496 2278 697 2318 sensus
749 2275 1054 2332 expertem.
1109 2263 1459 2317 Timotheum
1518 2277 1739 2332 quoque
1789 2261 2068 2317 tibicinem

495 2355 585 2408 ubi
617 2370 860 2420 carmen,
920 2356 1065 2424 quod
1103 2353 1356 2409 Ortliium
1416 2365 1634 2416 vocant,
1689 2369 1877 2409 coram
1921 2363 2072 2410 esset

493 2445 804 2501 Alexandro
830 2446 1170 2512 modulatus,
1200 2448 1269 2501 ita
1291 2447 1418 2501 imis
1443 2446 1704 2502 sensibus
1733 2447 2071 2515 permovisse

494 2537 868 2604 Macedonem,
920 2549 977 2593 ut
1036 2539 1083 2594 is
1119 2539 1182 2592 ad
1241 2553 1395 2592 arma
1433 2548 1656 2608 repente
1711 2554 1776 2592 ac
1829 2538 2064 2608 gladium

492 2639 696 2684 rueret.
722 2630 834 2699 Ego
863 2629 909 2685 si
938 2645 1085 2685 meas
1107 2630 1453 2685 calamitates
1480 2630 1758 2700 explicare
1782 2646 2065 2701 pergerem

493 2723 792 2788 narrando,
827 2739 937 2777 non
965 2724 1218 2793 equidem
1254 2724 1319 2777 ad
1343 2723 1786 2793 progressionem
1823 2731 1915 2777 aut
1943 2740 2068 2778 cur-

491 2836 638 2884 sum,
673 2833 856 2888 neque
886 2820 950 2873 ad
996 2836 1147 2875 arma
1183 2835 1510 2890 pugnamve,
1560 2819 1654 2875 sed
1688 2830 1837 2876 certe
1888 2821 1952 2874 ad
1987 2821 2064 2874 la-

488 2927 709 2982 rrymas
743 2914 1085 2981 speraverim
1143 2929 1228 2968 me
1282 2920 1684 2968 commoturum
1740 2913 2062 2968 auditorem.

487 3005 809 3060 Auditorem
841 3005 1004 3060 dico?
1037 3005 1200 3060 etiam
1236 3007 1439 3059 animal
1483 3006 1740 3092 quodvis.
1777 3007 1942 3061 etiam
1978 3021 2066 3062 res

2180 499 2282 552 οὐκ
2315 499 2470 563 άξίου
2503 497 2818 570 τυραννίδος
2847 496 2944 566 (ὥς
2984 512 3131 558 τινες
3161 495 3416 562 λέγουσιν
3447 495 3556 564 (8))
3615 493 3752 548 ἀλλὰ

2183 593 2280 646 καὶ
2338 591 2619 663 θειοτέρας
2675 591 2770 644 καὶ
2829 590 3171 661 κρείττονοςι
3235 589 3446 656 Ἐγωγ’
3511 589 3607 642 οὖν
3658 590 3754 641 καὶ

2183 685 2398 749 πολλοῖς
2437 685 2619 746 ἄλλοις
2657 683 3106 754 προσωμιλήκειν
3133 680 3327 741 δεινοῖς
3357 678 3453 749 (9),
3475 680 3538 733 έκ
3571 679 3750 748 μέσων

2180 778 2290 832 τῶν
2325 776 2668 848 πορφυρόθεν
2721 775 3076 846 σπαργάνων,
3102 771 3176 835 ὡς
3223 771 3396 834 οὕτως
3429 773 3625 834 εἰπεῖν,
3655 769 3754 822 καὶ

2178 873 2378 944 τύχαις
2428 871 2752 942 ἐχρησάμην
2799 871 2899 922 οὐκ
2931 867 3200 936 ἀγαθαῖς·
3251 865 3301 918 εί
3358 865 3432 934 μή
3479 880 3564 927 τις
3604 863 3751 916 θεῖτο

2179 967 2350 1037 τύχην
2414 965 2517 1020 οὐκ
2569 962 2782 1035 ἀγαθὴν
2818 963 2912 1016 καὶ
2944 957 3386 1031 προσμειδιῶσάν
3415 973 3506 1027 μοι
3545 956 3648 1026 τήν
3687 971 3749 1008 τε

2178 1057 2511 1128 γειναμένην
2573 1055 2744 1127 αὐτὴν
2821 1054 2914 1109 καλ⁵
2962 1052 3053 1107 τὸν
3100 1051 3332 1106 τεκόντα
3391 1049 3520 1112 τοὺς
3585 1049 3751 1103 αὖτο-

2176 1149 2476 1221 κράτορας,
2532 1149 2628 1202 καὶ
2675 1147 2774 1218 τὴν
2821 1146 3110 1218 πορφύραν
3171 1145 3258 1213 ἐφ’
3285 1139 3354 1216 ἦς
3395 1141 3748 1212 ἐϐλάστησαο
3827 1141 3832 1143 ’

2174 1245 2242 1298 τὰ
2281 1244 2388 1315 γὰρ
2427 1243 2585 1306 ἄλλα,
2620 1241 2722 1311 φεῦ
2748 1241 2860 1296 τῶν
2892 1239 3187 1311 κυμάτωνῑ
3240 1236 3340 1306 φεῦ
3385 1236 3497 1289 τῶν
3545 1237 3751 1288 ἐπανα-

2177 1339 2453 1395 στάσεωνί
2508 1337 2740 1409 Ὀρφεὺς
2776 1334 2878 1405 μὲν
2907 1331 3003 1388 οὖν
3035 1331 3178 1405 ᾅδων
3222 1333 3318 1386 καί
3365 1329 3550 1392 λίθους
3580 1327 3751 1381 ἐκίνει

2175 1431 2272 1486 καὶ
2321 1430 2478 1496 ξύλα,
2527 1430 2622 1484 καὶ
2680 1427 2782 1500 τὴν
2819 1427 3025 1498 ἄψυχον
3078 1424 3264 1487 άπλῶς
3321 1423 3485 1492 φύσιν
3524 1436 3540 1454 ·
3573 1420 3748 1490 Τιμό-

2175 1525 2298 1589 θεος
2337 1523 2450 1596 (10)
2485 1523 2542 1578 δὲ
2567 1524 2594 1577 6
2623 1521 2865 1592 αὑλητὴς
2887 1520 2981 1574 τὸν
3016 1517 3199 1589 δρθιόν
3223 1533 3355 1570 ποτε
3413 1514 3750 1582 Ἀλεξάνδρῳ

2174 1617 2442 1690 αὐλήσας,
2503 1618 2586 1681 είς
2641 1615 2710 1669 τὰ
2747 1613 2890 1668 ὅπλα
2943 1609 3290 1682 παραχρῆμα
3343 1606 3440 1662 καὶ
3498 1606 3561 1659 τὸ
3597 1604 3753 1673 ξίφος

2176 1710 2343 1765 ἐκίνει
2367 1707 2460 1763 τὸν
2483 1707 2790 1763 Μακεδόνα.
2815 1705 2896 1759 Τά
2918 1704 2976 1759 δέ
3009 1719 3073 1772 γε
3109 1701 3232 1756 κατ’
3269 1701 3370 1770 ἐμὲ
3429 1698 3751 1767 διηγήματα

2177 1803 2238 1856 οὐ
2270 1802 2508 1871 τοπικήν
2535 1817 2657 1852 τινα
2683 1798 2927 1870 κίνησιν,
2950 1797 3072 1850 οὐδὲ
3093 1794 3231 1866 πρὸς
3255 1791 3396 1845 ὅπλα
3425 1791 3521 1844 καὶ
3547 1791 3750 1860 μάχην,

2177 1895 2294 1949 ἀλλ’
2325 1897 2382 1957 ές
2412 1893 2625 1963 δάκρυα
2669 1891 2762 1944 τὸν
2801 1889 3080 1960 ἀκροατὴν
3113 1885 3465 1956 συγκινὴσειε
3489 1902 3503 1916 ·
3529 1885 3624 1937 καὶ
3653 1884 3753 1936 οὐκ

2179 1983 2514 2056 αἰσθητικὴν
2541 1983 2724 2053 μόνον,
2753 1981 2889 2036 ἀλλὰ
2914 1981 3010 2034 καὶ
3035 1979 3245 2049 ἄψυχον
3279 1977 3445 2046 φύσιν
3477 1977 3557 2035 είς
3582 1973 3753 2036 πάθος

2175 2079 2586 2150 καταναγκάσῃ.
2621 2076 2696 2128 Τὸ
2738 2075 2921 2144 μέντοι
2965 2072 3138 2134 πάθος
3167 2071 3229 2124 τὸ
3282 2071 3414 2140 περὶ
3465 2067 3558 2122 τὸν
3609 2066 3752 2121 Καί-

2177 2188 2342 2242 σαρα,
2375 2168 2469 2222 καὶ
2501 2168 2528 2221 6
2558 2165 2677 2220 κατ’
2710 2165 2873 2219 αὐτὸν
2909 2164 3235 2224 ἀνέλπιστος
3287 2161 3542 2224 θάνατος,
3578 2160 3750 2228 αὐτῆς

2176 2279 2280 2332 μου
2308 2261 2568 2315 καθίκετο
2596 2259 2696 2330 τῆς
2743 2258 2946 2327 ψυχῆς,
2977 2260 3074 2311 καῖ⁵
3128 2259 3184 2320 ές
3217 2256 3380 2326 βάθος
3426 2255 3486 2308 τὸ
3523 2253 3748 2324 τραῦμα

2171 2355 2495 2426 εἰργάσατο.
2555 2353 2667 2407 Καὶ
2697 2352 2939 2423 ἠγοῦμαι
2967 2351 3068 2413 τὰς
3104 2348 3504 2421 προειληφυίας
3537 2363 3748 2416 συμφο-

2173 2448 2274 2519 ρὰς
2333 2446 2470 2518 πρὸς
2511 2445 2716 2515 ταύτην
2745 2445 2845 2516 τὴν
2874 2443 3154 2512 ἄπληστον
3204 2439 3492 2511 συμφοράν
3533 2437 3746 2508 ψεκάδα

2171 2541 2244 2604 ὡς
2272 2539 2430 2602 ὄντας
2466 2538 2680 2610 (ὅντως)
2717 2536 2854 2607 πρὸς
2905 2537 3026 2590 ὅλον
3069 2535 3421 2590 Ἀτλαντικὸν
3485 2534 3742 2600 πέλαγος,

2171 2635 2201 2704 ἥ
2238 2632 2332 2686 τοῦ
2373 2630 2719 2702 Ἀδριατικοῦ
2748 2631 3023 2698 πελάγους
3051 2629 3119 2682 τὰ
3151 2627 3396 2697 κύματα.
3424 2625 3639 2680 Μᾶλλον
3661 2623 3742 2686 δὲ,

2170 2725 2248 2789 ὡς
2289 2725 2502 2789 ἔοικεν,
2541 2719 2684 2795 ἦσαν
2717 2725 2929 2777 ἐκεῖναι
2960 2721 3166 2774 τούτων
3203 2720 3504 2789 προοίμια*
3536 2715 3633 2770 καί
3677 2732 3745 2786 με

2173 2815 2704 2887 προκατελάμϐανεν
2747 2816 2774 2868 6
2809 2812 3020 2878 καπνὸς
3055 2812 3152 2867 τοῦ
3186 2810 3507 2882 καμινιαίου
3546 2808 3744 2862 τούτου

2170 2911 2345 2981 πυρὸς
2368 2949 2384 2972 ,
2419 2911 2513 2964 καὶ
2546 2912 2574 2963 6
2611 2907 2834 2963 καύσων
2878 2909 3088 2970 ἐκεῖνος
3116 2908 3216 2976 τῆς
3248 2904 3489 2976 ἀρρήτου
3536 2901 3744 2970 ταύτης

2171 3003 2519 3076 φλογὼσεως,
2572 3003 2670 3056 καὶ
2695 3004 2763 3056 τά
2791 2999 2916 3054 καθ’
2956 3000 3172 3070 ἡμέραν
3201 2998 3373 3066 πυρὸς
3398 2997 3498 3065 τῆς
3531 2997 3743 3064 άφάτου

489 3098 688 3152 animae
725 3113 788 3150 ac
829 3112 1026 3152 sensus
1053 3105 1308 3166 expertes
1337 3113 1420 3153 me
1476 3098 1530 3152 in
1565 3085 2064 3154 commiserationis

2173 3097 2471 3167 πυρκαϊᾶς.
2526 3096 2590 3148 Ὦ
2657 3095 2828 3167 πυρδς
2883 3095 3014 3149 ἄνευ
3071 3093 3203 3162 ὕλης
3265 3085 3742 3160 άποτεφροῠντοςῗ

489 3202 714 3243 sensum
754 3187 846 3241 tali
880 3188 1130 3242 oratione
1163 3187 1477 3242 adacturam
1509 3190 1814 3245 crederem.
1837 3189 2062 3244 Verum-

489 3289 672 3333 tamen
713 3293 836 3333 cnin
873 3279 964 3333 illa
1006 3286 1159 3335 tanta
1195 3286 1415 3349 tamque
1448 3281 1598 3336 varia
1633 3281 1746 3335 siut
1774 3297 1896 3352 qua;
1942 3298 2061 3336 sum

489 3371 546 3423 in
598 3369 708 3424 vita
743 3386 1027 3440 perpessa,
1089 3376 1204 3425 tum
1259 3371 1407 3426 inter
1465 3371 1557 3426 illa
1621 3381 1806 3428 tamen
1853 3382 2062 3429 tantum

487 3459 697 3514 eminet
749 3460 1191 3529 inepinatissima
1248 3476 1396 3516 mors
1434 3464 1534 3517 mei
1581 3463 1838 3526 Caesaris,
1881 3463 2066 3534 itaque

490 3550 626 3605 mihi
666 3551 884 3622 penitus
937 3553 992 3608 in
1029 3553 1297 3609 medullas
1359 3555 1528 3608 animi
1559 3557 1800 3627 pervasit
1839 3557 1892 3612 id
1947 3559 2066 3612 vul-

491 3661 619 3708 nus,
660 3651 720 3700 ut
768 3646 908 3698 mala
943 3645 1127 3715 priora
1156 3647 1340 3701 omnia
1365 3647 1433 3702 ad
1467 3663 1593 3702 eum
1631 3649 1832 3705 collata
1875 3666 2063 3706 casum

487 3745 655 3804 gutta:
713 3738 888 3793 instar
917 3753 979 3791 ac
1019 3739 1178 3793 stillae
1227 3738 1429 3794 habere
1469 3740 1674 3795 soleam
1721 3743 1787 3794 ad
1840 3742 2066 3812 pelagus

489 3829 824 3883 Atlanticum
853 3828 1125 3886 ﬂuctusve
1157 3831 1469 3886 Adriaticos
1513 3841 1861 3902 eomparatm.
1895 3832 2066 3888 Nimi-

493 3937 611 3974 rum
672 3922 765 3977 illa
839 3923 1216 3992 prteludebant
1283 3931 1436 3978 tanto
1505 3924 1700 3994 majori
1766 3941 1830 3980 ac
1894 3927 2067 3981 multo

491 4015 743 4070 maximae
774 4015 911 4070 cladi
938 4017 1203 4085 prommia
1241 4017 1664 4087 rudimentaque
1693 4019 2065 4087 miseriarum,

490 4105 678 4161 fumus
714 4105 805 4160 illa
838 4105 1006 4176 hujus
1055 4106 1197 4178 ignis
1250 4106 1491 4170 fuerant,
1538 4122 1732 4177 meque
1776 4117 1889 4162 tum
1941 4125 2066 4165 cum

492 4198 584 4252 illa
617 4207 832 4267 paterer
862 4199 1103 4267 prtevius
1133 4197 1403 4252 duntaxat
1428 4207 1483 4253 et
1509 4199 1818 4254 tolerabilis
1849 4197 2068 4256 amabat

491 4305 666 4359 vapor
720 4289 976 4344 immensi
1034 4289 1215 4344 adhuc
1263 4290 1523 4345 distantis
1574 4290 1862 4356 incendii,
1907 4292 2067 4362 cujus

489 4398 639 4436 nunc
692 4398 778 4437 me
832 4383 1048 4437 demum
1103 4397 1343 4454 praesens
1393 4381 1607 4438 ﬂamma
1667 4384 1966 4440 consumit.
2020 4384 2065 4439 Ο

490 4471 670 4540 ignem
707 4472 826 4527 sine
875 4473 1104 4527 materia
1135 4472 1490 4543 ﬂagrantem!
1541 4475 1720 4542 ignem
1774 4474 2069 4543 penetrali-

489 4560 596 4615 bus
625 4562 794 4616 animi
836 4561 1228 4619 secretissimis
1257 4578 1456 4618 arcana
1506 4562 1624 4618 face
1662 4563 1974 4618 subditum!
2014 4573 2072 4618 et

489 4663 738 4708 urentem
773 4654 1019 4724 quidem,
1051 4669 1162 4710 non
1190 4662 1608 4714 consumentem
1631 4657 1846 4710 tamen!
1885 4657 2068 4726 Ignem

485 4745 582 4813 qui
616 4759 713 4800 cor
753 4746 831 4800 ita
862 4757 1205 4814 concremat,
1258 4757 1319 4802 ut
1367 4747 1607 4818 speciem
1663 4749 1941 4818 relinquat
1984 4750 2067 4803 vi-

487 4839 670 4893 ventis
707 4839 828 4909 ejus
875 4840 1056 4895 adhuc
1104 4849 1160 4895 et
1194 4831 1449 4908 vigentis,
1495 4849 1607 4894 tum
1660 4842 1894 4894 maxime
1938 4854 2062 4894 cum

490 4947 667 5001 usque
697 4931 765 4986 ad
808 4947 934 4987 ossa
970 4932 1371 5002 medullasque,
1399 4947 1526 4987 cum
1572 4947 1748 5000 usque
1809 4931 1877 4986 ad
1925 4931 2064 4986 divi-

489 5025 702 5079 sionem
737 5025 933 5079 anima:
959 5039 1025 5079 ac
1063 5025 1296 5094 spiritus
1334 5025 1420 5080 vis
1453 5024 1576 5094 ejus
1623 5024 1856 5078 flat-una:
1900 5038 2065 5094 pene-

491 5116 751 5170 traverit!
787 5116 894 5171 Sed
925 5119 1036 5184 jam
1088 5130 1176 5171 me
1222 5115 1402 5171 sentio
1441 5115 1854 5185 perturbatione
1901 5115 2061 5170 fami-

477 5210 613 5266 liari
639 5211 834 5267 elatam
862 5212 920 5266 in
968 5218 1198 5282 questus
1223 5209 1436 5266 alienos
1481 5224 1513 5264 a
1556 5210 1856 5279 preposito.
1911 5209 2064 5266 Fecit

2168 3190 2342 3261 πυρὸς
2370 3191 2428 3243 έν
2464 3189 2805 3261 άποῤῥήτοις
2852 3183 3324 3258 δᾳδουχουμένουι
3357 3185 3450 3238 καὶ
3491 3182 3744 3246 καίοντος

2172 3283 2291 3353 μὲν,
2333 3282 2408 3354 μὴ
2434 3279 2878 3350 καταφλέγοντος
2908 3279 2965 3332 δέ
2991 3294 3006 3308 ο
3043 3279 3136 3332 καὶ
3166 3277 3266 3348 τὴν
3329 3275 3554 3346 καρδίαν
3594 3271 3745 3346 [μὲν]

2173 3373 2644 3444 περιφρύγοντος,
2688 3369 2844 3434 δόξαν
2901 3370 2956 3423 δὲ
2989 3369 3348 3440 παρέχοντος,
3403 3368 3486 3420 ὅτι
3518 3368 3578 3420 οὐ
3621 3383 3748 3418 συνο

2167 3467 2492 3535 εφρύγημεν
2548 3479 2562 3494 ⁶
2594 3462 2779 3518 καίτοι
2821 3462 3014 3533 μέχρις
3067 3460 3300 3525 ὀστέων,
3355 3460 3450 3512 καὶ
3509 3457 3747 3528 μυελῶν,

2169 3561 2266 3616 καὶ
2303 3559 2576 3631 μερισμοῦ
2609 3557 2793 3628 ψυχῆς
2845 3557 2948 3620 τὰς
3000 3554 3390 3627 πυρακτώσεις
3439 3553 3747 3622 δεξάμενοι.

2181 3653 2346 3708 Ἀλλὰ
2397 3652 2508 3722 γὰρ
2548 3650 2796 3721 ἐμαυτῆς
2848 3649 3200 3719 αἰσθάνομαι,
3239 3647 3330 3700 διὰ
3379 3646 3552 3700 ταῦτα
3601 3662 3750 3716 παρ-

2171 3744 2539 3816 ενηνεγμένης
2580 3743 2675 3796 τοῦ
2730 3742 3114 3811 προκειμένου.
3156 3741 3265 3794 Καὶ
3311 3740 3339 3791 6
3380 3739 3598 3809 Καῖσάρ
3655 3755 3748 3807 μοι

2170 3839 2422 3901 έπιστὰς,
2482 3837 2578 3891 καὶ
2633 3837 2700 3907 τῇ
2747 3833 2839 3888 τοῦ
2890 3833 2974 3907 [τὸ
3025 3832 3144 3905 τοῦ]
3197 3834 3477 3904 Καίσαρος
3526 3833 3746 3898 πένθος,

2171 3929 2369 3992 πένθος
2402 3944 2492 3998 μοι
2524 3927 2794 3992 έπέσταξε
2831 3925 3139 3994 διωλύγιον.
3171 3925 3534 3994 ’Λποψήσασα
3565 3923 3660 3977 οὖν
3688 3923 3750 3975 τὸ

2169 4021 2406 4090 δάκρυον
2435 4018 2545 4071 τῶν
2595 4019 2885 4088 ὀμμάτων,
2929 4018 3021 4070 καὶ
3070 4015 3319 4087 ἐμαυτὴν
3366 4014 3744 4084 ἀναλεξαμένη

2175 4111 2272 4165 τοῦ
2306 4111 2554 4176 πάθους,
2602 4109 2713 4164 τῶν
2772 4110 2899 4179 ἑξῆς
2946 4107 3168 4180 ἕξομαι,
3227 4107 3392 4162 διπλᾶ
3427 4109 3593 4180 (κατὰ
3647 4108 3748 4175 τὴν

2171 4203 2480 4274 τραγῳδίαν
2549 4197 2698 4274 [14])
2744 4200 3110 4271 κερδαίνουσα
3176 4199 3411 4270 δάκρυα,
3480 4192 3596 4251 οἷον
3655 4198 3747 4250 ἐπὶ

2173 4297 2431 4365 συμφορᾷ
2465 4294 2749 4364 συμφορᾶς
2778 4293 3105 4363 μεμνημένη
3129 4309 3144 4324 ·
3201 4289 3263 4344 τὸ
3317 4291 3428 4359 γάρ
3457 4291 3538 4352 είς
3579 4288 3746 4358 μέσον

2171 4386 2453 4458 προθεῖναι
2478 4385 2723 4440 τοιούτου
2752 4384 3019 4456 βασιλέως
3042 4382 3322 4446 ὑπόθεσιν,
3355 4382 3451 4436 καὶ
3485 4380 3745 4433 τοσούτου

2171 4480 2308 4551 πρδς
2343 4479 2545 4549 ἀρετὴν
2565 4518 2580 4543 ,
2631 4477 2942 4548 ἀνάμνησίς
2978 4478 3096 4529 ἐστι
3132 4477 3225 4529 καὶ
3253 4475 3362 4528 τῶν
3390 4475 3513 4528 κατ’
3540 4475 3748 4527 ἐκεῖνον

2168 4571 2503 4640 θαυμάτωνο
2565 4569 2710 4640 άπερ
2761 4569 2912 4639 κάμὲ
2963 4569 3104 4636 πρὸς
3165 4566 3380 4636 δάκρυα
3431 4565 3746 4634 θερμότατα

2167 4662 2512 4731 καταφέρει,
2551 4661 2693 4731 μετὰ
2727 4661 2909 4729 πάσης
2961 4660 3061 4728 τῆς
3097 4658 3430 4728 οἰκουμένης
3469 4657 3746 4726 δακρύου-

2168 4769 2290 4806 σαν.
2318 4754 2361 4804 Τ
2365 4752 2392 4804 ὸ
2417 4752 2528 4822 γάρ
2557 4752 2766 4805 ἐκείνου
2795 4748 3136 4821 μεμνῆσθαι,
3181 4750 3278 4802 καὶ
3309 4747 3407 4819 τὴν
3440 4749 3607 4802 αὑτοῦ
3649 4749 3747 4818 βα·

2170 4844 2380 4898 σιλείαν
2413 4846 2494 4906 είς
2532 4843 2698 4913 μέσον
2731 4843 2910 4912 ἄγειν,
2943 4841 3069 4910 ἐμοὶ
3097 4841 3194 4912 μὲν
3226 4842 3440 4912 θρήνων
3466 4841 3742 4906 ὑπόθεσις,

2168 4939 2281 4998 τοῖς
2316 4935 2500 4998 ἄλλοις
2531 4935 2590 4989 δὲ
2643 4934 2851 5004 ζημίας
2878 4933 3211 5004 ἀνάμνησις.
3259 4935 3524 5004 ’Δρκτέον
3562 4935 3744 4986 τοίνυν

2171 5030 2382 5083 ινθένδε
2401 5031 2501 5097 τῆς
2527 5029 2768 5099 ἱστορίας
2786 5027 2880 5081 τοῦ
2905 5027 3033 5096 ’μοῦ
3064 5025 3290 5098 πατρὸς,
3313 5027 3436 5080 ὅθεν
3463 5027 3558 5081 καὶ
3577 5027 3743 5096 ἄρχε-

2170 5119 2295 5175 σθαι
2340 5121 2598 5190 ἄμεινον·
2633 5121 2859 5189 ἄμεινον
2901 5116 2960 5170 δὲ
3012 5117 3136 5172 ὅθεν
3173 5119 3507 5188 σαφέστερός
3547 5134 3606 5170 τε
3650 5115 3744 5170 καὶ

2159 5211 2591 5282 ’ἱστορικώτερος
2621 5213 2649 5265 ὁ
2680 5209 2836 5278 λόγος
2866 5209 3180 5280 γενήσεται.

1589 5399 1722 5459 Car.
1755 5399 2066 5460 Dutresnn
2098 5400 2191 5462 Du
2214 5400 2425 5479 Cangii
2458 5404 2648 5462 notae.

568 5544 647 5609 (8)
697 5541 964 5612 Porphyr.
1028 5541 1166 5612 Περὶ
1206 5539 1391 5612 εἴδους
1439 5537 1720 5594 Stobaeus-
1755 5537 1899 5608 λόγῳ
1954 5536 2054 5606 ξγ’.

496 5608 697 5664 Athen.
736 5611 772 5664 I.
808 5608 903 5664 'xn't
933 5626 1002 5666 ex
1030 5608 1312 5677 Euripide.

568 5681 646 5747 (9)
682 5681 919 5744 Ἀλλοις
936 5678 1420 5747 προσωμιλιῇκειγ
1445 5677 1687 5747 δεινοῖς.
1715 5678 1884 5734 Annae
1906 5679 2054 5734 cala-

502 5751 719 5804 mitates
751 5765 812 5804 ex
840 5746 990 5819 parte
1022 5758 1206 5804 narrat
1233 5748 1448 5804 Nicetas
1491 5749 1543 5804 in
1575 5746 1732 5802 Joan.

2239 5541 2354 5610 (10)
2391 5543 2688 5609 Τιμόθεος.
2736 5539 3009 5610 Timothei
3056 5538 3362 5610 Citharmdi
3419 5537 3736 5607 praeclarum

2178 5609 2357 5665 exstat
2381 5612 2783 5679 elogiumapud
2815 5609 3118 5664 Hirnerium
3149 5609 3488 5679 Sophistam.

2238 5681 2350 5751 (Η)
2387 5679 2574 5752 Ettrip.
2616 5677 2814 5736 Hecub.
2842 5697 2897 5738 ν.
2933 5680 3037 5736 518
