4104 6402
272 319 338 382 93
1594 321 2014 383 ALEXIADIS
2048 324 2201 385 LIB.
2246 325 2297 388 Ι.
3503 320 3581 383 at

277 430 646 497 παντοδαποῦ,
682 432 856 501 βαρὺς
891 427 962 503 ἦν
992 430 1223 488 αὐτόθεν
1244 434 1532 503 τύραννος,
1562 431 1770 495 πολλὰς
1816 433 1873 486 δὲ

1986 435 2296 489 temnendis
2337 434 2536 505 copiis,
2571 434 2770 504 partim
2798 451 2862 489 ex
2915 449 2978 489 ea
3026 434 3214 501 gente,
3270 435 3415 489 unde
3458 434 3579 504 ipse

280 526 674 589 ταλαντεύσεις
710 525 991 595 λαϐούσης
1026 526 1128 595 τῆς
1159 525 1267 579 τῶν
1307 525 1605 592 Ῥωμαίων
1668 527 1882 595 ήγεμο-

1988 526 2259 581 oriundus
2290 535 2431 592 erat,
2487 528 2685 596 partim
2720 543 2784 581 ex
2816 528 2925 581 alio
2976 528 3176 595 quovis
3211 540 3413 596 genere
3458 525 3576 579 col-

277 620 389 685 νίις
416 622 513 675 καὶ
535 621 645 674 τῶν
665 621 935 692 Τούρκων
953 621 1267 693 καθυπερτε
1278 623 1565 693 ρησὰντων
1585 621 1685 689 τῆς
1713 619 1882 690 τύχης

1989 619 2169 680 lectis,
2202 634 2300 688 pro
2334 635 2394 674 se
2426 636 2537 674 rem
2571 621 2819 690 gerebat,
2851 620 2984 674 nihil
3016 620 3304 690 principali
3356 617 3577 688 fastigio

287 713 607 783 Ῥωμαίων.
659 716 772 767 τῶν
821 715 880 766 δὲ
947 716 1030 777 είς
1084 715 1145 767 τδ
1219 715 1452 767 κατόπιν
1524 712 1882 783 ὑπαχθέντων

1986 710 2251 767 humilius
2288 713 2529 781 spirans.
2586 713 2651 766 Et
2698 721 2816 767 erat
2866 713 3124 766 idoneum
3175 710 3576 766 constituendae

281 807 420 877 ὑπερ
444 808 685 877 ψάμμου
715 808 895 861 ποδῶν
940 806 1381 875 ὐποσπαθείσης.
1413 805 1729 876 Τηνικαῦτα
1786 804 1883 858 καὶ

278 894 432 964 οὗτος
466 905 535 971 τῇ
566 901 821 971 βασιλείᾳ
855 900 1151 971 Ῥωμαίων
1174 900 1425 955 ἐπέθετο.

1985 804 2262 873 tyrannidi
2306 812 2535 873 tempus
2581 815 2803 868 nactus,
2838 820 2947 875 quo
2982 804 3228 858 Romana
3282 819 3369 857 res
3429 801 3575 856 haud

1981 898 2169 954 dubiis
2212 899 2670 957 inclinationibus
2705 903 2758 956 in
2791 918 3036 972 praeceps
3067 916 3321 971 vergens,
3363 900 3577 952 Turco-

278 1009 401 1048 rum
431 996 642 1049 recenti
688 996 917 1050 victoria
944 995 1212 1051 feracium
1253 996 1610 1049 incumbente
1646 992 1892 1056 fortuna,
1936 992 2099 1061 plane
2144 1004 2207 1049 ut
2260 995 2509 1065 lapsante
2552 996 2604 1050 in
2656 1012 2821 1050 arena
2870 996 3106 1066 vestigio
3160 995 3332 1064 pugil,
3405 1007 3572 1046 manu

277 1087 533 1155 insuper,
562 1097 613 1139 et
646 1086 851 1140 obnixo
879 1087 1149 1155 impulsus
1172 1086 1407 1154 impetu,
1438 1086 1527 1139 vix
1569 1099 1630 1139 se
1690 1099 1723 1137 a
1792 1096 1925 1135 casu
1970 1086 2306 1143 sustinebat.
2343 1087 2460 1141 Tali
2490 1089 2904 1157 perturbatione
2932 1104 3114 1141 rerum
3159 1089 3346 1140 innata
3400 1086 3581 1142 homi-

280 1180 367 1233 nis
414 1178 670 1245 ambitio,
718 1179 1031 1234 occasionis
1086 1178 1413 1233 invitatione
1462 1178 1752 1247 proritata,
1816 1175 1870 1228 in
1912 1188 2156 1245 apertam
2203 1182 2512 1250 usurpandi
2544 1182 2697 1250 regni
2733 1182 3018 1236 audaciam
3046 1180 3249 1249 erupit.

349 1271 464 1325 Καὶ
511 1270 689 1331 ἄλλως
735 1272 835 1339 μὲν
871 1270 949 1325 ὢν
1000 1270 1485 1341 τυραννικώτατος
1518 1270 1618 1340 τὴν
1670 1269 1874 1339 ψυχὴν,

282 1363 403 1414 τότε
431 1361 493 1415 δὲ
529 1362 866 1430 καὶ-μᾶλλον
889 1363 1147 1431 ὲξαφθεὶς
1184 1364 1324 1432 πρὸς
1362 1363 1616 1434 καθαρὰν
1669 1380 1878 1433 τυραν-

281 1455 399 1508 νίδα
422 1455 514 1507 διὰ
544 1456 612 1509 τδ
656 1456 901 1525 κατηφὲς
932 1456 1043 1509 τῶν
1078 1456 1176 1525 τῆς
1200 1456 1481 1525 βασιλείας
1507 1457 1876 1526 πραγμάτων,

2054 1270 2109 1343 4
2140 1270 2423 1327 Volitabat
2450 1287 2576 1327 cum
2623 1274 2878 1343 expedita
2915 1286 3079 1324 manu
3140 1270 3573 1341 praedabundus,

1981 1374 2037 1420 et
2067 1367 2271 1433 passim
2310 1367 2628 1430 imminens,
2662 1365 3073 1433 hustilibusque
3104 1365 3578 1418 incursationibus

1980 1457 2056 1513 0r
2078 1459 2291 1514 cntales
2352 1458 2464 1513 fere
2526 1458 2759 1513 infestas
2820 1458 3058 1511 habebat
3123 1459 3397 1527 regiones,
3468 1457 3576 1511 vim

278 1548 345 1600 τὰ
370 1549 478 1615 τῆς
524 1546 698 1617 Ἐῴας
723 1550 903 1605 πάντα
933 1550 1123 1618 σχεδὶν
1140 1552 1416 1622 ὲληῖσατο.
1453 1551 1672 1604 Πολλῶν
1697 1551 1753 1605 δὲ
1791 1570 1882 1605 πι-

1986 1565 2459 1621 quoquoversum,
2496 1557 2881 1618 terroremque
2912 1547 3334 1603 circumferens.
3362 1547 3577 1601 Adver-

283 1635 624 1689 στευθέντων
648 1638 743 1690 τὶν
769 1638 888 1707 μετ’
923 1638 1089 1692 αὑτοῦ
1117 1641 1355 1711 πόλεμον
1381 1643 1469 1694 ἐπ’
1503 1642 1732 1714 ἀνδρείᾳ
1760 1642 1879 1696 δια-

278 1727 635 1797 ϐεὸοημένω)
682 1731 781 1785 καὶ
824 1734 1029 1803 πεῖραν
1096 1735 1571 1805 είσενεγκαμένων
1614 1736 1877 1807 πλείστην

1985 1660 2082 1700 sus
2113 1645 2261 1698 hunc
2294 1644 2446 1698 missi
2480 1644 2585 1696 viri
2634 1642 2795 1697 laude
2852 1643 3048 1697 bellica
3110 1642 3379 1707 celebres,
3442 1641 3580 1695 nihil

1988 1740 2093 1794 nisi
2149 1738 2539 1793 confidentiam
2592 1737 2717 1807 ejus
2767 1738 2885 1792 suis
2938 1736 3191 1792 cladibus
3241 1743 3506 1789 auxerant
3561 1752 3578 1790 :

278 1821 525 1890 πολέμου
549 1823 645 1876 καὶ
679 1825 884 1895 μᾶχης,
911 1826 1076 1889 αὐτὸς
1109 1827 1431 1897 ὑπερπαίειν)
1478 1829 1731 1897 ἐφαίνετο
1783 1830 1877 1882 καὶ

1987 1834 2191 1903 quippe
2216 1830 2358 1886 alios
2392 1831 2536 1900 ignei
2571 1831 2809 1886 turbinis
2842 1831 2949 1883 ritu
2979 1830 3277 1898 improvisa
3300 1827 3582 1881 celeritate

278 1913 375 1983 τὴν
404 1914 639 1969 ἐκείνων
666 1917 1055 1988 πολυπειρίαν,
1089 1920 1165 1989 πῆ
1206 1920 1303 1990 μὲν
1328 1921 1493 1982 αὑτέις
1516 1921 1879 1989 προσϐάλλων

278 2010 375 2063 καὶ
424 2010 672 2081 τρέπων,
732 2014 824 2065 καὶ
856 2013 1112 2083 καθάπερ
1155 2015 1412 2085 πρηστὴρ
1440 2015 1734 2086 ὲμπίπτων
1762 2019 1878 2079 τοῖς

277 2100 833 2170 ἁντικαθισταμὲνοις
886 2103 1081 2173 αὐτῷ,
1129 2105 1205 2174 πῆ
1258 2106 1317 2159 δὲ
1381 2107 1478 2159 καὶ
1537 2108 1865 2178 συμμαχίαν

276 2192 579 2261 λαμϐάνων
610 2194 721 2248 ἀπὸ
756 2194 864 2248 τῶν
898 2196 1184 2266 Τούρκων,
1237 2199 1614 2263 ἀνυπόστατος
1644 2197 1713 2272 ἦν
1755 2203 1879 2264 ταῖς

277 2286 505 2353 ὁρμαῖς,
547 2282 691 2337 ὥστε
720 2288 817 2338 καὶ
838 2285 950 2339 τῶν
980 2286 1127 2341 πάνυ
1156 2287 1503 2356 μεγιστάνων
1526 2289 1678 2350 τινας
1710 2304 1883 2339 κατα⁶

286 2379 439 2446 σχεῖν
477 2376 697 2439 καὶτὰς
733 2379 965 2432 ἐκείνων
998 2379 1263 2450 κλονῆσαι
1295 2380 1587 2450 φάλαγγας
1616 2397 1632 2411 ·
1676 2382 1765 2435 ὅτε
1812 2381 1877 2451 δὴ

289 2470 383 2523 καὶ
411 2470 521 2523 ὑπὸ
552 2469 807 2539 τάδελφῷ
854 2472 1113 2526 ἐτάττετο
1166 2474 1195 2525 6
1225 2474 1359 2543 ὲμδς
1392 2474 1576 2545 πατὴρ
1622 2472 1876 2537 Ἀλέξιος,

292 2563 384 2613 καὶ
411 2562 679 2630 ἄντικρυς
716 2561 1134 2633 ὑπεστρατήγει
1183 2563 1363 2636 τούτῳ
1389 2566 1457 2618 τὰ
1491 2565 1882 2636 στρατεύματα

282 2655 458 2707 πάντα
506 2654 686 2724 Ἐῲας
716 2654 808 2708 καί
842 2653 1134 2724 Ἐσπερίου
1166 2657 1370 2728 λήξεως
1389 2660 1879 2728 ἐγκεχειρισμένῳ.

294 2745 446 2798 Ἐπεὶ
486 2746 546 2799 δὲ
584 2748 643 2799 ἐν
669 2749 981 2817 ἀμηχάνοις
1014 2745 1082 2821 ἦν
1120 2749 1190 2802 τὰ
1227 2751 1534 2820 πράγματα
1573 2751 1883 2821 τηνικαῦτα

287 2840 590 2909 Ῥωμαίοις
624 2840 722 2895 τοῦ
756 2843 1045 2915 Βαρὸἀρου
1071 2846 1265 2899 τούτου
1300 2847 1459 2917 δίκην
1498 2849 1759 2918 κεραινοῠ
1814 2850 1884 2905 τὰ

274 2930 457 2983 πάντα
494 2930 901 3001 ἐπερχομένου,
934 2936 1015 2996 είς
1055 2936 1364 3005 ἀξιόμαχον
1386 2936 1387 2939 “
1412 2939 1883 2995 ἁντικατὰστασιν

275 3026 585 3077 ἐπινοεῖται
640 3028 667 3079 6
698 3027 1034 3097 ἀξιάγαστος
1078 3024 1237 3094 οὗτος
1307 3028 1573 3099 Ἀλέξιος,
1643 3051 1886 3106 στρατη-

273 3120 368 3187 γὸς
383 3120 761 3192 αὐτοκράτωρ
786 3122 893 3176 ὑπὸ
916 3124 1011 3177 τοῦ
1037 3124 1305 3194 βασιλέως
1323 3126 1548 3199 Μιχαὴλ
1569 3128 1883 3198 ἀναδεδειγ-

276 3214 434 3282 μένος
471 3213 575 3276 ’ὃς
619 3214 684 3283 δὴ
726 3217 822 3269 καὶ
869 3218 1053 3271 πᾶσαν
1110 3219 1455 3290 ἀνακινήσας
1509 3221 1772 3292 φρόνησιν
1822 3241 1882 3276 τε

276 3308 371 3360 καὶ
406 3307 806 3379 πολυπειρίαν,
853 3314 1237 3384 στρατηγικὴν
1286 3331 1346 3367 τε
1392 3315 1489 3368 καὶ
1553 3332 1882 3385 στρατιωτι·

286 3402 407 3471 κῆν,
438 3404 538 3456 καὶ
567 3402 748 3457 ταῦτα
786 3406 888 3459 οὐκ
922 3407 981 3458 ὲν
1009 3407 1190 3477 πολλῷ
1225 3409 1405 3478 χρόνῳ
1453 3409 1662 3482 ταύτην
1693 3411 1883 3466 συλλε-

291 3496 542 3561 ξαιιενος.
596 3497 769 3551 Ἀλλὰ
797 3499 908 3569 γὰρ
936 3498 1024 3554 διὰ
1057 3501 1120 3554 τὸ
1148 3504 1294 3555 πάνυ
1335 3502 1625 3574 φιλόπονον
1654 3504 1753 3558 τοῦ
1786 3507 1883 3559 ἅν-

296 3585 442 3654 δρδς,
489 3588 581 3641 καὶ
617 3590 972 3658 πανταχόθεν
1017 3593 1330 3663 ἐγρηγορὸς
1368 3596 1450 3658 είς
1484 3596 1656 3665 ἄκρον
1686 3597 1881 3664 ἐληλυ-

293 3677 449 3730 Θὲναι
500 3683 874 3751 στρατηγικῆς
923 3686 1218 3755 ἐμπειρίας
1278 3692 1391 3753 τοῖς
1433 3690 1543 3743 τῶν
1590 3691 1882 3761 Ῥωμαίων

279 3770 503 3839 λογάσιν
556 3775 761 3841 ἔδοξεν,
811 3769 927 3829 οἷον
973 3778 1224 3848 Αἰμίλιος
1257 3783 1465 3847 ἐκεῖνος
1511 3784 1539 3835 6
1583 3785 1880 3855 Ῥωμαίος,

274 3868 460 3929 ὁποῖος
479 3869 512 3920 6
530 3869 816 3935 Σκηπίων,
836 3865 949 3934 οἷος
979 3870 1229 3937 Ἀννίϐας
1248 3876 1276 3927 6
1309 3877 1701 3947 Καρχηδόνιος.
1727 3880 1883 3933 Neci;-

274 3974 441 4019 τατος
472 3958 586 4027 γὰρ
621 3954 709 4027 ἦν,
744 3961 841 4012 καὶ
870 3961 994 4032 ἄρτι
1016 3963 1249 4034 πρώτως
1289 3966 1601 4037 ὑπηνήτης,
1639 3970 1667 4022 ὃ
1694 3988 1879 4039 φασιν,

274 4053 373 4105 τόν
402 4071 462 4105 τε
511 4053 814 4124 οὕρσέλιον
858 4055 1070 4108 ἐκεῖνον
1103 4052 1216 4111 εἷλε
1265 4059 1355 4112 τὸν
1383 4060 1556 4113 πολὺν
1602 4065 1746 4117 κατὰ
1772 4064 1883 4118 τῶν

284 4148 591 4219 Ῥωμαίων
627 4151 841 4218 ῥέοντα,
886 4152 980 4204 καὶ
1021 4153 1092 4205 τὰ
1154 4154 1456 4225 πράγματα
1495 4158 1595 4229 τῆς
1627 4160 1742 4213 Ἕω
1781 4178 1881 4215 κα-

270 4244 555 4314 τέστησεν
605 4243 669 4297 οὐ
704 4244 923 4298 πολλῶν
952 4247 1167 4316 δεηθεὶς
1204 4250 1451 4322 ἡμερῶν.
1482 4247 1594 4305 Ἦν
1618 4253 1727 4325 γὰρ
1787 4258 1883 4310 καὶ

271 4337 405 4401 ὀξὺς
434 4339 697 4406 φωρᾶσαι
729 4338 788 4391 τὸ
809 4338 1111 4411 ξυμφέρον,
1139 4342 1232 4395 καὶ
1270 4343 1529 4416 ὀξύτερος
1582 4348 1882 4418 καταπρά-

277 4430 504 4496 ξασῦαι.
540 4432 679 4485 Τίνα
712 4432 769 4486 δὲ
828 4433 925 4486 τὸν
968 4435 1172 4503 τρόπον
1241 4430 1388 4491 εἶλεν
1452 4440 1682 4505 ἐκεῖνον,
1732 4441 1886 4511 δηλοῖ

1986 1930 2211 1981 irruens
2277 1926 2612 1996 perculerat,
2668 1925 2830 1987 alios,
2892 1921 3118 1977 auxiliis
3168 1922 3268 1976 sibi
3326 1921 3580 1974 Turcicis

1984 2021 2283 2091 adjunctis,
2341 2020 2493 2089 justa
2522 2019 2635 2088 jam
2670 2019 2786 2073 acie
2817 2033 2986 2071 ausus
3017 2014 3279 2086 congredi
3318 2014 3534 2069 fuderat
3564 2033 3578 2069 :

1984 2115 2265 2169 neuuullis
2298 2128 2517 2183 quoque
2566 2112 2779 2183 captis;
2839 2126 3019 2178 neque
3078 2110 3229 2163 enim
3282 2108 3583 2179 phalanges

1984 2206 2399 2262 ineluctabilem
2472 2204 2619 2257 illam
2674 2219 2855 2265 suam,
2922 2208 3026 2256 isto
3085 2210 3280 2256 contra
3350 2201 3579 2263 nitente,

1985 2300 2122 2354 satis
2156 2307 2438 2367 praestare
2474 2296 2786 2349 firmitatem
2824 2300 3095 2363 paterant.
3134 2291 3239 2347 Per
3276 2292 3329 2347 id
3362 2300 3581 2359 tempus

1987 2392 2325 2448 exercitibus
2352 2399 2461 2444 tam
2492 2386 2814 2448 Orientalis,
2858 2400 3018 2454 quam
3068 2383 3299 2438 Occidui
3341 2384 3577 2440 limitum

1986 2487 2169 2557 patrui
2226 2487 2330 2539 mei
2364 2482 2705 2553 praefecturae
2757 2478 3124 2543 demandatis,
3168 2478 3395 2531 Alexius
3427 2486 3584 2545 pater

1988 2596 2165 2642 meus.
2198 2579 2385 2634 fratris
2409 2576 2673 2647 auspiciis
2715 2575 3001 2642 ductuque
3058 2571 3353 2625 militabat.
3374 2566 3578 2623 Verum

1917 2736 1921 2739 ,
1986 2680 2290 2747 imperator
2324 2672 2581 2735 Michael,
2617 2685 2743 2725 cum
2775 2668 2959 2722 omnia
2992 2680 3215 2736 pessum
3266 2680 3430 2718 ruere
3456 2679 3581 2716 cer-

1989 2779 2168 2833 neret,
2203 2770 2446 2823 Barbare
2482 2766 2591 2820 isto
2634 2771 2833 2819 cuncta
2867 2761 3197 2831 pernicitate
3239 2774 3302 2813 ac
3337 2756 3582 2828 pernicie

1990 2861 2252 2917 fulminea
2309 2858 2700 2931 pervolitante,
2759 2856 2977 2923 lateque
3030 2861 3301 2917 vastante,
3358 2849 3582 2922 proprio

1987 2938 2167 3025 ipsum
2224 2953 2490 3008 exercitui
2548 2967 2673 3006 cum
2731 2965 2946 3006 summa
3004 2954 3282 3018 potestate
3348 2958 3584 3013 prmesse

1985 3048 2176 3117 jussit,
2215 3055 2268 3102 et
2298 3048 2342 3100 si
2380 3061 2485 3116 qua
2520 3053 2731 3114 posset,
2783 3041 3059 3113 grassanti
3106 3040 3244 3109 pesti
3292 3038 3584 3097 obsistere.

1993 3143 2087 3197 llis
2111 3142 2285 3211 cepiis
2310 3148 2363 3196 et
2394 3140 2671 3193 mandatis
2695 3138 2914 3192 Alexius
2944 3135 3185 3205 acceptis
3210 3134 3321 3187 vim
3365 3145 3584 3186 omnem

1988 3244 2152 3304 atque
2182 3232 2514 3287 industriam
2557 3230 2785 3285 solertis
2826 3229 2995 3283 animi
3050 3227 3321 3294 fortisque
3348 3222 3587 3293 pectoris

1987 3328 2053 3383 ad
2104 3343 2217 3382 rem
2278 3328 2419 3381 bene
2471 3325 2771 3395 gerendam
2825 3321 3063 3377 intendit
3106 3318 3587 3391 :praeferebatque

1982 3422 2094 3493 jam
2130 3422 2184 3474 in
2224 3420 2334 3475 illis
2369 3420 2560 3489 primis
2604 3415 3003 3486 experimentis
3056 3411 3357 3468 bellatricis
3403 3408 3587 3463 adole-

1987 3513 2234 3576 scentize,
2259 3513 2344 3565 vix
2372 3512 2501 3565 dum
2533 3511 2775 3579 primore
2798 3508 3059 3576 lanugine
3087 3504 3259 3558 malas
3284 3501 3583 3572 signantis,

1985 3606 2130 3661 haud
2173 3604 2403 3658 dubium
2436 3604 2615 3657 instar
2662 3601 3075 3655 dilaudatorum
3130 3597 3350 3651 illorum
3403 3593 3587 3647 nomi-

1984 3714 2113 3752 num
2146 3694 2383 3757 IEmilii,
2415 3692 2805 3761 Scipionisque
2838 3690 3236 3753 Romanorum,
3268 3695 3321 3741 et
3354 3685 3585 3739 Cartha-

1984 3789 2232 3857 gincnsis
2260 3785 2573 3846 Annibalis,
2602 3798 2837 3852 quorum
2865 3780 3223 3835 fortissimam
3254 3777 3577 3849 patientiam

1984 3881 2263 3945 laborum,
2319 3888 2374 3933 et
2422 3893 2699 3946 nusquam
2769 3874 3157 3930 conniventem
3223 3869 3585 3941 providentia:

1986 3975 2226 4042 vigiliam
2265 3972 2561 4027 aemulatus
2590 3978 2675 4024 est
2716 3976 2865 4022 tanta
2897 3967 3179 4027 felicitate,
3215 3973 3275 4017 ut
3302 3963 3582 4019 Urselium

1986 4077 2119 4122 tunc
2147 4067 2302 4121 illum
2342 4064 2576 4119 torrenti
2613 4062 2973 4116 victoriarum
3009 4075 3178 4115 cursu
3219 4057 3582 4126 praecipitem,

1986 4171 2349 4229 ruentemque
2384 4174 2607 4229 pessum
2646 4158 2769 4227 ejus
2801 4156 3044 4226 itnpuisu
3100 4153 3405 4208 Romanam
3444 4167 3583 4204 rem.

1988 4267 2292 4323 paucorum
2329 4265 2495 4319 opera
2536 4250 2752 4303 dierum
2792 4264 2937 4303 unus
2977 4251 3141 4299 homo
3185 4245 3426 4300 sisteret.
3460 4243 3589 4295 Erat

1985 4347 2131 4402 cnim
2196 4352 2310 4396 tum
2358 4343 2497 4397 mire
2562 4336 2855 4410 perspicax
2914 4341 2981 4395 ad
3041 4338 3225 4395 statim
3288 4336 3607 4390 videndttm'

1986 4439 2118 4509 quid
2157 4443 2438 4506 oporteret
2496 4435 2636 4499 fieri,
2682 4445 2795 4493 tum
2853 4432 2917 4488 ad
2974 4433 3117 4487 idem
3172 4428 3585 4497 exsequendum

278 4526 387 4594 μὲν
415 4526 514 4578 καὶ
544 4528 765 4596 Καῖσαρ
789 4529 848 4579 ἐν
874 4531 939 4599 τῇ
972 4528 1205 4601 δευτέρᾳ
1228 4534 1326 4601 τῆς
1356 4532 1480 4585 κατ’
1505 4533 1672 4586 αὑτὸν
1711 4531 1881 4586 Ἰστο-

1992 4533 2155 4586 etiam
2191 4531 2520 4599 promptior.
2557 4530 2677 4594 Qua
2731 4544 2863 4583 vero
2906 4528 3134 4580 Alexius
3184 4523 3460 4580 Urselium
3500 4538 3588 4575 ra—

277 4620 412 4687 ρίας
454 4619 629 4689 βίϐλῳ
685 4621 1025 4691 πλατύτερα,
1081 4623 1398 4695 δηλώσομεν
1452 4625 1509 4693 δὲ
1574 4627 1667 4680 καὶ
1720 4628 1887 4697 ήμεῖς

273 4713 365 4780 ἐφ’
400 4713 535 4765 ὅσον
569 4713 653 4776 είς
687 4714 787 4768 τίεν
823 4715 950 4768 καθ’
987 4717 1136 4787 ἡμᾶς
1173 4717 1419 4790 ἱστορίαν
1453 4720 1808 4791 συνήνεγκεν.

351 4897 523 4964 Ἀρτι
551 4894 663 4965 γὰρ
694 4894 789 4947 τοῦ
820 4896 1109 4967 Βαρϐάρου
1147 4897 1366 4969 Tom:th
1394 4898 1459 4951 ὲκ
1487 4898 1599 4951 τῶν
1650 4898 1885 4969 βαθυτὲ-

277 5006 401 5055 ρων
431 4988 533 5055 τῆς
558 4987 861 5056 Ἀνατολῆς
900 4988 1085 5057 μερῶν
1126 4990 1558 5060 κατεληλυθότος
1592 4990 1735 5060 μετὰ
1789 4991 1886 5062 βα-

290 5079 541 5148 ρυτάτου
614 5078 1031 5149 στρατεύματος
1090 5082 1175 5149 ἐφ’
1234 5075 1376 5148 ᾧτά
1434 5084 1544 5137 τῶν
1597 5084 1888 5157 Ῥωμαίων

273 5170 598 5237 ληΐζεσθαι,
628 5173 657 5224 ὁ
702 5171 1023 5240 Οὑρσέλιος,
1064 5172 1336 5238 πολλάκις
1379 5177 1484 5229 ὑπὸ
1512 5177 1607 5229 τοῦ
1663 5195 1889 5249 στρατο-

277 5267 571 5336 πεδάρχου
632 5266 1181 5337 στενοχωρούμενος,
1236 5269 1334 5323 καὶ
1395 5270 1531 5324 ἄλλα
1559 5271 1649 5325 ἐπ’
1705 5272 1887 5335 ἄλλοις

274 5360 532 5430 φρούρια
589 5359 1044 5432 ἀφαιρούμενος,
1105 5362 1285 5418 καίτοι
1363 5366 1628 5435 στρατιὰν
1685 5366 1890 5437 πολλὴν

275 5456 636 5524 ἐπαγόμενος
669 5456 766 5507 καὶ
794 5456 1008 5519 πάντας
1040 5454 1316 5526 λαμπρῶς
1351 5457 1447 5511 καὶ
1490 5460 1755 5526 γενναίως
1784 5478 1884 5514 κα-

271 5547 734 5615 θωπλισμένους,
782 5547 1097 5619 εὐμηχανίᾳ
1146 5551 1296 5619 παρὰ
1342 5550 1477 5604 πολὺ
1535 5552 1736 5622 ἡττᾶτο
1793 5552 1888 5606 τοῦ

275 5640 421 5709 μοῦ,
450 5640 662 5709 πατρὸς
692 5640 959 5705 Ἀλεξίου.
992 5640 1147 5703 Τέως
1176 5641 1223 5695 δ’
1256 5637 1350 5696 οὖν
1380 5643 1469 5705 ἐπ’
1507 5644 1691 5699 ἐκεῖνο
1717 5662 1889 5698 κατα-

272 5734 482 5799 φυγεῖν
512 5730 658 5795 ἔδοξε
704 5729 1066 5784 τελευταῖονο
1112 5736 1228 5797 τοῖς
1284 5735 1452 5787 πᾶσιν
1504 5734 1884 5806 ἐξαπορούμε-

272 5842 375 5887 νος
412 5822 757 5894 ξ’)μμίγννσι
784 5822 863 5893 τῷ
893 5824 1135 5896 Τουτὰχ,
1174 5826 1267 5880 καὶ
1300 5827 1459 5895 φίλον
1486 5829 1744 5899 ποιεῖται,
1793 5828 1886 5883 καὶ

1996 4622 2142 4675 tione
2174 4620 2403 4688 ceperit,
2433 4620 2661 4689 exponit
2687 4618 2870 4673 CIBSIH'
2924 4619 2977 4671 in
3029 4618 3275 4672 secundo
3330 4613 3589 4667 Historiae

1996 4730 2110 4770 sua:
2161 4714 2303 4767 libro
2336 4712 2517 4767 fusius
2565 4732 2579 4767 :
2628 4712 2983 4766 narrabimus
3029 4720 3086 4765 et
3137 4726 3258 4774 nus,
3316 4717 3590 4779 quatenus

1998 4804 2065 4860 ad
2099 4817 2348 4861 neStram
2385 4819 2608 4875 quoque
2639 4805 2929 4859 historiam
2968 4803 3021 4857 id
3062 4801 3300 4857 confert.

2066 4898 2308 4952 Moverat
2365 4913 2427 4951 ex
2485 4897 2881 4951 remotioribus
2925 4892 3167 4949 Orientis
3222 4892 3474 4961 partibus
3528 4892 3597 4945 irr

1997 4991 2277 5045 Romanos
2310 4989 2445 5044 fines
2478 4988 2677 5045 infesta
2718 4988 2875 5059 signa
2912 4986 3184 5041 Barbarus
3213 4984 3422 5039 Tutat-h
3462 5000 3586 5039 cum

1991 5084 2175 5139 valido
2221 5094 2275 5140 et
2335 5084 2532 5153 praedae
2575 5083 2779 5152 cupido
2831 5081 3083 5136 exercitu
3122 5096 3136 5132 :
3180 5095 3290 5148 quo
3339 5087 3589 5147 tempore

1992 5178 2292 5244 Urselium,
2328 5179 2543 5248 magnis
2568 5178 2697 5231 licet
2753 5188 2807 5233 et
2842 5177 3092 5245 speciose
3137 5174 3472 5243 robusteque
3499 5186 3590 5224 ar-

1991 5275 2155 5329 matis
2195 5273 2529 5327 iustruetum
2590 5269 2791 5340 c0piis,
2853 5267 3081 5323 Alexius
3132 5265 3406 5321 industria
3473 5279 3587 5315 non

1990 5367 2173 5420 minus
2214 5364 2461 5433 prppria,
2523 5377 2688 5431 quam
2738 5361 3015 5431 legionum
3075 5374 3177 5413 suo
3220 5355 3408 5412 ductui
3462 5369 3597 5422 per-

1993 5460 2289 5514 missarum
2330 5458 2381 5510 vi
2412 5455 2663 5518 adortus,
2703 5454 2756 5507 in
2793 5469 3016 5523 magnas
3052 5451 3257 5506 sensim
3296 5448 3593 5517 angustias

1994 5550 2305 5621 redigebat,
2349 5547 2472 5602 aliis
2503 5546 2736 5601 subinde
2764 5554 2929 5614 atque
2950 5544 3074 5598 aliis
3099 5551 3151 5597 et
3181 5539 3591 5595 munitionibus

1993 5640 2341 5705 auferendis,
2370 5656 2473 5694 nec
2506 5639 2618 5710 jam
2656 5636 2769 5692 fere
2798 5637 3031 5691 ulterius
3067 5631 3356 5687 recedendi
3398 5632 3589 5699 spatio

1995 5735 2216 5789 relicto.
2260 5733 2352 5787 Sic
2400 5733 2491 5784 ille.
2539 5731 2945 5800 deprehensus,
3010 5724 3339 5790 consiliique
3394 5723 3579 5793 inops,

1996 5830 2214 5886 tandem
2249 5826 2315 5883 ad
2349 5826 2661 5883 Tutachum
2696 5822 2811 5879 adit
2847 5840 2859 5876 :
2892 5821 2957 5877 ab
3005 5832 3182 5890 eoque
3224 5812 3478 5884 'delinito,
3512 5831 3579 5873 ac
