4104 6408
445 362 550 428 123

1720 368 1944 429 ANN:E
1980 368 2371 433 COMNENE

3604 377 3713 442 1Ξέ

443 488 649 535 terram
701 478 930 535 multam
984 480 1305 538 invebentes
1356 481 1614 553 antiquos
1664 481 1848 537 alveos
1891 483 2025 538 obii-

2137 484 2215 555 μά
2252 503 2305 538 τι
2333 487 2611 557 ἀξιόλογον
2659 491 3041 563 ἐπιφορὴσιυσι
3080 495 3203 565 γῆς,
3240 493 3358 547 τότε
3404 493 3466 564 δὴ
3511 495 3602 547 ἐπὶ
3637 497 3711 551 τὰ

444 573 741 636 maverint.
802 574 1022 630 demum
1097 576 1305 634 exclusi
1361 586 1681 646 restagnent
1737 578 1791 633 in
1850 594 2022 636 novas

448 664 630 724 sedes.
659 676 713 722 et
736 666 875 721 alias
909 666 1015 722 sibi
1051 668 1169 722 vias
1194 683 1369 737 prono
1399 668 1546 723 fluxu
1582 670 1901 736 moliantur,
1934 669 2020 725 in-

448 758 679 811 tervallo
710 758 1031 827 plerumque
1070 759 1210 814 duos
1244 760 1412 823 inter,
1445 776 1643 814 novum
1679 770 1731 816 et
1780 771 2019 817 veterem

446 851 686 913 alveum,
741 852 1042 922 intercepto
1095 855 1353 923 quodam.
1413 855 1469 909 Id
1521 871 1586 911 eo
1638 856 1744 912 loci
1796 872 2019 924 passum

446 943 750 998 Bardarnm
807 948 1167 1015 conspicatus
1210 948 1437 1002 Alexius
1482 962 1581 1017 pro
1638 964 1736 1003 sua
1797 950 2018 1003 militari

449 1038 749 1107 sagacitate
789 1038 970 1093 locum
1011 1040 1145 1093 inibi
1185 1040 1385 1093 castris
1429 1040 1557 1110 legit
1605 1044 1746 1095 inter
1795 1040 2019 1097 ﬂuvium

447 1141 769 1199 utrumque,
800 1133 1005 1185 nativis
1033 1131 1159 1185 hinc
1200 1132 1331 1187 inde
1361 1133 1631 1191 munitum
1673 1133 1858 1189 fossis.
1896 1135 2021 1191 Dis-

448 1224 602 1277 tabat
644 1240 773 1279 vero
810 1240 838 1277 a
880 1206 1150 1280 Basilario
1178 1242 1285 1281 non
1317 1227 1440 1295 plus
1475 1228 1689 1283 duobus
1719 1236 1814 1282 aut
1843 1231 2021 1285 tribus

446 1316 666 1371 stadiis.
696 1315 793 1369 Hic
820 1333 951 1372 vero
976 1319 1087 1388 jam
1116 1319 1274 1388 quasi
1295 1336 1356 1374 ex
1383 1321 1639 1375 condicto
1673 1322 1842 1375 (luces
1861 1324 2022 1378 ambo

446 1409 589 1463 idem
617 1410 668 1463 in
697 1412 985 1466 ronsilium
1015 1429 1343 1468 concurrere
1365 1424 1753 1470 nocturnarum
1781 1416 2020 1471 vicissim

443 1505 814 1557 cavendarum
864 1521 927 1557 ac
978 1505 1375 1560 mul'endarum
1438 1507 1717 1563 fraudum.
1776 1509 1918 1579 Ergo
1966 1510 2018 1565 in

451 1598 700 1667 utrisque
733 1614 797 1651 ex
828 1615 983 1666 :Pquo
1018 1601 1218 1653 castris
1271 1601 1510 1655 interdiu
1561 1601 1786 1671 quidem
1840 1603 2013 1656 homiv
2062 1610 2081 1627 τ

446 1690 614 1745 nibus
663 1690 839 1744 somni
871 1691 1050 1760 quies.
1104 1691 1370 1760 jumentis
1409 1693 1570 1747 cibus
1626 1694 2017 1762 praebebatur:

444 1780 706 1835 noctibus
763 1782 818 1834 in
875 1783 1134 1836 cautione
1178 1797 1242 1836 ac
1304 1782 1487 1851 vigilia
1542 1785 1775 1838 sollicita
1829 1800 2020 1841 omnes

444 1881 628 1926 erant.
661 1873 718 1927 ld
761 1874 898 1927 adeo
936 1891 964 1926 a
1000 1874 1269 1928 Basilacio
1312 1875 1771 1941 iucboatum,’vel
1808 1878 2023 1946 sagaci-

445 1973 556 2019 tate
581 1965 663 2019 vel
704 1963 968 2020 felicitate
1009 1965 1193 2019 divina
1228 1967 1486 2037 quadam,
1524 1970 1664 2038 apud
1711 1985 1770 2025 se
1804 1987 2023 2042 quoque

444 2065 599 2125 pater
634 2072 790 2112 meus
821 2058 1015 2123 tenuit,
1049 2074 1145 2128 pro
1173 2074 1272 2113 sua
1310 2069 1506 2115 etetera
1544 2062 1627 2115 vel
1661 2078 1725 2116 ex
1751 2062 2019 2118 bellorum

445 2169 552 2209 usu
582 2151 897 2222 prudentia,
931 2152 1015 2207 vel
1050 2152 1276 2208 solertia
1307 2155 1568 2208 naturali.
1593 2153 1735 2220 Quin
1764 2158 1926 2210 etiam
1954 2171 2020 2210 ex

450 2247 675 2315 ingenio
744 2246 1049 2300 adversarii
1111 2253 1162 2299 et
1222 2247 1329 2301 loci
1393 2246 1801 2316 propinquitate
1856 2246 2019 2304 ducta

446 2337 767 2406 coniectura
811 2351 934 2391 cum
974 2336 1307 2407 providisset
1355 2338 1733 2393 verisimiliter
1779 2338 1919 2405 fore,
1961 2348 2021 2393 ut

445 2438 772 2484 nocturnam
807 2429 861 2483 in
890 2445 949 2484 se
982 2429 1407 2499 impressionem
1447 2427 1747 2485 Basilacius
1790 2432 2023 2486 medita-

444 2537 616 2591 retur,
641 2532 867 2582 armatis
895 2526 1011 2579 suis
1033 2533 1258 2592 repente
1280 2523 1565 2586 omnibus,
1600 2523 1703 2577 sub
1731 2538 2017 2592 vesperam

449 2619 847 2691 profectionem
889 2632 1077 2671 secum
1110 2616 1307 2669 indicit
1337 2602 1618 2685 peditibus
1664 2614 1822 2682 juxta
1861 2616 2022 2686 equi-

445 2713 731 2781 tibusque,
764 2709 917 2765 velut
950 2708 1015 2763 ad
1049 2723 1288 2778 pugnam
1343 2707 1632 2762 instructis
1676 2708 2016 2777 ornatisquc.

444 2806 580 2861 Cum
617 2820 682 2860 eo
719 2814 902 2857 autem
942 2810 1279 2872 praeceperat
1337 2800 1577 2869 relinqui
1628 2801 1784 2869 ignes
1834 2801 1889 2855 in
1940 2809 2023 2855 ta-

444 2896 762 2953 bernaculis
785 2895 849 2948 ad
874 2896 1156 2959 obtentum
1184 2894 1449 2963 inopinati
1480 2893 1696 2947 consilii
1730 2893 1834 2947 late
1855 2904 2018 2946 noctu

445 2991 782 3045 relucentes.
820 2987 879 3040 lu
932 2985 1161 3054 proprio
1212 3000 1346 3038 vero
1401 2983 1767 3039 tabernaculo
1813 2983 2021 3039 relictis

443 3082 722 3143 omnibus,
757 3095 878 3147 qua:
904 3079 967 3132 ad
999 3079 1229 3141 victum,
1262 3092 1496 3148 qumque
1527 3076 1593 3131 ad
1636 3078 1849 3130 cultum
1892 3092 2018 3145 per-

2131 578 2458 650 κατάρῤοπα
2494 581 2730 653 ῥέουσιν,
2787 584 2979 655 ὥσπερ
3018 586 3081 655 δὴ
3134 587 3566 656 μεταμείϐοντες
3604 588 3705 652 τὰς

2129 672 2352 740 πρώτας
2400 676 2587 740 κοίτας
2619 678 2819 745 αὐτῶν,
2855 681 2950 733 καὶ
2987 680 3085 750 τὴν
3122 680 3219 748 μὲν
3271 680 3507 733 παλαιὰν
3537 699 3705 735 κατα-

2126 765 2375 820 λείπουσι
2417 767 2651 837 πάροδον
2700 770 2946 825 διάκενον
2997 771 3169 841 ὑγροῦ
3214 773 3308 825 καὶ
3354 773 3702 843 χηρεύουσαν

2128 855 2342 919 ὓδατος,
2378 857 2446 927 ἢν
2475 858 2529 911 δὲ
2558 859 2653 913 νῦν
2686 860 3023 916 διοδεύουσιν
3054 862 3376 932 ἐμπιπλῶσι
3412 866 3702 934 ῥευμάτιον

2126 950 2360 1004 πολλῶν.
2392 950 2612 1005 Τούτων
2643 954 2736 1006 οὖν
2775 954 2884 1009 τῶν
2915 955 3062 1007 δυοῖν
3092 956 3345 1025 παρόδων
3369 959 3468 1026 τῆς
3506 973 3563 1008 τε
3596 975 3698 1010 πα-

2126 1041 2286 1105 λαιᾶς
2318 1044 2597 1114 χαράδρας
2638 1046 2727 1098 καὶ
2762 1047 2859 1115 τῆς
2891 1047 3014 1116 ἄρτι
3048 1049 3347 1120 γενομένης
3391 1050 3618 1120 πορείας
3646 1053 3705 1103 τὸ

2130 1133 2335 1202 μεταξῦ
2380 1135 2719 1205 θεασάμενος
2749 1138 2776 1189 ὁ
2811 1141 3331 1211 στρατηγικώτατος
3365 1137 3520 1206 οὗτος
3559 1144 3707 1196 Ἀλέα

2126 1223 2237 1291 ξιος
2262 1226 2354 1278 καὶ
2386 1226 2514 1296 ἐμὸς
2539 1228 2743 1299 πατὴρ,
2778 1230 2872 1282 καὶ
2897 1230 2985 1283 τὸν
3020 1233 3117 1300 μὲν
3145 1232 3307 1287 ὁλκὸν
3330 1233 3421 1286 τοῦ
3455 1234 3701 1303 ποταμοῦ

2126 1316 2200 1376 ὡς
2252 1317 2557 1383 ἀσφάλειαν
2594 1319 2815 1390 θέμενος
2870 1325 2932 1375 ἐκ
2979 1323 3233 1392 θατέρου,
3278 1328 3343 1396 τῇ
3392 1326 3449 1380 δὲ
3497 1328 3704 1398 παλαιᾷ

2124 1408 2282 1479 διόδῳ
2315 1412 2414 1484 ἤδη
2463 1413 2708 1481 φάραγγι
2743 1416 3004 1486 γεγονυίᾳ
3034 1419 3095 1470 ἐκ
3139 1418 3239 1487 τῆς
3284 1420 3378 1473 τοῦ
3431 1420 3703 1490 ῥεύματος

2127 1503 2417 1575 ἐπιρροίας
2464 1506 2716 1577 καθάπερ
2750 1508 3016 1575 αὑτοφυεῖ
3064 1511 3528 1580 ἀποχρησάμενος
3577 1512 3706 1566 διώσο

2128 1614 2253 1666 ρυχι
2286 1598 2785 1668 ἐστρατοπέδευσεν
2816 1601 2876 1653 οὐ
2914 1602 3099 1655 πλεῖον
3143 1602 3252 1655 τῶν
3284 1602 3432 1654 δυοῖν
3468 1604 3498 1673 ἢ
3536 1603 3705 1672 τριῶν

2129 1685 2357 1739 σταδίων
2406 1687 2654 1757 ἀλλήλων
2710 1690 3205 1759 ἀποδιεστηκότων.
3271 1692 3380 1744 Καὶ
3431 1691 3594 1754 εὐθὺς
3647 1694 3706 1745 ἐν

2129 1778 2476 1850 παραγγελία
2512 1781 2709 1843 πάντες
2734 1776 2876 1851 ἦσαν
2897 1783 3113 1852 ἡμέρας
3142 1783 3241 1850 μὲν
3283 1783 3706 1837 ἀναπαύσασθαι

2127 1870 2220 1923 καὶ
2269 1872 2673 1941 παραμυθῆσαι
2728 1872 2882 1942 ὕπνῳ
2912 1873 2971 1925 τὸ
3020 1874 3182 1942 σῶμα
3215 1875 3314 1928 καὶ
3369 1877 3481 1935 τοῖς
3517 1875 3707 1940 ἵπποις

2126 1962 2340 2033 τροφὴν
2374 1964 2561 2018 δοῦναι
2612 1965 2711 2036 τὴν
2766 1964 3067 2035 ἀρκοῦσαν.
3119 1966 3391 2021 Μέλλουσι
3443 1970 3551 2039 γάρ
3605 1973 3715 2039 τῆς

2125 2055 2367 2127 ἑσπέρας
2400 2055 2818 2126 καταλαϐούσης
2851 2055 3206 2127 ἀγρυπνῆσαί
3239 2075 3305 2109 τε
3338 2058 3432 2110 καὶ
3464 2058 3713 2124 ἐλπίζειν

2123 2147 2387 2215 ἀδόκητόν
2412 2165 2463 2201 τι
2490 2150 2643 2219 παρὰ
2667 2148 2774 2200 τῶν
2798 2148 3076 2219 πολεμίων
3100 2150 3490 2221 ἑπισυμὸῆναι.
3520 2151 3710 2205 Ταῦτα

2122 2240 2201 2302 δέ,
2234 2236 2412 2310 οἶμαι,
2436 2240 2808 2312 διῳκονὸμητο
2833 2240 2860 2293 ὁ
2894 2241 3025 2310 ἐμὸς
3058 2240 3244 2313 πατὴρ
3292 2242 3537 2297 κίνδυνον
3570 2245 3707 2312 ὕφο-

2127 2334 2371 2403 ρώμενος
2400 2338 2543 2386 κατᾶ
2592 2334 2694 2405 τὴν
2727 2334 2969 2406 ἑσπέραν
3012 2336 3233 2407 ἐκείνην
3268 2337 3418 2405 παρὰ
3454 2338 3560 2390 τῶν
3604 2356 3702 2392 πο-

2124 2425 2348 2495 λεμίων.
2395 2426 2784 2497 Ἑπιθήσεσθαι
2830 2427 2939 2499 γὰρ
2970 2429 3149 2497 ἐαυτῷ
3179 2429 3402 2492 τούτους
3444 2431 3703 2502 ἧλπιζςη,

2124 2517 2223 2570 εἴτ’
2251 2520 2313 2570 ἐκ
2362 2518 2723 2590 πολυπειρίας
2771 2519 2934 2573 τοῦτο
2991 2522 3531 2592 προμαντευόμενος,
3590 2527 3707 2576 εἴτε

2123 2611 2299 2673 ἄλλως
2331 2613 2562 2676 εἰκάσας
2581 2629 2595 2643 ·
2622 2613 2685 2666 οὐ
2725 2616 2832 2683 μὴν
2855 2615 2921 2668 τὰ
2950 2614 3049 2683 τῆς
3076 2617 3417 2687 προφητείας
3448 2616 3596 2687 αὐτῷ
3628 2618 3731 2679 εἰς*

2127 2703 2347 2773 μακρὰν
2379 2703 2653 2773 ἐληλύθει,
2703 2706 2825 2758 οὐδὲ
2864 2708 3118 2776 προέγνω
3155 2708 3279 2775 μὲν,
3321 2709 3381 2761 ού
3416 2709 3476 2763 τὸ
3504 2709 3622 2761 δέον
3652 2709 3710 2760 δέ

2123 2795 2459 2866 διῳκήσατο.
2500 2797 2644 2850 Ἀλλ’
2694 2800 2918 2869 ἀπάρας
2962 2804 3060 2871 τῆς
3110 2802 3304 2855 τούτου
3354 2802 3557 2871 σκηνῆς
3589 2801 3725 2871 ἄμοι-

2124 2891 2238 2952 τοῖς
2268 2888 2408 2957 ἀμφ’
2441 2889 2606 2943 αὑτὸν
2640 2892 3004 2961 στρατιώταις
3042 2895 3138 2948 σὺν
3168 2893 3352 2956 ὅπλοις
3389 2895 3482 2946 καλ¹
3518 2895 3719 2955 ἵπποος

2126 2980 2222 3032 καὶ
2256 2983 2391 3034 πᾶσι
2422 2983 2537 3044 τοῖς
2573 2981 2709 3051 πρὸς
2745 2983 2929 3055 μάχην
2969 2985 3320 3056 ἐπιτηδείοις,
3360 2985 3571 3057 ἀπέστη
3609 2985 3715 3053 μέν

2123 3072 2221 3140 τῆς
2252 3075 2459 3142 σκηνῆς
2481 3073 2775 3143 λαμπάδας
2804 3078 3214 3143 καταλελοιπὼς
3237 3081 3351 3142 τοῖς
3376 3079 3548 3132 ἐκεῖθι
3572 3096 3712 3131 παν·

446 3176 722 3238 tinebant,
756 3174 825 3229 iis
865 3172 1189 3227 familiarem
1221 3172 1513 3241 quemdam
1558 3186 1742 3233 suum,
1781 3178 2019 3226 veterem

2129 3163 2357 3233 ταχὸθεν
2388 3165 2691 3233 φαινούσας
2720 3168 2816 3222 καί
2848 3187 2971 3224 τινα
2996 3164 3117 3225 ’τῶν
3143 3171 3285 3243 ἀμφ’
3308 3170 3472 3225 αὐτὸν
3507 3173 3723 3224 οἰκεῖον

448 3267 777 3323 monachum
825 3264 1172 3320 Joannirium
1236 3263 1598 3333 prafecerat;
1650 3264 1861 3318 interea
1908 3264 2026 3333 ipse

445 3374 571 3417 cum
608 3360 726 3414 suis
756 3373 919 3428 quam
963 3357 1286 3427 longissime
1318 3367 1372 3411 et
1414 3355 1789 3411 secretissime
1836 3371 1866 3410 a
1902 3370 2028 3411 cas-

445 3463 657 3509 trorum
700 3456 1000 3520 conspectu
1036 3449 1309 3506 subsedit.
1345 3449 1398 3503 in
1435 3448 1511 3502 rei
1560 3448 1816 3518 gerenda:
1862 3464 2028 3504 occa-

448 3548 661 3603 sionem
696 3547 963 3601 intentus.
1007 3541 1142 3597 Nam
1178 3542 1494 3611 suspicatus
1530 3541 1606 3605 id,
1647 3541 1791 3611 quod
1818 3543 2023 3608 evenit,

447 3637 780 3693 Basilacinm
807 3651 903 3707 per
934 3644 1150 3690 noctem
1179 3634 1235 3689 in
1264 3649 1396 3688 suos
1430 3631 1707 3687 facturum
1736 3632 2023 3702 impetum,

447 3740 611 3799 atque
645 3730 701 3783 in
742 3728 1190 3791 tabernaculum,
1239 3725 1546 3795 praisertim
1600 3739 1762 3779 suum
1820 3725 2023 3794 ipsius,

450 3817 542 3870 ubi
564 3815 784 3869 scilicet
810 3813 1016 3868 indicia
1037 3814 1348 3880 lampadum
1380 3803 1739 3867 aceensaru'm
1768 3828 2025 3869 securum

451 3912 692 3967 dormire
732 3910 925 3966 ducem
958 3918 1010 3964 et
1026 3908 1200 3977 redigi
1228 3907 1388 3961 facile
1424 3907 1476 3960 in
1507 3915 1832 3975 potestatem
1866 3924 2028 3978 posse

450 4002 782 4064 suadebant,
823 4001 1137 4056 sustinebat
1178 4015 1241 4055 se
1280 4000 1385 4070 19
1415 4000 1639 4055 Alexius
1687 4001 1741 4054 in
1786 4001 2023 4067 insidiis,

451 4096 580 4152 dum
617 4094 670 4148 id
701 4094 854 4150 fieret
886 4110 901 4146 :
942 4109 1042 4149 nec
1073 4092 1335 4147 frustrata
1383 4109 1507 4146 eum
1550 4108 1648 4147 sua
1687 4096 2027 4160 exspectatio

451 4198 556 4245 est.
593 4189 782 4251 Adest,
810 4188 1086 4258 irruitque
1115 4186 1374 4243 ferociter
1406 4188 1457 4241 in
1485 4197 1667 4243 castra
1697 4189 2024 4257 Basilacius,

452 4282 673 4351 equites
716 4280 1043 4351 peditesque
1077 4281 1381 4336 instructos
1408 4281 1637 4336 ducens.
1681 4282 1874 4336 Decem
1910 4283 2022 4337 mils

453 4369 588 4423 lium
617 4385 811 4425 omnes
841 4384 1133 4423 numerum
1181 4368 1502 4438 implebant.
1534 4371 1613 4426 Ac
1649 4388 1773 4426 cum
1834 4374 2026 4442 vigiles
2062 4380 2069 4387 ‘

452 4461 654 4530 passim
696 4463 850 4531 ignes
882 4463 934 4517 in
970 4454 1246 4526 tentoriis,
1270 4463 1430 4519 ducis
1456 4481 1585 4519 vero
1615 4466 2023 4523 tabernaculum

452 4554 617 4608 altius
658 4554 874 4608 caeteris
929 4555 1206 4624 latiusque
1252 4570 1350 4625 per
1409 4566 1623 4611 noctem
1675 4560 2030 4628 respleudeus

455 4647 790 4710 intueretur,
818 4647 873 4699 in
902 4647 980 4708 id,
1009 4658 1220 4715 quanto
1251 4649 1430 4717 potuit
1461 4650 1725 4714 maximo,
1748 4653 2031 4731 contepdit

455 4735 688 4805 impetu,
720 4737 1063 4792 concitatum
1096 4740 1287 4793 nescio
1320 4741 1449 4807 quid
1498 4756 1560 4794 ac
1601 4741 1883 4795 turbidum
1918 4744 2032 4796 cla-

452 4843 630 4885 mans.
687 4827 968 4901 Nusquam
1031 4845 1162 4885 vero
1211 4828 1509 4901 apparente
1559 4832 1773 4899 Alexio,
1833 4852 2029 4907 neque,

452 4921 596 4991 quod
635 4923 751 4977 ﬁeri
796 4937 896 4991 par
944 4933 1083 4990 erat,
1116 4938 1181 4978 ex
1220 4922 1357 4978 locis
1388 4925 1642 4993 praetorio
1685 4927 1880 4983 vicinis
1917 4930 2029 4985 ullo

454 5016 782 5071 centurione
810 5024 904 5071 aut
932 5016 1178 5080 tribuno,
1212 5030 1281 5072 ne
1305 5016 1474 5071 milite
1496 5018 1723 5086 quidem
1751 5030 2026 5088 exstante,

452 5108 645 5178 paucis
699 5116 912 5163 tantum
967 5124 1034 5165 ex
1096 5109 1290 5164 humili
1343 5108 1618 5164 famulitio
1672 5111 1912 5167 sordidis
1975 5123 2029 5167 et

454 5201 970 5273 contemptibilibus
1000 5203 1446 5269 occurrentibus,
1475 5217 1542 5258 eo
1574 5203 1750 5274 magis
1784 5203 2030 5260 instabat

2141 3257 2475 3311 Ἰωαννίκιον
2537 3260 2710 3313 πάλαι
2761 3263 2854 3315 τὸν
2910 3265 3202 3334 μοναχικδν
3263 3264 3354 3318 ἐλό
3400 3281 3519 3317 ενον
3569 3264 3713 3334 βίον,

2126 3348 2227 3419 τὴν
2250 3350 2458 3422 σκηνὴν
2483 3355 2951 3420 καταπιστεύσας,
2976 3356 3073 3409 καὶ
3093 3356 3190 3409 ὅσα
3220 3356 3520 3426 ἐπεφέρετο
3542 3357 3621 3418 at;
3646 3374 3723 3408 τε

2128 3440 2412 3511 τράπεζαν
2439 3443 2675 3515 χρειώδη
2707 3446 2802 3499 καὶ
2827 3448 2926 3516 τὴν
2949 3448 3117 3518 ἄλλην
3142 3450 3520 3519 παρασκευήν·
3540 3448 3712 3511 αὐτὸς

2126 3534 2184 3588 δὲ
2224 3537 2566 3608 πορρωτάτω
2624 3538 2803 3592 ἀπιὼν
2855 3540 3097 3611 ἐκάθητο
3152 3541 3290 3611 μετὰ
3338 3541 3436 3606 τῆς
3480 3542 3717 3595 ἐνόπλου

2131 3631 2395 3698 στρατιᾶς
2434 3630 2495 3684 τὺ
2527 3629 2721 3700 μέλλον
2768 3633 3126 3701 καραδοκῶν,
3170 3634 3331 3687 τοῦτο
3375 3632 3719 3704 τεχναζόμε-

2130 3738 2240 3786 νος,
2283 3722 2352 3777 ἶν’
2378 3722 2407 3775 ὀ
2457 3721 2792 3786 Βασιλάκιος
2829 3725 3156 3795 ἀνημμένας
3197 3726 3537 3793 πανταχόθεν
3573 3742 3725 3791 πυρ-⁵

2128 3817 2291 3877 καϊὰς
2310 3814 2433 3868 ἰδὼν
2453 3816 2547 3869 καὶ
2569 3815 2924 3886 λαμπαδοχου
2934 3816 3099 3885 μένην
3121 3817 3218 3883 τὴν
3231 3814 3324 3869 τοῦ
3351 3816 3478 3883 ίμοῦ
3503 3817 3712 3883 πατρος

2130 3906 2339 3978 σκηνὴν
2369 3907 2617 3977 οἱήσαιτο
2653 3907 2824 3960 ἐκεῖθι
2870 3907 3063 3962 τοῦτον
3119 3904 3261 3983 εἶναι
3298 3908 3710 3979 διαναπαυόμε-

2128 4017 2241 4064 νον,
2274 4000 2352 4063 ὡς
2382 3999 2633 4053 ἐντεῦθεν
2681 4000 2875 4071 ἐκείνῳ
2906 4000 3099 4054 τοῦτον
3138 4001 3416 4072 ἁλώσιμον
3445 3998 3584 4055 εἶναι
3614 4003 3713 4056 καὶ

2130 4094 2467 4164 ὑποχείριον.
2501 4094 2614 4147 Οὔκ
2644 4094 2727 4157 είς
2776 4096 2979 4165 μάτην,
3010 4095 3267 4167 καθάπερ
3307 4097 3647 4169 εἰρήκειμεν,
3673 4100 3715 4170 ἡ

2134 4186 2364 4258 μαντεία
2383 4185 2477 4239 τοῦ
2511 4186 2527 4239 ί
2540 4185 2641 4258 μοῦ
2671 4188 2881 4259 πατρὸς
2926 4187 3189 4255 Ἀλεξίου.
3232 4188 3466 4259 Ἐπῆλοε
3490 4192 3598 4259 γὰρ
3630 4191 3711 4260 τῷ

2130 4278 2572 4350 προσδοκωμένῳ
2603 4280 2957 4350 στρατοπέδῳ
2986 4279 3185 4348 ἀθρόον
3209 4282 3237 4333 ὁ
3268 4281 3591 4345 Βασιλάκιος
3614 4284 3711 4336 σὶν

2131 4371 2357 4425 ἱππεῦσί
2400 4388 2461 4424 τε
2510 4372 2607 4424 καὶ
2641 4372 2829 4434 πεζοῖς
2885 4371 3218 4442 μυρίανδρον
3256 4373 3514 4442 στρατιὰν
3570 4376 3710 4426 ἐπα·-

2132 4463 2385 4532 γόμενος,
2440 4461 2533 4513 καὶ
2584 4461 2686 4524 τὰς
2721 4461 2820 4529 μὲν
2852 4460 3069 4523 κλισίας
3114 4463 3364 4533 ἐφευρὼν
3404 4464 3711 4535 ἑκασταχοῦ

2135 4552 2565 4624 ἀναλαμπούσας
2616 4553 2772 4621 πυρὶ,
2833 4551 3316 4623 ἐξαστράπτουσαν
3370 4555 3426 4609 δὲ
3473 4558 3565 4609 καὶ
3612 4557 3729 4626 τὴν-

2133 4647 2227 4724 τορ
2261 4643 2574 4714 στρατηγοῦ
2608 4642 2819 4712 σκηνὴν
2862 4642 3222 4711 θεασάμενος,
3256 4643 3332 4705 ὠς
3376 4638 3487 4712 εἶχε
3528 4643 3712 4713 ῥύμης

2133 4740 2214 4800 είς
2241 4736 2451 4808 ταύτην
2500 4734 2841 4803 είσεληλύθει
2881 4734 3265 4803 πολυτάραχόν
3309 4752 3362 4787 τι
3409 4736 3502 4789 καὶ
3551 4735 3713 4803 θορυ-

2134 4832 2304 4894 ϐῶδες
2338 4828 2500 4899 βοῶν.
2537 4829 2624 4891 Ὠς
2662 4827 2709 4880 δ’
2744 4828 2845 4880 οὐκ
2886 4822 2955 4896 ἦν
2986 4826 3227 4896 οὐδαμοῦ
3261 4829 3287 4879 ὁ
3324 4827 3712 4898 προσδοκώμευ

2135 4940 2246 4988 νος,
2279 4920 2401 4974 οὐδέ
2444 4937 2530 4983 τις
2566 4919 2774 4987 ἀνέστη
2812 4916 3153 4987 στρατιώτης
3187 4917 3397 4971 ἐκεῖθεν
3435 4920 3497 4971 τὺ
3530 4920 3713 4988 παρά..

2136 5028 2244 5064 παν
2275 5010 2307 5079 ἢ
2343 5008 2674 5080 στρατηγὸς,
2707 5009 2755 5059 εἰ
2791 5008 2865 5077 μή
2909 5006 3013 5059 πού
3045 5024 3189 5069 τινες
3218 5007 3713 5079 καταλελειμμένοι

2134 5104 2246 5159 τῶν
2288 5102 2627 5173 θητευόντων
2671 5100 3163 5169 εὐκαταφρόνητοι,
3210 5099 3289 5153 ἔτι
3336 5101 3541 5171 μᾶλλον
3581 5102 3711 5155 ἐϐόα

2139 5200 2235 5258 καὶ
2271 5198 2588 5268 ἐκεκράγει,
2627 5194 2735 5248 Ποῦ
2760 5193 2891 5246 ποτέ
2917 5193 3066 5246 ἐστιν
3093 5196 3118 5246 ὁ
3163 5193 3395 5264 τραυλός
3427 5194 3578 5263 (41);
3621 5195 3713 5247 ούο

1515 5317 1657 5380 Car.
1692 5315 2030 5379 Dufresnii
2062 5321 2155 5380 Du
2199 5312 2429 5392 Cangii
2462 5316 2648 5371 notm.

534 5417 646 5491 (41)
711 5419 779 5475 '0
836 5421 1136 5491 τραυλός.
1188 5419 1429 5488 ldipsum
1512 5417 2033 5491 refertdiryenins,

457 5489 553 5544 lib.
586 5507 660 5555 ιν,
693 5509 751 5547 n.
783 5490 873 5556 22,
898 5498 1069 5560 atque
1095 5492 1221 5545 inde
1246 5491 1457 5551 Alexio,
1503 5490 1644 5557 quod
1703 5489 2037 5553 balbultiret,

463 5575 789 5629 cognomen,
825 5563 909 5616 vel
954 5565 1157 5631 potius,
1186 5579 1387 5615 nomen
1425 5560 1692 5631 jocnlare,
1756 5568 1812 5612 ut
1865 5563 2034 5631 verbo

464 5640 588 5682 utar
621 5632 870 5696 Ausonii,
897 5629 1128 5686 iuilitum
1169 5631 1236 5687 ab
1290 5629 1684 5699 invido-utilius,
1738 5629 2033 5699 Βαμϐκκο-

467 5712 657 5765 ρακος.
689 5702 767 5753 uti
805 5717 871 5755 ex
899 5703 1127 5770 epistola
1154 5702 1378 5757 Honorii
1434 5697 1505 5755 lli
1530 5700 1630 5756 PP.
1688 5702 1793 5754 284
1824 5697 1927 5753 lib.
1956 5716 2030 5761 vi,

465 5769 776 5835 ducentur;
819 5774 960 5838 quod
998 5773 1260 5825 nimirum
1321 5772 1691 5836 inarticulate,
1745 5781 1794 5823 et
1854 5770 2035 5823 instar

470 5840 625 5898 corvi
658 5841 977 5897 crocitando
1020 5842 1183 5895 verba
1224 5840 1544 5902 effunderet,
1608 5840 1752 5903 quod
1824 5838 2036 5895 faciunt

2139 5414 2601 5488 βαμϐαλίζοντες,
2635 5411 2727 5480 qui
2761 5411 3024 5488 dentibus
3052 5419 3276 5488 crepant
3314 5412 3516 5488 potius:
3550 5429 3709 5488 quam

2138 5480 2459 5557 loquuntur.
2531 5483 2713 5537 Gloss.
2781 5481 3017 5557 Graeco}.
3084 5483 3393 5557 ιίελλιστήξ.
3473 5480 3712 5557 Ymnbal.

2133 5551 2476 5612 Atlamantus
2535 5566 2751 5624 martyr
2779 5556 2916 5624 apud
2951 5553 3300 5624 Senatorem,
3344 5551 3419 5607 De
3461 5551 3711 5624 Orlltogr.

2132 5643 2255 5698 cap.
2291 5626 2346 5693 5,
2383 5621 2692 5698 ’Βιιηιιιαίω⁷
2727 5622 3040 5698 dignae-mg.
3076 5621 3555 5698 Bnmbalio,‘l'or_te
3589 5638 3606 5675 :
3636 5622 3716 5698 sic

2133 5691 2277 5752 (3:.in
2321 5691 2505 5750 nescio
2555 5709 2718 5762 quem
2749 5695 2825 5747 M.
2864 5691 3143 5756 Fundum,
3176 5693 3403 5746 Antonii
3440 5693 3711 5745 triumviri

2132 5784 2412 5831 socerum,
2448 5774 2661 5831 propter
2682 5764 3043 5818 [imitantium
3071 5763 3292 5833 tinguat,
3327 5773 3486 5817 vocat
3520 5762 3719 5817 (Πυθιο-

2132 5837 2347 5902 Pnilipp
2401 5836 2484 5891 ιιι.
