4104 6412
279 322 374 392 ἵὶῦ

1587 330 1626 387 Α
1640 328 2005 392 LEXIADIS
2051 333 2202 394 LIB.
2247 334 2298 395 Ι.

3475 343 3576 408 13)
3667 326 3678 334 ’“

296 437 380 492 τοῦ
402 430 762 488 Βασιλακίον
802 433 1194 505 φαλαγγάρχαι
1244 433 1506 488 ἔσπενδον
1556 435 1654 508 ὅλῃ
1702 435 1903 512 γνώμῃ

2019 439 2274 497 silaciani
2312 451 2424 498 tcto
2449 444 2634 500 animo
2665 447 3014 504 conabantur
3063 464 3194 508 suos
3251 450 3306 506 in
3350 457 3588 524 praedam

310 527 684 593 ἐπισυλλέγειν
710 526 998 596 τοὺς-περὶ
1035 525 1134 596 τὴν
1163 525 1316 579 λείαν
1345 527 1762 592 ἐσπουδακότας
1799 531 1896 584 καὶ

311 619 742 688 ἀπολειφθέντας
764 620 867 688 τῆς
914 619 1117 689 μάχης.
1163 618 1223 672 ὐ
1247 619 1304 672 δὲ
1339 619 1516 690 μέγας
1548 620 1896 690 δομέστικος,

311 715 368 766 τὸ
394 713 528 764 ἴδιον
566 713 933 782 καταστήσας
969 714 1319 782 στράτευμα,
1353 712 1495 765 κατὰ
1523 713 1616 765 τοῦ
1669 713 1900 768 Βασιλα-

311 808 432 859 κίευ
480 803 642 868 αὖθις
703 806 839 858 ίετο.
884 803 1178 876 Πόρρωθεν
1229 805 1284 858 δέ
1317 823 1476 868 τινας
1504 807 1686 860 αὐτῶν
1713 809 1761 861 oi
1802 809 1898 862 τοῦ

312 899 648 966 δομεστξκου
705 897 1038 965 θεασάμενοι
1109 897 1201 950 καὶ
1239 898 1361 950 κατ’
1411 899 1593 953 αὐτῶν
1653 900 1901 970 σφοδρῶς

309 990 719 1060 ἐξορμήσαντες
747 987 1073 1061 ἐτρέψαντο,
1130 987 1224 1041 καί
1269 1005 1426 1052 τινας
1460 977 1628 1060 αἰτεῖ)
1661 991 1718 1052 ζμ
1739 992 1903 1059 γίίαν

308 1081 792 1150 ἐπανεληλυθότες
855 1081 1155 1151 προσῆγον.
1227 1081 1285 1133 Ἰ)
1322 1082 1377 1134 δὲ
1425 1082 1518 1134 τοῦ
1572 1083 1902 1136 Βασιλακίου

313 1174 542 1242 ἀδελφὸς
577 1172 834 1242 Μανουὴλ
861 1173 953 1224 ἐπὶ
971 1171 1136 1239 λόφου
1160 1173 1310 1234 τινὸς
1335 1173 1602 1241 ἀνελθὼν,
1623 1175 1906 1246 ὲπερῤὼν-

311 1283 404 1318 we
435 1266 497 1318 τὸ
517 1263 836 1334 στράτευμα
855 1262 1199 1334 μεγαφώνως
1227 1259 1352 1317 ὧδε·
1387 1265 1498 1319 Τοῦ
1527 1269 1906 1323 Βασιλακίου

305 1360 350 1424 ἡ
387 1360 665 1426 σήιιερόγ
691 1361 868 1410 ἐστιν
893 1358 1081 1426 ἡμέρα
1111 1357 1211 1411 καὶ
1235 1359 1399 1427 νίκη.
1436 1353 1530 1422 Εἷς
1569 1359 1625 1412 δέ
1664 1377 1745 1424 τις
1797 1361 1907 1413 Βα-

315 1454 522 1516 σίλειος
581 1451 682 1522 τὴν
751 1453 966 1522 κλῆσιν,
1022 1452 1354 1522 Κουρτίκιος
1403 1455 1504 1524 τὴν
1559 1456 1906 1527 ἐπωνυμίαν,

311 1549 561 1614 γνωστδς
584 1549 679 1601 καὶ
703 1548 942 1619 συνήθης
968 1549 1062 1602 τοῦ
1087 1549 1350 1620 Βρυενίου
1379 1551 1593 1605 ἐκείνου
1650 1553 1700 1606 Ν
1707 1556 1907 1623 ικης-ό-

308 1661 434 1714 ρου,
475 1645 608 1714 περὶ
628 1637 689 1697 οὗ
715 1645 741 1696 6
769 1642 927 1710 λόγος
959 1643 1230 1714 ἐμνήσθη.
1268 1647 1365 1698 καὶ
1390 1647 1457 1699 τὰ
1493 1647 1574 1710 είς
1624 1649 1906 1719 πολέμους

309 1734 650 1800 ἀκάθεκτος,
680 1731 928 1804 προθέων
955 1733 1051 1803 τῆς
1089 1733 1186 1786 τοῦ
1219 1733 1509 1805 Κομνηνοῦ
1541 1736 1910 1806 παρατάξεως

2001 537 2282 608 dispersos
2323 538 2374 592 in
2413 540 2663 595 ordinem
2701 543 2896 597 iterum
2945 552 3109 615 atque
3160 546 3214 601 in
3262 549 3587 621 phalangem

2001 645 2220 700 cogere.
2278 630 2506 703 Magnus
2540 648 2570 687 e
2604 635 2886 691 contrario
2936 637 3320 704 domesticus,
3379 659 3478 696 sua
3538 653 3590 698 ct

2004 723 2122 792 ipse
2152 723 2268 778 acie
2301 724 2367 779 de
2402 739 2545 779 novo
2575 735 2783 780 slrurta
2816 768 2832 791 ,
2890 744 3086 784 rursus
3145 731 3198 786 in
3265 732 3590 788 Basilaeiuut

2005 814 2240 870 infestus
2275 815 2574 872 ferebatur.
2608 823 2686 873 Ac
2721 819 2944 889 quidam
2977 835 3041 876 ex
3070 821 3349 878 Alexianis
3383 823 3594 877 Basilu-

2004 909 2193 961 cianos
2239 909 2396 979 longe
2445 910 2788 980 conspicati,
2844 913 3148 968 vehementi
3205 912 3347 969 facta
3409 916 3461 968 in
3498 931 3594 972 eos

2007 997 2368 1068 impressione
2390 999 2646 1055 fuderant
2674 1002 3059 1073 fugarantquc,
3095 1005 3376 1061 nonnullis
3395 1007 3593 1076 captis,

2005 1105 2145 1160 quos
2202 1092 2268 1146 ad
2319 1108 2577 1165 magnum
2627 1093 2990 1149 domesticum
3052 1098 3254 1152 reversi
3297 1097 3594 1153 duxerunt.

2007 1182 2234 1240 Interim
2264 1201 2395 1241 vero
2420 1186 2670 1243 Basilacii
2691 1187 2860 1242 frater
2884 1188 3098 1254 Manuel
3124 1191 3263 1246 colle
3285 1206 3594 1247 conscenso

2007 1278 2244 1346 quodam
2275 1293 2405 1336 suos
2443 1294 2637 1350 magna
2667 1295 2805 1337 voce
2841 1281 3204 1336 confirmabat
3293 1285 3596 1340 inclamans

2010 1369 2064 1422 in
2091 1370 2236 1424 hunc
2269 1371 2489 1426 modum
2528 1389 2542 1426 :
2577 1371 2703 1427 Hcce
2735 1374 2849 1428 dies
2884 1416 2897 1439 ,
2928 1374 3039 1428 Im-c
3085 1377 3306 1429 victoria
3337 1375 3556 1431 Basilac
3585 1379 3600 1430 ί

2009 1470 2108 1516 est.
2149 1461 2382 1527 Quidam
2441 1472 2622 1516 autem
2675 1464 2912 1520 Basilius
2964 1469 3185 1521 nomine
3217 1506 3232 1532 ,
3287 1468 3599 1524 Curtricius

2012 1564 2374 1621 cognomento
2404 1595 2419 1617 ,
2451 1553 2739 1612 familiaris
2785 1566 2838 1612 et
2867 1573 3041 1627 nuper
3063 1573 3247 1613 comes
3281 1558 3499 1630 Bryenii
3531 1561 3598 1614 il-

2016 1645 2120 1699 lius
2153 1644 2467 1714 Nicephori,‘
2505 1649 2663 1718 cujus
2705 1651 2868 1720 paulo
2897 1661 3020 1704 ante
3073 1651 3466 1718 meminimus,
3519 1655 3602 1707 vir

2017 1739 2174 1794 furtis
2208 1749 2262 1794 et
2289 1741 2694 1810 imperterritus
2715 1745 2768 1797 in
2791 1745 3068 1810 audendo,
3097 1760 3160 1800 ex
3185 1747 3302 1801 acie
3332 1748 3599 1802 Cornucni

303 1828 493 1882 ἄνεισι
526 1827 661 1896 πρδ;
688 1827 778 1878 τὸν
811 1825 996 1894 λόφον.
1039 1826 1098 1879 ’0
1131 1827 1188 1879 δὲ
1228 1827 1562 1892 Βασιλάκιος
1617 1830 1899 1901 “avos-hi,

2019 1849 2349 1903 procurrens
2379 1835 2572 1889 collem
2601 1835 2872 1891 ascendit.
2912 1838 3187 1894 Adversus
3221 1855 3346 1893 eum
3394 1840 3602 1896 Basila-

308 1917 407 1971 τοῦ
447 1918 642 1971 κολεοῦ
671 1919 732 1971 τὸ
770 1917 922 1988 ξίφος
948 1919 1325 1989 σπασάμενος,
1370 1921 1499 1984 ὅλας
1545 1920 1703 1991 ἡνίας
1735 1922 1904 1992 χαλάο

311 2027 416 2073 σας
449 2010 702 2080 σφοδρῶς
733 2010 854 2062 κατ’
888 2009 1056 2062 αὐτοῦ
1087 2010 1216 2063 ἴετο”
1241 2011 1268 2063 6
1291 2011 1350 2064 δὲ
1377 2012 1705 2082 Κουρτίκιος
1734 2014 1794 2065 οὐ
1820 2013 1847 2065 δ
1873 2013 1908 2066 ὰ

307 2105 534 2170 ξίφους,
565 2103 703 2156 ἀλλὰ
733 2103 832 2172 τὴν
867 2103 1284 2176 άπῃωρημένην
1308 2107 1376 2174 τῇ
1409 2105 1686 2176 ἐφεστρίδι
1710 2106 1907 2176 ῥάϐδον

312 2194 637 2265 ἑφελκύσας
672 2197 826 2250 παίει
865 2197 1058 2250 τοῦτον
1108 2198 1252 2251 κατά
1283 2197 1378 2250 τοῦ
1409 2198 1641 2269 κράνους
1674 2199 1770 2251 καὶ
1804 2217 1910 2252 πα-

315 2290 590 2361 ρῖιῖρῆμα
661 2289 997 2344 καταϐάλλει
1047 2289 1143 2342 τοῦ
1209 2290 1402 2353 ἵππου,
1465 2293 1558 2344 καὶ
1620 2289 1910 2362 δεσμώττῂ

313 2381 512 2435 τοῦτον
575 2383 982 2454 ἐπισυρόμενος
1039 2383 1294 2454 καθάπερ
1320 2401 1372 2436 τι
1425 2385 1673 2454 λάφυρον
1736 2385 1910 2454 τώμῷ

317 2475 494 2545 πατρὶ
524 2474 825 2544 προσῆγεν.
885 2475 975 2529 Ἐν
1007 2475 1249 2547 τοσούτῳ
1271 2476 1329 2528 δὲ
1362 2478 1456 2528 καὶ
1490 2477 1579 2529 τὸν
1622 2478 1910 2546 Κομνηνὸν

322 2569 465 2637 μετά
495 2567 605 2619 τῶν
639 2567 784 2619 ίδίων
815 2567 1162 2636 ἀναφανέντα
1217 2570 1518 2638 ταγμάτων
1554 2570 1614 2622 τὸ
1653 2570 1908 2622 ἐκλειπό-

319 2679 488 2732 μενον
521 2662 619 2714 τοῦ
638 2661 971 2716 Βασιλακίου
1000 2664 1320 2735 στράτευμα
1346 2663 1686 2735 θεασάμενον
1713 2669 1912 2735 μικρὲτν

315 2752 580 2823 ἁντισχὸν
637 2755 717 2817 εἰς
747 2755 926 2826 φυγὴν
969 2755 1284 2826 ἐξώρμησε.
1347 2757 1455 2809 Καὶ
1485 2759 1513 2810 6
1539 2757 1641 2827 μὲν
1677 2759 1913 2811 Βασιλά-

319 2864 440 2910 κιος
507 2845 754 2918 πρόσθεν
827 2847 1082 2917 ἔφευγεν,
1139 2850 1243 2902 ὁδὲ
1317 2849 1604 2921 Κομνηνδς
1673 2849 1914 2915 Ἀλέξιος

317 2941 545 2994 ἐδίωκε.
579 2940 1024 2995 Καταλαϐόντων
1055 2941 1112 2994 δὲ
1142 2943 1222 3004 είς
1254 2942 1688 3012 Θεσσαλονίκην,
1749 2943 1912 3006 εὐθὺς

317 3035 368 3086 oi
399 3032 830 3096 Θεσσαλονικεῖς
859 3034 950 3086 τὸν
976 3033 1305 3088 Βασιλάκιον
1338 3034 1612 3099 ἐδέξαντο,
1644 3033 1721 3104 τῷ
1747 3052 1915 3106 στρα-

317 3127 479 3197 τηγῷ
521 3126 980 3194 ἐπιζυγὼσαντες
1009 3127 1354 3198 παραχρῆμα
1383 3127 1482 3192 τὰς
1531 3127 1729 3192 πύλας.
1777 3130 1912 3182 Ἀλλ’

315 3221 434 3274 οὐδ’
464 3219 545 3284 ὥς
574 3219 784 3291 ἀνῆκεν
808 3222 836 3273 ὁ
864 3221 1000 3289 ἐμὸς
1028 3220 1238 3289 πατὴρ,
1277 3221 1388 3274 οὐδ’
1444 3221 1758 3275 ἀπεδύσατο
1807 3220 1915 3275 θὼ-

324 3330 498 3385 ρακα,
563 3315 692 3368 οὐδὲ
727 3314 788 3368 τὸ
830 3314 1032 3385 κράνος
1087 3315 1351 3380 ἀπέθετο,
1389 3314 1510 3367 οὐδὲ
1564 3314 1667 3386 τὴν
1714 3316 1916 3370 ἀσπίδα

324 3409 433 3460 τῶν
463 3406 638 3478 ὤμων
670 3409 897 3476 παρεῖτο
933 3406 1055 3460 οὐδὲ
1091 3408 1151 3460 τὸ
1193 3408 1348 3477 ξίφος
1397 3407 1728 3480 ἀπέρριψεν,
1781 3411 1916 3464 ὀλλά

337 3497 811 3565 στρατοπεδεύσας
864 3498 1082 3568 ἠπείλει
1135 3499 1497 3569 τειχομαχίας
1527 3501 1596 3571 τῇ
1632 3500 1785 3552 πόλει
1823 3504 1918 3553 καὶ

347 3590 602 3660 πόρθησιν
628 3592 914 3660 ἄντικρυς,
956 3592 1052 3644 καὶ
1076 3590 1276 3644 ἐθέλων
1296 3576 1562 3645 διασῶσαι
1595 3593 1688 3645 τὸν
1723 3593 1916 3663 ἄνδρα,

332 3682 427 3735 διὰ
460 3687 551 3736 τοῦ
577 3685 1022 3756 συνεφεπομὲνου
1072 3683 1221 3750 αύτῷ
1273 3685 1509 3756 μοναχοῦ
1584 3683 1917 3740 Ἰωαννικίου

326 3777 489 3846 (ἀνὴρ
522 3777 577 3830 δὲ
608 3771 768 3840 οὗτος
805 3777 895 3830 ἐπ’
931 3778 1100 3847 ἀρετῇ
1134 3777 1443 3848 διαϐόητος)
1477 3779 1544 3832 τὰ
1592 3779 1723 3850 περὶ
1752 3779 1914 3850 εἰρή-

321 3888 424 3939 νης
455 3870 596 3938 πρὸς
629 3869 727 3922 τὸν
762 3871 1094 3923 Βασιλακιον
1131 3867 1347 3940 ἠρώτα,
1382 3869 1526 3924 ὥστε
1557 3870 1656 3935 τὰς
1703 3871 1920 3936 πίστεις

316 3962 560 4015 λαϐόντα
596 3961 771 4031 μηδὲν
812 3960 985 4013 δεινὸν
1044 3961 1354 4024 πείσεσθαι,
1383 3961 1715 4032 ἐγχειρίζειν
1769 3961 1920 4032 αὐτῷ

315 4057 518 4111 ἑαυτόν
546 4072 610 4109 τε
649 4054 789 4123 ὁμοῦ
841 4056 932 4108 καὶ
960 4055 1059 4125 τὴν
1095 4055 1272 4109 πόλιν.
1323 4056 1432 4108 Καὶ
1463 4057 1490 4108 ὁ
1527 4055 1627 4124 μὲν
1683 4056 1922 4109 Βασιλάο

319 4167 434 4212 κιος
473 4146 721 4215 ἀπειθὴς
774 4140 864 4214 ἦν,
922 4146 974 4197 οἱ
1001 4146 1056 4197 δὲ
1087 4143 1505 4207 Θεσσαλονικεῖς
1553 4143 1664 4198 δέει
1697 4143 1788 4198 τοῦ
1845 4145 1920 4216 μὴ

318 4242 532 4296 ἁλῶναι
555 4242 658 4312 τὴν
688 4241 842 4293 πόλιν
873 4243 968 4295 καὶ
998 4240 1171 4294 δεινίν
1219 4260 1271 4293 τι
1310 4242 1528 4309 παθεῖν,
1561 4243 1920 4314 παρεχώρουν

314 4336 396 4405 τῷ
428 4333 716 4404 Κομνηνῷ
751 4333 851 4403 τῆς
873 4334 1102 4388 εἰσόδου.
1153 4334 1295 4387 Ἀλλ’
1318 4336 1346 4388 6
1379 4335 1711 4398 Βασιλάκιος
1737 4335 1922 4388 αἰσθό-

319 4444 490 4498 μενος
523 4424 623 4479 τοῦ
661 4427 947 4494 γινομένου
978 4425 1085 4479 ἀπὸ
1116 4425 1210 4479 τοῦ
1241 4425 1480 4496 πλήθους
1515 4428 1606 4481 ἐπὶ
1630 4428 1728 4497 τὴν
1751 4427 1922 4496 ἀκρό-

1943 3180 1989 3242 C

2018 1930 2137 1982 eius
2169 1926 2407 1989 Manuel,
2447 1927 2628 1998 gladio
2657 1930 2876 1992 Strirto,
2901 1933 3031 1985 totis
3070 1931 3298 1985 habenis
3330 1948 3472 2002 equo
3504 1933 3602 1988 ad-

2017 2019 2209 2083 misso,
2251 2020 2402 2074 ferox
2455 2021 2584 2076 ruit.
2619 2024 2686 2074 At
2740 2022 2893 2076 ilium
2949 2021 3258 2079 Curtricius
3304 2041 3413 2081 non
3466 2042 3601 2081 ense

2017 2109 2110 2164 srd
2141 2125 2410 2180 suspenso
2459 2127 2521 2166 ex
2558 2113 2833 2182 ephippiis
2894 2114 3091 2168 baculo
3143 2116 3492 2171 vehementer
3549 2117 3603 2171 in

2018 2204 2223 2258 vertice
2264 2204 2567 2274 pulsatum,
2598 2207 2782 2259 statim
2813 2223 2874 2259 ex
2911 2223 3051 2276 ennio
3093 2207 3279 2276 dejicit
3307 2251 3321 2271 ,
3351 2219 3403 2263 et
3434 2210 3607 2278 capli«

2017 2309 2144 2348 vum
2180 2296 2426 2360 trahens,
2467 2297 2616 2350 velut
2645 2297 2904 2365 spolium,
2934 2299 3073 2366 patri
3108 2313 3228 2352 meo
3256 2299 3424 2355 sistit.
3457 2299 3596 2355 Tum

2019 2402 2172 2451 vero,
2200 2387 2347 2454 quod
2395 2397 2514 2442 erat
2556 2389 2822 2457 reliquum
2876 2387 3126 2444 Basilacii
3182 2408 3376 2458 agmen
3409 2433 3423 2456 ,
3481 2402 3605 2460 post

2020 2481 2388 2536 constantiam
2429 2482 2647 2536 brevem
2704 2494 2852 2550 terga
2907 2485 3109 2544 vertit,
3157 2483 3424 2538 Basilacio
3482 2487 3605 2555 ipso

2023 2575 2164 2644 fugae
2200 2575 2360 2630 duce.
2395 2574 2544 2642 Quos
2578 2576 2706 2629 dum
2739 2576 3058 2632 Comuenus
3089 2577 3311 2632 Alexins
3361 2576 3604 2632 Thessa-

2022 2667 2258 2721 IOnicam
2295 2683 2474 2738 usque
2495 2671 2877 2743 persequitur,
2908 2667 3434 2724 Thessalonicenses
3463 2711 3474 2731 .
3505 2671 3604 2724 lia—

2023 2758 2215 2814 silacio
2255 2759 2538 2824 admisso,
2582 2768 2769 2828 portas
2824 2760 3015 2813 Alexio
3065 2760 3348 2814 claudunt.
3391 2759 3462 2812 Ea
3517 2777 3606 2812 res

2025 2849 2196 2919 patris
2227 2850 2326 2904 mei
2365 2865 2471 2903 non
2516 2848 2733 2918 infregit
2767 2851 3004 2903 animum
3046 2868 3059 2904 :
3101 2853 3232 2920 quin
3261 2853 3603 2906 necloricam

2023 2943 2216 3007 exuit,-
2245 2959 2344 2996 nec
2376 2944 2587 3013 galeam
2622 2943 2729 3012 22
2770 2945 2969 3012 posuit,
3011 2959 3109 3000 nec
3139 2943 3399 3000 humeros
3418 2949 3606 3016 clypeo

2026 3036 2273 3103 nudavit,
2303 3053 2403 3090 nec
2444 3053 2630 3090 ensem
2673 3038 2895 3122 abjecit,
2931 3038 3022 3090 sed
3068 3047 3247 3092 castra
3283 3039 3467 3094 statim
3495 3054 3610 3092 me-

2029 3138 2170 3182 tatus
2204 3127 2663 3197 0ppugnatiouem
2683 3135 2750 3181 et
2790 3127 3154 3197 direptionem
3199 3126 3319 3178 urbi
3365 3126 3606 3180 minatt-s

2021 3228 2125 3275 est.
2160 3219 2299 3286 Quia
2331 3236 2460 3275 vero
2490 3235 2731 3288 scrvare,
2766 3235 2828 3274 ae
2848 3222 3029 3273 vivum
3057 3235 3252 3289 capere
3277 3220 3604 3275 Bas‘lacium

2022 3313 2276 3375 malebat,
2311 3329 2406 3385 per
2438 3314 2767 3368 monachum
2805 3311 3150 3367 Joannicium
3204 3323 3464 3382 spectatae
3499 3314 3609 3367 vir-

2025 3407 2154 3461 tutis
2192 3406 2365 3460 virttm
2403 3421 2564 3476 agere
2587 3421 2711 3460 cum
2755 3421 2818 3461 eo
2857 3405 2924 3460 de
2960 3421 3092 3475 pace
3172 3407 3395 3472 institit,
3451 3405 3608 3461 tidem

2020 3499 2195 3562 dans,
2239 3500 2283 3554 si
2336 3514 2396 3554 se
2429 3499 2504 3552 illi
2548 3513 2671 3552 cum
2724 3499 2952 3553 civitate
2982 3499 3240 3562 dederet,
3287 3500 3422 3553 nihil
3458 3499 3606 3553 illum

2021 3593 2356 3648 incommodi
2384 3608 2702 3663 passurum.
2739 3592 2818 3647 Ad
2858 3591 2975 3646 haec
3001 3593 3429 3648 obsurdescente
3461 3592 3613 3647 Basi-

2024 3686 2169 3740 lacio
2196 3727 2211 3753 ,
2243 3685 2776 3742 Thessalonicenses
2833 3700 2932 3738 sua
2986 3692 3250 3739 curantes
3281 3723 3297 3750 ,
3345 3683 3612 3753 veritique

2022 3779 2384 3849 direptionem
2437 3775 2717 3843 civitatis,
2781 3777 2904 3844 ejus
2961 3775 3269 3844 ingressum
3329 3775 3612 3829 Comneno

2025 3873 2414 3944 permiserunt.
2459 3869 2578 3936 Quo
2611 3868 2992 3922 animadverso
3022 3865 3327 3921 Basilacius
3377 3881 3442 3919 ex
3477 3864 3612 3920 urbe

2025 3964 2079 4017 in
2118 3977 2297 4017 arcem
2335 3961 2560 4016 evadit:
2596 3959 2688 4012 ubi
2724 3973 2923 4012 rursus
2961 3957 3152 4010 iisdem
3183 3955 3609 4018 conditionibus,

2026 4056 2230 4110 nullius
2261 4053 2624 4127 incommodi,
2661 4053 2704 4106 si
2744 4067 2801 4106 se
2826 4051 3072 4114 dederet,
3103 4049 3375 4103 subeundi
3433 4063 3462 4101 a
3497 4063 3612 4101 ma-

2025 4163 2132 4218 gno
2191 4147 2493 4201 domestico
2560 4153 2804 4199 tentatus
2865 4141 3147 4211 respondit
3197 4140 3375 4210 pacati
3429 4141 3608 4195 nihil:

2024 4241 2154 4310 quin
2184 4241 2504 4309 eruptiones
2529 4252 2591 4291 ac
2621 4251 2832 4307 pugnas
2860 4234 3249 4298 meditabatur,
3290 4233 3426 4287 nihil
3450 4235 3612 4302 plane

2024 4332 2316 4402 iniquitate
2347 4330 2450 4384 loci
2493 4344 2558 4382 ac
2591 4329 2822 4382 fortuna:
2884 4326 2952 4380 de
2991 4335 3131 4380 statu
3182 4333 3378 4380 erectae
3413 4323 3612 4378 mentis

2025 4440 2088 4480 ac
2127 4424 2252 4480 forti
2285 4423 2520 4480 consilio
2563 4420 2823 4490 intrepidi
2849 4420 3088 4487 pectoris
3125 4418 3404 4472 remittens
3449 4434 3464 4470 :
3506 4418 3610 4469 dn-

317 4521 486 4575 πολιν
522 4520 867 4590 μεταϐαίνει,
894 4520 989 4573 καὶ
1016 4520 1128 4573 ἀπο
1161 4519 1367 4589 ταύτης
1388 4522 1468 4584 είς
1497 4520 1718 4593 ἐκείνην
1751 4520 1913 4590 ἐφάλ-

2026 4531 2126 4571 nec
2160 4530 2285 4569 cum
2319 4513 2464 4566 arcis
2509 4511 2754 4580 ejusdem
2807 4511 2956 4564 illius
3009 4508 3202 4562 incolae
3239 4523 3302 4562 ac
3354 4508 3612 4562 custodes

319 4617 511 4680 λεται,
553 4616 651 4666 καὶ
713 4613 822 4665 οὐδ’
877 4612 953 4676 ὣς
1028 4612 1461 4666 ἐπιλανθάνεται
1520 4613 1759 4683 πολέμου
1825 4613 1922 4666 καὶ

321 4709 543 4777 μάχης,
600 4706 781 4758 καίτοι
814 4704 907 4758 τοῦ
961 4704 1286 4774 δομεστίκου
1324 4704 1537 4767 πίστεις
1573 4703 1722 4774 αύτῷ
1758 4705 1923 4758 διδόν-

314 4818 414 4863 τκ
445 4799 623 4870 μηδέν
660 4815 709 4849 τι
759 4797 949 4850 παθεῖν
999 4799 1328 4869 ἀνήκεστον.
1373 4797 1515 4851 Ἀλλ’
1548 4799 1761 4868 ἑωρᾶτό
1797 4816 1859 4866 γε
1895 4799 1918 4853 ι’

317 4892 668 4952 Βασιλάκιος
691 4889 786 4943 καὶ
825 4891 884 4942 ἐν
912 4891 1027 4953 τοῖς
1053 4890 1272 4955 δεινοῖς,
1307 4891 1401 4944 καὶ
1431 4891 1488 4942 ὲν
1511 4883 1593 4951 οἷς
1626 4891 1924 4958 ἐστενοχω-

319 4987 480 5054 ρείτο
511 4983 636 5037 λίαν
665 4982 826 5052 ἀνὴρ,
878 4982 1000 5034 οὐδὲ
1027 4981 1138 5049 γάρ
1166 4983 1385 5049 ὑφεῖναι
1406 4999 1459 5034 τι
1494 4979 1589 5033 τοῦ
1617 4979 1922 5048 ἀνδρώδους

316 5080 423 5131 καί
454 5075 557 5130 τοῦ
593 5075 852 5144 γενναίου
879 5072 1164 5142 ἠϐούλετο,
1195 5073 1300 5135 ἕως
1325 5072 1538 5126 ἐκεῖθεν
1569 5071 1735 5124 αὐτὸν
1758 5071 1804 5122 oi
1824 5072 1922 5138 τῆς

315 5169 693 5241 ἀκροπόλεως
766 5168 1055 5237 οἰκήτορες
1123 5166 1219 5219 καὶ
1263 5164 1507 5234 φύλακες
1562 5163 1919 5228 ἐξελάσαντες

315 5264 570 5326 ἅπαντες
590 5261 796 5315 ἄκοντα
823 5260 916 5314 καὶ
935 5259 1028 5330 βίᾳ
1047 5256 1237 5311 τοῦτον
1253 5256 1331 5326 τῷ
1361 5255 1585 5326 μεγάλῳ
1611 5255 1741 5326 δομε
1751 5255 1922 5324 στίκῳ

314 5357 687 5429 παρέδωκαν.
717 5352 893 5416 Εὐθὺς
927 5351 987 5406 δὲ
1020 5345 1158 5421 πρὸς
1184 5349 1277 5403 τὸν
1326 5349 1553 5419 βασιλέα
1586 5347 1686 5418 τὴν
1724 5348 1920 5399 τούτου

317 5452 538 5505 Ξλωσιν
559 5446 1018 5518 ὃιαμεμηνυκὼς,
1048 5442 1213 5504 αὐτὸς
1245 5442 1332 5494 ἐπ’
1355 5441 1537 5510 ὀλίγον
1567 5442 1634 5510 τῇ
1653 5438 1924 5492 Θεσσαλο-

317 5544 454 5616 νίκῃ
485 5539 938 5610 ἐγκαρτερήσας,
977 5535 1074 5589 καὶ
1097 5533 1166 5587 τὰ
1211 5537 1271 5587 ἐν
1310 5535 1449 5604 αὐτῇ
1491 5530 1926 5602 καταστησάμε-

321 5653 437 5702 2-0;,
479 5632 744 5706 λαμπρὸς
774 5627 1110 5698 στεφανίτης
1135 5627 1381 5698 ἐπανῄει.
1436 5626 1500 5680 Οἱ
1547 5623 1606 5678 δὲ
1660 5623 1797 5695 πρὸς
1831 5621 1924 5676 τοῦ

317 5727 598 5797 βασιλέως
630 5723 1017 5796 πεμφθέντες,
1060 5717 1262 5788 μεταξὺ
1292 5718 1576 5772 Φιλίππων
1604 5717 1698 5768 καὶ
1731 5715 1926 5785 Ἀμφι-

318 5821 533 5886 πόλεως
554 5823 648 5897 τῷ*
666 5818 754 5891 μῷ
789 5815 972 5886 πατρὶ
992 5815 1447 5884 συναντήσα·.τες,
1473 5810 1570 5876 τὰς
1600 5827 1666 5863 πε
1677 5809 1730 5881 pi
1757 5806 1924 5864 αὐτοῦ

2025 4606 2411 4676 conspirantes
2459 4619 2650 4658 omnes
2684 4603 2730 4656 vi
2781 4601 3024 4656 adhibita
3081 4600 3352 4669 ejectum,
3402 4598 3607 4653 frustra

2023 4703 2383 4757 reluctantem
2436 4713 2633 4768 magno
2676 4694 2981 4749 domestico
3034 4693 3382 4748 dediderunt.
3438 4691 3610 4761 Cujus

2021 4806 2317 4848 successus
2370 4790 2566 4845 nuntio
2608 4788 2832 4841 Alexius
2870 4787 3054 4839 statim
3097 4783 3163 4837 ad
3222 4783 3606 4852 imperatorem

2023 4886 2320 4948 destinato,
2364 4883 2482 4954 ipse
2508 4880 2917 4936 Thessalonica:
2950 4885 3201 4931 moratus
3237 4873 3556 4944 aliquandiu
3591 4912 3606 4937 ,

2025 4978 2457 5044 constitutisque
2499 4974 2611 5027 illic
2655 4971 2916 5027 omnibus
2943 5007 2958 5030 .
3005 4967 3307 5038 splendidae
3363 4969 3609 5021 victoria:

2027 5083 2252 5138 compos
2285 5081 2538 5121 reversus
2579 5065 2632 5118 in
2667 5064 2856 5117 urbem
2895 5071 3001 5117 est.
3044 5059 3199 5116 Unde
3237 5061 3330 5130 qui
3380 5059 3455 5114 illi
3503 5062 3608 5114 ob!I

2028 5161 2168 5216 viam
2209 5159 2558 5229 imperatoris
2585 5157 2744 5224 jussu
2773 5163 3174 5225 processerant,
3211 5169 3336 5208 cum
3393 5151 3606 5221 Philip-

2029 5268 2128 5324 pos
2167 5254 2309 5306 inter
2339 5260 2393 5306 et
2417 5249 2789 5320 Amphipolim
2820 5247 3221 5311 occurrissent,
3251 5246 3470 5315 scriptis
3501 5245 3604 5311 ipsi

2027 5338 2302 5402 mandatis
2336 5343 2602 5414 principis
2633 5339 2848 5394 traditis
2875 5341 2928 5393 in
2961 5354 3158 5394 manus
3190 5377 3205 5399 ,
3241 5338 3474 5404 indeque
3506 5336 3607 5388 Ba-

2027 5441 2244 5507 silacio,
2286 5446 2449 5510 prout
2479 5437 2534 5492 in
2568 5437 2632 5491 iis
2651 5434 2972 5506 jubebatur,
3006 5432 3074 5488 ab
3107 5447 3174 5487 eo
3192 5437 3432 5499 recepto,
3456 5425 3605 5482 circa

2028 5537 2210 5590 locum
2239 5530 2555 5602 quempiam
2589 5528 2968 5594 Chiempinam
3017 5525 3225 5580 dictum
3252 5560 3268 5585 ,
3311 5536 3376 5578 ac
3435 5535 3606 5590 prope
3659 5561 3666 5563 -

2029 5626 2257 5690 fontem,
2288 5623 2382 5693 qui
2411 5623 2464 5675 in
2507 5622 2628 5690 ipso
2653 5629 2758 5684 est,
2802 5618 2992 5674 oculos
3041 5615 3090 5669 ei
3142 5613 3490 5676 effoderunt;
3537 5626 3606 5665 ex

2028 5733 2140 5788 quo
2169 5716 2439 5772 hactenus
2474 5713 2731 5777 invaluit,
2767 5718 2826 5764 ut
2866 5708 2991 5762 fons
3019 5705 3113 5760 ille
3137 5702 3386 5758 Basilacii
3443 5716 3606 5756 voca-

2031 5821 2206 5866 retur.
2235 5807 2456 5864 Tertius
2485 5805 2574 5864 hic
2609 5805 2711 5860 fuit
2738 5801 2898 5858 labor
2924 5806 3051 5854 ante
3082 5797 3369 5866 imperium
3391 5835 3406 5864 ,
3461 5794 3606 5850 velut
