4104 6422
406 316 512 378 1’s?»
1687 321 2102 384 ALEXIADIS
2146 325 2293 386 LIB.
2339 325 2367 385 Ι

3565 316 3701 398 ’166

403 435 527 489 κατ’
574 437 758 500 αὐτὸν,
799 437 1020 492 ἐκεῖνον
1058 438 1164 510 γὰρ
1201 440 1329 494 ἰδεῖν
1363 459 1494 513 φησι
1548 443 1688 512 μετὰ
1737 445 1836 516 τὴν
1887 444 1990 499 ἀπὸ

2101 443 2293 505 Sterio,
2345 439 2690 511 curiosisque
2738 443 2913 503 Otiose
2961 452 3268 518 spectatum
3327 445 3504 503 oculis
3532 448 3703 519 plane

403 529 595 597 θρόνου
631 530 959 600 καθαίρεσιν
990 533 1054 586 ὲν
1080 535 1146 604 τῇ
1178 533 1412 604 βασιλίδι
1464 535 1614 588 πόλει
1664 539 1823 606 φαιὸν
1853 538 2000 591 ἐνδε-

399 618 633 688 δεμένον
675 623 996 690 τριϐώνιον.
1049 624 1156 676 Καὶ
1217 625 1278 679 ὲν
1339 627 1688 698 μοναστηρίῳ
1740 630 2000 696 διάγοντα

403 713 663 775 ἐκμελὲς
697 717 1076 784 ποιησάμενος
1118 718 1177 770 τὸ
1206 719 1399 781 αὑταῖς
1437 718 1594 787 ὄψεσι
1634 721 1723 771 τὶν
1757 721 1996 773 καταδε-

406 804 676 872 διημένον
741 806 972 873 βασιλέα
1023 808 1344 863 θεάσασθαι.
1395 811 1630 864 Ἔπειτα
1686 813 1998 882 προσετίθει

407 901 496 948 nl
531 899 698 951 τοῦτο
721 901 749 952 ὃ
772 904 868 954 καὶ
900 904 1045 956 κατὰ
1077 903 1173 973 τὴν
1202 904 1555 975 ὑποστροφὴν
1588 907 1996 973 συμπεπτωκὸς

402 994 636 1059 ἠκηκόει
668 1012 681 1024 ·
721 998 749 1046 6
779 995 890 1064 γὰρ
921 995 1056 1065 ἐμὸς
1087 996 1265 1067 πατὴρ
1309 1001 1406 1066 τῆς
1449 997 1729 1066 βασιλείας
1772 1000 1996 1069 ἐπιδρα-

400 1086 664 1152 ξαιιενος.
696 1087 772 1146 Li);
828 1086 1060 1158 ὕστερον
1107 1089 1469 1160 διηγήσομαι,
1497 1090 1587 1142 τὸν
1630 1091 1997 1162 Βοτανειὰτην

399 1179 512 1229 τῶν
537 1178 836 1248 βασιλείων
868 1181 1116 1251 ἐξήλασε,
1149 1183 1239 1234 καὶ
1265 1184 1355 1236 τὸν
1388 1183 1481 1236 τοῦ
1523 1185 1701 1238 Aoum
1759 1186 1876 1236 υἱὸν
1907 1185 1997 1238 τὸν

400 1277 881 1345 περιφανέστατον
931 1281 1342 1334 Κωνσταντίνον
1381 1283 1586 1335 ἐκεῖνον
1640 1285 1697 1334 ὲν
1743 1286 1854 1344 τοῖς
1905 1282 1996 1352 ὑφ’

396 1362 552 1429 ἣλιον
594 1367 1022 1436 προσηκάμενος
1059 1370 1334 1439 μετεδίδου
1362 1367 1520 1433 αὖθις
1553 1371 1653 1441 τῆς
1689 1373 1991 1442 βασιλείας.

396 1454 574 1508 Τοῦτο
615 1459 761 1510 κατὰ
803 1460 902 1527 τὴν
946 1459 1063 1512 ὁδὸν
1108 1460 1365 1531 ἀκηκοὼς
1399 1462 1426 1514 6
1465 1459 1661 1515 Ῥαοὺλ
1696 1468 1775 1526 εἰς
1818 1464 1996 1517 πειθὼ

398 1549 494 1600 καὶ
523 1549 700 1602 ταῦτα
734 1553 1002 1620 προσῆγε,
1030 1553 1335 1623 παραλύειν
1375 1553 1722 1625 πειρώμενος
1760 1557 1858 1626 τὴν
1898 1555 1993 1610 τοῦ

395 1640 649 1708 πολέμου
681 1645 906 1711 σκευήν.
966 1645 1083 1698 Τίνι
1113 1645 1221 1716 γὰρ
1265 1647 1464 1716 δικαίῳ
1491 1648 1636 1719 λόγῳ
1671 1651 1808 1720 πρὸς
1842 1651 1997 1704 Ἀλέ-

395 1733 534 1799 ξιον,
562 1735 721 1800 φησὶ,
755 1735 1146 1807 πολεμήσομεν
1169 1739 1263 1792 τοῦ
1300 1741 1660 1795 Βοτανειάτου
1685 1742 1782 1806 τὰς
1819 1744 1996 1815 ἀρχὰς

393 1824 702 1888 δεδωκότος
732 1830 833 1898 τῆς
865 1829 1102 1894 ἀδικίας,
1139 1832 1232 1885 καὶ
1280 1832 1377 1905 τὴν
1427 1833 1709 1904 θυγατέρα
1745 1833 1845 1906 τὴν
1897 1837 1995 1905 σὴν

403 1921 635 1990 Ἑλένην
659 1923 770 1976 τῶν
795 1923 1122 1991 Ῥωμαϊκῶν
1156 1927 1453 1998 σκήπτρων
1481 1930 1865 2001 ἀποστερήσειν
1877 1947 1992 1996 tog;

392 2017 474 2068 Τὰ
507 2019 619 2086 γὰρ
656 2017 790 2087 παρ’
823 2017 1000 2070 ἄλλων
1039 2020 1117 2080 εὶς
1150 2021 1300 2090 ἡμᾶς
1330 2023 1596 2092 γινόμενα
1625 2024 1726 2076 οὐκ
1773 2023 1838 2076 ἂν
1866 2023 1990 2076 ἐτέ-

403 2129 523 2178 por;
557 2113 682 2174 τοῖς
733 2111 812 2182 μὴ
876 2113 1348 2185 προσκεκρουκόσι
1409 2117 1553 2169 κατὰ
1591 2116 1747 2186 δίκην
1781 2117 1992 2185 ἐνέγκοι

392 2204 661 2272 πόλεμον.
697 2204 792 2276 Μὴ
823 2205 1042 2274 ἔχοντος
1075 2206 1134 2259 δὲ
1173 2205 1269 2259 τοῦ
1314 2206 1555 2277 πολέμου
1607 2209 1822 2263 δικαίαν
1857 2211 1993 2281 πρό-

388 2312 584 2362 φασιν,
618 2297 691 2349 τὰ
733 2295 1026 2366 ξύμπαντα
1069 2297 1278 2369 φροῦδα
1309 2300 1404 2353 καὶ
1432 2299 1560 2370 νῆες
1591 2302 1686 2354 καὶ
1717 2301 1858 2355 ὅπλα
1895 2303 1991 2355 καὶ⁸

384 2387 584 2455 ἄνδρες
615 2387 714 2440 καὶ
772 2388 1097 2461 παρασκευὴ
1136 2391 1287 2443 πᾶσα
1327 2391 1778 2464 πολεμιστήριος.
1805 2394 1990 2448 Ταῦτα

386 2478 638 2549 ρηθέντα
666 2479 969 2550 ὲξώργισεν
1002 2482 1095 2534 ἐπὶ
1127 2483 1288 2538 πλέον
1330 2483 1691 2556 Ῥομπέρτον,
1719 2488 1990 2559 ὲμεμήνει

384 2573 499 2641 γὰρ
526 2572 629 2626 καὶ
666 2572 866 2642 ἔμελλε
905 2575 982 2646 τῷ
1012 2578 1164 2646 χεῖρε
1196 2576 1372 2647 τούτῳ
1406 2580 1717 2636 ἐπιϐαλεῖν.
1753 2582 1846 2634 Ἐκ
1886 2581 1986 2633 θα-

381 2666 548 2736 τέρου
603 2667 663 2719 δὲ
717 2668 813 2720 καὶ
862 2670 890 2720 6
949 2671 1340 2742 πεπλασμένος
1401 2672 1611 2736 ἐκεῖνος
1641 2672 1848 2737 δοῦκας
1893 2673 1990 2729 καὶ

382 2760 828 2830 ψευδοὸασιλεὺς
865 2761 1086 2833 Μιχαὴλ
1119 2762 1177 2817 ὃν
1199 2763 1296 2817 καὶ
1343 2762 1651 2837 Ῥαίκτωρα
1693 2767 1988 2836 ὠνομάκιι⁹

385 2869 491 2922 μεν
543 2853 872 2922 ἐσχετλίαζε
925 2871 984 2906 τε
1026 2856 1122 2908 καὶ
1181 2855 1494 2928 ἐδυσφόρει,
1545 2859 1640 2912 καὶ
1687 2860 1790 2912 οὐκ
1841 2855 1988 2931 εἶχεν

379 2946 535 3008 ὅπως
597 2946 875 3016 κατάσχοι
904 2946 1005 3018 τὴν
1053 2949 1227 3018 ὀργὴν
1263 2948 1407 3004 οὕτω
1456 2952 1645 3020 σαφῶς
1697 2952 1986 3024 ἐξελεγχό-

381 3055 550 3108 μενος
583 3037 663 3102 ὡς
702 3039 807 3092 οὐκ
842 3039 928 3110 εἴη
991 3039 1248 3110 βασιλεὺς
1277 3045 1488 3108 ἐκεῖνος
1525 3047 1554 3098 ό
1582 3045 1806 3112 δοῦκας,
1849 3046 1988 3099 ἀλλὰ

2105 533 2445 601 comperisse
2503 534 2654 588 illum
2706 553 2829 594 esse
2876 539 3056 619 ipsum
3103 539 3197 610 qui
3227 554 3405 611 nuper
3437 553 3700 610 possesso

2104 627 2336 696 imperio
2405 630 2630 688 excidit.
2687 631 2892 687 Deinde
2941 632 3227 703 subjungit
3301 635 3352 687 id
3379 635 3523 703 quod
3573 645 3698 704 post

2103 736 2263 774 suum
2305 738 2368 777 ex
2422 723 2559 777 urbe
2607 723 2911 780 discessum
2949 727 3111 780 modo
3158 734 3373 798 gestum
3423 727 3698 790 audierat,

2103 815 2230 868 dum
2261 817 2312 870 in
2351 816 2542 872 itinere
2577 818 2642 872 ad
2673 819 2911 873 reditum
2949 827 3137 874 esset:
3199 817 3449 873 Alexium
3506 835 3702 888 nempe

2102 924 2407 978 occupasse
2456 911 2750 980 imperium
2809 913 2985 980 ejcclo
3025 912 3311 966 Botaniate
3363 912 3553 981 (quod
3598 930 3701 969 nos

2101 1013 2289 1072 postea
2350 1006 2737 1075 narrabimus)
2785 1004 3322 1073 Constantinumque
3385 1004 3700 1061 illitStrissi-

2101 1111 2248 1147 mum
2278 1096 2426 1150 illmn
2458 1099 2700 1151 omnium
2728 1113 2866 1167 quos
2895 1099 2974 1152 sol
3011 1101 3202 1168 aspicit
3227 1099 3505 1154 Michaelis
3533 1101 3696 1155 Durae

2105 1187 2273 1240 lilium
2313 1201 2566 1242 evectum
2600 1205 2667 1243 ex
2706 1191 2890 1258 priore
2933 1188 3151 1242 fortuna
3185 1191 3348 1259 regiis
3388 1191 3697 1262 insignibus

2101 1279 2283 1333 denuo
2323 1283 2744 1336 cohonestatum
2782 1281 3012 1351 imperio
3067 1282 3400 1337 reddidisse.
3463 1284 3538 1337 Ex
3573 1284 3698 1353 qui-

2103 1371 2207 1427 bus
2239 1374 2319 1427 sic
2349 1373 2643 1444 colligebat
2670 1373 2845 1428 Raul:
2884 1375 3106 1430 Minime
3145 1377 3312 1430 videri
3338 1378 3545 1447 justam
3576 1395 3700 1435 esse

2104 1462 2342 1518 Roberto
2368 1465 2494 1518 belli
2517 1481 2741 1520 causam
2773 1469 2825 1521 in
2853 1469 3102 1523 Alexium
3129 1471 3200 1524 ob
3235 1469 3494 1540 injuriam
3531 1487 3696 1541 quam

2101 1555 2419 1612 Botaniates
2450 1560 2653 1612 intulit.
2688 1558 2992 1615 Boraniatis
3023 1562 3166 1614 enim
3199 1562 3449 1631 profecto
3482 1565 3696 1618 crimen

2103 1663 2226 1704 esse
2283 1649 2570 1720 impeditas
2603 1649 2826 1705 Helena:
2885 1652 3132 1721 nuptias,
3187 1661 3240 1706 ct
3281 1654 3694 1710 abdicationem

2102 1742 2493 1798 Constantini:
2529 1760 2652 1814 quae
2675 1747 2953 1813 quomodo
2979 1747 3128 1814 juste
3163 1747 3424 1815 imputari
3464 1747 3698 1803 Conme-

2102 1848 2174 1888 no
2219 1845 2428 1904 queant
2462 1849 2655 1890 eorum
2701 1836 2866 1889 ultori
2892 1846 2947 1891 et
2999 1838 3333 1901 reslitulori,
3366 1853 3475 1892 non
3521 1852 3695 1909 appa-

2102 1943 2245 1982 rere.
2282 1928 2455 1981 Porro
2487 1927 2532 1982 si
2561 1928 2706 1982 bello
2736 1943 2905 1983 causa
2935 1929 3084 1998 justa
3116 1943 3227 1983 non
3287 1929 3466 1984 subsit
3501 1945 3697 1999 parum

2100 2017 2343 2089 praesidii
2396 2034 2460 2073 ac
2505 2020 2620 2089 spei
2687 2022 3005 2090 ponendum
3058 2023 3112 2076 iu
3173 2023 3436 2088 navibus,
3506 2024 3697 2088 armis,

2098 2111 2256 2177 viris,
2290 2119 2598 2181 caeteroque
2625 2113 2776 2166 omni
2807 2123 3074 2183 apparatu
3106 2115 3327 2170 bellico.
3357 2115 3482 2170 Haec
3519 2116 3700 2171 disse-

2097 2205 2252 2258 rebat
2287 2205 2422 2258 Rau]
2457 2213 2611 2261 tanto
2635 2205 2830 2261 dolore
2867 2207 3098 2262 lloherti
3136 2217 3194 2262 ut
3228 2209 3318 2264 vix
3354 2210 3598 2265 furorem
3630 2225 3696 2264 ac

2098 2311 2296 2352 manus
2323 2312 2355 2351 a
2397 2297 2578 2368 legato
2615 2298 2745 2353 dum
2789 2300 2997 2355 diceret
3040 2302 3318 2370 pulsando
3361 2303 3695 2357 contineret.

2096 2388 2234 2444 Cum
2269 2399 2452 2444 autem
2495 2399 2644 2446 esset
2687 2401 2953 2461 praeterea
2988 2392 3222 2447 fraterni
3253 2409 3475 2464 quoque
3510 2405 3697 2448 trans-

2095 2481 2230 2552 fugii
2271 2483 2493 2537 nomine
2544 2481 2784 2538 Roberto
2838 2494 3130 2555 suspectus
3177 2484 3362 2558 Raul(
3420 2503 3545 2540 nam
3572 2487 3694 2558 ejus

2095 2589 2396 2644 germanus
2445 2573 2718 2645 Rogerius
2761 2577 2905 2631 ultro
2930 2577 2997 2632 ad
3038 2578 3693 2649 Constantinopolitanos

2094 2666 2400 2720 indicatum
2432 2667 2498 2720 de
2545 2666 2674 2720 belli
2700 2669 2934 2722 consilio
2961 2677 3128 2739 atque
3160 2678 3426 2739 apparatu
3461 2671 3694 2724 transic-

2095 2757 2240 2828 rat),
2289 2758 2605 2813 collectain
2639 2774 2810 2813 unum
2841 2771 3056 2831 tempus
3111 2761 3314 2816 invidia
3364 2761 3689 2818 offensionis

2094 2851 2324 2919 geminae
2352 2857 2646 2920 tyrannum
2688 2851 2810 2921 plus
2868 2851 3044 2906 nimio
3095 2851 3415 2906 irritabilem
3462 2867 3527 2907 eo
3563 2867 3691 2922 per—

2098 2942 2240 3012 pulit
2273 2951 2332 2995 ut
2363 2941 2530 2996 etiam
2568 2957 2758 2997 necem
2795 2941 2952 2996 Bauli
2994 2943 3334 2998 minaretur:
3369 2961 3433 2998 ex
3462 2960 3573 3015 quo
3598 2945 3690 2998 ille

2095 3033 2388 3105 inteligens
2442 3044 2650 3104 quanto
2679 3033 2733 3089 in
2765 3035 3011 3103 periculo
3034 3047 3370 3100 versaretur,
3421 3037 3566 3092 haud
3599 3053 3690 3092 se-

376 3132 865 3200 ψευδεπίπλαστος
910 3132 1186 3203 βασιλεύς.
1235 3136 1330 3189 Ὢν
1373 3137 1431 3190 δὲ
1471 3137 1566 3191 καὶ
1600 3138 1778 3202 ἄλλως
1814 3138 1986 3209 ἐξωρ-

2096 3125 2185 3194 gni
2208 3123 2340 3194 fuga
2364 3139 2424 3180 se
2456 3125 2511 3178 in
2540 3123 2831 3179 Baimundi
2884 3125 3233 3192 comitatum,
3292 3125 3552 3180 idoneum
3591 3125 3690 3180 tali

378 3239 415 3290 γ
445 3223 648 3292 σμένος
685 3225 714 3277 6
741 3223 1006 3292 τύραννος
1046 3228 1190 3282 κατὰ
1239 3226 1333 3281 τοῦ
1369 3229 1566 3283 Ῥαοὺλ
1603 3232 1700 3284 τοῦ
1745 3231 1984 3302 ἀδελφοῦ

395 3315 634 3386 Ῥογὲρη
715 3318 856 3388 πρὸς
941 3319 1253 3391 Ῥωμαίους
1313 3322 1830 3394 αὐτομολήσαντος,
1894 3327 1992 3380 καὶ

391 3407 871 3478 διαμεμηνυκότος
902 3409 1120 3466 ἅπαντα
1153 3412 1221 3466 τὰ
1253 3415 1398 3469 κατὰ
1437 3416 1529 3469 τὸν
1560 3416 1982 3488 παρασκευαζό-

409 3516 562 3566 μενον
593 3502 844 3572 πόλεμον,
871 3503 1150 3576 ἠϐουλήθη
1183 3507 1354 3560 κακόν
1375 3523 1426 3561 τι
1451 3507 1756 3578 δράσαςτῷ
1794 3509 1990 3564 Ῥαοὺλ

412 3590 504 3643 τὶν
545 3595 846 3662 παραυτίκα
877 3596 1109 3652 θάνατον
1161 3598 1488 3670 ἀπειλήσας.
1530 3599 1592 3654 '0
1623 3601 1682 3655 δὲ
1734 3601 1989 3672 μηδόλως

399 3682 538 3752 πρὸς
572 3686 663 3758 τὴν
690 3688 878 3760 φυγὴν
905 3691 1319 3763 ἐρρᾳθυμηκὼς
1345 3692 1485 3764 πρὸς
1517 3693 1610 3748 τὸν
1641 3694 1984 3764 Βαῖμοῠντον

389 3777 796 3846 ἐδραπέτευσεν
822 3781 1017 3853 ῶσπερ
1043 3799 1096 3836 τι
1144 3783 1532 3854 κρησφύγετον
1571 3788 1638 3840 ὲκ
1671 3785 1768 3839 τοῦ
1800 3785 1988 3856 σχεδὸν

386 3873 554 3926 αὐτον
601 3874 1004 3945 ὲφευράμενος.
1055 3875 1386 3947 Ἐτραγῴδει
1418 3878 1477 3932 δὲ
1524 3878 1619 3932 καὶ
1649 3880 1678 3933 6
1712 3878 1987 3950 Ῥαίκτωρ

378 3965 483 4027 τὰς
538 3964 1036 4036 παλαμναιοτάτας
1079 3966 1311 4031 ἀπειλὰς
1352 3969 1599 4040 τάδελφῷ
1643 3969 1738 4024 τοῦ
1795 3970 1989 4026 Ῥαούλ

376 4057 462 4125 τῷ
529 4057 671 4129 πρὸς
747 4057 1056 4128 Ῥωμαίους
1125 4060 1564 4132 αὐτομολήσαντι
1641 4061 1859 4133 μεγάλα
1925 4080 1987 4117 τε

379 4153 687 4220 κεκραγὼς
747 4153 968 4206 καὶτὸν
1024 4156 1202 4223 μηρὸν
1256 4157 1322 4226 τῇ
1377 4155 1532 4228 δεξιᾷ
1585 4155 1844 4228 πλήττων
1891 4158 1989 4212 καὶ

378 4244 782 4312 ἐξαιτούμενος
839 4245 929 4297 τὸν
984 4245 1328 4316 Ῥομπέρτον
1377 4247 1472 4300 κα)⁵
1527 4247 1704 4316 λέγων
1736 4246 1796 4301 ἓν
1827 4247 1986 4302 τοῦτο

381 4338 481 4390 καὶ
531 4336 699 4406 μόνον
740 4337 877 4389 αἰτῶ
915 4337 990 4400 ὡς
1043 4337 1105 4390 Εἰ
1133 4339 1231 4409 τῆς
1263 4338 1550 4409 βασιλείας
1585 4339 1988 4412 ὲπιδραξοίμην

383 4431 482 4482 καὶ
517 4428 972 4500 ἀποκαταστλίην
1007 4432 1120 4492 τοῖς
1153 4430 1367 4502 θρόνοις
1395 4431 1737 4504 παραδοῦναί
1770 4449 1863 4502 μοι
1893 4433 1986 4486 τὸν

2097 3223 2346 3286 tempore
2389 3217 2627 3286 asylum,
2694 3217 2988 3286 proripuit.
3033 3216 3511 3273 Pseudo—Michael
3557 3231 3692 3272 vero

2095 3307 2310 3363 Ilzector
2345 3307 2653 3364 monachus
2684 3307 3007 3362 incredilule
3034 3317 3118 3363 est
3157 3319 3363 3379 quanta
3393 3323 3517 3363 cum
3542 3309 3691 3363 indi-

2093 3399 2354 3470 gnatione
2415 3399 2607 3452 tulerit
2681 3400 2857 3466 palam
2912 3399 3317 3467 deprehensum
3368 3399 3690 3454 testimonio

2093 3491 2287 3548 Baulis
2337 3490 2882 3560 itnpudentissimutn
2913 3505 3075 3545 suum
3118 3490 3358 3561 plagiutn
3389 3507 3404 3545 :
3439 3492 3688 3546 instabat

2093 3598 2226 3654 ergo
2289 3581 2755 3653 impotentissime
2795 3581 2940 3650 apud
3028 3579 3356 3646 Robertnm,
3419 3580 3601 3634 oleum
3631 3579 3688 3633 in

2091 3678 2370 3734 ﬂammam
2413 3677 2662 3741 mittens,
2700 3674 2823 3744 ejus
2854 3673 2910 3726 in
2949 3671 3181 3728 Raulem
3219 3672 3521 3727 iracundiae
3551 3687 3688 3742 que-

2091 3772 2222 3829 relis
2251 3769 2726 3826 artiﬁciosissimis
2775 3767 3057 3839 augendae.
3113 3765 3173 3820 In
3226 3764 3522 3836 Rogerium
3553 3779 3686 3818 vero

2094 3864 2445 3935 transfugam
2496 3861 2799 3918 violentius
2832 3871 3166 3925 commotus,
3199 3858 3687 3930 perturbatissima

2091 3975 2229 4016 voce
2289 3955 2585 4022 clamabat,
2637 3955 2816 4008 femur
2867 3953 3030 4009 simul
3108 3952 3462 4023 percutiens,
3517 3951 3690 4007 etiam

2094 4066 2155 4107 se
2187 4059 2351 4120 atque
2377 4048 2545 4105 etiam
2587 4047 2641 4101 id
2685 4061 2857 4101 unum
2888 4062 2920 4099 a
2956 4045 3195 4102 Roberto
3234 4055 3439 4113 petere,
3475 4053 3532 4096 ut
3559 4057 3693 4097 cum

2090 4146 2332 4216 primum
2369 4143 2423 4197 in
2455 4157 2615 4199 suum
2647 4157 2704 4196 se
2743 4142 3003 4196 thronum
3047 4150 3212 4209 atque
3262 4136 3554 4207 imperium
3597 4151 3694 4190 re-

2094 4239 2356 4304 tituisset,
2383 4235 2609 4291 dederet
2629 4233 2733 4290 sibi
2761 4232 3084 4301 Rogerium,
3113 4238 3228 4284 tum
3255 4230 3401 4285 enim
3425 4228 3532 4284 nisi
3556 4242 3685 4283 eum

2091 4329 2386 4384 confestim
2441 4329 2497 4382 in
2546 4326 2725 4382 media
2776 4323 3258 4394 Constantinopoli
3291 4324 3402 4377 alto
3437 4319 3690 4392 patibulo

2092 4423 2312 4476 afl‘ntum
2343 4420 2616 4475 horrenda
2653 4434 2791 4474 nece
2823 4416 3326 4472 contrucidandum
3370 4412 3546 4478 daret,
3587 4427 3685 4483 op-

397 4519 700 4588 Ῥογέρην,
729 4517 822 4571 καὶ
852 4519 899 4570 εἰ
928 4518 1004 4591 μὴ
1040 4520 1232 4574 τοῦτον
1257 4521 1514 4592 οἰκτίστῳ
1547 4521 1766 4590 θανάτῳ
1803 4539 1983 4593 παρα-

2096 4522 2212 4570 tare
2236 4529 2297 4569 se
2337 4513 2486 4568 ultro
2519 4512 2741 4582 quidvis
2771 4509 3041 4564 malorum
3080 4523 3109 4562 a
3144 4507 3252 4562 Deo
3283 4507 3519 4577 perpeti.
3552 4504 3689 4560 Mihi

383 4612 540 4679 δοίην
597 4613 800 4664 αὐτίκα
831 4613 887 4664 ἐν
918 4612 1063 4684 μέσῃ
1093 4615 1156 4684 τῇ
1199 4613 1352 4666 πόλει
1383 4615 1824 4684 ἀνασταυρώσας
1856 4615 1985 4669 τάδε

383 4708 484 4755 καὶ
551 4701 683 4756 τάδε
749 4705 1007 4772 πείσομαι
1042 4707 1105 4756 ὲκ
1159 4705 1317 4760 Θεοῦ.
1388 4707 1552 4759 Ἀλλὰ
1618 4707 1824 4776 μεταξὺ
1879 4707 1985 4761 τῶν

381 4797 711 4865 διηγήσεων
754 4795 958 4850 τούτων
1013 4797 1177 4869 γελᾷν
1233 4797 1418 4852 ἔπεισί
1474 4816 1567 4868 μοι
1616 4801 1746 4864 τοὺς
1785 4801 1986 4873 ἄνδρας

383 4892 622 4948 τούτους
684 4889 778 4941 καὶ
835 4889 934 4958 τῆς
986 4891 1248 4953 ἀπονοίας
1305 4893 1400 4945 καὶ
1458 4893 1555 4962 τῆς
1618 4893 1979 4965 κουφότητος,

379 5003 422 5050 ,μ
437 4983 604 5035 ἄλλον
639 4982 695 5035 δὲ
729 4983 828 5047 τῆς
859 4981 978 5034 κατ’
1014 4982 1261 5062 ἀλλήλων
1291 4983 1632 5049 ἀλαζονείας.
1658 4987 1718 5039 Ὀ
1748 4987 1846 5056 μὲν
1877 4988 1987 5059 γάρ

384 5091 473 5126 τοι
510 5073 862 5142 Ῥομπὲρτος
896 5072 1172 5142 πρόφασιν
1203 5066 1318 5142 εἶχε
1365 5074 1458 5126 τὸν
1516 5075 1816 5129 ἀπατεῶνα
1858 5077 1986 5129 τοῦ-

383 5186 482 5221 τον
529 5169 627 5220 καὶ
673 5165 873 5235 δέλεαρ
913 5166 1008 5218 καὶ
1052 5161 1164 5219 οἷόν
1188 5183 1241 5218 τι
1272 5167 1573 5237 πρόσχημα
1601 5167 1696 5221 τοῦ
1740 5185 1988 5238 συμπεν-

385 5261 576 5329 θέρου.
637 5259 733 5313 καὶ
782 5256 1092 5328 βασιλέως,
1141 5261 1238 5310 καὶ
1295 5257 1559 5313 διεδείκνυ
1615 5259 1806 5313 τοῦτον
1866 5264 1988 5322 ταῖς

381 5355 602 5418 πόλεσι,
643 5351 744 5406 καὶ
801 5349 942 5422 πρὸς
1002 5349 1346 5403 ἀποστασίαν
1406 5352 1615 5422 ἐπῆρεν
1670 5353 1757 5420 ἐφ’
1792 5351 1887 5416 οὓς
1921 5353 1988 5407 ἂν

382 5447 754 5516 παραγένοιτο
812 5443 914 5494 καὶ
967 5439 1294 5508 συμπείθειν
1348 5440 1608 5511 ἠδύνατο,
1643 5441 1702 5494 ἐν
1736 5441 1814 5512 νῷ
1845 5440 1986 5510 ἔχων

379 5542 563 5612 ἐπειδὴ
621 5538 776 5595 κατά
834 5533 974 5609 ῥοῦν
1012 5532 1163 5602 αὐτῴ
1215 5537 1282 5587 τὰ
1322 5533 1417 5587 τοῦ
1461 5535 1702 5603 πολέμου
1753 5535 1850 5588 καὶ
1889 5536 1990 5606 τῆς

374 5641 534 5715 uin;
565 5636 829 5700 ἐπέλθοι,
873 5630 974 5682 ἐπὶ
1006 5626 1102 5679 τοῦ
1127 5627 1405 5698 τραχήλου
1443 5626 1687 5692 ῥαπίσας
1732 5626 1990 5697 ἀποπέμ-

360 5737 448 5793 cz;
485 5740 584 5793 σὺν
629 5732 850 5793 γέλωτι
886 5739 903 5754 ⁶
946 5719 1095 5791 μετὰ
1125 5718 1235 5786 γὰρ
1281 5717 1379 5789 τὴν
1410 5719 1583 5790 θήραν
1616 5719 1988 5783 καταγελᾶται

400 5757 448 5792 1:

363 5771 448 5792 Ἀἱ
487 5771 583 5793 J'JI
639 5771 850 5787 'ahw"
946 5771 968 5791 r
1085 5771 1088 5772 ⁷
1138 5771 1150 5786 ⁸
1205 5771 1217 5786 ι
1335 5771 1346 5789 Ι
1463 5771 1496 5790 ll
1775 5771 1783 5783 '

363 5771 394 5890 ἒ
434 5780 660 5890 ᾶέὶεαθι.
727 5828 796 5881 ’0
834 5819 905 5876 δὲ
958 5814 1060 5869 καὶ
1114 5811 1278 5875 αὐτὸς
1328 5813 1546 5867 ἐλπίῦιν
1594 5814 1988 5884 ὴπατημέναις

2093 4619 2223 4660 vero
2277 4603 2394 4659 haec
2443 4603 2548 4673 37
2587 4604 2734 4657 serio
2791 4599 3040 4655 narranti
3095 4598 3476 4668 scribentique
3536 4598 3692 4654 risus

2092 4698 2365 4755 oboritur.
2406 4698 2492 4752 An
2542 4695 2687 4751 enim
2722 4709 2913 4764 parum
2967 4693 3114 4747 salsa
3157 4707 3246 4746 res
3272 4690 3490 4745 videtur
3521 4689 3690 4745 levis—

2093 4791 2219 4848 simi
2267 4791 2554 4861 utriusque
2587 4790 2784 4861 capitis
2839 4789 3133 4846 vaferrima
3193 4789 3247 4841 in
3289 4784 3392 4840 sibi
3451 4783 3687 4839 invicem

2091 4884 2367 4940 illudendc
2434 4882 2798 4938 constantia?
2849 4891 2914 4938 ut
2956 4895 3079 4935 cum
3135 4878 3413 4933 Robertus
3463 4873 3687 4944 quidem

2093 4978 2358 5048 praeclare
2407 4975 2575 5031 sciret
2600 4975 2793 5045 quanti
2825 4976 3047 5031 demum
3070 4971 3297 5027 deberet
3349 4983 3478 5025 esse
3508 4968 3683 5037 impev

2094 5079 2246 5125 ratur
2277 5069 2534 5123 scenicus
2600 5082 2667 5122 ex
2707 5067 2958 5123 mendaci
3007 5064 3302 5128 monacho,
3336 5069 3516 5118 tamen
3553 5075 3682 5116 eum

2092 5164 2256 5218 talem
2285 5161 2518 5233 Augusti
2547 5161 2670 5216 loco
2693 5160 2918 5216 haberet
2938 5167 3106 5229 atque
3135 5155 3424 5212 consoceri
3451 5155 3685 5210 coleret-

2095 5271 2204 5326 que
2251 5252 2545 5308 ambitiose
2602 5261 2767 5323 atque
2806 5258 3112 5307 ostentaret
3143 5250 3398 5310 urbibus,
3443 5259 3582 5313 quas
3613 5241 3686 5295 ab

2095 5347 2430 5414 imperatore
2454 5341 2730 5398 abducere
2763 5341 3116 5408 moliebatur,
3150 5343 3297 5396 hunc
3322 5350 3508 5392 verum
3531 5335 3686 5400 ipso-

2095 5453 2216 5493 rum
2250 5434 2553 5507 principem
2587 5435 2878 5504 mentiens,
2912 5450 3088 5505 eoque
3120 5444 3378 5502 tanquam
3425 5425 3686 5482 illecebta

2099 5543 2258 5586 utens
2303 5528 2370 5582 ad
2402 5527 2708 5598 captandas
2739 5510 2980 5592 animos,
3012 5541 3176 5597 quem
3210 5529 3420 5578 certum
3458 5518 3684 5572 haberet

2098 5623 2263 5679 simul
2320 5629 2484 5692 atque
2536 5628 2911 5692 perpetrasset
2959 5619 3105 5690 quod
3133 5616 3509 5673 destinaverat
3556 5626 3682 5666 cum

2098 5717 2336 5772 ludibrio
2365 5718 2434 5770 ah
2474 5731 2534 5772 se
2590 5715 2874 5784 repellere,
2909 5715 3068 5784 plane
3101 5720 3420 5779 utaucupes
3463 5717 3559 5762 aut
3601 5707 3684 5775 pi-

2098 5820 2345 5866 scatores
2364 5809 2547 5880 praeda
2571 5818 2749 5880 capta,
2780 5822 2963 5864 escam
2990 5820 3156 5879 quam
3195 5805 3372 5860 hamis
3391 5804 3684 5859 induerant
