4050 6426
394 347 502 411 185

1606 357 2016 416 ΛΜΞ-Ἠλῖ)Ιὸ
2060 360 2205 423 LIB.
2261 365 2346 424 Π.

3530 368 3635 433 186

388 462 516 511 πεῖν
554 460 652 529 τὴν
692 461 1099 532 αὐτοκράτορος
1132 464 1379 529 ἐξουσίαν
1424 466 1501 536 τῷ
1548 469 1644 536 τῆς
1688 470 1956 539 βασιλίδος

2075 483 2210 527 .anto
2244 478 2449 531 certius
2479 488 2763 543 assereret;
2784 497 2894 535 rem
2932 484 2995 535 ad
3031 483 3253 537 salutem
3279 497 3341 535 ac
3369 484 3637 535 securita-

525 553 925 624 Κωνσταντίνῳ
948 557 1295 612 καταλιπεῖν.
1328 559 1421 610 καὶ
1450 559 1522 611 ὡς
1548 558 1658 612 οἷόν
1693 579 1814 614 τινα
1842 563 1973 629 κλῆι·

391 663 487 712 ρον
546 647 685 712 πρὸς
733 646 961 699 πάππου
1017 649 1110 701 καὶ
1150 651 1355 716 πατρὶς
1392 651 1539 719 αύτῷ
1588 651 1972 719 διαφέρουσαν,

386 735 487 785 καὶ
526 736 633 802 τὴν
664 734 915 803 βασιλίδα
973 741 1170 807 μᾶλλον
1200 742 1286 794 διὰ
1332 741 1491 794 τοῦτο
1525 744 1612 793 ἐπ’
1643 744 1790 812 αὐτῷ
1839 745 1969 815 θαρ-

393 827 531 891 ρεῖν.
570 827 668 878 καὶ
717 828 779 879 τὸ
828 827 1018 882 εὔνουν
1050 831 1304 894 ἐπαύξειν
1341 832 1406 896 ⁸⁸,
1458 833 1684 901 λέληθεν
1732 835 1974 889 ἑαυτὸνὸ

392 916 670 983 γηραλέος
705 917 870 970 ἄδικά
910 936 968 970 τε
1006 920 1100 972 καὶ
1141 920 1433 990 ἀξύμφορα
1484 923 1971 990 διασκοπούμενος,

391 1009 487 1057 καὶ
544 1009 649 1075 τῆς
705 1008 823 1039 ⁸⁷³⁸⁹
882 1009 1077 1063 ἐαυτοῦ
1144 1013 1391 1079 κεφαλῆς
1447 1014 1746 1067 ⁴ιτεκταίνων
1805 1017 1970 1070 κακά.

389 1096 622 1150 Τούτων
674 1099 1222 1169 ὑποψιθυριζομὲνων
1271 1103 1467 1173 ᾔσθετο
1521 1105 1554 1174 ή
1613 1106 1822 1172 βασιλὶς
1879 1106 1973 1159 καὶ

388 1190 701 1253 περίλυπος
734 1188 823 1261 ἦν,
861 1193 951 1244 τὸν
983 1194 1078 1246 τοῦ
1104 1195 1296 1257 παιδὸς
1330 1195 1571 1248 κίνδυνον
1602 1197 1928 1267 ὑφορωμένη
1951 1215 1967 1230 ·

392 1282 492 1332 καὶ
520 1277 593 1349 ἦν
623 1282 913 1349 ἀθυμοῦσα
946 1283 1065 1351 μὲν,
1095 1284 1268 1337 οὐδενὶ
1308 1284 1363 1336 δὲ
1393 1286 1491 1353 τὴν
1514 1284 1689 1355 λύπην
1716 1287 1970 1355 ἐξορχον-

392 1372 562 1441 μὲν-η.
604 1373 776 1426 Τοῦτο
828 1374 953 1437 τοὺς
1000 1376 1320 1443 Κομνηνοὺς
1352 1376 1412 1427 οὑ
1455 1376 1721 1430 διέλαθεν.
1769 1378 1970 1428 Εὖκαι-

391 1465 523 1533 ρίαν
552 1464 645 1517 οὖν
680 1466 747 1533 ἢν
769 1465 996 1527 ὲζήτουν
1043 1467 1357 1535 εὑρηκότες,
1408 1471 1472 1538 τῇ
1516 1468 1747 1537 βασιλίδι
1801 1485 1968 1536 προσο

387 1558 577 1611 ελθεῖν
644 1559 1050 1615 ἐϐουλεύσαντο.
1084 1562 1193 1627 Τῆς
1252 1560 1308 1614 δὲ
1365 1561 1499 1629 πρὸς
1545 1560 1715 1630 αὐτὴν
1757 1561 1972 1629 ὁμιλίας

387 1647 496 1714 τὴν
548 1649 831 1717 καταρχὴν
886 1649 918 1717 ἡ
975 1652 1154 1717 μήτηρ
1210 1649 1284 1719 τῷ
1363 1650 1615 1720 Ἱσαακίῳ
1664 1651 1968 1721 ἐπέτρεψε,

388 1738 785 1809 συμπαρόντος
807 1739 952 1809 αὑτῷ
974 1739 1022 1790 τ’
1046 1740 1273 1807 ἀδελφοῦ
1309 1740 1572 1803 Ἀλεξίου.
1589 1741 1709 1793 Τῶν
1731 1741 1786 1792 δὲ
1805 1756 1970 1809 προσ·

387 1794 664 1885 ελθόντῶν
715 1794 781 1899 τῂ
826 1794 1053 1898 βασιλίδι
1098 1832 1125 1882 ὁ
1186 1794 1463 1891 ζῐσαάκιόςν
1506 1846 1638 1899 φησι
1677 1831 1814 1900 πρὸς
1848 1794 1968 1881 ἀὑ-
2004 1794 2042 1849 Β

387 1920 539 1989 τήν·
572 1920 686 1987 Οὐχ
739 1919 813 1981 ὡς
846 1920 972 1989 χθὲς
1019 1921 1112 1973 καὶ
1146 1920 1413 1990 πρότριτα
1465 1922 1681 1991 ὁρῶμέν
1740 1940 1818 1985 σε,
1876 1923 1966 1974 δέ-

393 2029 624 2077 σποινα,
652 2012 901 2081 ἔχουσαν,
930 2012 1046 2066 ἀλλ’
1082 2012 1156 2076 ὡς
1189 2014 1293 2066 ὑπὸ
1334 2014 1610 2084 λογισμῶν
1648 2018 1966 2086 ἀνεκφόρων

389 2102 745 2173 δακνομένην
769 2105 863 2155 καὶ
896 2105 1296 2173 σκεπτομένην,
1331 2105 1406 2167 ὡς
1444 2106 1519 2175 μὴ
1556 2106 1777 2178 θαρρεῖν
1815 2108 1967 2176 ἔχου·

392 2210 499 2247 σαν
526 2193 667 2262 πρὸς
701 2193 761 2245 ὃν
804 2194 1207 2263 ἀνακαλύψειας
1238 2195 1283 2228 δ’
1318 2196 1376 2249 τὸ
1422 2197 1755 2268 ἀπόρρητον.
1800 2200 1862 2252 Ἦ
1910 2200 1967 2252 δὲ

391 2285 534 2345 τέως
569 2286 667 2354 μὲν
695 2285 977 2353 ἐμφαίνειν
1015 2286 1114 2339 οὐκ
1148 2286 1329 2355 ἦθελε.
1373 2286 1566 2341 Πύθιον
1600 2288 1656 2340 δέ
1691 2306 1742 2341 τι
1779 2289 1967 2341 στενά-

397 2375 566 2439 Ξασα.
596 2375 671 2425 Οὐ
698 2375 828 2444 χρὴ,
856 2374 1009 2443 φησὶ,
1049 2377 1173 2435 τοὺς
1201 2375 1487 2445 ἀλλοτρίαν
1523 2375 1808 2438 οἰκοῦντας
1838 2378 1967 2429 ἐπε-

394 2467 605 2535 ρωτᾷν,
632 2465 766 2518 αὐτὸ
793 2464 899 2537 γὰρ
918 2466 1074 2519 τοῦτο
1106 2468 1186 2529 είς
1210 2467 1387 2535 λύπην
1416 2468 1599 2531 αὐτοῖς
1646 2470 1713 2532 ἀξ
1738 2468 1965 2537 όχρεων.

402 2558 538 2626 ἐμὲ
576 2559 658 2622 δὲ,
700 2557 801 2626 φεῦ
829 2558 841 2610 ι
869 2556 956 2611 οἷα
980 2560 1038 2624 ἐξ
1082 2557 1209 2612 οἴων
1238 2559 1510 2625 διεδέξατο
1547 2562 1638 2614 καὶ
1664 2562 1823 2614 ὁποῖά
1853 2580 1965 2630 μοι,

387 2650 469 2712 ὡς
497 2649 671 2713 ἔοικε,
714 2648 834 2718 μετ’
861 2650 923 2702 οὐ
962 2650 1096 2703 πολὺ
1124 2651 1443 2720 ταμιεύεται
1468 2654 1481 2707 !
1509 2654 1571 2706 Οί
1612 2653 1669 2706 δὲ
1698 2655 1972 2707 ἀποστάν·

391 2757 489 2805 τες
520 2741 699 2794 πλείω
737 2741 834 2808 μὲν
893 2742 1117 2812 ῥήματα
1150 2744 1208 2796 οὐ
1263 2744 1625 2814 προσέθεντοο
1672 2746 1730 2807 ἐς
1782 2748 1885 2811 γῆν
1913 2746 1969 2798 δὲ

386 2832 521 2892 τοὺς
572 2828 890 2897 ὀφθαλμοὺς
944 2830 1345 2900 ἐπερείσαντες,
1393 2832 1487 2885 καὶ
1532 2835 1970 2903 περιστείλαντες

392 2921 571 2988 ἄμφω
600 2918 681 2971 τὼ
710 2922 881 2996 χεῖρε,
924 2920 1119 2985 σύνους
1146 2923 1192 2954 ⁵ο
1223 2923 1363 2989 πρὸς
1399 2923 1594 2993 μικρὸν
1623 2926 1967 2994 εἱστήκεσαν,

387 3008 513 3065 εἶτα
550 3014 657 3081 τὴν
713 3011 917 3082 συνήθη
972 3014 1346 3085 προσκύνησιν
1390 3018 1750 3086 ποιησάμενοι
1786 3019 1967 3070 οἴκαδε

2081 577 2184 616 tem
2220 567 2389 634 ipsius
2425 571 2607 623 utili-tu
2641 588 2743 624 non
2782 587 2989 637 parum.
3026 576 3213 637 Itaque
3253 574 3306 625 iu
3345 590 3453 626 ttnu
3491 571 3637 626 facto

2079 655 2237 709 simul
2272 658 2529 724 injttstus,
2563 664 2721 714 simul
2754 664 3001 715 incautus
3034 680 3220 725 senex,
3257 672 3310 714 et
3339 664 3405 715 de
3434 662 3639 731 pupillo

2078 749 2216 800 male
2270 762 2345 802 cst
2406 755 2652 815 meritus,
2708 763 2758 805 et
2791 771 2890 807 suo
2941 757 3053 821 ipse
3111 758 3273 822 capiti
3341 756 3633 824 perniciem

2077 840 2301 890 struxit.
2353 839 2521 895 Porro
2574 844 2732 897 istius
2761 846 2972 896 consilii
3012 862 3231 897 rumore
3284 846 3635 897 clanculariis

2074 930 2314 983 susurris
2344 946 2532 999 sparso
2558 934 2835 986 admonita
2858 936 3098 1001 Augusta
3134 935 3635 998 ineredihiliterquc

2076 1033 2140 1071 c0
2167 1038 2175 1065 ι
2203 1030 2344 1072 mota
2384 1030 2486 1082 est,
2523 1024 2813 1090 periclitari
2846 1023 2913 1075 de
2945 1040 3038 1091 spe
3070 1025 3280 1091 imperii
3323 1025 3486 1076 lilium
3518 1038 3638 1075 cer-

2076 1125 2243 1171 nens;
2282 1110 2334 1163 itt
2369 1112 2511 1163 luctu
2544 1115 2720 1174 itaque
2757 1130 2815 1164 ac.
2850 1115 3215 1167 sollicitudine
3249 1124 3385 1176 erat,
3433 1114 3631 1166 nemini

2076 1212 2253 1254 tamen
2296 1206 2459 1258 animi
2516 1206 2711 1258 vulnus
2759 1220 2887 1259 ausa
2935 1208 3202 1271 detegere.
3270 1204 3382 1257 Non
3447 1204 3634 1256 fefellit

2073 1282 2381 1348 Ceninenos
2407 1296 2666 1361 :egritttdo
2701 1296 2840 1359 eius.
2880 1297 3246 1347 Decreverunt
3278 1295 3442 1361 igitur
3476 1295 3626 1346 adire

2076 1385 2245 1450 ipsam
2278 1387 2653 1444 conﬁdentius,
2687 1388 2773 1440 ubi
2808 1388 2924 1452 ejus
2957 1387 3029 1439 rei
3068 1388 3253 1438 horam
3292 1385 3629 1437 commodazu

2078 1477 2559 1537 nanciscerentur;
2597 1492 2755 1546 quam
2804 1478 2856 1528 itt
2907 1478 3342 1530 observationem
3396 1474 3635 1528 eXcuba-

2075 1567 2225 1621 haut.
2260 1570 2334 1621 Ac
2367 1570 2492 1621 talis
2526 1570 2793 1623 Sermonis
2824 1571 3056 1638 primum
3108 1570 3411 1639 ingressum
3461 1578 3633 1621 mater

2074 1660 2473 1712 Cnmnenorum
2532 1660 2863 1713 moderatrix
2924 1660 3137 1714 consilii
3214 1661 3378 1714 totius
3432 1660 3635 1713 Isaacio

2075 1748 2523 1799 committendum
2550 1748 2888 1802 decreverat.
2947 1749 2995 1802 Is
3031 1749 3195 1817 igitur
3230 1750 3396 1801 fratre
3445 1748 3633 1800 Alexio

2074 1847 2334 1905 ρτωερηιο
2367 1838 2555 1890 intime
2605 1839 2877 1892 admissus
2912 1842 2974 1891 ad
3011 1840 3406 1907 imperatricem
3447 1838 3627 1903 :Quid

2071 1938 2174 1991 est,
2208 1929 2405 1995 inquit,
2450 1944 2481 1979 ο
2526 1930 2769 1989 domina,
2802 1930 2946 1996 quod
2988 1941 3037 1984 te
3068 1948 3171 1983 non
3213 1941 3267 1983 ttt
3295 1932 3409 1983 heri
3441 1940 3492 1983 et
3532 1946 3632 1981 nu-

2072 2022 2395 2075 diustertius
2440 2022 2664 2075 hilarem
2698 2024 2976 2075 cernimus
3004 2040 3019 2087 ;
3063 2024 3153 2076 sed
3188 2023 3337 2075 vultu
3368 2038 3429 2075 ac
3455 2023 3635 2074 fronte

2074 2113 2215 2166 haud
2249 2112 2411 2166 dubia
2437 2113 2639 2179 judicia
2670 2114 2928 2167 ferentem
2960 2129 3168 2167 arcanze
3207 2130 3370 2175 curze,
3404 2113 3637 2166 doloris-

2071 2221 2174 2273 que
2201 2204 2524 2273 profundum
2560 2206 2723 2257 animi
2758 2207 3078 2266 mordenlis,
3111 2222 3268 2273 quem
3300 2246 3314 2265 ,
3345 2206 3498 2270 quasi
3535 2220 3629 2256 ue-

2074 2301 2271 2351 minem
2302 2298 2504 2349 habeas
2540 2296 2675 2348 satis
2709 2297 2872 2348 [idum
2910 2299 2995 2347 cui
3051 2298 3451 2348 communicare
3486 2302 3631 2347 recte

2072 2388 2247 2454 possis
2278 2427 2291 2447 .
2327 2387 2379 2439 in
2408 2387 2752 2440 conscientia:
2800 2388 2982 2439 abdito
3009 2386 3315 2453 supprimas
3348 2385 3501 2455 ἳήϐ
3537 2383 3634 2436 Hic.

2071 2477 2182 2540 illa,
2226 2478 2355 2545 quid
2412 2477 2487 2531 rei
2528 2477 2744 2545 quidem
2796 2478 2846 2529 id
2899 2486 3043 2531 chi't
3076 2492 3344 2545 exponere
3396 2480 3630 2527 nondu'n

2070 2570 2271 2632 voluit;
2310 2570 2418 2622 alto
2461 2579 2638 2622 autem
2677 2569 2911 2635 suspirio
2960 2577 3232 2620 attracto:
3278 2566 3501 2633 Nempe,
3537 2566 3628 2617 iu-

2074 2661 2212 2729 qnit,
2238 2663 2325 2727 qui
2367 2677 2589 2732 peregre
2616 2661 2778 2711 vitam
2812 2660 3008 2726 degunt
3048 2660 3233 2726 procul
3264 2674 3290 2709 a
3319 2658 3482 2711 natali
3516 2658 3633 2711 solo

2073 2754 2250 2824 rogari
2287 2768 2391 2805 non
2428 2753 2624 2806 debent
2659 2769 2759 2819 qua
2788 2766 2844 2804 re
2870 2762 3137 2813 angantur
3159 2789 3174 2812 ,
3209 2748 3423 2802 aliunde
3453 2748 3630 2814 siqui-

2076 2846 2196 2899 dem
2242 2859 2437 2911 magna
2477 2845 2735 2897 maerendi
2789 2857 2950 2895 causa
3012 2841 3139 2893 illud
3198 2842 3374 2908 ipsum
3412 2848 3514 2892 cst.
3553 2839 3635 2893 Me

2073 2953 2225 2997 vero,
2268 2938 2369 2990 heu
2404 2936 2572 2989 mihi!
2609 2945 2665 2986 ut
2699 2935 2801 2986 alia
2851 2950 2912 2986 ex
2964 2934 3084 2984 aliis
3118 2933 3256 2985 mala
3287 2929 3631 2984 succedentia

2074 3029 2434 3095 cxcepernntl
2472 3038 2527 3080 ut
2558 3028 2660 3079 alia
2695 3041 2791 3077 nec
2822 3025 3020 3076 leviora
3055 3024 3105 3076 in
3144 3023 3406 3083 l‘uturutn,
3440 3023 3546 3074 imo
3576 3022 3629 3074 in

387 3103 646 3173 ἀπῄεσαν
677 3103 1048 3167 ἀγωνιῶντες.
1090 3105 1167 3173 Τῇ
1201 3104 1245 3156 δ’
1278 3105 1538 3177 ὑστεραίᾳ
1580 3109 1740 3160 πάλιν
1768 3126 1965 3177 προσε-

2077 3119 2382 3188 proximum
2418 3117 2764 3186 impendent!
2796 3117 2868 3166 Ad
2901 3115 3014 3167 hmc
3047 3114 3118 3165 illi
3152 3114 3297 3166 nullo
3324 3113 3484 3165 verlto
3512 3111 3635 3163 red-

391 3197 695 3273 ρηοόμενοι
728 3196 979 3261 ἥκουσιν.
1024 3196 1371 3267 ’ἱλαρώτερον
1400 3197 1456 3250 δὲ
1501 3200 1532 3269 ἢ
1576 3200 1767 3269 πρώην
1798 3202 1975 3253 ἀτενί-

393 3286 599 3349 ζουσαν
627 3285 861 3351 τούτοις,
888 3286 1121 3355 ὁρῶντες
1144 3290 1436 3357 προσίασιν
1461 3291 1628 3358 ἄμφω
1652 3291 1746 3345 καί
1767 3309 1930 3359 φασιν
1954 3308 1969 3323 ’

397 3379 470 3429 Συ
505 3378 607 3446 μὲν
637 3378 916 3440 δεσπότις,
952 3379 1115 3448 ἡμεῖς
1157 3378 1213 3432 δὲ
1239 3378 1415 3433 δοῦλοι
1455 3382 1828 3448 εὐνούστατοι,
1863 3385 1971 3436 πᾶν

406 3467 436 3517 ὃ
459 3482 514 3517 τι
543 3466 635 3518 ὧν
664 3467 904 3536 ἑτοίμως
965 3467 1181 3535 ἔχοντες
1209 3468 1350 3538 ὑπὲρ
1399 3470 1498 3539 τῆς
1545 3473 1644 3538 σῆς
1696 3472 1977 3540 βασιλείας

425 3556 742 3616 absim“!
773 3559 850 3627 μή
884 3575 944 3610 σε
989 3558 1247 3627 λογισμός
1297 3578 1381 3624 τις
1431 3561 1857 3633 διαταραττέτω,
1896 3566 1976 3627 είς

418 3645 659 3715 sumtu
689 3650 833 3711 ὅλως
863 3650 1122 3716 εἰσάγων.
1169 3651 1262 3704 Ἐκ
1285 3652 1493 3706 τούτων
1520 3647 1613 3706 οὖν
1640 3652 1748 3704 τῶν
1779 3653 1973 3721 λόγων,

402 3737 475 3787 τὰ
508 3739 667 3790 πιστὰ
696 3740 995 3803 δεδωκότες
1034 3743 1102 3810 τῇ
1148 3740 1402 3809 βασιλίδι,
1435 3744 1532 3797 καὶ
1562 3745 1978 3809 ἀπαλλάξαντες

400 3832 627 3886 ἑαυτοὺς
650 3832 886 3899 ὑποψίας
906 3832 1144 3901 ἁπάσης,
1168 3832 1227 3884 τὸ
1245 3834 1559 3904 ἀπόρῤητσν
1577 3836 1675 3904 ἤδη
1702 3835 1974 3892 συνίεσαν.

409 3922 583 3987 ὀξεῖς
637 3924 695 3976 δὲ
754 3925 906 3984 ὄντες
939 3924 1032 3976 καὶ
1074 3925 1309 3992 ἀγχίνοι,
1376 3926 1471 3977 καὶ
1522 3925 1689 3978 δεινοὶ
1744 3926 1979 3996 θηρᾶσαι

391 4013 708 4081 ἀνθρώπων
744 4015 804 4077 ἐξ
842 4015 1038 4081 ὀλίγων
1091 4015 1356 4083 ῥημάτων
1398 4015 1605 4085 βαθέως
1642 4018 1977 4087 ἐγκειμένην

389 4107 647 4173 γνώμην,
677 4105 772 4157 καὶ
795 4106 927 4167 τέως
953 4106 1265 4175 ἀπόρρητον
1290 4106 1383 4158 καὶ
1412 4104 1611 4159 αὐτίκα
1642 4107 1786 4173 μάλα
1813 4125 1980 4179 προσ-

352 4198 648 4247 οετίθεντο
693 4196 813 4247 τότε
859 4197 921 4261 δὴ
956 4196 1214 4265 βασι-λίδι,
1264 4198 1360 4249 καὶ
1416 4198 1482 4250 ἐκ
1521 4196 1738 4250 πολλῶν
1787 4199 1978 4261 εὔνους

394 4285 604 4337 αὑτοὺς
638 4285 891 4352 φανερῶς
931 4288 1393 4354 καταστήσαντες.
1432 4287 1543 4340 Καὶ
1583 4288 1693 4339 πᾶν
1729 4291 1807 4350 είς
1841 4289 1977 4358 ὅπερ

397 4378 471 4428 ἂν
512 4376 718 4436 αὐτοὺς
786 4376 1169 4441 προσκαλοῖτο,
1213 4377 1463 4446 ἐκθύμως
1510 4379 1809 4447 ἐπαμύνειν
1850 4398 1980 4432 κατ-

2074 3210 2190 3264 dite
2229 3210 2510 3261 ohtutihus
2562 3207 2679 3261 solo
2732 3206 2922 3256 deﬁxis
2974 3204 3420 3269 eatnplieatisque
3470 3201 3633 3253 ambo

2076 3300 2330 3353 manibus
2355 3300 2587 3352 tristium
2624 3298 2828 3354 ltahitu.
2859 3307 3141 3365 postquam
3163 3295 3473 3363 aliquandiu
3499 3294 3633 3345 asti-

2075 3398 2260 3446 terunt
2293 3391 2461 3450 taciti,
2500 3397 2757 3441 consueta
2791 3389 2988 3441 deinde
3016 3389 3341 3440 salutatione
3367 3386 3633 3453 perfuncti

2078 3488 2441 3535 recesserunt.
2479 3478 2748 3533 Postridie
2791 3478 3139 3530 redeuntibus
3192 3477 3415 3529 hilarior
3460 3490 3621 3542 quam

2076 3571 2228 3638 prius
2276 3570 2502 3622 intuitus
2533 3568 2789 3634 Augusta!
2822 3568 3033 3620 animos
3064 3567 3189 3619 fecit
3231 3578 3289 3619 ut
3342 3566 3455 3618 hac
3487 3566 3635 3618 dice-

2080 3668 2195 3711 rent
2230 3672 2245 3708 :
2281 3657 2385 3717 Tu,
2411 3656 2633 3709 Domina
2668 3668 2848 3710 nostra
2882 3672 2961 3718 es,
2993 3672 3090 3711 nos
3135 3664 3313 3709 autem
3362 3656 3500 3708 servi
3538 3654 3631 3708 tilsi

2076 3765 2139 3801 ex
2178 3747 2360 3801 animo
2394 3747 2771 3804 addietissitui.
2805 3763 2866 3799 ae
2895 3747 3050 3814 plane
3081 3746 3250 3814 parati
3282 3746 3499 3815 quidvis
3532 3759 3630 3810 pro

2077 3847 2167 3890 tua
2207 3837 2492 3904 majestate
2537 3835 2679 3904 pati;
2726 3852 2791 3888 ne
2842 3844 2893 3888 te
2950 3836 3112 3903 igitur
3166 3850 3294 3887 cura
3350 3835 3635 3889 conturbet

2079 3928 2207 3988 ulla.
2244 3936 2336 3979 aut
2376 3943 2574 3995 aegrum
2630 3928 2867 3978 animum
2902 3934 3043 3979 metu
3076 3926 3239 3978 tacito
3271 3925 3523 3978 emaciari
3558 3925 3637 3977 si-

2078 4035 2195 4071 nas.
2250 4016 2345 4070 llis
2396 4017 2571 4071 verbis
2619 4016 2947 4069 conlirtuatze
2986 4018 3241 4083 Augusta:
3268 4056 3282 4075 ,
3323 4015 3635 4081 suspicione

2076 4109 2222 4162 Omni
2271 4108 2339 4161 ah
2372 4123 2429 4161 se
2470 4108 2737 4165 abstersa,
2791 4106 3007 4175 denum
3051 4121 3311 4159 arcanum
3366 4121 3633 4158 eruum--

2077 4208 2238 4263 runt;
2276 4199 2419 4266 quod
2443 4199 2554 4266 jam
2589 4208 2735 4256 ante,
2765 4212 2870 4265 qua
2902 4205 3058 4250 erant
3081 4199 3373 4263 sagacitate
3401 4199 3451 4249 in
3486 4196 3632 4248 aesti-

2078 4289 2292 4342 mandis
2320 4303 2385 4342 ex
2415 4288 2564 4340 vultu
2594 4288 2791 4340 animis
2826 4286 3128 4344 hominum.
3174 4286 3467 4339 solertihus
3500 4299 3633 4337 con-

2074 4379 2302 4445 jectttris
2332 4378 2489 4444 quale
2522 4385 2666 4429 esset
2700 4382 3049 4443 agnoverant.
3082 4372 3215 4425 Tum
3252 4388 3375 4426 vero
3423 4374 3473 4424 in
3516 4386 3636 4422 ma-

400 4467 819 4533 επηγγείλαντο
842 4469 906 4520 ⁵¹.
938 4469 1261 4538 Συγχαίρειν
1289 4486 1346 4520 τε
1367 4469 1736 4540 συγχαιρούσῃ
1767 4472 1859 4521 καὶ
1889 4472 1973 4522 λυ-

2077 4467 2270 4537 gnilica
2302 4466 2537 4533 provecti
2588 4466 2851 4526 promissa
2905 4470 3049 4517 sunt.
3092 4464 3220 4514 Sese
3255 4463 3407 4514 tidem
3440 4461 3505 4513 ad
3538 4477 3634 4513 ex-

397 4558 655 4625 ττουμένῃ
722 4558 1117 4623 ωνανιᾶσθαι,
1169 4556 1325 4610 τοῦτο
1384 4558 1447 4627 δὴ
1504 4560 1565 4609 τὸ
1620 4559 1975 4611 ἀποστολικδν

398 4650 549 4715 μάλα
576 4648 872 4717 προθύμως
901 4650 1205 4703 συνέθεντο.
1229 4650 1336 4701 Καὶ
1357 4651 1432 4711 ὡς
1456 4650 1758 4715 αὐθιγενεῖς
1790 4651 1973 4718 ἠξίουν

393 4738 629 4798 τούτους
670 4739 979 4804 λογίζεσθαι
1024 4742 1115 4792 καὶ
1149 4742 1401 4809 συνήθεις
1434 4742 1684 4793 κάκεῖθεν
1714 4742 1971 4810 ὁρμωμέ-

394 4845 546 4888 νους,
586 4827 713 4879 ὅθεν
741 4829 835 4879 καὶ
868 4828 1029 4898 αὑτὴ,
1070 4830 1323 4882 τοσοῦτον
1366 4831 1705 4891 ἐπειπόντες,
1732 4832 1803 4892 ὡς
1845 4830 1972 4883 εἴτι

399 4919 555 4983 παρὰ
585 4917 695 4968 τῶν
723 4919 1061 4984 φθονούντων
1107 4921 1243 4989 αὐτῇ
1274 4938 1333 4972 τε
1381 4924 1445 4990 τῇ
1480 4921 1738 4992 δεσποίνῃ
1771 4921 1867 4972 καὶ
1897 4919 1974 4989 τῷ

399 5010 773 5075 αὐτοκράτορι
818 5014 937 5061 κατ’
970 5009 1150 5061 αὐτῶν
1180 5012 1554 5080 είσηγήσαιτο,
1595 5010 1751 5062 τοῦτο
1779 5011 1975 5073 αὐτοὺς

401 5100 481 5166 μὴ
515 5099 863 5151 διαλανθάνοι
911 5101 970 5151 τὺ
1017 5102 1353 5170 παραυτίκα,
1383 5101 1468 5152 ἵνα
1504 5101 1577 5170 μὴ
1627 5101 1831 5153 λάθωσι
1856 5103 1975 5162 ταῖς

400 5192 610 5255 πάγαις
634 5191 742 5241 τῶν
771 5190 980 5261 ἐχθρῶν
1015 5193 1435 5261 ἐμπεσούμενοι.
1472 5191 1644 5242 Τοῦτό
1679 5208 1737 5243 τε
1768 5189 1973 5257 ἠξίουν,

397 5281 495 5347 καὶ
518 5281 741 5351 θαρρεῖν
788 5282 1043 5333 ἐκέλευον
1073 5280 1146 5342 ὡς
1188 5282 1283 5332 σὺν
1316 5281 1437 5348 Θεῴ
1466 5296 1527 5347 γε
1563 5280 1729 5347 φάναι
1761 5280 1858 5346 τὴν
1882 5280 1973 5330 δυ-

396 5372 565 5441 νατὴν
616 5374 755 5442 μετὰ
806 5372 1121 5442 προθυμίας
1177 5372 1509 5440 εἰσενεγκεῖν
1568 5370 1842 5439 βοήθειαν,
1894 5369 1969 5430 ὡς

2076 4570 2306 4614 tremum
2340 4560 2412 4611 illi
2445 4567 2777 4617 servaturos,
2824 4556 3187 4623 quodcunque
3239 4565 3451 4621 tempus
3503 4554 3635 4605 inci—

2073 4652 2223 4703 deret
2270 4656 2505 4708 vocaret,
2542 4646 2693 4713 sequi
2745 4656 2961 4713 paratos
3015 4644 3217 4711 absque
3269 4643 3630 4710 c.\(rt'pli0tle;

2076 4739 2484 4809 propttlsaturos
2545 4736 2613 4789 ab
2668 4751 2727 4787 ea
2781 4746 3014 4801 natoque
3071 4733 3189 4801 ejus
3244 4733 3372 4786 totis
3424 4733 3633 4787 viribus

2073 4831 2303 4899 quodvis
2349 4829 2546 4897 capitis
2583 4826 2927 4893 dignitatisve
2970 4825 3268 4893 periculum
3300 4841 3314 4877 :
3353 4827 3629 4877 fortunam

2072 4939 2130 4977 se
2165 4938 2316 4974 suam
2348 4921 2583 4984 ipsorum
2616 4933 2737 4972 cum
2774 4916 2990 4968 fortuna
3025 4918 3274 4984 Auguste
3308 4926 3510 4967 aeterna
3544 4931 3634 4967 So-

2071 5013 2263 5064 (iclate
2310 5009 2607 5069 devincire,
2654 5007 2935 5075 gavisurus
2992 5021 3111 5056 cum
3164 5005 3471 5073 gaudente,
3507 5020 3628 5057 cum

2070 5103 2230 5156 ﬂente
2276 5100 2517 5162 ﬂeturus,
2549 5100 2701 5164 juxta
2740 5097 2868 5150 illud
2916 5096 3313 5164 Apostolicum.
3351 5096 3527 5160 Quare
3566 5110 3631 5146 ne

2075 5192 2258 5261 patria:
2285 5190 2732 5257 longinquitatem
2767 5189 3167 5254 charorutnqne
3202 5202 3262 5238 ac
3292 5183 3631 5237 necessario.

2076 5298 2193 5334 rutn
2232 5282 2529 5333 absentiam
2556 5317 2571 5341 ,
2604 5294 2724 5331 sese
2757 5279 2829 5330 illi
2864 5279 3285 5345 propinquorum
3314 5289 3375 5326 ac
3400 5286 3628 5324 er’nsan-

2078 5373 2395 5442 guineorum
2430 5370 2600 5422 oliieia
2628 5368 2805 5421 omnia
2830 5370 3188 5431 exhihituros,
3232 5364 3628 5428 echcturosque

1418 5570 1612 5631 Variis
1638 5569 1944 5629 lectiones
1994 5584 2069 5627 ex
2102 5566 2243 5627 cod.
2273 5563 2545 5625 Coislin.

458 5743 502 5787 ν
528 5745 778 5812 ἐπάξειν.
866 5741 991 5788 5"”
1034 5739 1129 5807 καὶ
1153 5739 1294 5792 κατὰ
1320 5738 1440 5807 τῆς.

1519 5739 1562 5770 δ’
1585 5737 1651 5793 ἂν
1674 5732 2061 5806 ὲκκαλύψειας.

2136 5736 2183 5769 ⁸ο
2214 5736 2457 5799 σύννους.
2534 5733 2579 5766 ³⁸
2616 5728 3095 5799 κατεπεγγεζλατο.
