4050 6418
350 359 445 428 ll

1634 377 1852 441 ΑΝΝΕ
1877 375 2261 439 (ΖΟΜΝΕΝΕ

3524 380 3629 444 1'32

345 491 490 537 rent.
531 482 670 550 Quid
704 484 850 540 enim
887 495 1040 542 ccrto
1094 498 1275 558 potest
1318 492 1480 548 statui
1537 492 1605 548 de
1651 495 1930 550 voluntate

2044 490 2387 564 εὖμετάφορά
2422 510 2544 556 πως
2593 493 2686 547 καὶ
2714 492 2960 565 Εὐρίπου
3003 492 3183 563 δίκην,
3212 496 3290 560 ώς
3335 499 3393 551 ἓν
3429 501 3630 574 παλιρ-

344 576 655 632 anlmorum
688 578 958 647 cjuSmodi
1006 582 1288 636 moirilium
1336 593 1388 637 ct
1425 584 1612 655 Euripi
1648 604 1798 641 more
1843 606 1924 642 re-

341 668 468 724 ﬂuis
532 673 775 728 motibus
844 673 1049 728 levium
1114 678 1422 732 studiorum
1486 682 1930 750 reciprocmione

341 774 606 832 perpetua
643 768 1037 821 aestuantium?

416 859 640 914 Interim
678 864 793 917 haec
830 864 1080 919 videntes
1113 868 1254 920 servi
1300 884 1367 920 ne
1411 869 1516 935 ipsi
1564 870 1786 939 quidem
1823 872 1928 926 sibi

345 968 411 1008 ac
444 971 715 1021 concepto
757 960 1045 1026 proposito
1097 960 1349 1017 deerant.
1405 961 1511 1017 Sed
1558 963 1932 1021 fi‘instra’esse

350 1047 587 1102 insidias
628 1058 682 1104 et
715 1050 1025 1109 Comnenos
1057 1055 1306 1123 quotidie
1348 1074 1600 1114 crescere
1634 1076 1698 1115 ac
1741 1077 1934 1119 corro—

343 1137 530 1191 borari
565 1150 902 1207 reputantes,
938 1153 1064 1198 post
1099 1147 1267 1200 multa
1305 1149 1545 1219 denique
1574 1153 1723 1208 ultro
1759 1155 1934 1208 citro-

342 1245 449 1292 que
478 1230 622 1286 dicta
654 1241 1005 1303 statuerunt,
1041 1239 1258 1305 longam
1292 1241 1432 1293 viam
1473 1247 1799 1311 compendio
1831 1245 1934 1300 al)-

340 1321 578 1380 solvere.
639 1323 891 1390 Quonam
957 1330 1180 1384 autem?
1230 1330 1558 1391 Evocandos
1609 1349 1769 1393 nocte
1823 1355 1932 1395 una

341 1415 663 1475 Comncnns
695 1422 888 1475 ambos
924 1422 1280 1491 imperatoris
1311 1429 1533 1482 nomine
1569 1434 1934 1500 quantumvis

340 1508 502 1565 inscii
536 1529 549 1564 :
574 1511 656 1566 sic
678 1515 1094 1582 comprehensis
1122 1519 1399 1574 crueunlos
1425 1519 1539 1592 5.9
1559 1537 1592 1574 ο
1610 1522 1759 1577 ’0108
1791 1522 1935 1577 falso

340 1601 572 1659 crimine
613 1604 891 1678 imposito.
947 1606 1071 1662 llwc
1132 1625 1346 1665 summa
1405 1614 1645 1669 consilii.
1695 1615 1816 1682 Quo
1867 1618 1933 1672 ad

342 1693 659 1751 Cmnnenos
697 1708 850 1753 certo
882 1700 1116 1767 perlato,
1173 1712 1294 1769 post
1340 1702 1798 1761 deliberationem
1830 1724 1928 1762 an-

2037 583 2161 655 ροίᾳ
2193 584 2670 656 περιπλαζόμενα.

2103 852 2293 907 Ταῦτα
2326 853 2567 925 ὁρῶντες
2600 854 2650 907 οἰ
2682 854 2859 909 δοῦλοι
2904 856 3000 909 καὶ
3034 857 3186 922 ὅπως
3216 859 3276 913 ού
3307 859 3451 915 κατὰ
3499 878 3628 915 σκο-

2035 944 2136 996 πδν
2169 945 2353 1005 αὐτοῖς
2391 943 2451 995 τὸ
2486 944 2719 1014 πρᾶγμα
2748 943 2968 1016 προῄει,
2999 946 3120 998 οὐδὲ
3152 947 3186 1015 ή
3216 947 3326 998 τῶν
3364 946 3627 1001 τοιούτων

2036 1034 2252 1104 ἀνδρῶν
2315 1034 2565 1089 ἀπώλεια
2618 1036 2856 1106 εὐχερής
2911 1037 3062 1090 ἐστιν
3125 1039 3333 1102 αὐτοῖς,
3390 1040 3489 1110 τῆς
3531 1040 3627 1094 τοῦ

2035 1129 2447 1199 αὐτοκράτορος
2502 1130 2558 1191 ἐς
2602 1129 2804 1194 αὐτοὺς
2858 1130 3153 1200 εὐμενείας
3201 1134 3477 1204 ὁσημέραι
3528 1138 3630 1190 alio

2035 1219 2329 1290 ξανούσης,
2384 1218 2560 1273 πολλὰ
2592 1220 2692 1290 μὲν
2722 1221 2997 1287 εἰπόντες,
3032 1223 3205 1277 πολλὰ
3250 1224 3305 1279 δὲ
3337 1226 3435 1280 καὶ
3473 1229 3635 1281 ἀπει-

2036 1313 2274 1377 πόντες,
2336 1312 2425 1382 ἐφ’
2464 1314 2660 1385 ἑτέραν
2715 1314 2961 1388 ἀτραπὸν
3019 1317 3366 1388 ἐτράπησαν.
3424 1320 3519 1384 Τίς
3574 1322 3634 1376 δὲ

2036 1402 2217 1472 αὖτης
2279 1404 2397 1457 Ἵνα
2455 1405 2515 1457 ἐν
2572 1406 2670 1476 μιᾷ
2728 1404 2886 1458 νυκτὶ
2944 1407 3460 1477 μετακαλεσάμενοι
3503 1408 3635 1463 τού--

2037 1516 2166 1559 τους
2219 1497 2419 1568 βουλῆς
2456 1497 2593 1569 ἄτερ
2648 1496 2742 1552 τοῦ
2802 1498 3140 1570 κρατοῦντος
3200 1501 3447 1557 ἐκποδὼν
3500 1504 3635 1569 τοὺς

2038 1590 2245 1660 ἄνδρας
2301 1591 2672 1662 ποιήσωνται,
2728 1591 2856 1653 τοὺς
2912 1591 3097 1644 αὐτῶν
3128 1591 3450 1662 ὀφθαλμοὺς
3505 1595 3630 1660 ἑξο-

2041 1679 2324 1751 ρύξαντες,
2357 1680 2528 1751 ψευδῆ
2574 1680 2755 1734 αἰτίαν
2785 1680 3258 1752 ἁναπλασάμενοε.
3292 1682 3462 1738 Τοῦτο
3500 1688 3632 1751 τοὺς

343 1784 490 1838 xiam
515 1795 568 1838 et
597 1787 754 1855 longa
782 1806 810 1838 ιι
838 1789 1015 1842 visum
1048 1794 1267 1859 utrique
1294 1805 1375 1848 est
1399 1812 1561 1849 unam
1584 1797 1936 1867 expedienda:

2051 1774 2376 1844 Κομνηνοὺς
2398 1773 2457 1826 οὐ
2490 1773 2726 1826 διέλαθε.
2760 1774 2873 1827 Καὶ
2906 1774 3031 1827 ἐπεὶ
3066 1773 3239 1830 πολλὰ
3267 1779 3635 1849 γνωσιμαχή-

344 1877 545 1931 salutis
598 1879 742 1932 viam
798 1880 850 1932 in
883 1880 1191 1938 defectione
1232 1886 1395 1939 sitam
1447 1903 1589 1950 csse,
1632 1905 1697 1944 eo
1741 1906 1800 1945 se
1846 1907 1941 1945 ex-

345 1980 520 2024 trema
555 1978 885 2030 necessitate
905 1976 1089 2040 trudi;
1131 1978 1257 2045 quis
1283 1980 1428 2033 enim
1459 1993 1782 2051 exspectare
1812 1999 1939 2041 sus-

342 2063 516 2118 tineat
547 2065 672 2118 dum
702 2066 905 2122 ferrum
938 2070 1180 2123 camlens
1229 2072 1548 2141 appl'cituvu
1603 2074 1779 2129 oculis
1803 2077 1941 2131 lucis

348 2156 531 2211 insum
569 2173 632 2209 ac
666 2159 800 2213 solis
854 2176 1020 2214 usura
1061 2163 1274 2229 privet?
1324 2163 1611 2219 Oeenltum
1651 2176 1858 2231 autem,
1886 2183 1944 2223 ιιι

345 2264 447 2316 par
470 2261 610 2309 erat.
642 2252 692 2306 id
721 2252 864 2306 decr.
888 2261 1001 2309 tum
1036 2255 1330 2319 habebant,
1357 2258 1533 2330 (μιοοιί
1567 2262 1710 2313 hrevi
1747 2277 1942 2332 perpe-

344 2342 525 2396 tramli
557 2343 678 2412 ejus
700 2346 920 2398 occasio
955 2364 1014 2402 se
1041 2349 1244 2402 obtulit
1277 2352 1405 2404 talis
1431 2352 1712 2420 quzrdam.
1744 2353 1937 2409 Datultt

341 2441 459 2486 crat
517 2436 795 2504 negotium
833 2437 1023 2493 Alexio
1050 2480 1064 2503 ,
1118 2442 1322 2511 quippe
1362 2459 1562 2515 magno
1604 2452 1717 2500 tum
1754 2447 1944 2503 dome-

341 2525 483 2579 Stico
505 2525 845 2592 Occidentis,
876 2531 1186 2587 inducendi
1211 2534 1262 2587 in
1294 2534 1483 2589 urbem
1510 2547 1720 2606 partem
1748 2556 1943 2608 quam-

346 2616 474 2671 dam
524 2623 806 2677 exercitus
838 2626 1160 2678 armandam
1200 2631 1467 2682 adversus
1506 2631 1790 2697 Agam-nos
1843 2635 1940 2703 qui

342 2710 536 2765 urbem
564 2710 823 2781 Cyzicum
857 2715 1226 2787 diripuerant.
1265 2717 1379 2776 lloc
1409 2723 1500 2776 ille
1526 2734 1795 2792 praetextu
1832 2727 1936 2779 du-

342 2817 438 2856 ccs
472 2806 752 2859 exercitus
806 2807 908 2862 sibi
960 2810 1200 2865 maxime
1234 2812 1372 2870 ﬁdos
1409 2820 1662 2871 evocavit
1717 2820 1940 2874 scriptis

344 2891 568 2950 litteris.
608 2895 822 2960 Quibus
880 2900 1122 2970 undique
1165 2920 1365 2975 magno
1423 2910 1606 2963 sttulio
1644 2913 1695 2965 in
1747 2915 1937 2969 urbem

347 2984 770 3054 festinantibus,
804 2991 942 3046 adiit
977 2995 1367 3064 imperatorem
1399 3002 1621 3070 quidam
1661 3005 1942 3061 subornav-

346 3085 439 3133 tus
472 3077 542 3133 ab
577 3079 751 3136 altero
783 3097 1070 3139 servorum
1114 3087 1320 3154 Borilo,
1358 3094 1723 3164 quaesivitque
1756 3114 1820 3152 ex
1874 3115 1938 3155 co

2052 1882 2264 1927 σαντες,
2298 1864 2561 1934 ὑπόγυιον
2611 1864 2706 1917 τὸν
2753 1864 3000 1919 κίνδυνον
3049 1865 3317 1934 ἔγνωσαν,
3360 1869 3491 1940 μίαν
3522 1889 3635 1925 σω-

2046 1956 2240 2027 τηρίας
2267 1957 2456 2011 ἐλπίδα
2491 1956 2589 2029 τὴν
2621 1957 2962 2012 ἀποστασίαν
2996 1958 3239 2026 ἐδόκουν,
3262 1961 3399 2031 πρὸς
3425 1962 3636 2035 ταύτην

2045 2052 2166 2104 κατ’
2193 2051 2441 2121 ἀνάγκην
2471 2050 2672 2122 πολλὴν
2705 2050 3132 2121 συνωθούμενοι.
3172 2052 3239 2105 Τί
3273 2053 3385 2126 γὰρ
3415 2055 3500 2109 δεῖ
3529 2075 3634 2110 πε·-

2054 2149 2303 2218 ριμὲνειν
2334 2149 2427 2201 τὸν
2466 2149 2837 2216 ὲπενεγκόντα
2869 2149 3070 2220 μύδρον
3099 2153 3215 2214 τοῖς
3261 2150 3498 2222 ὄμμασι,
3538 2153 3638 2208 καὶ

2043 2241 2133 2295 τὸν
2163 2242 2220 2293 ἐν
2267 2241 2453 2305 αὐτοῖς
2494 2241 2648 2313 ἥλιον
2696 2242 3103 2311 ἀποσϐέσοντας
3145 2243 3506 2316 ’Υποϐρύχιον
3539 2246 3639 2301 οὖν

2045 2337 2103 2387 ὲν
2137 2338 2258 2400 ταῖς
2288 2336 2488 2406 ψυχαῖς
2517 2336 2614 2407 τὴν
2648 2335 2883 2407 γνώμην
2913 2336 3126 2407 ταύτην
3164 2333 3332 2409 εἷχον.
3392 2340 3548 2393 Ἐπεὶ
3575 2340 3638 2394 δὲ

2047 2427 2165 2498 μετ’
2201 2428 2263 2480 οὐ
2289 2428 2426 2483 πολὺ
2459 2432 2868 2499 προσετέτακτο
2913 2433 2942 2485 ὁ
2977 2433 3218 2499 Ἀλέξιός
3264 2453 3388 2490 τινα
3437 2436 3637 2507 μερίδα

2043 2523 2144 2591 τῆς
2191 2525 2456 2591 στρατιᾶς
2510 2524 2829 2595 εἰσαγαγεῖν
2882 2526 3188 2598 μέλλουσαν
3248 2529 3638 2596 ἐξοπλίζεσθαι

2045 2615 2184 2670 κατὰ
2213 2615 2324 2670 τῶν
2354 2616 2748 2689 πορθησάντων
2772 2618 2873 2690 τὴν
2904 2622 3059 2676 πόλιν
3085 2622 3326 2689 Κυζίκου
3365 2623 3411 2655 ⁸⁸
3432 2620 3435 2623 ’
3460 2625 3632 2692 Ἄγα-

2046 2707 2229 2777 ρηνῶν
2282 2707 2464 2779 (ἔτυχε
2516 2712 2627 2781 γὰρ
2679 2710 2987 2780 τηνικαῦτα
3037 2712 3364 2784 δομέστικος
3414 2717 3479 2769 ἐκ
3529 2716 3636 2788 τῆς

2044 2799 2335 2871 ἑσπέρας),
2378 2801 2636 2873 ἀφορμῆς
2666 2788 2891 2873 εύλόγου
2922 2805 3278 2877 δραξάμενος,
3305 2809 3433 2873 τοὺς
3462 2808 3635 2874 εὔνως

2047 2887 2185 2956 πρὸς
2215 2888 2381 2942 αὐτὸν
2407 2890 2630 2960 ἔχοντας
2650 2893 2760 2946 τῶν
2785 2894 2881 2948 τοῦ
2913 2896 3149 2966 στρατοῦ
3182 2899 3468 2968 ἡγεμόνων
3493 2901 3637 2970 μετὰ

2044 2982 2156 3035 τῶν
2217 2982 2311 3035 ὑπ’
2347 2983 2550 3047 αὐτοὺς
2609 2984 2700 3039 διὰ
2765 2988 3114 3057 γραμμάτων
3181 2990 3640 3056 μετεκαλέσατο*

2045 3077 2148 3131 καὶ
2197 3076 2262 3146 δὴ
2294 3078 2612 3147 κινηθέντες
2646 3080 2889 3144 ἅπαντες
2939 3083 3078 3154 πρὸς
3110 3082 3209 3155 τὴν
3260 3085 3631 3155 μεγαλόπολιν

344 3184 476 3223 num
517 3169 680 3237 jussu
715 3173 838 3240 eius
868 3178 1062 3243 capias
1097 3180 1384 3240 universas
1414 3183 1468 3239 in
1505 3187 1693 3242 urbem
1734 3192 1934 3261 regiam

2044 3166 2365 3238 ἠπείγοντο.
2409 3169 2500 3222 Ἐν
2527 3171 2774 3241 τοσούτῳ
2809 3172 2868 3226 δὲ
2916 3172 3179 3227 εἰσελθών
3213 3194 3299 3239 τις
3329 3175 3390 3241 ἐξ
3420 3178 3632 3250 ὑποθή-

352 3278 586 3327 magnus
610 3266 956 3325 domesticus
981 3270 1284 3330 induceret.
1339 3275 1641 3347 Imperator
1673 3297 1931 3349 magnum

347 3355 534 3409 statim
571 3356 940 3416 domesticum
992 3378 1285 3423 accersens
1308 3407 1326 3430 ,
1360 3380 1519 3440 rogat
1560 3373 1762 3442 ecquid
1805 3390 1935 3430 vera

346 3449 627 3505 nuntient.
671 3452 902 3508 Alexius
935 3463 1149 3525 partem
1178 3458 1399 3529 quidem
1431 3465 1710 3520 exercitus
1737 3465 1942 3522 fatetur

346 3551 378 3590 ιι
417 3554 477 3593 se
516 3550 678 3609 prout
707 3551 827 3598 erat
852 3544 1047 3613 jussus
1075 3559 1397 3621 evocatam;
1427 3555 1495 3611 de
1523 3558 1802 3616 universis
1846 3576 1942 3617 co-

347 3629 451 3698 piis
491 3642 789 3704 pernegat;
834 3638 1000 3707 idque
1034 3640 1107 3694 ita
1141 3643 1532 3712 verisimiliter,
1578 3662 1639 3706 ut
1671 3650 1828 3709 tidem
1861 3654 1941 3709 fa-

348 3731 504 3776 ceret
557 3722 766 3795 Nempe
798 3729 884 3784 hic
919 3747 1136 3798 rumor,
1186 3736 1388 3803 aiebat.
1422 3739 1552 3798 inde
1602 3754 1759 3802 ortus
1808 3757 1937 3814 est,

347 3815 524 3883 quod,
558 3833 682 3873 cum
709 3821 967 3879 cohortes.
999 3827 1106 3882 illa;
1136 3845 1257 3899 qua:
1280 3832 1389 3887 huc
1414 3833 1565 3890 coire
1590 3839 1761 3906 iussae
1806 3852 1940 3897 sunt

349 3907 474 3962 alia:
496 3909 605 3964 alio
627 3912 891 3981 dispersae
925 3916 1126 3984 forent,
1155 3921 1285 3976 dum
1320 3939 1384 3979 ex
1421 3941 1522 3981 suo
1561 3944 1793 4000 qumque
1816 3933 1940 3990 loco

350 3999 417 4053 ad
461 4002 781 4058 condictum
816 4007 1044 4064 conﬂuit
1094 4014 1333 4082 speciem
1391 4016 1602 4088 ignaris
1647 4020 1778 4077 fecit
1819 4025 1944 4079 uni-

347 4094 492 4148 versi
520 4097 800 4153 exercitus
823 4101 1016 4157 urbem
1048 4107 1310 4173 petentis.
1337 4108 1518 4165 Borilo
1545 4125 1730 4168 autem
1763 4119 1938 4174 multa

348 4195 540 4239 con'ra
559 4186 871 4254 disputante
902 4193 1049 4263 (nam
1067 4195 1375 4257 Germanus
1404 4202 1781 4262 insidiatorum
1802 4211 1942 4267 alter

349 4289 547 4335 natura
599 4284 904 4354 simplicior
940 4290 1123 4346 minus
1178 4305 1292 4349 tum
1346 4296 1599 4354 Alexium
1638 4303 1939 4375 lacessivit)

351 4378 639 4441 praevaluit
677 4389 858 4437 tamen
903 4383 1075 4441 Alexii
1135 4403 1250 4443 rem
1287 4397 1639 4462 pernegantis
1692 4401 1938 4454 auctori-

351 4478 455 4531 tas,
486 4478 539 4524 rt
573 4475 822 4529 omnium
862 4479 1103 4536 calculis
1125 4487 1413 4542 accusatio
1444 4489 1645 4557 rejecta
1678 4499 1784 4547 est.
1821 4492 1937 4550 Hoc

348 4573 609 4615 successu
645 4569 985 4622 consternati
1021 4569 1132 4625 duo
1168 4574 1382 4630 barbari
1410 4618 1423 4639 ,
1469 4579 1642 4647 quod,
1679 4581 1927 4652 inquam,

349 4660 460 4705 tam
495 4656 815 4714 verisimilis
849 4661 1053 4718 delatio
1095 4665 1445 4734 imperatoris
1496 4672 1739 4728 animum
1793 4676 1931 4730 nihil

348 4744 613 4803 adversus
638 4764 893 4820 magnum
924 4755 1288 4828 domesticum
1321 4764 1935 4832 commovisset,actum

357 4835 428 4889 de
464 4839 628 4894 rebus
674 4851 727 4895 et
782 4845 986 4910 spebus
1017 4849 1134 4902 suis
1177 4851 1279 4905 nisi
1320 4862 1736 4922 maturassent,
1788 4859 1891 4912 rati
1920 4898 1936 4923 ,

354 4944 476 4982 eam
507 4931 681 5000 ipsam
713 4934 766 4988 in
802 4946 1016 4991 noctcm
1047 4940 1207 5009 cujus
1244 4959 1367 4997 mox
1409 4957 1683 5001 secuturae
1710 4964 1936 5018 vespera

352 5020 648 5084 illuxcrat,
715 5029 943 5083 exitium
993 5032 1404 5090 Comuenorum
1458 5037 1797 5096 indixerunt.
1839 5043 1939 5099 Est

349 5127 517 5169 omne
545 5118 743 5172 servile
765 5136 936 5186 genus
966 5124 1205 5181 donninis
1243 5126 1543 5194 infensum,
1580 5133 1725 5200 quod
1762 5134 1805 5188 si
1840 5150 1941 5190 no-

350 5219 476 5258 cere
509 5205 749 5264 dominis
782 5213 1147 5280 nequiverint,
1188 5216 1259 5269 ita
1296 5218 1348 5271 in
1383 5233 1695 5274 conservos
1732 5237 1892 5278 versa
1917 5266 1934 5290 ,

354 5295 568 5367 siquos
599 5300 846 5370 ipsorum
878 5303 1097 5373 injuriis
1133 5316 1478 5377 opportunos
1512 5309 1733 5365 fortuna
1788 5312 1938 5370 fece-

2046 3276 2150 3329 κης
2173 3259 2404 3334 θατέρου
2427 3265 2537 3315 τῶν
2563 3263 2606 3296 ⁸⁸
2629 3262 2834 3317 δούλων
2874 3264 2970 3318 τοῦ
2999 3266 3297 3338 λεγομένου
3323 3269 3556 3342 Βούριλα
3584 3272 3640 3304 ⁸⁸

2053 3351 2326 3427 [Βορίλου]
2363 3355 2528 3425 ἤρετο
2556 3354 2649 3409 τὸν
2688 3355 2918 3426 βασιλέα
2952 3360 3001 3412 εἰ
3032 3360 3177 3413 κατὰ
3201 3360 3428 3434 γνώμην
3462 3364 3634 3417 αὐτοῦ

2043 3446 2146 3511 τὰς
2201 3448 2471 3518 δυνάμεις
2521 3449 2797 3514 ἁπάσαςό
2830 3451 3006 3520 μέγας
3028 3452 3355 3522 δομέστικος
3403 3457 3484 3519 εἰς
3531 3456 3635 3527 τὴν

2048 3537 2449 3608 βασιλεύουσαν
2496 3539 2653 3593 πόλιν
2692 3541 2928 3609 εἰσάγει.
2972 3540 3032 3596 '0
3070 3542 3115 3595 δ’
3167 3544 3331 3608 εὐθὺς
3381 3562 3630 3614 μετακα-

2045 3630 2347 3700 λεσάμενος
2370 3629 2563 3685 τοῦτον
2590 3632 2780 3704 ἠρώτα
2837 3635 2885 3686 εἰ
2914 3633 3114 3703 ἀληθές
3155 3637 3271 3689 ἐστι
3301 3636 3361 3689 τὸ
3390 3637 3628 3706 λεγόμε-

2044 3740 2158 3780 νον.
2186 3723 2297 3777 Καὶ
2320 3723 2380 3786 ὃς
2410 3725 2612 3779 αὐτίκα
2638 3724 2800 3779 τοῦτο
2828 3725 2929 3796 μὲν
2949 3728 3049 3781 οὐκ
3078 3728 3316 3799 ἠρνεῖτο,
3347 3731 3431 3783 ὅτι
3462 3747 3632 3799 στρα-

2053 3820 2147 3874 τιά
2177 3836 2265 3881 τις
2292 3819 2577 3887 εἰσάγεται
2617 3821 2685 3890 τῇ
2729 3819 2942 3873 ἐκείνου
2990 3819 3261 3886 κελεύσει,
3292 3822 3429 3893 πρὸς
3472 3823 3528 3877 δὲ
3570 3824 3632 3876 τὸ

2046 3913 2236 3966 πᾶσαν
2281 3910 2660 3982 ἁπανταχόθεν
2704 3912 2959 3965 ἐνταυθοῖ
3014 3914 3487 3983 συναθροίζεσθαι,
3538 3933 3633 3970 πι-

2047 4004 2227 4069 θανῶς
2283 4004 2683 4076 παρεκρούετο.
2756 4005 2816 4057 '0
2847 4005 2957 4077 γάρ
3033 4024 3116 4061 τοι
3172 4008 3424 4078 στρατὸς,
3477 4011 3632 4083 φησι,

2044 4096 2455 4170 διεσπαρμένος
2488 4095 2563 4150 ὢν
2595 4097 2998 4167 ἁπανταχόθεν,
3040 4098 3202 4164 ἄλλος
3245 4099 3472 4154 ἄλλοθεν
3502 4092 3631 4172 ἥκει

2042 4189 2225 4245 λαϐὼν
2256 4192 2320 4245 τὸ
2348 4193 2652 4263 ἐνδόσιμον.
2690 4194 2798 4248 Καὶ
2820 4196 2869 4249 οἰ
2902 4194 3129 4258 τούτους
3155 4193 3390 4264 ὁρῶντες
3421 4196 3485 4249 ὲκ
3514 4196 3633 4249 δια-

2047 4283 2233 4353 φόρων
2259 4283 2446 4355 μερῶν
2475 4285 2574 4356 τῆς
2606 4285 2716 4339 τῶν
2750 4285 3043 4357 Ῥωμαίων
3070 4286 3375 4356 ἡγεμονίας
3400 4286 3633 4358 ἀθρόους

2046 4376 2486 4447 ἀφικνουμένους
2585 4377 2899 4445 νομίζουσιν
2962 4380 3039 4441 ώς
3098 4377 3208 4431 ἀπὸ
3285 4378 3630 4449 συνθήματος

2047 4471 2227 4527 πάντα
2257 4474 2353 4528 τὸν
2382 4474 2614 4544 στρατὸν
2641 4473 2899 4527 ἐνταυθοϊ
2929 4470 3406 4546 συναθροίζεσθαι,
3440 4478 3504 4547 τῇ
3529 4476 3631 4546 θέᾳ

2041 4565 2135 4619 καὶ
2166 4565 2303 4638 μόνῃ
2320 4565 2747 4636 ἐξαπατώμενοι.
2780 4567 2974 4620 Καίτοι
3004 4565 3050 4600 ⁸³
3077 4566 3173 4621 τοῦ
3203 4565 3427 4638 Βορίλου
3458 4569 3631 4624 πολλὰ

2040 4650 2177 4728 πρὸς
2206 4657 2431 4720 τούτους
2470 4660 2595 4721 τοὺς
2632 4659 2824 4727 λόγους
2855 4659 3345 4728 ἀντεπενεγκόντος
3372 4660 3437 4726 ⁸⁸,
3477 4661 3628 4731 ἰσχυ-

2044 4750 2264 4821 ρότερος
2294 4752 2390 4803 καὶ
2422 4748 2594 4811 οὕτως
2618 4745 2686 4820 ἦν
2714 4751 2742 4803 ό
2785 4749 3046 4817 Ἀλέξιος,
3111 4751 3208 4803 καὶ
3228 4750 3379 4815 ὅλαις
3402 4753 3628 4822 ἐκράτει

2041 4844 2270 4914 ψήφοις.
2329 4844 2391 4896 '0
2440 4843 2499 4897 δὲ
2546 4842 2830 4914 Γερμανὸς
2880 4841 3252 4914 ἁπλούστερος
3279 4843 3356 4898 ὢν
3391 4846 3450 4896 οὐ
3481 4846 3625 4898 πάνυ

2040 4936 2136 4993 τοῦ
2174 4936 2413 5003 Ἀλεξίου
2445 4936 2803 5007 κατέτρεχεν.
2859 4937 3015 4990 Ἐπεὶ
3047 4937 3107 4990 δὲ
3139 4937 3261 4991 οὐδὲ
3297 4938 3363 4991 τὰ
3396 4941 3626 5009 εἰσηγη-

2042 5032 2207 5087 θέντα
2232 5030 2408 5085 ταῦτα
2437 5029 2578 5085 κατά
2593 5028 2687 5082 τοῦ
2714 5029 3039 5098 δομεστίκου
3057 5031 3103 5063 ⁸⁵
3127 5030 3224 5101 τὴν
3239 5032 3333 5085 τοῦ
3361 5031 3627 5102 βασιλέως

2042 5125 2337 5197 ὲξετάραξε
2389 5123 2608 5194 ψυχὴν,
2672 5122 2866 5189 καιροῦ
2919 5122 3211 5194 λαϐόμενοι
3267 5124 3364 5178 καὶ
3440 5124 3626 5188 ἁδείας

2044 5219 2278 5291 (ἑσπέρα
2331 5217 2390 5271 δὲ
2440 5212 2553 5288 ἦν),
2603 5214 2703 5288 τὴν
2727 5217 2867 5269 κατὰ
2910 5216 3020 5270 τῶν
3053 5216 3356 5287 Κομνηνῶν
3403 5217 3625 5287 ἐνέδραν

2043 5313 2329 5383 ἐξήρτυον.
2395 5310 2555 5362 Ἔστι
2588 5308 2686 5378 μὲν
2718 5308 2826 5379 γὰρ
2859 5310 2933 5379 (9)
2961 5310 3135 5371 ἄλλως
3156 5307 3317 5376 φύσει
3350 5308 3411 5361 τὸ
3438 5307 3626 5362 δοῦλον

1413 5405 1621 5466 Variae
1654 5405 1961 5471 lectiones
1997 5426 2076 5472 ex
2106 5408 2247 5470 cod.
2281 5402 2565 5467 Coislin.

424 5497 470 5530 ⁶⁶
492 5497 655 5556 Βειιει
682 5517 783 5558 νοτ
813 5502 1080 5567 Κυζίκου.
1115 5504 1159 5536 ⁸⁸
1188 5503 1287 5563 ὥν.
1321 5506 1367 5539 ⁶¹
1398 5507 1623 5576 Βορίλα.
1656 5510 1702 5542 ⁸³
1731 5513 1848 5566 καί.
1879 5513 1927 5545 ⁸⁸

2044 5512 2480 5579 ἰυπενεγκόντος.
2517 5507 2564 5540 ⁸⁸
2592 5506 2797 5563 Desunt
2820 5522 2978 5563 voces
2995 5505 3138 5560 κατὰ
3158 5506 3253 5560 τοῦ
3276 5505 3622 5576 δομεστικρῦ.

1419 5601 1561 5663 Car.
1598 5604 1927 5666 Dufresnii
1975 5607 2070 5667 Du
2099 5603 2325 5683 Cangii
2366 5608 2559 5664 notae.

432 5691 594 5771 2&5
630 5695 704 5771 (9)
731 5699 908 5771 "liga
932 5700 1048 5771 μέν
1069 5698 1200 5768 γάρ.
1225 5700 1568 5771 Theophilus
1589 5704 1945 5769 Antecessor,

358 5762 457 5816 lib.
486 5776 526 5823 I,
558 5765 645 5816 tit.
672 5765 723 5818 8.
761 5765 849 5845 μ
886 5784 900 5820 :
932 5762 1102 5849 ξύσεί
1123 5762 1286 5892 vitae
1307 5762 1495 5834 δοῦλος
1528 5772 1625 5854 τοῦ
1662 5774 1929 5857 δεσπότου

365 5830 646 5892 πολέμιος.
709 5832 923 5888 Tutum
984 5838 1141 5892 illud.
1194 5876 1215 5892 .
1251 5839 1364 5892 ulla
1418 5852 1579 5892 imm
1642 5843 1929 5892 efﬁcacior-

365 5830 646 5893 πολέμιος.
709 5830 923 5888 Tritum
984 5830 1147 5905 illud,
1194 5830 1364 5896 Nulla
1418 5830 1579 5898 vestis
1642 5843 1933 5915 efﬁcacior,

2053 5720 2211 5774 quam
2275 5703 2570 5773 fantiliaris
2621 5701 2889 5755 inimicus.
2940 5697 3091 5754 Will.
3129 5698 3317 5767 Brito,
3354 5699 3452 5756 lib.
3500 5719 3619 5772 vm,

2044 5774 2282 5911 Μίεὲἔὲιί
2314 5814 2457 5901 enim
2489 5842 2672 5915 quavis
2699 5852 2773 5897 est
2803 5850 2944 5913 peste
2974 5839 3291 5901 domesticus
3319 5846 3505 5911 hostis,
