4050 6494
225 434 305 496 2‘19
1493 444 1922 505 ALEXIADIS
1962 446 2113 508 LIB.
2160 445 2244 505 ΙῘ.

3392 451 3498 516 210

229 548 420 622 βασιλέα
467 564 704 621 ταυτην
746 553 1271 622 μετακαλέσασθαι,
1306 555 1383 620 ὡς
1410 557 1438 610 6
1467 557 1624 626 λόγος
1678 558 1818 626 φθά-

1945 560 2110 614 ticare
2159 560 2263 629 ipsi
2302 559 2597 616 consilium
2659 575 2820 615 suum
2887 559 3094 614 homini
3150 562 3345 616 merito
3405 579 3504 620 su-

232 659 306 704 m;
331 639 600 710 ξδήλωσε,
636 644 799 697 κεῖθι
831 645 1247 711 καταλαϐόντες
1272 646 1445 720 ταύτῃ
1469 665 1530 702 τε
1561 651 1822 704 συνετάτ-

234 749 360 787 τοντο
380 733 477 784 ἐπὶ
498 731 586 803 τῷ
638 733 980 798 ἐξελαύνειν
1002 738 1240 803 ἐκεῖθεν,
1273 741 1369 793 καὶ
1404 739 1679 810 Γεώργιον
1732 743 1825 795 τὸν

242 822 580 890 Πιλιιολόγον
617 823 744 894 (55)
781 825 1078 881 ἀνέπειθον
1123 829 1240 900 μεθ’
1279 831 1492 885 ἑαυτῶν
1523 833 1616 885 καὶ
1643 832 1666 865 ι
1692 851 1823 886 συν-

249 917 462 986 amipaw
488 916 758 980 αύτοὺς³
815 921 1265 990 κατηνάγκαζον.
1299 922 1466 977 Οὔπω
1522 926 1632 996 γὰρ
1683 923 1826 998 ἦσαν

250 1012 425 1082 Europa
449 1012 526 1065 τὰ
559 1014 695 1066 κατ’
721 1014 936 1078 αὐτοὺς
980 1015 1199 1086 θέμενοι
1234 1019 1381 1088 πρὸς
1433 1019 1526 1071 τὸν
1556 1018 1727 1088 ἄνδρα
1753 1019 1824 1073 δι’

248 1103 454 1172 ὑποψίαν
482 1104 895 1176 εὐπρόσωπον.
935 1102 1044 1159 Ἦν
1074 1107 1183 1178 γὰρ
1209 1109 1238 1160 6
1285 1108 1470 1181 πατὴρ
1497 1111 1590 1164 τοῦ
1641 1112 1826 1181 Γεωρ-

239 1196 343 1258 risu
365 1197 590 1248 τουτουῒ
628 1197 714 1266 τῷ
752 1196 970 1266 βασιλεῖ
997 1199 1357 1264 εὐνούστατος
1386 1203 1443 1263 ἐς
1477 1202 1544 1255 τὰ
1571 1203 1826 1272 μάλιστα,

235 1287 442 1356 καὶτῆς
478 1288 759 1359 τοιαύτης
787 1289 988 1359 βουλῆς
1027 1291 1164 1362 πρὸς
1186 1291 1378 1345 τοῦτον
1433 1293 1827 1362 ἀπογύμνωσις

232 1382 328 1434 οὐκ
382 1381 702 1445 ἀκίνδυνος.
735 1382 820 1434 Τὰ
872 1383 973 1451 μὲν
1029 1377 1125 1437 οὖν
1171 1384 1366 1455 πρῶτα
1399 1389 1426 1440 6
1462 1386 1827 1455 Παλαιολὸγος

231 1473 364 1542 πρὸς
389 1472 630 1535 τούτους
660 1474 764 1526 οὐκ
796 1469 945 1544 εἶχεν
993 1476 1313 1544 εύαγώγως,
1385 1479 1556 1532 πολλά
1587 1495 1646 1533 τε
1679 1481 1829 1534 ἀντι-

230 1565 549 1635 τεινόμενος
575 1567 678 1619 καὶ
710 1567 1138 1635 προσονειδίζων
1167 1570 1229 1622 τὸ
1260 1572 1340 1634 εἰς
1367 1572 1574 1626 ἐκεῖνον
1607 1573 1824 1628 τούτων

237 1656 487 1726 βούλημα
534 1657 784 1710 καὶ¹δτι
838 1655 1065 1728 ὕστερον
1106 1657 1264 1713 τοῦτο
1323 1661 1387 1730 δὴ
1435 1662 1499 1715 τὸ
1556 1680 1828 1734 πεπαροι-

241 1748 570 1819 μιασμένον,
630 1749 762 1802 νοῦν
823 1751 1076 1812 οῐσαντες
1110 1752 1208 1804 καὶ
1239 1751 1433 1806 τοῦτον
1487 1755 1826 1810 ἀνακαλοῢνο

238 1861 339 1899 ται.
382 1843 548 1896 Ἐπεὶ
575 1842 637 1895 δὲ
666 1844 763 1896 καὶ
794 1844 828 1912 ή
865 1844 1400 1918 πρωτοόεστιαρίαὴ
1440 1848 1535 1901 τοῦ
1589 1851 1830 1903 Παλαιο-

243 1937 390 2002 λόγου
417 1935 680 2004 πενθερὰ
740 1935 934 2004 βαρεῖα
987 1937 1231 1992 ἐνέκειτο
1257 1941 1432 2009 τούτῳ
1467 1941 1824 2012 συνεξελθεῖν,

249 2030 328 2081 ut
376 2029 700 2082 ἀπειλοῦσα
757 2027 909 2098 αύτῷ
955 2030 1026 2081 τὰ
1077 2031 1381 2094 δεινότατα,
1440 2035 1829 2107 μαλακώτερος

250 2125 472 2187 γενεται.
523 2122 895 2188 Φροντίζειδὲ
927 2123 986 2176 τὸ
1015 2124 1269 2178 ἐντεῦθεν
1319 2128 1449 2198 περὶ
1483 2130 1592 2184 τῶν
1646 2147 1834 2198 γυναι-

247 2214 368 2273 κῶν,
405 2216 507 2281 τῆς
535 2215 743 2267 ἑαυτοῦ
766 2216 786 2245 ⁶
818 2215 1068 2284 γαμετῆς
1098 2218 1302 2287 Ἀννης
1328 2221 1422 2272 καὶ
1451 2221 1674 2292 Μαρίας
1730 2223 1832 2291 τῆς

247 2305 515 2374 πενθερᾶς
586 2307 784 2372 αὐτοῦ,
842 2306 913 2360 τὰ
969 2309 1164 2378 πρῶτα
1210 2311 1304 2364 τοῦ
1353 2314 1546 2380 γένους
1604 2316 1665 2368 ἐκ
1723 2315 1831 2368 τῶν

245 2400 578 2468 Μιλγὰρων
608 2397 866 2468 ἐχούσης,
905 2399 1138 2462 κάλλους
1166 2400 1226 2452 δὲ
1260 2401 1516 2454 τοσοῦτον
1575 2405 1833 2473 ἐπισυρο-

249 2493 412 2562 μένης
481 2492 586 2544 καὶ
636 2490 1016 2559 εὖαρμοστίας
1082 2491 1264 2558 μελῶν
1301 2495 1396 2545 καὶ
1451 2495 1655 2564 μερῶν,
1693 2495 1832 2548 ὥστε

251 2584 519 2653 μηδεμίαν
555 2584 804 2650 φανῆναι
860 2582 982 2635 κατ’
1030 2587 1208 2637 έκεῖνο
1239 2585 1434 2654 καιροῦ
1491 2586 1591 2656 τὴν
1631 2588 1835 2656 ταύτης

252 2679 610 2748 ώραιοτέραν.
677 2679 797 2730 Οὐκ
835 2678 966 2732 ἄνευ
1002 2677 1096 2731 οὖν
1129 2679 1412 2747 φροντίδος
1433 2678 1574 2751 ἦσαν
1604 2681 1673 2736 τὰ
1703 2683 1838 2735 κατ’

253 2771 408 2841 αὐτὴν
433 2771 515 2840 τῷ
549 2769 938 2840 Παλαιολόγῳ,
968 2771 1063 2824 καὶ
1110 2771 1354 2841 Ἀλεξίῳ.
1397 2773 1581 2845 Ταύτῃ
1607 2792 1688 2828 τοι
1740 2775 1837 2829 καὶ

252 2864 463 2931 γνώμης
482 2861 505 2893 ⁷
543 2863 715 2932 ἔσχον
743 2861 794 2914 οι
826 2861 971 2930 ἀμφὶ
999 2861 1091 2915 τδν
1124 2861 1386 2930 ’Δλέειον,
1415 2866 1626 2920 ἐκεῖθεν
1658 2867 1841 2920 ἀνελό-

257 2969 393 3019 μενοι
435 2949 684 3014 ταύτας,
713 2949 794 3017 ξοῑ
839 2951 938 3020 μὲν
962 2950 1043 3014 εἷς
1070 2968 1122 3004 τι
1185 2952 1449 3022 φρούριον
1505 2956 1835 3023 ἀπαγαγεῖν,

253 3045 277 3096 6
315 3046 368 3098 δὲ
407 3042 797 3110 Παλαιολύγος
870 3044 953 3106 είς
985 3043 1047 3096 τὸ
1104 3045 1162 3098 ὲν
1209 3043 1547 3115 Βλαχέρναις
1607 3048 1840 3117 τέμενος

253 3135 340 3204 τῆς
361 3137 751 3206 Θεομήτορος.
782 3135 893 3189 Καὶ
913 3137 1110 3205 κρατεῖ
1137 3138 1169 3206 ή
1195 3137 1289 3190 τοῦ
1320 3138 1598 3208 Γεωργίου
1619 3139 1836 3210 γνώμη.

1932 661 2147 722 specto,
2183 651 2327 722 quod
2363 661 2516 720 pater
2546 648 2666 721 ej’us
2693 651 2935 707 intimus
2956 655 3308 720 imperatoris
3332 665 3500 710 esset.

1925 746 2004 799 Ac
2045 759 2179 798 sane
2228 743 2294 797 ad
2336 743 2567 812 primam
2603 744 3037 814 propositionem
3099 746 3175 800 rei
3241 745 3386 800 haud
3443 762 3504 802 se

1930 834 2143 889 facilem
2176 832 2444 904 Georgius
2475 835 2730 905 prmbuit.
2765 835 2907 902 Quin
2938 837 3102 891 etiam
3136 836 3501 891 defectionem

1930 927 2241 995 increpavit
2268 935 2321 981 et
2365 927 2533 981 multa
2584 943 2816 984 monens
2869 929 3111 997 graviter
3161 944 3188 982 a
3236 930 3505 999 praecipiti

1929 1019 2164 1074 consilio
2200 1033 2336 1073 serae
2371 1019 2709 1088 poenitentiae
2735 1021 3153 1077 denuntiatione
3181 1023 3503 1078 dehortatus

1927 1117 2052 1172 est;
2108 1110 2378 1179 planeque
2444 1111 2841 1181 proﬁciebatur
2898 1113 2952 1166 in
3004 1128 3068 1168 eo
3108 1114 3270 1178 nihil,
3323 1115 3503 1184 quoad

1929 1202 2354 1270 protovestiaria
2386 1204 2503 1272 ejus
2554 1218 2749 1259 socrus
2799 1203 3117 1259 Comnenos
3171 1213 3286 1259 toto
3316 1207 3503 1259 animo

1928 1295 2240 1363 complexa,
2268 1297 2349 1350 sic
2367 1311 2557 1351 eorum
2588 1312 2812 1353 causam
2834 1297 2939 1368 egit
2959 1298 3100 1368 apud
3122 1297 3502 1369 Palaeologum,

1931 1393 2194 1456 tantoque
2219 1387 2270 1440 in
2305 1402 2425 1442 eam
2456 1397 2666 1456 partem
2696 1390 2970 1445 orationis
3008 1399 3060 1446 et
3090 1390 3320 1446 affectus
3349 1392 3507 1446 incu-

1930 1478 2050 1534 buit
2087 1479 2351 1548 pondere,
2386 1478 2450 1533 ad
2485 1487 2797 1535 extremum
2843 1497 2942 1536 nec
2968 1483 3133 1538 minis
3163 1483 3347 1552 iisque
3381 1499 3506 1554 gra-

1935 1570 2175 1626 vissimis
2201 1571 2258 1624 ni
2295 1572 2614 1639 persuaderi
2653 1588 2712 1627 se
2739 1573 2946 1628 sineret
2979 1575 3284 1641 abstinens,
3316 1584 3375 1629 ut
3405 1576 3510 1630 viri

1932 1669 2124 1730 pectus
2147 1663 2610 1726 emollierit,nihi|
2627 1663 2740 1732 jam
2765 1664 2986 1718 solliciti
3016 1666 3120 1720 nisi
3142 1666 3208 1720 de
3231 1667 3512 1720 collocan-

1931 1756 2015 1811 dis
2036 1754 2140 1824 55
2167 1756 2221 1809 in
2250 1763 2369 1808 tuto
2387 1755 2707 1808 mulieribus
2726 1756 2958 1820 duabus,
2985 1773 3084 1812 sua
3116 1773 3287 1813 uxore
3318 1759 3502 1819 Anna,

1930 1855 1984 1902 et
2000 1847 2166 1902 Maria
2195 1863 2358 1902 socru
2392 1846 2736 1904 nobilissima
2764 1849 2908 1902 inter
2930 1847 3363 1918 Bulgaros,undc
3381 1859 3501 1903 orta

1932 1947 2074 2004 erat,
2107 1939 2339 1995 muliere
2376 1937 2572 1993 formre
2614 1947 2728 1992 tam
2771 1941 3082 2008 praestantis
3120 1949 3337 2009 tamque
3382 1942 3511 1996 uni-

1933 2045 2092 2085 verse
2132 2045 2230 2100 per
2255 2047 2454 2100 corpus
2490 2029 2626 2086 fusae
2651 2030 2850 2085 decora
2895 2032 3294 2098 compositione
3336 2048 3512 2087 mem-

1933 2123 2163 2177 brorum
2197 2129 2250 2177 et
2280 2123 2544 2192 partium,
2571 2132 2628 2178 ut
2657 2124 2809 2178 nulla
2847 2139 2943 2192 per
2969 2124 3018 2178 id
3057 2136 3274 2195 tempus
3308 2123 3513 2179 formo-

1937 2216 2051 2270 sior
2079 2217 2396 2271 haberetur.
2448 2215 2578 2281 Qum
2627 2219 2744 2286 ipsa
2797 2232 2884 2272 res
2941 2218 3263 2272 intendebat
3318 2233 3508 2272 curam

1935 2295 2044 2361 non
2068 2307 2377 2375 Palacologo
2407 2307 2579 2376 magis
2614 2322 2777 2376 quam
2820 2307 3029 2373 Alexio,
3061 2309 3154 2377 qui
3191 2323 3313 2362 eum
3351 2309 3514 2363 ambo

1936 2399 2097 2454 facile
2129 2400 2510 2454 consentirent
2563 2401 2617 2454 in
2674 2401 2911 2455 consilio
2965 2401 3280 2456 removendi
3325 2401 3516 2455 ambas

1937 2493 2177 2547 feminas
2233 2509 2298 2546 ex
2329 2508 2394 2547 eo
2420 2493 2562 2556 loco,
2591 2508 2696 2545 non
2721 2493 2950 2562 perinde
2985 2494 3345 2548 conveniebat
3377 2494 3521 2548 inter

1939 2586 2061 2639 illos
2099 2599 2209 2655 quo
2239 2593 2424 2638 essent
2458 2583 2748 2638 ducendae.
2775 2584 3000 2638 Alexius
3031 2583 3084 2637 in
3115 2569 3298 2638 arcem
3327 2599 3518 2652 quam-

1938 2676 2084 2746 piam
2145 2676 2408 2730 censebat
2459 2674 2644 2729 valido
2706 2674 2964 2744 prmsidio
3017 2675 3310 2729 insessam.
3372 2672 3520 2728 Vicit

1940 2778 2122 2821 tamen
2177 2767 2470 2837 Palmologi
2547 2767 2825 2821 sententia
2891 2781 3110 2820 sacram
3165 2765 3410 2835 Deiparaa
3464 2767 3518 2819 in

1941 2861 2264 2915 Blachernis
2293 2859 2454 2913 sitam
2488 2859 2657 2913 aedem
2699 2858 3062 2927 praeferentis.
3094 2857 3170 2912 Eo
3204 2858 3373 2927 igitur
3403 2873 3521 2925 per-

1941 2955 2136 3009 ductas
2162 2951 2524 3008 sanctissimae
2565 2949 2721 3006 Verbi
2756 2951 2937 3003 omnia
2978 2949 3316 3004 continentis
3352 2949 3511 3004 Matri

1945 3048 2208 3101 mulieres
2237 3045 2647 3100 commendant.
2675 3042 2805 3098 Inde
2841 3044 3098 3103 reversis.
3129 3053 3184 3098 et
3216 3042 3346 3112 quid
3377 3051 3521 3098 esset

1945 3152 2086 3207 opus
2129 3138 2273 3192 facto
2314 3136 2762 3192 conSnltantibus
2787 3155 2800 3190 :
2824 3135 2935 3190 Vos
2971 3137 3286 3206 praecedite,
3315 3135 3523 3190 Palam.

249 3228 417 3292 Εύθὶις
447 3224 550 3281 οὖν
583 3225 926 3288 ἀπελθόντες
952 3227 1070 3296 μετ’
1096 3227 1276 3282 αὐτῶν
1307 3230 1610 3298 παρέθεντο
1644 3231 1840 3295 ταύτας

1949 3231 2108 3300 lugus
2143 3229 2346 3298 inquit,
2385 3243 2486 3297 ego
2539 3245 2662 3283 tuo:
2717 3242 2942 3298 sequar,
2971 3240 3323 3283 assecuturus
3371 3229 3520 3282 brevi

251 3323 320 3388 τῇ
353 3320 633 3389 rantiva
667 3317 864 3387 Μητρὶ
893 3317 989 3370 τοῦ
1026 3318 1242 3372 πάντ-αθ
1288 3319 1605 3390 συνέχοντος
1634 3323 1834 3389 Λόγου.

256 3412 418 3463 Αὐτοὶ
451 3411 510 3464 δὲ
548 3410 1057 3480 παλινοστήσαντες
1110 3409 1233 3462 ὅθεν
1265 3410 1520 3481 ἐξῄεσαν,
1571 3413 1839 3467 ἐσκόπουν

265 3503 296 3554 ὃ
323 3502 471 3569 τιδὴ
513 3504 607 3554 καὶ
653 3503 972 3572 ποιήσαιεν.
1034 3501 1092 3556 '0
1119 3503 1175 3557 δὲ
1234 3505 1620 3573 Παλαιολόγος,
1666 3505 1842 3576 Ὕμᾶς

274 3594 400 3661 μὲν,
434 3593 618 3660 φησὶν,
663 3595 1005 3664 ἀπέρχεσθαι
1037 3597 1144 3666 χρὴ
1177 3613 1192 3628 ·
1220 3596 1332 3664 ἐγὼ
1386 3599 1443 3651 δὲ
1480 3597 1671 3668 τάχιον
1697 3599 1842 3668 ὑμᾶς

265 3685 681 3753 καταλήψομαι,
704 3686 776 3739 τὰ
808 3688 1088 3758 προσόντα
1113 3706 1204 3759 μοι
1249 3691 1512 3759 χρήματα
1549 3708 1844 3760 συνεπιφε-

250 3777 508 3846 ρόμενος.
548 3777 751 3847 Ἔτυχε
805 3779 918 3848 γὰρ
949 3780 1133 3833 πᾶσαν
1155 3779 1255 3850 τὴν
1291 3783 1348 3832 ὲν
1385 3785 1630 3850 κινητοίς
1676 3783 1842 3836 αὑτοῦ

245 3868 649 3938 Θεωρουμένην
685 3871 1012 3937 περιουσίαν
1068 3871 1209 3939 ἔχων
1265 3873 1595 3943 ἐγκειμένην
1645 3874 1844 3930 ἐκεῖσε.

241 3961 337 4030 Μὴ
379 3963 735 4031 μελῆσαντες
797 3961 930 4029 γοῦν
987 3963 1152 4025 εὐθὺς
1176 3967 1274 4034 τῆς
1305 3966 1684 4034 προκειμένης
1705 3967 1846 4019 ὁδοι-

243 4052 453 4120 πορίας
478 4053 701 4120 εἷχοντο
733 4066 749 4080 ⁸
781 4053 991 4115 ἐκεῖνος
1025 4053 1080 4106 δὲ
1107 4055 1220 4115 τοῖς
1246 4055 1356 4107 τιῖιν
1413 4055 1665 4125 μοναχῶν
1714 4055 1849 4109 ὑπο-

253 4144 459 4210 ζυγίοις
484 4144 797 4208 ὲπεισὰξας
825 4144 891 4197 τὰ
916 4145 1136 4208 ἑαυτοῦ,
1161 4146 1390 4200 ὀπισθεν
1416 4149 1600 4200 αὐτῶν
1625 4148 1847 4220 ἤλαυνε.

255 4236 360 4289 Καὶ
409 4237 641 4302 ᾳῇἑσας
705 4238 803 4288 σὺν
836 4237 1048 4301 τούτοις
1086 4240 1167 4300 εἰς
1198 4237 1537 4308 Τξουρουλὸν
1571 4240 1755 4310 (κώμη
1791 4240 1850 4294 δὲ

251 4331 339 4379 καὶ
368 4327 518 4398 αὕτη
550 4327 813 4398 Θρᾳκικὴ
846 4329 1219 4400 διασώζεται),
1249 4331 1474 4384 κάκεῖσε
1508 4331 1743 4401 τυχαίως
1774 4331 1853 4403 τῷ

245 4421 305 4484 ἐξ
336 4422 630 4488 ἐπιταγῆς
662 4421 756 4472 τοῦ
779 4421 1105 4487 δομεστίκου
1129 4423 1609 4492 καταλαμϐάνοντι
1630 4424 1650 4455 ⁹
1686 4441 1854 4492 στρα-

243 4513 493 4581 τεύματι
555 4511 854 4581 ήνώθησαν
908 4515 1170 4577 ἅπαντες.
1229 4516 1358 4567 Δέον
1413 4511 1506 4569 οὖν
1567 4516 1854 4586 κρίναντες

245 4604 381 4672 περὶ
451 4602 570 4654 τῶν
631 4603 1022 4671 συμπεσόντων
1085 4606 1272 4667 αὐτοῖς
1323 4605 1668 4675 δηλῶσαιτῷ
1688 4607 1857 4676 δούκᾳ

262 4696 504 4766 Ἰωάννῃ
562 4694 648 4764 τῷ
683 4696 926 4766 Καίσαρι
963 4699 1021 4748 ἐν
1071 4699 1186 4760 τοῖς
1259 4698 1414 4760 ἰδίοις
1461 4699 1708 4767 κτήμασι
1761 4699 1858 4751 τοῦ

249 4787 672 4860 Μωροὸούνδου
737 4788 852 4857 (56)
900 4779 1264 4858 αὐλιζομὲνῳ,
1332 4792 1710 4845 ἀπεστάλκασι
1765 4792 1856 4844 τὸν

251 4880 350 4949 τὴν
407 4879 627 4950 πρᾶξιν
669 4881 926 4952 ἐκείνῳη
976 4882 1316 4954 μηνύσαντα.
1361 4885 1581 4946 Φθάσας
1615 4884 1671 4936 δὲ
1705 4887 1732 4937 6
1761 4884 1860 4954 τὴν

251 4972 534 5037 ἀγγελίαν
591 4974 815 5044 ἐκείνην
870 4975 1113 5046 κομζων
1173 4977 1304 5047 περὶ
1332 4977 1516 5046 δείλην
1545 4975 1713 5046 ἑῴαν,
1751 4977 1859 5040 ἔξω

247 5064 364 5116 τῶν
391 5066 583 5120 αὐδῶν
609 5066 712 5138 τῆς
761 5067 977 5132 αὐλίδος
1017 5070 1283 5140 εἱστήκει,
1307 5071 1400 5125 τὸν
1439 5068 1694 5140 Καίσαρα
1731 5069 1861 5122 ἁνα-

1949 3337 2072 3378 cum
2103 3322 2273 3377 rebus
2309 3328 2362 3372 et
2396 3319 2650 3388 pecuniis
2675 3320 2852 3387 meis;
2894 3319 3036 3372 forte
3073 3321 3216 3374 enim
3253 3319 3525 3386 supellec-

1948 3414 2099 3468 tilem
2135 3427 2356 3468 omnem
2392 3426 2544 3465 suam
2577 3425 2641 3463 ac
2678 3409 2820 3464 bona
2854 3409 3076 3462 mobilia
3111 3410 3301 3463 eodem
3348 3407 3438 3462 illo
3468 3408 3521 3460 in

1951 3505 2291 3560 monasterio
2315 3502 2560 3573 deposita
2590 3501 2844 3556 habebat.
2872 3499 3068 3554 Statim
3098 3515 3227 3569 ergo
3257 3500 3521 3552 Comneni

1951 3596 2156 3651 abeunt
2188 3611 2298 3664 quo
2331 3601 2758 3663 proposuerant,
2795 3592 3012 3646 caeteris
3060 3591 3366 3659 Palacologo
3399 3605 3526 3659 pcr-

1953 3693 2141 3746 mlssis
2172 3690 2265 3760 qui
2309 3689 2400 3742 ubi
2428 3687 2697 3758 iumentis
2744 3684 3142 3741 monachorum
3194 3699 3293 3739 sua
3351 3684 3526 3752 impo-

1955 3783 2084 3846 suit,
2117 3781 2262 3837 haud
2297 3780 2539 3851 segniter
2564 3788 2789 3834 secutus
2823 3779 2970 3848 ipsos
2994 3778 3146 3832 brevi
3176 3792 3303 3831 cum
3334 3774 3526 3830 iisdem

1955 3871 2207 3943 pervenit
2252 3871 2552 3925 Tzurulum
2616 3866 3211 3947 oppidum/Thracia
3265 3867 3356 3921 ubi
3409 3881 3533 3920 sese

1956 3982 2147 4021 omnes
2177 3965 2445 4019 exercitui
2480 3965 2640 4035 jussu
2682 3963 2862 4034 magni
2901 3962 3188 4017 domestici
3221 3975 3287 4016 eo
3329 3974 3536 4013 convo-

1955 4068 2081 4114 cato
2107 4057 2542 4125 coniunxerunt.
2587 4053 2724 4107 llinc
2753 4053 2819 4106 ad
2862 4051 3130 4106 Joannem
3180 4052 3384 4106 Ducunt
3418 4050 3534 4105 Cll!-

1959 4167 2140 4206 sarem
2183 4150 2238 4203 in
2280 4149 2396 4203 suis
2427 4148 2595 4210 villis,
2627 4145 3102 4216 qure'Morobnndi
3127 4144 3365 4208 fuerant,
3388 4157 3538 4197 coma

1961 4248 2266 4297 morantem
2308 4241 2590 4294 destinant
2622 4237 2900 4291 nuntium.
2946 4237 3202 4290 Pervenit
3235 4235 3281 4288 is
3318 4248 3544 4288 summo

1964 4351 2142 4398 tranc,
2178 4349 2342 4404 quem
2379 4349 2445 4387 ex
2480 4331 2606 4385 atrii
2644 4330 2834 4384 limine
2869 4327 3134 4382 Joannem
3169 4327 3444 4381 Caesarem
3479 4339 3538 4378 se

1964 4428 2102 4483 velle
2130 4426 2332 4495 alloqui
2367 4424 2641 4478 dicentem
2671 4423 3024 4491 conspicatus
3046 4421 3284 4473 Joannes
3305 4416 3538 4471 Caesaris

1966 4534 2152 4587 nepos.
2211 4517 2477 4587 puerulus
2535 4515 2716 4569 adhuc
2787 4528 2850 4568 ac
2914 4519 3206 4581 propterea
3272 4507 3541 4562 indivulse

1963 4613 2243 4665 inhaerens
2299 4608 2527 4671 thsari,
2595 4621 2758 4661 cursu
2817 4606 3126 4676 ingreditur
3181 4600 3542 4662 cubiculum,

1958 4705 2438 4771 dormientemque
2471 4699 2748 4763 excitans,
2780 4697 3049 4752 defecisse
3089 4693 3406 4750 Comnenos
3456 4691 3543 4745 in-

1960 4797 2188 4851 clamat.
2243 4793 2430 4849 Cazsar
2472 4806 2606 4845 voce
2663 4790 2955 4860 perculsus
3011 4787 3336 4856 nepotulum
3389 4784 3546 4852 alapa

1935 4897 2296 4952 .summotum
2334 4885 2461 4938 talia
2495 4884 2760 4953 deinceps
2788 4881 3028 4936 delirare
3052 4879 3249 4936 vetuit.
3288 4876 3337 4934 Is
3363 4885 3544 4931 tamen

1961 4995 2070 5033 non
2112 4980 2288 5033 multo
2321 4988 2446 5047 post
2479 4975 2678 5030 iterum
2719 4975 3035 5042 ingressus,
3072 4985 3181 5026 non
3236 4968 3397 5024 modo
3423 4982 3550 5038 per-

1962 5071 2234 5127 severavit
2260 5070 2404 5125 idem
2445 5067 2594 5139 quod
2645 5075 2828 5130 antea,
2883 5063 2982 5120 sed
3034 5063 3202 5119 verba
3261 5064 3378 5132 ipsa
3431 5074 3562 5128 quae

1382 5188 1582 5252 Variae
1606 5188 1917 5251 lectiones
1961 5204 2039 5250 ex
2071 5187 2214 5252 cod.
2250 5186 2508 5251 Coislin.

329 5317 351 5350 ⁸
384 5314 614 5371 ἑαυτῶν
651 5313 945 5369 συλλαϐεῖν
967 5367 974 5372 ,
997 5313 1117 5370 καί.
1188 5318 1210 5348 ⁸
1233 5316 1441 5379 αὐτοῖς.

270 5388 315 5419 ⁸⁸
338 5387 610 5443 ἐκείνων.

1518 5317 1539 5348 ⁸
1593 5316 1696 5385 τῆς
1749 5331 1809 5367 τε
1862 5313 2051 5370 αὐτοῦ.

2128 5312 2423 5384 ’γνώμην.
2497 5309 2643 5366 ’τοῦ
2696 5309 2766 5364 τὰ
2824 5311 3024 5366 πάντα.
3106 5310 3127 5342 ’
3162 5305 3548 5364 καταλαϐόντι.

1327 5507 1464 5566 Car.
1501 5504 1819 5566 Dufresnii
1865 5507 1963 5567 Du
1995 5504 2220 5583 Cangii
2257 5519 2442 5564 nouae.

334 5613 454 5681 (55)
511 5610 828 5682 Γεὼρτιον
885 5607 1007 5682 τὸν.
1038 5607 1477 5682 Παλαιολόγον.
1516 5605 1860 5682 Δίῖἱιειξῃιιοτί,

274 5676 716 5754 εσῇυειηεηιὶῐιίὶ
753 5677 1457 5754 Bryennius,__|ih_.hnt,_n.
1509 5676 1596 5731 15.
1632 5677 1862 5754 .'_5cylitz.

275 5746 412 5824 trag.-
436 5757 560 5820 856,
594 5767 652 5813 et
679 5746 852 5812 Anna
915 5763 1055 5824 pag;
1083 5746 1173 5824 ξι,
1219 5747 1310 5811 56,
1346 5747 1542 5824 ﬁlium,
1591 5746 1662 5824 ad_
1705 5762 1863 5824 (ωε-η]

279 5815 451 5906 itFibit
487 5815 959 5906 TheOphylactu's
993 5815 1240 5888 'Bulgar.
1281 5817 1526 5888 archiep.
1579 5815 1740 5887 epist.
1796 5817 1866 5873 33

274 5899 419 5960 αἵθ.

2047 5605 2496 5678 (56)ῌΚτήμαοξι
2574 5603 2680 5678 toi?
2741 5599 3199 5678 Μωροξούνδου.
3264 5594 3562 5678 Ρρεεεεεὶυ

1975 5664 2533 5735 ΐοὲιε’διει·οιῖειυάίε,
2591 5671 2683 5740 qui
2720 5664 2856 5726 eos:
2913 5671 3017 5740 fuit
3053 5684 3068 5721 ι
3106 5681 3231 5720 cum
3289 5664 3556 5740 Gratiano

1973 5731 2113 5815 Aug.
2147 5761 2252 5808 an.,
2268 5745 2412 5815 Chr.
2434 5731 2561 5815 577.
2592 5731 2942 5815 ﬂanimeum
2972 5737 3276 5815 Saturnino
3304 5731 3558 5815 ambite,

1977 5803 2091 5871 aut"
2109 5803 2339 5870 alterius
2370 5814 2616 5880 ejusdem
2657 5809 2922 5880 nominis,
2955 5803 3369 5880 ortu__llispani,
3399 5807 3554 5857 Aste-

1977 5887 2043 5943 rii
2077 5900 2192 5944 cos.
2225 5875 2433 5956 generi,
2466 5882 2533 5938 de
2571 5896 2682 5950 quo
2714 5878 2932 5934 ldacius
2965 5881 3020 5934 in
3055 5875 3262 5933 Chron.
