4050 6416
480 354 588 423 215

1778 362 2008 425 ANNIE
2048 362 2438 425 COMNEN/E

3645 364 3749 431 216

479 475 749 543 Georgius
777 473 1140 544 Palmologus.
1194 473 1260 529 lli
1305 490 1405 544 pro
1455 490 1516 532 se
1574 477 1813 547 quisque
1866 492 2048 549 agere,

2157 477 2250 529 καὶ
2292 476 2547 549 Ἰωάννης
2580 477 2629 530 oi
2655 478 2846 533 τούτου
2882 478 3098 548 ἔγγονοι
3131 494 3146 508 ·
3166 477 3255 534 ναὶ
3297 476 3407 548 μὴν
3439 477 3532 532 καὶ
3565 480 3593 532 ὁ
3625 481 3749 533 τού-

479 566 710 632 nntbire,
759 582 1046 637 prensare,
1109 583 1354 638 onmem,
1412 571 1557 640 quod
1603 573 1781 639 aiunt,
1843 587 2060 628 movere

480 656 706 725 l‘unem,
776 673 994 715 onmem
1073 661 1337 717 adhibere
1405 663 1715 719 machinam
1781 671 1841 719 ut
1930 662 2060 719 Alc-

478 752 608 807 xins
675 752 994 823 eligeretur.
1073 754 1198 808 Erat
1273 753 1517 812 Joannes
1577 754 1765 811 Caesar
1841 772 2059 813 suuuno

478 847 830 901 auctoritatis
893 848 1157 917 pondere,
1229 849 1454 918 ingenio
1511 859 1675 919 atque
1735 848 2055 908 elounentin

477 939 746 1009 quidquid
807 939 1241 1010 aggrederentur
1294 956 1611 1011 expugnare
1661 940 1853 1006 certis,
1910 941 2057 1010 rcg‘a

474 1032 710 1100 insuper
772 1031 950 1087 l'orma
1016 1040 1071 1087 et
1125 1031 1348 1087 heroica
1414 1031 1750 1103 proceritate
1801 1033 2058 1101 corporis

475 1120 746 1191 quidquid
774 1129 962 1192 ageret
981 1123 1523 1187 commendautibus,
1553 1122 1821 1193 quidquid
1847 1131 2058 1194 peteret

475 1213 929 1281 impetrantibus,
971 1223 1069 1270 aut
1094 1217 1278 1283 potius
1312 1216 1780 1287 estorquentihus
1825 1216 1877 1271 vi
1921 1232 2057 1286 qna-

473 1302 600 1356 dam
633 1301 1076 1375 blunda.ltaque
1122 1322 1245 1360 cum
1292 1305 1691 1364 dissuadendis
1724 1306 1792 1363 iis
1845 1307 1939 1376 qui
1978 1306 2059 1360 fa—

472 1392 680 1449 vebant
742 1392 953 1451 lsaacio
1001 1397 1235 1452 multum
1298 1400 1617 1468 proficeret,
1671 1398 2059 1454 incumbebant

471 1489 669 1544 eodem
698 1490 880 1544 caeteri
929 1490 1090 1545 Daca:
1132 1507 1232 1560 pro
1264 1508 1363 1548 sua
1398 1495 1636 1562 quisque
1666 1492 1842 1557 gratia
1878 1502 1933 1547 et
1971 1491 2057 1546 fa-

473 1583 685 1636 cultate
739 1582 962 1638 obnixis
1022 1584 1242 1640 studiis.
1296 1585 1439 1651 Quid
1466 1586 1613 1642 enim
1658 1603 1770 1642 non
1825 1585 2053 1652 factum,

474 1674 610 1743 quid
647 1690 756 1729 non
787 1676 1021 1739 dictant,
1058 1677 1191 1746 quid
1226 1694 1334 1733 non
1369 1680 1701 1747 promissum
1738 1681 1810 1735 ab
1852 1680 1944 1747 iis,
1972 1680 2055 1735 vel

471 1767 734 1836 privatim
771 1769 837 1823 ad
873 1770 1128 1839 singulos
1154 1770 1359 1827 ducum
1398 1787 1464 1827 ac
1495 1772 1771 1838 tribunos,
1822 1775 1910 1829 vel
1953 1789 2054 1843 pu-

471 1858 620 1914 blice
657 1861 725 1914 ad
765 1860 1061 1916 militarem
1091 1864 1416 1919 concinnem
1471 1879 1570 1932 pro
1616 1863 1811 1920 Alexio
1846 1866 2058 1935 agenti-

442 1953 577 2008 -hus
595 1953 621 2007 ?
652 1952 773 2018 Ille,
803 1955 1154 2025 inquiehant,
1178 1956 1268 2011 ille
1295 1975 1383 2011 vos
1411 1957 1603 2012 milites
1628 1959 1879 2013 maximis
1903 1959 2057 2013 donis

2160 585 2271 621 των
2315 570 2403 623 ἐπ’
2444 569 2644 640 ἀδελφῇ
2692 572 2945 642 γαμϐρὸς
2984 569 3256 640 Γεὼργιος
3299 573 3327 625 ὀ
3365 569 3746 639 Παλαιολόγος,

2172 661 2559 733 συμπαρόντες
2593 662 2778 725 αὐτοῖς
2809 664 2905 716 καὶ
2941 663 3289 731 ἀγωνιῶντες
3309 706 3323 727 ,
3354 663 3448 716 καὶ
3477 662 3546 716 τὰ
3576 664 3751 719 ἀπάν-

2160 771 2271 807 των
2303 753 2441 824 πρὸς
2472 754 2532 808 τὸ
2558 755 2742 819 αὐτοῖς
2775 755 3038 827 βουλητὸν
3060 755 3477 825 διαστρέφοντες
3500 754 3748 825 γνώμας,

2161 850 2256 900 καὶ
2307 849 2485 903 πάντα
2532 847 2736 911 κάλων,
2766 849 2793 899 ὃ
2842 866 2999 916 φασι,
3061 847 3368 911 κινοῦντες,
3416 849 3511 902 καὶ
3566 851 3750 903 πᾶσαν

2163 937 2412 1007 μηχανὴν
2440 937 2659 1006 εύφυῶς
2696 936 3167 1008 τεχναζόμενοιη,
3200 936 3341 990 ὥστε
3374 940 3465 991 τὸν
3510 936 3749 1003 Ἀλέξων

2159 1029 2563 1102 ἀναρρηθῆναι.
2611 1029 2914 1101 Τοιγαροῦν
2962 1032 3058 1084 καὶ
3083 1030 3151 1083 τὰ
3207 1030 3470 1084 ἁπάντων
3508 1030 3643 1098 πρὸς
3690 1031 3749 1082 τὸ

2161 1123 2344 1187 αὐτοῖς
2375 1122 2635 1193 βουλητὸν
2679 1125 2979 1195 μετέφερον
3015 1124 3261 1193 γνώμας.
3312 1123 3509 1177 Ἔνθεν
3542 1141 3624 1177 τοι
3656 1124 3750 1177 καὶ

2163 1217 2284 1281 τοὺς
2321 1218 2399 1289 τῷ
2439 1219 2690 1290 Ἰσαακίῳ
2718 1220 3156 1291 προσανέχοντας
3189 1219 3329 1272 κατὰ
3382 1219 3558 1289 βραχὺ
3604 1217 3753 1269 ὲλατ-

2158 1309 2386 1364 τοῦσοαι
2420 1311 2759 1367 συνέὸαινεν.
2798 1312 2975 1364 Ὅπου
3017 1312 3128 1380 γὰρ
3176 1313 3432 1380 Ἰωάννης
3463 1312 3492 1364 ὁ
3528 1312 3750 1378 Καῖσαρ

2155 1394 2247 1472 ἦν,
2281 1401 2456 1465 οὐδεὶς
2485 1403 2593 1455 τῶν
2625 1403 2882 1457 ἁπάντων
2940 1404 3189 1473 ἀντέχειν
3217 1402 3470 1472 ἠδύνατο.
3494 1396 3603 1453 ἾΙν
3632 1401 3745 1470 γὰρ

2159 1493 2543 1562 ἀπαράμιλλος
2569 1488 2727 1558 οὗτος
2779 1495 2924 1549 κατά
2952 1512 3012 1547 τε
3050 1495 3402 1565 φρονήματος
3439 1493 3604 1561 ὄγκον
3653 1492 3766 1555 καὶ,

2160 1583 2415 1654 σώματος
2442 1584 2691 1654 μέγεθος,
2718 1588 2811 1640 καὶ
2835 1587 3050 1659 μορφὴν
3068 1588 3316 1658 τυράννῳ
3340 1588 3751 1658 προσήκουσαν.

2162 1674 2227 1728 Τί
2259 1675 2358 1745 μὲν
2391 1677 2491 1729 οὐκ
2523 1678 2793 1747 ἔπραττον
2814 1679 2869 1732 οί
2895 1679 3133 1747 Actiacas;
3173 1680 3240 1733 Ti
3272 1679 3329 1733 δὲ
3377 1679 3478 1733 οὐκ
3519 1678 3749 1747 ἔλεγον;

2160 1768 2225 1821 Τί
2254 1769 2309 1821 δὲ
2335 1769 2433 1840 οὑχ
2466 1769 2829 1842 ὑπισχνοῦντο
2860 1772 3064 1838 ἀγαθὸν
3097 1772 3318 1825 ἔσεσθαι
3336 1775 3448 1835 τοῖς
3479 1790 3536 1825 τε
3556 1771 3750 1840 λογάσι

2162 1861 2255 1912 καὶ
2286 1860 2362 1931 τῷ
2389 1861 2554 1941 κοινῇ)
2584 1861 2674 1915 τοῦ
2718 1862 2980 1933 στρατοῦ,
3014 1866 3062 1918 εί
3086 1866 3179 1917 ἐπὶ
3209 1864 3305 1935 τὴν
3338 1864 3609 1934 βασίλειον
3644 1883 3751 1918 πε-

2161 1952 2374 2022 ριωπὴν
2404 1952 2637 2019 Ἀλέξιος
2661 1953 2962 2028 ἀναϐαίνεις
2989 1953 3402 2024 φὰσκοντες,ὠς
3420 1956 3751 2026 Μεγίσταις

471 2046 828 2115 maximisque
881 2047 1172 2103 honoribus
1215 2050 1458 2118 afﬁciet,
1504 2067 1667 2121 neque
1711 2050 1768 2104 id
1823 2067 1951 2105 casu
1994 2071 2048 2106 ac

2157 2043 2311 2112 ὑμᾶς
2330 2045 2576 2113 δωρεαῖς
2596 2046 2693 2099 καί
2716 2047 2912 2116 τιμαῖς
2936 2047 3386 2115 ἀνταμείψεται,
3411 2048 3488 2113 ὡς
3510 2049 3752 2112 ἑκάστῳ

470 2137 586 2192 sine
620 2137 849 2205 delectu,
894 2149 1050 2209 prout
1081 2140 1248 2195 solent
1279 2142 1370 2209 qui
1391 2158 1484 2210 per
1517 2158 1572 2195 se
1604 2158 1685 2195 res
1717 2159 1821 2196 non
1844 2152 2048 2212 gerunt,

2156 2137 2476 2204 προσήκει,
2506 2139 2599 2192 καὶ
2634 2141 2746 2208 οὐχ
2776 2140 2853 2205 ὡς
2878 2140 3077 2207 ἔτυχε,
3105 2142 3373 2209 καθάπερ
3407 2142 3464 2195 ol
3497 2141 3751 2206 ἀμαθεῖς

468 2228 659 2297 quibus
690 2230 859 2284 uirtus
891 2232 1123 2285 uirorum
1154 2234 1400 2301 fortium,
1447 2236 1661 2288 nonnisi
1703 2233 1924 2302 fortuito
1956 2252 2048 2291 ste-

2155 2230 2249 2283 καὶ
2283 2230 2514 2296 ἄπειροι
2532 2233 2649 2285 τῶν
2672 2233 3007 2301 ἡγεμόνων,
3037 2233 3136 2287 διὰ
3163 2236 3229 2287 τὸ
3256 2234 3354 2288 καὶ
3373 2234 3752 2301 στρατοπεδ-

465 2322 687 2392 piusque
746 2324 982 2394 maligno
1012 2324 1185 2379 relatu
1228 2336 1497 2391 comperta
1531 2336 1629 2384 est.
1673 2327 1838 2392 Vidit,
1884 2328 2048 2381 inter-

2154 2321 2349 2393 άρχης
2372 2323 2539 2392 ὑμῶν
2568 2326 2790 2393 χρόνον
2834 2325 2950 2395 ἤδη
2978 2327 3180 2380 πολὺν
3218 2327 3604 2395 χρηματίσαι,
3642 2326 3748 2379 καί

467 2418 596 2483 fuit,
625 2416 842 2486 praefuit
871 2418 1205 2487 facinoribus
1240 2422 1451 2482 vestris,
1507 2420 1707 2476 laboris
1739 2430 1788 2476 et
1828 2423 2048 2489 periculi

2152 2417 2339 2486 μέγας
2360 2416 2472 2484 τῆς
2499 2417 2767 2486 ἑσπέρας
2793 2417 3171 2487 δομέστικος,
3203 2420 3295 2472 καὶ
3329 2416 3548 2471 κοινῶν
3574 2418 3748 2472 ἀμιῶν

465 2510 775 2578 particeps,
829 2513 1029 2567 notavit
1084 2530 1530 2580 unumquemque,
1602 2515 1823 2585 imisque
1881 2515 2048 2583 inﬁxa

2152 2509 2296 2579 ὑμῖν
2304 2509 2652 2578 μετασχεῖν,
2678 2510 2746 2563 ἐν
2765 2511 2968 2579 λόγοις
2987 2509 3206 2582 [λόχοις]
3233 2528 3297 2564 τε
3318 2513 3415 2565 καὶ
3441 2512 3566 2576 τοῖς
3589 2511 3747 2564 κατὰ

467 2603 708 2659 sensibus
738 2620 805 2658 ea:
841 2608 1093 2673 pra'senti
1123 2607 1241 2659 visu
1273 2608 1463 2660 merita
1494 2618 1666 2661 vestra
1720 2608 2048 2677 circumfert,

2152 2601 2477 2669 συστάδην
2517 2602 2804 2670 πολέμοις
2833 2603 3123 2671 γενναίως
3153 2603 3296 2673 ὑμῖν
3332 2600 3739 2672 συναγωνιζό-

466 2711 807 2764 nequaquam
839 2695 1012 2750 otiosa
1053 2698 1418 2764 conscientia;
1456 2699 1547 2752 sed
1582 2698 1638 2751 in
1671 2699 2048 2753 remunerandi

2152 2710 2354 2762 μενος,
2389 2694 2474 2762 μὴ
2503 2694 2770 2763 σαρκῶν,
2813 2694 2901 2764 μὴ
2922 2694 3148 2764 μελῶν,
3180 2695 3338 2765 μηδὲ
3372 2693 3484 2763 τῆς
3527 2693 3740 2764 ψυχῆς

469 2788 777 2858 largitatem
816 2789 977 2843 simul
1005 2789 1241 2858 facultas
1270 2808 1362 2860 per
1393 2808 1482 2846 vos
1508 2792 1743 2861 adfuerit
1770 2805 2048 2862 eruptura.

466 2878 846 2934 Recordamini
914 2892 1040 2953 quat
1087 2884 1264 2952 spatia
1302 2872 1603 2950 terrarum,
1642 2896 1767 2956 quot
1800 2887 2048 2955 planities

466 2990 533 3028 ac
593 2986 795 3030 montes
839 2977 936 3031 illo
986 2977 1208 3032 ductore
1257 2981 1686 3049 peragraveritis,
1741 2982 1945 3050 quoties
1991 2981 2050 3033 in

466 3068 584 3121 acie
619 3068 903 3123 ordinante
946 3070 1040 3124 illo
1091 3073 1372 3133 steteritis,
1413 3075 1620 3142 quoties
1661 3074 1817 3144 signa
1855 3084 2047 3128 contu-

2151 2786 2343 2855 αὺτῆς
2385 2787 2540 2856 ὑπὲρ
2577 2786 2685 2853 τῆς
2725 2787 2894 2858 ὑμῶν
2930 2788 3297 2858 φεισάμενος
3342 2789 3387 2820 ¹¹
3416 2789 3735 2855 σωτηρίας,

2152 2883 2260 2951 ὅρη
2287 2897 2348 2936 τε
2368 2884 2464 2936 καί
2490 2881 2772 2950 πεδιάδας
2788 2884 2917 2953 μεθ’
2942 2882 3110 2953 ὑμῶν
3129 2884 3429 2948 πολλάκις
3452 2881 3648 2937 ἐλθὼν
3667 2884 3737 2947 ²¹,

2151 2974 2261 3041 τὰς
2299 2975 2369 3030 ἐκ
2408 2974 2529 3029 τῶν
2552 2977 2759 3045 μόθων
2802 2977 2849 3008 ’³
2871 2975 3272 3041 κακοπαθείας
3311 2972 3741 3043 ἐπιστάμενος,

2151 3066 2252 3120 καὶ
2303 3064 2560 3133 ἀκριϐῶς
2621 3063 2894 3132 ἅπαντας
2947 3064 3099 3135 ὁμοῦ
3151 3065 3250 3118 καὶ
3309 3065 3440 3119 καθ’
3489 3062 3598 3117 ἕνα
3653 3082 3743 3132 τι·

466 3161 635 3214 leritis
694 3161 791 3215 illo
843 3163 1128 3218 classicum
1179 3167 1302 3219 cani
1362 3166 1600 3236 jnbente.
1661 3167 1758 3221 illa
1817 3168 2048 3222 irruente

2153 3158 2424 3223 νώσκων,
2480 3159 2822 3229 Ἀρηΐφιλός
2860 3176 2925 3212 τε
2951 3157 3058 3224 ὢν,
3098 3157 3198 3213 καὶ
3229 3156 3370 3223 τοὺς
3419 3158 3746 3227 γενναίους

465 3258 606 3309 inter
664 3258 869 3326 primos
897 3299 912 3322 ,
986 3271 1038 3314 et
1096 3261 1389 3329 periculum
1465 3269 1881 3329 prceoccupante.
1938 3258 2050 3316 Scit

464 3358 714 3415 expertus
786 3350 912 3420 quid
975 3353 1046 3405 sit
1124 3351 1315 3420 labor;
1382 3369 1544 3423 quam
1631 3369 1788 3419 atque
1851 3369 2050 3408 merces

463 3438 538 3493 sit
598 3458 716 3510 qua:
783 3458 881 3511 pro
940 3444 1202 3512 sanguine
1278 3461 1341 3498 ac
1417 3445 1719 3499 uulneribus
1808 3444 2051 3499 redditur

464 3530 576 3602 59
671 3551 772 3589 usu
816 3576 822 3581 .
871 3536 1104 3590 wstimat
1213 3539 1448 3608 proprio.
1542 3536 1733 3592 Vestra
1826 3537 2048 3591 interest

463 3625 556 3694 qui
589 3626 813 3693 fortium
848 3629 992 3684 vobis
1025 3645 1244 3699 operum
1270 3631 1401 3685 estis
1427 3632 1627 3685 conscii
1656 3630 1794 3684 [ωηο
1816 3646 1931 3686 esse
1961 3647 2048 3685 ar-

464 3718 665 3773 bitrum
705 3737 905 3778 rerum.
951 3720 1115 3778 Novit
1158 3740 1413 3795 quemque
1442 3732 1673 3780 vestrum
1712 3724 1777 3777 de
1822 3725 1959 3794 facie
1997 3733 2047 3777 et

464 3812 531 3866 de
563 3817 814 3880 nomine;
839 3824 1082 3871 uersatus
1113 3816 1256 3871 inter
1279 3834 1368 3872 vos
1407 3818 1594 3893 tandiu
1630 3817 1758 3871 dum
1786 3819 2048 3872 exercitus

464 3905 674 3971 ducem,
701 3906 828 3959 dum
877 3923 1126 3977 magnum
1181 3907 1481 3964 Occidentis
1517 3909 1861 3963 domesticum
1898 3918 2046 3962 tanta

467 4009 699 4067 tempore
730 4001 863 4070 agit.
899 3997 1231 4067 Tantumque
1263 4000 1394 4054 salis
1436 4000 1698 4056 vobiscum
1725 4000 2044 4067 absumpsit,

462 4089 624 4157 plane
680 4102 870 4157 uester,
930 4092 1245 4155 commilito,
1323 4092 1756 4157 contubernalis,
1820 4092 2043 4157 sodalis,

465 4181 716 4237 alumnus
746 4186 837 4254 qui
864 4194 923 4237 ut
949 4201 1221 4255 nunquam
1261 4184 1315 4238 in
1352 4186 1543 4256 pugnis
1572 4202 1636 4239 ac
1666 4187 2045 4240 certaminibus

464 4272 576 4326 suis
617 4273 863 4329 membris
889 4291 1090 4345 suoque
1124 4277 1334 4345 corpori
1363 4278 1617 4343 pepercit,
1655 4279 1732 4330 ita
1770 4293 1860 4331 nec
1899 4292 2045 4343 prae-

462 4364 692 4417 miorum
719 4366 819 4418 erit
862 4382 1080 4426 avarus.
1115 4369 1309 4438 quippe
1335 4367 1556 4424 idoneus
1590 4371 1889 4424 azstimator
1934 4370 2045 4425 belo

463 4456 581 4511 lica:
604 4458 836 4523 virtutis,
876 4462 1031 4528 cujus
1080 4461 1188 4527 ipse
1234 4462 1394 4516 decus
1428 4462 1651 4531 deperit,
1697 4464 1773 4516 sic
1820 4473 2038 4526 natura,

460 4550 537 4603 sic
586 4549 923 4604 institutione
956 4569 1019 4605 ac
1055 4553 1237 4606 studio
1287 4555 1548 4625 formatus
1591 4565 1648 4609 ut
1695 4556 1829 4610 nihil
1868 4556 2038 4621 pluris

460 4656 622 4710 quam
679 4659 962 4712 generosos
1012 4657 1060 4699 et
1113 4656 1355 4700 strenuos
1412 4648 1607 4701 milites
1649 4649 1835 4714 faciat.
1887 4645 2040 4701 Talia

459 4731 627 4789 Daca:
680 4749 774 4802 per
825 4736 1133 4790 exercitum
1177 4739 1458 4794 serebant.
1511 4740 1581 4793 At
1632 4740 1862 4795 Alexius
1920 4740 2040 4809 ipse

462 4824 640 4890 palam
673 4825 884 4880 Isaatio
920 4825 1143 4883 favebat
1171 4847 1185 4883 :
1219 4815 1303 4883 vel
1329 4832 1414 4886 sui
1445 4830 1615 4885 oblita
1667 4831 1871 4900 pietate
1921 4846 2040 4884 ma-

460 4913 569 4981 jori
628 4914 784 4968 fratri
847 4916 1058 4985 primas
1111 4917 1339 4974 honoris
1387 4919 1688 4975 deferens:
1726 4919 1833 4984 vel,
1891 4918 2038 4988 quod

461 5005 650 5060 verius
684 5007 834 5061 dictu
883 5017 989 5074 cst,
1025 5011 1261 5079 cognitis
1312 5012 1585 5067 exercitus
1637 5011 1692 5065 in
1742 5026 1801 5066 se
1844 5012 2042 5066 studiis

461 5097 745 5167 petitionis
778 5116 894 5156 sua:
916 5111 1128 5167 certus,
1163 5103 1463 5158 fraternam
1507 5103 1779 5172 repulsam
1815 5104 2042 5158 simula-

462 5185 614 5238 tione
645 5186 874 5239 cedendi
910 5188 1231 5255 consolans,
1257 5190 1601 5245 humanitate
1633 5191 1769 5244 nihil
1805 5191 1907 5244 sibi
1943 5206 2043 5243 no-

464 5274 669 5327 citura.
719 5274 773 5327 lu
800 5273 904 5340 ,his
937 5277 1219 5331 terebatur
1248 5288 1465 5347 tempus
1520 5278 1699 5346 quoad
1745 5279 2042 5348 aliquando

463 5364 695 5419 collecta
730 5365 877 5420 circa
906 5367 1322 5423 tabernaculum
1352 5369 1578 5423 militari
1611 5370 1877 5425 concione
1914 5372 2040 5425 uni-

464 5468 649 5519 versa,
705 5458 996 5526 suspensis
1027 5459 1287 5514 omnibus
1331 5469 1387 5512 et
1418 5475 1517 5530 pro
1562 5477 1662 5515 sua
1710 5478 2043 5533 unoquoque

467 5559 562 5611 spe
592 5555 717 5599 Vuta
772 5545 1135 5613 facientibus,
1189 5563 1497 5618 exsurgens
1544 5548 1783 5603 lsaacius
1833 5566 2040 5619 purpu-

2153 3249 2273 3305 τῶν
2302 3252 2680 3320 στρατιωτῶν
2707 3252 2934 3322 ἐξόχως
2963 3250 3187 3308 ποθῶν.
3239 3249 3399 3303 Ἀλλὰ
3429 3249 3601 3302 ταῦτα
3634 3248 3746 3316 μὲν

2150 3346 2200 3398 oi
2227 3344 2453 3399 Δοῦκαι.
2491 3345 2550 3398 Ὅ
2579 3344 2635 3398 δέ
2659 3361 2723 3414 γε
2767 3343 3004 3411 Ἀλέξιος
3037 3343 3241 3414 πολλῆς
3261 3344 3428 3413 τιμῆς
3455 3342 3609 3412 ἠξίου
3643 3341 3747 3394 τὸν

2164 3438 2455 3505 Ἰσαάκιον,
2478 3440 2536 3491 ὲν
2556 3440 2721 3492 πᾶσιν
2744 3438 2911 3492 αὑτὸν
2943 3437 3384 3508 προτιμώμενος,
3418 3436 3527 3488 εἴτε
3553 3432 3645 3488 διᾶ
3682 3432 3748 3487 τδ

2152 3530 2374 3601 φίλτρον
2396 3530 2496 3600 τῆς
2519 3529 2902 3601 ἀδελφότητος,
2922 3528 2956 3597 ἢ
2976 3529 3069 3582 καὶ
3091 3527 3313 3599 μᾶλλον,
3333 3525 3360 3579 δ
3376 3529 3469 3580 καὶ
3491 3525 3745 3586 λεκτέον,

2149 3623 2340 3693 ἐπειδὴ
2364 3622 2397 3693 ἡ
2429 3623 2527 3693 μὲν
2553 3623 2784 3693 στρατιά
2807 3621 3069 3692 ξύμπασα
3082 3619 3222 3688 πρὸς
3241 3619 3432 3674 τοῦτον
3461 3618 3743 3688 ξυνέρῤει,

2148 3716 2245 3769 καὶ
2288 3715 2387 3785 τὴν
2427 3714 2593 3769 αὑτοῦ
2640 3712 2923 3785 βασιλείαν
2962 3711 3318 3778 κατέσπευδε,
3362 3712 3500 3780 πρδς
3540 3708 3598 3762 δὲ
3641 3709 3749 3762 τὸν

2160 3805 2435 3859 Ἰσαάκιον
2451 3806 2562 3858 οὐδ’
2586 3805 2895 3859 ὁπωστιοῦν
2934 3805 3325 3875 ἐπεστρέφετο,
3355 3802 3494 3874 ἔχων
3522 3799 3747 3854 ἐκεῖθεν

2148 3897 2208 3950 τὸ
2254 3896 2457 3968 κράτος
2515 3899 2609 3949 καὶ
2656 3896 2757 3968 τὴν
2798 3897 2954 3966 ἰσχὺν
3017 3896 3110 3949 καὶ
3138 3896 3260 3948 κατ’
3306 3892 3530 3950 ἐλπίδας
3583 3888 3747 3961 αύτῷ

2149 3990 2210 4043 τὸ
2258 3991 2495 4062 πρᾶγμα
2527 3989 2815 4060 γινόμενον
2855 3988 2998 4058 ὀρῶν
3029 3985 3404 4058 παρεμυθεῖτο
3438 3985 3528 4038 τὸν
3576 3982 3748 4037 ἁδελ-

2148 4082 2247 4150 φὸν
2273 4084 2337 4152 τῇ
2367 4082 2505 4152 πρὸς
2537 4082 2635 4153 τὴν
2667 4081 2947 4152 βασιλείαν
2977 4080 3307 4148 ύποποιήσει
3331 4118 3346 4142 ,
3383 4077 3615 4148 πρᾶγμα
3642 4076 3748 4129 οὐ-

2145 4173 2232 4227 δὲν
2261 4175 2325 4227 ὲκ
2346 4174 2554 4227 τούτων
2578 4176 2805 4245 πάσχων
2831 4173 3152 4243 ἀϐούλητον·
3182 4174 3231 4225 εί
3261 4171 3424 4232 αὐτὸς
3450 4170 3550 4238 μὲν
3581 4172 3747 4240 παρά

2145 4267 2242 4336 τῆς
2264 4268 2525 4337 στρατιᾶς
2562 4266 2781 4335 ἀπάσης
2824 4267 2904 4328 εἰς
2942 4266 3070 4330 τοὺς
3110 4264 3497 4333 ὑπερηφάνους
3535 4260 3746 4326 ἄξονας

2143 4359 2538 4431 ἀναρπάζοιτο,
2560 4361 2585 4412 ὁ
2602 4359 2658 4412 δὲ
2681 4359 2864 4428 λόγοις
2891 4357 3172 4411 ύποσαίνοι
3206 4356 3251 4387 ⁸⁸
3274 4354 3363 4407 τὸν
3388 4352 3613 4421 ἀδελφὸν
3638 4353 3747 4405 καὶ

2145 4453 2448 4523 πρόσχημα
2474 4454 2680 4506 ποιοῖτο
2707 4451 2807 4522 τὴν
2824 4451 2920 4504 τοῦ
2947 4449 3372 4523 κράτουςδῆθεν
3394 4446 3740 4517 ἐκχώρησιν.

2073 4545 2116 4598 D
2148 4545 2254 4600 Ἱόὓ
2305 4544 2500 4616 καιροῦ
2559 4544 2693 4613 γοῦν
2747 4544 2891 4599 οὕτω
2938 4544 3264 4614 τριϐομένου
3313 4539 3623 4594 συνείλεκτο
3671 4538 3746 4591 τὸ

2149 4638 2427 4690 ὁπλιτικὸν
2481 4636 2628 4691 ἅπαν
2671 4638 2799 4706 περὶ
2844 4635 2941 4707 τὴν
2994 4635 3205 4706 σκηνὴν
3238 4633 3504 4703 μετέωροι
3550 4630 3742 4696 ὄντες,

2152 4730 2244 4783 καὶ
2274 4731 2373 4798 τὴν
2401 4728 2538 4782 ἰδίαν
2570 4728 2803 4793 ἕκαστος
2828 4728 3125 4796 ἐπιθυμίαν
3156 4727 3445 4797 εὐχόμενος
3473 4721 3745 4793 τελεσοῆ-

2154 4841 2264 4878 ναι.
2311 4822 2578 4886 Ἀναστὰς
2604 4822 2661 4876 δὲ
2695 4825 2725 4876 ὁ
2771 4823 3043 4886 Ἰσαάκιος
3069 4823 3166 4876 καὶ
3192 4819 3377 4873 λαϐὼν
3404 4818 3465 4872 τὸ
3499 4834 3752 4887 φοινικο-

2149 4915 2321 4986 ϐαφὲς
2362 4915 2600 4980 πέδιλον,
2624 4914 2997 4967 ὑποδιδύσκειν
3025 4914 3128 4982 {etv
3172 4912 3401 4982 ἀδελφὸν
3442 4910 3747 4976 ἐπειρᾶτο.

2158 5010 2245 5070 Ὠς
2269 5009 2325 5062 δὲ
2343 5010 2551 5071 ἐκεῖνος
2576 5007 2834 5068 πολλάκις
2859 5006 3133 5065 ἀνένευεν,
3159 5007 3290 5068 Ἔα,
3324 5004 3511 5073 φησὶν,
3531 5005 3565 5055 ὀ
3587 5002 3748 5067 Θεὸς

2147 5099 2246 5153 διιὶ
2276 5116 2393 5154 σου
2423 5100 2489 5153 τὸ
2515 5098 2692 5167 γένος
2720 5096 2888 5169 ὑμῶν
2901 5099 3394 5152 ἀνακαλέσασθαι
3417 5095 3746 5161 βούλεται,

2146 5188 2464 5259 ἀναμνήσας
2506 5188 2599 5241 καὶ
2625 5181 2699 5241 ὧν
2740 5191 2769 5240 ὁ
2799 5187 2987 5257 φανείς
3037 5205 3169 5240 ποτε
3222 5187 3453 5257 περίπου
3485 5186 3551 5238 τὰ
3581 5185 3746 5253 Καρ-

2150 5280 2361 5332 πιανῶν
2392 5283 2437 5314 ’⁵
2469 5280 2741 5349 λεγόμενα
2782 5282 2847 5333 ἐκ
2874 5280 2980 5335 τῶν
3021 5279 3306 5350 βασιλείων
3338 5278 3520 5331 οἶκαδε
3553 5278 3745 5344 ἀπερ-

2151 5371 2397 5440 χομένων
2437 5371 2762 5441 ἀμφοτέρων
2792 5368 2899 5421 τῶν
2927 5367 3194 5437 ἀδελφῶν,
3226 5366 3363 5433 πρὸς
3401 5364 3566 5417 αὐτὸν
3590 5365 3743 5416 ἀπε-

2151 5460 2431 5530 φοίϐασεν.
2482 5462 2689 5513 Ἑκεῖσε
2725 5462 2834 5531 γὰρ
2866 5458 3183 5529 γενομένοις
3218 5458 3359 5528 ἀνήρ
3399 5473 3483 5519 τις
3517 5453 3745 5516 τούτοις

2150 5550 2480 5620 ἀπηντηκὼς
2510 5550 2554 5581 ’⁸
2585 5550 2713 5616 (εἴτε
2742 5550 2852 5602 τῶν
2886 5548 3210 5619 κρειττόνων
3239 5563 3323 5610 τις
3355 5545 3450 5612 ὣν,
3485 5544 3518 5615 ἦ
3554 5543 3746 5607 ἄλλως

1526 5663 1728 5727 Varia)
1757 5664 2062 5729 lectiones
2094 5683 2173 5729 ex
2224 5665 2365 5727 cod.
2413 5664 2671 5728 Coislin.

540 5761 586 5791 '°
618 5763 1026 5831 ’τεχναζύμενοι.

527 5767 586 5840 ,³ο
618 5767 1026 5831 τεχναζὸμενοι.
1101 5769 1141 5798 ²¹
1189 5767 1523 5836 φειδόμενος.

472 5842 603 5890 κως.

1602 5768 1647 5798 ’²
1678 5766 1923 5823 διελθών.
2001 5770 2048 5802 ’³
2080 5768 2320 5841 μόχθων.
2397 5770 2443 5801 ¹¹⁶
2480 5768 2786 5823 ὑποσαίνει.

2866 5771 2910 5802 ’⁸
2958 5769 3303 5839 Καρπιανοῦ.
3386 5770 3432 5800 ²⁶
3477 5764 3742 5836 ύπηντη-
