4050 6472
414 406 522 469 227

1747 389 1973 452 ANNIE
2014 384 2399 449 (ΣΟΜΝΕΝίΕ

3584 371 3693 435 228

419 528 726 590 ιιιοιιιιιιιε,
759 512 1007 566 eminens
1039 523 1205 581 supra
1243 505 1550 576 planitiem,
1580 515 1742 573 atque
1770 502 2000 555 inferius

2126 496 2214 559 ρὼς
2237 495 2378 548 κατά
2406 492 2505 561 τὴν
2535 493 2753 563 ἡμέραν
2784 489 2935 560 ὃλην,
2972 486 3072 557 τῆς
3097 482 3291 545 νυκτὸς
3322 481 3398 553 μὴ
3427 480 3696 536 δύνασθαι

413 608 609 678 positis
635 604 791 659 collis
818 602 1049 671 speciem
1080 607 1388 661 ostentans,
1428 597 1797 652 Iaterealtero
1827 608 1998 655 mare.

425 702 598 752 altero
648 698 841 750 urbem
888 692 1333 764 prospertantis;
1394 688 1609 745 caeteris
1662 687 1878 740 duobus
1931 686 1997 738 ad

420 787 850 857 septentrionem
883 791 1044 851 atque
1074 780 1416 835 occidentem
1447 779 1641 834 versis:
1667 779 1812 830 omni
1843 786 2004 829 vento

419 878 752 949 perflabilis,
780 874 1017 943 limpida:
1050 888 1112 925 ac
1150 871 1401 939 potabilis
1424 884 1577 936 aquae
1612 882 1883 938 perennes
1907 867 2005 918 ha-

419 973 558 1025 bens
587 968 970 1037 scaturigines,
1002 966 1309 1034 plantarum
1337 971 1522 1017 tamen
1547 975 1716 1031 atque
1737 963 1999 1015 arborum

420 1063 526 1133 61
573 1061 709 1115 adeo
735 1058 923 1115 sterile
958 1064 1017 1109 ut
1049 1054 1243 1109 sedulo
1285 1070 1314 1107 a
1345 1053 1709 1122 lignatoribus
1742 1050 2005 1105 dcc-alva-

423 1163 536 1206 tum
563 1150 782 1204 credas.
815 1149 917 1201 Hic
940 1147 1070 1201 olim
1113 1147 1410 1215 imperator
1430 1143 1716 1199 Romanus
1737 1141 2005 1213 Diogenes

422 1243 802 1298 amoenitatem
843 1247 1169 1307 prospectus
1198 1245 1252 1292 et
1287 1238 1414 1293 σαιιί
1443 1237 1659 1307 solique
1708 1237 2003 1291 salubrita-

422 1346 529 1390 tem
559 1341 805 1394 secutus,
856 1333 924 1387 ad
960 1347 1148 1386 rarum
1198 1346 1359 1387 usum
1396 1329 1775 1384 rusticationis
1806 1328 2006 1383 subur-

422 1426 579 1480 bana:
632 1424 828 1480 domos
884 1423 1199 1494 splendidas
1270 1432 1324 1478 et
1376 1423 1720 1492 excipiendis
1778 1422 2003 1492 regibus

422 1533 584 1587 pares
649 1516 1006 1572 aediﬁcandas
1060 1521 1367 1570 curaverat.
1423 1514 1482 1568 In
1543 1515 1608 1570 iis
1664 1516 2007 1569 diversantes

422 1605 688 1660 Cutuneni
721 1619 846 1659 cum
877 1606 1094 1660 caeteris
1127 1605 1363 1659 ducibus
1408 1604 1700 1658 mittebant
1733 1606 1826 1673 qui
1885 1613 2007 1657 ten-

428 1706 608 1750 tarent
639 1711 827 1751 muros
867 1696 1046 1763 urbis,
1075 1712 1186 1750 non
1224 1695 1495 1750 machinis
1527 1705 1622 1748 aut
1649 1695 1863 1749 balistis
1897 1706 2007 1749 tor—

2107 586 2330 658 γραιρὴν
2364 584 2704 650 ξυντελέσαι,
2744 582 2874 636 ἄλλο
2900 596 2959 631 τε
3020 578 3066 631 δ’
3092 578 3176 630 ὅτι
3213 575 3282 629 τὰ
3317 574 3691 644 γεγραμμένα

2105 679 2301 741 νυκιός
2333 677 2575 747 σπινθὴρ
2604 673 2860 746 ἐμπεσὼν
2892 671 3279 740 ἀπετέφρωσε.
3323 665 3568 720 Τοιαῦτα
3598 665 3700 719 καὶ

2106 771 2244 825 ἄλλα
2274 787 2333 822 τε
2360 772 2387 822 ὁ
2412 768 2725 835 Βίαγκάνης
2753 762 3233 835 προφασιζόμενος
3264 754 3489 813 καίοἷον
3552 773 3701 827 μαγ-

2106 861 2471 932 γανευόμενος
2499 859 2628 912 ἄλλο
2686 874 2745 909 τε
2780 856 2956 918 ἄλλως
2995 852 3370 943 ὑπερετίθετο.
3416 849 3701 916 ’Λπάραν-

2106 972 2202 1018 τες
2233 955 2277 1008 δ’
2307 952 2520 1007 ἐκεῖθεν
2553 951 2604 1003 oi
2647 949 2952 1019 Κομνηνοὶ,
3007 939 3499 1012 καταλαμϐάνουσι
3554 939 3698 1010 ταχὺ

2104 1049 2201 1109 τὰς
2234 1046 2533 1116 λεγομένας
2582 1043 2830 1112 Ἀρετᾶς.
2856 1040 3032 1100 Τόπος
3062 1037 3121 1089 δὲ
3151 1031 3305 1097 οὗτος
3367 1032 3538 1104 ἀγχοῦ
3592 1033 3701 1102 τῆς

2108 1140 2317 1204 πόλεως
2347 1136 2697 1205 διακείμενος
2730 1132 3132 1202 ὑπερκείμενος
3167 1128 3266 1199 μὲν
3316 1127 3416 1197 τῆς
3449 1125 3704 1188 πεδιάδος

2107 1234 2204 1285 καὶ
2232 1235 2345 1294 τοῖς
2375 1228 2622 1285 κάτωθεν
2656 1227 2970 1296 ἱσταμένοις
2992 1225 3086 1277 καὶ
3126 1223 3263 1293 πρὸς
3292 1220 3482 1275 τοῦτον
3500 1220 3706 1289 ὁρῶσιν

2108 1330 2189 1390 είς
2224 1326 2417 1395 λοφιὰν
2444 1321 2885 1391 ἀνατεινόμενος,
2922 1318 3019 1370 καὶ
3046 1316 3146 1386 τὴν
3172 1316 3371 1383 ἑτέραν
3398 1311 3497 1383 μὲν
3532 1309 3707 1363 πλευ-

2111 1421 2209 1492 ρὰν
2238 1417 2373 1488 πρῖς
2410 1416 2688 1469 Θάλατταν
2717 1410 3030 1473 ἀπονεύων,
3065 1406 3210 1461 κατὰ
3242 1405 3296 1458 δὲ
3352 1404 3450 1473 τὴν
3499 1402 3705 1472 ἑτέραν

2110 1490 2246 1580 πρὸς
2267 1511 2325 1564 τὺ
2351 1507 2673 1572 Βυζάντιον,
2706 1507 2829 1566 ταῖς
2870 1502 2930 1556 δέ
2979 1518 3045 1568 γε
3092 1499 3311 1559 λοιπαῖς
3381 1495 3505 1548 δυσὶ
3561 1490 3709 1559 πρὸς

2109 1603 2314 1673 ἄρκτον
2344 1603 2439 1654 καὶ
2464 1602 2645 1657 δύσιν.
2678 1597 2841 1650 παντὶ
2864 1596 3052 1665 ἀνέμῳ
3072 1589 3542 1658 καταπνεόμενος,
3571 1586 3711 1638 διει-

2107 1695 2195 1757 δὲς
2257 1694 2314 1749 δὲ
2369 1692 2513 1763 ὕδωρ
2570 1697 2668 1744 καὶ
2709 1690 2940 1758 πότιμον
3002 1687 3144 1756 ἔχων
3190 1683 3314 1755 ρέον
3361 1681 3471 1745 ἀεὶ,
3514 1676 3711 1748 φυτῶν

429 1788 699 1843 mentisve
751 1789 872 1855 ejus
924 1787 1167 1858 generis,
1204 1803 1435 1856 quarum
1491 1804 1671 1843 rerum
1715 1803 1816 1843 nec
1851 1790 2004 1858 copia

2126 1791 2166 1843 is
2217 1789 2317 1843 καὶ
2362 1787 2600 1856 δένδρων
2649 1785 3005 1840 παντάπασιν
3060 1779 3309 1851 ἀμοιρῶν
3332 1793 3347 1809 ’
3416 1774 3574 1837 εἶπες
3638 1773 3712 1826 ἂν

429 1894 530 1933 nec
561 1887 778 1948 tcmpus
804 1878 1017 1945 aderat,
1047 1878 1142 1933 sed
1167 1879 1580 1934 velitationibus
1609 1880 2006 1948 iaculatorum,

428 1970 911 2036 ostentatéoieque
930 1967 1274 2021 hastatorum
1304 1978 1358 2022 ct
1387 1969 1866 2038 cataphractorum
1903 1970 2008 2023 mi-

429 2060 584 2114 litum
621 2059 778 2128 quasi
815 2060 884 2114 ad
921 2057 1206 2114 terrendos
1236 2068 1668 2130 propugnantes.

2116 1883 2223 1935 ὖπό
2252 1899 2419 1935 τινων
2445 1880 2736 1950 δρυτόμων
2773 1874 3326 1946 ὲκπεφαλακρῶσθαι
3358 1870 3457 1923 τὸν
3508 1868 3705 1936 λόφον.

2116 1974 2217 2025 Διά
2247 1971 2379 2040 γοῦν
2406 1971 2468 2025 τὸ
2524 1973 2694 2023 τόπου
2748 1967 3047 2038 ἐπιτερπὲς
3094 1966 3188 2019 καὶ
3271 1963 3540 2032 εὔκρατον
3610 1958 3714 2010 καὶ

2127 2064 2410 2134 Ῥωμανος
2436 2065 2463 2116 ὁ
2495 2065 2754 2134 Διογένης
2780 2063 2808 2115 ὀ
2863 2060 3246 2130 αὐτοκράτωρ,
3276 2052 3557 2127 ῥᾳστώνης
3621 2067 3717 2121 μι-

428 2155 569 2220 κρᾶς
634 2155 796 2224 χάριν
855 2154 1137 2224 οἰκήματα
1193 2154 1429 2224 λαμπρὰ
1500 2155 1596 2208 καὶ
1678 2156 2008 2227 ἀποχρῶντα
2058 2157 2373 2228 βασιλεῦσιν
2433 2160 2719 2227 ἀνέγειρεν
2771 2159 2839 2211 ⁸³.
2903 2155 3119 2208 Ἐκείσε
3187 2151 3369 2204 τοίνυν
3419 2145 3718 2216 γενόμενοι

430 2244 752 2312 πέμποντες
823 2246 1211 2318 ἀπεπειρῶντο
1277 2246 1372 2300 τοῦ
1443 2246 1663 2315 τείχους
1733 2248 1796 2299 ού
1859 2246 1928 2299 δι’
1971 2248 2272 2306 ἑλεπόλεων
2303 2252 2334 2323 ἢ
2371 2251 2631 2323 μηχανῶν
2663 2247 3066 2321 ἧπετροῦόλων
3097 2245 3205 2299 τῶν
3255 2242 3531 2315 ὀργάνων,
3581 2238 3720 2292 ἐπεὶ

429 2343 555 2415 μηδ’
586 2344 612 2396 ὁ
646 2343 839 2414 καιρὸς
856 2343 1050 2408 ἐδίδου,
1074 2343 1210 2396 ἀλλὰ
1236 2341 1325 2396 διὰ
1354 2340 1702 2402 πελταστῶν.
1763 2344 1856 2395 καὶ
1918 2344 2197 2415 ἑκηῦόλων
2219 2353 2313 2403 καὶ
2336 2350 2657 2419 δορυφόρων
2688 2352 2782 2401 καὶ
2816 2325 3224 2416 gntae-piscsz
3248 2340 3481 2412 ἀνδρῶν.

502 2435 646 2491 Sane
695 2450 807 2490 non
859 2448 1050 2504 parum
1106 2434 1341 2489 territus
1394 2432 1510 2502 ipse
1542 2431 1858 2488 Botauiates
1886 2446 2012 2502 est;

425 2529 523 2599 qui
554 2529 682 2583 hinc
719 2526 1038 2583 Comnenos
1070 2527 1138 2581 ad
1171 2535 1361 2596 portas
1398 2541 1528 2579 cum
1565 2540 1868 2579 numeroso
1894 2541 2016 2581 om-

427 2621 515 2677 nis
542 2619 760 2691 generis
782 2620 1053 2687 exercitu,
1084 2619 1238 2676 illinc
1254 2618 1615 2676 Melissenum
1640 2615 2015 2688 Nicephorum

428 2714 499 2770 ad
530 2712 799 2769 Damalim
827 2726 1184 2781 progressum
1207 2726 1334 2766 cum
1363 2712 1541 2782 copiis
1562 2726 1672 2766 non
1705 2709 2018 2767 minoribus

429 2806 666 2877 parique
699 2805 990 2874 proposito
1032 2795 1383 2874 principatus
1432 2805 1722 2860 invadendi
1755 2817 2017 2872 cernens,

436 2895 663 2964 ancipiti
699 2895 1116 2950 circumventus
1149 2895 1315 2962 malo,
1355 2911 1481 2951 cum
1517 2896 1651 2967 quid
1687 2898 1888 2968 cuique
1919 2914 2019 2968 op-

431 2994 665 3058 poneret
693 3000 808 3041 non
834 2986 972 3042 satis
997 3002 1091 3057 su;
1112 2995 1341 3055 peteret,
1375 3002 1569 3057 parum
1602 2988 1741 3044 bene
1763 2989 2022 3058 sperabat

431 3079 501 3134 de
534 3092 748 3133 summa
785 3093 994 3145 rerum,
1026 3093 1130 3132 nec
1162 3079 1497 3134 abhorrebat
1524 3095 1554 3134 a
1586 3081 1836 3137 consiliis
1868 3080 2024 3135 abdio

434 3168 625 3224 cauda:
663 3170 957 3240 potestatis
989 3185 1221 3225 summae
1267 3186 1282 3225 :
1316 3171 1528 3227 scilicet
1552 3171 1668 3242 jam
1697 3171 1904 3238 senior,
1957 3185 2023 3226 ac

437 3262 672 3316 multum
706 3272 951 3317 mutatus
989 3260 1059 3316 ab
1090 3261 1184 3317 illo
1212 3262 1305 3332 qui
1349 3263 1482 3317 olim
1539 3263 1878 3318 fortissimus
1904 3278 2020 3318 ιιιιό
2050 3244 2093 3300 C

436 3351 668 3407 ﬂorente
754 3366 1034 3421 nunquam
1115 3366 1242 3421 spes
1322 3368 1452 3407 suas
1539 3352 2021 3408 circumscriberet

431 3445 612 3499 muris
651 3452 825 3514 atque
864 3444 1075 3498 ambitu
1106 3444 1371 3510 civitatis,
1424 3445 1533 3501 nisi
1576 3445 1821 3516 vigorem
1865 3446 2017 3500 illum

434 3532 610 3604 frigus
641 3534 823 3590 aetatis
874 3535 1212 3591 hebetasset.
1251 3534 1710 3608 Propagatusque
1760 3537 1817 3591 in
1872 3537 2022 3592 cives

435 3636 524 3680 est
561 3627 667 3683 iste
700 3642 815 3682 non
879 3628 1015 3684 satis
1073 3628 1462 3683 dissimulatus
1518 3629 1785 3700 principis
1833 3629 2017 3696 timor,

434 3729 590 3776 tanta
620 3721 784 3792 vulgo
827 3723 1278 3777 consternatione
1329 3733 1390 3776 ut
1438 3723 1645 3792 passim
1700 3723 1870 3778 nullis
1906 3724 2019 3791 jam

436 3810 841 3867 munitionibus
884 3810 1186 3878 fideretur;
1224 3821 1284 3868 et
1321 3817 1513 3882 pervia
1543 3816 1785 3883 undique
1838 3815 2024 3869 omnia

437 3901 694 3957 hostibus
737 3900 922 3956 futura
965 3915 1113 3956 metu
1169 3903 1430 3957 turbante
1487 3906 1738 3972 persuasi
1777 3905 2022 3974 plurimi,

437 3992 766 4048 defensandi
819 4006 1010 4046 curam
1066 3993 1367 4047 immaturo
1409 3993 1564 4047 luctu
1614 4003 1917 4049 mutarent.
1955 3995 2026 4046 At

440 4081 734 4145 Comneni,
773 4081 1077 4151 praesertim
1111 4096 1288 4138 novus
1312 4081 1620 4151 Augustus,
1646 4082 2022 4141 diﬂicultatem

440 4173 721 4245 capiendae
759 4172 1001 4228 civitatis
1036 4183 1149 4227 tum
1181 4189 1247 4230 ex
1268 4172 1347 4229 rei
1379 4174 1781 4245 magnitudine,
1815 4184 1932 4232 tum
1955 4193 2023 4233 ex

440 4281 642 4337 genere
671 4264 1021 4320 tumultuarii
1061 4266 1360 4333 exercitus,
1394 4282 1505 4336 quo
1535 4267 1847 4334 utebantur,
1891 4285 2027 4339 par-

442 4359 540 4415 tim
577 4373 643 4412 οι
681 4358 977 4428 indigenis,
1031 4359 1230 4429 partim
1273 4375 1341 4414 ex
1383 4360 1728 4433 alienigenis,
1777 4362 2022 4417 nondum

441 4451 497 4506 in
561 4459 767 4506 tantam
833 4451 1257 4507 consensionem
1312 4452 1495 4506 coaliti
1550 4462 1610 4507 ut
1659 4470 1767 4508 non
1827 4456 2024 4511 levitas

2210 2442 2267 2493 '0
2285 2443 2341 2494 δέ
2373 2458 2435 2511 γε
2459 2442 2823 2511 Βοτανειάτης
2850 2441 2948 2510 τὴν
2975 2440 3086 2493 τῶν
3118 2436 3423 2507 Κομνηνῶν
3453 2433 3722 2506 τοιαύτην

2128 2540 2477 2609 ἐπιχείρησιν
2509 2537 2653 2607 ὁρῶν
2679 2532 3000 2605 πολυπληθῆ
3055 2550 3114 2586 τε
3166 2516 3278 2585 καὶ)
3305 2534 3367 2583 ἐκ
3428 2528 3719 2583 παντοίων

2130 2626 2557 2696 συνειλεγμένην
2600 2626 2832 2697 ἀνδρῶν,
2867 2627 2959 2679 καὶ
3008 2624 3148 2694 πρὸς
3190 2626 3311 2685 ταῖς
3363 2621 3564 2685 πύλαις
3610 2620 3719 2690 τῆς

2128 2720 2340 2782 πόλεως
2381 2720 2754 2789 ἐπειγομένην
2784 2720 2831 2752 ⁸⁸
2871 2718 2973 2789 ήδη
3026 2718 3270 2786 ἐγγίσαι,
3303 2715 3396 2768 τον
3428 2713 3485 2766 δέ
3517 2730 3583 2780 γε
3604 2714 3721 2767 Με-

2126 2811 2384 2882 λισσηνὺν
2435 2812 2754 2883 Νικηφόρον
2806 2813 2936 2883 περὶ
2981 2812 3083 2881 τὴν
3128 2810 3375 2878 Δάμαλιν
3421 2808 3712 2875 φθάσαντα

2126 2904 2227 2973 οὐχ
2255 2904 2404 2973 ἥττω
2429 2902 2636 2957 τούτων
2674 2902 2904 2971 δύναμιν
2933 2901 3127 2971 ἔχοντα
3159 2901 3253 2953 καὶ
3284 2899 3385 2968 τῆς
3425 2898 3714 2968 βασιλείας

2127 2996 2391 3059 ὡσαύτως
2422 2995 2892 3064 ἀντιποιούμενον,
2918 2993 2993 3065 μὴ
3023 2994 3163 3063 ἔχων
3190 2993 3220 3045 ὅ
3253 3009 3305 3043 τι
3344 2993 3436 3044 καὶ
3468 2992 3718 3060 δράσειε,

2133 3092 2258 3162 μηδ’
2309 3091 2803 3159 ἀντιπαλαμᾶσθαι
2868 3088 3170 3159 δυνάμενος
3238 3089 3374 3158 πρὸς
3431 3087 3598 3157 ἄμφω
3649 3087 3726 3140 τὰ

2136 3185 2302 3254 μέρη,
2336 3183 2442 3237 ὑπὸ
2469 3183 2563 3237 τοῦ
2586 3184 2775 3252 γήρως
2828 3182 3145 3254 ὑπόψυχρός
3182 3199 3241 3236 τε
3270 3180 3347 3234 ὢν
3390 3181 3481 3233 καὶ
3513 3178 3727 3246 μᾶλλον

2128 3278 2407 3350 περιδεὴς,
2428 3276 2530 3329 κᾶν
2561 3278 2618 3328 ὲν
2644 3276 2860 3344 νεότητι
2895 3276 3299 3345 ἀνδρικώτατος
3333 3271 3420 3344 ἦν,
3455 3272 3723 3327 τοσοῦτον

2129 3371 2250 3424 τότε
2294 3369 2456 3439 μόνον
2513 3370 2772 3432 ἀπέπνει,
2809 3368 3007 3421 ὁπόσον
3061 3368 3222 3422 αὐτὸν
3275 3369 3308 3438 ἡ
3361 3367 3456 3419 τοῦ
3496 3366 3726 3435 τείχους

2127 3462 2390 3533 περιϐολὴ
2422 3461 2732 3525 διεζιῖιννυε,
2784 3463 2878 3513 καὶ
2910 3459 3270 3512 ἅπενενεύκει
3320 3459 3521 3528 μᾶλλον
3574 3461 3724 3528 προς

2126 3554 2186 3609 τὸ
2211 3553 2312 3615 τῗς
2345 3551 2624 3621 βασιλείας
2655 3553 2939 3620 ἐκπτῆναι.
2986 3550 3180 3601 Ἔνθεν
3206 3566 3287 3600 τοι
3316 3550 3408 3600 καὶ
3443 3548 3724 3618 ἔκπληξις

2131 3648 2354 3715 κατεὶχε
2392 3644 2483 3697 καὶ
2522 3644 2750 3713 θόρυϐος
2782 3642 3052 3705 ἅπαντας,
3089 3643 3185 3694 καὶ
3228 3640 3481 3709 ἁλώσιμα
3531 3642 3725 3695 πάντα

2127 3738 2305 3790 ἐδόκει
2325 3735 2656 3806 γενήσεσθαι
2694 3735 2982 3788 πάντοθεν.
3033 3733 3119 3796 Ὠς
3145 3735 3201 3788 δὲ
3233 3734 3505 3805 δυσχερὴς
3538 3735 3569 3804 ή
3610 3736 3723 3804 τῆς

2132 3828 2343 3891 πόλεως
2371 3828 2573 3890 ἅλωσις
2623 3829 2737 3890 τοῖς
2796 3827 3106 3897 Κομνηνοῐς
3140 3829 3501 3894 κατεφαίνετο
3545 3829 3623 3898 (αἱ
3671 3829 3731 3881 δὲ

2130 3922 2393 3990 δυνάμεις
2448 3922 2513 3973 ὲκ
2569 3920 2844 3990 διαφόρων
2906 3919 3138 3985 ξενικῶν
3194 3937 3253 3971 τε
3306 3921 3396 3971 καὶ
3430 3919 3729 3990 ἐγχωρίων

2132 4011 2483 4081 συνελέγοντο
2505 4028 2519 4042 ⁸
2551 4012 2686 4064 ὅπου
2725 4012 2782 4064 δὲ
2824 4012 3036 4081 πληθὺς
3065 4011 3349 4081 διάφορος,
3381 4012 3497 4063 ἐκεῖ
3535 4012 3629 4063 καὶ
3664 4010 3732 4064 τὸ

2130 4108 2231 4175 τῆς
2258 4103 2488 4173 γνώμης
2531 4102 2793 4171 διάφορον
2828 4103 3272 4169 καταξαίνεται),
3312 4104 3527 4170 βλέπων
3574 4105 3602 4155 ὁ
3660 4104 3730 4156 τὸ

2131 4198 2250 4251 νέον
2275 4195 2575 4258 ἐνδεδυκὼς
2609 4195 2827 4248 πέδιλον
2859 4194 3100 4259 Ἀλέξιος
3148 4194 3206 4247 τὺ
3256 4194 3570 4247 δυσάλωτον
3614 4194 3725 4264 τῆς

2132 4290 2340 4353 πόλεως
2367 4288 2460 4342 καὶ
2503 4289 2563 4343 τὸ
2602 4287 2710 4341 τῶν
2760 4287 3114 4357 στρατιωτῶν
3146 4285 3484 4355 παλίμόολον
3527 4286 3732 4338 ὑποτοο

2134 4383 2345 4447 πάζων,
2375 4384 2456 4445 είς
2506 4382 2703 4451 ἑτέραν
2736 4381 3005 4449 ἐτράπετο
3038 4379 3289 4447 γνώμην,
3329 4380 3417 4432 ἵνα
3453 4378 3729 4441 θωπείαις

2132 4479 2244 4528 τισὶ
2305 4478 2401 4529 καὶ
2456 4473 2816 4542 ὑποσχέσεσιν
2876 4471 3358 4540 ὑποποιησάμενός
3415 4490 3567 4535 τινας
3614 4471 3733 4525 τῶν

443 4541 816 4597 multitudinis
855 4551 910 4597 et
939 4540 1139 4597 ﬂuctus
1170 4543 1451 4598 mobilium
1478 4546 1794 4600 studiorum
1830 4549 2019 4602 merito

2136 4564 2515 4636 φυλαττόντων
2547 4563 2616 4616 τὰ
2651 4562 2809 4631 τείχη
2839 4562 2934 4614 καὶ
2968 4560 3175 4629 κλέψας
3226 4561 3412 4614 αὐτῶν
3445 4563 3545 4627 τὴν
3575 4561 3732 4629 γνὼ-

443 4633 800 4700 timerentur,
833 4636 1139 4704 prudenter
1162 4637 1528 4705 aestimantes,
1579 4639 1848 4709 optimum
1884 4640 2027 4696 factu

448 4724 724 4780 duxerunt
777 4727 825 4781 si
878 4726 1194 4783 voluntates
1265 4739 1741 4799 propugnatorum
1810 4732 2034 4787 allicere

450 4816 744 4885 promissis
777 4825 832 4872 et
859 4818 914 4872 in
952 4829 1141 4889 partes
1169 4822 1392 4876 trahere
1416 4830 1718 4878 tentarent.
1764 4822 1918 4878 Talia
1947 4839 2034 4879 se-

451 4920 578 4960 cum
616 4906 841 4962 Alexius
873 4915 987 4963 tota
1006 4918 1167 4966 nocte
1203 4911 1524 4978 meditatus,
1561 4914 1742 4984 primo
1784 4929 1942 4969 inane
1968 4915 2025 4969 in

455 4999 868 5055 tabernaculum
897 5001 1133 5059 Caesaris
1160 5018 1220 5059 se
1247 5005 1486 5071 confert,
1521 5008 2034 5062 conuuttnicaturus

451 5105 577 5144 cum
611 5090 706 5146 illo
750 5086 1049 5148 consilium
1100 5094 1250 5163 quod
1306 5110 1411 5148 uox
1454 5105 1822 5165 suggesserat,
1879 5097 2033 5166 ejus-

454 5179 691 5250 demque
725 5197 893 5251 opera
928 5185 982 5237 in
1016 5183 1191 5254 ipsius
1237 5186 1594 5242 exsecutione
1638 5205 1865 5243 usurus.
1915 5190 2036 5259 Egit

452 5272 601 5326 enim
632 5286 758 5326 cum
804 5272 898 5328 illo
926 5284 988 5329 ut
1027 5290 1215 5330 secum
1253 5277 1442 5334 venire
1485 5278 1651 5334 vellet
1698 5280 1861 5335 simul
1915 5282 2035 5335 obi-

2137 4676 2265 4730 μην,
2295 4656 2471 4719 οὕτως
2499 4657 2706 4727 αἱρήσῃ
2731 4654 2829 4723 τὴν
2859 4652 3038 4706 πόλιν.
3075 4654 3260 4706 Ταῦτα
3293 4653 3348 4706 δὲ
3374 4654 3504 4724 ὅλης
3531 4655 3734 4717 νυκτὸς

2137 4750 2463 4820 μελετήσας,
2494 4750 2573 4811 εἰς
2607 4747 2706 4815 τὴν
2737 4744 2943 4816 σκηνὴν
2974 4744 3072 4798 τοῦ
3115 4745 3397 4813 Καίσαρος
3433 4742 3548 4813 ἅμα
3579 4741 3734 4810 πρωῒ

2137 4840 2543 4911 παραγίνεται,
2604 4838 2969 4906 ἀπαγγέλλων
3029 4836 3098 4890 τὰ
3174 4836 3564 4902 σκοπηθέντα,
3631 4836 3735 4887 καὶ

2142 4933 2312 4999 ἀξιῶν
2358 4931 2476 5001 ἅμα
2535 4928 2872 4998 συνέψασθαί
2924 4929 2975 4981 οἱ
3027 4926 3124 4980 καὶ
3181 4929 3604 4995 κατασκοπῆσαι
3660 4928 3735 4979 τὰ

2143 5025 2321 5095 τείχη,
2355 5028 2451 5077 καὶ
2506 5024 2605 5085 τὰς
2665 5022 2922 5087 ἐπάλξεις
2983 5020 3397 5090 ἁναθεωρῆσαι,
3452 5018 3548 5071 καὶ
3602 5019 3736 5080 τοὺς

2145 5115 2518 5184 φυλάσσοντας
2552 5108 2710 5182 (ἦσαν
2764 5112 2873 5183 γὰρ
2929 5113 2992 5164 ἐκ
3032 5111 3331 5180 διαφῧρων)
3367 5114 3465 5164 καὶ
3495 5109 3737 5178 διαγνῶ-

2146 5226 2235 5260 ναι
2274 5209 2424 5271 ὅπως
2462 5207 2690 5261 δυνατόν
2740 5208 2890 5260 ἐστιν
2940 5206 3146 5259 ἁλῶναι
3194 5205 3295 5277 τὴν
3333 5204 3509 5257 πόλιν.
3565 5202 3624 5255 ’0
3670 5200 3731 5253 δὲ

2150 5301 2362 5371 βαρέως
2390 5300 2747 5370 τούπίταγμα
2784 5300 3000 5371 ἔφερεν,
3042 5298 3142 5353 ἅτε
3187 5299 3249 5352 τὸ
3280 5301 3580 5368 μοναχικὸν
3611 5293 3727 5363 (47)

1512 5416 1709 5480 νοτίδι
1753 5420 2061 5482 lectiones
2096 5438 2173 5480 ex
2196 5420 2337 5481 cod.
2373 5416 2612 5479 Coislin

531 5511 574 5546 "
602 5514 917 5585 ἀνήγειρεν.
992 5515 1038 5547 ⁸⁸
1064 5515 1441 5589 ἐπαγομένην.

1540 5615 1679 5676 Car.
1719 5613 2039 5676 Dufresnii
2071 5615 2162 5679 Du
2203 5613 2421 5692 Cangii
2460 5621 2649 5674 notae.

539 5710 651 5781 (47)
694 5712 827 5784 Ἀςε
855 5716 1211 5783 μοιάχικόν.
1248 5715 1440 5772 Victus
1477 5726 1535 5771 et
1560 5726 1754 5784 captus
1779 5732 1808 5770 a
1845 5715 2042 5772 Turcis

471 5795 577 5831 una
602 5779 726 5851 cum
760 5779 973 5839 Urs'ellu
994 5779 1236 5840 Joannes
1261 5788 1451 5851 ducas,
1481 5779 1685 5847 Caesar,
1714 5802 1744 5840 a
1767 5788 2039 5842 Michaele

473 5856 689 5918 nepote,
716 5849 854 5918 lytro
886 5855 1090 5922 soluto,
1128 5849 1473 5927 redemptus,
1501 5857 2039 5929 ConstantinOpolim

2148 5717 2422 5771 adzlucuts
2446 5725 2549 5778 est,
2580 5730 2821 5784 cumquo
2856 5716 2923 5769 ad
2955 5715 3345 5778 Proponide
3373 5716 3738 5784 pervenisset,

2154 5798 2362 5843 mutata
2398 5798 2567 5849 veste,
2602 5788 2894 5855 positoque
2919 5786 3147 5850 eanillo,
3182 5789 3507 5840 monachum
3538 5788 3737 5849 induit,

2154 5860 2257 5917 sibi
2288 5867 2542 5915 metuens
2560 5872 2591 5912 a
2615 5868 2812 5929 nepote
2833 5859 2904 5913 ob
2939 5856 3258 5912 atiectatum
3284 5871 3314 5910 a
3339 5871 3398 5913 se
3425 5858 3746 5930 ἰιιιιιςιπιιιιιιι
