4050 6426
388 437 494 499 Ξ55

1696 434 1925 504 Α’ΝΝΒ
1951 446 2349 507 COMNENE

3548 446 3664 509 256

392 547 599 615 ﬁliique
630 555 832 602 statum
887 561 953 600 ac
1012 547 1336 617 dignitatem
1400 548 1594 604 idonea
1626 552 1885 606 cautione
1940 568 1970 608 a

2089 556 2301 624 τμάτων
2351 551 2774 625 ἀναγκαζομένη
2826 551 3091 624 φύσεως),
3146 552 3247 623 ἡδὺ
3295 550 3397 623 μὲν
3447 554 3548 606 οὐκ
3597 557 3662 607 ὲν

389 640 692 695 victoribus
721 654 979 710 expressa
1015 641 1363 695 munivisset.
1398 640 1527 695 Erat
1561 657 1622 696 ea
1653 641 1965 711 justissima

358 734 586 787 'mairis
648 748 778 788 cura
839 749 939 803 pro
987 748 1157 803 puero
1204 734 1522 789 festivitatis
1580 744 1633 789 et
1684 736 1967 802 elegantiae

392 824 755 888 admirabilis,
792 826 970 880 adhuc
1001 824 1277 896 septenni,
1326 828 1511 896 (liceat
1549 824 1681 881 mihi
1724 828 1815 883 ubi
1878 845 1966 886 res

394 918 584 971 sinunt
617 918 893 987 indulgere
918 919 1213 973 laudationi
1247 930 1514 989 meorum)
1536 921 1696 985 cujus
1721 921 1967 975 suavitas

394 1013 510 1066 sive
567 1010 866 1079 loquentis.
918 1010 1034 1065 sive
1089 1011 1343 1064 ludorum
1398 1027 1598 1079 genere
1647 1012 1799 1066 vario
1831 1028 1969 1079 quos

396 1101 604 1154 ferebat
641 1110 774 1154 aetas
804 1113 1006 1168 corpus
1042 1099 1347 1154 scitissime
1408 1103 1701 1165 moventis,
1755 1102 1969 1171 judicio

393 1190 757 1257 Spectantium
818 1193 1236 1258 comparatione
1288 1193 1435 1246 omni
1499 1196 1756 1263 superior
1828 1204 1967 1249 erat.

392 1279 560 1332 Flava
611 1280 887 1342 caesaries,
927 1282 1075 1337 cutis
1128 1282 1373 1337 candore
1426 1284 1608 1349 lactis,
1657 1286 1838 1340 vivido
1878 1287 1969 1339 ubi

395 1386 536 1439 opus
571 1369 712 1425 foret
738 1374 942 1427 rubore
972 1388 1255 1443 resperso,
1290 1373 1516 1441 ﬂoreus,
1542 1377 1722 1445 qualis
1772 1388 1855 1432 est
1882 1395 1973 1432 ro-

396 1477 582 1516 sarum
630 1463 864 1531 primum
933 1465 1137 1520 calices
1192 1469 1590 1536 rumpentimn.
1643 1470 1803 1524 Oculi
1860 1488 1970 1525 non

397 1552 537 1614 albi,‘
567 1553 660 1607 sed
689 1555 883 1620 quales
910 1556 1260 1625 accipitrum,
1293 1559 1665 1615 scintillantes
1694 1562 1796 1616 sub
1829 1563 1972 1620 ciliis

395 1650 449 1694 et
478 1655 735 1709 tanquam
764 1659 825 1695 ex
862 1657 1029 1698 aurea
1057 1644 1177 1713 pala
1240 1661 1550 1713 gemmeum
1586 1647 1852 1716 fulgorem
1888 1652 1974 1704 in-

396 1733 645 1788 credibili
694 1736 993 1789 astantium
1032 1736 1310 1806 voluptate
1345 1740 1625 1795 vibrantes
1646 1758 1673 1799 -;
1727 1742 1972 1797 ρωΙι-ειίς

2070 647 2253 715 λόγοις
2289 646 2469 716 μόνον,
2503 644 2638 699 ἀλλὰ
2686 644 2782 699 καὶ
2816 646 2875 698 ὲν
2933 644 3217 709 παντοίαις
3272 646 3523 715 κινήσεσι
3559 645 3664 697 καὶ

2073 740 2468 808 περιστροφαῖς
2537 736 2805 803 παιγνίων
2877 735 3287 806 ἀπαράμιλλον,
3322 735 3398 798 ὡς
3426 736 3479 787 οἱ
3531 735 3661 787 τότε

2074 832 2342 900 παρόντες
2376 829 2601 895 ὕστερον
2636 828 2840 895 ἔλεγον,
2875 828 3069 892 ξανθὸν
3100 829 3195 881 καὶ
3218 827 3440 891 λευκὸν,
3467 827 3665 895 ὥσπερ

2076 921 2216 987 γάλα
2262 918 2611 990 ἐρυθήματος
2644 920 2843 989 μεστὸν
2882 922 3019 972 ὅπου
3044 921 3176 985 δέοι,
3215 922 3313 974 καί
3366 922 3550 974 όποῖον
3585 921 3661 973 τὰ

2075 1010 2186 1061 τῶν
2234 1010 2491 1062 καλὺκων
2552 1015 2678 1080 ἄρτι
2717 1010 3165 1081 ἐξαστράπτοντα
3207 1011 3357 1080 ῥόδα’
3406 1012 3532 1066 οίδὲ
3559 1012 3666 1079 ὀφ-

2077 1100 2273 1170 θαλμοὶ
2308 1101 2368 1153 οὐ
2411 1101 2615 1163 λευκοὶ,
2664 1102 2782 1155 ἀλλ’
2838 1101 3059 1172 ἱέρακος
3094 1103 3332 1167 ἐοικότες
3387 1104 3481 1157 καὶ
3515 1105 3665 1172 λαμ-

2078 1207 2272 1253 ποντες
2325 1192 2439 1260 (72)
2499 1193 2603 1245 ὑπὸ
2657 1195 2783 1255 ταῖς
2847 1192 3102 1262 ὀφρύσιν,
3146 1193 3337 1264 ὥσπερ
3373 1196 3429 1248 ὲν
3482 1199 3664 1266 χρυσῇ

2077 1283 2360 1354 σφενδόνῃ·
2406 1284 2476 1335 κά
2489 1284 2708 1337 ντεῦθεν
2736 1284 3013 1348 ποικίλαις
3042 1284 3269 1354 τέρψεσι
3300 1285 3505 1355 τέρπον
3531 1288 3669 1348 τοίς

2078 1376 2343 1445 ὁρῶντας,
2378 1376 2632 1445 οὐράνιόν
2670 1393 2729 1429 τε
2766 1378 2858 1430 καὶ
2891 1377 2993 1430 οὐκ
3050 1378 3297 1443 ἐπίγειον
3344 1375 3538 1439 κάλλος
3571 1377 3669 1429 δο-

2078 1466 2230 1532 κοῦν,
2268 1467 2360 1520 καὶ
2407 1467 2467 1520 τὸ
2515 1467 2660 1531 ὅλον,
2697 1462 2850 1520 εἶπεν
2909 1466 2975 1521 ἄν
3008 1483 3092 1529 τις
3150 1465 3300 1529 ίδὼν,
3343 1467 3531 1520 ὁποῖον
3570 1466 3668 1517 τὸν

2079 1557 2260 1626 ἔρωτα
2284 1558 2610 1626 γράφουσιν.
2664 1558 2813 1627 Αὖτη
2844 1559 2879 1626 ἠ
2930 1557 3136 1626 ἀληθὴς
3168 1557 3316 1610 αίτία
3344 1557 3445 1627 τῆς
3469 1558 3551 1620 εἰς
3594 1557 3670 1609 τὰ

2079 1648 2325 1718 βασίλεια
2356 1649 2454 1718 τῆς
2482 1649 2755 1719 βασιλίδος
2801 1649 3187 1720 ὲγκαρτερίας.
3236 1648 3381 1716 Ἐγὼ
3427 1649 3537 1719 γὰρ
3571 1650 3671 1702 καὶ

2077 1742 2252 1805 ἄλλως
2283 1741 2442 1811 φύσει
2474 1742 2536 1794 τὸ
2563 1741 2870 1811 λογοποιεῖν
2891 1742 2989 1795 καὶ
3016 1741 3180 1795 καινά
3212 1758 3338 1795 τινα
3387 1741 3672 1795 ἀναπλατ-

397 1824 557 1891 plane
589 1824 764 1880 forma
794 1835 849 1880 ct
898 1837 1134 1883 terrenae
1180 1832 1562 1886 concretionis
1616 1850 1716 1886 usu
1770 1836 1972 1905 mapo

2089 1852 2195 1886 τειν
2277 1835 2725 1904 ἀποστρέφομαι,
2781 1834 2957 1887 εἰδυῖα
3011 1832 3243 1904 σύνηθες
3315 1832 3475 1886 τοῦτο
3524 1826 3673 1886 εἶναι

397 1931 560 1984 quam
595 1918 691 1986 qui
720 1929 969 1974 cerneret
1001 1921 1222 1989 dignam
1257 1932 1474 1990 putaret
1501 1942 1624 1994 qum
1654 1929 1829 1980 amori
1878 1930 1978 1981 tri-

399 2008 683 2064 bueretur.
714 2009 866 2065 Talis
914 2016 1063 2080 pueri
1096 2015 1343 2069 cliaritas
1375 2016 1559 2072 Maria:
1622 2036 1746 2073 vera
1810 2037 1975 2075 causa

398 2098 505 2153 fuit
535 2100 589 2155 in
624 2100 825 2171 palatio
862 2105 1116 2158 manendi
1147 2122 1162 2171 ;
1206 2106 1312 2176 72
1342 2110 1612 2178 quidquid
1645 2123 1837 2166 contra
1876 2112 1985 2168 lin:

399 2201 526 2260 gant
560 2208 700 2260 quos
736 2192 1079 2250 obtrectandi
1121 2202 1343 2269 prurigo
1385 2210 1554 2265 tenet,
1607 2220 1842 2270 quorttm
1879 2223 1979 2262 nec

398 2282 604 2337 imitari
664 2284 858 2339 vitium
900 2302 1001 2341 nec
1038 2289 1271 2356 probare
1329 2295 1663 2348 sententiam
1729 2312 1976 2364 possum,

399 2374 725 2431 certiOribus
754 2376 818 2430 ad
845 2377 958 2432 veri
992 2379 1149 2432 tidem
1181 2380 1473 2435 informata
1495 2383 1843 2440 documentis
1868 2389 1979 2440 Au-

398 2473 573 2533 gusta!
601 2465 667 2519 de
699 2482 803 2532 qua
839 2467 1037 2536 loquor
1067 2470 1260 2539 ipsius,
1297 2471 1352 2526 in
1383 2474 1543 2543 cujus
1563 2493 1664 2547 ego
1695 2494 1724 2532 a
1752 2482 1980 2547 pueritia

398 2554 605 2608 nutrita
665 2554 789 2610 sinu
848 2558 914 2611 ad
970 2567 1183 2613 aetatem
1234 2578 1408 2630 usque
1459 2580 1623 2634 supra
1693 2579 1979 2624 octennem

402 2643 641 2701 adolevi.
668 2647 787 2713 Quo
814 2649 926 2717 jam
954 2660 1067 2704 tum
1092 2652 1179 2705 illa
1205 2670 1268 2707 ex
1295 2663 1537 2724 tempore
1558 2672 1655 2727 pro
1685 2663 1981 2715 lettet‘rinio

400 2751 588 2791 amore
620 2754 730 2807 quo
772 2756 855 2793 me
890 2744 1357 2812 complectebatur
1389 2749 1525 2802 nihil
1573 2752 1703 2806 mibi
1755 2769 1981 2808 suorum

403 2841 665 2883 arcanmu
693 2832 912 2886 volebat
936 2850 1065 2890 esse
1100 2853 1115 2891 :
1152 2838 1334 2907 itaque
1388 2855 1454 2893 ex
1492 2842 1580 2895 illa
1631 2846 1852 2899 memini
1902 2866 1986 2901 me

401 2921 606 2986 sacpius
632 2924 825 2979 audire
853 2942 980 2979 cum
1017 2939 1272 2984 narraret
1298 2943 1564 3001 quantum
1592 2937 1644 2989 in
1679 2950 1884 2993 metum
1921 2944 1984 2994 de

406 3009 500 3065 ﬁlii
537 3018 845 3081 pra’sertim
889 3019 1065 3075 salute
1093 3031 1204 3075 tum
1234 3024 1489 3079 inciderit
1517 3044 1641 3082 cum
1700 3033 1980 3087 cedentem

403 3105 640 3174 imperio
697 3107 1035 3167 Botaniatem
1104 3104 1264 3170 vidit.
1306 3116 1462 3182 Qtlutl
1499 3121 1753 3188 equidem
1783 3139 1906 3176 meo
1936 3132 1991 3178 ct

2081 1929 2191 1988 τοῖς
2247 1925 2484 1989 πολλοῖς,
2526 1925 2618 1978 καὶ
2670 1926 2868 1996 μᾶλλον
2915 1926 3156 1995 ὁπηνίκα
3187 1925 3292 1979 ὑπὸ
3332 1925 3530 1993 φθόνου
3572 1928 3673 1978 καὶ

2082 2019 2443 2089 χαιρεκακίας
2491 2018 2815 2080 ἁλίσκοιντο,
2851 2018 2943 2071 καὶ
2975 2019 3038 2071 οὐ
3070 2018 3211 2088 ταχὺ
3236 2020 3358 2081 ταῖς
3389 2016 3672 2079 διαϐολαῖς

2087 2112 2446 2181 συμφέρομαι
2472 2111 2582 2163 τῶν
2612 2110 2854 2164 πολλῶν*
2886 2109 3023 2163 ἀλλὰ
3068 2109 3164 2163 καὶ
3200 2107 3427 2163 ἄλλοθεν
3477 2108 3576 2178 τὴν
3612 2110 3674 2160 ἐν

2080 2208 2196 2268 τοῖς
2229 2205 2493 2268 τοιούτοις
2516 2204 2822 2273 ἀσφάλειαν
2856 2203 3040 2272 ἔσχον,
3066 2206 3133 2256 ὲκ
3180 2202 3474 2272 παιδαρίου
3495 2203 3515 2232 ⁹
3544 2219 3677 2253 συν-

2087 2298 2360 2365 τραφείσα
2405 2298 2470 2364 τῇ
2515 2293 2772 2364 βασιλίδι,
2836 2294 2928 2345 καὶ
2948 2291 3102 2345 οὔπω
3127 2292 3217 2345 τὸν
3258 2290 3446 2357 ὃγδοον
3480 2291 3656 2354 ὑπερ-

2091 2389 2332 2442 ελάσασα
2424 2387 2639 2458 χρόνον.
2701 2385 2841 2438 Πολὺ
2901 2384 2959 2438 δὲ
3010 2383 3072 2437 τὸ
3133 2382 3264 2453 περὶ
3305 2383 3406 2451 ἐμὲ
3446 2382 3678 2450 φίλτρον

2093 2482 2322 2552 ἔχουσα,
2356 2481 2464 2534 τῶν
2494 2480 2823 2549 ἀπορρήτων
2874 2477 3091 2532 πάντων
3146 2475 3537 2543 κεκοινώνηκε.
3563 2474 3682 2527 Καὶ

2091 2573 2301 2625 πολλῶν
2335 2573 2432 2642 μὲν
2469 2573 2563 2624 καὶ
2596 2570 2770 2624 ἄλλων
2798 2569 2927 2640 περὶ
2961 2568 3476 2636 τούτων’λεγόντων
3525 2567 3680 2634 ἀκήο

2092 2685 2214 2728 κοα,
2252 2667 2345 2720 καὶ
2397 2665 2536 2735 πρὸς
2576 2665 2770 2728 ἄλλους
2831 2661 3271 2731 διαφερομένων,
3303 2660 3411 2714 τῶν
3443 2660 3545 2730 μὲν
3578 2659 3679 2712 (ιὗέ

2090 2777 2221 2821 τως,
2253 2757 2360 2810 τῶν
2400 2757 2455 2810 δὲ
2487 2756 2660 2819 οὕτως
2699 2754 3201 2825 ὲκλαμὸανομένων
3240 2753 3311 2806 τὰ
3360 2754 3484 2805 τότε
3528 2768 3675 2820 πρα-

2092 2851 2318 2921 χθέντα,
2348 2850 2587 2904 ἑκάστου
2614 2848 2749 2917 πρὸς
2780 2848 2877 2917 τὴν
2912 2846 3048 2899 ἰδίαν
3070 2847 3169 2915 τῆς
3186 2845 3365 2915 ψυχῆς
3397 2844 3675 2897 κατάστας

2094 2963 2199 3007 σιν,
2237 2946 2330 2997 καὶ
2363 2944 2437 3003 ὡς
2475 2942 2607 3011 πρὸς
2634 2941 2804 3010 αὐτὴν
2851 2940 3063 3002 εὐνοίας
3094 2940 3127 3008 ἢ
3164 2939 3353 3007 μίσους
3411 2932 3548 3005 εἶχε,
3576 2937 3678 2988 καὶ

2090 3036 2149 3090 οὑ
2181 3037 2386 3097 πάντας
2417 3038 2517 3100 τῆς
2564 3033 2737 3099 αὐτῆς
2772 3033 2961 3101 ἐώρων
2991 3032 3216 3100 γνώμης
3253 3049 3259 3057 π
3304 3027 3575 3099 ὴκηκόειν
3614 3028 3675 3078 δὲ

2092 3128 2357 3189 πολλάκις
2389 3126 2675 3194 mia-31?];
2704 3124 3076 3193 διηγουμένης
3110 3121 3284 3174 ὁπόσα
3325 3117 3681 3187 ξυμὸέὸηκεν

403 3199 670 3257 veritatis.
713 3212 768 3255 nt
797 3218 978 3272 spero,
1028 3208 1327 3262 amantium
1378 3210 1584 3278 judicio
1627 3213 1770 3267 haud
1824 3207 1984 3284 paulo

2090 3222 2249 3288 αὐτῇ,
2282 3218 2378 3272 καὶ
2433 3222 2513 3280 εἰς
2571 3211 2687 3270 οἷον
2752 3215 2918 3284 φόῦον
2981 3215 3073 3267 καὶ
3133 3212 3334 3281 μᾶλλον
3394 3210 3521 3279 περὶ
3575 3208 3683 3262 τοῦ

405 3299 491 3345 est
534 3308 595 3347 re
631 3293 912 3362 isilliiiill",
968 3314 1132 3367 quam
1169 3300 1272 3355 alia
1307 3316 1429 3371 qua:
1460 3306 1633 3371 multa
1667 3306 1922 3362 feruntur
1958 3325 1984 3364 a

2092 3312 2281 3373 παιδὸς
2326 3310 2660 3373 ἐπεπτώκει,
2700 3308 2941 3378 ὁπηνίκα
2984 3308 3011 3358 ὁ
3058 3305 3310 3375 βασιλεὺς
3358 3301 3687 3370 Νικηφόρος

408 3384 575 3437 variis
609 3386 755 3440 varia
795 3400 956 3457 prout
986 3394 1222 3462 quisque
1251 3392 1513 3450 benevole
1542 3406 1636 3451 aut
1675 3414 1833 3453 secus
1858 3416 1987 3470 erga

411 3474 562 3528 illam
601 3476 828 3533 allectus
862 3492 967 3536 est
1026 3481 1098 3537 lle
1159 3501 1265 3554 qua
1301 3487 1463 3541 modo
1490 3488 1636 3542 dicta
1691 3490 1988 3548 sulliciant.

405 3567 673 3624 Ca-terum
704 3573 926 3627 Alexius
958 3587 1109 3644 pater
1134 3594 1288 3632 nit-us
1329 3596 1504 3637 novus
1548 3585 1842 3654 imperator
1890 3588 1989 3640 in-

409 3676 634 3729 gressus
698 3665 985 3733 palatium,
1048 3671 1329 3740 prepriam
1381 3674 1671 3743 conjugeiu
1729 3679 1984 3745 quintum

407 3751 682 3807 decimum
715 3759 890 3811 anatis
921 3770 1169 3829 agentem
1203 3779 1406 3818 annum
1439 3783 1563 3820 cum
1612 3771 1901 3826 sororibus
1927 3788 1991 3827 ac

410 3853 605 3908 matre,
647 3843 1004 3917 Czrsa'reque,
1030 3859 1263 3921 paterno
1296 3854 1471 3923 ipsius
1499 3874 1622 3925 avo,
1655 3861 1708 3913 iu
1746 3861 1995 3918 inici-iuri

411 3935 615 4004 palatio
646 3940 888 4009 reliquit.
926 3943 1019 3998 Sic
1041 3948 1188 4000 enim
1228 3965 1254 4001 a
1283 3950 1393 4004 situ
1445 3951 1549 4005 loci
1615 3957 1798 4009 vocari
1863 3972 1998 4011 cun-

409 4036 686 4084 sueverat.
724 4028 844 4100 Ipse
872 4045 1053 4089 autem
1083 4052 1206 4091 cum
1240 4041 1505 4097 fratribus
1539 4052 1714 4100 matre
1746 4062 1808 4101 ac
1870 4065 1997 4115 pro-

410 4117 631 4187 pinquis
671 4113 1054 4195 ’allinibusqne
1105 4131 1364 4198 superius
1415 4134 1680 4202 palatium
1732 4113 1990 4202 obtinuit,

411 4210 557 4276 quod
582 4220 635 4265 et
675 4209 947 4269 Buculeon
1000 4222 1445 4287 cognominatur,
1476 4227 1571 4279 tali
1626 4230 1864 4295 quadam
1926 4232 1996 4286 de

409 4316 603 4356 causa.
659 4301 777 4358 Non
838 4306 1000 4377 longe
1048 4325 1078 4364 a
1139 4314 1312 4368 muris
1369 4315 1490 4385 ejus
1552 4329 1744 4388 portus
1799 4321 1997 4376 visitur

411 4408 690 4450 marmore
723 4397 1054 4467 mdillcatus,
1090 4419 1288 4475 magno
1321 4410 1452 4461 olim
1489 4420 1737 4480 sumptu,
1772 4411 1861 4467 tibi
1910 4414 1996 4469 leo

414 4487 660 4558 lapideus
685 4500 905 4549 laurum
947 4496 1117 4565 capit,
1155 4505 1213 4552 ut
1243 4500 1462 4568 species
1511 4502 1757 4567 simulat,
1813 4506 1995 4557 vivum

409 4592 464 4633 et
495 4583 882 4641 reluctantem.
913 4587 1020 4643 Sed
1050 4590 1136 4644 leo
1160 4589 1357 4645 fortior
1384 4602 1607 4663 arrepto
1634 4596 1793 4651 bovis
1815 4611 1993 4651 cornu

409 4672 679 4728 cervicem
713 4675 837 4745 rjus
871 4679 1155 4735 mordicus
1194 4697 1450 4749 premens
1486 4700 1662 4754 usque
1696 4686 1750 4739 in
1814 4688 1993 4757 ipsum

2087 3404 2185 3472 τὴν
2235 3402 2510 3470 βασιλείαν
2542 3400 2849 3453 ἀπετίθετο).
2888 3400 2997 3452 Καὶ
3035 3398 3177 3450 κατά
3205 3413 3270 3467 γε
3303 3396 3403 3461 ἐμὲ
3445 3395 3681 3465 κριτὴν,

2090 3494 2188 3549 καί⁵
2219 3495 2341 3557 τοὺς
2375 3494 2603 3556 πολλοὺς
2629 3493 2737 3545 τῶν
2765 3491 3003 3564 ἀρίστων
3045 3491 3140 3542 καὶ
3171 3486 3432 3556 ἀληθείας
3468 3487 3676 3554 ἐπιμε-

2088 3587 2365 3649 λουμένων
2432 3584 2576 3638 ότοῦ
2612 3583 2803 3647 παιδὸς
2848 3582 3010 3645 πόθος
3067 3580 3237 3649 αὐτὴν
3277 3582 3335 3632 ὲν
3366 3571 3477 3639 τοῖς
3516 3577 3689 3648 βασι-

2092 3677 2261 3740 λείοις
2301 3678 2438 3747 πρὸς
2472 3675 2656 3741 ὀλίγον
2686 3675 2808 3726 τότε
2850 3671 3213 3740 κατέσχηκεν.
3252 3667 3416 3723 Ἀλλά
3456 3668 3522 3720 τά
3578 3668 3689 3737 μὲν

2092 3769 2221 3837 περὶ
2256 3767 2350 3837 τῆς
2385 3765 2653 3837 βασιλίδος
2689 3763 2907 3836 Μαρίας
2943 3761 3206 3837 τοσαῦτα.
3264 3759 3324 3812 '0
3356 3760 3413 3812 δέ
3441 3776 3506 3826 γε
3533 3756 3687 3819 τέως

2092 3860 2203 3911 τῶν
2234 3858 2535 3927 σκήπτρων
2557 3856 2898 3925 δραξάμενος
2962 3853 3197 3918 ’Ᾱλέξιος
3228 3852 3255 3906 ό
3307 3851 3437 3921 ἐμὸς
3492 3849 3690 3919 πατὴρ

2090 3953 2225 4004 εἴσω
2262 3951 2374 4005 τῶν
2426 3950 2717 4020 βασιλείων
2742 3948 3057 4018 γενόμειος,
3090 3946 3192 4016 τὴν
3247 3945 3345 4015 μὲν
3380 3942 3517 3998 ίέίαν
3552 3942 3659 3995 σύν

2089 4061 2242 4098 ευνον
2313 4042 2800 4096 πεντεκαιδέκατον
2881 4040 3001 4101 ἔτος
3063 4040 3309 4107 ἄγουσαν
3336 4078 3351 4100 ,
3407 4037 3504 4089 σὺν
3561 4038 3693 4097 ταῖς

2091 4136 2352 4205 ἀδελφαῖς
2402 4135 2496 4188 καί
2551 4132 2720 4203 μητρὶ
2760 4132 2852 4186 καὶ
2915 4128 3251 4201 Καίσαριτῷ
3279 4128 3413 4200 πρὸς
3476 4126 3692 4196 πατρὸς

2093 4230 2264 4297 αὐτῆς
2301 4228 2513 4296 πάππῳ
2536 4228 2593 4279 ὲν
2622 4224 2700 4295 τῷ
2729 4224 2885 4278 κάτω
2916 4222 3307 4278 καταλελοίπει
3337 4218 3589 4290 παλατίῳ
3612 4219 3691 4272 ‘°.

2092 4322 2256 4376 Οὕτω
2294 4320 2402 4389 γὰρ
2428 4319 2631 4388 ἔφθασε
2686 4315 2996 4380 καλεῖσθαι,
3046 4315 3156 4369 ἀπὸ
3218 4316 3316 4383 τῆς
3362 4312 3459 4367 τοῦ
3508 4313 3697 4366 τόποι)

2093 4416 2296 4478 θέσεως
2329 4413 2426 4486 τὴν
2480 4396 2797 4481 ἐπωνυμίαν
2867 4409 3055 4481 λαχόν·
3097 4407 3262 4470 αὐτὸς
3294 4407 3349 4460 δὲ
3395 4404 3532 4477 μετά
3572 4405 3701 4458 τῶν

2099 4508 2344 4577 ἀδελφῶν
2386 4505 2481 4558 καὶ
2533 4505 2630 4574 τῆς
2685 4504 2910 4574 μητρὸς,
2955 4502 3051 4556 καὶ
3109 4502 3219 4554 τῶν
3256 4499 3317 4565 ἐξ
3364 4498 3697 4569 ἀγχιστείας

2104 4598 2499 4667 προσηκόντων
2535 4594 2686 4664 αὐτῷ
2720 4592 3012 4662 γαμϐρῶν,
3069 4591 3151 4653 είς
3183 4589 3246 4643 τὸ
3287 4589 3700 4661 ὑπερκείμενον

2108 4691 2226 4761 (⁸75)
2261 4689 2527 4743 παλάτιον
2559 4687 2793 4751 ἄνεισιν,
2821 4683 2849 4737 δ
2879 4685 2972 4738 καί
3007 4682 3320 4738 Βουκολίων
3354 4681 3467 4754 (Ἡ)
3493 4682 3703 4734 ἐπονο-

1430 4804 1629 4866 Variae
1663 4804 1965 4867 lectiones
1997 4820 2078 4866 ex
2139 4805 2284 4867 cod.
2327 4802 2584 4865 Cuislin.

481 4893 503 4924 ⁹
534 4896 812 4952 παιδόθεν.
890 4901 935 4931 ¹⁰
965 4900 1248 4956 παλάτιον.

1431 4996 1573 5057 Car.
1616 4996 1939 5058 Dufresnii
1976 4998 2067 5058 Du
2104 4995 2328 5073 Cangii
2374 5002 2564 5056 notas.

484 5092 595 5171 (72)
625 5096 732 5171 Kal
771 5098 1137 5169 λάμποντος.
1169 5099 1262 5154 Vel
1295 5116 1360 5155 ex
1395 5100 1500 5152 hoc
1537 5103 1704 5153 Anum
1746 5102 1866 5153 loro
1907 5118 2002 5171 pa-

412 5172 490 5238 tet
525 5167 752 5238 minime
793 5184 821 5221 a
851 5167 1188 5232 illutaniata,
1236 5179 1357 5238 post
1409 5177 1593 5223 actum
1651 5173 1703 5223 in
1741 5167 1997 5226 ordinem

413 5234 756 5308 Micliaelem,
784 5238 1069 5308 ademptas
1093 5234 1461 5294 Constantino
1486 5241 1604 5302 eius
1638 5242 1751 5296 lilio
1778 5245 1997 5307 oculos,

417 5306 562 5374 quod
611 5321 892 5377 perperam
950 5306 1120 5363 tradit
1168 5311 1470 5365 Orilericus
1522 5309 1740 5373 Vitatis,
1770 5313 1863 5366 lib.
1899 5306 1994 5377 vn,

421 5390 542 5446 pag.
573 5378 700 5452 640,
727 5389 785 5434 ut
823 5395 921 5452 nec
948 5381 1016 5435 ab
1044 5381 1234 5452 Alexio
1267 5382 1319 5434 in
1355 5384 1749 5452 monasterium
1776 5382 1833 5435 S.
1867 5384 1996 5452 Cyri

420 5451 746 5503 translatum
811 5450 1261 5513 Constantinum,
1324 5449 1509 5502 ubiut
1556 5452 1750 5504 mundo
1787 5449 1997 5506 inutilis

422 5521 710 5589 nianuchus
747 5521 920 5589 [actus
959 5522 1051 5583 sit,
1099 5522 1344 5589 omnique
1401 5522 1506 5573 vim
1539 5537 1637 5574 sua
1670 5539 1791 5575 cum
1829 5526 1995 5577 servis

419 5584 895 5660 Deigommoratua
919 5593 987 5645 sit
1007 5607 1026 5644 :
1048 5590 1193 5660 quod
1214 5584 1499 5660 sequentia
1529 5592 1664 5646 satis
1692 5592 1998 5649 declarant.

495 5656 606 5724 (73)
642 5663 743 5724 Εἰς
789 5664 853 5712 τὸ
884 5656 1345 5730 ὑπερκείμενον,
1396 5659 1661 5728 Suprt‘itts
1711 5665 1998 5730 palatium,

426 5740 519 5775 sou
557 5731 735 5788 potius
768 5730 945 5797 Magni
980 5731 1163 5798 palatii
1209 5729 1530 5800 triclinium,
1561 5734 1635 5784 ita
1668 5729 1999 5800 appr-Maium

432 5810 685 5866 respectu
724 5800 1026 5858 inferioris.
1057 5801 1217 5866 cujus
1250 5802 1352 5851 lioc
1372 5799 1494 5853 loco
1532 5799 1775 5854 meminit
1806 5805 1957 5856 Anna
1988 5824 1999 5858 :

432 5863 513 5912 'l‘z
540 5864 922 5921 ὑπερκείμενα
952 5870 1061 5919 τῶν
1092 5863 1410 5933 ἀνακτόρων
1464 5869 1637 5923 cidem
1674 5873 1869 5938 Anum,
1910 5876 2002 5929 lib.

2104 5116 2216 5163 xiv,
2262 5115 2383 5168 pag.
2424 5098 2561 5163 H3;
2592 5097 2660 5149 τὰ
2697 5096 2935 5151 παλάτια
2971 5098 3039 5152 τὰ
3095 5099 3282 5154 ἐπάνω
3308 5136 3321 5155 .
3351 5095 3582 5168 Codino.
3629 5099 3709 5152 in

2105 5170 2254 5241 Orig.
2295 5184 2417 5238 pag.
2457 5169 2562 5231 50;
2598 5171 2993 5241 siipgrcminens
3056 5171 3224 5241 regia,
3257 5167 3533 5241 Willelmo
3570 5167 3701 5235 ΤΥ-

2108 5237 2221 5301 νιος
2252 5237 2343 5293 lib.
2384 5256 2474 5299 xx,
2503 5254 2624 5306 cap.
2662 5239 2765 5304 25’;
2806 5238 2950 5307 quod
2990 5237 3202 5293 scilicet
3239 5254 3302 5293 ea
3337 5237 3520 5307 palatii
3554 5253 3700 5303 pars

2106 5311 2159 5362 in
2199 5309 2410 5362 tuuiulu
2443 5324 2593 5361 mare
2627 5309 2918 5375 attingenti
2972 5310 3025 5362 in
3071 5309 3418 5364 altitudinem
3463 5307 3700 5361 circiter

2100 5390 2325 5434 centum
2383 5394 2644 5445 passuum
2697 5379 2872 5441 edito,
2928 5390 2987 5432 ut
3051 5389 3243 5433 auctor
3298 5386 3383 5431 est
3449 5375 3713 5447 Gyllius,‘

2103 5448 2196 5502 lib.
2240 5466 2280 5509 ι,
2319 5448 2500 5502 Descr.
2538 5447 2651 5503 ΟΡ.
2685 5464 2806 5517 cap.
2852 5448 2905 5513 7,
2938 5459 3220 5504 exstructa
3273 5455 3441 5503 esset.
3500 5446 3700 5516 Hujus

2096 5521 2439 5573 rondilorent
2495 5517 2864 5587 Nicephorum
2941 5518 3179 5573 Pbocam
3258 5519 3432 5573 fuisse
3496 5529 3701 5572 censet

2099 5588 2498 5651 Rhamnusius,
2534 5590 2680 5659 quod
2716 5604 2836 5642 eam
2878 5591 3063 5658 palatii
3118 5598 3351 5660 partem.
3382 5602 3546 5657 quam
3578 5588 3698 5639 ἰιιι-

2099 5660 2332 5714 modicis
2380 5660 2667 5724 impensis,
2700 5661 2873 5715 muris
2919 5660 3181 5726 cinxisse,
3216 5671 3270 5715 et
3309 5662 3470 5713 novis
3498 5661 3701 5727 operi-

3284 5730 3390 5784 bus
3423 5730 3696 5783 manilius

2181 5870 2295 5944 (7i)
2333 5872 2711 5925 Βουκολὲων.
2772 5873 2953 5947 Anna,
2980 5872 3081 5939 lib.
3114 5886 3212 5938 ιιι,
3274 5870 3342 5925 de
3390 5868 3698 5940 Ροῳὶιγητ
