4050 6416
514 320 625 386 263

1818 318 2046 381 ΑΝΝᾸΞ
2078 316 2459 380 (ΣΟΜΝΕΝᾸΞ

3669 316 3782 380 265.

517 440 878 509 bemtornata
912 436 1237 504 perfectum,
1268 436 1365 492 sed
1390 434 1700 504 oblongior,
1727 440 1841 489 tota
1870 432 2000 487 liliis
2024 445 2088 485 ac

2195 433 2482 501 ἐπαγωγόν
2524 450 2585 486 τε
2629 432 2725 485 καὶ
2777 431 2974 501 εὔχαρι
3010 431 3151 501 ὑπὲρ
3217 430 3380 499 λόγον
3422 431 3519 484 καὶ
3576 429 3781 498 τέχνην

517 530 657 583 rosis
708 537 831 596 apte
891 526 1208 592 temperatis
1250 526 1474 582 florens.
1510 524 1807 581 Oculorum
1871 522 2088 587 fulgura

514 620 641 691 quis
672 619 953 672 hominum
985 619 1205 688 assequi
1242 616 1474 672 dicendo
1504 615 1709 686 queat?
1762 612 2090 667 imminebat

516 719 811 766 curvatum
847 712 954 763 alte
1009 725 1073 763 ac
1126 710 1349 763 rutilum
1399 707 1773 773 supercilium,
1833 713 2089 767 aspectus

519 805 679 856 mites
730 810 783 855 et
838 812 1111 853 arumnam
1167 800 1441 868 spirantes
1497 797 1749 866 gratiam.
1810 794 2088 847 Pictorum

515 896 735 963 quidem
778 908 973 946 manus
1011 892 1171 944 flores
1200 906 1360 946 omne
1390 906 1562 956 genus
1590 903 1729 954 quos
1759 887 1924 939 variae.
1951 894 2091 937 tem.

519 996 757 1057 pestates
805 985 989 1038 ferunt
1044 993 1159 1036 arti-2
1210 983 1490 1035 coloribus
1548 979 1857 1041 assimulat,
1901 977 2089 1030 florem

517 1096 649 1133 vero
691 1077 879 1130 formae
931 1090 993 1128 ac
1053 1077 1238 1142 gratiae
1288 1082 1405 1125 toto
1457 1089 1520 1125 ex
1584 1075 1843 1141 Augusta:
1879 1070 2090 1131 habitu,

522 1179 691 1231 tuotu,
724 1175 1019 1235 conspectu
1058 1167 1365 1218 radiantem
1401 1164 1584 1218 nullus
1631 1162 1870 1230 Apelles.
1906 1161 2091 1213 nullus

520 1258 761 1322 Phidias,
789 1271 881 1310 aut
908 1258 1022 1310 idea
1054 1257 1362 1322 designare,
1393 1264 1485 1309 aut
1506 1253 1760 1323 penicillo
1785 1253 2093 1321 exprimere

521 1360 726 1422 posset.
770 1349 1091 1407 Laudantur
1132 1346 1365 1412 insignia
1415 1361 1579 1413 opera
1643 1344 2089 1406 statuariorum;

516 1443 728 1497 nullum
750 1454 1005 1509 .unquam
1048 1438 1153 1493 tale
1190 1438 1412 1492 humani
1440 1437 1692 1506 corporis
1725 1435 2087 1487 simulacrum

515 1533 745 1589 exstitit.
786 1531 993 1586 Ferunt
1024 1529 1298 1597 Gorgonis
1327 1537 1493 1598 caput
1517 1536 1732 1582 vertere
1768 1527 1990 1581 solitum
2022 1540 2088 1578 ex

517 1623 829 1681 hominibus
861 1623 913 1675 in
946 1636 1078 1675 saxa
1113 1620 1204 1689 qui
1238 1619 1417 1688 ipsum
1445 1628 1738 1674 cernerent
1768 1636 1782 1672 :
1819 1619 1961 1670 hanc
1993 1615 2088 1684 qui

516 1714 725 1769 videret
778 1711 1172 1781 ingredientem
1218 1720 1440 1778 repente
1471 1710 1760 1778 perculsus
1793 1715 1847 1761 et
1873 1705 2090 1761 defixus

2193 524 2467 592 ἐφαίνετο·
2515 524 2617 578 οὐκ
2670 523 2969 593 unum,
3003 524 3065 576 οὐ
3095 524 3335 585 Φειδίας,
3385 522 3507 575 οὐδέ
3531 538 3617 585 τις
3669 520 3783 573 τῶν

2190 617 2652 685 ἀγαλματοποιῶν
2687 617 2931 669 τοιοῦτόν
2984 633 3114 669 ποτε
3147 619 3475 683 παρήγαγεν
3529 612 3781 681 ἄγαλμα.

2193 709 2304 761 Καὶ
2338 709 2370 777 ἡ
2409 708 2510 776 μὲν
2543 708 2644 777 τῆς
2668 708 2919 778 Γοργοῦς
2952 706 3164 776 κεφαλὴ
3199 702 3785 775 λίθουςέξάνθρώπων

2190 801 2316 861 τοὺς
2337 801 2582 864 ὁρῶντας
2621 800 2793 853 ἐποίει
2826 800 2902 863 ὡς
2934 800 3172 867 λέγεται,
3208 799 3306 867 τὴν
3338 800 3394 852 δὲ
3428 796 3553 851 ἰδὼν
3584 796 3649 851 ἄν
3686 812 3782 855 τις

2197 892 2545 962 βαδίζουσαν,
2576 894 2607 962 ἢ
2642 894 2841 962 αἴφνης
2867 892 3209 949 ὑπαντιάσας
3238 890 3283 922 ’⁵
3309 891 3563 959 ἐκεχήνει
3597 905 3655 939 τε
3687 887 3790 938 καὶ

2195 982 2288 1034 ἐπὶ
2318 980 2516 1034 ταύτοῦ
2550 983 2832 1050 σχήματος
2863 981 2947 1048 ἐφ’
2969 973 3013 1047 ᾧ
3045 980 3236 1048 ἔτυχεν
3264 978 3340 1031 ὢν
3383 979 3570 1031 ἵστατο
3601 975 3791 1050 ὲννεθς

2192 1073 2268 1136 ὡς
2323 1048 2995 1144 ἀφῃρῆσθαι-τηνικαῦτα
3055 1070 3255 1137 δοκεῖν,
3313 1072 3408 1121 καὶ
3450 1068 3647 1138 ψυχὴν,
3684 1048 3791 1120 καῖ

2193 1168 2459 1221 διάνοιαν.
2495 1168 2814 1235 Ἀναλογίαν
2835 1168 2944 1237 γὰρ
2963 1168 3223 1236 τοιαύτην
3262 1166 3440 1233 μελῶν
3471 1165 3565 1217 καὶ
3597 1162 3792 1232 μερῶν

2192 1259 2288 1312 τοῦ
2319 1260 2443 1312 ὅλου
2479 1259 2615 1329 πρὸς
2646 1260 2716 1312 τὰ
2767 1260 2933 1329 μέρη,
2969 1261 3063 1312 καὶ
3097 1259 3304 1312 τούτων
3349 1259 3488 1328 πρὶς
3529 1257 3590 1309 τὸ
3631 1255 3788 1317 ὅλον,

2192 1348 2371 1411 οὐδεὶς
2398 1347 2611 1401 οὐδέπω
2669 1347 2930 1418 τοιαύτην
2960 1350 3015 1399 ὲν
3048 1347 3343 1415 ἀνθρώπου
3374 1345 3590 1414 σώματι
3614 1344 3792 1397 ἐθεά-

2195 1454 2345 1493 σατο*
2400 1438 2621 1510 ἄγαλμα
2648 1438 2895 1508 ἔμψυχον
2948 1437 3039 1490 καὶ
3091 1437 3403 1508 ἀνθρώποις
3461 1434 3792 1504 φιλοκάλοις

2194 1532 2484 1601 ἐράσμιον.
2539 1530 2764 1599 Ἵμερος
2808 1529 2920 1600 γάρ
2973 1530 3237 1597 ἄντικρυς
3295 1523 3366 1598 ἦν
3419 1524 3792 1593 amputatis"?

2192 1617 2305 1676 οἷον
2326 1625 2406 1685 εἰς
2450 1621 2600 1675 τόνδε
2630 1621 2722 1674 τὸν
2765 1620 3046 1689 περίγειον
3084 1619 3128 1651 ³³
3173 1621 3402 1689 κόσμον.
3431 1615 3653 1677 Τούτοις
3682 1608 3790 1668 οὖν

2192 1715 2465 1780 ὁΚαίσαρ
2492 1710 2950 1781 ουγχρησάμενος
2985 1711 3131 1770 τότε.
3187 1708 3287 1779 τὴν
3350 1705 3452 1760 τσῦ
3512 1703 3792 1775 βασιλέως

514 1820 753 1861 occursu
786 1779 964 1873 primo
995 1804 1214 1857 astabat
1238 1802 1454 1855 inhians
1497 1802 1550 1854 iu
1586 1801 1703 1869 ipso
1742 1799 1927 1854 habitu
1967 1799 2087 1853 sine

2195 1779 2721 1876 xa‘tattaldctstttai.
2752 1779 3034 1872 χειροῦται
3060 1798 3262 1871 ψυχὴν,
3295 1799 3397 1852 κᾶν
3417 1796 3597 1850 πολλοὶ
3625 1793 3792 1863 αύτῷ

518 1911 671 1959 Voce,
707 1896 864 1966 quasi
894 1895 1077 1946 anima
1114 1893 1362 1961 privatus
1390 1899 1445 1945 et
1480 1906 1672 1946 sensu.
1705 1890 1876 1944 Tanta
1918 1888 2090 1957 siqui-

516 1994 639 2043 dem
673 1997 791 2043 erat
829 1986 1111 2055 proportio
1153 1984 1527 2038 membrorum
1563 1984 1644 2037 vel
1680 1987 1823 2036 inter
1864 1997 1924 2036 se
1969 1997 2090 2034 om-

519 2084 693 2143 nium,
750 2079 832 2133 vel
896 2078 1238 2147 singulorum
1279 2076 1345 2130 ad
1393 2077 1632 2145 singula,
1672 2075 1753 2131 vel
1808 2073 2088 2143 sigillatim

516 2176 784 2241 cujusque
811 2171 877 2225 ad
911 2180 1107 2232 totum,
1136 2181 1405 2239 quantam.
1438 2177 1493 2223 et
1539 2183 1702 2237 quam
1759 2168 2087 2221 concinnam

518 2268 809 2334 lepideque
864 2264 1167 2317 dimensam
1228 2275 1293 2315 ac
1341 2261 1671 2330 descriptam
1732 2258 1786 2311 in
1847 2260 2090 2312 humano

517 2370 683 2410 nemo
714 2353 894 2407 adlmc
919 2365 1159 2418 unquam
1192 2350 1402 2403 viderat
1433 2363 1686 2418 corpore.
1720 2346 2089 2402 Simulacrum

517 2445 582 2500 ad
615 2446 791 2498 ideam
836 2440 1260 2511 pulchritudinis
1286 2454 1349 2494 ac
1384 2449 1551 2493 totam
1599 2438 1784 2493 decori
1841 2437 1948 2491 vim
1981 2450 2092 2490 uno

514 2535 849 2605 compendio
904 2532 1296 2602 colligendam,
1329 2538 1385 2585 et
1420 2530 1706 2584 hominum
1752 2530 1846 2598 qui
1902 2544 2087 2583 rerum

517 2627 871 2696 pulchrarum
905 2639 1126 2677 sensum
1174 2623 1412 2690 aliquem
1458 2622 1725 2676 haberent
1780 2634 1999 2673 amores
2035 2619 2088 2672 in

516 2712 587 2775 se
620 2720 867 2772 omnium
915 2713 1211 2769 vertendos
1262 2712 1494 2776 ﬁctum;
1550 2722 1644 2766 aut
1701 2712 1884 2782 potius
1938 2725 2092 2764 amor

518 2812 679 2881 plane
733 2810 852 2880 ipse
903 2813 1226 2876 corporatus
1257 2804 1313 2858 in
1347 2804 1496 2889 hunc
1537 2813 1856 2859 terrestrem
1887 2803 2088 2856 orbem

516 2902 773 2970 delapsus
803 2914 835 2953 e
874 2902 1035 2953 caelo.
1073 2895 1200 2951 Haec
1227 2894 1465 2949 validum
1496 2892 1694 2947 Joauni
1721 2891 1926 2948 Caesari
1958 2908 2091 2958 sup-

518 2993 835 3064 peditarunt
894 2997 1279 3059 argumentum
1332 2987 1398 3042 ad
1456 2986 1808 3042 molliendum
1856 2985 2089 3039 doman-

2196 1897 2592 1953 συνεϐούλευον
2611 1895 2711 1964 τὴν
2735 1894 2988 1964 βασιλίδα
3014 1890 3325 1961 ἀγαγέσθαι
3348 1889 3613 1943 Εὑδοκίαν
3637 1886 3789 1956 (80),

2194 1991 2326 2060 περὶ
2353 1983 2423 2060 ἦς
2461 1984 2893 2055 ὕπετονθόρυζόν
2951 2001 3096 2045 τινες
3118 1983 3193 2044 ὡς
3232 1983 3332 2051 τῆς
3365 1979 3641 2050 βασιλείας
3681 1979 3794 2031 καὶ

2190 2082 2351 2145 αὖθις
2410 2078 2740 2150 ίμειρομένη
2812 2077 2905 2129 τὸν
2979 2075 3345 2143 Βοτανειάτην
3394 2074 3631 2143 ὁπηνίκα
3680 2069 3793 2138 τὴν

2192 2174 2441 2246 Δάμαλιν
2469 2170 2793 2233 κατέλαϐεν,
2832 2169 3192 2236 ἐπειγόμενος
3212 2167 3292 2228 είς
3313 2164 3417 2217 τὸν
3440 2165 3485 2196 ’⁸
3504 2161 3795 2233 βασίλειον

2191 2264 2500 2336 ἀναχθῆναι
2527 2261 2816 2333 περιωπὴν
2850 2261 2916 2324 ⁸⁷,
2967 2257 3059 2313 διὰ
3106 2255 3453 2328 γραμμάτων
3498 2252 3797 2323 ἐσφετερί-

2192 2360 2338 2424 ζετοο
2373 2357 2427 2411 oi
2478 2356 2537 2410 δὲ
2591 2357 2674 2408 ὅτι
2721 2354 2783 2407 οὐ
2836 2352 2999 2423 χάριν
3053 2352 3282 2420 ἑαυτῆς,
3322 2348 3458 2402 ἀλλὰ
3494 2348 3592 2415 τῆς
3641 2345 3794 2408 ἰδίας

2194 2452 2351 2521 Ζωῆς
2376 2450 2489 2520 (8|)
2527 2448 2627 2517 τῆς
2659 2445 3182 2517 Πορφυρογεννήτου
3223 2443 3291 2497 ⁸⁸.
3335 2443 3442 2497 Καὶ⁵
3487 2439 3630 2509 τάχα
3663 2437 3798 2521 διηέ

2191 2519 2349 2599 νύκει
2377 2542 2445 2595 ἂν
2475 2542 2536 2595 τὸ
2566 2537 3030 2603 σπουδαζόμενον,
3062 2539 3112 2589 εί
3150 2537 3224 2606 μή
3261 2552 3345 2598 τις
3369 2534 3477 2586 τῶν
3506 2519 3793 2601 Θεραπόνζ

2202 2653 2313 2690 των
2337 2633 2436 2702 τῆς
2465 2630 2647 2701 ὁρμῆς
2694 2628 2900 2698 ταύτης
2951 2628 3206 2694 ἀνέκυψε,
3235 2626 3389 2678 Λέων
3452 2620 3718 2690 ἐκτομίας
3757 2622 3791 2671 ὁ

2194 2722 2581 2791 Κυδωνειάτης
2608 2719 2779 2773 πολλὰ
2809 2720 2904 2774 καὶ
2936 2719 3166 2789 καιρίως
3191 2716 3237 2748 ³⁸
3264 2716 3398 2786 πρδς
3426 2714 3596 2784 αὐτὴν
3625 2715 3790 2781 εἰρη-

2193 2816 2326 2880 κὼς,
2359 2814 2395 2868 ἂ
2424 2812 2567 2866 κατὰ
2625 2812 2796 2882 μέρος
2858 2808 3229 2877 ἀπαγγέλλειν
3294 2810 3428 2877 ἡμῖν
3479 2804 3541 2857 ού
3593 2801 3780 2869 Θέμις,

2192 2907 2354 2977 φύσει
2385 2905 2448 2958 τὸ
2481 2902 2797 2958 amatum
2841 2899 3380 2971 ἀποστρεφομένοις,
3422 2897 3535 2956 τοῖς
3568 2893 3624 2945 δὲ
3665 2891 3785 2943 τῶν

2193 2996 2455 3052 τοιούτων
2510 2995 2824 3063 λογοποιοῖς
2882 2992 3086 3056 παντὸς
3141 2992 3185 3023 ³ο
3249 2992 3342 3043 καὶ
3395 2987 3525 3056 περὶ
3571 2983 3791 3037 τούτων

516 3086 757 3153 dutnque
794 3082 1094 3137 Botaniatis
1115 3083 1354 3133 animum
1383 3078 1436 3132 in
1469 3078 1698 3146 gratiam
1727 3077 2088 3132 desiderium-

2200 3090 2448 3158 μελήσει.
2522 3086 2585 3139 '0
2631 3085 2821 3154 μέντοι
2876 3085 3100 3153 Καῖσαρ
3180 3080 3441 3149 Ἰωάννης
3502 3076 3793 3139 παντοίως

514 3192 623 3246 que
663 3174 875 3241 Marite;
911 3174 1000 3228 cui
1036 3182 1093 3225 ttt
1122 3170 1398 3242 praeferret
1431 3169 1726 3225 Eudociam
1751 3169 1903 3223 multi
1932 3177 2088 3223 erant

514 3276 772 3321 auctores
829 3278 844 3316 :
897 3278 1060 3330 quam
1119 3269 1175 3316 et
1223 3275 1407 3314 sermo
1460 3267 1814 3315 cmanaverat
1874 3259 2086 3327 imperii

516 3356 826 3426 regustandi
880 3356 1136 3423 cupidam
1191 3352 1284 3407 ubi
1330 3351 1666 3406 Botaniatem
1711 3351 1779 3405 ad
1828 3350 2086 3404 thronum

516 3455 905 3518 properantem
990 3457 1297 3511 occupasse
1367 3442 1632 3496 Damalim
1705 3441 2087 3512 cognovisset,

516 3537 755 3591 voluisse
794 3533 1096 3588 conciliare
1127 3532 1233 3587 sibi
1266 3546 1390 3585 eum
1418 3546 1511 3600 per
1553 3532 1762 3586 litteras
1793 3532 1960 3602 (quod
2003 3538 2097 3585 ta-‘

514 3640 637 3679 men
671 3622 762 3677 alii
804 3631 1067 3677 tentatum
1094 3622 1162 3675 ab
1186 3621 1273 3674 illa
1303 3636 1411 3674 non
1450 3604 1753 3675 ambitione
1801 3622 1952 3690 regni
1981 3620 2087 3675 sibi

516 3715 766 3784 parandi,
807 3713 902 3767 sed
927 3728 1114 3766 amore
1150 3710 1289 3765 Zoes
1329 3710 1817 3782 Porpltyrogenitze
1838 3713 1927 3767 cui
1956 3728 2089 3767 con-

514 3805 719 3860 sultum
748 3812 976 3872 cuperet
1026 3802 1388 3871 contendunt)
1442 3804 1856 3873 cogitatumque
1920 3802 2090 3858 fuisse

516 3892 880 3963 perfecturam
914 3894 1015 3946 nisi
1063 3893 1284 3960 quidam
1330 3906 1398 3945 ex
1455 3892 1575 3960 ejus
1619 3892 1939 3947 domesticis
1979 3891 2090 3947 Leo

517 3983 806 4037 eunuchus
856 3981 1004 4035 illam
1037 3995 1065 4033 a
1100 3982 1189 4033 tali
1220 3980 1456 4035 consilio
1501 3980 1846 4045 deduxisset,
1901 3982 2090 4035 multis

515 4075 657 4147 apud
692 4091 809 4130 eam
839 4081 892 4128 in
914 4083 1159 4143 tempore
1185 4073 1709 4138 commemorandis,
1738 4089 1859 4143 qua:
1888 4073 2089 4127 distin-

516 4171 661 4223 ctius
705 4166 911 4221 referre
936 4166 1005 4219 sit
1043 4164 1198 4219 nefas
1246 4165 1406 4219 nobis
1439 4164 1685 4233 quidem,
1736 4164 1944 4234 judicio
1992 4179 2089 4218 na-

518 4269 652 4313 tura:
680 4269 844 4326 atque
872 4256 1240 4313 institutionis
1281 4256 1571 4325 disciplina
1621 4257 1690 4310 ab
1740 4257 2087 4311 obtrectandi

517 4358 770 4422 maleque
798 4348 1016 4404 dicendi
1069 4348 1205 4403 vitio
1255 4348 1707 4420 abhorrentibus.
1753 4348 1987 4403 Abunde
2025 4363 2089 4407 ac

2194 3180 2360 3236 αὐτὸν
2438 3175 2715 3248 μετελθὼν
2770 3175 2945 3247 πέρας
2988 3175 3188 3229 δέδωκε
3242 3175 3307 3245 τῇ
3358 3171 3522 3243 βουλῇ
3577 3170 3792 3230 πείσας

2197 3271 2537 3341 συναφθῆναι
2593 3270 2660 3338 τῇ
2717 3267 2953 3338 βασιλίδι
3006 3267 3236 3337 Μαρῖᾳ,
3295 3262 3481 3325 καθὼς
3531 3261 3559 3314 ό
3617 3261 3794 3326 λόγος

2199 3361 2535 3430 σαφέστερον
2568 3358 2784 3427 φθάσας
2817 3356 3077 3425 ἐδήλωσε,
3106 3355 3407 3409 κάντεῦθεν
3460 3352 3793 3423 παρρησίαν

2198 3453 2402 3522 πολλὴν
2470 3451 2695 3520 ὲσχήκει
2746 3450 2883 3519 πρὸς
2937 3450 3121 3504 αὐτόν.
3191 3448 3345 3501 Ἐπεὶ
3411 3448 3456 3501 δ’
3509 3448 3566 3498 ἔν
3633 3462 3797 3498 τισιν

2198 3543 2436 3615 ἡμέραις
2496 3540 2650 3595 ταῦτ’
2740 3542 2986 3594 ἐτελεῖτο
3020 3576 3035 3601 ,
3109 3540 3183 3609 μὴ
3261 3537 3599 3608 βουλομένων
3669 3533 3795 3588 τῶν

2199 3632 2551 3706 Κομνηνῶν,
2611 3632 2811 3704 ἀθρόον
2883 3632 3052 3702 αὐτὴν
3119 3630 3396 3685 ἀπελάσαι
3451 3629 3562 3681 τῶν
3620 3626 3795 3695 βασι-

2196 3728 2379 3791 λείων,
2413 3726 2511 3780 ﬁte
2551 3723 2761 3778 πολλῶν
2814 3724 2987 3791 αὐτῆς
3020 3722 3477 3793 εὐεργετημάτων
3505 3719 3795 3788 τυχόντων

2198 3817 2331 3887 παρ’
2384 3818 2505 3872 ὅλον
2565 3817 2657 3870 τὸν
2682 3815 2785 3886 τῆς
2841 3815 3118 3883 βασιλείας
3177 3813 3351 3882 αὐτῆς
3404 3812 3620 3882 χρόνον,
3681 3815 3792 3883 οὐχ

2195 3907 2359 3983 ἦττον
2391 3909 2447 3962 δὲ
2477 3911 2571 3963 καὶ
2599 3908 2667 3962 δι’
2692 3909 2758 3980 ἥν
2787 3907 2946 3978 ἔσχον
2987 3907 3123 3978 πρὸς
3165 3906 3338 3975 αὐτὴν
3375 3904 3671 3974 συνήθειαν
3719 3909 3793 3976 τῇ

2198 3999 2477 4069 προφάσει
2532 3999 2628 4069 τῆς
2676 3997 2736 4064 ἐξ
2789 3997 3114 4068 ἀμφοτέρων
3164 3994 3277 4049 τῶν
3322 3995 3507 4065 μερῶν
3572 4011 3799 4062 συμπεο

2201 4091 2403 4162 σούσης
2459 4091 2801 4159 συγγενείας,
2833 4089 3019 4143 πολλοὶ
3075 4089 3140 4141 ὲκ
3194 4078 3415 4141 πολλῶν
3464 4087 3798 4157 συνείροντο

2196 4182 2346 4251 λόγοι
2398 4183 2687 4253 νοημάτων
2733 4181 3008 4249 διαφόρων
3074 4178 3476 4247 ἑξαγγελτικοὶ,
3532 4178 3644 4232 τῶν
3679 4179 3795 4247 μὲν

2198 4274 2376 4336 ἄλλως
2434 4271 2932 4343 ἐκλαμϐανομένων
2991 4272 3060 4325 τὰ
3114 4253 3666 4341 πραττόμεναίτῶν
3726 4271 3795 4324 δὲ

2142 4423 2153 4431 _
2197 4365 2422 4435 ἑτέρως.
2470 4364 2545 4426 ὡς
2605 4364 2837 4428 ἕκαστος
2889 4363 3097 4427 ἐννοίας
3151 4364 3218 4429 ³¹,
3272 4362 3307 4434 ἢ
3343 4362 3533 4432 μίσους
3562 4346 3692 4431 εἶχε
3718 4365 3799 4418 τὰ

518 4442 641 4510 plus
665 4440 798 4495 satis
823 4440 955 4493 talia
983 4448 1282 4509 suggerent
1325 4454 1616 4508 sparsurus
1653 4440 2088 4509 collectoresqtte

2200 4458 2336 4529 πρὸς
2369 4456 2563 4525 αὐτὴν,
2595 4454 2703 4508 τῶν
2738 4455 3010 4524 εἰωρὸτων
3041 4456 3107 4508 ἐκ
3136 4455 3535 4525 προαιρέσεως,
3568 4452 3666 4506 καὶ
3706 4456 3798 4526 μὴ

519 4533 864 4602 populariqu
897 4544 1197 4588 rumorum.
1228 4529 1495 4584 Caeterum
1528 4528 1767 4585 Joannes
1793 4530 1975 4585 Caesar
1999 4532 2090 4586 diu

518 4626 807 4679 obsessum
863 4632 919 4676 et
958 4624 1104 4676 varie
1156 4632 1425 4677 tentatum
1486 4621 1788 4678 Botaniatis
1844 4624 2089 4678 animum

521 4713 739 4767 tandem
793 4702 1032 4781 perpulit
1083 4720 1141 4765 ιιι
1183 4711 1407 4765 Mariam
1446 4714 1748 4782 Augustam
1802 4716 2090 4786 conjugetn

520 4806 764 4868 duceret,
796 4817 920 4872 qua:
969 4818 1056 4857 res
1092 4803 1169 4856 illi
1208 4819 1469 4873 magnam
1506 4804 1648 4873 apud
1702 4820 1824 4860 eam
1860 4808 2089 4876 gratiam

522 4896 759 4967 paravit,
782 4911 890 4966 qua
924 4894 1114 4957 fretus,
1152 4907 1208 4949 ut
1232 4895 1367 4957 dixi,
1397 4897 1629 4950 suadere
1661 4897 1764 4964 ipsi
1790 4912 2084 4969 aggressus

523 4998 694 5044 estut
733 4988 935 5059 palatio
966 4988 1167 5043 exiret.
1240 4985 1446 5042 Verum
1499 5004 1624 5043 cum
1684 5006 1745 5044 ea
1797 5006 1883 5046 res
1940 4994 2087 5049 lenta

2199 4549 2275 4611 ὡς
2309 4547 2494 4617 έχουσι
2522 4546 2732 4617 κρίνειν
2766 4546 2835 4599 τά
2861 4547 3184 4617 πράγματα.
3240 4547 3348 4598 Καὶ
3399 4544 3464 4614 δὴ
3514 4544 3799 4613 στέφεται

2198 4640 2338 4701 τέως
2365 4640 2393 4691 ὁ
2428 4636 2662 4701 Ἀλέξιος
2691 4637 2851 4708 μόνος
2878 4640 3028 4708 παρὰ
3073 4638 3171 4706 τῆς
3216 4635 3397 4702 δεξιᾶς
3445 4634 3540 4689 τοῦ
3584 4636 3799 4705 ἀρχιε-

2203 4728 2341 4799 ρέως
2371 4729 2590 4797 Κοσμᾶ.
2658 4728 2769 4781 Καὶ
2825 4727 2935 4798 γὰρ
2968 4727 3045 4797 τῷ
3071 4727 3320 4798 τετάρτῳ
3349 4726 3460 4779 ἔτει
3493 4728 3593 4795 τῆς
3622 4727 3802 4796 βασι-

2200 4817 2350 4881 λείας
2385 4818 2609 4887 Μιχαὴλ
2644 4816 2736 4870 τοῦ
2774 4817 2957 4869 Δούκα
2982 4819 3076 4869 καὶ
3110 4816 3205 4870 τοῦ
3246 4815 3364 4869 υἱοῦ
3416 4817 3797 4870 Κωνσταντί-

2198 4926 2289 4961 νου
2348 4904 2754 4978 αὐτοκράτορος
2820 4907 3239 4978 τελευτήσαντος
3300 4908 3393 4961 τοῦ
3475 4908 3796 4977 ίερωτάτου

2198 5000 2542 5069 πατριάρχου
2615 4999 2863 5053 Ἰωάννου
2924 4999 3022 5052 τοῦ
3078 4999 3361 5069 Ξιιριλίνου
3420 4999 3532 5070 (8Ξ)
3600 5000 3796 5068 μηνὸς

1533 5104 1730 5168 Varia)
1775 5107 2080 5173 lectiones
2113 5132 2189 5175 ex
2232 5112 2375 5175 cod.
2409 5111 2667 5174 Coislin.

609 5205 657 5279 ’ἦ
681 5201 1051 5279 ὕπαντιιῖξσας.
1111 5204 1196 5279 ι⁹⁸
1225 5202 1385 5258 Deest
1426 5218 1530 5259 vox
1581 5207 1878 5279 περίγειον.

521 5275 567 5308 ³⁸
593 5277 832 5336 πάντως.
908 5273 951 5305 ³⁸
979 5272 1213 5338 εὐνοίας.

1987 5215 2033 5245 ⁸⁸
2065 5217 2184 5284 τήν.

2314 5215 2680 5285 ’τπεριοπήν.
2791 5215 3377 5287 ²⁸ιΙορφυρογενήτου.
3482 5214 3791 5286 ³’καίριαη

1593 5396 1730 5457 Car.
1767 5395 2090 5458 Dufresnii
2124 5399 2217 5460 Du
2255 5400 2475 5477 Cangii
2508 5407 2693 5463 notos.

595 5515 705 5584 (80)
757 5512 1078 5584 Εῠδοκίαν.
1150 5512 1448 5568 Eudociam
1503 5517 1876 5575 Dalassenam.
1937 5518 2087 5573 Con-

523 5584 756 5722 ἓιῖιέίὶυἰ
813 5586 972 5638 Ducat
1029 5583 1160 5651 imp.
1236 5584 1479 5640 viduam.
1526 5584 1747 5659 St-ylitz.
1777 5628 1793 5654 ,
1839 5587 2039 5646 Zonar.
2068 5629 2085 5655 ,

600 5692 713 5788 isi)
732 5722 918 5789 Ζωῆς.
937 5721 1076 5781 Zoes
1091 5720 1359 5796 Ductenze,
1382 5722 1727 5783 Constantini
1748 5727 2113 5799 Duczeimpe-.

2192 5522 2391 5578 ratoris
2421 5539 2481 5577 ex
2517 5523 2708 5578 eadem
2747 5521 2993 5579 Eudocia’
3034 5525 3176 5580 illiw.

2269 5592 2383 5664 (89.)
2431 5593 2768 5670 Ξιςξιλίνου.
2839 5594 3083 5670 Joannes
3169 5595 3517 5670 Xipbilintts,
3570 5601 3790 5670 patria

2199 5659 2649 5743 Trapezuntinus
2674 5706 2689 5729 ,
2753 5665 3002 5743 patronus
3041 5659 3270 5743 Joannis
3310 5659 3623 5743 Χίιῄιὶιὶιιίί,
3672 5676 3793 5738 qui

2206 5734 2396 5790 Dionis
2449 5735 2724 5804 epitomen
2756 5734 3050 5801 ’confecit,
3095 5735 3359 5794 Micltaele
3389 5734 3549 5792 'Duea
3593 5734 3789 5808 impe-
3868 5756 3871 5757 '
