4050 6432
384 5490 394 5503 I
487 5434 533 5466 δ’
560 5434 682 5486 κατ’
706 5434 983 5501 ἀλλήλοις.

500 316 605 378 2-57

1770 305 1998 367 ANN/E
2027 305 2410 368 COMNENAE

3663 292 3765 364 268

498 438 552 482 et
592 430 777 482 iI'NWS
811 425 1069 495 majestas
1099 432 1151 479 et
1186 424 1355 479 decor
1385 423 1658 480 emicabat
1682 421 2078 478 incredibiliter

2192 421 2291 493 ξίῳ
2320 439 2379 474 τε
2431 421 2527 476 καὶ
2579 420 2788 493 Εἰρήνῃ
2846 418 3154 489 ἀμήχανοι,
3192 413 3288 468 καὶ
3331 413 3413 477 είς
3452 412 3600 470 ἅπαν
3637 415 3765 486 ἀμί-

501 518 821 589 splendens,
877 526 931 573 et
984 519 1144 588 plane
1200 516 1553 571 inimitabilia
1594 523 1712 573 arte
1768 515 2084 586 quantavis.

499 609 692 682 Neque
725 613 873 666 enim
910 612 1089 682 pittor
1126 613 1280 666 illum
1323 610 1632 681 archetypa:
1656 608 2089 679 pulchritudinis

498 705 687 759 ﬂorem
734 704 966 759 intuens
1003 705 1315 775 exprimere
1362 713 1421 759 ut
1479 703 1720 759 maxime
1765 711 1998 756 conetur
2030 700 2084 755 in

500 796 687 851 tabula
725 808 885 866 qut-at
929 816 942 852 :
990 813 1168 866 neque
1219 797 1545 860 statuarius,
1598 803 1659 850 ut
1715 808 1948 850 summa:
2000 795 2087 846 in-

499 888 731 943 dustriae
755 890 864 959 76
900 905 1100 946 nervos
1130 889 1431 947 contendat
1463 903 1675 953 omnes,
1706 886 1927 942 etiamsi
1970 896 2083 941 t0ta

499 981 611 1035 vita
670 982 758 1036 illa
820 983 1084 1055 l’o’yclcti
1139 982 1585 1038 elaboratissima
1655 980 1814 1050 signa
1884 995 2088 1049 magno

499 1075 794 1129 aemulandi
819 1076 1006 1130 studio
1032 1076 1442 1144 contemplatus
1470 1073 1562 1137 sit,
1591 1073 1667 1127 ita
1698 1087 1942 1142 unquam
1975 1085 2088 1125 ma-

500 1168 692 1220 teriam
728 1168 1027 1222 inanitnam
1066 1168 1290 1239 tingere,
1329 1169 1582 1238 sculpere
1613 1165 2086 1236 conformareque

499 1259 674 1327 possit
722 1266 782 1312 ut
833 1260 1164 1328 spirantium
1216 1260 1452 1314 istorum
1508 1266 1722 1312 natura
1758 1256 2087 1310 simulacro-

499 1364 645 1414 rum,
709 1350 989 1418 Augustos
1038 1350 1164 1405 dico
1216 1365 1414 1405 recens
1465 1356 1783 1411 coronatos,
1841 1347 2084 1418 speciem

504 1441 886 1498 admirabilem
919 1453 1299 1514 repraesentet.
1335 1443 1542 1498 Horum
1593 1441 1820 1496 Alexius
1859 1440 2081 1510 quidem

501 1543 717 1588 statura
751 1534 855 1590 fuit
886 1551 995 1589 non
1034 1538 1261 1589 tnultum
1283 1536 1570 1598 eminenti,
1606 1543 1866 1590 caeterum
1896 1534 2083 1604 plena,

497 1641 599 1680 nec
631 1628 855 1682 modum
882 1639 1063 1683 tamen
1095 1629 1414 1692 excedente,
1454 1626 1783 1682 habitudine
1805 1625 2083 1696 corporis.

494 1719 689 1790 Itaque
719 1720 869 1776 illius
921 1722 1153 1790 pedibus
1188 1721 1499 1775 insistentis
1539 1734 1644 1774 non
1697 1727 1909 1773 tantum
1956 1732 2084 1789 per-

494 1810 729 1866 cellebat
777 1811 1060 1866 intuentes
1113 1812 1396 1880 tnajestas,
1448 1820 1716 1881 quantum
1765 1811 1819 1864 in
1883 1810 2085 1864 throno

496 1904 796 1961 residentis
829 1907 1007 1976 regio.
1058 1914 1115 1959 et
1167 1920 1353 1959 acrem
1395 1905 1525 1960 inde
1576 1904 1864 1959 oculorum
1904 1903 2081 1958 aciem

494 2009 689 2052 contra
715 1997 1005 2053 vibrantis.
1029 1997 1186 2052 Tunc
1217 1999 1364 2052 enim
1395 1998 1530 2052 nihil
1567 1996 1752 2052 minus
1780 1996 2085 2052 terriﬁcum

495 2091 933 2161 praestinguebat
985 2091 1137 2146 visus
1186 2091 1491 2145 astantium
1541 2103 1706 2162 quam
1748 2089 1896 2161 quod
1930 2089 2085 2145 elisis

496 2187 742 2242 nubibus
776 2186 961 2258 fulgur
1016 2186 1379 2256 resplendcns
1420 2186 1723 2241 connivere
1767 2185 2084 2241 audacissi-

495 2298 615 2337 mos
662 2284 843 2353 cogit;
889 2290 1038 2337 tanta
1082 2297 1148 2337 ex
1203 2289 1320 2336 toto
1380 2296 1489 2336 non
1539 2281 1717 2337 solum
1763 2280 1940 2345 vultu,
1985 2280 2081 2336 sed

492 2378 660 2430 etiam
718 2390 951 2447 corpore
1002 2391 1068 2431 ac
1105 2374 1548 2430 conformatione
1594 2374 1855 2430 universa
1906 2388 2081 2427 mem-

494 2469 721 2523 brorum
783 2468 871 2522 lux
936 2468 1251 2538 imperiosa:
1302 2481 1367 2522 ac
1422 2467 1832 2522 venerationem
1900 2475 2086 2521 extor-

497 2564 717 2630 quentis
774 2562 1053 2616 emicabat
1127 2560 1437 2631 dignitatis.
1501 2556 1732 2629 Nigrum
1802 2558 2083 2629 utrimque

498 2655 859 2725 supercilium
890 2653 1168 2708 concinne
1211 2655 1587 2707 curvabatur:
1617 2661 1669 2707 et
1722 2667 1823 2707 sua
1878 2653 2082 2721 cuique

498 2750 744 2819 Snbjecta
793 2747 994 2817 pupilla
1037 2745 1273 2802 blandos
1328 2745 1496 2801 simul
1530 2744 1722 2801 eadem
1774 2744 2084 2799 terribiles-

492 2856 600 2908 qne
629 2840 794 2894 dabat
831 2857 846 2895 :
880 2847 939 2893 ut
973 2854 1003 2893 a
1036 2839 1187 2909 jactu
1223 2837 1541 2901 obtutuum,
1576 2851 1606 2891 a
1635 2838 1849 2908 fulgore
1874 2837 2077 2902 rullus,

493 2948 523 2984 a
568 2933 835 3003 dignitate
857 2946 1123 3003 genarum
1164 2942 1295 3000 apte
1343 2931 1598 3000 insperso
1632 2930 1833 2985 rubore
1878 2929 2082 2984 mican-

492 3026 652 3092 tium,
685 3026 835 3081 misti
895 3025 1200 3096 tnajestatis
1249 3026 1669 3096 clementiaeque
1724 3024 1863 3079 radii
1913 3023 2077 3081 simul

2194 530 2356 583 μητοι
2414 514 2508 568 καὶ
2567 512 2693 567 οὔτε
2752 513 3001 583 γραφεὺς
3042 507 3309 580 γράψειεν
3341 505 3407 560 ἂν
3437 504 3577 578 πρὸς
3601 505 3766 576 ἀρχε-

2187 607 2392 672 τυπίας
2445 608 2489 641 ³⁸
2525 607 2622 662 τοῦ
2671 606 2907 670 κάλλους
2933 604 3096 676 ὁρῶν,
3122 600 3251 656 οὔτε
3284 599 3530 666 λιθοξόος
3562 599 3767 670 ἄψυχον

2188 701 2380 754 οὐσίαν
2404 700 2548 753 οὕτω
2584 699 2910 771 ῥυθμήσειε,
2929 697 2982 751 εῐ
2995 713 3078 754 τις
3092 696 3159 750 ἂν
3178 694 3313 766 πρὸς
3336 693 3405 748 τά
3431 692 3531 764 τῆς
3557 690 3771 762 φύσεως

2188 795 2482 866 ἀγάλματα
2497 794 2697 856 ταῦτα,
2727 791 2872 861 λέγω
2887 790 2952 861 δὴ
2974 790 3103 852 τοὺς
3127 788 3475 859 ἀρτιστεφεῖς
3503 786 3772 855 αὐτοκρά-

2187 906 2378 958 τορας,
2403 888 2499 941 καὶ
2526 887 2667 957 πρὸς
2700 884 2770 938 τά
2799 884 2894 938 τοῦ
2927 881 3299 936 Πολυκλείτου
3339 879 3553 934 ἐκείνου
3603 895 3774 932 σπου-

2186 984 2445 1051 δάσματα
2483 979 2871 1049 ἀποϐλέψειεν.
2920 977 2981 1030 Ὀ
3007 977 3108 1048 μὲν
3123 975 3236 1047 γὰρ
3265 973 3507 1040 Ἀλέξιος
3534 973 3598 1027 ού
3624 973 3769 1027 πάνυ

2192 1075 2290 1144 μὲν
2320 1074 2429 1129 ἀπὸ
2451 1074 2550 1146 τῆς
2571 1075 2676 1143 γῆς
2699 1074 2907 1144 ἐπῆρτο
2926 1073 3020 1126 ἐπὶ
3036 1072 3288 1137 πολὺ,εις
3302 1068 3460 1140 εὖρος
3483 1070 3541 1123 δὲ
3559 1069 3776 1140 συμμέσ

2188 1183 2333 1236 τρως
2355 1184 2472 1230 πως
2501 1167 2793 1237 ηὐρύνετο.
2822 1168 2933 1220 Καὶ
2966 1167 3261 1236 ἱστάμενος
3294 1162 3395 1235 μὲν
3421 1164 3485 1217 ού
3511 1162 3774 1218 τοσοῦτον

2190 1257 2399 1327 θάμϐος
2425 1258 2596 1311 ἐδίδου
2614 1260 2727 1321 τοῖς
2747 1257 3067 1328 θεωμένοις,
3092 1257 3140 1310 εί
3170 1255 3228 1310 δὲ
3252 1256 3346 1309 ἐπὶ
3370 1254 3468 1308 τοῦ
3488 1254 3772 1325 βασιλείου

2189 1348 2470 1403 καθίσειεν
2502 1343 2660 1414 οὗτος
2688 1349 2883 1419 θρόνου
2909 1351 3002 1405 καὶ
3023 1348 3318 1419 γοργωπὸν
3349 1348 3514 1411 σέλας
3534 1349 3774 1417 ἀφήσειε

2187 1443 2297 1496 τῶν
2322 1444 2648 1515 ὀφθαλμῶν,
2681 1444 2936 1515 πληστὴρ
2965 1443 3166 1509 ἐδόκει,
3224 1443 3321 1496 καὶ
3349 1443 3565 1512 ἄμαχον
3595 1440 3777 1510 αὐγὴν

2189 1535 2554 1591 ἀποστέλλειν
2585 1538 2682 1591 καὶ
2712 1536 2808 1590 τοῦ
2844 1537 3146 1610 προσώπου
3182 1536 3280 1591 καὶ
3330 1537 3430 1604 τῆς
3464 1535 3594 1604 ὅλης
3626 1534 3779 1606 διορ-

2188 1627 2502 1696 γανώσεως.
2553 1630 2804 1684 Μέλαινα
2837 1632 2937 1700 μὲν
2980 1632 3087 1702 γάρ
3140 1630 3373 1700 ὴόφρὺς
3427 1626 3779 1697 ἑκατέρωθεν

2188 1721 2512 1791 ἐκυρτοῦτο,
2539 1725 2605 1794 τῇ
2632 1722 2689 1775 δὲ
2709 1722 2992 1793 ὀφθαλμὸς
3024 1721 3340 1792 ὑπεκάθητο
3366 1721 3627 1794 βλοσυρὸν
3652 1721 3777 1792 ἅμα

2114 1786 2161 1844 Β
2191 1786 2522 1884 καὶνῆμερον
2555 1786 2781 1885 ἐνορῶν,
2813 1786 2906 1877 ὡς-
2920 1786 3035 1869 ἀπό
3055 1830 3115 1866 τε
3140 1813 3243 1883 τῆς
3265 1786 3439 1885 *βολῆς
3457 1815 3502 1847 ³⁷
3528 1786 3638 1867 τῶν
3665 1786 3779 1885 δμ-

2191 1905 2382 1974 μάτων
2413 1907 2511 1960 καὶ
2541 1909 2642 1977 τῆς
2677 1907 3073 1979 στιλπνότητος
3100 1907 3195 1961 τοῦ
3228 1906 3529 1979 προσώπου
3560 1907 3628 1971 ³⁸,
3674 1909 3779 1960 καὶ

2184 1996 2298 2051 τῶν
2327 1998 2575 2071 παρειῶν
2604 2000 2705 2071 τῆς
2732 2002 3068 2070 σεμνότητος
3104 2002 3201 2055 καὶ
3234 2001 3331 2055 τού
3384 2001 3778 2072 ἐπιτρέχοντος

2185 2090 2384 2155 αὐταῖς
2410 2091 2672 2164 ἐρεύθους
2703 2093 2842 2163 ὁμοῦ
2898 2099 2993 2147 καὶ
3026 2094 3329 2148 δεδοικέναι
3375 2110 3436 2148 τε
3481 2094 3581 2147 καὶ
3632 2093 3778 2166 Bap-

2187 2183 2331 2253 ῥεῖν.
2362 2182 2487 2240 Τῶν
2524 2200 2585 2239 τε
2619 2184 2790 2257 ὤμων
2820 2188 2853 2259 ἡ
2887 2186 3130 2259 εὐρύτης
3171 2187 3267 2241 καὶ
3311 2184 3425 2241 τῶν
3465 2184 3779 2257 βραχιόνων

2183 2279 2249 2332 τὸ
2300 2280 2533 2352 στερρὸν
2580 2281 2678 2334 καὶ
2722 2280 2835 2335 τῶν
2892 2282 3132 2353 στέρνων
3177 2280 3512 2354 ὴπροόολὴ,
3551 2281 3781 2350 ἠρωῖγά

2184 2371 2384 2433 πάντα,
2413 2373 2509 2427 καὶ
2542 2372 2678 2437 ὅλως
2692 2377 2773 2438 εἰς
2805 2372 3013 2444 θάμϐος
3041 2373 3135 2427 καὶ
3173 2373 3365 2445 τέρψιν
3390 2376 3520 2438 τοὺς
3539 2372 3783 2439 πολλοὺς

2183 2464 2588 2537 ἐκκαλούμενα.
2621 2466 2696 2520 Τὸ
2724 2468 2835 2537 γὰρ
2857 2468 2992 2520 αὐτὸ
3019 2467 3115 2521 τοῦ
3140 2466 3331 2540 ἀνδρὸς
3360 2466 3457 2521 καὶ
3475 2466 3624 2538 ῶραν
3652 2463 3779 2537 εἶχε

2184 2556 2282 2611 καὶ
2310 2558 2495 2628 χάριν,
2548 2558 2718 2631 βάρος
2754 2560 2799 2592 ³⁸
2824 2560 2921 2613 καὶ
2947 2559 3116 2630 ὄγκον
3148 2560 3472 2632 ἀπρόσιτον.
3501 2560 3639 2615 Είδὲ
3672 2561 3778 2615 καὶ

2183 2652 2265 2715 είς
2290 2652 2509 2722 ὁμιλίαν
2525 2643 2692 2725 ἦλθεν
2713 2655 2949 2720 ἐκεῖνος,
2980 2655 3076 2709 καὶ
3092 2654 3193 2729 τὴν
3215 2655 3467 2726 γλῶτταν
3489 2656 3771 2725 ἐκίνησεν,

2182 2741 2323 2810 εἶδες
2369 2747 2437 2800 ἂν
2480 2746 2812 2819 αὐτόχρημα
2861 2749 2962 2820 τὴν
3003 2750 3308 2820 πυρίπνουν
3353 2749 3770 2820 έπικαθημένην

2182 2841 2297 2902 τοῖς
2326 2839 2566 2911 χείλεσιν
2609 2840 2825 2894 ἐκείνου
2868 2842 3171 2914 ῥητορικὴν
3219 2841 3617 2913 Δημοσθένους.
3653 2841 3770 2895 Καὶ

2179 2931 2290 2985 τῶν
2318 2932 2428 3002 γὰρ
2463 2934 2510 2965 ’⁸⁸
2537 2933 2921 3005 κατακλυσμῷ
2948 2936 3058 2988 τῶν
3090 2936 3548 3008 ἐπιχειρημάτων
3582 2937 3771 2992 πᾶσαν

2181 3024 2279 3077 καὶ
2313 3024 2508 3096 ἀκοὴν.
2550 3025 2648 3079 καὶ
2694 3025 2877 3097 ψυχὴν
2917 3026 3278 3097 κατεσύρετο,
3332 3028 3428 3081 καὶ
3482 3027 3773 3100 ἀμύθητος

493 3120 695 3186 vereri,
728 3119 895 3175 simul
927 3118 1215 3175 conlidere
1248 3119 1501 3175 homines
1526 3118 1808 3189 juberent.
1848 3116 1969 3172 Jam
2003 3120 2077 3171 la-

2180 3112 2247 3188 ἦν
2284 3118 2378 3170 καὶ
2402 3118 2618 3189 ἄμαχος
2640 3120 2739 3174 καὶ
2764 3121 2867 3188 τὴν
2893 3119 3142 3188 γλῶτταν
3170 3119 3308 3191 ὁμοῦ
3333 3120 3426 3174 καὶ
3451 3122 3549 3193 τὴν
3576 3123 3773 3193 χεῖρα,

495 3217 672 3271 titudo
707 3216 1094 3278 humerorum,
1137 3214 1473 3270 lacertorum
1531 3213 1815 3279 torositas,
1873 3212 2077 3282 promi-

490 3311 678 3364 nentia
716 3309 980 3380 pectoris,
1014 3309 1236 3363 heroica
1270 3307 1480 3367 omnia,
1532 3315 1586 3360 et
1620 3305 1786 3360 simul
1832 3304 2077 3359 admira-

489 3406 721 3471 tionem,
749 3402 915 3458 simul
947 3401 1284 3471 voinptatem
1328 3399 1621 3455 aﬂ'erentia
1652 3398 2073 3469 spectantibus;

489 3497 634 3552 idem
660 3498 803 3552 enim
833 3496 887 3550 in
920 3510 987 3552 eo
1022 3502 1078 3550 et
1102 3494 1343 3564 speciem
1386 3492 1626 3548 habebat
1667 3502 1724 3547 et
1754 3492 1987 3563 gratiam
2022 3499 2078 3546 ct

489 3589 709 3658 pondus
739 3597 910 3659 atque
936 3588 1115 3642 instar
1141 3584 1433 3656 gravitatis
1459 3585 1761 3640 inaccessa:
1796 3602 1811 3639 :
1854 3583 2002 3654 quod
2028 3583 2075 3639 si

474 3700 551 3736 eos
581 3683 818 3752 aperiret
871 3681 1228 3753 linguamque
1267 3679 1532 3745 solveret,
1561 3678 1778 3733 videres
1835 3676 2078 3732 insidere

490 3777 594 3830 viri
627 3775 797 3830 labris
836 3775 997 3845 igneo
1029 3774 1333 3842 spirantem
1383 3773 1590 3841 impetu
1624 3769 1957 3825 rhetoricam
1994 3769 2079 3838 ip-

490 3880 608 3917 sam
645 3863 1033 3918 Demosthenis
1062 3860 1236 3917 eﬂuso
1282 3860 1526 3930 quodam
1568 3860 1978 3915 vehementium
2022 3866 2077 3912 et

488 3957 739 4011 brevium
775 3961 1234 4025 argumentorum
1273 3953 1431 4023 quasi
1470 3958 1716 4006 torrente
1757 3966 1923 4007 aures
1952 3966 2077 4003 ont-

482 4064 592 4103 ~.ncs
623 4048 948 4115 animosque
993 4045 1326 4114 rapientem.
1358 4042 1468 4098 Nec
1520 4058 1649 4098 vero
1685 4043 1765 4096 vis
1807 4045 1929 4113 ejus
1957 4044 2074 4099 elo-

489 4139 734 4209 quentiae
792 4139 930 4193 satis
981 4137 1242 4207 explicari
1304 4135 1542 4190 dicendo
1587 4143 1789 4205 potest,
1835 4150 1937 4191 nec
1976 4152 2074 4207 par

488 4233 791 4303 quidquam
826 4233 1027 4286 victrix
1057 4231 1301 4301 impetus
1338 4230 1650 4298 perorantis
1706 4231 1926 4299 linguae,
1960 4230 2071 4285 nisi

490 4331 663 4383 lortes
690 4329 835 4382 ictus
864 4335 961 4381 aut
996 4323 1346 4380 inevitabiles
1375 4325 1564 4393 jacws
1590 4323 1798 4379 dextra:
1820 4340 2071 4397 pugnan-

490 4424 562 4476 tis
596 4422 822 4487 habuit,
877 4429 1113 4489 utraque
1166 4417 1406 4472 invictus
1439 4435 1452 4472 :
1485 4432 1675 4472 verum
1731 4418 1919 4491 lingua
1969 4419 2067 4474 de-

489 4515 746 4579 lectabat,
780 4528 979 4568 manus
1025 4509 1297 4581 aﬂl'gebat
1333 4524 1473 4581 quos
1521 4510 1789 4565 vinceret.
1834 4514 1905 4565 At
1950 4511 2066 4566 Au-

486 4618 646 4679 gusta
680 4604 837 4661 [rene
891 4611 1071 4660 mater
1103 4618 1222 4659 mea
1257 4612 1375 4658 tum
1437 4602 1619 4658 adhuc
1659 4604 2066 4660 adoleScentula

487 4700 742 4770 quintum
803 4698 1080 4752 decimum
1149 4694 1395 4750 nondum
1457 4709 1665 4749 annum
1722 4702 2066 4752 excesserat.

486 4791 786 4848 Andronici
812 4792 943 4851 tilia.
969 4790 1064 4859 qui
1095 4786 1326 4844 Joannis
1358 4787 1595 4844 Caesaris
1662 4787 2068 4857 primogenitus

498 4893 638 4951 erat,
668 4884 969 4954 conspicuo
1015 4883 1205 4951 utique
1246 4896 1447 4951 genere
1474 4879 1636 4950 cujus
1679 4879 1751 4934 ab
1789 4880 2063 4935 Andronio

490 4979 575 5032 cis
630 4976 737 5030 illis
788 4987 841 5029 et
889 4972 1295 5038 Constantinis,
1359 4973 1452 5041 qui
1506 4969 1880 5041 cognominati
1938 4980 2068 5026 sunt

490 5071 674 5133 Ducas,
709 5068 882 5122 serios
929 5065 1303 5137 repetebatur.
1342 5062 1616 5132 Surgebat
1668 5076 1836 5132 porro
1895 5063 2069 5118 instar

484 5164 751 5233 speciosae
782 5160 999 5215 arboris
1026 5169 1177 5214 recta
1216 5167 1272 5213 et
1315 5155 1534 5211 ﬂorenti
1586 5164 1822 5221 statura,
1853 5171 2069 5211 summa

2099 4470 2146 4526 ι)

2178 3211 2280 3282 τὴν
2317 3211 2419 3281 μὲν
2453 3212 2594 3286 πρὸς
2627 3212 2853 3283 δόρατος
2875 3212 3093 3282 ἄφεσιν,
3124 3214 3227 3284 τὴν
3251 3213 3307 3268 δὲ
3342 3213 3477 3284 πρὸς
3507 3213 3780 3284 ἀκήρατα

2180 3302 2481 3374 θέλγητρα.
2522 3303 2588 3358 Ἠ
2618 3305 2675 3358 δέ
2704 3321 2766 3373 γε
2808 3303 3026 3375 βασιλὶς
3055 3306 3263 3377 Εἰρήνη
3301 3306 3397 3361 καὶ
3428 3307 3613 3376 μήτηρ
3650 3306 3775 3379 ἐμὴ

2182 3394 2382 3466 μείραξ
2413 3411 2470 3448 τε
2498 3390 2566 3467 ἦν
2598 3397 2658 3450 τὸ
2706 3397 2990 3467 τηνικάδε,
3029 3400 3125 3451 καὶ
3170 3398 3385 3452 οὐδέπω
3429 3398 3523 3452 τὸν
3567 3415 3779 3453 πέντε-

2181 3488 2511 3542 καιδέκατον
2551 3488 3044 3561 παραδεδραμήκει
3073 3489 3289 3561 χρόνον.
3320 3491 3584 3563 Θυγάτηρ
3611 3492 3672 3546 δὲ
3704 3489 3779 3565 ἦν

2190 3579 2538 3650 Ἀνδρονίκου
2573 3582 2687 3655 (86)
2715 3582 2811 3636 τοῦ
2843 3585 3196 3655 πρωτοτόκου
3237 3584 3357 3639 υίοῦ
3416 3584 3513 3638 τοῦ
3551 3585 3779 3639 Καίσα-

2180 3690 2295 3745 ρος,
2324 3675 2386 3727 τὸ
2417 3676 2581 3744 γένος
2624 3676 3014 3747 περίϐλεπτος,
3069 3679 3151 3742 είς
3196 3678 3577 3750 Ἀνδρονίκους
3618 3679 3782 3733 ἐκεί-

2176 3782 2301 3830 νους
2337 3767 2437 3820 καὶ
2485 3769 2943 3834 Κωνσταντίηους
2995 3771 3126 3836 τοὺς
3173 3770 3384 3835 Δούκας
3408 3772 3778 3841 ἀναφέρουσα

2175 3859 2276 3931 τὴν
2303 3860 2397 3912 τοῦ
2445 3860 2641 3929 γένους
2686 3863 2897 3932 σειρὰν.
2951 3863 3235 3916 Ἀνίστατο
3274 3863 3384 3935 γάρ
3414 3863 3459 3896 ⁵¹
3506 3863 3779 3936 καθάπερ

2174 3969 2228 4007 τι
2261 3952 2417 4021 ἔρνος
2443 3952 2638 4024 δρθιον
2666 3952 2757 4015 καὶ
2788 3953 3039 4018 ἀειθαλὲς
3072 3955 3413 4027 συμμέτρως
3464 3955 3562 4008 καὶ
3617 3954 3781 4011 πλα-

2175 4045 2453 4116 τυνομένη
2497 4046 2594 4100 καὶ
2638 4046 2978 4117 στενουμένη
3025 4047 3386 4117 καταλλήλως
3433 4047 3479 4080 ’⁵³
3526 4050 3782 4104 ἑκαστα-

2175 4135 2274 4205 χοῦ
2327 4136 2440 4188 τῶν
2495 4134 2699 4206 μελῶν,
2761 4138 2856 4190 καὶ
2919 4136 3130 4207 μερῶν,
3187 4140 3283 4191 καὶ
3319 4138 3623 4208 ἐπέραστος
3657 4139 3782 4211 μὲν

2177 4228 2333 4293 ἰδεῖν,
2368 4228 2676 4300 ἐπέραστος
2695 4228 2754 4282 δὲ
2776 4228 3035 4296 ἀκοῦσαι,
3060 4231 3153 4283 καὶ
3174 4230 3353 4301 δψεώς
3379 4248 3440 4285 τε
3465 4231 3561 4284 καὶ
3587 4231 3780 4302 ἀκοῆς

2172 4322 2472 4394 ἀκόρεστον
2506 4322 2581 4387 ὼς
2617 4323 2787 4386 ὅντως
2817 4322 3076 4394 ἀκουσμά
3118 4341 3179 4378 τε
3214 4326 3308 4378 καὶ
3356 4325 3560 4395 θέαμα.
3615 4326 3784 4382 Αὐτὸ

2181 4413 2281 4485 μὲν
2311 4415 2421 4485 γὰρ
2444 4414 2506 4468 τὸ
2545 4414 2863 4486 πρόσωπον,
2892 4413 3127 4486 σελήνης
3162 4415 3263 4486 μὲν
3284 4416 3581 4471 ἀπέστιλϐε
3625 4420 3783 4487 φέγ-

2174 4520 2293 4573 γος,
2326 4507 2388 4558 οὐ
2427 4503 2539 4577 μὴν
2564 4507 2646 4570 είς
2676 4503 2880 4559 κύκλον
2935 4504 3565 4577 ἀκριϐῆρδιαπέπλαστο
3616 4510 3783 4564 κατά

2174 4598 2275 4662 τάς
2344 4598 2642 4672 Ἀσσυρίας
2686 4598 2735 4636 ⁸³
2803 4600 3092 4668 γυναῖκας,
3154 4599 3268 4653 οὐδ’
3323 4599 3502 4664 ἄλλως
3555 4599 3783 4674 ἐξεμη..

2176 4692 2373 4746 κύνετο
2403 4694 2548 4748 κατὰ
2591 4694 2693 4757 τὰς
2744 4691 3035 4759 Σκυθίδας,
3078 4693 3197 4750 ἀλλ’
3234 4693 3566 4749 ὑπεκαλείτο
3593 4695 3641 4727 ⁸⁸
3669 4714 3783 4767 μι-

2176 4787 2310 4857 κρόν
2342 4803 2459 4850 πως
2501 4788 2601 4857 τῆς
2639 4786 2930 4857 ἀκριϐείας
2959 4788 3056 4840 τοῦ
3097 4786 3323 4843 κύκλου.
3379 4788 3782 4844 Ἀνεπέπτατο

2174 4878 2234 4932 δὲ
2272 4879 2447 4949 αὐτῆς
2492 4879 2522 4932 ό
2565 4878 2771 4948 λειμὼν
2804 4879 2913 4933 ἀπὸ
2938 4879 3049 4933 τῶν
3081 4881 3349 4951 παρειῶν,
3394 4883 3490 4936 καὶ
3531 4884 3631 4952 τὴν
3662 4889 3782 4955 ῥο-

2174 4971 2374 5025 δωνιὰν
2426 4972 2524 5025 καὶ
2572 4975 2688 5035 τοῖς
2741 4971 2936 5043 πόρρω
2990 4972 3394 5043 προύϐάλλετο.
3450 4977 3648 5046 Ὀμμα
3704 4979 3780 5031 δὲ

2175 5064 2421 5134 χαροπὸν
2456 5067 2554 5118 καὶ
2587 5065 2684 5132 ξὺν
2718 5065 2882 5136 ἡδονῇ
2911 5065 3145 5137 φοϐερὸν
3169 5067 3504 5137 ἐνητένιζεν,
3528 5069 3603 5131 ὡς
3641 5070 3779 5125 τῶν

2178 5155 2434 5226 ὁρώντων
2466 5156 2536 5208 τὰ
2583 5156 2811 5226 ὄμματα
2853 5159 2920 5227 τῇ
2974 5162 3076 5227 μὲν
3113 5159 3274 5230 ἡδονῇ
3332 5160 3425 5212 καὶ
3456 5159 3535 5229 τῷ
3565 5161 3777 5216 κάλλει

1559 5249 1759 5312 Varias
1787 5250 2095 5313 lectiones
2132 5268 2210 5312 ex
2243 5251 2385 5312 cod.
2412 5250 2676 5312 Coislin.

553 5361 600 5392 ’λ
630 5359 988 5452 ἀρχετυπίαν.
1067 5356 1111 5389 ³⁷
1144 5354 1367 5426 βολίδος.

562 5449 611 5452 ην
640 5450 659 5452 _
713 5434 961 5452 Lx‘._t'.-_-
1061 5428 1105 5452 Δ.
1156 5426 1367 5452 νΔ-..-ξι

1061 5428 1105 5459 ⁸³
1145 5423 1436 5498 Ἂσυρίας.
1514 5423 1562 5456 ⁸⁸
1596 5423 1930 5494 ὑπεχαλᾶτο.

1476 5351 1842 5445 "uitauit-noti;
1914 5353 1958 5384 ³⁹
1990 5352 2078 5406 καὶ

2180 5369 2307 5420 προς.
2385 5351 2432 5383 ⁶⁰
2466 5352 2676 5407 Desunt
2718 5365 2882 5408 voces
2914 5353 3010 5407 καὶ
3044 5352 3154 5407 τῶν
3178 5354 3313 5445 ¹γάρ.

3409 5354 3452 5386 δ’
3485 5351 3591 5423 μὴν
3619 5352 3771 5424 7d?-

1532 5516 1674 5577 Car.
1713 5512 2041 5575 Dufresnii
2097 5514 2189 5573 Du
2240 5509 2462 5589 Cangii
2498 5518 2689 5573 notas.

549 5628 659 5694 (86)
693 5625 965 5695 Θυγάτηρ
985 5620 1056 5677 δὲ
1077 5615 1854 5695 ἧνᾷἈνδρογίκουτλΡυιΊιιτί
1901 5617 2051 5695 illius

2180 5614 2365 5695 rguit;
2396 5630 2560 5695 quem
2633 5616 2983 5695 postmodum
3054 5627 3273 5695 contra”
3321 5620 3504 5675 datam
3542 5694 3545 5695 ν
3585 5619 3767 5679 ﬁdem

481 5688 951 5772 etper'li.di,cujuts
983 5688 1184 5772 insigni
1232 5688 1540 5772 proditione
1606 5690 1887 5772 Romanus
1927 5688 2052 5739 Dio-

2163 5685 2383 5761 el’iossis
2416 5685 2616 5761 oculis,
2639 5685 2753 5761 nec
2776 5689 3003 5761 curatis
3042 5689 3386 5761 vultu-ribus,
3440 5694 3615 5761 perire
3644 5708 3771 5750 cu-

484 5754 648 5821 eenes
683 5754 814 5822 iam.
849 5754 937 5818 cui
968 5754 1248 5828 tuerébat;
1267 5763 1322 5815 in
1353 5759 1661 5816 Turcorutu
1720 5766 2048 5829 potestatem
2160 5758 2290 5826 egit.
2328 5754 2388 5810 V.
2426 5754 2633 5812 Zonar.
2664 5755 2894 5829 Scylitz.
2928 5757 3174 5815 Manass.
3206 5754 3455 5818 Givca‘tni
