4050 6416
373 255 494 320 269

1623 267 2044 329 ALEXIADIS
2075 269 2222 330 LIB.
2265 265 2383 330 III.

3570 276 3676 340 270

374 365 562 420 ἕλκειν
597 365 736 436 πρὸς
775 367 1003 439 ἑαυτὴν,
1034 369 1114 440 τῷ
1150 371 1207 424 δὲ
1239 373 1390 445 φόϐῳ
1425 375 1585 445 μύειν
1621 378 1966 444 καταναγκά-

2083 379 2438 446 proportione
2485 377 2577 432 ubi
2624 386 2742 434 erat
2801 393 2941 452 opus
3011 382 3175 439 modo
3230 384 3458 443 dilatata
3509 395 3674 448 modo

377 455 517 520 ζειν,
561 457 663 510 οὒκ
711 457 951 528 ἑχόντων
983 462 1137 525 ὅπως
1175 463 1620 534 ἀποϐλέψωνται,
1651 466 1683 536 ἢ
1733 469 1883 530 ὅπως
1913 468 1979 522 ἂν

375 547 840 616 ἀποκρύψωνται.
859 551 969 604 Καὶ
1003 553 1053 604 εἰ
1081 553 1181 622 μέν
1201 571 1286 617 τις
1317 551 1384 625 ἧν
1409 556 1615 626 Ἀθηνᾶ
1639 561 1750 621 τοῖς
1787 562 1981 628 πρώην

377 639 748 710 ὲιρευρημένη
811 648 1071 713 ποιηταῖς
1133 664 1190 699 τε
1250 649 1345 701 καὶ
1405 650 1820 720 συγγραφεῦσιν
1879 653 1980 704 οὐκ

374 730 495 784 οἶδα
533 732 719 801 ἔγωγε
747 750 764 766 ·
803 734 976 805 μῦθον
1023 739 1079 791 δὲ
1122 739 1329 812 ταύτην
1357 741 1544 794 ἀκούω
1595 745 1976 813 περιφερόμε·

377 843 465 876 νον
520 827 622 878 καὶ
679 829 1158 899 περισυράμενον·
1206 833 1306 902 τὴν
1359 833 1416 886 δὲ
1467 834 1717 904 βασιλίδα
1773 836 1980 906 ταύτην

405 918 668 987 Ἀθηνᾶν,
703 920 758 973 εῐ
779 937 864 983 τις
891 917 1051 992 εἴπερ
1083 923 1126 955 ⁸⁸
1154 925 1212 977 ἐν
1243 927 1356 988 τοῖς
1385 927 1505 978 τότε
1533 929 1749 998 χρόνοις
1791 933 1980 1000 φανεῖ-

379 1027 475 1062 σαν
508 1009 593 1080 τῷ
643 1011 979 1084 ἀνθρωπίνῳ
1011 1013 1133 1084 βίῳ,
1169 1016 1201 1088 ἢ
1230 1020 1687 1090 καταρῥαγείσαν
1717 1021 1776 1087 ἐξ
1807 1025 1974 1094 οὐρα-

372 1101 462 1154 νοῦ
530 1103 674 1171 μετά
737 1121 883 1168 τινος
941 1107 1202 1176 οὐρανίας
1257 1109 1451 1180 αἴγλης
1515 1113 1610 1166 καὶ
1667 1115 1974 1185 ἀπροσίτου

374 1197 787 1264 μαρμαρυγῆς,
818 1197 919 1250 οὐκ
953 1197 1021 1250 ἂν
1056 1197 1332 1269 ἐξήμαρτε
1363 1201 1456 1254 τοῦ
1498 1204 1728 1267 εἰκότος.
1777 1205 1885 1258 Καὶ
1921 1206 1978 1257 τὸ

375 1284 862 1356 θαυμασιώτερον,
896 1290 1035 1361 ὅπερ
1086 1293 1187 1344 οὐκ
1243 1292 1310 1345 ἃν
1361 1295 1418 1345 ἐν
1467 1295 1602 1369 ἄλλῃ
1633 1296 1744 1351 τῶν
1791 1315 1977 1365 γυναι-

372 1379 487 1430 κῶν
545 1379 824 1449 εὑρεθείη,
876 1383 1002 1444 τοὺς
1072 1382 1171 1452 μὲν
1228 1385 1459 1455 ἰθαμοὺς
1508 1388 1553 1420 ⁸⁸
1603 1389 1713 1441 τῶν
1766 1391 1977 1460 ἀνδρῶν

371 1470 728 1534 συνέστελλε,
765 1475 880 1534 τοῖς
921 1475 964 1525 δ’
999 1475 1102 1526 ὑπὸ
1136 1477 1303 1543 φόὸου
1335 1481 1794 1550 συνεσταλμένως
1831 1483 1972 1554 Θαρ-

369 1564 489 1633 ρεῖν
527 1563 764 1616 ἐνεδίδου
795 1568 858 1617 ἐκ
897 1567 1066 1635 μόνης
1095 1567 1292 1636 ὅψεως.
1328 1571 1409 1624 Τὰ
1466 1573 1522 1624 δὲ
1565 1575 1718 1645 χείλη
1753 1577 1971 1658 ἐμεμύς

381 1673 471 1708 κει
508 1655 611 1724 μὲν
643 1657 708 1711 τά
742 1659 911 1711 ποῖλὲι
943 1664 1036 1713 καὶ
1061 1663 1273 1717 ἐδείκνυ
1318 1666 1585 1734 σιγῶσαν,
1619 1668 1864 1740 ἔμπνουν
1892 1655 1967 1735 ὡς

2089 479 2326 532 arctata,
2359 470 2626 524 membris
2662 473 2763 525 sibi
2798 484 2996 528 emole
3034 476 3517 546 respondentibus,
3554 485 3674 539 visu

2089 562 2296 629 pariter
2325 570 2380 615 et
2413 563 2608 617 auditu
2645 564 2724 619 sic
2749 565 3003 621 amabilis
3055 576 3116 620 ut
3152 584 3251 623 nec
3291 576 3671 640 spectaculum

2086 653 2334 716 suavius,
2373 668 2473 706 nec
2505 669 2756 708 acroama
2804 655 3024 714 dulcius
3071 658 3191 728 ejus
3233 664 3384 716 vultu
3430 679 3674 736 voceque

2087 745 2338 801 homines
2371 746 2656 802 haberent.
2711 748 2904 804 Facies
2953 752 3171 820 quidem
3227 756 3386 824 pleno
3430 761 3672 813 micabat

2084 837 2228 891 lunae
2255 837 2509 906 fulgore:
2533 855 2642 894 non
2676 849 2860 895 tamen
2889 842 2939 896 in
2966 843 3269 912 perfectum
3291 848 3559 904 circinata
3583 868 3671 904 or-

2083 928 2204 981 hem
2236 945 2389 983 more
2435 932 2818 1003 Assyriarum,
2849 951 2950 990 nec
2985 935 3278 994 immodice
3302 939 3464 1012 longa
3488 946 3670 1011 qualis

2083 1023 2189 1093 77
2245 1024 2297 1076 in
2354 1022 2572 1096 Scythis
2640 1024 2855 1081 feminis
2909 1029 3178 1094 cernitur,
3237 1032 3334 1087 sed
3394 1034 3660 1104 producta

2081 1117 2366 1184 paululum
2411 1119 2552 1172 ultra
2611 1136 2778 1191 gyros
2828 1123 3007 1177 exacti
3075 1123 3294 1182 circuli.
3338 1126 3668 1185 Pervolahat

2081 1225 2207 1264 vero
2241 1211 2387 1264 illam
2451 1228 2557 1280 qua
2614 1215 2980 1270 tendebantur
3028 1232 3182 1285 genae
3236 1221 3452 1289 species
3505 1231 3670 1292 atque

2082 1317 2216 1355 aura
2251 1303 2500 1370 quaedam
2549 1307 2833 1361 vernantis
2880 1309 3016 1376 prati
3049 1321 3100 1364 et
3133 1311 3252 1366 viva
3287 1328 3526 1384 purpura
3571 1317 3669 1370 lla-

2081 1403 2325 1462 grantem
2359 1393 2603 1452 florentis
2633 1398 2832 1452 rosarii
2862 1400 3094 1455 colorem
3124 1400 3178 1455 in
3207 1404 3400 1460 oculos
3428 1407 3511 1460 Vel
3540 1423 3668 1474 pro-

2081 1485 2170 1539 cul
2223 1487 2590 1555 spectantium
2628 1490 3043 1558 ejaeulahatur;
3089 1494 3356 1550 intuentis
3408 1510 3666 1567 aspectus

2080 1580 2260 1635 vivide
2302 1597 2554 1645 serenus,
2606 1593 2659 1637 et
2712 1584 2918 1649 pariter
2969 1585 3272 1651 delectans,
3309 1590 3516 1658 pariter
3551 1602 3667 1647 ter-

2079 1687 2228 1736 rens,
2267 1684 2326 1728 ut
2354 1675 2766 1729 occurrentium
2806 1677 2993 1733 oculos
3039 1687 3095 1734 et
3147 1681 3329 1749 specie
3366 1682 3418 1735 in
3450 1697 3509 1736 se
3541 1699 3664 1737 ver-

364 1745 594 1814 άληθῶς
658 1747 885 1818 ἄγαλμα
947 1751 1217 1825 καλλονῆς
1282 1733 1394 1810 και
1441 1733 1663 1831 στήλην⁷
1721 1733 1965 1833 ἔμψυχον

2080 1775 2236 1830 teret,
2274 1774 2327 1820 et
2365 1767 2654 1835 majestate
2685 1769 2978 1824 connivere
3001 1781 3238 1839 cogeret,
3274 1773 3415 1828 inter
3444 1785 3660 1829 utrum-

367 1838 708 1908 εὖρυῦμίας.
753 1841 991 1912 Ἧνιὸχει
1021 1844 1079 1896 δὲ
1111 1847 1178 1898 τὰ
1215 1848 1387 1902 πολλὰ
1443 1852 1474 1921 ή
1531 1854 1653 1923 χε“ιρ
1700 1853 1778 1924 τῷ
1822 1855 1965 1926 λόγῳ

368 1931 467 1982 σὺν
503 1933 791 2004 εὐρυθμία
825 1937 992 2006 μέχρι
1036 1937 1130 1989 τοῦ
1182 1940 1400 2010 καρποῦ
1452 1945 1870 2014 παραδεικνῦσα
1901 1949 1964 2001 τὸ

369 2028 780 2096 μετακάρπιον,
816 2032 911 2082 καὶ
940 2026 1094 2093 εἶπες
1123 2031 1187 2084 ἂν
1224 2032 1497 2103 ἐλέφαντα
1538 2039 1959 2108 ἐκτετορεῦσοαι

368 2120 525 2188 παρὰ
559 2121 810 2188 τεχνίτου
840 2124 988 2186 τινὸς
1034 2126 1114 2188 είς
1143 2127 1426 2181 δακτύλων
1467 2130 1559 2182 καὶ
1601 2132 1804 2203 χειρῶν
1839 2132 1959 2186 διάο

367 2209 543 2262 θεσιν.
597 2211 665 2264 Ἦ
727 2212 911 2282 μέντοι
965 2209 1076 2284 ἶρις
1144 2216 1254 2271 τῶν
1323 2219 1624 2291 ὀφθαλμῶν
1683 2223 1961 2278 θάλατταν

366 2309 626 2377 ἐμιμεῖτο
685 2309 1033 2378 γαληνιῶσαν
1083 2313 1141 2364 ἐν
1191 2311 1530 2385 βαθυκύμονι
1591 2316 1828 2371 διαθέσει
1900 2323 1962 2372 τὸ

365 2399 607 2452 κυανοῦν
668 2401 1072 2470 ὲξαυγάζουσα.
1133 2407 1477 2462 Ἀντέστίλόε
1537 2411 1581 2442 ’⁵⁷
1631 2411 1688 2465 δὲ
1746 2413 1840 2466 καὶ
1895 2413 1958 2467 τὸ

363 2491 558 2544 λευκδν
596 2493 710 2545 τῶν
761 2495 1031 2564 ὀμμάτων
1076 2498 1264 2568 κύκλῳ
1301 2500 1401 2569 τῆς
1438 2501 1627 2572 ἴριδος,
1663 2503 1760 2556 καὶ
1791 2503 1955 2574 χάριν

361 2584 698 2653 άπέλαμπον
757 2584 970 2656 ἄμαχον
1024 2590 1116 2640 καὶ
1171 2590 1363 2662 ἡδονὴν
1422 2595 1631 2661 ἄφατον
1688 2596 1955 2650 ἐνεδίδουν

361 2677 482 2736 ταῖς
524 2674 711 2741 ὄψεσι.
762 2676 1010 2729 Τοιοῦτοι
1075 2679 1177 2747 μὲν
1241 2680 1342 2750 τὴν
1401 2683 1546 2736 ἰδέαν
1595 2685 1804 2756 Εἰρήνη
1860 2689 1957 2740 καὶ

372 2763 641 2828 Ἀλέξιος.
691 2767 752 2818 Ὀ
805 2769 991 2836 μέντοι
1037 2767 1178 2831 Θεῖος
1221 2771 1357 2840 ἐμὸς
1400 2773 1672 2840 Ἰσαάκιος
1716 2779 1815 2849 τὴν
1853 2779 1956 2849 μὲν

357 2857 582 2926 ἡλικίαν
608 2856 778 2927 ἐῴκει
807 2858 1079 2928 τάδελφῷ,
1111 2861 1231 2914 οὐδὲ
1269 2864 1337 2916 τὰ
1365 2863 1499 2918 ἄλλα
1523 2867 1569 2899 ⁸⁸
1606 2869 1743 2922 πολὺ
1775 2871 1959 2943 anea-

359 2963 462 2998 κει.
503 2947 813 3017 ’Ύπωχρος
841 2947 941 3017 μὲν
971 2945 1063 3002 οὖν
1100 2948 1165 3023 ἦν
1195 2955 1354 3019 αὐτὸς
1394 2957 1490 3026 τὴν
1541 2959 1663 3029 ὄψιν
1716 2964 1810 3015 καὶ
1854 2966 1956 3034 τὴν

359 3038 577 3106 ὑπήνην
616 3039 679 3089 οὐ
718 3044 864 3090 πάνυ
905 3039 1093 3107 δασὺς,
1122 3043 1256 3097 ἀλλά
1300 3047 1394 3099 καὶ
1428 3050 1556 3117 περὶ
1590 3049 1689 3112 τὰς
1721 3051 1956 3118 γνάθους
1987 3095 2031 3150 c

359 3131 437 3150 .l\
507 3131 677 3150 ..ιΑμη
729 3127 834 3150 ,τγᾼ
933 3132 956 3142 ’δ
1098 3135 1192 3150 ια·
1289 3137 1314 3147 ο
1371 3139 1424 3150 ιι.
1616 3141 1656 3150 -ι
1757 3143 1856 3150 .--
1927 3143 1938 3150 .

353 3131 680 3201 ψιλωτέραν
720 3127 837 3200 εἶχε
895 3132 996 3201 τῆς
1051 3135 1339 3204 τάδελφοῦ.
1371 3139 1572 3209 Ἀμιρω
1611 3141 1668 3194 δὲ
1712 3143 1959 3213 τάδελφὼ

356 3224 721 3289 κυνηγεσίοις
788 3222 889 3292 μὲν
951 3225 1216 3290 πολλάκις
1276 3231 1566 3297 άπὲνευον,
1597 3235 1842 3306 ὁπηνίκα
1899 3239 1961 3290 οὐ

363 3313 532 3382 πολλή
589 3331 677 3374 τις
729 3317 919 3378 αἰ-τοῖς
973 3318 1200 3388 ἐπέρρει
1236 3320 1278 3352 ⁸³
1313 3327 1660 3393 πραγμάτων
1713 3331 1959 3398 φροντὶς,

370 3404 690 3473 πολεμικοῖς
778 3405 836 3457 δὲ
917 3407 1206 3481 μᾶλλονῆ
1281 3420 1665 3483 κυνηγετικοῖς
1742 3420 1963 3490 ἔχαιρον

383 3495 712 3564 πράγμασιν.
766 3497 855 3549 Ἐν
906 3498 964 3549 δὲ
1016 3502 1138 3563 ταῖς
1187 3503 1450 3570 ἐμϐολαῖς
1507 3509 1616 3559 τῶν
1674 3510 1958 3582 πολέμων,

391 3587 495 3637 v.36”
523 3591 749 3658 ὁπηνίκα
810 3594 921 3645 τῶν
966 3597 1266 3663 ταγμάτων
1297 3600 1463 3663 αὐτὸς
1507 3603 1753 3674 κατῆρχε
1788 3607 1960 3676 προέ-

377 3690 537 3756 τρεχέ
559 3706 638 3751 τις
662 3691 865 3753 αὑτοῦ,
899 3693 1018 3745 ἀλλ’
1055 3693 1172 3762 ἅμα
1215 3712 1272 3747 τε
1301 3697 1400 3767 τὴν
1435 3700 1748 3769 παράταξιν
1775 3705 1956 3774 ἑωρά-

366 3797 450 3831 κει
477 3783 585 3833 τῶν
637 3785 926 3852 πολεμίων
968 3787 1177 3850 ἐκεῖνος
1213 3791 1304 3841 καὶ
1332 3792 1554 3845 πάντων
1603 3801 1957 3870 καταφρονή-

363 3890 461 3935 σας
504 3875 616 3927 τῶν
669 3877 872 3944 ἄλλων,
909 3881 968 3940 ἐς
1011 3880 1212 3950 μέσους
1257 3884 1520 3936 ἐνέπιπτε
1569 3887 1820 3961 καθάπερ
1874 3909 1959 3957 τις

355 3970 656 4037 κεραυνὸς,
713 3969 882 4034 ὀξέως
936 3971 1247 4027 διακόπτων
1306 3977 1404 4042 τὰς
1469 3979 1778 4049 φάλαγγας.
1833 3988 1960 4039 Κάκ

351 4062 546 4112 toi-:00
589 4062 740 4114 ἑάλω
777 4064 886 4133 (87)
925 4066 1020 4118 καί
1047 4065 1197 4132 ἅπαξ
1220 4071 1308 4120 καὶ
1343 4071 1426 4132 δὶς
1457 4075 1602 4126 κατὰ
1639 4076 1739 4145 τὴν
1765 4077 1952 4132 Ἀσίαν

356 4153 653 4219 συμμίξας
681 4155 1037 4225 Ἀγαρηνοῖς.
1067 4159 1175 4210 Καὶ
1203 4163 1364 4213 τοῦτο
1399 4163 1561 4230 μόνον
1613 4163 1726 4236 εἶχε
1778 4170 1951 4238 ψόγου

354 4243 506 4306 ἀξιον
540 4245 600 4294 ὲν
643 4248 756 4307 τοῖς
787 4247 1051 4318 πολέμοις
1093 4250 1262 4319 οὑμὸς
1301 4251 1446 4316 θεῖος
1495 4255 1579 4307 ὅτι
1625 4259 1759 4327 πρὸς
1815 4279 1953 4332 συμ-

358 4336 524 4398 διδλὰς
563 4337 946 4406 ἀκατάσχετος
978 4336 1068 4410 ἦν.

2073 1874 2180 1928 que
2243 1858 2522 1923 incertos,
2562 1875 2626 1915 ac
2683 1877 2782 1916 nec
2839 1863 3115 1918 abstinere
3152 1882 3179 1917 a
3222 1867 3501 1922 cernendo
3565 1884 3667 1924 nec

2075 1951 2351 2005 sustinere
2390 1959 2581 2005 contra
2633 1952 2932 2008 intuentem
2972 1956 3231 2010 valentes.
3262 1956 3432 2022 Quam
3487 1957 3664 2013 Palla-

2072 2041 2193 2096 dem
2225 2050 2394 2110 poeta:
2443 2041 2793 2112 pictoresque
2825 2043 3152 2108 celebrant,
3200 2061 3264 2098 ea
3302 2061 3370 2101 an
3413 2063 3655 2118 unquam

2074 2133 2354 2188 exstiterit
2406 2137 2630 2199 nescio,
2667 2137 2917 2205 plerique
2959 2138 3200 2192 fabulam
3248 2147 3574 2207 autumant;
3607 2152 3663 2194 at

2072 2225 2313 2279 formam
2351 2225 2518 2296 hujus
2558 2236 2762 2283 nostrae
2798 2227 3064 2298 Augusta:
3098 2229 3334 2284 similem
3377 2232 3662 2289 exstitisse

2072 2319 2202 2370 olim
2261 2319 2315 2371 in
2372 2318 2535 2374 terris
2572 2327 2626 2373 et
2673 2319 3040 2373 admiratione
3100 2321 3187 2374 sui
3228 2335 3291 2375 ac
3345 2321 3657 2392 fulguribus

2072 2410 2362 2465 oculorum
2399 2410 2682 2479 radiisque
2727 2411 2949 2465 acribus
3001 2412 3350 2482 percellentis
3401 2415 3658 2484 speciei,

2073 2500 2310 2558 caelestis
2329 2500 2560 2570 originis
2594 2499 2753 2554 facile
2783 2501 2944 2556 fidem
2977 2501 3176 2558 fecisse
3205 2503 3250 2558 si
3276 2503 3400 2572 quis
3431 2504 3657 2570 dixerit,

2069 2609 2152 2649 na:
2194 2595 2238 2648 is
2271 2608 2302 2646 a
2331 2608 2480 2656 vero,
2532 2601 2681 2647 certe
2708 2593 2988 2647 verisimili
3026 2609 3134 2648 non
3179 2594 3556 2663 aberraverit;
3593 2611 3660 2652 ac

2068 2683 2216 2753 quod
2268 2683 2518 2738 mirabile
2579 2692 2634 2739 et
2675 2683 2838 2752 hujus
2888 2685 3050 2754 plane
3077 2685 3322 2742 mulieris
3358 2687 3656 2758 singulare,

2075 2778 2313 2831 audaces
2375 2775 2834 2845 itnpudcnlesque
2875 2778 3244 2833 conturbabat
3294 2778 3657 2847 reprimebat-

2067 2886 2192 2940 que,
2231 2869 2466 2922 humiles
2521 2880 2713 2922 contra
2750 2878 3004 2938 metuque
3051 2880 3366 2928 contractos
3407 2872 3658 2943 erigebat

2067 2962 2120 3016 in
2163 2962 2420 3016 fiduciam
2463 2961 2581 3014 solo
2620 2969 2868 3030 aspectu.
2903 2963 2972 3015 At
3021 2962 3162 3018 labia
3188 3002 3204 3029 ,
3253 2964 3510 3034 patebant
3561 2965 3654 3019 illa

2067 3054 2284 3123 quidem
2317 3053 2660 3122 plerumque,
2693 3053 2786 3106 sed
2824 3053 2890 3106 ad
2924 3067 3312 3121 speetem,non
3338 3055 3404 3110 ad
3440 3070 3655 3119 vocem,

2073 3153 2300 3215 totaque
2327 3146 2658 3200 cernebatur
2695 3145 2912 3214 Spirans
2957 3145 3314 3200 simulacrum
3348 3148 3657 3218 pulchritu-

2068 3237 2238 3298 dinis,
2286 3245 2342 3291 et
2391 3237 2630 3290 animata
2685 3237 3075 3293 concinnitatis
3111 3239 3387 3294 columna.
3428 3239 3652 3295 Sermo-

2071 3345 2195 3382 nem
2253 3327 2365 3383 fere
2414 3327 2756 3396 gubernabat
2816 3343 3034 3390 manus,
3078 3345 3296 3385 summo
3346 3330 3530 3399 lepore
3586 3345 3652 3386 ac

2066 3422 2332 3490 elegantia
2373 3437 2550 3490 usque
2588 3420 2655 3475 ad
2682 3421 3000 3490 juncturam
3034 3424 3242 3478 brachii
3278 3425 3506 3494 nudata,
3547 3427 3651 3481 ivi-

2067 3511 2254 3564 raculo
2286 3511 2615 3563 intuentium
2657 3510 2748 3578 qui
2787 3511 3241 3566 candidissimum
3275 3511 3412 3565 ebur
3459 3512 3514 3566 in
3561 3512 3650 3567 di-

2067 3603 2210 3670 gitos
2238 3611 2290 3655 et
2317 3602 2494 3654 volam
2519 3617 2581 3655 ac
2600 3612 2852 3655 czeteram
2887 3617 3108 3656 inanum
3147 3619 3174 3654 a
3202 3606 3482 3672 praestanti
3515 3618 3655 3672 quo-

2067 3693 2190 3746 dam
2226 3691 2434 3746 artifice
2472 3702 2742 3746 tornatum
2789 3692 2975 3748 videre
3008 3693 3110 3748 sibi
3144 3693 3490 3748 videbantur.
3542 3693 3644 3750 Iris

2065 3785 2352 3840 oculorum
2386 3800 2536 3840 mare
2574 3784 2924 3855 tranquillam
2957 3784 3248 3851 referebat,
3279 3784 3332 3838 in
3379 3783 3650 3854 profunda

2063 3881 2244 3948 quiete
2273 3877 2544 3932 undarum
2575 3880 2804 3932 caerulea
2844 3878 3140 3931 serenitate
3176 3875 3452 3930 renidens.
3489 3875 3640 3929 Can-

2065 3972 2167 4026 dor
2207 3987 2368 4041 porro
2402 3969 2756 4026 circumdans
2789 3969 3056 4038 pupillum
3092 3968 3276 4022 vivum
3299 3976 3351 4020 et
3381 3967 3558 4036 ipsum
3587 3982 3651 4019 ac

2065 4065 2280 4125 lucens.
2308 4063 2644 4132 mistumquc
2688 4076 2754 4116 ex
2817 4061 2900 4114 his
2950 4060 3208 4113 omnibus
3255 4061 3490 4130 gratiam
3537 4059 3646 4112 evi-

2064 4159 2258 4212 brabat
2309 4156 2797 4226 incomparabilem
2827 4195 2842 4220 ,
2889 4163 2945 4210 et
2993 4155 3277 4222 voluptate
3335 4152 3646 4208 incredibili

2062 4248 2315 4315 pascebat
2350 4247 2644 4300 intuentes.
2664 4243 2812 4300 Talis
2841 4243 2954 4299 fere
2975 4243 3160 4298 [renes
3184 4248 3239 4296 et
3267 4241 3440 4296 Alexii
3469 4239 3644 4295 forma

2061 4339 2295 4392 exstitit.
2341 4337 2576 4392 Patruus
2613 4352 2744 4392 vero
2783 4351 2940 4390 meus
2967 4334 3210 4388 lsaacius
3243 4342 3453 4386 statura
3488 4331 3648 4385 fratri

358 4429 590 4493 similis,
624 4447 692 4485 nc
765 4431 817 4484 in
891 4434 1100 4488 caeteris
1142 4435 1361 4504 quidem
1411 4439 1566 4494 valde
1614 4441 2005 4514 discrepabat,
2079 4449 2182 4503 sub
2232 4445 2502 4516 pallidiori
2562 4456 2741 4498 tamen
2808 4441 2979 4510 facie;
3039 4457 3142 4496 nec
3199 4439 3364 4495 barba
3415 4441 3642 4494 multum

359 4522 556 4586 densa,
634 4524 767 4590 quin
847 4535 899 4578 et
946 4527 1012 4580 ad
1070 4529 1242 4584 malas
1303 4531 1483 4585 minus
1542 4533 1772 4602 pilorum
1837 4539 2025 4595 habuit
2065 4558 2231 4611 quam
2269 4540 2436 4593 frater
2478 4539 2607 4592 licet
2649 4537 2856 4606 jnnior.
2931 4536 3230 4589 Amborum
3263 4535 3376 4603 jam
3412 4534 3641 4588 fratrum

358 4629 664 4666 commune
724 4617 992 4684 studium,
1031 4619 1077 4674 si
1121 4623 1292 4674 otium
1335 4633 1486 4678 esset
1536 4642 1564 4678 a
1616 4630 1870 4698 negotiis,
1914 4632 2196 4704 indulgere
2251 4631 2550 4696 venationi,
2618 4631 2708 4682 cui
2749 4637 2929 4683 tamen
2969 4642 3095 4681 cum
3167 4627 3388 4681 occasio
3415 4627 3646 4680 aderat,

365 4712 621 4762 ι;.ιιιιῑ;ιιιι
648 4711 1033 4778 praeferebant.
1065 4716 1307 4772 lsaacius
1379 4735 1546 4789 porro
1589 4727 1682 4791 qui
1753 4731 2030 4783 exercitus
2075 4746 2218 4799 smpe
2253 4729 2532 4795 duetarat,
2565 4743 2687 4781 eum
2721 4725 3173 4781 committendum
3199 4733 3348 4779 esset
3376 4724 3645 4792 praelium,

366 4819 657 4872 minquam
697 4809 787 4860 alii
817 4809 1024 4878 primas
1057 4813 1287 4880 periculi
1322 4825 1417 4868 aut
1481 4817 1788 4875 lacessendi
1857 4827 2032 4880 hostis
2072 4825 2240 4879 dabat
2283 4843 2294 4878 :
2328 4840 2517 4878 verum
2551 4825 2672 4893 ipse
2704 4823 2962 4892 princeps
2994 4821 3158 4876 simul
3190 4819 3444 4873 hostilem
3470 4819 3644 4871 aciem

362 4904 575 4956 viderat
610 4905 662 4956 in
692 4920 816 4966 eam
853 4923 1096 4977 praeceps
1163 4911 1398 4966 mediam
1443 4929 1590 4971 caeco
1629 4929 1684 4970 at
1734 4917 1998 4976 fulmineo
2039 4923 2246 4991 impetu
2287 4922 2589 4988 ferebatur,
2633 4935 2832 4990 magna
2865 4919 3185 4989 plerumque
3215 4923 3398 4984 strage
3441 4930 3505 4968 ac
3533 4915 3620 4965 dis

357 4999 602 5063 jCellOllc
666 4998 1026 5068 phalangum.
1089 5002 1200 5071 78
1235 5003 1391 5059 Unde
1465 5017 1518 5061 et
1569 5011 1798 5080 contigit
1865 5022 1922 5066 ut
1973 5017 2140 5069 semel
2177 5025 2341 5084 atque
2403 5016 2602 5068 iterum
2640 5014 2693 5067 in
2737 5013 2864 5065 Asia
2909 5026 3160 5082 pugnans
3197 5024 3321 5063 cum
3361 5009 3646 5078 Agarenis,

363 5100 671 5154 caperetur.
711 5089 896 5156 Atque
933 5089 1036 5142 hoc
1065 5092 1240 5144 solum
1277 5094 1329 5146 in
1359 5096 1572 5152 bellicis
1636 5101 1801 5156 rebus
1866 5105 2236 5173 vituperabile
2304 5114 2532 5173 patruus
2587 5104 2775 5158 habuit
2829 5118 3008 5168 meus,
3039 5103 3184 5173 quod
3217 5104 3270 5155 in
3301 5101 3645 5169 congressio-

364 5184 521 5236 nibus
554 5199 664 5237 non
702 5183 938 5253 regebat
971 5182 1257 5251 impetum.

1469 5327 1674 5388 Varia;
1715 5328 2026 5392 lectiones
2066 5347 2144 5391 ex
2178 5333 2321 5392 cod.
2354 5331 2626 5393 Coislin.

413 5429 459 5465 “
495 5427 678 5485 εἶπεν-
766 5425 819 5459 ⁸⁸
855 5422 1108 5496 ἰταμούς.
1184 5424 1228 5457 ⁸⁷
1268 5425 1580 5481 ἀπέστιλϐε.
1654 5429 1698 5461 ⁵⁸
1725 5424 1786 5482 οὗ
1819 5431 1960 5485 κατὰ.
1987 5431 2143 5486 ἄλλα.
2219 5433 2266 5463 ⁸⁹
2298 5433 2553 5504 ἐπεῤῥόει
2579 5435 2803 5499 τούτοις.

1452 5565 1596 5628 Car.
1638 5567 1966 5629 Dufresnii
1995 5572 2087 5630 Du
2130 5571 2348 5650 Cangii
2387 5580 2572 5634 noue.

386 5705 505 5779 (87)
552 5694 808 5755 Ἑάλω.
848 5687 922 5744 Ut
955 5701 984 5741 a
1024 5684 1314 5742 Saracenis
1364 5695 1561 5757 captus
1603 5687 1767 5744 fuerit
1817 5688 2074 5758 Isaac-ius,
2109 5694 2356 5763 pluribus
2390 5705 2577 5748 narrat
2614 5693 2893 5762 Brycnius.
