4050 6430
440 484 550 546 275

1687 485 1915 550 ΑΝΝίΕ
1954 485 2338 552 COMNEN/E

3591 480 3702 544 276

436 597 724 658 cothurnis
749 604 804 655 et
842 611 1043 654 corona
1077 597 1347 668 augustali
1405 604 1684 661 uteretur,
1731 605 1786 653 et
1818 613 2016 654 nomen

2124 603 2350 675 δωρεαῖς
2399 601 2494 657 καὶ
2555 598 2979 672 χρυσοσούλλοις
3060 595 3245 666 λόγοις
3290 593 3547 663 δεύτερος
3601 586 3702 644 τοῦ

432 696 556 765 ejus
622 706 750 748 cum
809 691 998 747 Alexii
1078 691 1307 746 nomine
1357 691 1813 762 proclamaretur.
1882 690 2012 746 Haec

435 785 642 854 scripto
678 782 973 854 diplomate
1005 782 1265 853 bullaque
1298 783 1511 839 munito
1555 797 1720 838 aurea
1748 799 2011 840 concessa

434 879 490 931 in
522 891 679 932 usum
720 876 906 932 statim
939 882 1069 932 sunt
1089 876 1306 930 redacta
1333 917 1350 941 ,
1376 875 1680 946 positisque
1736 875 2012 930 Constan-

435 972 584 1026 tinus
612 970 724 1041 80
754 969 1034 1040 polymitis
1059 983 1124 1022 ac
1150 968 1446 1038 variegatis
1469 1009 1485 1035 ,
1518 967 1759 1038 perfecte
1810 970 2011 1023 rubros

433 1061 612 1116 induit
640 1062 893 1123 calceos,
921 1067 976 1114 et
1023 1061 1076 1113 in
1109 1059 1493 1130 largitionibus
1515 1099 1532 1122 ,
1577 1059 1742 1115 bullis
1778 1059 1964 1115 aureis
1992 1100 2007 1123 ,

434 1159 821 1228 similibusque
860 1158 1112 1222 chartis,
1177 1158 1403 1212 rubrica
1457 1156 1847 1212 subscrihebat
1900 1171 2007 1211 uua

435 1268 561 1311 cum
612 1252 802 1309 Alexio
855 1255 1148 1324 Augusto,
1192 1260 1250 1306 et
1296 1252 1350 1306 in
1403 1250 1892 1320 supplicationibus
1945 1265 2011 1306 ac

434 1348 650 1419 pompis
685 1362 811 1403 eum
854 1346 1007 1401 nullo
1062 1345 1244 1401 medio
1292 1360 1418 1399 cum
1471 1344 1610 1399 tiara
1656 1343 2006 1412 sequebatur.

432 1442 668 1509 Quidam
704 1443 947 1503 ait-baut
997 1442 1111 1495 haec
1150 1439 1261 1508 jam
1305 1438 1382 1493 illi
1425 1440 1637 1492 cavisse
1679 1451 1745 1490 ac
1778 1440 2005 1505 Ipactam

432 1538 610 1592 fuisse
648 1534 874 1590 Mariam
903 1535 1207 1602 Augustam
1229 1546 1353 1587 cum
1386 1529 1685 1584 Comnenis
1709 1538 2004 1598 antequam

432 1627 508 1680 illi
575 1625 926 1683 rebellarent.
958 1623 1094 1682 Utut
1127 1638 1188 1680 se
1217 1639 1305 1679 res
1334 1622 1531 1679 habeat
1555 1660 1571 1684 ,
1617 1621 1701 1675 his
1727 1628 1877 1675 certe
1921 1620 2004 1675 sic

433 1717 693 1787 perlectis
721 1717 963 1775 excessit
992 1716 1086 1772 illa
1120 1714 1350 1786 palatio.
1387 1728 1587 1783 magno
1618 1712 1881 1768 comitatu
1911 1711 2009 1766 de-

431 1808 777 1874 ducentium,
813 1821 877 1861 ac
909 1820 1020 1877 pra:
1040 1804 1260 1861 caeteris
1289 1802 1481 1858 lsaacii
1513 1800 2009 1867 sebastocratoris;

2118 695 2308 750 λοιποῦ
2360 694 2798 766 συνυπογράφων
2850 687 2919 762 ἦν
2955 690 3046 746 διά
3089 688 3436 757 κιναϐάρεως
3469 682 3580 756 (97)
3619 681 3702 750 τῷ

2120 789 2334 862 βασιλεῖ
2394 788 2633 859 ’Δλεξίῳ,
2685 787 2788 842 κάν
2811 787 2933 848 ταῖς
2985 782 3347 856 προπομπαῖς
3396 777 3536 846 μετά
3597 776 3704 845 τῆς

2119 881 2406 950 βασιλικῆς
2444 880 2642 949 τιάρας
2670 876 3060 946 συνεπόμενος.
3105 872 3194 934 Ὣς
3231 869 3289 924 δέ
3311 885 3455 931 τινες
3487 867 3702 935 ἔφασαν

2116 973 2210 1026 καὶ
2241 974 2352 1042 πρὸ
2378 972 2478 1041 τῆς
2506 969 2856 1032 ἀποστασίας
2883 967 2982 1029 τὰς
3014 965 3144 1037 περὶ
3178 964 3378 1017 τούτου
3418 958 3703 1030 συνθήκας

2115 1063 2261 1136 εἶχεν
2288 1067 2322 1136 ή
2351 1063 2584 1135 βασιλὶς,
2648 1062 2715 1116 ἵν’
2760 1060 2905 1114 οὕτω
2937 1060 3007 1114 τά
3034 1057 3177 1112 κατά
3229 1055 3323 1109 τὸν
3380 1054 3496 1106 υἱὸν
3523 1051 3701 1121 αὐτῆς

2114 1158 2324 1227 γένοιτο
2345 1155 2479 1227 (98).
2511 1154 2667 1209 Οῦτω
2707 1152 2836 1223 γοῦν
2863 1151 2972 1207 τῶν
3003 1147 3293 1222 βασιλείων
3316 1145 3498 1214 ἐκείνη
3546 1142 3707 1212 ἐξέρε-

2113 1268 2270 1323 χεται
2328 1250 2467 1320 μετὰ
2522 1244 2864 1318 προπομπῆς
2918 1242 3078 1307 ἀξίας
3142 1243 3200 1294 ὲν
3255 1241 3370 1302 τοῖς
3427 1235 3570 1290 κατά
3599 1232 3704 1303 τὴν

2114 1344 2281 1413 μονὴν
2297 1342 2345 1374 ⁸⁵
2382 1340 2476 1394 τοῦ
2503 1338 2743 1411 μεγάλου
2790 1335 3072 1404 μάρτυρος
3100 1329 3380 1402 Γεωργίου
3416 1326 3572 1397 παρά
3600 1323 3701 1377 τοῦ

2114 1432 2556 1494 ἀτιοϐεδιωκότος
2607 1426 3023 1485 Κωνσταντίνου
3065 1423 3160 1478 τοῦ
3217 1420 3548 1491 Μονομάχου
3604 1415 3707 1486 βα·-

2116 1524 2308 1588 σιλέως
2333 1522 2786 1593 οἰκοδομηθεῖσαν
2809 1520 2852 1557 ⁸⁵
2887 1521 3184 1588 οἰκήμασιν
3217 1507 3705 1581 κατασκηνὼσασα

2119 1614 2420 1686 (Μάγγανα
2448 1611 2623 1668 ταῦτα
2652 1614 2684 1682 ή
2717 1611 2872 1680 κοινὴ
2894 1609 3035 1663 Est“
3053 1606 3343 1675 κικλήσκει
3367 1596 3701 1686 διάλεκτος).

2132 1705 2400 1758 ἰσαακίου
2438 1702 2884 1773 συνεφεπομένου
2952 1697 3132 1770 ταύτῃ
3174 1694 3270 1749 τοῦ
3319 1685 3704 1757 σεϐαστοκρὰ-

2119 1812 2300 1867 τορος.

432 1905 793 1974 migravitque
841 1876 921 1957 in,
961 1900 1108 1957 aedes
1153 1915 1182 1954 a
1227 1898 1594 1955 Constantino
1645 1896 2007 1953 Monomacho
2046 1895 2381 1965 imperatore
2412 1899 2761 1948 constructas
2785 1902 2956 1959 prope
2986 1884 3248 1956 templum
3273 1879 3452 1951 magni
3499 1876 3710 1946 Marty-

433 1998 511 2053 ris
542 1994 783 2065 Georgii,
812 2009 936 2064 qua:
963 1993 1149 2063 lingua
1166 1990 1376 2062 vulgari
1407 1989 1674 2061 Mangana
1707 1989 1815 2044 dici
1844 1988 2043 2044 solent.

503 2090 778 2145 Caeterum
809 2089 1108 2157 imperator
1140 2084 1447 2142 rectissime
1478 2085 1763 2141 institutus
1791 2099 1820 2135 ιι
1850 2098 2019 2153 puero

2198 2082 2279 2136 Τά
2306 2079 2408 2150 μὲν
2431 2076 2527 2133 οῦν
2549 2077 2617 2131 τά
2649 2076 2790 2131 κατᾶ
2816 2076 2862 2108 ⁸⁷
2893 2074 2994 2142 τὴν
3026 2070 3280 2143 βασιλίδα
3309 2066 3534 2138 Μαρίαν
3556 2065 3709 2122 οὕτω

434 2182 774 2253 monitisque
837 2179 1217 2250 religiossima‘.
1247 2179 1442 2234 matris
1498 2178 1563 2233 ad
1615 2177 1711 2234 Dei
1763 2177 2015 2233 timorem

435 2289 626 2330 verum
660 2273 967 2341 intimoque
1005 2278 1333 2341 conceptum
1359 2269 1543 2325 animo
1568 2269 1728 2324 (ictus
1757 2284 1823 2324 ex
1852 2268 2018 2336 longo

434 2367 838 2433 formatusque,
860 2362 1215 2419 tnordebatur
1253 2362 1457 2417 acerbo
1484 2377 1651 2417 sensu
1678 2359 2020 2432 paenitentia

435 2459 502 2512 ad
541 2456 859 2513 memoriam
896 2455 1099 2524 ubique
1129 2451 1348 2509 obviam
1373 2452 1545 2508 cladis
1564 2452 1824 2517 civitatis,
1855 2453 2019 2522 cujus

432 2565 626 2606 omnes
651 2548 855 2620 passim
888 2547 1082 2601 incolae
1117 2554 1363 2601 extrema
1393 2546 1665 2600 malorum
1696 2559 1760 2599 ac
1793 2543 2021 2598 calami-

433 2640 562 2696 tatis
597 2639 841 2710 perpessi
881 2645 1037 2691 erant
1079 2635 1138 2689 in
1181 2635 1430 2705 ingressu
1457 2632 1886 2689 Comneuorum.
1922 2629 2021 2685 El-

435 2733 643 2789 (ectum
681 2731 846 2785 habet
873 2727 1145 2784 interdum
1195 2728 1399 2782 malum
1449 2742 1537 2783 res
1588 2726 1821 2795 optima,
1856 2724 2021 2776 inno-

439 2824 620 2879 centia
661 2824 850 2893 lapsus
879 2836 1080 2892 expers
1111 2821 1316 2885 omnis,
1337 2834 1463 2874 eum
1491 2818 1584 2888 qui
1616 2817 1751 2873 nihil
1781 2829 2018 2886 unquam

440 2915 723 2972 oﬂ‘euderit
756 2917 810 2971 in
841 2913 1151 2982 superbiam
1209 2926 1275 2966 ac
1310 2910 1575 2967 tumidam
1632 2908 2021 2979 praelitlentiam

441 3009 694 3066 eﬂ‘erens.
720 3009 793 3063 At
818 3007 911 3078 qui
943 3005 1194 3069 oﬂendit,
1222 3005 1268 3061 si
1292 3013 1348 3061 et
1376 3003 1822 3059 beneiustitutus
1840 3002 1896 3057 in
1929 3002 2022 3057 Dei

441 3102 591 3158 cultu
640 3109 695 3156 et
740 3108 938 3155 natura
973 3098 1219 3169 prudens
1273 3096 1346 3151 sit
1377 3135 1393 3160 ,
1444 3095 1630 3149 statim
1684 3093 1774 3147 Dei
1827 3094 2026 3146 timore

442 3201 806 3264 compunctus
835 3198 1217 3246 commovetur
1262 3187 1448 3242 animo
1501 3199 1566 3241 ac
1614 3184 1841 3241 salutari
1887 3197 2024 3237 con-

443 3285 696 3341 turbatur
759 3292 928 3349 metu,
968 3279 1269 3350 praasertim
1310 3278 1357 3334 si
1385 3292 1610 3348 magnas
1632 3292 1719 3332 res
1737 3290 2027 3347 aggressus

442 3389 497 3435 et
532 3379 588 3435 in
613 3377 783 3433 altum
819 3392 885 3431 ac
929 3389 1170 3447 praeceps
1221 3371 1498 3441 fastigium
1536 3379 1759 3426 evectus
1792 3408 1808 3433 ,
1863 3382 2023 3440 egere

442 3482 577 3528 tunc
620 3485 745 3526 cum
811 3467 1047 3523 maxime
1103 3480 1163 3522 se
1214 3463 1415 3520 sentiat
1460 3461 1714 3533 praesenti
1766 3460 2022 3515 Numinis

441 3562 650 3618 auxilio
681 3579 696 3616 :
726 3573 838 3630 quo
868 3558 1146 3613 abnuente
1175 3569 1241 3608 ac
1279 3566 1476 3608 averso
1505 3550 1637 3621 quid
1696 3560 2022 3620 exspectan-

442 3657 571 3712 dum
601 3652 770 3717 aliud,
811 3664 976 3721 quam
1010 3647 1127 3703 fore
1162 3654 1222 3701 ut
1255 3660 1461 3710 errore,
1495 3645 1738 3700 amentia
1775 3686 1792 3711 ,
1827 3655 2023 3699 contu-

445 3748 606 3804 melia
639 3760 880 3817 praeceps
909 3742 1003 3812 qui
1030 3740 1198 3797 Deum
1223 3739 1388 3795 habet
1419 3739 1718 3803 infensum,
1756 3739 1807 3793 in
1839 3742 2023 3795 scelus

444 3855 611 3898 omne
643 3852 811 3895 ruens
837 3848 890 3890 et
915 3835 1155 3890 divinam
1183 3834 1236 3888 in
1265 3848 1328 3887 se
1359 3831 1495 3886 iram
1524 3839 1816 3900 exaugeat,
1842 3839 1897 3885 et
1922 3832 2023 3884 ho-

448 3933 657 3988 minum
691 3929 902 3983 ultione
932 3939 1231 3997 provocata
1263 3924 1465 3979 throno
1488 3938 1648 3992 quem
1679 3922 1918 3978 insidere
1936 3924 2022 3977 vix

445 4031 689 4094 coeperat
716 4021 900 4078 statim
930 4018 1255 4074 exturbetur
1280 4028 1443 4086 atque
1470 4015 1756 4071 evolvatur
1807 4015 1860 4068 in
1919 4015 2022 4068 mi-

422 4119 649 4173 seriam
677 4116 925 4169 ultimam
954 4114 977 4167 ?
1014 4113 1206 4180 Qualia
1240 4126 1463 4182 passum
1495 4109 1773 4179 quondam
1803 4107 2023 4162 Saulem

445 4203 653 4260 scimus
681 4242 697 4267 ,
747 4204 907 4273 cujus
940 4202 1010 4256 ob
1062 4202 1270 4256 crimen
1318 4199 1578 4255 scindens
1626 4198 1828 4255 scindit
1882 4196 2026 4253 Deus

444 4312 672 4369 regnum
706 4296 906 4367 ipsius.
934 4295 1137 4350 Harum
1171 4293 1314 4349 tristi
1347 4306 1583 4348 occursu
1615 4290 2022 4362 cogitationum

444 4386 654 4464 intimis
684 4399 926 4443 mterens
962 4386 1221 4441 sensibus
1248 4382 1498 4446 Alexius,
1530 4379 1945 4450 formidansque
1972 4388 2026 4433 et

444 4490 691 4536 a’stuaus
722 4479 907 4534 animo
945 4488 1204 4549 tanquam
1242 4491 1365 4532 mox
1402 4474 1713 4531 incubitura
1761 4473 1813 4528 in
1865 4482 2029 4544 caput

446 4573 622 4642 ipsius
651 4572 892 4629 vindicta
925 4572 1019 4628 Dei
1046 4569 1424 4631 severissima.
1456 4571 1660 4640 quippe
1709 4568 1780 4624 ob
1811 4576 2025 4624 tantum

447 4675 657 4721 actam
707 4664 992 4734 multiplex
1037 4664 1245 4718 crimen
1295 4662 1547 4732 expilata:
1597 4660 2027 4728 deformataeque

2121 2174 2275 2244 παρὰ
2291 2173 2404 2228 τῶν
2436 2169 2740 2242 Κομνηνῶν
2758 2168 3109 2239 ᾠκονόμητο.
3159 2164 3216 2218 '0
3238 2161 3297 2215 δέ
3339 2177 3402 2229 γε
3424 2161 3707 2228 αὐτοκρά-

2119 2285 2233 2340 τωρ
2285 2267 2537 2328 παιδείας
2568 2265 2633 2317 ὲκ
2674 2260 2874 2331 νηπίου
2918 2257 3099 2328 τυχὼν
3159 2254 3394 2325 ἀγαθῆς,
3433 2251 3529 2306 καὶ
3562 2249 3709 2321 πρὸς

2117 2362 2218 2423 τὰς
2245 2357 2526 2419 νουθεσίας
2550 2356 2649 2428 τῆς
2684 2352 2893 2424 μητρὸς
2956 2349 3152 2404 ἑαυτὸν
3180 2345 3530 2405 ἀπευθύνων,
3604 2342 3704 2396 τὸν

2118 2450 2216 2507 τοῦ
2247 2449 2385 2504 Θεοῦ
2418 2448 2584 2515 φόϐον
2631 2441 3126 2515 ὲνστερνισάμενον
3155 2438 3202 2470 ⁸⁸
3257 2438 3353 2491 καὶ
3408 2433 3705 2505 ἐγκάρδιον

2122 2544 2285 2614 ῑχων,
2316 2541 2580 2594 ἐδάκνετο
2616 2535 2928 2606 ἀνιώμενος
2961 2534 3058 2587 ἐπὶ
3089 2535 3156 2602 τῇ
3182 2531 3283 2599 τῆς
3327 2528 3535 2590 πόλεως
3563 2542 3707 2593 προ-

2122 2639 2288 2706 νομῇ.
2316 2634 2384 2705 ἢν
2417 2632 2560 2687 κατά
2590 2628 2689 2700 τὴν
2716 2629 3023 2682 είσέλευσιν
3053 2621 3220 2678 αὑτοῦ
3254 2620 3461 2681 πάντες
3492 2617 3709 2685 πανδη-

2126 2728 2221 2797 μεὶ
2270 2725 2685 2781 ἐπεπόνθεισαν.
2750 2721 2824 2774 Τὸ
2881 2719 2979 2790 μὲν
3033 2717 3143 2786 γάρ
3200 2715 3503 2770 ἄπταιστον
3568 2709 3705 2767 ἴσως

2125 2822 2206 2885 εἰς
2235 2822 2279 2853 ⁸⁸
2305 2819 2567 2873 ἀπόνοιαν
2601 2815 2725 2884 ἄγει
2750 2813 2840 2867 τὸν
2872 2811 2995 2882 μηδ’
3022 2811 3170 2869 ὅπως
3203 2824 3258 2861 τι
3301 2804 3394 2858 οὖν
3459 2816 3700 2873 προσκε-

2125 2911 2402 2982 κρουκότα
2466 2910 2581 2972 τοῖς
2641 2906 2970 2976 πράγμασιν
3002 2919 3017 2934 ·
3055 2902 3082 2955 ὁ
3127 2898 3184 2951 δέ
3241 2913 3305 2965 γε
3345 2888 3709 2962 ἐξαμαρτὼν,

2126 3004 2287 3075 εἴπερ
2318 3007 2435 3058 ἐστὶ
2468 3003 2577 3056 τῶν
2605 2998 3024 3066 εὐλαὸεστέρων
3043 2993 3264 3049 καὶτῶν
3290 2987 3417 3043 νοῦν
3443 2987 3708 3057 ἐχόντων,

2126 3099 2329 3154 αὐτίκα
2356 3096 2447 3150 τδν
2484 3094 2580 3149 τοῦ
2602 3094 2738 3147 Θεοῦ
2775 3092 2820 3124 ⁷⁸
2878 3090 3137 3161 βάλλεται
3191 3086 3334 3139 κατά
3381 3079 3563 3152 ψυχὴν
3608 3077 3716 3131 καὶ

2127 3193 2264 3254 ὅλως
2321 3190 2740 3245 κατακλονεῖται
2790 3184 2887 3238 καὶ
2940 3182 3173 3243 δέδοικε,
3209 3177 3309 3233 καὶ
3358 3173 3560 3244 μᾶλλον
3588 3170 3718 3235 εἴγε

2131 3278 2475 3351 πραγμάτων
2533 3276 2787 3346 μεγάλων
2837 3270 3281 3341 ὲπιδραξάμενος
3333 3265 3442 3335 εἴη,
3498 3260 3593 3316 καὶ
3624 3261 3718 3322 εἰς

2130 3372 2516 3442 ὑπερηφάνους
2546 3369 2761 3422 ἀνέλοοι
2797 3364 3107 3436 περιωπάς.
3179 3362 3309 3425 Δέος
3368 3358 3476 3427 γάρ
3539 3354 3721 3409 αὐτὸν

2047 3425 2093 3485 c
2126 3425 2590 3535 ῦποθριάττει,-μή
2623 3476 2741 3521 πως
2772 3425 2984 3527 ἀμαθία
3008 3425 3104 3509 καὶ
3139 3451 3335 3523 θράσει
3382 3425 3483 3502 καὶ
3544 3443 3720 3513 ῦὸρει

2126 3558 2495 3630 πορευόμενος
2525 3554 2617 3606 τόν
2650 3570 2710 3605 τε
2743 3550 2915 3621 θυμὸν
2963 3547 3056 3601 τοῦ
3099 3543 3236 3600 Θεοῦ
3265 3544 3345 3606 είς
3382 3538 3580 3596 ἑαυτὸν
3613 3538 3723 3589 ὲκο

2126 3651 2431 3719 καλέσηται
2457 3648 2554 3701 καὶ
2583 3645 2681 3713 τῆς
2714 3642 2892 3715 ἀρχῆς
2953 3636 3300 3700 ὲκκυλισθεὶς
3329 3630 3724 3700 ἀποπέσῃ-ται,

2124 3737 2201 3798 ὧν
2239 3743 2378 3805 τέως
2451 3738 2731 3809 ἐγκρατὴς
2779 3737 3030 3804 γέγονεν.
3093 3726 3197 3785 Οἷα
3255 3728 3351 3782 καὶ
3401 3724 3481 3794 τῷ
3534 3722 3727 3777 Σαοὺλ

2128 3832 2469 3902 συμϐεϐήκει
2509 3828 2640 3882 ποτέ
2672 3844 2686 3859 ·
2742 3825 2839 3880 καὶ
2888 3824 2997 3896 γὰρ
3025 3825 3054 3876 ό
3091 3821 3225 3884 Θεὸς
3268 3818 3358 3873 διὰ
3402 3812 3582 3870 τὸτοῦ
3615 3812 3728 3883 βα-

2129 3926 2323 3988 σιλέως
2354 3922 2661 3977 ἀτάσθαλον
2712 3920 3066 3991 διαρρήσσων
3129 3914 3383 3985 διέρρηξε
3424 3909 3522 3980 τὴν
3556 3906 3726 3977 βασι-

2126 4020 2277 4074 λείαν
2331 4016 2520 4070 αὑτοῦ.
2577 4013 2804 4077 Τούτοις
2865 4009 3112 4064 ἁλύων⁷¹
3161 4008 3274 4069 τοῖς
3340 4002 3623 4070 λογισμοῖς
3689 3997 3728 4052 6

2139 4111 2378 4177 ’Λλέξιος
2444 4108 2536 4162 καὶ
2566 4105 2968 4177 παθαινόμενος
3017 4104 3115 4172 τὴν
3143 4098 3322 4170 ψυχὴν
3389 4095 3575 4167 μήπου
3613 4092 3731 4146 καὶ

2128 4203 2266 4257 Θεοῦ
2326 4202 2592 4271 ἄντικρυς
2648 4200 2868 4270 μήνιμα
2926 4195 3142 4263 γένοιτο
3167 4192 3250 4257 (τὸ
3302 4188 3413 4259 γάρ
3445 4188 3528 4250 είς
3579 4183 3728 4253 ὅλην

2126 4295 2229 4363 τὴν
2259 4292 2418 4346 πόλιν
2444 4289 2672 4359 γεγονὸς
2687 4287 2874 4342 ’κακὸν
2904 4284 3037 4355 παρ’
3071 4282 3304 4336 ἑκάστου
3333 4279 3381 4310 ⁷⁸
3416 4274 3525 4329 τῶν
3553 4290 3733 4342 στρα-

2128 4386 2362 4447 τιωτῶν,
2437 4383 2636 4445 ὁπόσος
2719 4376 3027 4450 τηνικαῦτα
3103 4370 3369 4442 συρφετὸς
3445 4367 3550 4423 ἀνά
3602 4365 3733 4418 πᾶ-

2130 4496 2231 4534 σαν
2292 4477 2391 4545 τὴν
2447 4475 2606 4528 πόλιν
2664 4471 3027 4542 ἒπὲῤῥευσεν,
3082 4466 3216 4520 ἴδιον
3276 4455 3578 4531 ἐλογίζετο)
3613 4459 3731 4510 καὶ

2129 4570 2206 4633 ὡς
2243 4566 2406 4632 αὐτὸς
2467 4563 2544 4618 ὣν
2598 4563 2809 4625 ἐκεῖνος
2859 4562 2887 4614 ό
2936 4558 3007 4612 τὰ
3037 4556 3300 4611 πάνδεινα
3351 4552 3537 4605 ὲκείνα
3559 4546 3736 4601 κακὰ.

2130 4659 2514 4734 ἐργασάμενον
2543 4657 2588 4690 ⁷³
2661 4649 3139 4723 κατετιτρώσκετό
3184 4665 3246 4702 τε
3333 4644 3428 4699 καὶ
3490 4638 3737 4709 ἐξεφλὲ-

445 4755 712 4812 civitatis.
743 4732 882 4809 Nam
913 4753 1308 4834 quidquid‘illa
1337 4752 1600 4807 colluvies
1634 4752 1809 4808 mistze
1844 4751 2019 4805 multi-

2135 4732 2262 4823 γετο
2325 4749 2626 4823 βασιλείαν,
2687 4747 2783 4800 καὶ
2834 4744 3059 4817 κράτος,
3114 4741 3212 4795 καὶ
3262 4734 3583 4807 ἁλουργίδα,
3617 4732 3737 4787 καὶ

447 4846 656 4904 tudinis
679 4846 886 4902 fmdum
920 4846 1301 4916 improbumve
1329 4859 1428 4916 per
1468 4844 1744 4900 licentiam
1785 4844 2028 4899 victoria:

446 4940 504 4994 in
535 4946 692 5007 capta
739 4937 874 4992 urbe
899 4936 1285 5007 designaverat
1311 4950 1377 4990 ac
1433 4933 1641 4990 fecerat
1669 4974 1687 4996 .
1719 4935 2025 5005 imputabat

2133 4846 2375 4916 διάδημα
2446 4839 2865 4910 λιθοκόλλητον,
2944 4835 3038 4890 καὶ
3098 4832 3303 4904 ἐσθῆτα
3375 4826 3588 4901 χρυσῆν
3642 4843 3728 4880 τε

2134 4939 2230 4991 καὶ
2260 4935 2685 5007 περιμάργαρον
2742 4930 2919 4995 οὐδὲν,
2969 4927 3045 4995 ὣς
3098 4942 3161 4996 γε
3193 4924 3254 4981 τὸ
3283 4923 3453 4988 εἰκὸς,
3502 4916 3725 4989 λογιζό-

1529 5052 1737 5115 Varia;
1776 5052 2092 5116 lectiones
2118 5071 2194 5116 ex
2227 5054 2368 5115 cod.
2398 5049 2671 5113 Coislin.

519 5167 564 5200 “
584 5166 811 5234 γίνοιτο.
889 5163 934 5195 ⁸⁸
949 5159 1430 5234 οἰκοδομῃθείσινη
1504 5159 1549 5192 ⁸⁸
1581 5160 1770 5214 εἰσέτι-

445 5240 492 5274 τί
516 5230 720 5293 ἀλῦων.
804 5235 1094 5288 τ’ἑκείνου.
1136 5230 1201 5264 ⁷⁷³
1228 5230 1597 5301 ἑογασάμνος.

1867 5159 1913 5191 ⁸⁷
1944 5160 2105 5215 κατά.

2218 5161 2264 5192 ⁸⁸
2296 5156 2800 5228 ὲνστερνισάμενος.
2898 5152 2943 5185 ⁸⁵
2975 5149 3070 5205 καὶ
3089 5151 3193 5215 εἰς.
3266 5149 3313 5183 ⁷⁰
3347 5144 3484 5200 Θεοῦ
3514 5143 3728 5215 φόϐον.

1569 5324 1706 5385 Car.
1742 5323 2069 5386 Dufresnii
2102 5326 2199 5385 Du
2233 5321 2457 5403 Caugii
2490 5328 2656 5383 noun

523 5434 635 5498 (97)
671 5432 775 5487 Διὰ
814 5427 1230 5498 κινναϐάρεως.
1274 5426 1386 5482 Leo
1410 5426 1714 5498 Grammat.
1748 5426 1802 5478 iu
1838 5424 2021 5498 Leone

451 5494 703 5559 Philos.:
737 5500 910 5555 Τοῦτο
936 5498 1033 5552 καὶ
1055 5494 1359 5566 πεποίηκεν
1393 5499 1421 5550 ὁ
1472 5494 1749 5566 βασιλεὺς,
1801 5496 2022 5564 γράψας

448 5575 539 5628 διὰ
566 5572 968 5642 κινναϐάρεως,
997 5567 1450 5642 καἰ,άποστείλας
1488 5566 1628 5642 μετά
1689 5568 2025 5642 1.03206301-

449 5644 568 5695 λίου
604 5635 815 5696 ἔνδοθεν
845 5639 1072 5711 φαθλίου
1102 5637 1348 5711 βραχέως
1380 5635 1859 5711 τρακτοῦκρδθ
1886 5635 2020 5688 Gre-

455 5656 568 5695 ).tou
604 5656 813 5696 ξνῦουεν
845 5656 1072 5711 φαυΑιου
1102 5656 1348 5760 Ρραξεως
1380 5656 1646 5706 τρεικτου.
1684 5656 1847 5706 25:,
1886 5656 2020 5688 ure-

455 5713 645 5781 gorius
673 5711 737 5764 ll.
775 5709 976 5783 PP._atl
1014 5709 1394 5783 Leon.__saur.
1454 5705 1589 5775 Imp.
1618 5704 1780 5783 “Cum.
1827 5710 2020 5783 littera:

453 5775 580 5843 ἶιιιν,
609 5792 655 5833 et
692 5796 794 5830 non
828 5779 1019 5831 aliena:
1075 5778 1263 5845 sigillis
1321 5777 1677 5838 imperatoriis
1730 5775 2021 5843 obsignata:

452 5859 642 5911 essent,
680 5863 742 5899 ac
779 5857 1043 5899 accurata:
1071 5848 1212 5900 intus
1236 5845 1650 5915 subscriptiones
1694 5860 1784 5908 per
1834 5850 2019 5897 cium-

456 5918 629 5975 barint
670 5917 886 5985 propria
910 5930 1074 5967 manu
1127 5925 1242 5983 tua,
1275 5926 1331 5967 ιιι
1363 5932 1474 5969 mos
1504 5924 1579 5968 est
1609 5916 2018 5984 imperatoribus

2128 5427 2478 5482 subscribere.

2200 5500 2313 5566 (98)
2369 5499 2473 5549 Ἐν
2516 5494 2639 5560 τοῖς
2683 5491 2834 5566 ararit
2881 5506 2996 5559 την
3016 5489 3237 5560 μονήν.
3265 5489 3402 5544 Vide
3432 5493 3489 5566 et
3517 5483 3734 5566 confes-

2128 5554 2423 5622 Zo‘naram.
2473 5554 2740 5618 Palatium
2791 5554 3183 5634 Manganorum
3224 5558 3495 5634 exstruxit
3515 5554 3726 5634 “Basil-

2129 5638 2370 5695 Macedo.
2406 5648 2464 5690 ut
2498 5646 2689 5689 auctor
2722 5642 2804 5688 est
2828 5623 3113 5703 Scflitzcs.
3137 5630 3196 5684 In
3227 5623 3733 5703 interiore_Pltilo-

2126 5709 2275 5777 patio
2315 5707 2507 5761 statuit
2557 5704 2809 5767 Nicetas.
2862 5695 2957 5777 qui
2991 5711 3265 5777 praeterea
3290 5700 3359 5753 ab
3390 5695 3736 5777 Δηὼοηίςο

2126 5768 2410 5834 Cotuneno
2442 5778 2787 5831 destructum
2826 5768 3020 5828 refert.
3049 5769 3185 5826 Vitle
3224 5768 3411 5826 Tract.
3454 5774 3735 5823 nostrum

2129 5851 2197 5905 de
2230 5864 2349 5918 cap.
2378 5847 2432 5904 S.
2467 5846 2622 5904 Joan.
2661 5843 2718 5898 Β.
2751 5859 2870 5915 cap.
2904 5843 2957 5909 8,
2992 5858 3043 5897 η.
3083 5842 3135 5897 8.
