4050 6416
316 391 417 450 2τῖ
1554 386 1965 447 ALEXIADIS
2005 386 2131 446 LIB
2196 386 2311 447 1U.
3515 388 3629 451 278

326 522 486 577 μςνος
520 502 667 572 πρὸς
704 502 808 571 τὴν
841 501 965 556 τότε
1000 500 1381 573 κατασχοῦσαν
1400 501 1780 572 ἀπεριήγητον
1806 518 1944 572 συμ-

2053 505 2170 573 ipse
2210 504 2341 569 sibi,
2378 513 2431 560 et
2472 511 2737 577 tanquam
2773 506 3029 578 proprius
3056 516 3219 578 atque
3271 522 3414 563 unus
3444 517 3636 563 auctor

328 597 502 668 φορὰν
532 597 641 662 τὴν
680 595 943 665 βασιλίδα
981 594 1093 647 τῶν
1130 593 1358 646 πολεων.
1395 590 1476 644 Τὰ
1505 591 1614 661 γάρ
1664 608 1941 661 περιστοι-

2048 608 2314 668 actorque
2347 599 2541 655 talium
2578 602 2824 657 omnium
2857 602 2942 657 sic
2971 601 3479 657 convulnerabatur
3509 617 3639 656 ure-

326 700 573 765 χήσαντα
609 692 658 724 ⁷⁸
690 690 903 760 ταύτην
938 690 1090 745 δεινὰ
1118 686 1241 741 κατ’
1294 689 1469 739 ἐκεῖνο
1502 684 1698 757 καιροῦ
1763 686 1943 751 οὐδεὶς

2048 690 2321 762 baturque
2351 694 2477 749 imis
2506 694 2829 765 praecordiis
2892 696 3100 766 ingenti
3155 695 3205 749 vi
3255 695 3591 765 paenitentiae
3620 737 3634 758 ,

335 790 395 842 ἆν
456 790 560 840 καὶ
632 788 813 841 θέλων
863 782 1235 855 διηγήσασθαι
1265 782 1470 837 ".Kal.
1497 782 1608 853 γὰρ
1655 780 1751 835 καὶ
1800 782 1942 836 αὐτά

347 885 477 950 ἱερὰ,
522 881 630 933 καὶ
680 880 914 951 τεμένη,
943 878 1039 931 καὶ
1070 877 1137 930 τά
1169 874 1346 938 κοινὰ,
1374 873 1469 927 καὶ
1500 874 1569 926 τὰ
1602 872 1729 938 ἴδια,
1764 874 1943 927 ἀπαν-

347 974 572 1043 τσχὸθεν
609 973 723 1026 ὑπὸ
751 972 972 1024 πάντων
1002 967 1443 1039 καθηρπάζοντο’
1477 966 1542 1019 τὰ
1582 967 1637 1019 δὲ
1680 961 1795 1020 ὦτα
1834 965 1943 1019 τῶν

339 1071 603 1121 ἁπάντων
632 1066 1127 1135 κατακεκρότηντο
1154 1066 1277 1125 ταῖς
1314 1061 1712 1132 ριπτουμέναις
1763 1060 1941 1113 ἁπαν·

336 1162 512 1231 ταχοῦ
548 1162 708 1231 βοαῖς
734 1163 833 1212 καὶ
850 1159 1060 1228 φωναῖς
1078 1173 1090 1187 ·
1112 1157 1272 1226 εἴπερ
1293 1158 1358 1210 ἄν
1389 1174 1472 1219 τις
1503 1153 1626 1207 ἰδὼν
1654 1153 1876 1221 σεισμὸν
1899 1154 1944 1184 ⁷⁸

341 1251 487 1307 εἷιαι
552 1254 616 1306 τὸ
660 1252 971 1319 γινόμενον.
1021 1248 1210 1302 Ταῦτα
1260 1250 1340 1310 εἷς
1390 1246 1515 1300 νοῦν
1559 1242 1945 1314 βαλλόμενοςὸ

352 1347 601 1410 ’Λλέξιος
638 1346 832 1414 ἡιιιᾶτὸ
875 1362 935 1397 τε
964 1345 1065 1414 τὴν
1104 1341 1285 1412 ψυχὴν
1312 1341 1406 1393 καὶ
1459 1336 1944 1405 κατεσπαράττετο

339 1439 437 1490 καὶ
470 1438 578 1491 οὐκ
618 1434 771 1507 εἶχεν
803 1438 833 1490 ὃ
887 1454 937 1488 τι
974 1433 1055 1503 τῷ
1083 1432 1278 1502 πλήθει
1305 1431 1405 1499 τῆς
1436 1430 1617 1499 λύπης
1650 1429 1940 1498 χρήσαιτο.

337 1526 450 1583 Ἶῐν
498 1532 611 1603 γὰρ
648 1533 675 1584 ὁ
737 1531 879 1602 ἀνὴρ
929 1531 1008 1592 είς
1063 1526 1320 1595 αἴσθησιν
1379 1525 1555 1578 ἐλθεῖν
1610 1522 1704 1575 τοῦ
1761 1520 1945 1577 κακῶς

344 1625 755 1694 πεπραγμένου
804 1623 1157 1676 παντάπασιν
1208 1619 1488 1686 ὀξύτατος.
1514 1618 1624 1670 Καὶ
1646 1613 1822 1668 ταῦτα
1846 1613 1945 1683 μὲν

344 1720 415 1771 τὰ
460 1735 727 1787 προγεγοε
749 1717 847 1770 ότα
881 1715 969 1784 ἐφ’
1004 1711 1088 1777 οἷς
1135 1716 1167 1785 ἡ
1200 1713 1357 1775 πόλις
1392 1708 1647 1780 πονηρῶς
1684 1706 1940 1778 ἔπραξεν,

345 1812 467 1881 ᾔδει
498 1810 602 1881 μὲν
631 1810 707 1872 ὡς
738 1808 945 1879 ἐτέρων
966 1809 1150 1879 χεῖρες
1184 1806 1282 1859 καὶ.
1330 1804 1548 1873 γνῶμαι
1581 1802 1947 1872 διενηργήκαο

348 1921 460 1965 οιν,
492 1902 637 1956 άλλά
671 1901 891 1973 συνῄδει
911 1902 1006 1954 καὶ
1035 1899 1194 1953 τοῦτό
1229 1916 1291 1967 γε
1325 1897 1727 1967 ἀκριϐέστατα,
1753 1893 1946 1957 ὅτιτὰς

349 1998 653 2059 ὑποθέσεις
678 1997 774 2049 καὶ
800 1996 901 2059 τάς
935 1993 1113 2065 ἀρχὰς
1144 1993 1239 2047 τοῦ
1263 1992 1470 2054 πάθους
1502 1991 1662 2053 αὐτὸς
1684 1989 1942 2043 δέδωκεν’

346 2092 505 2163 αὑτῷ
541 2091 603 2144 δὲ
639 2092 802 2144 πάλιν
832 2091 933 2159 τῆς
965 2088 1305 2153 ἁποστασίας
1338 2087 1503 2141 αἴτιοι
1534 2087 1582 2138 οἱ
1613 2085 1716 2156 ἤδη
1750 2083 1947 2154 ρηθέν-

344 2204 436 2250 τες
464 2186 651 2239 δοῦλοι
680 2185 997 2254 γεγόνασιν.
1045 2182 1207 2237 Ἀλλὰ
1240 2182 1334 2235 καὶ
1371 2181 1446 2243 ὡς
1470 2180 1651 2249 ἐαυτῷ
1674 2179 1775 2249 τὴν
1804 2177 1948 2232 άπα-

349 2296 448 2332 σαν
474 2278 819 2349 προσάπτων
867 2277 1054 2330 αἰτίαν
1102 2274 1444 2345 θεραπεῦσαι
1493 2273 1552 2325 τὸ
1594 2271 1815 2341 τραῦμα
1853 2270 1948 2322 καὶ

346 2375 614 2440 ἐπεζήτει
658 2374 754 2425 καὶ
806 2372 1037 2441 ἦθελεν·
1102 2371 1245 2424 οὕτω
1287 2369 1395 2439 γάρ
1453 2368 1521 2421 ἂν
1556 2366 1651 2420 καὶ
1678 2368 1815 2435 μετὰ
1847 2365 1948 2436 τὴν

345 2466 614 2536 τοιαύτην
652 2465 960 2534 θεραπείαν
1004 2464 1101 2518 καὶ
1144 2463 1254 2515 τῶν
1277 2464 1322 2495 ’⁷
1372 2464 1587 2515 τουτονὶ
1656 2458 1947 2530 καθαρμὸν

343 2557 660 2630 ἐπιχειροίη
723 2558 838 2619 τοῖς
894 2557 993 2627 τῆς
1056 2555 1338 2626 βασιλείας
1387 2554 1682 2625 πράγμασι
1736 2554 1833 2605 καὶ
1879 2552 1948 2604 τὰ

343 2653 482 2704 κατα
514 2667 579 2717 γε
615 2647 725 2720 [τε]
762 2649 855 2703 τὸν
892 2649 1128 2719 στρατὸν
1180 2648 1326 2703 κατά
1364 2664 1423 2700 τε
1480 2648 1607 2711 τοὺς
1673 2647 1947 2716 πολέμους

341 2742 522 2806 καλῶς
556 2744 797 2797 διιθύνοι
824 2744 921 2796 καὶ
947 2742 1209 2810 διεξάγοι.
1247 2742 1623 2813 Προσέρχεται
1652 2743 1836 2795 τοίνυν
1877 2743 1944 2811 τῇ

341 2836 533 2905 μητρὶ,
609 2835 1003 2888 ἀνακοινοῦται
1057 2834 1118 2887 τὸ
1168 2833 1459 2888 ἐπαινετὸν
1504 2833 1682 2896 πάθος
1740 2836 1943 2897 ἐκεῖνο,

339 2927 655 2997 θεραπείας
714 2927 922 2995 τρόπον
973 2926 1242 2996 ἀναζητεῖ
1299 2927 1392 2980 καὶ
1441 2926 1772 2996 ἀπαλλαγῆς
1836 2926 1947 2979 τῶν

337 3021 763 3085 ὑποκνιζόντων
779 3021 947 3073 αὐτοῦ
975 3020 1076 3091 τὴν
1100 3020 1432 3091 συνείδησιν.
1471 3021 1535 3073 Ἥ
1556 3021 1615 3075 δὲ
1638 3020 1945 3085 ἀσπάζεται

336 3116 426 3167 τὸν
456 3115 579 3167 υἱὸν
610 3115 709 3168 καὶ
737 3114 996 3184 ἀσμένως
1028 3114 1244 3185 δέχεται
1273 3113 1343 3167 τὰ
1376 3114 1660 3184 λεχθέντα.
1684 3115 1946 3169 Mea-axu-

2045 799 2210 852 quam
2234 800 2344 839 non
2366 786 2678 856 imperium,
2698 803 2806 842 non
2825 803 3093 858 purpura,
3113 804 3221 843 non
3240 788 3489 842 diadema
3506 803 3638 843 con-

2045 884 2196 932 textu
2235 893 2575 947 gemmarum
2610 880 2984 943 elllorescens.
3019 897 3126 936 non
3156 881 3326 937 vestis
3359 896 3495 935 auro
3522 882 3638 935 col-

2046 970 2239 1025 lucens
2258 972 2364 1042 81
2391 984 2443 1027 et
2484 973 2803 1038 unionibus,
2827 976 2936 1028 ulla
2964 992 3028 1031 ex
3055 984 3205 1044 parte
3223 976 3632 1031 consolabatur.

2047 1058 2255 1113 llorum
2311 1061 2459 1116 enim
2523 1062 2762 1117 fructum
2811 1081 3029 1120 omnem
3080 1068 3431 1121 amarissimo
3487 1068 3633 1120 luctu

2044 1150 2303 1205 obrutum
2327 1155 3029 1223 corrumpebatoceurmns
3075 1173 3297 1226 semper
3324 1158 3508 1213 animo
3536 1160 3633 1212 tri-

2046 1246 2294 1301 stissima
2333 1248 2513 1319 imago
2538 1251 3209 1323 alllictaeconculcatzeque
3229 1255 3482 1308 ludibriis
3503 1269 3639 1308 con-

2048 1342 2398 1412 tumeliisque
2448 1345 2907 1417 omnibus,atque
2932 1358 3175 1403 extrema
3193 1350 3506 1404 calamitate
3537 1351 3639 1404 ob-

2048 1432 2192 1486 tritze
2222 1434 2483 1503 Augustae
2537 1438 2711 1492 urbis.
2760 1439 2905 1494 Sane
2944 1449 3208 1509 quantum
3241 1440 3296 1493 in
3330 1441 3472 1494 illam
3521 1450 3636 1494 tum

2048 1522 2315 1576 malorum
2376 1526 2645 1595 ingruerit
2675 1546 2837 1584 nemo
2892 1531 3058 1586 fando
3128 1534 3358 1602 assequi
3398 1548 3637 1603 unquam

2048 1627 2233 1684 queat.
2265 1617 2401 1672 Nam
2456 1627 2511 1674 et
2543 1623 2753 1691 privata
2785 1634 2837 1677 et
2860 1626 3075 1693 publica
3102 1635 3156 1681 et
3181 1640 3337 1682 sacra
3374 1627 3640 1682 maxime-

2048 1726 2157 1778 que
2192 1711 2445 1781 religiosa
2493 1716 2732 1785 expilata
2770 1719 3095 1789 direptaque
3144 1731 3273 1775 sunt
3318 1720 3641 1775 avarissime

2051 1804 2253 1870 passim
2287 1806 2358 1857 ab
2387 1806 2643 1861 omnibus
2674 1825 2689 1862 :
2733 1810 2982 1879 tantique
3013 1826 3076 1864 ac
3109 1821 3219 1865 tam
3243 1812 3380 1865 varii
3412 1812 3640 1867 misera-

2053 1895 2235 1950 biliter
2266 1896 2936 1968 lamentantiumquestus
2971 1903 3357 1967 audiebantur,
3388 1910 3447 1965 ut
3481 1913 3640 1957 terra!

2050 1999 2198 2043 metu
2237 1992 2536 2060 periclitari
2574 1993 2763 2048 urbem
2799 1995 3055 2051 crederes
3087 2014 3101 2051 :
3146 1997 3281 2051 nihil
3319 1997 3513 2050 horum
3555 1996 3641 2050 fu-

2050 2082 2232 2152 giebat
2314 2099 2542 2140 sensum
2611 2085 2945 2158 fallebutque
3015 2088 3338 2143 memoriam
3419 2089 3639 2150 Alexii,

2053 2178 2293 2234 hominis
2315 2196 2427 2249 quo
2474 2196 2635 2235 nemo
2675 2192 2793 2237 erat
2823 2191 2918 2237 aut
2951 2184 3323 2253 perspicacior
3340 2193 3432 2238 aut
3459 2199 3641 2254 prom-

2050 2274 2197 2343 ptior
2229 2275 2297 2327 ad
2352 2275 2621 2343 judicium
2676 2292 2872 2346 expers
2899 2279 3091 2347 gratia:
3149 2280 3219 2335 de
3290 2281 3409 2334 Sitis
3466 2279 3643 2348 ipsius

2052 2377 2216 2429 prave
2248 2362 2408 2418 factis
2434 2363 2743 2421 ferendum.
2773 2365 2909 2420 Nam
2954 2382 3080 2421 cum
3114 2369 3229 2437 ipse
3263 2374 3527 2435 patronus
3554 2368 3640 2422 sui

2049 2456 2152 2511 sibi
2182 2467 2497 2526 suggereret
2531 2460 2763 2514 militum
2797 2475 2916 2515 eam
2944 2461 3114 2516 fuisse
3138 2462 3378 2531 culpam,
3411 2477 3640 2530 respon-

2049 2546 2212 2601 debat
2243 2563 2272 2602 a
2317 2563 2378 2603 se
2424 2550 2796 2615 occasionem,
2836 2552 3113 2607 licentiam
3159 2591 3174 2617 ,
3215 2560 3269 2605 et
3310 2552 3526 2605 initium
3574 2552 3642 2605 iis

2051 2640 2360 2695 srelcribus
2413 2642 2603 2696 datum
2647 2643 2955 2698 rebellione
2997 2646 3139 2713 ipsa,
3195 2644 3359 2713 cujus
3424 2644 3551 2698 licet
3587 2646 3639 2696 in

2049 2749 2243 2789 servos
2285 2734 2410 2791 illos
2440 2735 2795 2791 insidiatores
2845 2736 3078 2806 rejicere
3103 2736 3365 2791 invidiam
3402 2744 3639 2807 poterat,

2052 2830 2290 2885 malebat
2337 2831 2441 2885 sibi
2477 2831 2755 2887 ascribere
2792 2847 2856 2886 ac
2886 2831 3117 2901 propriae
3152 2830 3504 2885 conscientiae
3545 2847 3642 2885 cu-

2051 2925 2237 2978 randtc
2272 2938 2367 2990 per
2415 2922 2658 2977 dolorem
2696 2940 2759 2978 ac
2792 2925 3174 2992 paenitentiam
3208 2938 3405 2979 vacare
3435 2925 3641 2993 potius,

2048 3033 2215 3086 quam
2256 3018 2451 3073 aliena:
2492 3018 2847 3073 accusandam:
2886 3018 2967 3073 sic
3018 3025 3266 3072 statuens
3288 3034 3348 3072 se
3389 3030 3503 3071 tum
3547 3018 3644 3072 deo

2052 3126 2198 3164 mum
2253 3110 2598 3179 auspicatum
2645 3126 2710 3164 ac
2764 3109 2891 3165 felix
2936 3111 3286 3181 capessenda:
3328 3110 3643 3179 reipublicae

336 3208 556 3261 λοῦνται
586 3208 780 3260 τοίνυν
808 3206 1024 3277 (τούτου
1058 3206 1434 3277 συνδόξαντος)
1463 3209 1555 3260 τόν
1578 3225 1635 3260 τε
1667 3208 1943 3277 πατριάρ-

2048 3203 2195 3258 domi
2241 3204 2559 3272 militiazque
2610 3204 2827 3258 initium
2882 3204 3226 3268 habiturum,
3280 3203 3324 3259 si
3359 3218 3468 3257 non
3530 3204 3638 3259 nisi

345 3316 446 3367 ἶνίν
488 3300 730 3368 Κοσμᾶν
752 3298 799 3329 ’⁸
830 3296 1008 3368 (οὕτω
1063 3298 1171 3368 γὰρ
1226 3298 1319 3352 τὸν
1368 3299 1492 3352 τότε
1522 3300 1566 3330 ⁷⁹
1614 3298 1709 3351 τὸν
1752 3297 1946 3368 θρόνον

350 3392 655 3463 παρῂτητο)
696 3392 796 3445 καί
828 3409 986 3457 τινας
1026 3391 1263 3460 λογάδας
1311 3393 1422 3445 τῶν
1462 3393 1562 3462 τῆς
1604 3391 1761 3464 ἱερᾶς
1816 3410 1948 3446 συν-

363 3485 483 3538 ὁδου
521 3486 628 3554 {99)
683 3487 787 3539 καὶ
829 3486 925 3539 τοῦ
966 3484 1258 3555 μοναδικοῦ
1307 3486 1711 3555 συντάγματος.
1764 3484 1948 3555 Πρόσ-

368 3592 476 3627 εισι
526 3578 721 3643 τούτοις
781 3580 810 3632 ὁ
862 3577 1121 3647 βασιλεὺς
1180 3578 1257 3640 ὠς
1322 3577 1600 3641 ὑπόδικος,
1644 3578 1717 3641 ὡς
1771 3578 1946 3631 κατά-

359 3686 565 3738 κριτος,
625 3672 698 3735 ὠς
760 3672 993 3742 εὐτελὴς
1054 3671 1169 3742 ὴ⁸⁸
1204 3670 1297 3725 καί
1324 3690 1410 3734 τις
1471 3672 1633 3735 ἄλλος
1689 3672 1798 3725 τῶν
1852 3668 1947 3725 ὑπ’

348 3766 571 3836 ἐξουσία
600 3766 645 3796 ⁸¹
675 3764 1059 3832 τεταγμένων,
1094 3764 1187 3816 καὶ
1215 3763 1315 3831 τὴν
1340 3762 1522 3833 ψῆφον
1561 3765 1687 3817 ὅσον
1721 3765 1937 3818 οὐδέπω

347 3857 837 3926 καραδοκούντων,
871 3856 940 3927 ἢν
970 3856 1093 3909 κατ’
1135 3856 1345 3909 ἐκείνου
1378 3855 1666 3925 ψηφιεῖται
1708 3856 1769 3909 τὸ
1797 3857 1949 3911 δικα-

342 3951 598 4020 στήριον.
686 3948 1042 4018 Ἐξαγγέλλει
1098 3948 1313 4007 πάντα.
1357 3950 1432 4019 μὴ
1497 3950 1793 4021 προδολὴνν
1870 3951 1947 4021 μὴ

340 4042 785 4110 συγκατάθεσιν,
814 4042 890 4112 μὴ
931 4042 1155 4112 πρᾶξιν,
1187 4041 1321 4110 μηδὲ
1355 4042 1535 4094 αἰτίαν
1562 4043 1671 4094 τῶν
1701 4061 1951 4113 πεπραγ-

345 4136 533 4203 μένων
568 4135 983 4207 παραδραμὼν,
1023 4135 1160 4188 ἀλλὰ
1192 4134 1375 4188 πάντα
1404 4136 1451 4167 ⁸⁸
1484 4140 1621 4203 μετὰ
1654 4136 1821 4204 φόϐου
1853 4137 1949 4189 καὶ

344 4230 595 4292 τιέστεως
661 4229 1197 4299 ἐξαγορευσάμενος,
1253 4230 1347 4281 καὶ
1392 4227 1489 4298 τὴν
1533 4228 1833 4297 θεραπείαν
1888 4228 1948 4294 ἐξ

344 4323 580 4375 ἐκείνων
613 4322 837 4390 θερμῶς
879 4321 1103 4386 ἐξαιτεῖ,
1141 4320 1440 4389 ἐπιτιμίοις
1476 4320 1668 4373 ἑαυτὸν
1711 4320 1951 4374 καθυπο-

344 4415 591 4469 ὗάλὶων.
667 4414 729 4467 ’0
750 4413 797 4445 ⁸³
842 4413 901 4466 δὲ
948 4413 1049 4465 οὐκ
1102 4412 1267 4465 αὑτὸν
1307 4412 1489 4484 μόνον,
1521 4412 1657 4464 ἀλλὰ
1684 4412 1779 4466 καὶ
1823 4414 1950 4475 τοὺς

345 4508 411 4558 ἐκ
454 4506 669 4557 ταξιτοῦ
701 4502 935 4573 αἵματος
967 4503 1349 4574 προσήκοντας
1373 4505 1466 4554 καὶ
1514 4503 1651 4573 πρὸς
1683 4503 1783 4572 τὴν
1810 4504 1949 4556 ἁπο-

344 4596 589 4650 στασίαν
619 4596 1036 4665 συναραμένους
1099 4598 1210 4658 τοῖς
1246 4596 1429 4657 αὐτοῖς
1471 4597 1769 4665 ἐπιτιμίοις
1808 4596 1947 4651 καθ-

346 4686 787 4751 υπςϐάλλουσιν,
820 4685 1101 4757 νηστείαν,
1135 4684 1231 4737 καὶ
1253 4684 1577 4754 χαμευνίαν,
1612 4687 1705 4737 καὶ
1724 4685 1794 4738 τὰ
1823 4687 1949 4739 τού-

342 4797 461 4842 τοις
518 4777 843 4848 ὲφεπόμενα
910 4778 1047 4849 πρὸς
1088 4777 1189 4847 τὴν
1242 4776 1334 4829 τοῦ
1402 4777 1536 4831 θεοῦ
1566 4777 1614 4808 ⁸⁵
1666 4778 1948 4842 ἐξιλέωσιν

341 4872 746 4936 ἐπιτάξαντες.
795 4869 1094 4939 Δεξάμενοι
1142 4868 1197 4921 δὲ
1258 4869 1327 4921 τά
1353 4868 1607 4937 ἐπιτίμια
1650 4869 1950 4939 προθύμως

343 4964 665 5034 ἐφύλαττον
688 4964 759 5016 ⁸⁵.
802 4963 941 5017 Ἀλλ’
971 4961 1094 5016 οὐδὲ
1117 4963 1177 5014 ai.
1200 4961 1247 4993 ⁸⁸
1283 4961 1433 5032 σφῶν
1465 4962 1644 5014 αὐτῶν
1689 4966 1949 5030 γυναῖκες

2049 3296 2196 3351 eluta
2226 3297 2346 3351 labe
2376 3298 2662 3367 culpisque
2694 3298 3008 3367 procuratis
3043 3312 3140 3368 per
3166 3297 3421 3367 religiosa
3451 3297 3643 3365 piacu-

2049 3388 2121 3450 la,
2156 3403 2379 3442 manum
2405 3395 2754 3457 mentemque
2771 3390 3162 3460 gubernaculis
3179 3404 3359 3444 rerum
3385 3391 3644 3443 admove-

2051 3491 2153 3536 ret.
2190 3481 2271 3535 Ab
2327 3482 2429 3535 hoc
2462 3481 2747 3551 proposito
2787 3492 3020 3536 matrem
3062 3482 3175 3537 adit
3204 3483 3368 3551 eique
3399 3480 3643 3535 laudabi-

2050 3576 2153 3629 lem
2219 3574 2369 3628 illam
2433 3590 2591 3629 suam
2661 3574 3134 3645 perturbationem
3205 3575 3416 3644 aperit,
3477 3575 3641 3629 simul

2047 3665 2286 3735 exquirit
2336 3666 2559 3720 modum
2608 3666 2836 3719 sedandi
2879 3680 3102 3720 morsus
3132 3664 3508 3720 conscientiae.
3548 3665 3642 3719 Illa

2051 3759 2217 3811 ﬁlium
2274 3767 2523 3813 materne
2578 3758 2801 3828 excipit,
2852 3758 3193 3823 consolatur,
3241 3759 3537 3824 collaudat,
3582 3760 3643 3815 li-

2052 3854 2355 3922 benterque
2388 3852 2578 3923 recipit
2609 3867 2669 3909 se
2702 3852 2969 3907 facturam
3010 3853 3155 3923 quod
3196 3854 3437 3922 petebat.
3476 3852 3642 3908 Com-

2051 3946 2291 4000 muniter
2316 3946 2485 4016 igitur
2509 3946 2741 4001 consilio
2767 3946 2955 4001 habito
2980 3948 3249 4001 advocant
3270 3949 3640 4018 patriarcham

2048 4038 2307 4093 Cosmam
2342 4038 2623 4107 (nondum
2652 4038 2700 4092 is
2734 4038 2987 4108 dignitati
3021 4038 3462 4108 renuntiaverat)
3489 4054 3642 4094 cuni-

2050 4148 2159 4202 que
2185 4146 2251 4185 eo
2281 4131 2583 4200 praecipuos
2610 4146 2859 4200 quosque
2888 4146 2952 4186 ex
2976 4146 3132 4186 sacra
3165 4134 3375 4202 synodo
3405 4140 3459 4186 et
3499 4134 3644 4187 ordi-

2053 4241 2120 4279 ne
2172 4223 2591 4277 monachorum.
2643 4222 2730 4277 Ad
2754 4223 2853 4277 hos
2916 4223 2969 4276 in
3056 4239 3223 4278 unum
3278 4234 3642 4296 congregatos

2053 4317 2362 4389 ingreditur
2403 4316 2703 4385 imperator
2726 4316 2803 4369 rei
2851 4314 3041 4370 habitu
3093 4316 3380 4386 cultuque,
3423 4334 3525 4373 nec
3559 4320 3639 4374 rei

2053 4420 2293 4470 tantum,
2336 4409 2429 4464 sed
2474 4409 2587 4477 jam
2648 4408 3047 4475 condemnati;
3112 4410 3192 4463 sic
3241 4412 3506 4475 vestitus,
3561 4414 3641 4467 sic

2055 4503 2246 4556 oculos
2283 4502 2364 4556 sic
2411 4501 2621 4555 vultum
2656 4500 2862 4564 ferens,
2914 4502 3076 4570 plane
3127 4510 3186 4555 ut
3224 4503 3529 4558 vilissimus
3573 4504 3641 4558 dc

2055 4596 2211 4666 plebe
2259 4594 2529 4664 quispiam
2586 4609 2773 4648 coram
2824 4594 3106 4663 iudicibus
3150 4596 3458 4656 assisterct,
3514 4613 3637 4651 mox

2051 4698 2231 4742 atrum
2299 4689 2352 4741 in
2383 4688 2504 4756 ejus
2535 4668 2701 4757 caput
2763 4688 3035 4742 calculum
3088 4687 3322 4742 daturis.
3382 4688 3477 4743 llic
3524 4689 3636 4759 jam

2050 4790 2252 4837 cuncta
2281 4780 2594 4846 conﬁtetur,
2630 4796 2737 4834 non
2771 4780 3008 4849 primum
3045 4779 3303 4848 impetum
3335 4797 3396 4835 ac
3431 4786 3639 4851 cogita-

2051 4876 2281 4937 tionem,
2338 4889 2449 4927 non
2499 4887 2855 4935 consensum,
2910 4887 3018 4924 non
3075 4875 3513 4942 progressionem
3585 4877 3637 4930 in

2049 4983 2188 5036 Opus
2218 4975 2273 5022 et
2307 4967 2745 5029 exsecutionem,
2776 4980 2883 5018 non
2914 4966 3074 5018 linem
3105 4975 3158 5019 et
3192 4982 3416 5037 scopum
3442 4984 3643 5038 propo-

1448 5103 1650 5165 Yarim
1688 5104 1993 5165 lectiones
2037 5123 2111 5166 ex
2138 5106 2279 5167 cod.
2325 5106 2596 5169 Coislin.

419 5237 470 5267 τι
504 5231 1013 5301 περιστοιχίσαντα.
1091 5230 1135 5261 ⁷⁸
1167 5229 1538 5301 διῇγήσασθαι
1564 5228 1883 5297 δυνήσηται.

346 5309 497 5359 τότε.
575 5304 626 5335 ⁸⁸
653 5304 707 5372 ἦ.

348 5370 770 5447 πεπραγμένων
800 5373 1200 5443 παραδραμὼν,
1235 5372 1368 5423 ά).λά
1404 5372 1600 5423 πάντα.
1686 5370 1732 5399 ⁸³
1768 5373 1835 5423 οἱ.

1983 5233 2029 5264 ⁷⁸
2057 5234 2277 5286 γισιιὸν.

789 5251 1013 5298 [way-ra.
1096 5251 1134 5261 "'
1167 5251 1538 5299 οιτγησασυπι
1564 5251 1883 5297 ουνησηται.
1987 5251 2029 5264 ’ν
2057 5251 2277 5301 χισμον.
2379 5251 2415 5265 ⁸⁸
2450 5251 2571 5284 τον.
2683 5251 2727 5263 ⁸*
2758 5251 2917 5284 trees;
2949 5251 3048 5283 vox
3089 5251 3337 5298 ικοσμαν.
3446 5251 3484 5262 ἰ
3527 5251 3634 5295 γαρ

789 5304 831 5335 ⁸¹
883 5302 1154 5364 ἐξουσίαν.
1229 5300 1273 5331 ⁸¹
1306 5301 1515 5373 ίιὶοςιιιιι
1552 5317 1729 5373 voces
1761 5304 1835 5369 μὴ
1888 5303 2179 5373 προϐολὴν,
2237 5302 2310 5373 μὴ
2341 5302 2760 5373 συγκατάθεσιν,
2800 5300 2875 5371 μὴ
2908 5301 3129 5373 πρᾶξιν,
3163 5304 3297 5369 μηδὲ
3320 5300 3499 5353 αἰτίαν
3527 5298 3634 5350 τῶν

1948 5376 1968 5403 ⁸
1995 5371 2143 5426 θείου
2172 5372 2443 5437 ἐδέξαντο.
2516 5372 2561 5403 ⁸³
2597 5371 2870 5437 ἐδέξαντο.
2945 5371 2989 5402 ⁸⁸
3023 5373 3184 5426 Deest
3209 5373 3397 5425 vocula
3424 5373 3503 5423 αἱ.

2374 5234 2419 5265 ⁷⁷
2450 5231 2571 5284 τόν.
2678 5230 2727 5263 ⁷⁸
2756 5231 2917 5284 Deest
2949 5245 3048 5283 vox
3088 5233 3337 5298 Κοσμᾶν.
3442 5230 3486 5262 ν’
3527 5228 3635 5295 γὰρ

1490 5486 1630 5546 Car.
1684 5484 2015 5548 Dul‘resnii
2051 5490 2143 5549 Du
2172 5489 2396 5567 Cangii
2435 5498 2621 5551 noue.

414 5594 536 5664 (99)
578 5592 696 5659 Τῆς
744 5586 1254 5664 ίξειοίἰςχ’συνόδουἶ
1310 5585 1493 5664 Divisa
1546 5594 1599 5640 et
1650 5586 1940 5664 distributa

344 5657 473 5719 oliiu
509 5657 667 5719 fuere
698 5657 877 5716 ollicia
912 5659 1115 5728 Magna:
1142 5657 1387 5711 ecclesiae
1431 5657 1943 5723 Constantinopoli-

344 5748 488 5790 tanae
522 5738 575 5788 in
614 5752 662 5790 ιι
694 5730 999 5789 l’entadas.
1030 5728 1233 5781 llarutn
1271 5729 1467 5797 prima.
1501 5743 1760 5794 magnum
1793 5741 1939 5780 (Bco-

345 5825 588 5873 nomum,
616 5819 883 5876 magnum
923 5799 1573 5864 sacellarium,magnum
1610 5799 1943 5876 cliartoplixf

347 5884 509 5934 ίδςιω
537 5868 1162 5943 ,⁷ςίιῇίιυριιγιειουιιι,
1239 5880 1291 5923 et
1356 5878 1671 5923 etmalorum
1754 5868 1939 5923 sacelli

2054 5590 2392 5644 continebat.
2430 5593 2606 5659 Atque
2648 5591 2733 5644 isti
2782 5602 2939 5646 erant
2982 5589 3263 5661 praecipui
3297 5586 3637 5661 patriarcha-

2055 5676 2175 5713 rum
2208 5658 2599 5715 cmisiliarii'et
2624 5676 2958 5723 asscssores,
2982 5658 3337 5727 ’soliquejus
3368 5658 3637 5711 habebant

2054 5730 2277 5801 sedendi
2308 5731 2360 5784 in
2387 5733 2597 5801 synodo
2625 5747 2751 5784 cum
2784 5733 3093 5797 patriarcha
3125 5722 3327 5801 ξιιῦτοι
3369 5727 3635 5801 κάθηνται

2051 5802 2111 5925 ἓν
2232 5799 2352 5872 θείᾳ
2386 5798 2476 5856 καὶ
2512 5802 2635 5873 ἱερᾷ
2664 5801 2865 5871 συνόδνρ
2898 5804 3034 5873 μετὰ
3064 5799 3161 5855 τοῦ
3189 5800 3489 5869 ἀρχιερέως
3516 5838 3527 5860 ,
3559 5798 3631 5851 ait

2099 5888 2129 5925 0
2176 5886 2320 5925 Inus.

2053 5872 2320 5926 Codinus.
