4050 6442
401 415 511 479 279

1650 410 1873 471 ΑΝΝᾸΞ
1903 410 2286 475 COMNENJE

3560 417 3677 485 280

405 532 568 583 situm
607 541 662 581 tu
696 534 811 582 toto
843 524 936 581 illo
962 524 1205 581 facinore
1236 526 1555 596 praeteriens
1578 564 1592 590 ,
1628 526 1760 594 quin
1796 527 1990 596 singu-

2103 527 2200 592 ιεω
2238 529 2346 583 τῶν
2408 527 2702 600 ἐπιτιμίων
2759 526 2983 582 ἑστάναι
3043 527 3328 601 ἠνείχοντο
3366 547 3380 562 ·
3417 532 3534 597 πῶς
3558 536 3680 606 γὰρ

407 622 559 676 latim
585 628 711 675 cum
740 634 936 688 magna
967 628 1021 676 et
1045 620 1259 675 timoris
1295 619 1391 675 Dei
1416 628 1471 674 et
1503 620 1639 675 vivae
1673 620 1794 675 ﬁdei
1824 621 1996 689 signi-

408 712 660 767 ﬁcatione
689 718 987 780 exponeret
1007 713 1226 765 omnia:
1254 725 1452 779 rogans
1476 710 1542 764 ad
1581 710 1693 764 haec
1720 721 1780 764 ut
1802 712 1993 766 morbo

406 792 628 873 cognito
657 820 760 875 pro
805 821 906 862 sua
950 806 1151 873 peritia
1186 812 1239 860 ct
1281 812 1551 875 potestate
1609 805 1993 874 mederentur;

410 911 513 952 nec
540 899 718 967 pinnis
753 914 818 954 ac
844 899 1127 970 suppliciis
1166 908 1452 967 parcerent
1500 900 1702 966 quibus
1738 914 1798 954 se
1848 899 1994 954 ultro

408 988 619 1046 ferebat
649 991 969 1047 obnoxium.
1001 992 1069 1045 At
1109 991 1185 1045 illi
1219 1008 1327 1046 nou
1350 992 1529 1046 solum
1555 992 1880 1061 Augustum,
1900 992 1994 1047 sed

409 1083 545 1139 alios
580 1096 801 1153 quoque
842 1082 959 1137 sive
989 1082 1261 1151 sanguine
1325 1083 1430 1153 ipsi
1460 1084 1574 1138 sive
1608 1083 1719 1153 82
1753 1083 1995 1137 amicitia

406 1173 755 1243 coniunctos,
780 1172 874 1242 qui
897 1173 1224 1229 defectionis
1252 1189 1478 1245 quoquo
1507 1177 1669 1229 modo
1698 1174 1992 1245 participes

406 1263 796 1332 atljutoresquc
826 1261 1068 1330 fuerant,
1106 1263 1302 1319 iisdem
1330 1279 1522 1319 omnes
1561 1265 1792 1334 piaculis
1819 1265 1990 1335 subji-

409 1354 909 1426 ciunt,prazscripto
943 1355 1075 1426 ipsis
1097 1354 1331 1426 jejunio,
1368 1356 1843 1420 humicubatione,
1883 1371 1988 1411 οων

405 1446 649 1517 terisque
676 1463 797 1516 qua:
826 1464 951 1504 cum
992 1449 1078 1505 his
1113 1448 1323 1519 iujungi
1369 1450 1549 1505 solent
1597 1450 1979 1518 paenitentiam

408 1537 817 1605 proﬁtentibus,
856 1539 925 1596 ad
972 1541 1474 1597 reconciliationem
1513 1557 1637 1595 cum
1674 1541 1784 1595 Deo
1815 1541 1990 1610 impe-

407 1625 680 1683 trandam.
716 1627 976 1685 Libenter
995 1644 1256 1700 accepere
1297 1631 1628 1702 subiereque
1660 1632 1990 1686 sententiam

2079 622 2380 691 ’φίλανδροι
2432 618 2627 690 οὔσαις
2679 622 2971 693 αὐτόμολοι
3028 623 3086 677 δὲ
3116 625 3208 677 τὸν
3249 626 3349 695 τῆς
3381 627 3681 695 μετανοίας

2094 711 2260 779 ζυγὸν
2307 712 2681 781 ἀναδέχονται,
2713 712 2827 764 Καὶ
2873 707 2943 783 ἦν
2993 713 3122 766 ἰδεῖν
3148 713 3219 767 τὰ
3261 699 3506 785 βασίλεια
3547 717 3683 770 τότε

2091 805 2345 876 δακρύων
2392 809 2486 857 καὶ
2533 803 2765 868 πένθους
2821 805 3130 873 ἀνάμεστα,
3165 807 3397 870 πένθους
3432 809 3530 861 οὐκ
3553 811 3685 862 ἐπι-

2092 900 2265 970 ψὸγου
2309 898 2420 952 οὐδ’
2472 896 2760 951 ἀσθένειαν
2807 898 2998 968 ψυχῶν
3044 899 3508 971 κατηγοροῦντος,
3555 899 3686 954 ἀλλ’

2100 988 2385 1043 ἐπαινετοῦ
2412 989 2506 1042 καὶ
2553 992 2727 1059 χαρᾶς
2780 990 3047 1058 προξένου
3086 991 3190 1060 τῆς
3223 982 3556 1061 κρείττονος,
3582 994 3685 1045 καὶ

2101 1081 2376 1151 μηδέποτε
2401 1081 2691 1150 λυομένης.
2728 1080 2788 1133 Ὀ
2807 1081 2864 1133 δὲ
2884 1081 3244 1153 αὐτοκράτωρ
3265 1084 3445 1144 ὁποῖος
3468 1085 3684 1145 ἐκεῖνος

2095 1172 2194 1243 τὴν
2214 1170 2499 1227 εὐσέϐειαν
2522 1173 2685 1227 πλέον
2707 1174 2822 1226 rt"
2852 1173 3045 1238 ποιῶν,
3081 1173 3233 1238 ἐντὸς
3262 1178 3362 1244 τῆς
3390 1173 3685 1243 βασιλικῆς

2094 1265 2413 1336 ἁῦουργίδος
2472 1265 2683 1318 σάκκον.
2729 1264 3127 1336 περιεϐέϐλητο
3169 1271 3227 1320 ὲν
3279 1265 3399 1336 χρῷ
3433 1264 3687 1334 ψαύοντα

2091 1359 2192 1424 τῆς
2249 1357 2453 1425 σαρκὸς
2520 1359 2615 1410 ἐπὶ
2670 1358 3079 1427 τεσσαράκοντα
3135 1358 3524 1429 νυχθημέροις.
3579 1357 3680 1410 Ἐν

2094 1448 2154 1502 δὲ
2178 1451 2299 1510 ταῖς
2333 1447 2450 1513 νυξὶ
2476 1449 2758 1519 χαμεύνης
2787 1449 2968 1503 ἔκειτο
2990 1451 3085 1502 ἐπὶ
3108 1451 3324 1520 τπέτρας
3368 1449 3527 1517 μόνον
3549 1448 3690 1503 ἀνέ-

2098 1558 2210 1610 χων
2239 1540 2340 1611 τὴν
2364 1540 2609 1612 κεφαλὴν
2636 1547 2732 1600 καὶ
2763 1542 2997 1596 πενθῶν·
3016 1542 3093 1606 ὡς
3145 1542 3310 1607 είκὸς.
3341 1538 3454 1595 Εἶθ’
3507 1538 3691 1603 οὕτως

2099 1632 2210 1685 τῶν
2237 1635 2337 1705 τῆς
2372 1635 2652 1705 βασιλείας
2686 1639 3029 1707 πραγμάτων
3050 1638 3243 1706 ἁγναῖς
3284 1637 3513 1691 ἅπτεται
3549 1648 3689 1703 χερ-

407 1721 614 1787 cuncti.
641 1720 752 1776 Nec
775 1723 906 1792 ipsa:
921 1723 1180 1779 mulieres
1210 1739 1401 1779 eorum
1425 1725 1698 1780 immunes
1721 1725 1996 1794 squaloris
2106 1725 2214 1780 σίν.
2806 1742 2817 1752 ·

406 1825 472 1867 ac
507 1814 687 1869 luctus
717 1815 879 1872 istius
931 1831 1058 1873 esse
1117 1816 1539 1872 sustinuerunt:
1605 1827 1880 1886 utcunque
1935 1830 2215 1872 armorum
2283 1833 2349 1873 ac
2375 1819 2687 1877 rebellionis
2733 1819 3026 1891 participes
3061 1836 3184 1877 esse
3239 1821 3620 1891 nequivissent
3655 1831 3677 1870 :

407 1911 683 1978 pertinere
714 1911 987 1981 siquidem
1053 1912 1121 1966 ad
1172 1911 1434 1982 nuptialis
1478 1912 1905 1970 necessitudinis
1957 1920 2014 1969 et
2051 1912 2337 1971 cbaritutis
2398 1914 2634 1971 oﬂlcium
2670 1916 2936 1988 putabant
2998 1917 3159 1973 etiam
3210 1915 3685 1974 incommodorum

406 1994 466 2056 iu
499 2000 701 2073 quibus
739 2002 948 2057 versari
980 2003 1127 2060 viros
1165 2019 1297 2059 suos
1325 2012 1637 2069 cernerent,
1673 2005 1820 2059 ultro
1860 2007 2414 2063 communicationem
2443 2018 2720 2078 appetere.
2769 2008 3102 2065 Voluntaria:
3144 2010 3307 2080 igitur
3338 2024 3343 2028 ’
3371 2024 3433 2066 se
3488 2007 3686 2075 adjun-

407 2108 544 2163 gunt
593 2093 814 2165 coniugi
877 2110 1108 2165 quasque
1158 2111 1282 2162 suo,
1332 2095 1402 2152 ad
1446 2093 1641 2168 iugum
1671 2096 2024 2166 “paenitentia
2061 2097 2339 2152 communi
2390 2100 2655 2168 patientia
2731 2101 3078 2155 trahendum.
3120 2100 3310 2170 Itaque
3340 2100 3525 2155 videre
3560 2103 3687 2155 erat

411 2206 507 2264 per
540 2191 594 2246 id
619 2200 836 2261 tempus
871 2192 1133 2262 palatium
1184 2192 1505 2248 universum
1556 2192 1776 2263 plenum
1817 2193 2184 2264 lacrymarum
2230 2211 2294 2249 ac
2323 2196 2526 2251 luctus.
2577 2195 2788 2250 Luctus
2822 2211 2932 2250 non
3013 2195 3195 2267 ignari
3261 2211 3325 2252 ac
3400 2197 3688 2266 vitupera~

409 2283 559 2349 bilis,
596 2284 763 2339 animi
797 2284 993 2355 abjecti
1046 2284 1473 2341 imbecillitatem
1548 2284 1833 2355 prodeatis
1882 2303 1898 2341 :
1953 2286 2053 2341 sed
2099 2287 2312 2342 honesti
2376 2304 2441 2343 ac
2496 2288 2825 2351 laudabilis,
2887 2289 3255 2358 gaudiumque
3324 2288 3680 2358 procuraturi

409 2392 692 2447 nunquam
740 2376 1123 2434 auferendum.
1175 2377 1294 2444 Qua
1316 2379 1371 2432 in
1419 2392 1480 2434 re
1529 2379 1830 2449 imperator
1862 2394 1973 2432 non
2014 2379 2198 2434 minus
2221 2380 2499 2435 eminebat
2528 2396 2692 2451 quam
2735 2381 2790 2434 in
2819 2381 3068 2445 caeteris;
3111 2381 3316 2451 quippe
3375 2380 3467 2450 qui
3537 2378 3691 2434 re'i-

409 2471 626 2541 gionem
656 2472 816 2543 longe
846 2471 1021 2542 pluris
1049 2487 1212 2542 quam
1266 2474 1500 2529 aliorum
1533 2472 2011 2544 quidvisl‘aceret.
2053 2473 2242 2545 Itaque
2305 2475 2412 2531 sub
2461 2490 2700 2546 purpura
2757 2489 2980 2529 saccum
3026 2476 3307 2529 cilicinum
3361 2474 3523 2529 nudas
3562 2476 3683 2530 cuti

412 2568 693 2622 admotum
726 2569 974 2638 gestabat
1009 2569 1241 2638 perdies
1269 2578 1570 2641 noctesque
1597 2568 1982 2640 quadraginta,
2029 2583 2137 2623 nou
2171 2569 2284 2624 alio
2356 2584 2452 2639 per
2494 2569 2552 2623 id
2612 2579 2832 2639 tempus
2878 2569 2944 2622 ad
2993 2582 3246 2623 somnum
3299 2567 3687 2638 excipiendum

411 2668 747 2722 lactentem
786 2680 949 2735 quam
988 2665 1155 2718 humo
1184 2677 1247 2717 ae
1282 2663 1618 2731 pavimento.
1671 2662 1850 2731 lapide
1891 2670 2076 2716 autem
2117 2677 2214 2732 pro
2241 2663 2491 2717 certicali
2530 2662 2597 2715 ad
2672 2661 3006 2715 iniciendum
3075 2671 3261 2731 caput.
3333 2662 3513 2729 Atque
3580 2659 3685 2716 hac

417 2757 635 2811 tandem
669 2754 931 2826 religione
965 2753 1289 2825 perfunctus
1322 2753 1404 2808 sic
1434 2752 1659 2809 demum
1703 2768 1869 2824 puras
1900 2768 2108 2822 manus
2130 2754 2278 2825 regni
2304 2755 2694 2823 gubernaculis
2726 2755 2989 2809 admovit.

483 2850 622 2906 Cum
651 2861 832 2906 autem
873 2860 1187 2905 exonerare
1209 2850 1553 2918 negotiorum
1582 2858 1768 2902 curam
1797 2850 1829 2901 a‘
1854 2863 1915 2902 se
1947 2847 2000 2901 in

2178 2847 2589 2917 Οἱακοστρόιρον
2618 2848 2673 2900 δὲ
2699 2848 2903 2916 μᾶλλον
2928 2846 3126 2900 ἑαυτοῦ
3157 2846 3255 2917 τὴν
3280 2847 3500 2919 μητέρα
3541 2849 3681 2915 ἱμει-

416 2942 815 3011 providentiam
856 2943 1049 2997 matris
1077 2958 1192 2997 suae
1233 2951 1580 3012 percuperet,
1634 2940 1792 2995 initio
1824 2950 2002 2994 tamen

418 3049 680 3089 arcanum
729 3034 781 3089 id
814 3035 1105 3090 consilium
1139 3036 1333 3089 habuit
1361 3052 1374 3088 :
1406 3034 1613 3089 veritus
1648 3050 1715 3088 ne
1741 3036 1787 3090 si
1819 3051 1927 3104 pne
1945 3049 2006 3090 se

417 3127 612 3191 ferret,
648 3127 939 3198 perterrita
969 3142 1033 3183 ea
1063 3136 1211 3182 metu
1253 3127 1597 3181 imminentis
1633 3127 1815 3192 molis,
1856 3125 2006 3181 festi-

418 3227 577 3274 naret
608 3220 834 3289 exsequi
877 3220 1026 3291 quod
1059 3219 1263 3275 dudum
1296 3220 1639 3289 parturiebat
1665 3220 1855 3274 animo
1882 3233 2006 3289 pro-

418 3309 662 3381 positum
688 3311 978 3367 recedendi
1004 3326 1033 3365 a
1061 3310 1230 3381 regia,
1258 3311 1490 3382 vitaeque
1515 3311 1581 3366 ad
1599 3311 2003 3380 processionem

419 3401 629 3472 vulgari
660 3401 999 3457 sublimioris
1029 3401 1380 3456 transeundi.
1410 3401 1454 3455 Δ
1481 3415 1589 3471 qua
1611 3400 1758 3455 illam
1783 3400 2006 3456 Alexius

422 3503 484 3550 ut
527 3493 733 3550 sensim
767 3494 1102 3565 cogitatione
1150 3494 1471 3557 abduceret,
1524 3493 1705 3548 itabat.
1741 3493 1807 3548 ad
1858 3493 2004 3547 illam

416 3587 631 3645 consilii
660 3586 781 3656 ejus
803 3587 1124 3658 exquirendi
1152 3601 1343 3650 causa,
1366 3601 1471 3642 nec
1496 3588 1794 3656 quidquam
1817 3601 2009 3656 quam-

417 3679 504 3734 vis
552 3680 827 3734 minutum
889 3694 954 3735 ac
985 3678 1147 3735 facile
1176 3679 1294 3749 ipsa
1328 3694 1438 3736 nou
1471 3680 1726 3735 consulta
1754 3677 2010 3748 expedie-

418 3773 533 3827 bat.
574 3772 666 3827 Sic
695 3771 953 3841 paulatim
993 3771 1375 3828 assuefaciens
1408 3771 1558 3827 illam
1600 3771 2006 3842 gubernationi,

417 3865 636 3934 sibique
663 3864 717 3918 in
737 3865 852 3919 dies
875 3864 1080 3919 arctius
1098 3863 1649 3933 indissolubiliusque
1667 3864 2007 3928 devinciens,

418 3959 690 4028 planeque
738 3956 814 4011 illi
866 3956 1200 4026 persuadere
1251 3965 1416 4027 atque
1456 3956 1580 4011 aliis
1629 3962 1907 4025 satagens,
1953 3957 2006 4009 in

423 4066 533 4106 una
581 4050 773 4106 matris
803 4049 1148 4119 providentia
1175 4065 1235 4105 se
1286 4064 1438 4119 spem
1473 4048 1675 4104 habere
1710 4049 2009 4119 repositam

420 4141 636 4212 imperii
665 4143 802 4199 bene
823 4142 1073 4214 gerendi,
1111 4143 1257 4212 quod
1282 4143 1492 4213 absque
1510 4142 1743 4199 consilio
1773 4142 1893 4212 ejus
1921 4141 2009 4197 fo-

417 4247 524 4300 ret,
552 4250 771 4306 pessum
814 4236 1019 4292 iturum
1049 4236 1345 4292 videretur.
1391 4236 1485 4291 Illa
1522 4251 1652 4291 vero
1690 4251 2005 4306 quanquam

420 4342 619 4398 magno
653 4327 893 4398 pondere
922 4328 974 4383 in
1006 4328 1299 4385 secedendi
1333 4329 1723 4401 cogitationem
1767 4343 2007 4399 propen-

417 4420 601 4485 debat,
657 4420 903 4490 nihilque
958 4421 1222 4478 libentius
1261 4436 1425 4492 quam
1479 4421 1874 4477 monasterium
1951 4422 2006 4475 in

417 4530 528 4585 quo
547 4515 671 4570 vita:
699 4515 964 4585 reliquum
991 4516 1176 4583 quiete
1200 4515 1529 4585 transigeret
1544 4530 1668 4571 cum
1692 4527 1874 4570 mente
1898 4514 2009 4585 agi-

422 4608 596 4671 tabat,
665 4614 780 4661 tum
821 4600 1111 4663 allectabat
1160 4607 1323 4673 vctis,
1364 4616 1543 4661 tamen
1574 4606 1843 4662 charitate
1886 4606 2003 4670 lilii,

419 4715 528 4768 quo
571 4698 768 4754 aﬂ‘ectu
799 4700 935 4754 nulli
990 4701 1279 4756 mulierum
1335 4699 1585 4765 cedebat,
1651 4699 2006 4754 vehementer

421 4792 810 4860 impellebatur
848 4792 915 4846 ad
963 4792 1351 4858 conferendam
1400 4806 1557 4848 suam
1618 4804 1839 4859 operam
1888 4804 2007 4844 ma-

425 4897 586 4954 gnam
640 4898 758 4938 rem
810 4898 1091 4955 aggressa,
1140 4898 1446 4954 navemque
1489 4898 1589 4939 nec
1635 4884 1846 4938 ﬁrmam
1903 4897 2005 4937 nec

420 4974 748 5030 instructam
805 4976 940 5031 satis
985 4975 1141 5033 iratis
1192 4975 1329 5030 mari
1377 4975 1647 5044 coeloque,
1710 4990 1832 5028 cum
1861 4990 2003 5043 prte-

422 5067 562 5119 scntl
625 5066 871 5135 periculo
939 5067 1151 5137 regenti
1206 5075 1378 5122 nato:
1455 5066 1757 5136 praesertim
1822 5066 2004 5120 adhuc

426 5156 535 5227 83
570 5158 877 5229 inexperto,
906 5175 1162 5230 nuncque
1187 5160 1424 5229 primum
1456 5159 1595 5214 istos
1624 5168 1837 5225 ventos,
1863 5158 2002 5211 istos

424 5250 629 5309 ﬂuctus
670 5252 957 5319 sentienti,
995 5254 1261 5315 nondum,
1301 5251 1551 5322 inquam,
1585 5254 1690 5305 usit
1723 5252 1906 5304 rerum
1948 5256 2004 5302 et

2112 2940 2344 3011 ρόμενος
2367 2941 2414 2974 ⁸⁸
2446 2936 2608 3003 εἶναι,
2657 2940 2756 3011 τὴν
2788 2940 2984 3012 βουλὴν
3011 2940 3344 3011 ὑποϐρύχιον
3374 2941 3507 3003 τέως
3546 2938 3686 3013 εἶχε,

2107 3031 2294 3095 δεδιὼς
2347 3033 2421 3102 μὴ
2453 3032 2547 3084 τοῦ
2580 3032 2828 3085 τοιούτου
2865 3031 3206 3100 γνωσθέντος
3227 3032 3365 3102 αὐτῇ
3420 3031 3690 3101 λογισμοῦ

2108 3125 2200 3178 καὶ
2226 3123 2336 3177 τῶν
2353 3123 2643 3194 βασιλείων
2671 3123 2904 3190 ἐξέλθοι,
2932 3122 3072 3195 πρὸς
3103 3123 3446 3195 ὑψηλότερον
3464 3125 3581 3196 βίον
3607 3126 3691 3194 (Ι)

2102 3216 2393 3285 γινώσκων
2445 3216 2617 3287 αὐτὴν
2664 3216 3106 3273 ἀποϐλέπουσαν.
3151 3220 3240 3272 Ἐν
3280 3220 3415 3273 πᾶσι
3466 3219 3566 3290 μὲν
3591 3219 3697 3274 οὖν

2110 3308 2205 3376 τῆς
2245 3303 2290 3338 ⁸⁸
2326 3307 2739 3375 προσπίπτουσι
2783 3305 2981 3377 βουλῆς
3019 3308 3194 3377 αὐτῆς
3261 3309 3395 3382 ἄτερ
3454 3310 3591 3380 μηδὲ
3627 3311 3695 3364 τὸ

2110 3395 2277 3464 τυχὶν
2299 3390 2367 3466 ἦν
2394 3394 2656 3465 ἐνεργῶν,
2683 3397 2822 3450 ἀλλὰ
2846 3398 3103 3451 κοινωνὸν
3131 3395 3246 3469 εἶχε
3275 3399 3383 3452 τῶν
3411 3400 3696 3471 βουλημά-

2108 3504 2216 3540 των
2250 3486 2385 3557 ὁμοῦ
2417 3490 2514 3541 καὶ
2554 3489 2905 3562 συλλήπτορα
2925 3490 3026 3562 τὴν
3064 3492 3281 3561 μητέρα
3304 3492 3350 3525 ’θ
3381 3494 3476 3546 καὶ
3518 3510 3697 3547 καται

2114 3580 2312 3651 μικρὸν
2345 3582 2443 3651 ὑφέ
2455 3598 2605 3652 ρπων
2629 3585 2790 3655 αὐτῇ,
2839 3584 2935 3638 καὶ⁵
2959 3586 3265 3639 κοινοποιού
3274 3604 3435 3656 μενος
3456 3587 3556 3658 τὴν
3578 3587 3697 3642 τῶν

2111 3675 2454 3744 πραγμάτων
2496 3675 2788 3746 διοίκησιν.
2835 3677 2944 3731 Καί
2964 3688 3082 3731 ⁷που
3107 3680 3202 3732 καὶ
3229 3680 3483 3750 φανερῶς
3518 3680 3698 3734 ἐνδει-

2112 3769 2381 3840 κνύμενος
2417 3770 2493 3834 ὡς
2541 3771 2674 3843 ἄτερ
2706 3775 2807 3843 τῆς
2837 3773 3055 3844 ἐκείνης
3090 3775 3288 3846 φρενὸς
3338 3778 3434 3829 καὶ
3461 3777 3695 3848 γνώμης

2111 3862 2395 3916 ἀπολεῖται
2439 3865 2542 3934 τῆς
2577 3863 2858 3934 βασιλείας
2887 3866 2981 3921 τά.
3006 3867 3332 3937 πράγματα.
3359 3866 3546 3933 Οὕτως
3574 3865 3696 3938 εἶχε

2111 3957 2209 4009 καὶ
2243 3955 2566 4026 ξυνεδέσμει
2622 3958 2788 4012 πλέον
2836 3960 3017 4030 ἐαυτῷ
3048 3959 3094 3992 ⁸⁸
3153 3961 3253 4031 τὴν
3308 3962 3547 4032 μητέρα,
3592 3965 3697 4018 καὶ

2098 4047 2207 4101 ,τοῦ
2239 4048 2386 4102 κατά
2438 4048 2640 4102 σκοπὸν
2670 4050 2908 4121 ἀπεῖργε
2953 4052 3050 4105 καὶ
3094 4052 3439 4107 ἀπεκώλυεν.
3492 4055 3559 4107 Ἦ
3590 4056 3695 4125 μὲν

2114 4138 2223 4215 γᾴρ
2283 4139 2418 4208 πρὸς
2459 4139 2703 4208 σταθμὸν
2759 4140 3071 4194 ἀπέϐλεπεν
3093 4141 3343 4213 ἔσχατον,
3387 4144 3482 4197 καὶ
3522 4144 3697 4214 μονὰς

2111 4229 2390 4296 διενοεῖτο,
2415 4232 2472 4284 ὲν
2502 4224 2607 4293 αἷς·
2628 4230 2721 4285 τὸν
2748 4230 3030 4286 ιπιλοιπον
3061 4235 3253 4303 χρόνον
3284 4235 3405 4304 μετ’
3430 4234 3697 4307 εὔφρονος

2098 4321 2376 4394 λογισμοῦ
2430 4322 2652 4377 ἑλκύσει
2707 4323 2802 4378 τοῦ
2848 4324 2989 4395 βίου.
3049 4326 3160 4380 Καὶ
3208 4325 3364 4380 ταῦτ’
3396 4315 3565 4383 ἐνόει’
3594 4329 3695 4382 καὶ

2115 4415 2286 4486 ἑαυτῇ
2343 4415 2434 4468 διὰ
2483 4415 2683 4478 παντὸς
2725 4417 2999 4487 ἐπηύχετο
3054 4418 3370 4483 τεύξασθαι.
3442 4421 3582 4475 Ἀλλ’
3641 4424 3695 4476 εί

2114 4509 2211 4563 καὶ
2259 4509 2487 4563 τοιαῦτα
2534 4509 2678 4563 κατά
2729 4508 2856 4563 νοῦν
2916 4511 3360 4567 συνδιεσκοπεῖτο
3410 4515 3505 4569 καὶ
3550 4515 3698 4579 ὅλως

2110 4601 2249 4675 πρὸς
2300 4601 2636 4672 ὑψηλότερον
2692 4601 2967 4671 ὲνητένιζε
3020 4603 3157 4675 βίον,
3206 4605 3321 4659 ἀλλ’
3359 4602 3428 4677 ἦν
3477 4624 3540 4676 γε
3592 4609 3700 4662 καὶ

2113 4695 2369 4763 φιλόπαις
2436 4692 2597 4762 εἴπερ
2657 4710 2741 4758 τις
2807 4694 2940 4765 άλλη
3011 4697 3173 4766 γυνὴ,
3211 4698 3307 4752 καί
3358 4716 3477 4763 πως
3525 4699 3701 4770 ἠϐού-

2110 4787 2232 4840 λετο
2296 4785 2693 4854 συνδιενεγκεῖν
2748 4786 2886 4856 μετά
2945 4787 3039 4841 τοῦ
3097 4788 3214 4843 υἱοῦ
3288 4789 3351 4843 τὺ
3417 4793 3519 4861 τῆς
3593 4790 3703 4862 βα·-

2111 4879 2316 4942 σιλείας
2369 4877 2687 4941 κλυδώνιον,
2737 4880 2832 4932 καὶ
2886 4879 3350 4952 οὐριοδρομοῦσαν
3404 4882 3504 4954 τὴν
3557 4882 3701 4939 ναῦν

2104 4972 2140 5041 ἢ
2209 4970 2308 5025 καὶ
2387 4971 2730 5040 πανταχόθεν
2820 4970 3162 5044 βαλλομένην
3233 4974 3351 5038 τοῖς
3421 4976 3694 5044 κύμασιν;

2112 5058 2187 5122 ὡς
2269 5059 2468 5128 ἄριστα
2543 5058 2952 5128 οίακοστροφῶν
3004 5062 3050 5093 ⁹²
3119 5064 3216 5117 καὶ
3297 5063 3531 5134 μάλιστα
3589 5066 3753 5147 τοῦῖ

2113 5149 2303 5213 παιδὸς
2336 5151 2458 5221 ἄρτι
2492 5150 2586 5203 ἐπὶ
2630 5150 2730 5221 τὴν
2766 5152 3022 5222 πρύμναν
3064 5155 3405 5222 καθίσαντος,
3449 5156 3542 5209 καὶ
3577 5157 3700 5214 τῶν
3742 5164 3745 5165 ⁷

2058 5252 2063 5255 ’
2115 5243 2318 5294 οἰάκων
2348 5240 2731 5311 ἐφαψαμένου,
2759 5244 2857 5297 καὶ
2891 5241 3062 5317 μήπω
3091 5245 3286 5319 πρώην
3322 5247 3561 5320 θαλάττῃ
3592 5251 3701 5304 καὶ

1472 5388 1666 5447 Varla;
1693 5384 2002 5447 lectiones
2031 5396 2111 5442 ex
2140 5379 2282 5441 cod.
2325 5380 2595 5441 Coislin.

499 5518 545 5550 ⁸⁷
587 5518 869 5572 εὐσέϐειαν
896 5510 965 5587 ἦν
987 5514 1149 5569 πλέον
1180 5531 1254 5567 τι.
1325 5512 1371 5545 ⁸⁸
1413 5511 1756 5583 βουλόμενος.
1829 5510 1877 5546 ”
1901 5509 2036 5572 τοῖς.

430 5592 705 5659 στροφείν.

2109 5503 2157 5536 ⁹⁰
2180 5504 2389 5561 Desunt
2410 5521 2575 5563 voces
2594 5508 2694 5578 τὴν
2730 5506 2969 5580 μητέρα.
3060 5507 3105 5539 ⁹¹
3140 5505 3358 5561 ἑαυτοῦ.
3434 5511 3479 5541 ’⁸
3506 5508 3705 5564 οἰακο-

1583 5701 1722 5762 Car.
1745 5702 2075 5766 Dufresnii
2110 5704 2207 5767 Du
2248 5698 2467 5782 Cangii
2503 5705 2689 5762 notae.

501 5823 579 5891 (l)
620 5825 1030 5893 ’Υψηλότερον
1051 5828 1215 5890 βίον.
1282 5826 1414 5882 \‘idc
1491 5826 1798 5893 Zonaram,

1878 5844 1931 5897 p.
1982 5828 2111 5882 234.
