4050 6422
402 384 512 446 283

405 590 631 658 poribus
694 589 879 643 anima
946 591 1162 646 duobus
1220 608 1504 662 perspecta
1573 609 1791 662 semper
1859 606 1985 660 est,

411 682 773 752 charitasque
817 699 911 752 per
941 684 1147 740 Cbristi
1198 686 1430 753 gratiam
1490 695 1642 740 tanta
1691 689 1832 741 inter
1882 703 1986 742 nos

405 772 677 830 hactenus
714 785 933 844 tamque
964 777 1060 830 fuit
1104 777 1316 845 integre
1356 787 1571 832 servata
1611 787 1669 831 ut
1703 794 1804 833 nec
1834 794 1974 833 sono

408 872 568 920 tenus
597 875 762 934 atque
791 867 1032 930 aurium,
1067 869 1348 924 mentione
1382 873 1484 923 mel
1535 885 1598 923 ac
1648 869 1748 933 tui,
1799 869 1981 938 [rigidi

351 943 355 950 ’
407 957 561 1012 illius
593 958 766 1020 verbi,
810 962 1098 1028 perstricta
1154 977 1392 1030 unquam
1456 962 1737 1033 libataque
1792 962 1978 1016 fuerit.

405 1045 575 1116 Cujus
619 1049 697 1102 rei
731 1064 855 1104 cum
889 1051 1028 1106 alios
1079 1051 1289 1107 fructus
1325 1053 1591 1122 repimus,
1650 1062 1765 1106 tum
1824 1053 1978 1106 illum

407 1139 757 1195 maximum:
810 1144 959 1212 quod
1007 1159 1130 1197 cum
1176 1145 1324 1200 illam
1384 1146 1557 1199 nostri
1613 1123 1856 1199 cbari'tas
1914 1143 1982 1197 ad

405 1239 526 1284 vota
563 1232 812 1288 facienda
841 1251 939 1305 pro
977 1237 1137 1292 nobis
1179 1251 1477 1306 precesque
1510 1218 1784 1306 ieligionc
1815 1247 1984 1306 atque

399 1324 580 1383 olIicio
646 1329 906 1388 incensas
969 1334 1112 1402 apud
1160 1335 1330 1388 Deum
1393 1333 1618 1388 assidue
1678 1333 1984 1388 fundendas

1705 386 1933 446 ANN:E
1974 387 2363 448 COMNENE

404 496 629 552 mentis.
669 494 826 551 Unus
855 512 1076 563 sensus,
1112 514 1219 552 una
1251 501 1574 561 concordia.
1609 518 1717 555 una
1769 501 1824 555 in
1863 517 1971 554 cor-

2090 501 2182 554 καὶ
2213 500 2306 552 τοῦ
2341 499 2541 563 κοινοῦ,
2573 499 2973 572 ἐτοιμαζομὲνή
2999 503 3051 554 δὲ
3081 505 3180 576 ήδη

3555 395 3662 456 984

3278 506 3526 575 βασιλέα
3555 525 3666 576 μου

2093 592 2190 642 σὺν
2224 589 2344 659 Θεῷ
2375 589 2512 660 πρὸς
2536 589 2634 658 τήν
2669 592 2808 645 κατά
2836 594 2944 646 τῶν
2973 597 3186 666 ἑχορων
3212 599 3310 666 τῆς
3350 597 3664 666 Ῥωμανίας

2088 681 2386 744 ἐξέλευσιν,
2428 682 2518 735 διὰ
2569 683 2853 752 φροντίδος
2904 687 3004 755 μὲν
3055 688 3260 758 πολλῆς
3292 693 3530 743 ποιεῖται
3566 693 3666 743 καὶ

2085 777 2184 843 τὴν
2217 773 2742 844 scisma-tutorem?)
2788 777 3052 846 συλλογήν
3079 797 3139 832 τε
3173 781 3267 832 καὶ
3299 781 3661 850 διευθέτησιν,

2085 866 2185 918 οὐκ
2216 865 2502 935 ἐλάχιστον
2529 867 2585 919 δὲ
2610 866 2816 934 ταύτης
2855 869 3166 938 νενόμισται
3217 873 3314 923 καὶ
3340 873 3371 940 ή
3400 875 3525 941 περὶ
3558 873 3664 939 τῆς

2083 957 2191 1011 τῶν
2235 957 2565 1028 σεκρετικῶν
2603 959 2680 1028 (3)
2725 977 2787 1011 τε
2835 961 2930 1014 καὶ
2989 961 3283 1015 πολιτικῶν
3316 966 3666 1033 πραγμάτων

2083 1055 2404 1122 διοικήσεως
2435 1057 2678 1126 φροντίς.
2713 1052 2854 1128 Εὗρε
2901 1059 3032 1126 γοῦν
3065 1055 3177 1112 οἷον
3228 1060 3665 1129 ἀριστοκρατίας

2088 1147 2547 1202 ἀνεπιϐούλευτον
2581 1149 2847 1219 ὀχύρωμα
2870 1188 2885 1212 ,
2914 1152 2989 1215 ὡς
3021 1151 3088 1204 ἂν
3111 1155 3178 1222 τῇ
3212 1153 3521 1223 ἡγιασμένη
3566 1153 3664 1205 καὶ

2087 1240 2536 1313 πανεντιμοτάτῃ
2565 1242 2736 1312 μητρὶ
2762 1241 2934 1312 αὐτῆς
2958 1244 3194 1315 ἀνατεθῇ
3213 1246 3248 1315 ή
3276 1245 3386 1297 τῶν
3405 1245 3663 1297 ἁπάντων

2085 1331 2370 1402 διοίκησις.

399 1419 699 1488 impulerit,
743 1423 834 1488 iis,
870 1434 928 1478 ut
959 1428 1044 1493 pie
1077 1428 1386 1492 credimus,
1435 1437 1723 1482 exoratum
1761 1427 1985 1482 caaleste
2024 1440 2227 1480 numen
2258 1440 2358 1480 nos
2381 1425 2433 1478 in
2463 1425 2627 1480 istum
2659 1424 2869 1494 imperii
2895 1427 3104 1497 apicem
3130 1430 3345 1484 extulit.
3417 1429 3490 1484 Ex
3554 1443 3668 1498 quo

398 1513 488 1567 illa
521 1527 768 1584 tempore
803 1534 1082 1581 nunquam
1113 1521 1374 1585 cessavit,
1411 1521 1570 1588 quasi
1625 1530 1687 1575 ut
1777 1519 1971 1588 priore:

2077 1517 2458 1586 ienignitatem
2526 1519 2688 1573 novis
2728 1534 2945 1588 semper
2974 1525 3283 1576 cumularet
3317 1524 3550 1581 meritis.
3609 1527 3664 1578 in

399 1605 606 1662 laboris
647 1620 852 1677 partem
889 1613 1031 1666 ultro
1061 1615 1342 1678 accedere,
1373 1622 1704 1682 nostrasque
1734 1626 1896 1666 curas
1923 1626 1988 1665 ac
2028 1610 2434 1665 sollicitudines
2462 1612 2660 1679 partim
2700 1613 2976 1668 consolari
3047 1615 3381 1677 miserando,
3460 1617 3658 1684 partim

399 1704 740 1769 suggerendo
765 1707 1002 1761 consilio
1036 1707 1090 1761 in
1126 1721 1424 1760 commune
1459 1707 1578 1760 utili
1642 1705 1927 1759 sublevare
1988 1719 2053 1757 ac
2093 1704 2362 1758 minuere.
2397 1703 2534 1758 Cum
2567 1704 2732 1773 igitur
2767 1705 3025 1774 majestas
3057 1715 3243 1761 nostra
3277 1709 3330 1762 in
3375 1709 3660 1776 procinctu

398 1793 772 1860 expeditionis
805 1797 1134 1851 nccessarire
1185 1806 1239 1851 et
1297 1795 1466 1850 Deum
1528 1807 1587 1851 ut
1646 1795 1978 1850 conﬁdimus
2024 1795 2293 1849 habitura:
2330 1795 2602 1850 faventem
2638 1796 2906 1852 adversns
2949 1801 3136 1852 hostes
3205 1798 3506 1863 Romaniae,
3571 1803 3668 1852 dr-

400 1886 639 1943 lectibus
707 1888 973 1945 habendis
1033 1901 1089 1945 et
1143 1900 1256 1946 tota
1317 1891 1704 1945 constituenda
1765 1890 1987 1944 nzilitari
2029 1890 2316 1958 disciplina
2385 1905 2549 1959 supra
2615 1890 2838 1944 modum
2891 1902 3157 1961 occupata
3211 1894 3326 1948 sit:
3379 1895 3667 1960 eidemque

399 1987 581 2033 tamen
617 1997 681 2035 ex
721 1996 876 2050 parte
910 1985 1039 2048 alia,
1076 2001 1184 2038 non
1218 1986 1400 2039 minus
1426 2000 1680 2053 operosa.
1737 1997 1838 2036 nec
1874 1982 2056 2036 minus
2088 1983 2261 2036 nostri
2293 1981 2458 2037 cilicii
2529 1984 2746 2052 propria
2817 1985 2893 2038 rei
2975 1985 3253 2054 iudicialis
3302 1998 3356 2040 et.
3430 1988 3668 2054 pOllllt'te

401 2075 620 2143 negotia
647 2075 1020 2144 impendeant,
1059 2087 1140 2131 tot
1166 2078 1331 2133 simul
1387 2079 1535 2133 curis
1587 2086 1738 2132 recte
1777 2077 2141 2146 deinngendis
2171 2077 2259 2130 vix
2297 2079 2435 2131 satis
2473 2093 2634 2146 pares
2701 2078 2839 2132 nihil
2905 2079 3102 2134 melius
3183 2083 3434 2136 ducimus
3501 2098 3665 2149 quam

399 2168 444 2221 si
481 2183 670 2222 earum
704 2186 842 2238 quas
903 2171 1144 2228 diximus
1211 2188 1390 2227 rerum
1458 2173 1704 2227 omnium
1774 2171 2308 2226 administrationem
2375 2171 2658 2241 sapientiae
2717 2173 3044 2228 venerabilis
3099 2189 3164 2230 ac
3211 2188 3418 2230 saneta:
3472 2180 3668 2233 matris

399 2273 600 2316 nostra:
621 2264 1056 2319 committaums.

469 2355 822 2411 Decet-nimus
853 2359 1016 2429 igitur
1055 2375 1119 2414 ac
1169 2363 1422 2430 praesenti
1464 2361 1764 2431 diplomate
1807 2362 1954 2417 bulla

2133 2355 2442 2425 Διορίζεται
2517 2353 2728 2424 γοῦνή
2787 2354 3035 2424 βασιλεια
3086 2374 3189 2426 μου
3252 2359 3512 2430 καθαρῶς
3575 2361 3669 2414 διὰ

397 2461 560 2501 aurea
612 2452 825 2504 munito
877 2453 1182 2520 sancimus,
1223 2465 1280 2508 ut
1335 2455 1592 2524 przedicta
1641 2458 1974 2513 venerabilis

397 2549 574 2594 mater
607 2551 816 2610 nostra,
857 2559 956 2612 pro
983 2561 1174 2615 inagna
1203 2562 1309 2615 qua
1336 2533 1506 2615 pollet
1557 2547 1750 2616 peritia
1789 2564 1972 2603 rerum

398 2633 764 2689 humanarum
827 2652 890 2691 ac
947 2639 1320 2702 smcularium,
1352 2640 1568 2694 tametsi
1617 2655 1712 2695 eas
1761 2656 1979 2708 semper

396 2726 660 2793 religioso
693 2730 878 2782 animo
919 2732 1270 2798 contempsit.
1324 2730 1538 2798 plenam
1587 2731 1850 2800 deinceps
1879 2747 1980 2800 po-

399 2825 656 2872 testatem
692 2818 888 2873 habeat
915 2835 1098 2874 rerum
1134 2821 1380 2874 omnium
1411 2837 1513 2890 pro
1544 2837 1644 2875 suo
1671 2833 1805 2876 nutu
1839 2823 1984 2877 arbi-

400 2909 620 2978 trioque
639 2911 1181 2976 constituendarum,
1199 2928 1290 2967 seu
1314 2914 1435 2967 viva
1471 2930 1733 2974 voce.seu
1749 2917 1977 2984 scripto,

397 3001 512 3056 sive
540 3001 586 3056 is
623 3002 688 3055 ad
719 3016 838 3056 eam
865 3003 1119 3058 retulerit
1146 3005 1235 3074 qui
1270 3006 1346 3059 rei
1382 3007 1651 3060 universae
1677 3007 1981 3076 jndiciariae

396 3101 624 3161 praeest,
684 3094 799 3147 sive
847 3095 1175 3150 inferiorum
1213 3097 1303 3150 illo
1351 3097 1666 3152 etlicialium
1724 3100 1977 3168 quilibet,

396 3184 488 3252 qui
527 3186 604 3238 vel
636 3188 1160 3243 commentariorum
1210 3189 1292 3243 vel
1326 3191 1660 3254 libellorum,
1716 3193 1797 3246 vel
1851 3210 1980 3248 sen-

399 3279 699 3331 tentiarum
733 3294 924 3336 curam
959 3292 1134 3350 gerat,
1165 3283 1359 3336 horum
1390 3285 1568 3338 cuivis
1599 3285 1863 3354 quidquid
1890 3287 1976 3338 illa

395 3370 766 3438 reSpouderit.
810 3371 1081 3442 quidquid
1113 3374 1278 3428 etiam
1313 3377 1369 3430 in
1406 3385 1600 3430 ca-tera
1630 3378 1976 3446 politicarum

395 3478 578 3518 rerum
621 3464 1055 3533 gubernatione;
1113 3476 1240 3535 puta
1279 3468 1588 3524 rationibus
1627 3470 1764 3533 tisci,
1800 3479 1852 3524 et
1897 3487 1980 3525 re-

401 3555 666 3609 missione
710 3557 1056 3624 publicorum
1089 3559 1400 3614 debitorum
1439 3562 1491 3614 in
1533 3562 1718 3630 populi
1764 3563 1979 3629 egentis

399 3647 835 3701 Sublevationem
877 3649 1202 3714 relaxanda;
1241 3653 1401 3720 plane
1429 3662 1612 3706 ratum
1651 3653 1834 3706 haberi
1875 3669 1974 3708 no-

394 3736 596 3806 bisque
657 3740 918 3809 imputari
980 3711 1348 3812 praecipinius,
1411 3745 1694 3813 nihiloque
1743 3711 2046 3799 minorisC

394 3829 645 3884 obtinere
670 3829 944 3886 ﬁrmitatis
974 3835 1162 3894 robur.
1189 3851 1351 3905 quam
1378 3837 1422 3890 si
1454 3837 1522 3890 ab
1545 3838 1658 3906 ipsa
1682 3848 1970 3905 prmsrnte,

394 3923 808 3990 pronuntiante,
851 3924 1206 3996 dictauteque
1270 3930 1570 3982 serenitate
1620 3939 1808 3982 nostra
1856 3938 1973 3983 sta-

395 4023 702 4066 tuerentur.
741 4017 1114 4086 Quazcuuque,
1147 4019 1397 4087 inquam,
1426 4020 1493 4072 ab
1529 4021 1646 4089 ipsa
1678 4020 1970 4075 dubiorum

397 4104 769 4160 oborientium
822 4109 1136 4164 solutiones
1178 4127 1243 4165 ac
1286 4128 1547 4182 responsa
1603 4113 1970 4183 proli-rentur,

395 4213 740 4268 quaecunque
779 4211 1076 4271 praecepta,
1129 4205 1358 4273 scripta,
1404 4221 1511 4260 non
1560 4207 1786 4276 seripta,
1842 4223 1967 4261 cum

2078 2450 2176 2502 τοῦ
2225 2447 2499 2517 παρόντος
2549 2447 2973 2518 χρυσοδού).λου,
3007 2449 3092 2502 ἵνα
3137 2450 3206 2503 δι’
3238 2451 3304 2522 ἣν
3335 2451 3450 2520 ἔχει
3494 2454 3668 2505 mlu-

2081 2540 2303 2611 πειρῑαν
2335 2542 2465 2610 περὶ
2496 2539 2566 2592 τὰ
2603 2540 2836 2609 βιωτικά
2871 2542 3179 2610 πράγματα
3203 2581 3218 2604 ,
3262 2546 3312 2597 εἰ
3346 2545 3443 2598 καὶ
3477 2547 3668 2600 τέλεον

2081 2634 2292 2688 τούτων
2330 2634 2868 2704 καταπεφρόνηκεν,
2903 2636 3050 2706 ἅπερ
3083 2636 3185 2690 ἂν¹
3221 2639 3518 2708 ἐγγράφως
3553 2641 3667 2693 διο-

2085 2727 2334 2798 ρὶσηται,
2386 2725 2491 2780 κᾶν
2521 2727 2652 2796 παρ’
2683 2727 2851 2779 αὐτοῦ
2871 2728 2890 2758 ¹
2923 2728 3270 2796 προεστῶτος
3302 2729 3413 2783 τῶν
3465 2734 3659 2799 σεκρέ-

2079 2837 2190 2874 των
2230 2821 2304 2891 (4)
2342 2819 2727 2889 ἀναφέρωνται
2761 2819 2792 2888 ἢ
2829 2818 2940 2871 τῶν
2969 2821 3060 2872 ὑπ’
3118 2820 3284 2874 αὐτὸν
3316 2823 3656 2892 σεκρετικῶν

2080 2914 2243 2983 ἢτῶν
2271 2913 2446 2968 ἄλλων
2476 2913 2759 2976 ἀπάντων,
2796 2907 2871 2963 ὧν
2896 2914 2952 2965 αἱ
2980 2913 3323 2984 ὑπομνήσεις
3351 2915 3383 2985 ῆ
3411 2916 3664 2984 αἰτήσεις

2080 3005 2352 3076 ῆκρὶσεις
2382 3004 2877 3074 ἑτοιμασθήσονται
2931 3005 3025 3058 ἐπὶ
3076 3007 3449 3075 συμπαθείαις
3491 3007 3666 3078 δήμο-

2082 3098 2304 3158 σιακαῖς
2358 3094 2712 3163 ὀφλημάτων,
2747 3095 2808 3148 τὸ
2840 3095 3010 3166 κῦρος
3059 3097 3244 3159 ἕξουσι
3291 3099 3544 3169 μόνιμον,
3579 3099 3666 3162 ὡς

2081 3187 2236 3254 παρά
2263 3182 2362 3237 τοῦ
2398 3183 2656 3252 γαληνίου
2702 3183 2941 3254 κράτους
2973 3185 3073 3252 τῆς
3109 3186 3392 3256 βασιλείας
3437 3206 3537 3258 μου
3580 3189 3665 3240 οἰ-

2080 3275 2486 3344 κονομούμενα,
2517 3277 2611 3328 καὶ
2643 3275 2702 3341 ἐξ
2748 3275 2914 3329 αὐτοῦ
2948 3276 3043 3330 τοῦ
3077 3279 3354 3343 στόματος
3386 3279 3560 3348 αὐτῆς
3586 3280 3666 3334 τὰ

2082 3367 2370 3438 γραφέντα
2410 3367 2992 3438 ἀποστοματιζόμενα.
3041 3367 3168 3425 Οἷαι
3205 3371 3315 3442 γὰρ
3359 3372 3426 3426 ἀν
3477 3371 3667 3437 λύσεις

2079 3462 2216 3533 παρ’
2251 3461 2424 3530 αὐτῆς
2465 3460 2968 3532 ἀποφανθήσονται,
3013 3463 3046 3532 ἢ
3081 3463 3174 3516 καὶ
3213 3465 3538 3534 προστάξεις
3565 3467 3666 3534 εγ-

2079 3574 2283 3628 γραφοι
2345 3558 2377 3628 ἢ
2433 3557 2719 3626 ἄγραφοι,
2769 3557 2876 3610 κᾶν
2932 3557 3152 3626 εὖλογοι
3204 3560 3308 3613 κᾶν
3353 3560 3664 3628 ἀνεύλογοι,

2082 3649 2358 3720 σφραγῖδα
2416 3650 2682 3719 φέρουσαι
2732 3649 2908 3718 αὐτῆς
2962 3652 3062 3714 τὴν
3099 3651 3530 3722 μεταμόρςρωσιν
3563 3656 3666 3707 καὶ

2077 3745 2180 3814 τὴν
2215 3743 2478 3814 κοίμησιν
2513 3742 2615 3813 (5),
2641 3741 2716 3805 ὡς
2743 3742 2916 3810 αὐτῆς
2946 3742 3048 3813 τῆς
3081 3743 3362 3812 βασιλείας
3417 3762 3519 3814 μου
3571 3746 3652 3799 λο-

2078 3835 2460 3904 γισθήσονται.
2487 3834 2578 3902 Τῷ
2602 3831 2658 3886 δὲ
2695 3834 2826 3903 μηνὶ
2860 3831 2957 3886 τοῦ
2987 3835 3131 3888 κατὰ
3152 3833 3253 3906 τὴν
3275 3835 3492 3906 ἡμέραν
3521 3835 3665 3888 διου-

2079 3925 2309 3989 κοῦντος
2359 3925 2430 3977 τὰ
2476 3925 2735 3993 σέκρετα,
2789 3923 2924 3977 ἀλλά
2969 3927 3065 3978 καὶ
3113 3926 3208 3979 ἐπὶ
3241 3927 3521 3996 προϐολῶν
3563 3928 3660 3980 καὶ

2079 4018 2348 4086 διαδοχῶν
2379 4016 2487 4071 τῶν
2518 4015 2820 4087 σεκρέτιον,
2845 4018 2940 4070 καὶ
2971 4016 3081 4070 τῶν
3103 4017 3359 4088 θεμάτων
3379 4023 3421 4084 ⁸,
3441 4020 3534 4074 καὶ
3565 4022 3662 4072 ἐπὶ

2077 4111 2190 4172 τοῖς
2223 4107 2501 4178 ἀξιώμασι
2541 4108 2636 4159 καὶ
2671 4105 2952 4174 ὁφφικιοις
2988 4106 3083 4160 καὶ
3110 4108 3342 4179 δωρεαῖς
3377 4110 3662 4180 ἀκινήτων

2081 4201 2381 4271 βασιλικῶς
2408 4201 2441 4270 ή
2481 4199 2615 4269 ἀγία
2655 4199 2844 4270 μήτηρ
2871 4199 3048 4270 αὐτῆς
3077 4199 3188 4266 ἕξει
3222 4201 3431 4268 ἄδειαν,
3461 4201 3489 4256 ὃ
3513 4203 3662 4270 δόξει

1440 4343 1640 4406 Varia:
1686 4343 1991 4407 lectiones
2021 4363 2104 4408 ex
2139 4343 2282 4406 cod.
2307 4339 2578 4404 Coislin.

465 4440 480 4470 ¹
512 4438 671 4496 Deest
696 4441 889 4496 vocula
924 4440 1013 4498 ἄν.
1089 4443 1110 4472 ¹
1142 4442 1293 4514 παρὰ
1329 4443 1444 4498 τοῦ.

1524 4447 1544 4478 ³
1577 4447 1785 4502 Desunt
1813 4465 1972 4504 voces
1999 4450 2218 4504 καὶτῶν
2249 4449 2522 4520 θεμάτων.

1477 4582 1613 4641 Car.
1648 4583 1972 4645 Dufresnii
2006 4587 2103 4645 Du
2134 4585 2355 4663 Cangii
2395 4594 2584 4648 notua.

466 4679 542 4748 (5)
575 4678 967 4754 Σ.ἰιίιρ.ε·τιριῷν.Δ
1016 4681 1318 4754 Σεκρετικά
1342 4685 1644 4754 πράγματα
1683 4687 1850 4740 Annm
1879 4689 1963 4740 di-

395 4763 596 4823 cuntur
658 4767 745 4804 res
794 4749 1138 4823 iudiciales,
1198 4756 1274 4806 uti
1336 4749 1509 4808 recte'
1567 4757 1960 4823 interpretatur

394 4820 663 4875 Pessinus
692 4838 706 4875 :
747 4821 1004 4887 σέκρετον
1033 4824 1177 4877 enim
1220 4824 1424 4878 Graecis
1457 4827 1645 4879 media:
1680 4820 1852 4883 :rtatis
1877 4837 1961 4882 ost

393 4891 658 4947 tribunal.
687 4901 736 4945 et
771 4890 946 4943 forum
976 4892 1352 4957 judiciarinm.
1377 4893 1826 4952 GlossreBasilic.
1860 4899 1958 4950 Σέ-

393 4977 612 5036 κρετοχ,
634 4961 1003 5036 δικαστήριονς
1029 4964 1429 5034 Κονσιστόριον,
1459 4965 1736 5036 βασιλικὸν
1765 4969 1958 5036 σέκρε-

387 5047 512 5104 τον.
562 5029 886 5100 Hesychius,
939 5031 1218 5101 σέκρετον,
1268 5029 1566 5104 συνέδριον.
1620 5029 1960 5103 Niccpliorus

391 5101 547 5173 Cpnl.
577 5116 950 5173 processuum,
983 5117 1077 5156 seu
1125 5101 1517 5167 processimuth
1573 5106 1670 5173 (uti
1717 5101 1839 5162 lites
1874 5125 1964 5171 ap-

391 5171 666 5248 pellantur
687 5169 804 5248 a_~D.
824 5168 1112 5248 Gregorio,
1254 5191 1324 5237 tv,
1355 5177 1544 5248 indict.
1567 5168 1826 5248 l5,epist.
1872 5168 1961 5248 40)

389 5241 556 5315 talem
603 5241 762 5315 vertit
795 5258 822 5315 _:
865 5241 986 5315 Τὼ]
1037 5244 1280 5315 προόδων
1335 5247 1551 5310 οἴκους,
1597 5245 1663 5309 ἃς
1703 5241 1964 5315 Ῥωμαῖοί

393 5311 627 5381 σέκρετα
654 5310 901 5364 καλοῦσι.
937 5309 1543 5381 Secretumjudicmuis,
1569 5319 1619 5370 in
1653 5320 1688 5370 l.
1717 5309 1962 5373 xxv'Cod.

332 5445 333 5448 η
392 5383 459 5434 de
496 5380 885 5456 lldeiustrum.
918 5379 1186 5436 Judiciale
1219 5379 1475 5440 secretum
1503 5379 1696 5456 ,‘apud
1726 5391 1965 5441 Ammia-

336 5483 340 5486 η
393 5467 545 5527 num,
573 5451 668 5503 lib.
686 5467 792 5527 "xv.
822 5455 1180 5527 beet-etapium
1205 5459 1434 5527 uude__et
1468 5451 1795 5527 simp!ieiter
1817 5459 1958 5526 apud

339 5553 343 5589 ei
393 5521 652 5589 Stat'et'uxil
683 5520 999 5588 Sulpitium,
1041 5525 1132 5576 lib.
1166 5540 1224 5577 ιιι
1253 5532 1316 5579 de
1352 5525 1472 5579 Vita
1526 5520 1590 5579 S.
1619 5520 1867 5589 Martini,
1908 5539 1961 5582 et

338 5581 343 5620 έ
396 5587 449 5638 in
483 5590 516 5641 l.
549 5604 598 5640 tv
633 5589 759 5641 Cod.
786 5581 993 5646 Theod.
1015 5593 1082 5647 de
1101 5606 1276 5648 exact.
1310 5595 1367 5649 In
1393 5599 1669 5650 Anastasii
1697 5581 1960 5652 Biblioth.

393 5655 753 5734 Coniectaneis
774 5698 788 5718 ,
824 5667 1162 5716 sceretarium
1195 5665 1400 5718 dicitur
1430 5667 1577 5718 (oens
1611 5669 1661 5718 in
1693 5685 1840 5734 quem
1878 5687 1933 5720 se

398 5736 556 5774 τιαίη
591 5724 836 5778 collatus
863 5741 957 5781 est.
983 5749 1352 5787 ειῑοιιιῖτιιιιωι
1385 5752 1678 5788 Αιιιιιθδιιιι
1705 5724 1876 5789 ἐι-ἱκνι
1895 5756 1953 5790 ('5

401 5805 715 5845 nerannun
737 5811 750 5857 ;
775 5797 826 5848 in
850 5804 1014 5852 veteri
1039 5803 1291 5871 lnscript.
1320 5808 1459 5872 apud
1495 5807 1712 5860 Gruter.
1738 5809 1944 5870 CLXX,

2061 4687 2121 4748 εἰς
2157 4698 2212 4742 et
2245 4688 2608 4753 Marlianum,
2656 4691 2750 4746 lib.
2781 4706 2819 4745 ιι
2873 4690 2946 4744 De
3001 4699 3206 4758 topogr.
3255 4686 3400 4740 urbis
3449 4686 3658 4754 Romaz,

2063 4773 2184 4830 gap.
2236 4758 2288 4812 5.
2334 4759 2472 4814 Hinc
2540 4761 2849 4830 σεκρετικοι
2899 4762 2952 4814 in
3005 4760 3140 4814 Nov.
3199 4775 3239 4813 ιι
3306 4758 3661 4813 Constantini

2063 4827 2330 4898 Porpbyr.
2363 4839 2416 4883 et
2447 4832 2588 4900 apud
2615 4827 2849 4895 Annam,
2877 4831 3005 4885 dicti
3044 4839 3372 4900 senatores,
3405 4837 3458 4879 et
3502 4830 3664 4893 judi-

2062 4913 2187 4970 cum
2211 4897 2518 4954 assessores
2541 4903 2892 4970 ισεκρετικδν
2918 4901 3173 4970 ἀξίωμα,
3204 4897 3441 4969 dignitas
3479 4901 3639 4954 curia

2063 4967 2132 5022 lis
2153 5011 2166 5033 ,
2197 4986 2288 5022 seu
2324 4972 2622 5034 senatoria,
2659 4967 2710 5024 in
2741 4969 2873 5024 Jure
2901 4967 3090 5024 Graeco
3129 4967 3288 5022 Itoni.

2141 5039 2219 5108 (4)
2249 5039 2634 5107 Προεστῶτος
2660 5039 2778 5093 τῶν
2801 5040 3122 5107 σεκρέτων.
3143 5043 3393 5104 Quatuor
3425 5039 3663 5109 potissi-

2001 5129 2044 5184 υ
2073 5126 2217 5184 mum
2273 5118 2486 5184 secreta
2513 5150 2527 5173 ,
2561 5127 2682 5184 _seu
2741 5109 2857 5164 fora
2898 5111 3108 5184 civilia_
3130 5125 3382 5184 recenset
3431 5113 3662 5166 Manuel

2069 5178 2261 5233 Camn.
2294 5181 2344 5232 iu
2378 5177 2512 5233 Nov.
2559 5181 2825 5237 Primum,
2861 5182 3040 5248 magni
3081 5181 3409 5248 Drungarii;
3442 5197 3661 5235 Secun-

2070 5249 2223 5311 dum,
2269 5249 2392 5314 ejus
2426 5251 2518 5316 qui
2565 5249 2982 5319 προκαθήμενος
3032 5250 3142 5302 τῶν
3172 5252 3524 5318 δημοσιακῶν
3576 5250 3648 5303 δι-

2070 5321 2386 5386 καστηρίων
2422 5321 2745 5384 dicebatur;
2786 5320 3032 5390 tertium.
3086 5319 3181 5372 τοῦ
3242 5326 3661 5390 πρωτασηκρή-

2067 5407 2160 5440 του
2184 5407 2197 5451 ;
2219 5401 2470 5455 quartum
2494 5391 2750 5458 denique,
2769 5389 2862 5442 τοῦ
2888 5391 3242 5444 δικαιοδότου.
3272 5391 3365 5445 llis
3388 5389 3658 5446 munitus

2070 5461 2162 5528 qui
2193 5468 2422 5527 prmerat
2455 5458 2733 5528 προεστὼς
2765 5460 2872 5511 τῶν
2907 5463 3181 5528 σεκρέτων
3227 5461 3425 5514 dicitur
3449 5463 3650 5516 Annae.

2072 5527 2281 5582 Laudat
2319 5527 2508 5597 porro,
2537 5532 2680 5582 hunc
2723 5533 2898 5581 locum
2934 5527 3206 5598 iCtijacius
3248 5531 3313 5581 ad
3359 5533 3442 5584 tit.
3475 5547 3547 5584 \'I|
3581 5531 3653 5586 (3.

2068 5601 2136 5652 de
2168 5600 2440 5660 primit-er.
2480 5600 2572 5651 lib.
2615 5616 2710 5652 xit.
2747 5599 2878 5653 Vide
2902 5597 3098 5653 Notata
3132 5601 3197 5652 ad
3230 5616 3350 5669 pag.
3390 5600 3510 5653 157.

2144 5670 2220 5738 (ὕ)
2296 5669 2611 5736 Κοίμησιν.
2678 5671 3124 5738 Assumptioncm
3181 5668 3442 5740 lleiparaa.
3509 5668 3652 5725 Vide

2065 5741 2308 5793 (ἶτυικυι.
2349 5743 2412 5792 uti
2447 5742 2644 5794 leitt.
