4050 6408
336 384 444 446 2⁷17

1614 374 2034 436 ALEXIADIS
2075 369 2204 431 LIB
2264 370 2380 430 ΠΙ.

3524 372 3629 435 203

335 499 772 565 καταλαμεάνει
825 500 918 552 καὶ
963 497 1179 567 νιφετὸς
1237 495 1460 567 ἔξωρος,
1515 495 1769 566 εἰκοστήν
1799 494 1937 564 πρὸς

2059 491 2284 547 tssiduis
2317 489 2724 547 incursionibus
2759 505 2820 545 ac
2852 490 3158 545 latrociniis
3199 501 3391 561 acerpt
3428 507 3474 554 ε,
3502 509 3626 547 cum

333 597 401 664 τῇ
445 595 691 664 τετάρτῃ
733 593 828 644 τοῦ
875 589 1250 661 Σεπτεμϐρίου
1286 591 1513 658 ἄγοντος
1570 589 1627 638 ἐν
1757 589 1789 658 ή
1838 587 1937 657 τῆς

340 685 848 755 μεγαλομάρτυρος
910 682 1121 750 Θέκλης
1178 682 1365 750 μνήμη
1425 679 1680 731 τελεῖται.
1748 679 1938 747 Πλημ-

349 777 525 848 μῦρας
585 775 683 829 οὖν
740 776 1042 844 γενομένης
1095 772 1204 826 τῶν
1253 773 1541 840 ποταμίων
1609 773 1938 842 ῥευμάτων,

356 871 437 923 καὶ
478 868 992 940 ὑπερχειλήσαντος
1035 866 1128 918 τοῦ
1158 865 1352 926 ὓδατος
1402 863 1677 916 θάλασσαν
1711 859 1778 934 ἦν
1808 864 1940 932 δρᾷν

353 965 490 1016 ἅπαν
522 964 590 1014 ea
624 961 809 1014 πεδίον
854 961 1056 1020 ἐκεῖνο,
1115 959 1172 1012 ἐν
1214 951 1258 1026 ᾧ
1304 958 1338 1028 ἥ
1381 974 1440 1010 τε
1478 956 1735 1027 βασιλικὴ
1767 955 1942 1027 σκηνὴ

348 1057 437 1107 καὶ
483 1054 545 1105 τὸ
580 1052 862 1106 ὁπλιτικὸν
916 1051 1064 1105 ἅπαν
1111 1051 1479 1121 κατεσκήνου.
1546 1050 1832 1104 Ἐντεῦθεν
1875 1052 1942 1103 τα

349 1147 485 1218 πμις
517 1145 713 1216 χρείαν
770 1145 990 1198 ᾶπαντα
1038 1143 1425 1214 ἠφανίσθησαν
1478 1146 1591 1208 τοῖς
1649 1143 1942 1213 ποταμίοις

347 1238 595 1306 ῥεύμασι
657 1237 1088 1306 παρασυρέντα,
1143 1237 1194 1289 οἱ
1253 1235 1537 1304 ἄνθρωποι
1599 1235 1656 1289 δὲ
1715 1238 1810 1288 καὶ
1875 1235 1944 1287 τὰ

347 1333 524 1402 κτήνη
585 1331 693 1382 ὑπὸ
751 1329 842 1382 τοῦ
899 1329 1102 1400 κρύους
1141 1329 1478 1398 ἐπήγνυντο.
1550 1329 1832 1399 Ἐμυκᾶτο
1888 1329 1946 1382 δὲ

344 1426 445 1477 καὶ
480 1423 723 1492 βροντῶν
748 1425 776 1477 δ
830 1423 1082 1494 οὐρανὸς,
1126 1423 1408 1494 ἀστραπαὶ
1443 1421 1498 1476 δὲ
1546 1423 1792 1492 συνεχεῖς
1822 1437 1950 1491 χρο-

347 1518 510 1586 νικὴν
545 1516 622 1586 μὴ
669 1517 892 1586 ἔχουσαι
943 1517 1004 1570 τὸ
1051 1517 1314 1586 παράπαν
1369 1516 1653 1570 διάστασιν
1693 1514 1753 1567 τὸ
1789 1513 1943 1582 περί-

345 1625 502 1676 γειον
545 1610 724 1661 ἐκεῖνο
757 1608 903 1662 ἅπαν
948 1610 1237 1678 ἐμπρῆσαι
1270 1601 1384 1663 οἷον
1432 1607 1713 1676 ἠπείλουν.
1761 1604 1947 1658 Ταῦτα

346 1699 495 1769 ὀρῶν
530 1703 558 1753 ὁ
617 1700 870 1770 βασιλεὺς
921 1701 978 1752 ὲν
1036 1701 1320 1772 ἀμηχανίᾳ
1371 1697 1439 1772 ἦν
1473 1715 1488 1730 ⁸
1523 1699 1827 1770 ἀναστολῆς
1892 1698 1948 1751 δὲ

353 1791 591 1860 μετρίας
645 1793 974 1861 γενομένης,
1035 1791 1327 1856 πλείστους
1378 1810 1436 1844 τε
1492 1789 1786 1844 ἀποϐαλὼν
1829 1792 1949 1852 ταῖς

349 1882 527 1942 δίναις
558 1884 669 1935 τῶν
703 1886 992 1953 ποταμίων
1022 1885 1388 1954 συσχεθέντας
1415 1886 1706 1957 ῥευμάτων
1740 1883 1950 1937 ἐκεῖθεν

355 1974 499 2042 μετὰ
559 1976 672 2028 τῶν
723 1976 967 2042 λογάδων
1031 1977 1220 2042 ἔξεισι,
1277 1978 1374 2032 καὶ
1437 1978 1542 2031 ὐπδ
1593 1978 1771 2048 φηγόν
1829 1994 1950 2030 τινα

355 2067 479 2136 μετ’
525 2067 710 2119 αὐτῶν
768 2068 1021 2123 ἀπελθὼν
1083 2070 1293 2123 ἵστατο.
1337 2072 1510 2139 Ἥχου
1564 2071 1620 2122 δὲ
1685 2069 1949 2138 μεγίστου

353 2162 451 2213 καὶ
484 2159 623 2228 βοῆς
676 2160 785 2212 ἀπὸ
847 2160 948 2230 τῆς
1007 2163 1049 2194 ⁸³
1115 2163 1276 2232 δρυὸς
1331 2158 1447 2214 οἷον
1499 2162 1866 2232 ἐξερχομένης
1909 2163 1950 2192 “

353 2252 711 2320 αἰσθόμενος,
770 2255 865 2306 καὶ
923 2254 1314 2324 σφοδροτέρων
1376 2255 1594 2323 ἀνέμων
1647 2252 1952 2324 τηνικαῦτα

353 2345 658 2404 πνεόντων,
687 2347 968 2416 πτοηθεὶς,
1033 2345 1110 2417 μὴ
1161 2349 1226 2416 τῇ
1285 2346 1494 2400 τούτων
1556 2347 1648 2417 βίᾳ
1678 2349 1711 2415 ἡ
1744 2347 1789 2379 ⁸³
1819 2347 1953 2417 δρῦς

352 2436 690 2505 κατενεχθῇ,
719 2437 974 2490 τοσοῦτον
1023 2437 1306 2508 διάστημα
1331 2440 1577 2501 ἀποστὰς
1610 2440 1808 2491 ὁπόσον
1842 2440 1874 2508 ἡ
1909 2438 1956 2470 ²⁶

349 2527 507 2597 δρῦς,
540 2529 595 2580 εί
657 2529 1013 2602 κατενεχθείη
1063 2530 1137 2600 μὴ
1187 2529 1373 2602 φθάσῃ
1426 2530 1668 2596 πατάξαι
1715 2533 1761 2564 ’⁸
1788 2531 1954 2585 αὐτὸν

353 2619 539 2684 ὲννεδς
583 2620 798 2675 ἵστατο.
838 2621 897 2674 '0
948 2623 994 2676 δ’
1051 2623 1215 2686 εὐθὺς
1266 2624 1459 2696 ὥσπερ
1505 2628 1569 2678 ἐκ
1604 2625 1955 2696 συνθήματος

356 2713 578 2784 ῥιζόθεν
635 2717 1017 2781 ἀνασπασθεὶς
1065 2719 1146 2781 είς
1201 2717 1306 2788 γῆν
1353 2719 1520 2788 ὁρᾶτο
1571 2721 1846 2790 κείμενος.
1897 2721 1956 2774 Ὀ

351 2807 410 2860 δὲ
461 2806 729 2877 βασιλεὺς
781 2807 1081 2879 θαυμάζων
1123 2810 1372 2880 εἱστήκει
1403 2812 1504 2879 τήν
1534 2810 1630 2864 τοῦ
1658 2812 1796 2866 Θεοῦ
1825 2813 1956 2884 περὶ

352 2900 524 2953 αὑτὸν
581 2901 915 2971 κηδεμονίαν
947 2917 961 2931 ⁶
992 2903 1463 2975 λογοποιουμένην
1510 2905 1567 2958 δὲ
1613 2907 1958 2960 ἀποστασίαν

353 2996 486 3063 περὶ
512 2995 618 3063 τὴν
643 2994 723 3046 ’ἐω
770 2994 884 3064 (I9)
939 2995 1151 3064 μαθὼν,
1183 2995 1416 3050 εἴσεισιν
1466 2999 1545 3059 είς
1589 2998 1658 3049 τὰ
1687 2998 1956 3067 βασίλεια,

351 3089 452 3138 καὶ
478 3086 796 3156 τηνικαῦτα
830 3088 926 3140 ἐπὶ
955 3088 1032 3158 τῷ
1066 3089 1295 3159 ὀνόματι
1325 3090 1423 3159 τῆς
1463 3090 1958 3162 μεγαλομάρτυρος

2045 585 2098 638 itt
2143 592 2402 637 auctores
2431 584 2617 637 minus
2668 591 2912 652 possent,
2949 583 3003 636 in
3037 582 3315 638 Romanos
3371 586 3626 640 innoxios

2047 675 2230 728 n'tttri.
2288 672 2383 730 liis
2443 674 2610 741 igitur
2665 675 3059 744 instigantibus
3117 675 3302 730 causis
3343 676 3409 729 ad
3472 678 3632 741 iram,

2046 768 2338 837 nostrique
2371 776 2770 837 contemptum,
2797 767 3092 821 occasione
3113 777 3327 838 captata
3359 769 3630 838 congelati

2047 861 2172 915 lstri
2219 877 2313 930 per
2343 861 2462 929 ejus
2495 860 2722 914 solidam
2759 861 3103 929 superﬁciem
3137 862 3285 914 velut
3325 877 3416 931 per
3448 861 3636 916 conti-

2049 967 2264 1008 nentem
2309 957 2611 1024 pr0grcssi,
2651 970 2756 1008 non
2789 955 3141 1023 expeditione
3177 956 3270 1009 sed
3309 956 3634 1026 migratione

2049 1049 2281 1117 integra,
2315 1055 2428 1101 tota
2461 1063 2596 1117 gens
2630 1048 2685 1100 in
2722 1057 2946 1101 nostros
2991 1047 3126 1102 ﬁnes
3159 1048 3428 1115 incubuit,
3485 1049 3635 1118 gravi

2050 1141 2356 1194 calamitate
2387 1142 2668 1210 regionum
2708 1149 2870 1209 atque
2895 1141 3113 1195 urbium
3145 1140 3265 1210 ejus
3294 1142 3502 1195 limitis.
3539 1141 3636 1196 llis

2049 1234 2574 1301 anditisimperator
2622 1233 2868 1288 lsaaeius
2919 1248 3101 1302 opera)
3153 1235 3386 1302 pretium
3421 1235 3638 1303 putavit

2051 1341 2326 1394 occupare
2351 1325 2708 1385 Triaditzam,
2737 1341 2848 1396 quo
2876 1325 3023 1379 facto
3052 1327 3142 1380 ubi
3171 1326 3479 1382 Orientales
3507 1326 3640 1380 Bar-

2051 1419 2237 1483 barm,
2273 1419 2529 1474 audiendi
2561 1436 2729 1474 causa
2776 1421 2910 1488 ipsis
2949 1420 3296 1490 nocendique
3343 1421 3523 1474 ablata
3556 1421 3640 1476 fa-

2052 1515 2276 1578 cultate,
2304 1513 2589 1582 quiescere
2624 1514 2705 1567 vel
2742 1513 2942 1567 invitos
2973 1514 3264 1582 compulit,
3302 1513 3448 1567 facili
3475 1529 3638 1582 opera

2053 1604 2233 1657 factus
2262 1620 2496 1658 securus
2527 1605 2597 1658 ab
2621 1621 2682 1656 ea
2720 1614 2898 1672 parte.
2936 1619 3060 1656 cum
3094 1606 3356 1658 universo
3389 1606 3640 1659 exercitu

2057 1698 2108 1750 in
2139 1699 2325 1768 Mysos
2363 1709 2564 1760 movet,
2594 1713 2689 1752 eos
2714 1713 2742 1750 a
2769 1696 3030 1750 Romanis
3057 1696 3259 1750 ﬁnibus
3291 1699 3638 1766 t'epnlsurus.

2057 1790 2120 1845 lli
2155 1801 2208 1846 et
2247 1792 2632 1860 imperatorem
2683 1799 2737 1844 et
2779 1791 3080 1845 exercitum
3117 1789 3294 1859 primo
3339 1802 3642 1860 conspectu

2057 1885 2236 1948 veriti,
2273 1884 2546 1940 dissidere
2594 1883 2886 1937 sententiis
2921 1889 2987 1936 ab
3021 1883 3278 1947 invicem,
3313 1884 3643 1954 quibusdam

2059 1977 2458 2031 inclinantibus
2499 1976 2566 2029 ad
2610 1990 2821 2044 pacem.
2869 1974 3086 2040 Quibus
3135 1991 3328 2043 parum
3367 1975 3642 2031 ﬁdcndum

2061 2071 2350 2138 Angustus
2404 2082 2605 2126 ratus.
2667 2066 2991 2136 phalangem
3057 2067 3391 2120 instructam
3448 2071 3648 2124 castris

2059 2162 2338 2230 ipsorum,
2377 2174 2482 2226 qua
2521 2168 2676 2228 parte
2731 2159 3108 2213 munitissima
3161 2171 3342 2228 erant,
3397 2163 3651 2218 admovet

2061 2253 2176 2322 ipse
2206 2267 2455 2322 praesens
2487 2260 2544 2305 et
2575 2251 2833 2306 infestus.
2875 2252 2995 2315 Quo
3059 2250 3344 2321 inopinato
3395 2269 3646 2317 accessu,

2057 2345 2242 2398 oblato
2307 2351 2532 2413 repente
2593 2342 2679 2396 sui
2714 2345 3110 2412 c0piaruntqne
3173 2353 3283 2397 tant
3337 2347 3652 2416 propinquo

2058 2441 2382 2502 coitspecttt,
2437 2441 2672 2503 utraque
2724 2433 2914 2502 Specie
2972 2435 3330 2490 vehementer
3378 2437 3652 2493 Barbaros

2062 2523 2318 2592 percutit.
2369 2521 2503 2576 Nam
2557 2533 2612 2578 et
2663 2524 2842 2591 ipsttm
2896 2523 2950 2576 itt
3002 2525 3172 2580 armis
3205 2527 3400 2580 ducem
3439 2527 3649 2597 fulgura

2061 2617 2310 2688 quaedam
2343 2617 2583 2672 terriﬁca
2617 2619 2924 2673 vibrantem
2970 2627 3160 2672 contra
3196 2619 3397 2676 intueri
3435 2637 3649 2691 nequa-

2061 2725 2222 2780 quam
2256 2709 2534 2765 audebant
2567 2723 2581 2762 :
2608 2722 2662 2764 et
2691 2719 2971 2764 structura
3011 2711 3301 2783 phalangis
3331 2725 3654 2770 consertus~

2061 2819 2168 2874 que
2199 2810 2494 2858 contextus
2525 2803 2846 2872 clypeorum
2879 2803 3256 2860 indissolubili
3289 2821 3434 2862 nexu
3469 2807 3654 2864 coita.

2061 2898 2298 2951 rcntium
2355 2895 2624 2951 horribile
2659 2896 3036 2965 spectaculum
3089 2897 3458 2956 consternatis
3513 2908 3655 2956 erat.

2061 2988 2433 3044 Reccsscrunt
2466 2989 2629 3058 igitur
2660 2989 2946 3057 paulatim,
2971 2989 3068 3045 sed
3106 2989 3181 3045 ita
3225 3001 3284 3047 ut
3322 2992 3466 3047 intra
3497 2993 3652 3049 illunt

2063 3081 2244 3148 ipsum
2271 3083 2410 3136 dictu
2449 3082 2825 3138 tabernaculis
2877 3082 2951 3137 ibi
3011 3084 3273 3140 omnibus
3333 3086 3567 3154 relictis,
3599 3088 3653 3142 in

353 3177 570 3250 Θέκλης
607 3180 739 3233 ναὸν
799 3181 1108 3252 περικαλλῆ
1168 3183 1448 3253 ἐδείματο,
1511 3183 1952 3255 μεγαλοπρεπῶς

2066 3181 2248 3248 fugam
2292 3194 2351 3232 se
2382 3179 2650 3239 dederint.
2688 3181 2960 3234 reversuri
3022 3187 3233 3246 tamen,
3297 3191 3354 3238 ttt
3411 3183 3650 3249 aiebant,

362 3273 461 3336 μὲν
485 3272 1016 3344 κατεσκευασμένον
1044 3277 1138 3327 καὶ
1190 3276 1352 3345 ίκανῇ
1391 3276 1633 3347 δαπάνῃ,
1679 3277 1860 3348 χειρός
1899 3293 1960 3329 τε

364 3365 425 3415 τὸ
449 3365 698 3417 Romam
731 3365 952 3435 ἔχοντα,
991 3367 1214 3438 σῶστρά
1241 3385 1303 3421 τε
1356 3369 1530 3433 θύσας
1571 3370 1685 3439 (20)
1717 3373 1776 3423 ὲν
1810 3370 1960 3442 αὐτῷ

371 3454 715 3523 Χριπιανοῖς
769 3457 1130 3528 προσήκοντα
1184 3459 1312 3522 τοὺς
1370 3460 1560 3523 θείους
1619 3461 1823 3531 ὕμνους
1859 3453 1960 3514 ’διὰ

389 3545 582 3606 παντὸς
631 3549 682 3600 ὲν
736 3546 892 3615 αὑτῷ
933 3549 1282 3620 ἀπεπλήρου.
1317 3549 1476 3604 Οὕτω
1530 3551 1594 3623 δή
1649 3553 1696 3585 ³⁸
1743 3553 1804 3606 τὸ
1855 3552 1960 3624 ήδη

384 3633 551 3702 ῥηθὲν
573 3636 703 3706 ἱερὸν
728 3639 962 3709 τέμενος
978 3642 1067 3693 ἐπ’
1089 3643 1317 3713 ὀνόματι
1342 3643 1442 3713 τῆς
1473 3644 1960 3715 μεγαλομάρτυρο;

371 3728 577 3798 Θέκλης
630 3733 1040 3803 ἀνῳκοδόμητο,
1099 3735 1156 3786 ὲν
1199 3729 1244 3803 ᾧ
1286 3737 1386 3798 τὰς
1441 3737 1740 3804 ἐντεύξεις,
1797 3738 1871 3802 ὡς
1933 3739 1962 3791 ὁ

362 3819 524 3888 λόγος
555 3823 772 3891 φθάσας
812 3826 1106 3896 ἐδήλωσεν,
1145 3829 1178 3894 ή
1229 3827 1440 3898 βασιλὶς
1471 3835 1566 3883 καὶ
1625 3831 1810 3902 μήτηρ
1863 3830 1960 3884 τοῦ

359 3914 771 3987 αὐτοκράτορος
848 3917 1090 3983 Ἀλεξίου
1155 3923 1405 3991 συνεχεῖς
1460 3923 1786 3991 ἐπεποίητο.
1857 3926 1961 3978 Ἦν

356 4008 524 4074 κατώ
553 4008 766 4079 βραχύν
795 4027 920 4066 τινα
946 4013 1221 4083 τεθέαμαι
1245 4015 1445 4086 χρόνον
1483 4018 1578 4071 καὶ
1631 4017 1961 4086 τεθαύμακα

353 4102 459 4153 καί
491 4101 578 4153 ὅτι
612 4103 688 4173 μή
719 4103 935 4173 κόμπος
966 4107 1035 4158 τά
1062 4107 1162 4178 ήδη
1197 4109 1456 4179 ρηθέντα,
1497 4108 1680 4164 ἴσασιν
1717 4111 1961 4175 ἅπαντες

353 4196 461 4246 καὶ
481 4194 908 4267 ὁμολογήσαιεν,
931 4199 1047 4267 είγε
1071 4199 1367 4269 βούλοιντο,
1385 4200 1574 4254 ὀπόσοι
1592 4203 1727 4272 ἄτερ
1751 4201 1961 4267 πάθους

354 4287 466 4356 τὴν
516 4287 792 4356 ἀλήθειαν
851 4292 1225 4345 ἐκκαλύπτειν
1280 4292 1580 4347 ἐθέλουσιν.
1619 4295 1682 4346 Et
1727 4294 1962 4366 μὲνγὰρ

358 4382 752 4450 ἐγκωμιάζειν
787 4385 1148 4456 προειλόμην.
1179 4386 1318 4440 ἀλλὰ
1350 4388 1426 4458 μὴ
1478 4388 1724 4459 ἱστορίαν
1758 4390 1956 4454 ποιεῖν,

357 4471 463 4524 ἐπὶ
496 4473 665 4526 πλέον
695 4474 760 4528 ἂν
791 4478 1056 4548 ὲπαφῆκα
1087 4479 1178 4531 τὸν
1222 4479 1382 4548 λόγον
1412 4482 1528 4542 τοῖς
1571 4481 1702 4551 περὶ
1747 4481 1958 4534 τούτων

2067 3287 2191 3324 nam
2223 3271 2278 3325 itt
2313 3270 2538 3324 tertium
2571 3270 2639 3324 ab
2675 3286 2740 3325 eo
2778 3273 2919 3326 diem
2969 3273 3335 3328 condicebant
3383 3275 3653 3346 praelium.

2067 3366 2134 3418 At
2163 3364 2408 3419 Isaaeius
2437 3364 2638 3419 castris
2695 3380 2889 3419 eorum
2955 3367 3242 3437 occupatis
3295 3369 3654 3441 disjectisque

2065 3457 2464 3523 tabernaculis,
2500 3457 2611 3528 90
2646 3458 2941 3527 prwdaqne
2985 3460 3132 3512 omni
3168 3477 3290 3528 qum.
3320 3469 3534 3531 reperta
3568 3473 3654 3518 est

2067 3549 2204 3615 illic,
2249 3559 2546 3605 convasata
2581 3566 2884 3619 secumque
2915 3549 3094 3604 ablata
3124 3552 3302 3604 victor
3329 3554 3652 3610 revertitur.

2068 3640 2269 3693 Verrunt
2302 3655 2428 3693 cum
2473 3656 2540 3694 eo
2576 3640 2775 3695 itinere
2806 3642 2870 3693 ad
2911 3640 3124 3696 radices
3166 3643 3370 3699 montis
3413 3643 3655 3702 Lobitztn

2067 3735 2436 3803 pervenisset,
2482 3735 2556 3789 ibi
2585 3751 2708 3788 cum
2777 3735 3302 3794 vehementissimus
3355 3739 3531 3794 imber
3562 3758 3656 3814 op-

2068 3825 2279 3896 primit,
2314 3833 2368 3881 et
2398 3827 2488 3880 nix
2527 3826 2958 3896 intempestiva;
2993 3838 3113 3883 erat
3147 3831 3296 3885 enim
3342 3832 3390 3887 is
3424 3834 3656 3890 viscesio

2066 3935 2190 3973 mus
2220 3927 2449 3990 quartus
2480 3918 2822 3988 Septembris
2846 3920 2988 3984 dies,
3013 3939 3120 3993 qua
3153 3927 3417 3978 memoria
3442 3942 3654 3998 magnte

2067 4011 2324 4081 martyris
2357 4011 2574 4066 Thecla
2607 4011 2942 4068 celebratur.
2974 4014 3306 4071 Immensum
3341 4033 3470 4089 ergo
3504 4022 3655 4073 intu-

2068 4107 2444 4162 mescentibus
2473 4106 2678 4172 fluviis,
2716 4117 2770 4162 et
2827 4108 2987 4179 longe
3019 4126 3184 4182 supra
3240 4114 3392 4182 ripas
3429 4124 3657 4171 exstan-

2067 4202 2235 4266 tibus,
2263 4202 2521 4272 planities
2553 4213 2833 4258 momcnto
2867 4205 3145 4270 universa,
3175 4208 3227 4262 in
3253 4225 3358 4277 qua
3391 4219 3446 4264 et
3475 4227 3652 4281 augu-

2066 4296 2201 4351 stale
2230 4295 2580 4364 imperatoris
2597 4305 2652 4350 et
2675 4304 2872 4352 cratera
2905 4300 3182 4354 exercitus
3212 4301 3383 4356 totius
3412 4302 3650 4356 tentoria

2066 4396 2245 4451 erant,
2280 4388 2335 4442 in
2370 4386 2566 4442 faciem
2602 4387 2768 4444 subiti
2827 4389 3000 4459 pelagi
3059 4406 3213 4446 versa
3261 4402 3366 4448 est.
3418 4396 3650 4450 Annona

2068 4489 2266 4532 cuncta
2299 4493 2424 4532 cum
2459 4479 2700 4534 sarcinis
2733 4482 2926 4533 hausta
2983 4481 3321 4550 abreptaqne
3369 4484 3648 4539 ﬂuctibus.

358 4565 704 4634 διηγήμασι,
729 4569 983 4642 καθάπερ
1010 4571 1268 4640 φθάσασα
1294 4571 1558 4644 ἐδήλωσαο
1581 4550 1675 4626 νῦν
1705 4573 1761 4627 δὲ
1787 4575 1952 4626 ὲπαν·

2071 4571 2337 4626 llomines
2367 4580 2422 4626 et
2470 4571 2720 4641 jumenta
2790 4571 3015 4642 frigoris
3070 4575 3121 4628 vi
3189 4578 3646 4644 congelabantur.

360 4659 573 4711 ακτέον
602 4654 762 4721 αὖθις
797 4661 960 4714 αὐτὸν
991 4663 1126 4731 πρὸς
1145 4663 1202 4715 τ’,
1224 4662 1614 4734 προκείμενον.

2064 4666 2344 4736 Mngiebat
2383 4667 2582 4722 ccelum
2618 4667 2911 4721 horrendis
2947 4669 3284 4734 tonitribus;
3318 4681 3370 4725 ct
3397 4688 3502 4728 non
3535 4674 3648 4743 iam

1426 4779 1621 4840 Varia:
1654 4780 1956 4843 lectiones
1985 4799 2061 4843 ex
2092 4783 2236 4844 cod.
2272 4780 2542 4843 Coislin.

443 4896 492 4928 ²¹
525 4894 647 4949 τοῦ.
727 4898 772 4928 ⁸⁸
803 4898 1188 4968 ὲξερχομένου.
1267 4901 1312 4930 ³³
1344 4902 1391 4952 ό.
1471 4903 1517 4934 ²¹⁵
1546 4905 1594 4956 ὁ.

1674 4906 1720 4935 ’⁸
1749 4903 2118 4979 καταρῤάξαι.
2150 4905 2257 4961 Sed
2295 4907 2396 4961 hoc
2440 4907 2609 4959 altera
2649 4920 2836 4958 manu.

2915 4904 2961 4935 ¹⁶
3006 4905 3166 4957 Deest
3191 4907 3385 4960 vocula
3413 4907 3503 4977 δή.

1416 5020 1552 5081 Car.
1588 5007 2040 5084 Dufresnii'Du
2077 5023 2298 5102 Cangii
2337 5031 2524 5085 notm.

443 5118 562 5187 (19)
590 5119 1024 5194 ΔἈετοσςαονίαν-
1049 5123 1184 5194 περὶ
1228 5123 1343 5193 τὴν
1385 5123 1480 5178 ἕω.
1542 5126 1617 5180 Ex
1667 5127 1807 5182 falso
1861 5143 1952 5181 ru-

365 5206 556 5269 more,
589 5189 765 5269 ilguit
804 5191 1097 5269 Scylitzes.

444 5261 563 5330 ('20)
590 5261 838 5329 Σῶστρά
867 5279 932 5317 τε
961 5265 1176 5330 θύσας.
1215 5265 1473 5321 Solebant
1531 5276 1744 5322 veteres
1775 5270 1844 5323 ob
1879 5286 1961 5324 re-

367 5336 631 5406 stitutam
665 5336 983 5406 sanitatem,
1026 5347 1079 5389 et
1123 5342 1193 5388 ob
1242 5338 1474 5390 vitatum
1511 5339 1814 5406 periculum
1849 5339 1957 5395 diis

364 5400 863 5481 sacrificiaplferre
890 5405 1258 5481 i_n_gratiarum
1280 5400 1572 5481 actione-tit,
1598 5410 1760 5481 idque
1784 5412 1960 5481 σωτή-

410 5489 474 5526 ια
503 5481 559 5526 et
612 5473 836 5548 σῶστρα
891 5473 1068 5542 θύειν,
1125 5487 1180 5530 et
1227 5479 1618 5548 πανηγυρίζειν
1673 5473 1952 5536 ἰΙίωΙκιηί.

419 5560 452 5597 e
479 5559 590 5612 quo
623 5557 774 5616 more
805 5543 1108 5616 Xenophon
1150 5543 1514 5610 Ἀναϐάσεως,
1541 5551 1634 5602 lib.
1663 5565 1756 5616 tv;
1793 5549 1947 5605 Dion.

367 5615 593 5688 no.7»:
621 5612 934 5688 ;_llerodot.
967 5612 1068 5688 lib.
1105 5633 1116 5669 t
1144 5634 1156 5679 ;
1190 5618 1556 5682 Herodianus,
1587 5622 1680 5673 lib.
1720 5612 1755 5682 ι,
1783 5631 1833 5673 et
1858 5637 1948 5688 tv;

369 5684 612 5759 l’sellus,
637 5684 714 5738 De
747 5698 960 5759 operat.
1001 5685 1235 5740 Dwmon.
1263 5703 1383 5759 pag.
1423 5689 1530 5755 95;
1563 5691 1802 5744 Achilles
1838 5684 1946 5745 Tal

370 5755 635 5830 ttus,_lil_).
664 5771 714 5830 ις
744 5755 1072 5830 Eustathius
1103 5759 1234 5830 x16:
1269 5755 1555 5830 't'_%piv~qv,
1594 5764 1686 5814 lib.
1713 5777 1763 5814 vt
1794 5771 1849 5815 et
1881 5779 1945 5830 x;

371 5824 663 5894 Martialis,
701 5829 802 5881 lib.
836 5839 938 5889 λιι,
970 5828 1141 5897 epigr.
1169 5828 1277 5892 45;
1319 5824 1548 5897 Statius,
1583 5833 1675 5886 lib.
1711 5848 1726 5886 t
1754 5849 1768 5898 ;
1796 5824 1944 5904 Sylv.

654 5928 947 5990 Ριτιιοι.
978 5923 1090 5984 Gn.
1125 5926 1395 5990 CXXXI.

2061 5130 2340 5184 Marmora
2370 5128 2654 5182 Ανιωιιίεί..
2689 5138 2742 5180 et
2773 5128 2840 5178 ibi
2880 5125 3149 5180 Seldcntts
3187 5143 3308 5197 pag.
3349 5129 3436 5192 72,
3473 5141 3521 5184 et
3549 5135 3640 5187 alii

2061 5203 2178 5254 sine
2234 5215 2489 5254 numero.
2551 5198 2949 5252 Stcriﬁcabant
3011 5208 3192 5252 autent
3249 5209 3306 5251 ut
3352 5201 3586 5268 plttritntt
3616 5225 3645 5253 ιι

2059 5273 2174 5326 J-H‘i
2211 5272 2407 5340 ᾤξίῳ,
2450 5278 2506 5322 nt
2547 5283 2742 5340 auctor
2771 5279 2852 5321 est
2889 5269 3278 5340 Apollodorus,
3341 5273 3435 5323 tib.
3478 5289 3511 5329 ι,
3565 5276 3644 5326 ιϊΙ

2058 5343 2176 5398 Jovi
2214 5338 2493 5404 Salut‘ari;
2531 5349 2684 5393 vetus
2711 5339 2964 5406 inseript.
2991 5338 3109 5392 Jovt
3145 5354 3410 5392 sawrant
3455 5340 3649 5396 ULPIA-

2059 5428 2158 5466 nos
2193 5426 2353 5466 GBAVI
2391 5425 2745 5464 lNFtltlli'l’A’l'E
2785 5424 3086 5463 LtBt-lttA'l‘US
3143 5407 3275 5463 Vide
3307 5408 3639 5465 Trebellium

2063 5485 2364 5538 Pollionem
2390 5481 2442 5534 in
2478 5479 2760 5537 Galliettis.
2796 5481 3074 5534 Gttillelnt.
3109 5478 3258 5532 Bt'ito
3290 5480 3342 5533 itt
3377 5480 3644 5534 VOCabttt.

2060 5555 2299 5613 Paci/ica
2339 5554 2537 5605 dicitur
2583 5552 2805 5609 oblatio.
2857 5567 2976 5615 qua:
3029 5551 3190 5616 ﬁebat
3237 5567 3332 5616 pro
3383 5567 3512 5618 pace
3572 5552 3645 5604 mf

2064 5624 2250 5686 Deum,
2279 5625 2356 5679 uel
2389 5623 2456 5676 ad
2489 5623 2744 5682 homines,
2773 5622 2848 5674 vel
2878 5621 3014 5687 quod
3055 5620 3123 5672 ad
3159 5620 3351 5673 bonum
3371 5625 3521 5687 pacis
3553 5625 3648 5690 ﬁe-

2060 5696 2147 5748 bat
2177 5711 2196 5749 :
2229 5698 2368 5766 sicut
2413 5695 2705 5766 sacriﬁcia,
2737 5708 2830 5760 pro
2861 5690 3032 5744 saltue
3061 5692 3211 5758 data,
3257 5691 3335 5744 uel
3383 5701 3646 5748 seruanda

2060 5765 2437 5837 oﬁ'erebantur.

3260 5919 3330 5981 10
