4050 6424
395 344 502 413 ΒΗ)
1660 350 1881 409 ΑΝΝΕ
1923 351 1963 409 C

2072 350 2231 410 :NEN
2242 347 2306 407 1E
3552 349 3663 414 300

397 468 707 536 fulgurabat
747 478 867 534 qua:
902 479 987 518 res
1027 464 1374 519 intervallum
1413 463 1575 517 habet
1617 463 1968 518 conniventis
2007 462 2245 517 subinde
2286 460 2528 518 celestis
2559 462 2831 527 ﬂammae;
2903 461 2999 517 sed
3043 459 3345 515 continenti
3381 460 3489 518 late
3556 465 3656 519 in-

395 556 590 610 cendio
621 557 749 611 saevi
784 556 1014 627 lulgoris
1050 556 1729 626 omnia,quoquoversum
1758 555 2035 610 ferrentur
2061 554 2229 619 oculi,
2262 555 2625 625 corripuerat.
2678 553 2771 609 llis
2812 554 3128 624 aliquandiu
3195 568 3416 610 summo
3485 552 3661 612 animi

396 666 601 723 angore
630 650 981 705 conﬂictatus
1014 649 1175 705 malis
1213 650 1511 718 imperator
1544 651 1818 721 respirare
1875 649 2157 720 paulisper
2216 649 2373 705 visus
2438 661 2540 717 est,
2611 658 2934 705 senescente
2990 651 3393 721 aliquantulum
3452 652 3657 721 impetu

397 746 699 813 procellae:
733 759 842 813 quo
878 744 1187 796 laxamento
1218 742 1412 811 cupide
1452 758 1588 798 usus
1648 758 1775 798 cum
1827 743 1969 798 lecto
2011 758 2246 798 numero
2314 760 2567 809 suorum,
2608 743 2700 812 qui
2766 742 3072 798 verticibus
3123 744 3396 798 undarum
3448 744 3665 813 pleros-

394 856 501 908 que
537 838 902 892 haurientium
930 852 987 891 se
1016 836 1412 905 explicuerant,
1464 836 1570 890 sub
1624 851 1877 906 magnam
1909 848 1961 889 et
2001 838 2245 906 patulam
2275 838 2518 893 succedit
2552 836 2755 908 fagum.
2793 834 2897 889 Sed
2930 836 3081 891 brevi
3128 840 3403 894 excitatus
3449 839 3660 908 ingenti

396 949 531 989 voce
567 949 629 987 ex
663 931 859 986 mediis
887 931 1022 1000 ipsis
1051 932 1257 998 perlata
1289 929 1576 984 frondibus
1610 945 1842 985 ramosa:
1913 932 2153 995 arboris,
2223 932 2720 1001 animadversaque
2787 931 3184 988 violentissima
3236 931 3395 984 rabie
3467 940 3661 983 vento-

393 1039 514 1076 rum
571 1021 751 1092 fagttm
820 1021 1057 1090 undique
1117 1021 1584 1084 succutientium,
1643 1023 1850 1091 trepide
1898 1040 1957 1078 se
1997 1024 2230 1093 proripit
2262 1024 2546 1079 eruinoso
2573 1032 2719 1079 tecto
2751 1023 2806 1078 in
2837 1023 3340 1087 cmlutnliberum;
3399 1037 3464 1075 ac
3525 1038 3652 1075 eum

397 1125 546 1177 tanto
567 1114 746 1185 spatio
779 1115 1103 1169 recessisset
1154 1122 1421 1183 quantum
1476 1114 1645 1167 arbor
1733 1115 1780 1167 si
1874 1123 2058 1168 rueret
2116 1113 2401 1169 obtectura
2461 1114 2763 1179 videretur,
2820 1115 2893 1168 ibi
2955 1114 3222 1169 attonitus
3275 1122 3417 1168 metu
3480 1106 3665 1167 stabat

390 1223 516 1263 cum
549 1221 680 1261 ecce
729 1207 877 1260 velut
927 1207 1164 1275 idipsum
1227 1213 1626 1274 exspectasset,
1694 1206 1973 1261 radicibus
2012 1207 2198 1261 avulsa
2225 1206 2351 1267 imis
2383 1221 2507 1261 cum
2534 1206 2750 1277 fragore
2786 1222 2850 1262 ac
2890 1215 3036 1261 motu
3073 1206 3181 1260 late
3251 1205 3458 1274 ingenti
3519 1204 3659 1258 afﬂi-

392 1311 475 1357 cta
507 1312 664 1355 terrae
692 1313 931 1368 quercus
964 1298 1235 1368 apparuit.
1277 1298 1462 1353 Sensit
1490 1298 1677 1353 statim
1714 1298 1998 1368 Augustus
2038 1315 2140 1354 nec
2205 1298 2571 1353 dissimulavit
2610 1298 2938 1353 beneﬁcium
2982 1298 3182 1354 servnti
3239 1299 3501 1354 divinitus
3548 1318 3659 1352 ca—

392 1394 519 1465 pitis
548 1392 631 1448 sui
667 1408 681 1444 :
716 1406 779 1445 ac
831 1406 953 1444 mox
1005 1406 1224 1446 tumore
1280 1391 1501 1459 vulgato
1554 1390 1881 1446 defectionis
1950 1392 2002 1444 in
2058 1390 2289 1446 Oriente
2343 1390 2651 1460 cujusdam,
2745 1392 3098 1449 festinantius
3161 1392 3384 1447 domum
3437 1392 3661 1449 rediens

390 1488 527 1543 nihil
559 1487 750 1541 habuit
797 1485 1076 1555 antiquius
1130 1500 1295 1553 quam
1356 1492 1416 1538 ut
1471 1500 1679 1554 magna:
1740 1485 1969 1555 martyri
2005 1483 2223 1540 Thecla:
2250 1486 2513 1556 templum
2546 1486 3014 1556 elegantisSimum
3075 1486 3362 1549 conderet,
3438 1488 3661 1556 magni-

392 1587 598 1653 ﬁceque
634 1579 775 1633 haud
809 1593 977 1649 parvo
1014 1587 1235 1648 sumptu
1266 1579 1744 1650 instrueretatque
1804 1580 2110 1649 insigniret,
2178 1581 2517 1636 ornamentis
2562 1590 2617 1635 et
2670 1596 2869 1651 genere
2917 1580 3107 1645 variis,
3157 1590 3210 1636 et
3275 1589 3391 1635 tum
3430 1579 3663 1634 litateria

389 1693 503 1734 tum
542 1687 659 1734 arte
681 1695 958 1749 manuque
988 1677 1268 1748 pretiosis.
1304 1676 1380 1731 lbi
1441 1687 1495 1733 et
1561 1686 1676 1732 tum
1728 1690 1855 1731 vota
1913 1678 2230 1732 Conmenus
2301 1692 2400 1746 pro
2443 1676 2622 1732 salute
2679 1658 2782 1730 sibi
2845 1675 3169 1732 mirabiliter
3224 1683 3439 1731 servata
3489 1673 3660 1730 Deum

390 1792 661 1832 venerans
686 1776 1010 1832 Christiano
1042 1774 1149 1828 ritu
1183 1774 1482 1844 persolvit;
1517 1782 1572 1829 et
1614 1774 1761 1829 omni
1805 1774 2068 1843 deinceps
2105 1786 2353 1844 tempore
2426 1771 2597 1828 sacris
2666 1772 2779 1826 illic
2826 1770 3053 1856 hymnis
3136 1770 3453 1842 religiosam
3527 1771 3664 1822 dare

389 1886 614 1943 operam
645 1872 950 1927 consuevit.
993 1870 1121 1924 Eam
1146 1869 1243 1923 tali
1274 1870 1564 1924 occasione
1590 1878 1960 1924 constructam
2004 1869 2223 1939 Deoque
2258 1877 2528 1925 sacratam
2561 1866 2754 1931 sedem,
2795 1874 2853 1919 ut
2882 1865 3067 1920 dicere
3139 1878 3420 1934 ceperam,
3484 1864 3662 1930 impe-

392 1966 583 2031 ratrix,
624 1975 799 2019 mater
846 1963 1018 2018 Alexii
1064 1962 1320 2031 Augusti,
1350 1964 1624 2033 delegerat
1658 1965 1712 2017 in
1741 1978 1846 2032 qua
1877 1963 2091 2032 publica
2122 1963 2400 2034 religionis
2426 1960 2603 2017 olﬁcia
2671 1960 2918 2030 quotidie
2978 1959 3158 2013 obiret
3203 1975 3216 2012 :
3252 1971 3416 2028 quam
3488 1954 3662 2009 fema-

390 2073 517 2113 nam
539 2067 595 2113 et
616 2057 744 2111 mihi
773 2057 921 2111 brevi
942 2056 1173 2126 quodam
1199 2064 1446 2125 tempore
1472 2056 1654 2110 videre
1680 2071 1743 2110 ac
1775 2057 1965 2110 mirari
2004 2057 2235 2126 contigit
2272 2073 2286 2110 :
2322 2057 2446 2110 licet
2487 2070 2607 2125 quae
2669 2056 2758 2110 hic
2820 2054 2976 2125 posui
3031 2068 3140 2108 non
3204 2051 3378 2121 magis
3442 2048 3663 2104 oculato

390 2154 705 2210 testimonio
735 2153 1051 2216 scribentis,
1088 2166 1251 2221 quam
1286 2151 1499 2221 publica
1548 2152 1792 2206 onmium
1822 2153 2163 2207 conscientia
2196 2164 2247 2207 et
2280 2152 2449 2206 libera
2519 2150 2873 2206 confessione
2938 2163 3047 2204 non
3131 2144 3487 2201 invidentium
3546 2139 3659 2208 θι

392 2250 549 2303 [idem
575 2247 789 2317 plenam
823 2245 1073 2298 habitura
1110 2242 1406 2298 conﬁdam.
1459 2243 1615 2308 Quod
1655 2244 1700 2298 si
1736 2253 1793 2296 ιιι
1827 2245 1965 2309 dixi,
2008 2245 2380 2304 laudationem
2464 2266 2569 2305 non
2643 2247 2927 2303 historiam
2980 2243 3223 2299 scribere
3270 2241 3660 2302 instituissem,

389 2340 621 2395 otiosius
668 2337 910 2408 profecto
965 2338 1286 2388 imtnorarer
1332 2334 1387 2387 in
1417 2334 1630 2389 caeteris
1677 2333 1796 2403 ejus
1847 2346 2111 2393 matronae
2187 2350 2335 2394 recte
2408 2341 2607 2411 pieque
2656 2341 2817 2394 factis
2867 2336 3254 2397 edisserendis,
3327 2348 3515 2387 verum
3589 2333 3663 2387 ad

384 2433 759 2489 intermissam
798 2432 1169 2485 narrationem
1212 2430 1555 2499 publicarunt
1591 2446 1775 2486 rerum
1810 2446 1912 2487 nos
1940 2432 2266 2504 jamdudum
2311 2445 2688 2498 revocantem,
2741 2430 3037 2502 aliquando
3073 2426 3409 2483 redeundum
3452 2430 3557 2480 est.

457 2527 684 2583 Alexius
734 2528 1032 2596 imperator
1067 2527 1422 2595 palpitantem
1455 2530 1719 2582 extremis
1750 2530 1960 2593 singul-

2146 2531 2564 2603 ’Λσπαίρουσαν
2614 2530 2670 2582 δὲ
2717 2525 2834 2581 οἷον
2874 2526 3158 2581 κατανοῶν
3210 2524 3310 2594 τὴν
3347 2522 3661 2591 βασιλείαν,

391 2623 536 2678 tibus
568 2635 683 2675 rem
737 2619 1041 2673 Romanam
1096 2634 1350 2684 cernens,
1408 2617 1605 2675 Turcis
1653 2620 1709 2674 in
1747 2620 1969 2675 Oriente

388 2723 588 2770 cuncta
628 2714 997 2780 vastantibus,
1027 2711 1274 2766 occiduis
1308 2712 1609 2781 provinciis
1644 2714 1967 2769 im-ninente

389 2809 651 2873 Bnlierto,
678 2808 996 2876 nullumque
1020 2821 1129 2861 non
1154 2805 1337 2860 l‘unem
1360 2816 1615 2861 movente
1644 2817 1703 2861 ut
1727 2807 1969 2863 Pseudo-

388 2897 710 2951 blichaelem
748 2898 803 2948 in
837 2895 1125 2963 imperium
1156 2896 1433 2957 eveheret,
1483 2897 1564 2951 vel
1611 2899 1794 2967 potius
1828 2915 1969 2968 prae-

391 3000 539 3044 textu
577 2988 817 3043 hominis
871 2986 1036 3042 [ωιιοὶ
1071 2985 1219 3042 val're
1255 2995 1443 3042 utente
1479 2988 1546 3042 ad
1580 2990 1713 3042 olim
1764 3005 1968 3045 conce-

389 3092 536 3151 ptam
564 3090 620 3134 et
669 3082 934 3136 hactenus
987 3096 1233 3150 pressam
1288 3080 1501 3152 imperii
1541 3082 1647 3137 sibi
1700 3084 1801 3152 ipsi
1857 3099 1966 3154 pa-

390 3173 543 3228 randi
586 3174 942 3242 cupiditatem
995 3172 1355 3240 explendam;
1398 3188 1506 3241 qua
1558 3189 1627 3228 ex
1701 3174 1851 3230 l'umu
1903 3192 1967 3230 ac

390 3266 573 3319 cinere
624 3264 678 3317 in
735 3261 1010 3317 ﬂammam
1066 3262 1176 3317 late
1226 3264 1499 3319 minacem
1547 3266 1962 3332 exardescente,

351 3371 647 3425 ~tnagnutn
698 3356 811 3424 jam
858 3362 912 3409 et
950 3355 1245 3410 vehemens
1316 3354 1601 3413 Romanos
1646 3358 1714 3411 ab
1761 3374 1964 3414 occasu

389 3449 525 3502 ﬁnes
563 3450 851 3503 atnbnrere
877 3446 1194 3502 incendium
1227 3457 1468 3517 ceperat,
1496 3457 1579 3503 tot
1601 3450 1764 3506 simul
1786 3453 1965 3522 copiis

390 3539 744 3595 terrestribus
790 3554 857 3593 ex
909 3546 1021 3593 tota
1076 3539 1395 3594 continente
1448 3541 1721 3609 collectis,
1788 3553 1844 3600 et
1899 3560 1963 3599 ex

390 3633 652 3687 universa
701 3631 924 3687 littorali
974 3633 1196 3703 regione
1251 3634 1483 3688 marium
1538 3634 1762 3690 illorum
1814 3647 1966 3691 tanto

388 3733 653 3796 apparatu
674 3733 1010 3794 congregato
1028 3726 1353 3792 triremium,
1385 3727 1699 3793 biremium,
1722 3730 1966 3784 remulco

391 3818 805 3881 trabendarutn,
846 3826 902 3871 et
930 3832 1029 3887 per
1060 3832 1119 3873 se
1158 3819 1412 3873 euntium
1446 3820 1832 3873 onerariarum
1864 3838 1964 3875 na-

389 3909 537 3963 vium
565 3925 579 3962 :
633 3910 766 3972 haec,
801 3909 1047 3979 inquam,
1089 3908 1282 3966 videns
1311 3920 1367 3966 et
1391 3927 1579 3967 secum
1613 3922 1877 3984 reputans
1910 3917 1964 3970 in

395 3999 611 4069 imperii
670 3998 986 4067 primordiis
1040 4014 1341 4068 generosus
1398 4000 1638 4071 juvenis,
1695 4005 1967 4061 aestuabat

390 4086 595 4151 animo,
638 4101 746 4140 non
779 4086 917 4143 satis
957 4088 1259 4158 expediens
1291 4106 1401 4160 quo
1433 4107 1493 4146 se
1528 4103 1803 4162 verteret;
1838 4111 1963 4150 cum

388 4193 513 4233 eum
550 4178 700 4235 illinc
734 4179 802 4233 ad
833 4195 1072 4252 pugnam
1128 4179 1293 4238 Turci
1342 4194 1627 4251 vocarent,
1660 4187 1789 4242 hinc
1820 4189 1963 4244 Nur-

388 4272 638 4327 thtnanni
687 4282 969 4343 raperent.
1027 4272 1197 4346 Egre
1231 4276 1286 4331 in
1321 4276 1516 4347 primis
1563 4294 1687 4334 eum
1727 4280 1968 4339 habebat

390 4365 556 4420 miser
610 4380 673 4420 ac
721 4366 1042 4437 deploratus
1094 4377 1275 4424 status
1328 4366 1593 4425 Romana:
1627 4373 1857 4439 militiae,
1896 4377 1964 4432 ad

391 4462 634 4510 trecenta
684 4456 900 4511 demum
953 4457 1129 4528 capita
1184 4459 1650 4516 Chomatenorum
1707 4467 1964 4531 redactae,

389 4546 819 4617 eorumdemque
876 4564 977 4603 nec
1023 4550 1222 4606 robore
1261 4568 1362 4607 nec
1395 4554 1737 4622 experientia
1785 4560 1966 4614 valen-

1996 3879 2044 3938 B

2073 2625 2101 2676 6
2133 2624 2386 2692 βασιλεὺς
2426 2624 2664 2688 ’Λλὲξιος
2698 2621 2830 2693 (καὶ
2855 2622 2964 2691 γὰρ
2984 2620 3052 2672 τὰ
3078 2619 3178 2688 μὲν
3209 2617 3343 2688 πρὸς
3369 2617 3661 2686 ἀνίσχοντα

2069 2715 2223 2786 ⁴ίνλλιον
2249 2718 2297 2768 ol
2346 2716 2584 2787 Τοῦρκοι
2620 2716 2812 2776 δεινῶς
2844 2712 3144 2784 ἐληίζοντο.
3176 2712 3245 2765 τὰ
3283 2709 3344 2762 δὲ
3379 2710 3523 2762 κατὰ
3559 2710 3660 2779 τὴν

2084 2807 2357 2879 Ἑσπέραν
2401 2808 2523 2863 λίαν
2575 2806 2688 2880 εἶχε
2728 2808 2916 2870 κακῶς
2962 2807 3056 2859 τοῦ
3110 2805 3452 2875 Ῥομπέρτου
3479 2806 3653 2857 πάντα

2069 2899 2256 2954 κάλων
2305 2900 2584 2963 κινοῦντος
2635 2900 2724 2968 ἐφ’
2765 2895 2810 2968 ᾧ
2865 2900 2960 2953 τὸν
3012 2898 3458 2969 προσεληλυθότα
3502 2898 3659 2966 αὐτῷ

2068 2990 2425 3062 ψευδώνυμον
2453 2991 2674 3062 Μιχαὴλ
2705 2994 2784 3054 είς
2813 2991 2883 3043 τὰ
2931 2991 3185 3060 βασίλεια
3228 2988 3449 3055 είσάξαι
3471 3005 3484 3018 ·
3516 2989 3661 3059 ὅπερ

2070 3085 2195 3153 ἐμοὶ
2224 3084 2433 3155 σκῆψις
2463 3085 2664 3155 μᾶλλον
2694 3084 2843 3138 δοκεῖ
2870 3088 2964 3137 καὶ
2993 3082 3287 3153 φιλαρχίας
3319 3083 3481 3154 ἔρως,
3519 3082 3661 3134 ava-

2070 3177 2289 3245 φλέγων
2323 3178 2486 3233 αὐτὸν
2520 3179 2611 3233 καὶ
2664 3180 2900 3248 ἡρεμείν
2931 3176 2992 3231 τὸ
3017 3178 3282 3248 παράπαν
3330 3175 3406 3247 μὴ
3439 3191 3660 3246 συγχω-

2074 3272 2211 3341 ρῶν·
2234 3272 2386 3326 ἔνθεν
2414 3288 2494 3326 τοι
2522 3273 2618 3325 καὶ
2649 3271 2960 3342 πάτροκλον
2987 3273 3263 3341 πρόφασιν
3293 3273 3388 3324 τὸν
3418 3269 3663 3340 μοναχὸν

2069 3364 2287 3434 Μιχαὴλ
2320 3364 2596 3434 εὑρηκὼς,
2643 3349 2902 3433 τὸνπὲέως
2936 3364 3351 3433 ὑποτυφόμενον
3390 3362 3490 3432 τῆς
3527 3361 3660 3429 φιλ-

2105 3457 2302 3526 αρχίας
2365 3457 2672 3528 σπινθῆρα,
2724 3459 2805 3519 είς
2849 3457 3058 3528 πυρσὸν
3104 3457 3278 3526 ἀνῆψε
3318 3457 3513 3524 μέγαν,
3560 3455 3660 3508 καί

2068 3547 2257 3611 δεινῶς
2305 3549 2449 3602 κατὰ
2489 3550 2587 3618 τῆς
2626 3550 2734 3603 τῶν
2796 3548 3087 3618 Ῥωμαίων
3136 3548 3315 3618 ἀρχῆς
3358 3545 3663 3610 ὡπλίζετο,

2070 3641 2354 3712 δρόμωνάς
2392 3641 2506 3713 (Ἦ)
2541 3659 2601 3695 τε
2634 3642 2729 3696 καὶ
2756 3641 2968 3711 διήρεις
3007 3640 3336 3710 ἑτοιμάζων,
3369 3640 3466 3692 καὶ
3493 3642 3655 3709 τριή-

2073 3748 2212 3801 ρεις,
2243 3733 2342 3786 καὶ
2392 3732 2679 3802 σέρμωνας
2714 3733 2847 3804 (22),
2886 3734 2981 3786 καὶ
3027 3730 3417 3804 φορταγωγοὺς
3454 3732 3662 3801 ἑτέρας

2079 3823 2429 3894 παμπληθεῖς
2491 3822 2625 3886 ναῦς
2679 3826 2744 3877 ὲκ
2801 3824 2908 3878 τῶν
2964 3824 3252 3893 παραλίων
3311 3824 3664 3894 εὑτρεπίξων

2075 3916 2292 3985 χωρῶν,
2333 3917 2443 3969 κὰκ
2470 3918 2568 3986 τῆς
2599 3917 2827 3987 ἠπείρου
2875 3917 2932 3971 δὲ
2968 3918 3230 3988 δυνάμεις
3272 3918 3475 3981 πολλὰς
3528 3920 3662 3970 συὶ.-

2074 4006 2247 4075 λέγων
2283 4010 2342 4071 ἐς
2379 4009 2439 4063 τὸ
2482 4010 2848 4080 προκείμενον
2880 4010 3028 4081 αὐτῷ
3083 4009 3656 4082 συνεπαρηγούσας),

2074 4102 2131 4155 ἐν
2170 4102 2453 4174 ἀμηχανίᾳ
2481 4104 2510 4155 ὁ
2538 4105 2785 4171 γενναῖος
2830 4105 3033 4167 ἐκεῖνος
3073 4102 3275 4175 μείραξ
3321 4106 3655 4172 γενόμενος,

2073 4196 2168 4247 καὶ
2216 4194 2289 4265 μὴ
2318 4194 2458 4265 ἔχων
2496 4194 2806 4265 ὁποτέρωσε
2857 4195 3121 4258 νεύσειεν,
3166 4196 3404 4266 ἑκατέρα,
3421 4196 3465 4227 ’⁷
3498 4194 3658 4267 [ἑκά.-

2072 4287 2234 4359 στου]
2268 4288 2377 4343 τῶν
2431 4287 2709 4357 πολεμίων
2757 4287 2892 4358 πρὸς
2932 4289 3126 4342 ἑαυτὸν
3168 4289 3268 4359 τὴν
3321 4289 3502 4358 μάχην
3533 4285 3653 4341 οἷον

2070 4379 2548 4451 προαρπάζοντος,
2575 4378 2765 4447 ἠνιᾶτο
2797 4378 2892 4431 καὶ
2921 4378 3179 4449 ἤσχαλλε,
3218 4380 3354 4450 μήτε
3385 4381 3653 4450 στρατιὰν

2069 4471 2375 4541 ἀξιόμαχον
2416 4469 2517 4540 τῆς
2567 4469 2677 4523 τῶν
2744 4471 3037 4542 Ῥωμαίων
3089 4470 3371 4540 βασιλείας
3415 4472 3654 4543 ἐχούσης

2070 4563 2089 4629 ί
2105 4564 2164 4617 οὐ
2200 4563 2422 4627 πλείους
2456 4562 2566 4632 γὰρ
2599 4562 2708 4618 τῶν
2737 4563 3065 4634 τριακοσίων
3098 4566 3450 4635 στρατιωτῶν
3478 4561 3651 4644 ἦσαν⁹

1463 4673 1668 4736 Variae
1705 4671 2013 4741 lectiones
2044 4698 2125 4742 ex
2159 4682 2293 4742 cod.
2334 4678 2607 4743 Coislin.

459 4769 501 4800 ⁸⁷
533 4770 793 4840 ἑκάτερα.

459 4941 570 5010 (ει)
603 4940 938 5012 Δρόμωνας.
994 4942 1295 4998 Dromones
1328 4941 1587 5001 dicuntur
1640 4960 1806 4999 naves
1841 4946 1961 5002 bel-

390 5016 507 5068 lie:e
549 5015 805 5080 majores,
844 5026 875 5066 a
908 5013 1193 5082 velocitate
1246 5013 1665 5082 appellationem
1723 5019 1955 5082 sortitae,

388 5085 564 5153 inquit
584 5082 910 5153 Procopius.
933 5083 1031 5137 lib.
1063 5099 1077 5135 ι
1114 5080 1343 5136 γαηαάι.
1375 5080 1570 5152 Papias
1600 5099 1664 5139 ex
1696 5084 1907 5141 Isidoro
1944 5080 1958 5144 ξ

391 5152 685 5209 ονίοηιοηιε
714 5152 835 5206 sunt
867 5153 1035 5221 longa‘
1069 5162 1119 5206 et
1150 5153 1494 5207 velocissima:
1520 5171 1696 5208 naves.
1730 5152 1958 5211 Robert.

389 5229 452 5279 de
493 5223 692 5290 Monze,
746 5241 837 5277 an.
907 5224 1051 5295 ili-ll~
1104 5241 1118 5276 :
1176 5222 1379 5277 Invenit
1434 5239 1615 5277 navent
1663 5242 1957 5295 pugnorum

388 5298 718 5356 maximam,
793 5309 951 5362 quam
1016 5292 1364 5347 Dromontam
1418 5305 1625 5366 vocant.
1671 5292 1957 5366 Philippus

324 5380 331 5389 ‘
390 5366 440 5419 Μ
450 5366 634 5421 ouskes
678 5384 691 5418 :

532 5477 899 5549 Esneques,“
923 5478 1176 5531 dromons
1216 5476 1394 5545 ﬁeres,

531 5548 718 5617 Rogas,
744 5561 792 5602 et
825 5548 1028 5611 biisses,
1049 5560 1098 5601 et
1123 5551 1364 5602 uiueres.

392 5637 531 5691 Hinc
562 5638 911 5711 dro_mona_r_ii,
947 5639 1185 5711 remiges
1221 5638 1573 5705 dromouum,
1604 5641 1747 5711 apud
1786 5642 1957 5698 Sena-

394 5721 591 5782 torem.
610 5707 777 5782 ltb._n
813 5705 944 5782 Nar.
970 5705 1534 5782 §ed_tletl_romonihns
1559 5705 1763 5777 passim
1789 5723 1958 5782 agunt

392 5774 687 5841 scriptores
709 5774 882 5829 Graeci
899 5788 952 5831 et
976 5777 1175 5843 Latini,
1192 5777 1493 5850 Theophyl.
1516 5774 1719 5835 Simuc.
1744 5774 1955 5847 libtvu,

1430 4843 1568 4903 Car.
1612 4842 1942 4906 Dufresnii
1979 4850 2075 4910 Du
2119 4851 2346 4928 Cangii
2387 4859 2579 4915 notas.

2063 4967 2185 5027 cap.
2225 4953 2312 5020 10,
2346 4954 2445 5027 lib.
2468 4970 2586 5022 vni,
2615 4971 2736 5026 cap.
2773 4957 2834 5022 9;
2890 4955 2998 5010 Leo
3054 4957 3107 5009 in
3164 4953 3310 5010 Tact.
3369 4971 3491 5024 cap.
3552 4958 3648 5027 i9,

2064 5022 2092 5093 ε
2123 5024 2177 5088 lt,
2209 5035 2316 5096 etc.
2337 5026 2650 5096 ;__Albertns
2680 5022 2784 5096 Aq.
2821 5027 2919 5082 lib.
2950 5042 3026 5093 ix,
3087 5041 3207 5095 cap.
3275 5027 3364 5092 25,
3425 5022 3520 5082 lib.
3581 5022 3645 5095 κς

2062 5095 2319 5166 eam”;
2353 5094 2558 5166 Willel.
2588 5093 2724 5166 r'gl‘yr.
2747 5093 2858 5152 'lih.
2891 5113 2979 5161 xx,
3010 5112 3131 5166 cap.
3158 5093 3266 5163 '14;
3297 5099 3542 5153 Jacobus
3570 5093 3645 5155 de

2061 5159 2314 5217 Vitriaco’
2369 5164 2531 5288 2‘23
2586 5159 2679 5219 lib.
2745 5183 2798 5231 ι,
2856 5159 2976 5237 cap.
3041 5159 3141 5233 29;
3200 5159 3394 5233 Matth,
3453 5170 3639 5224 Paris.

2061 5249 2148 5286 an.
2184 5234 2360 5288 ll9l:
2475 5236 2710 5288 alsinah.
2747 5252 2837 5288 an.
2877 5237 3060 5288 1292:
3097 5237 3407 5288 Malaterra.
3444 5240 3540 5288 lih.
3575 5255 3615 5288 ιι

2058 5234 2360 5299 an.ll9l;

2219 5236 2361 5359 ἑξ)ιῖ
2405 5236 2710 5305 Walsingh.
2747 5252 2837 5290 an.
2877 5236 3061 5301 i292;
3097 5237 3408 5304 Malaterra,
3444 5240 3540 5294 lib.
3575 5255 3645 5297 ιι.

2259 5342 2273 5359 .
2310 5322 2337 5358 e
2366 5323 2412 5359 (ε.

2069 5322 2189 5360 ριιι).
2219 5322 2273 5360 ὅ.
2310 5322 2412 5360 ClC.

2138 5317 2640 5446 ?&£’%§}.Wa¢.
2703 5378 2864 5433 Navis
2915 5378 3124 5447 species
3184 5380 3424 5433 nondum
3466 5390 3640 5434 nota:

2075 5458 2177 5497 nec
2206 5446 2348 5499 enim
2383 5447 2559 5502 ausim
2587 5447 2856 5502 amrntare
2888 5446 2990 5501 hoc
3023 5449 3145 5503 loco
3170 5465 3435 5503 sermones
3459 5464 3585 5504 voca
3598 5451 3647 5505 ri

2076 5515 2311 5584 navigia,
2345 5531 2467 5581 qua:
2499 5518 3061 5586 germundidicuntur
3093 5518 3419 5584 Malaierrze,
3446 5520 3542 5573 lib.
3575 5535 3643 5584 ti,

2072 5596 2191 5659 cap.
2223 5586 2294 5639 8:
2324 5589 2520 5659 [Vestri
2564 5588 2784 5657 denique
2833 5590 3196 5641 tantummodo
3247 5591 3561 5659 germundoa
3589 5598 3647 5643 et

2069 5654 2273 5729 galeas,
2313 5656 2614 5729 Sicilienses
2671 5654 2989 5729 ueroealtos
3019 5668 3069 5711 et
3113 5654 3372 5729 golufros,
3423 5669 3473 5712 et
3511 5660 3645 5713 dro-

2071 5728 2312 5791 mttndos,
2342 5728 2433 5781 sed
2460 5739 2507 5782 et
2542 5728 2762 5784 diversa:
2792 5728 3010 5796 fabrica:
3035 5745 3189 5784 naves
3216 5728 3496 5785 habebant.
