4050 6422
335 366 441 429 303

1604 365 1700 425 AN
1712 366 1760 425 N
1771 367 1834 425 Ai
1871 362 2252 425 COMNEN/E

3490 372 3599 437 30$

334 483 643 540 faciendum
696 482 798 537 sibi
832 481 1039 552 putavit
1072 487 1132 535 ut
1169 494 1264 535 eos
1306 480 1402 548 qui
1444 494 1541 549 per
1571 479 1888 534 Orientalen

2011 478 2150 532 Θεοῦ
2177 480 2410 550 προνοίᾳ
2443 481 2521 543 είς
2565 480 2668 551 τὴν
2700 480 3112 553 αὐτοκράτορος
3144 484 3436 556 περιωπήν
3470 486 3598 540 ἀνε-

333 576 558 629 ιίιιιὶιειιι
590 573 821 629 urbibus
870 580 963 626 aut
992 572 1216 627 arcibus
1261 571 1507 642 prmfecti
1555 569 1753 625 fortem
1791 571 1902 625 rei-

330 668 560 738 publicae
614 681 838 736 operam
893 664 1219 721 sustinendo
1306 663 1614 719 Turcorum
1692 664 1901 733 impetu

328 761 622 823 navabant,
661 760 728 814 ad
760 773 821 814 se
863 772 1055 813 omnes
1087 769 1414 813 accerseret.
1444 755 1642 811 Statim
1672 770 1804 822 ergo
1832 753 1902 810 ad

330 852 664 906 Dabatenum
699 849 1019 904 Heracleam
1053 847 1334 902 Ponticam
1386 853 1441 901 et
1467 845 1900 915 Paphlagoniam

324 944 686 1008 obtinentem,
722 942 792 997 ad
849 941 1083 996 Burtzen
1134 939 1494 1010 Cappadociae
1547 948 1600 994 et
1648 937 1899 993 Chomati

324 1048 450 1086 cum
482 1031 712 1101 imperio
739 1046 803 1084 ac
833 1029 1089 1100 praesidio
1120 1023 1498 1107 praepositum,
1526 1026 1594 1081 ad
1635 1026 1776 1080 alios
1800 1039 1901 1094 per

322 1137 385 1176 ea
425 1124 544 1177 loca
596 1121 840 1188 insignes
874 1119 1089 1182 scribit,
1141 1116 1461 1188 signiﬁcans
1489 1129 1611 1172 sese
1639 1130 1705 1171 ex
1753 1128 1895 1185 prm-

320 1214 461 1268 scnti
494 1212 816 1266 insidiarum
856 1209 1103 1279 periculo
1136 1209 1194 1263 in
1226 1208 1429 1263 solium
1452 1207 1669 1277 imperii
1694 1206 1896 1261 divina:

323 1302 681 1357 Providentiae
727 1302 994 1358 beneﬁcio
1044 1300 1376 1365 emersisse;
1416 1300 1485 1353 ad
1528 1301 1643 1354 haec
1690 1298 1892 1367 iubens

312 1412 411 1452 eos
441 1397 636 1451 idoneo
666 1395 803 1450 locis
842 1395 1043 1465 quibus
1077 1402 1348 1464 praeerant
1395 1392 1652 1463 praesidio
1699 1392 1895 1448 relicto

317 1503 441 1542 cum
473 1494 671 1542 cetera
708 1486 902 1540 militia
932 1486 1195 1542 festinare
1226 1484 1294 1539 ad
1339 1499 1400 1540 se
1440 1485 1495 1537 in
1528 1485 1716 1539 urbem
1766 1498 1893 1538 cum

317 1581 530 1635 delectu
598 1594 865 1633 novorum
939 1579 1170 1633 militum
1218 1593 1382 1646 quam
1437 1577 1895 1632 numerosissime

314 1679 560 1741 possent.
590 1669 703 1726 Sub
731 1673 841 1725 haec
874 1685 1056 1725 rerum
1080 1670 1447 1726 Occiduarum
1480 1683 1609 1724 cura
1650 1680 1892 1739 sumpta.

317 1765 557 1818 rationes
598 1762 768 1817 inibat
794 1762 1097 1817 obsistendi
1154 1762 1414 1827 Boberto,
1461 1770 1514 1813 et
1562 1761 1891 1829 impediendi

2018 571 2262 634 6i6aacv,
2295 571 2353 638 ἐξ
2388 572 2650 639 ὑπογυίου
2703 573 2947 627 κινδύνου
2981 575 3302 645 παραδόξως
3331 576 3595 643 σωθέντα,

2010 662 2531 732 παρακελευόμενος
2579 663 2637 717 δὲ
2682 665 2792 717 τῶν
2851 666 3130 736 σφετέρων
3192 668 3391 738 χωρῶν
3464 670 3602 739 πρό-

2009 771 2163 809 νοιαν
2198 755 2390 826 ἱκανὴν
2434 757 2843 826 ποιησαμένους
2870 758 3388 825 κατασφαλίσασθαι
3421 761 3596 826 αὐτὰς

2008 845 2103 898 καὶ⁵
2133 845 2492 915 ἀποχρῶντας
2516 846 2654 917 πρὸς
2676 846 2834 900 τοῦτο
2860 848 3204 917 στρατιώτας
3237 850 3592 907 καταλιπεῖνο

2010 934 2151 1005 μετὰ
2177 935 2232 988 δέ
2259 935 2369 989 τῶν
2411 937 2708 991 ἐπιλοίπων
2741 939 2940 1008 είςιτὴν
2967 939 3383 993 Κωνσταντίνου
3416 957 3599 1011 παρα-

2006 1028 2282 1097 γίνεσθαι,
2320 1029 2799 1098 συνεπαγομένους
2830 1029 2926 1082 καὶ⁵
2979 1030 3296 1094 νεολέκτους
3328 1030 3593 1101 ἀκμῆτας

2005 1115 2244 1179 ὁπόσους
2292 1115 2565 1170 δύναιντο.
2602 1112 2735 1170 Εἶτα
2767 1116 2876 1170 δεῖν
2907 1116 3052 1185 ἔγνω
3080 1118 3177 1171 καὶ
3224 1120 3295 1172 τὰ
3322 1119 3466 1172 κατά
3499 1120 3597 1172 τὸν

2016 1206 2353 1278 Ῥομπέρτον
2409 1208 2527 1277 (ὡς
2579 1208 2737 1279 ἐνὸν)
2799 1208 3429 1281 προκατασφαλίσασθαι
3494 1212 3598 1264 καὶ.

2004 1300 2129 1361 τοὺς
2182 1300 2627 1369 προσρυομένους
2679 1298 2877 1371 ἐκείνῳ
2919 1300 3200 1372 ἀρχηγούς
3259 1316 3320 1353 τε
3353 1301 3451 1353 καὶ
3496 1304 3594 1355 κό-

2010 1413 2190 1467 μητας
2240 1395 2501 1467 ἁπεῖρξαι
2534 1394 2630 1448 τοῦ
2678 1398 3100 1467 ἐγχειρήματο·.
3140 1396 3360 1466 Ἐπειδὴ
3411 1398 3439 1450 ό
3485 1397 3597 1467 πρὸ

2004 1488 2099 1541 τοῦ
2131 1488 2229 1559 τὴν
2276 1489 2431 1542 πόλιν
2467 1486 2631 1541 αὐτὴν
2678 1490 2977 1559 κατασχεῖν
3023 1487 3161 1559 πρὸς
3199 1488 3294 1542 τὸν
3328 1490 3593 1558 Μονομα-

2003 1580 2168 1651 χάτον
2207 1582 2561 1647 ἀποσταλεὶς,
2612 1580 2680 1635 δι’
2709 1573 2773 1635 οὗ
2805 1582 2884 1642 είς
2917 1578 3172 1650 βοήθειαν
3225 1579 3387 1632 αὐτὸν
3465 1596 3597 1648 μετε-

2007 1674 2291 1739 εκαλείτο,
2354 1674 2616 1745 χρήματά
2673 1689 2731 1724 τε
2766 1671 3020 1743 ἐπεζήτει
3073 1669 3447 1739 ἀποσταλῆναι
3507 1671 3587 1727 οἱ.

2006 1783 2314 1839 γραμματα
2345 1766 2505 1836 μόνον
2527 1766 2771 1836 κομίζων
2801 1760 2936 1836 ἧκεν
2967 1764 3119 1834 αὐτῷ
3155 1763 3461 1833 προφάσεις
3489 1762 3590 1831 δη-

314 1850 494 1921 quoad
525 1859 733 1921 posset,
771 1866 839 1906 ne
868 1851 1039 1906 duces
1067 1865 1129 1905 ac
1157 1849 1408 1914 comites,
1438 1857 1497 1903 ut
1518 1848 1701 1905 facere
1731 1864 1887 1921 cepe-

1997 1860 2234 1925 λοῦντα,
2269 1857 2524 1929 καθάπερ
2578 1856 2889 1926 φθάσαντες
2951 1856 3348 1927 ἱστορήσαμεν,
3397 1854 3467 1908 δι’
3514 1855 3585 1917 ἃς

318 1950 463 2008 rant,
500 1944 568 1998 ad
606 1958 731 1999 eum
766 1942 1042 1997 conﬂuere
1089 1954 1402 2013 pergerent.
1449 1942 1573 2008 Quo
1606 1943 1664 1997 in
1693 1958 1893 2013 genere

317 2036 614 2091 sollicitum
651 2036 887 2090 habebat
916 2034 1167 2090 Alesiam
1201 2033 1659 2089 Monomachatus
1687 2035 1753 2090 de
1784 2051 1893 2106 quo

313 2128 426 2196 jam
457 2127 698 2182 diximus
727 2128 821 2198 qui
862 2127 969 2197 ipsi
1019 2126 1263 2181 nondum
1298 2125 1515 2197 imperii
1551 2129 1793 2199 compoti
1824 2130 1893 2185 de

316 2218 567 2286 pecuniis
611 2218 989 2287 interpellatus
1030 2218 1193 2273 verba
1233 2218 1349 2273 sola
1379 2220 1689 2285 remiserat,
1721 2235 1891 2278 excu-

316 2323 445 2363 sans
473 2309 632 2364 [idem
664 2309 969 2365 Botaniatae
1007 2310 1328 2365 obstrictam
1356 2325 1372 2369 :
1410 2309 1481 2365 de
1511 2325 1623 2381 quo
1662 2311 1891 2382 proinde

308 2401 493 2467 justus
526 2408 646 2456 erat
674 2409 852 2458 metus
889 2417 956 2457 ne
980 2402 1164 2457 audita
1189 2401 1536 2457 abdicatione
1570 2401 1887 2468 Botaniatae,

316 2494 555 2549 ltoberto
581 2493 880 2550 accederet.
913 2493 992 2548 Ad
1027 2493 1173 2548 hunc
1198 2494 1366 2565 igitur
1393 2498 1886 2565 praeoccupandum

310 2602 681 2657 congenerum
736 2601 895 2643 suum
943 2584 1237 2656 Georgium
1273 2584 1639 2657 Palasologum
1693 2589 1887 2657 Dyrra-

311 2681 500 2734 chium
537 2677 797 2742 destinat,
828 2692 956 2732 cum
988 2676 1284 2743 mandatis,
1319 2684 1378 2730 ut
1416 2692 1635 2732 omnem
1670 2679 1893 2733 adhibe-

313 2781 395 2827 ret
432 2771 741 2826 machinam
766 2785 876 2839 quo
900 2770 1021 2825 sine
1052 2770 1101 2823 vi
1133 2785 1196 2825 ac
1246 2769 1416 2826 armis
1450 2770 1576 2825 inde
1607 2768 1888 2825 Menema-

308 2866 533 2919 chatum
558 2862 782 2932 ejiceret
805 2879 819 2916 :
844 2876 969 2915 nam
997 2861 1064 2916 ad
1099 2877 1211 2916 rem
1239 2870 1432 2931 aperto
1472 2871 1646 2916 marte
1675 2869 1890 2918 tentan-

306 2961 435 3016 dam
467 2958 613 3015 vires
648 2957 791 3013 haud
850 2956 1101 3012 aderant.
1139 2955 1405 3019 Addebat,
1442 2966 1502 3010 ut
1528 2956 1886 3026 Dyrrachium

310 3056 574 3109 adversus
628 3061 923 3123 apparatus
991 3049 1217 3106 Roberti
1282 3054 1653 3122 praemuniret,
1715 3053 1889 3107 muris

310 3148 693 3216 machinisque
723 3147 806 3201 vel
841 3145 1240 3210 instaurandis,
1273 3144 1357 3199 vel
1388 3144 1456 3200 de
1483 3160 1624 3200 novo
1654 3146 1887 3200 molien-

1998 1951 2158 2022 δῆθεν
2210 1950 2292 2004 ἐτι
2338 1950 2433 2005 τοῦ
2484 1950 2839 2005 Βοτανειάτου
2889 1949 2989 2020 τῆς
3054 1948 3335 2017 βασιλείας
3381 1950 3590 2017 ἐγκρα-

1998 2044 2124 2105 τοῦς
2157 2043 2311 2106 ὄντος
2356 2042 2572 2114 βοηθεῖν
2618 2043 2720 2097 οὐκ
2765 2042 3021 2113 ἠδύνατο.
3058 2042 3247 2097 Ταῦτα
3290 2042 3587 2110 ἀναγνοὺς,

1999 2138 2093 2188 καὶ
2125 2136 2405 2205 πτοηθεὶς,
2453 2135 2531 2206 μὴ
2578 2134 2767 2206 μαθὼν
2793 2135 2892 2207 τὴν
2917 2135 3025 2189 ἀπὸ
3053 2135 3152 2205 τῆς
3184 2134 3461 2205 βασιλείας
3485 2133 3586 2188 τοῦ

1998 2228 2358 2282 Βοτανειάτου
2415 2226 2719 2296 ἔκπτωσιν,
2776 2230 3035 2297 προσρυῇ
3087 2225 3167 2297 τῷ
3230 2226 3582 2296 Ῥομπέρτῳ,

1969 2315 2224 2384 ’ἀθύμως
2270 2311 2386 2386 εἶχε
2445 2316 2787 2371 παντάπασι.
2841 2315 3145 2387 Τοιγαροῦν
3204 2315 3586 2385 μετακαλεσά-

2001 2421 2163 2472 μενος
2210 2403 2301 2457 τὸν
2355 2402 2716 2475 σύγγαμόρον
2749 2406 2864 2476 (27)
2929 2405 3098 2460 αὐτοῦ
3160 2407 3198 2459 Γ
3202 2404 3433 2475 εώργιον
3485 2406 3584 2461 τὸν

1999 2494 2364 2563 Παλαιολόγον
2400 2495 2537 2567 πρὸς
2564 2495 2625 2549 τὸ
2656 2497 2965 2567 Δυρράχιον
2999 2496 3355 2563 ἐξαπέστειλε
3386 2496 3582 2569 (πόλις

1995 2586 2052 2639 δὲ
2080 2588 2234 2639 τοῦτο
2274 2587 2579 2657 Ἰλλυρικὴ)
2613 2589 3139 2659 παρακαλεσάμενος
3170 2590 3322 2660 πάσῃ
3359 2593 3581 2662 μηχανῇ

1997 2680 2331 2747 χρήσασθαι,
2363 2677 2507 2733 ὥστε
2550 2681 2795 2751 ἀμαχητὶ
2838 2683 3049 2735 ἐκεῖθεν
3098 2682 3329 2747 egeam
3351 2683 3442 2737 τὸν
3469 2684 3585 2738 Meo

1997 2772 2330 2841 νομαχάτον,
2380 2774 2504 2826 ἐπεὶ
2551 2773 2627 2843 μὴ
2677 2773 3013 2846 ἀποχρῶσαν
3064 2770 3175 2845 εἶχε
3210 2776 3465 2846 δύναμιν,
3512 2774 3579 2828 δι’

1995 2856 2062 2933 ἦς
2112 2861 2303 2916 τοῦτον
2361 2864 2567 2918 ἄκοντα
2621 2864 2835 2918 ἐκεῖθεν
2883 2864 3183 2920 ἀπελάσει·
3224 2866 3363 2935 πρὸς
3393 2865 3582 2930 δὲτὰς

1995 2954 2087 3007 τοῦ
2131 2954 2473 3027 Ῥομπέρτου
2507 2957 2759 3027 μηχανὰς
2785 2957 3278 3027 ἁντιπαλαμᾶσθαι
3322 2957 3584 3030 [ἀντιμη-

1995 3045 2308 3120 χανᾶτθαι]
2372 3050 2448 3112 ὡς
2510 3048 2766 3119 δύναμις.
2820 3049 3271 3121 Παρεκελεύσατο
3327 3051 3424 3105 καὶ
3478 3051 3583 3112 τὰς

1996 3139 2251 3205 ἐπάλξεις
2272 3158 2342 3195 κα
2352 3144 2788 3213 ινοπρεπέστερα
2804 3144 2850 3174 ¹⁹
2871 3144 3304 3205 κατασκευάσαι,
3326 3144 3583 3214 ἀνήλωτα

306 3240 424 3294 dis:
482 3238 787 3293 admonens
819 3248 879 3292 ut
913 3237 1447 3308 propugnaculorum
1506 3237 1690 3308 pinnis
1740 3238 1884 3308 ligna

1997 3232 2055 3282 cit
2096 3232 2267 3287 πλείω
2314 3233 2423 3287 τῶν
2464 3234 2637 3300 ξύλων
2660 3234 2893 3289 ἐάσοντα
2916 3236 2983 3301 ⁸⁸³,
3018 3236 3108 3302 ἵν’,
3141 3236 3194 3289 εί
3217 3253 3319 3289 που
3340 3237 3431 3290 διὰ
3460 3238 3584 3290 κλι-

306 3332 473 3387 nullis
503 3330 675 3385 clavis
706 3330 957 3384 devincta
997 3331 1355 3399 relinqueret.
1386 3345 1496 3399 quo
1533 3347 1594 3384 ea
1646 3333 1698 3383 in
1743 3330 1879 3384 insi-

307 3425 506 3478 lientes
537 3422 705 3479 scalis
741 3420 980 3476 admotis
1010 3419 1235 3475 Latinos
1262 3423 1431 3476 everti
1465 3439 1495 3474 a
1528 3438 1883 3493 propugnan-

311 3520 458 3572 tibus
486 3516 647 3571 facile
673 3522 917 3586 possent.
955 3513 1191 3586 Scripsit
1216 3515 1381 3571 etiam
1416 3516 1686 3584 praefectis
1719 3517 1885 3570 mari-

1994 3332 2191 3400 μάκων
2237 3329 2486 3400 συμϐαίη
2537 3329 2665 3393 τοὺς
2711 3328 2981 3391 Λατίνους
3028 3328 3295 3396 ἀνελθεῖν,
3341 3328 3459 3400 ἅμα
3499 3333 3583 3402 τῷ

1985 3423 2097 3475 τῶν
2134 3421 2308 3488 ξύλων
2341 3422 2600 3476 ἐπιϐῆναι
2646 3425 3087 3493 περιτρέπωνται
3121 3422 3293 3475 ταῦτα
3340 3425 3437 3476 καὶ
3478 3424 3583 3478 σὺν

1986 3515 2199 3577 τούτοις
2233 3513 2658 3570 καταπίπτωσιν
2707 3515 2786 3576 είς
2815 3512 3105 3584 τοῦδαφος.
3163 3513 3273 3567 Ναὶ
3303 3515 3412 3585 μὴν
3440 3513 3583 3568 ἀλλὰ

310 3612 567 3663 timaruin
612 3608 917 3674 civitatum,
957 3608 1204 3678 ipsisque
1228 3609 1587 3673 insularibus,
1636 3610 1885 3678 pluribus

1997 3610 2083 3661 καὶ
2117 3608 2227 3671 τοῖς
2258 3606 2497 3679 ἡγεμόσι
2530 3605 2637 3661 τῶν
2687 3606 2975 3677 παραλίων
3020 3607 3230 3661 πόλεων
3260 3609 3356 3661 καὶ
3391 3609 3582 3670 αὐτοῖς

310 3704 489 3759 verbis
517 3703 816 3758 adhortans
865 3717 931 3756 ne
964 3702 1227 3757 caderent
1261 3703 1481 3764 animis,
1522 3718 1658 3756 neve
1686 3701 1881 3756 indor-

309 3796 508 3851 mirent
547 3798 732 3861 rebus,
784 3810 973 3850 verum
1018 3793 1073 3847 in
1121 3792 1420 3848 Robertum
1458 3792 1566 3863 93
1591 3793 1749 3847 oculo
1803 3795 1885 3847 in-

307 3899 460 3942 tento
502 3873 814 3957 satagere'nt
845 3901 913 3941 ne
946 3884 994 3940 is
1023 3885 1277 3940 socordia
1303 3884 1550 3955 ipsorum
1580 3884 1885 3939 maritimas

309 3983 474 4037 urbes
534 3980 655 4050 ejus
718 3978 913 4034 limitis
979 3986 1033 4033 et
1089 3977 1299 4032 insulas
1348 3977 1601 4046 adeptus,
1662 3990 1889 4032 summa:

304 4074 501 4130 deinde
535 4088 722 4129 rerum
768 4082 935 4144 atque
968 4070 1202 4141 imperio
1248 4071 1526 4141 negotium
1565 4068 1890 4126 facesseret.

378 4342 471 4396 llis
530 4342 585 4395 in
623 4339 818 4395 faciem
882 4349 1071 4395 contra
1130 4336 1430 4393 Robertum
1486 4337 1714 4408 paratis,
1777 4338 1883 4392 alia

1988 3699 2053 3769 δὴ
2084 3702 2195 3762 τοῖς
2252 3698 2543 3769 νησιώταις
2595 3699 2766 3753 πολλὰ
2807 3700 2898 3753 διὰ
2924 3699 3152 3771 γραφῶν
3202 3700 3577 3770 παρηγγυᾶτο

1996 3794 2070 3861 μὴ
2129 3792 2630 3854 ἀναπεπτωκέναι,
2683 3792 2819 3861 μηδὲ
2879 3790 3337 3863 καταρρᾳθυμεῖν
3404 3791 3581 3854 ὅλως,

1994 3884 2108 3938 ἀλλ’
2155 3886 2521 3957 ἐγρηγορέναι
2577 3886 2670 3937 καὶ
2722 3885 2916 3954 νήφειν
2960 3884 3049 3937 διὰ
3075 3883 3281 3946 παντὸς
3334 3898 3576 3954 περιφυ-

1998 3974 2364 4044 λαττομένους
2383 3976 2450 4038 ³¹,
2479 3975 2576 4029 καὶ
2608 3975 2698 4027 τὸν
2736 3974 3078 4045 Ῥομπέρτον
3110 3973 3577 4045 καραδοκοῦντας,

2002 4065 2078 4137 μὴ
2102 4067 2160 4133 ἐξ
2185 4066 2378 4137 ἐφόδου
2405 4066 2513 4120 τῶν
2570 4067 2854 4138 παραλίων
2887 4066 3097 4120 πόλεων
3114 4066 3399 4135 ἐγκρατὴς·
3417 4066 3548 4134 γενό
3565 4097 3580 4106 -

2003 4172 2163 4226 μενος
2200 4156 2295 4209 καὶ
2329 4155 2513 4209 αὐτῶν
2541 4153 2606 4226 δὴ
2648 4155 2757 4208 τῶν
2782 4155 2984 4225 νήσων,
3018 4155 3325 4225 πράγματα
3352 4154 3580 4208 ἐσύστε-

2000 4263 2095 4317 ρον
2116 4248 2181 4317 τῇ
2208 4245 2460 4317 βασιλείᾳ
2502 4246 2793 4317 Ῥωμαίων
2821 4244 3058 4318 παρέξῃ.

2063 4337 2249 4392 Ταῦτα
2279 4338 2378 4409 μὲν
2402 4337 2545 4392 οὕτω
2571 4338 2724 4408 παρὰ
2747 4338 2841 4392 τοῦ
2870 4338 3136 4409 βασιλέως
3166 4337 3296 4410 περὶ
3321 4339 3381 4392 τὸ
3415 4338 3578 4393 Ἱλλυ-

304 4448 523 4505 quoque
562 4433 617 4488 in
671 4433 847 4503 ipsum
906 4431 1128 4486 molitus
1163 4445 1192 4484 a
1230 4439 1383 4500 tergo
1422 4439 1532 4485 est.
1588 4429 1885 4486 Concitare

1997 4431 2142 4504 ρικὺν
2170 4430 2505 4503 ᾠκονόμητο,
2532 4433 2624 4486 καὶ
2651 4430 2830 4496 καλῶς
2855 4433 2924 4485 τὰ
2948 4433 3086 4496 τέως
3112 4431 3254 4487 κατὰ
3282 4433 3577 4504 πρόσωπον

306 4527 556 4581 videlicet
594 4527 649 4579 in
715 4539 839 4578 eum
912 4522 1127 4578 studuit
1210 4524 1403 4578 ducem
1481 4522 1885 4594 Longobardia:

303 4618 662 4679 Germanum,
733 4629 925 4684 papam
998 4612 1332 4679 Romanum,
1406 4615 1885 4687 archiepiscopum

1995 4523 2090 4577 καὶ
2139 4525 2197 4577 ἐν
2244 4525 2369 4578 ποσὶ
2419 4525 2646 4596 κείμενα
2694 4524 2771 4596 τῷ
2812 4524 3136 4598 Ῥομπέρτῳ
3185 4522 3577 4596 κατοχυρὼσας

1994 4608 2145 4668 ὧπτο
2168 4631 2182 4647 ·
2217 4616 2333 4669 ἀλλ’
2358 4615 2479 4668 οὐδέ
2511 4616 2622 4671 τῶν
2653 4617 2798 4672 κατὰ
2829 4616 3016 4674 νώτων
3049 4616 3242 4689 ἐκείνῳ
3276 4632 3575 4687 προσισταο

1156 4828 1160 4832 ι
1385 4753 1591 4815 Varite
1625 4761 1941 4816 iectmiies
1973 4772 2053 4816 ex
2080 4760 2221 4818 cod.
2261 4756 2526 4818 Coislin.

377 4857 423 4888 ”
451 4854 1003 4924 καινοπρεπέστερον.
1079 4854 1125 4887 ³⁸
1162 4856 1425 4909 ἐάσαντα.
1506 4856 1548 4886 ³¹
1580 4858 2152 4927 περιφραττομένουέ.

1383 4997 1518 5058 Car.
1551 4995 1880 5059 Dufresnii
1915 4998 2013 5059 Du
2038 4997 2260 5077 Cangii
2308 5005 2498 5059 nota).

305 5103 513 5156 Choma
542 5100 803 5153 statuitur
832 5113 862 5151 a
900 5096 1213 5163 Ptolemaeo,
1264 5097 1421 5165 cujus
1467 5100 1630 5153 etiam
1670 5100 1876 5153 mentio

304 5170 470 5241 274.
508 5168 567 5222 lit
598 5169 659 5241 in,
686 5168 920 5241 concilio
958 5167 1241 5241 Ephesiuo
1272 5180 1427 5241 parte
1461 5183 1519 5232 ιι,
1550 5182 1658 5223 act.
1698 5172 1749 5230 l,
1783 5170 1872 5241 cui

305 5239 586 5295 Eiidoxius
622 5240 887 5308 Χώματος
917 5240 1016 5307 τῆς
1041 5239 1245 5299 Λυκίας
1270 5239 1562 5307 episc0pus
1595 5239 1869 5293 interluit.

1987 5101 2255 5168 γυναῖκας
2332 5100 2649 5170 ἐσχηκότες,
2716 5101 2884 5171 ῆγουν
2951 5099 3320 5170 σύγγαμὸροι.
3408 5103 3570 5171 Apud

1985 5182 2264 5242 auctorem
2312 5171 2607 5242 incertum,
2653 5187 2764 5242 qui
2792 5170 2982 5242 editus
3011 5181 3097 5225 est
3123 5172 3569 5242 post'l'heOpha-

1982 5255 2130 5303 nem,
2185 5240 2417 5293 Micheal

2508 5241 2734 5296 atricius
2786 5240 3044 5312 melissen
3057 5240 3139 5295 us
3202 5240 3567 5312 σύγγαμόρος

305 5312 445 5366 Sunt
475 5311 639 5380 igitur
674 5311 879 5382 milites
911 5309 980 5382 sit
1022 5308 1115 5359 τοῦ
1151 5309 1569 5382 thpatog,qui
1608 5325 1636 5361 a
1671 5309 1872 5382 Burtze

1997 5320 2233 5382 narratur
2262 5312 2431 5382 fuisse
2454 5308 2803 5365 Constantini
2829 5309 3163 5382 Copronymi
3189 5308 3400 5382 imper.
3417 5308 3563 5366 κάτά

302 5378 586 5436 Chomatis
617 5379 885 5449 principe,
922 5378 1113 5452 Alexio
1143 5390 1400 5452 tan-piam
1443 5380 1731 5445 foederato,
1786 5380 1869 5433 vel

1997 5380 2216 5452 :pimv_
2238 5379 2403 5452 αύτοῦ
2470 5383 2727 5448 γυναῖκα,
2787 5382 2857 5435 ob
2894 5378 3118 5452 tertiani
3179 5378 3300 5449 ejus
3374 5382 3569 5452 conju-

302 5452 555 5507 t‘ortassis
584 5448 829 5509 domino,
862 5448 1368 5515 suppeditabantur.

375 5522 486 5590 (‘27)
542 5520 947 5590 Σύγγιιιμιὲἴρονἵ
985 5516 1222 5590 ϐιοειατν.
1277 5516 1614 5571 (ἳνιεσοαιιιι.
1652 5518 1871 5587 Σύγγα-

1982 5519 2218 5573 duxerat
2251 5518 2601 5575 Mehssenus.

1976 5448 2131 5517 gem,
2179 5448 2475 5503 Eudociatn
2531 5453 2765 5515 scilicet,
2817 5451 2974 5518 cujus
3026 5448 3272 5505 sororem
3328 5448 3560 5505 uxorem

2660 5521 2759 5574 llic
2792 5536 2921 5574 vero
2950 5519 3180 5576 Alexius
3215 5530 3269 5573 et
3302 5520 3569 5575 Palaeolo-

310 5588 843 5661 uapo:,_congcner.
912 5588 1215 5661 Congcncri
1294 5589 1574 5652 dicuntur,
1648 5591 1741 5657 qui
1804 5605 1872 5642 ex

1997 5605 2087 5657 gus
2118 5591 2347 5661 invicem
2381 5591 2727 5661 σύγγαμὸροι
2754 5627 2769 5652 ,
2823 5604 3114 5659 εοιιειοιιυτι
3164 5590 3336 5661 fuisse
3389 5596 3567 5643 adno-

307 5660 493 5711 eadem
524 5658 747 5720 lamina,
817 5659 1112 5713 sen'duas
1178 5673 1420 5722 sorores,
1499 5674 1698 5713 uxores
1762 5662 1871 5713 sibi

307 5729 606 5795 aSciscunt,
639 5727 713 5778 ita
744 5736 804 5779 ut
837 5737 1086 5793 respectu
1118 5728 1293 5782 soceri
1338 5728 1501 5782 ambo
1554 5729 1740 5795 generi
1790 5730 1876 5782 di-

306 5802 522 5849 cantur.
560 5793 878 5861 Hesychius,
908 5796 1072 5847 ἁέλιοι
1107 5799 1262 5867 (alias
1294 5797 1506 5867 αῖλιοι),
1552 5793 1600 5851 οἳ
1646 5798 1881 5866 ἀδελφὰς

1987 5666 2195 5721 tantur,
2248 5660 2375 5728 quia
2432 5672 2489 5713 ut
2523 5660 2753 5729 uterque
2810 5662 3110 5729 ᾼιιιιωιιιυι
3179 5660 3340 5714 Duc-.1;
3397 5663 3565 5713 [illum

1988 5729 2505 5798 duxerat,_;\lexius
2542 5728 2773 5793 Ireneni,
2809 5728 3151 5798 Palaeologus
3189 5732 3404 5783 Annam
3458 5729 3562 5783 Du-

1989 5813 2216 5854 caenum.
2259 5796 2322 5856 ν.
2363 5799 2848 5871 il.u'mcnopulnut,
2890 5801 2983 5854 lib.
3016 5796 3092 5867 tv,
3128 5803 3216 5857 tit.
3259 5801 3314 5867 6,
3347 5799 3491 5871 §N.
