4050 6446
519 396 625 457 315

1815 388 2041 451 ANNrE
2081 386 2284 447 COTth
2296 388 2394 450 EN
2406 391 2466 449 ,Ε

3674 386 3788 452 316

523 508 704 555 stante
739 515 750 550 :
780 505 891 554 tam
924 513 1119 555 secura
1143 498 1362 555 licentia
1414 498 1797 570 grassantibus
1843 495 2100 551 Barbaris

2230 494 2505 563 »ουμένους
2533 495 2601 559 ⁸⁷,
2630 495 2723 547 καὶ
2759 496 2987 565 μονονοὺ
3012 493 3413 564 ὑπεράλλεσθαι
3466 496 3563 549 καὶ
3610 496 3791 568 αὐτῆς

526 602 585 646 ut
615 602 820 646 tantum
857 608 965 647 non
999 609 1148 648 mare
1175 594 1350 663 ipsum
1400 592 1720 649 inscendere
1744 632 1759 656 ,
1802 592 2101 658 urbemque

528 686 672 741 ultro
696 684 958 740 invadere
987 688 1175 741 ausuri
1206 688 1523 740 viderentur
1560 703 1575 740 :
1617 699 1756 756 quos
1812 691 2101 739 cernentes

528 778 774 848 Byzantii
810 779 929 833 sine
959 779 1068 833 ullo
1114 788 1258 833 metu
1312 794 1491 834 moras
1523 794 1682 847 agere
1732 778 1785 833 in
1829 777 2101 848 oppidulis

529 871 739 922 circum
775 869 958 922 littora
995 869 1212 937 positis,
1246 881 1410 939 atque
1438 871 1491 923 in
1527 869 1701 923 sacris
1734 869 1975 938 templis,
2005 884 2101 921 ne—

533 964 681 1017 mine
714 961 835 1018 illos
862 962 987 1016 inde
1018 962 1359 1016 absterrente
1386 1002 1400 1026 ,
1441 967 1535 1015 aut
1593 960 1793 1029 pellere
1832 967 2057 1028 parante
2088 998 2102 1023 ,

531 1063 744 1108 terrore
783 1069 845 1109 ac
871 1055 1317 1109 consternatione
1346 1052 1492 1123 pleni
1524 1052 1658 1122 quid
1693 1052 1910 1108 consilii
1941 1066 2106 1119 cape-

532 1154 654 1198 rent
680 1161 785 1200 non
818 1146 1113 1201 trahebant.
1143 1144 1287 1211 llaec,
1308 1145 1867 1213 inquam,imperator
1892 1144 2102 1208 videns,

533 1237 751 1306 alteque
784 1237 1255 1306 comprehendens
1305 1239 1487 1292 animo
1511 1278 1525 1303 ,
1553 1246 1676 1307 post
1724 1236 2104 1291 ﬂuctuantium

537 1327 629 1381 diu
665 1329 1054 1398 cogitationum
1086 1339 1253 1384 aestus
1283 1329 1484 1393 varios,
1525 1328 1578 1382 in
1602 1343 1709 1385 una
1745 1327 1962 1382 tandem
1989 1342 2108 1381 sen-

535 1419 708 1473 tentia
744 1419 1012 1485 consedit,
1043 1435 1205 1489 quam
1234 1427 1289 1473 et
1320 1419 1592 1488 extemplo
1618 1418 1671 1472 in
1698 1434 1809 1471 rem
1839 1417 2109 1472 deducere

533 1526 826 1580 aggressus
873 1518 995 1577 est,
1029 1511 1131 1567 hoc
1164 1511 1333 1567 ferme
1363 1511 1547 1565 modo.
1592 1509 1665 1563 Ex
1731 1510 1796 1563 iis
1846 1525 1986 1579 quos
2039 1508 2105 1563 ad

534 1613 781 1668 prresens
811 1600 1114 1668 periculum
1153 1600 1449 1671 collegerat
1480 1598 1746 1655 Romanis
1782 1607 1836 1654 et
1869 1599 2110 1654 Choma—

540 1692 685 1746 lenis
744 1693 1013 1748 militibus
1082 1694 1411 1751 decuriones
1464 1710 1588 1749 cum
1649 1695 1766 1750 suis
1820 1694 2107 1763 manipulis

536 1785 805 1839 naviculis
860 1786 1134 1857 imponit,
1186 1788 1386 1858 partim
1432 1787 1626 1843 leviter
1674 1798 1916 1843 armatos
1980 1803 2109 1843 arcu

537 1878 807 1931 duntaxat
840 1887 893 1933 et
930 1879 1143 1950 clypeo,
1180 1880 1378 1948 partim
1420 1880 1683 1934 loricatos
1710 1889 1992 1950 praeterea,
2020 1896 2117 1950 ga-

539 1967 818 2038 leatosque
836 1979 888 2023 et
921 1969 1447 2026 hastisinstructos.
1479 1969 1589 2025 llos
1622 1972 1776 2026 obire
1810 1987 1903 2039 per
1931 1983 2118 2027 noctes

537 2059 720 2114 littora
747 2046 1016 2130 iubebat:
1066 2070 1121 2118 et
1157 2063 1331 2118 sicabi
1363 2063 1635 2118 Barbaros
1667 2065 2116 2120 cernerentltaud

540 2148 714 2200 multo
751 2149 953 2218 majore
986 2166 1148 2220 quam
1194 2153 1298 2221 ipsi
1347 2159 1505 2207 erant
1549 2169 1778 2209 numero
1827 2157 2117 2210 stationem

543 2241 823 2303 habentes.
853 2244 995 2298 clam
1024 2259 1300 2299 cxsccnsu
1347 2245 1489 2299 facto
1516 2246 1570 2301 in
1601 2261 1697 2302 eos
1730 2248 1963 2311 irruere,
1998 2263 2117 2302 mao~

542 2341 776 2401 tumque
796 2341 1017 2404 receptu
1045 2350 1171 2390 mox
1205 2337 1422 2406 regredi
1450 2337 1597 2393 unde
1635 2339 1867 2409 quisque
1888 2340 2117 2398 exierat.

541 2424 788 2479 Addebat
820 2426 981 2480 etiam
1022 2427 1088 2482 ad
1125 2444 1239 2481 rem
1275 2443 1395 2483 eam
1452 2438 1612 2484 caule
1649 2434 1940 2501 gerendam
2006 2450 2121 2489 mo-

540 2516 651 2568 uita
680 2556 695 2580 ,
754 2518 886 2586 ipsis
929 2519 1074 2573 ultro
1123 2536 1231 2575 non
1283 2536 1587 2577 occursura
1614 2538 1679 2577 ex
1714 2540 1779 2579 eo
1829 2528 2120 2594 suspicans

541 2610 687 2674 quod
717 2609 884 2666 rudes
919 2612 1102 2668 adhuc
1152 2613 1277 2669 illos
1320 2624 1375 2669 et
1419 2616 1629 2672 bellicae
1679 2618 1755 2671 rei
1808 2620 2122 2688 inexpertos

541 2699 708 2754 sciret
750 2720 763 2755 :
809 2704 1168 2773 prmeipercnt
1202 2706 1395 2760 nautis
1423 2716 1481 2761 ttt
1516 2724 1679 2777 quam
1715 2710 1944 2764 minimo
1978 2722 2123 2765 Stre-

546 2791 661 2859 pitu
688 2795 1021 2865 remigarent
1043 2839 1059 2862 ,
1087 2798 1304 2867 ipsique
1334 2810 1590 2854 caverent
1625 2801 1728 2857 sibi
1757 2817 1788 2856 a
1838 2803 2125 2859 subsidere

546 2883 722 2936 solitis
780 2885 844 2937 ad
883 2886 1112 2946 insidias
1155 2889 1410 2943 Barbaris
1443 2891 1494 2951 in
1528 2891 1790 2947 scissuris
1823 2902 2123 2960 petrarum.

546 2967 641 3024 llis
678 2986 772 3039 per
805 2972 921 3029 dies
948 2975 1159 3044 aliquot
1180 2980 1608 3036 excursionibus
1634 2983 2126 3052 eruptionihnsque

548 3062 929 3132 frequentatis,
960 3068 1221 3135 paulatim
1258 3070 1369 3141 96
1398 3070 1561 3126 Turci
1587 3088 1651 3128 ex
1680 3074 1969 3130 maritimis
1993 3076 2126 3130 locis

2207 584 2642 654 ἐπισχυροῦντας
2671 587 2718 620 ⁸⁸
2749 588 2848 655 τῆς
2877 586 3148 656 θαλάττης
3178 586 3245 652 ⁸⁸,
3298 586 3393 651 οὓς
3416 589 3463 640 οί
3493 587 3794 651 Βυζάντιοι

2207 674 2442 746 ὁρῶντες
2470 678 2693 746 ἀφόϐως
2723 680 2901 748 πάντη
2938 679 3399 750 ὲνδιατρίόοντας,
3425 680 3483 733 ἐν
3514 683 3624 744 τοῖς
3654 682 3798 751 περὶ

2209 768 2308 832 τὰς
2339 770 2508 831 ἀκτὰς
2559 770 2926 840 διακειμένοις
2969 772 3268 844 πολιχνίοις
3304 774 3397 827 καὶ
3424 774 3590 843 ἱεροῖς
3616 774 3797 842 τεμέ-

2209 876 2266 913 νε
2278 878 2348 925 σι,
2366 862 2437 930 μή
2454 879 2598 924 τινος
2619 864 2827 916 ἐκεῖθεν
2854 866 3052 927 αὐτοὺς
3079 866 3505 931 ἀπελαύνοντος,
3528 866 3796 935 ἔντρομοι

2211 952 2301 1005 διά
2332 952 2534 1014 παντὸς
2566 953 2720 1017 ὄντες
2742 955 3105 1026 διηποροῦντο
3142 956 3226 1010 ὅτι
3255 957 3339 1010 δεῖ
3358 955 3800 1026 διαπράξασθαι.⁸

2220 1043 2397 1098 ταῦτα
2447 1044 2591 1114 ὀρῶν
2622 1048 2649 1099 ὁ
2673 1046 2930 1121 βασιλεὺς
2962 1048 3175 1110 πολλοῖς
3209 1048 3612 1118 κυμαινόμενος
3634 1049 3805 1116 λογι-

2217 1138 2371 1205 σμοῖς
2403 1136 2498 1189 καὶ
2525 1137 2723 1201 πολλάς
2753 1137 3045 1208 λαμϐάνων
3078 1140 3379 1210 μεταϐολὰς
3409 1142 3505 1195 καὶ
3556 1138 3805 1212 τροπὰς,

2214 1223 2311 1277 τοῦ
2349 1226 2728 1294 κρατήσαντος
2752 1226 2966 1292 γίνεται
2983 1228 3276 1299 λογισμοῦ,
3311 1230 3408 1284 καὶ
3427 1231 3504 1293 ὡς
3542 1231 3662 1283 ἐνὸν
3693 1229 3806 1300 ἑρ-

2215 1334 2315 1384 γου
2338 1317 2538 1387 εἴχετο.
2580 1318 2636 1371 Ἀ
2648 1320 2703 1386 φ’
2738 1312 2811 1371 ὧν
2834 1315 2927 1373 οὖν
2957 1321 3016 1386 ἐξ
3047 1321 3312 1389 ὐπογυίου
3355 1321 3680 1392 συνειλοχὼς
3730 1317 3815 1391 ἦν

2230 1410 2517 1481 Ῥωμαίων
2554 1410 2761 1480 ἀνδρῶν
2796 1412 2888 1465 καί
2912 1430 3075 1466 τινων
3128 1414 3236 1467 ἀπὸ
3265 1414 3360 1467 τοῦ
3387 1416 3655 1484 Χώματος
3689 1413 3817 1483 ὼρ-

2223 1503 2485 1572 μημένων
2555 1503 2828 1574 δεκάρχας
2872 1505 2986 1576 (48)
3041 1508 3537 1577 προχειρισάμενος
3587 1506 3689 1560 καὶ
3744 1508 3813 1558 ἑν

2218 1594 2461 1658 ἀκατίοις
2521 1596 2807 1667 ἐνθέμενος
2841 1638 2857 1662 ,
2912 1600 3041 1662 τοὺς
3099 1601 3201 1670 μὲν
3258 1601 3452 1670 ψιλοὺς
3502 1601 3629 1663 τόξα
3703 1602 3811 1654 καὶ

2221 1688 2435 1742 ἀσπίδα
2466 1690 2739 1760 φέροντας
2770 1691 2955 1759 μόνον,
2986 1692 3187 1756 τοὺςδὲ
3217 1694 3314 1746 καὶ
3342 1693 3520 1756 ἄλλως
3547 1693 3815 1763 θωρῆξα-

2223 1781 2346 1835 σθαι
2369 1782 2575 1846 εἰδότας
2607 1784 2801 1853 κόρυσί
2829 1802 2888 1836 τε
2911 1785 3003 1837 καὶ
3032 1785 3225 1838 ἀσπίσι
3277 1788 3373 1840 καὶ
3431 1786 3642 1856 δόρασι,
3681 1787 3819 1851 νυξὶ

2226 1879 2348 1946 περι
2372 1877 2469 1937 τὰς
2503 1877 2675 1940 ἀκτὰς
2709 1877 2803 1929 καὶ
2820 1878 2945 1942 τοὺς
2977 1877 3257 1946 αίγιαλοὺς
3275 1879 3608 1949 ἐρχομένους
3626 1878 3817 1947 λάθρα

2229 1969 2547 2035 ἐξάλλεσθαί
2574 1986 2632 2021 τε
2669 1971 2761 2023 καὶ
2788 1970 2966 2031 ἀθέοις
3001 1970 3311 2024 εἰσπίπτειν
3339 1970 3647 2035 ἐκέλευσεν,
3683 1972 3810 2036 εἴγε

2228 2063 2543 2113 κατανοοῖεν
2579 2062 2653 2130 μὴ
2698 2060 3044 2124 πολλαπλοῦς
3116 2062 3212 2129 τῆς
3268 2062 3449 2115 αὐτῶν
3504 2062 3818 2130 ποσότητος

2229 2154 2475 2216 ἐκείνους
2505 2149 2652 2206 εἶναι
2688 2154 2785 2207 καὶ
2814 2153 2979 2214 εὐθὺς
3025 2152 3374 2206 παλινοστεϊν
3402 2153 3636 2216 ἕκαστος
3686 2154 3822 2206 ὅθεν

2230 2247 2395 2319 ἐξῄει.
2433 2246 2938 2316 ’Λπειροπολέμους
2971 2245 3029 2298 δέ
3056 2246 3232 2314 πάντη
3279 2245 3565 2313 γινώσκων
3608 2244 3826 2307 αὐτοὺς

2229 2343 2575 2412 ἐπέσκηπτεν
2598 2340 2841 2410 ἀψοφητὶ
2861 2338 2959 2410 τὴν
2983 2338 3224 2409 εἰρεσίαν
3257 2341 3369 2400 τοῖς
3402 2340 3619 2409 ἐρέταις
3653 2353 3814 2408 παρ-

2227 2434 2513 2503 αγγέλλειν
2556 2431 2851 2495 ποιεῖσθαι,
2910 2431 3349 2499 φυλαττομένους
3408 2430 3528 2499 ἅμα
3576 2429 3676 2482 καὶ
3700 2429 3821 2481 ἀπὸ

2229 2529 2339 2581 τῶν
2384 2530 2441 2579 ἐν
2492 2527 2616 2588 ταῖς
2652 2526 2902 2595 ῥωγμαῖς
2951 2523 2998 2556 ⁸⁸
3052 2522 3162 2575 τῶν
3224 2521 3444 2591 πετρῶν
3520 2519 3821 2590 λοχώντων

2230 2620 2553 2690 Βαρϐάρων.
2612 2619 2830 2673 Τούτων
2883 2617 3015 2686 γοῦν
3065 2617 3162 2671 ἐπί
3201 2630 3345 2670 τισιν
3392 2615 3630 2687 ἡμέραις
3666 2614 3818 2669 οὕτω

2232 2710 2594 2779 τελουμένων,
2643 2710 2762 2762 κατ’
2825 2708 3023 2777 ὀλίγων
3078 2708 3188 2759 τῶν
3218 2708 3347 2777 περὶ
3384 2705 3486 2776 τὴν
3540 2706 3815 2759 θάλατταν

2233 2802 2455 2873 χωρίων
2482 2801 2743 2873 ἀνωτέρω
2773 2802 2819 2834 ἰ
2861 2800 3106 2871 ἐχώρουν
3141 2800 3191 2851 oi
3226 2798 3527 2870 Βάρϐαροι.
3573 2797 3747 2866 Ὅπερ
3778 2796 3810 2848 ὁ

2234 2894 2600 2964 αὐτοκράτωρ
2634 2893 3000 2965 μεμαθηκὼς,
3035 2895 3149 2955 τοῖς
3181 2890 3541 2945 ἀποσταλεῖσι
3571 2904 3811 2961 παρεκε-

2235 2990 2422 3043 λεύετο
2469 2988 2802 3042 καταλαϐεῖν
2859 2988 3004 3057 ἅπερ
3049 2988 3247 3039 ἐκεῖνοι
3299 2984 3493 3055 πρώην
3558 2985 3818 3052 κατεῖχον

2201 3081 2214 3096 ⁸
2237 3083 2489 3153 πολίχνια
2513 3083 2608 3136 καὶ
2634 3082 3073 3150 οἰκοδομήματα,
3116 3080 3209 3132 καὶ
3237 3078 3369 3132 εἵσω
3428 3076 3634 3130 τούτων
3694 3075 3822 3128 δια,-

546 3153 599 3207 in
629 3154 884 3211 interiora
916 3162 1262 3218 recedebant.
1290 3162 1412 3230 Quo
1438 3166 1735 3235 imperator
1754 3169 1977 3239 cognito
2007 3171 2123 3226 suis

2237 3176 2592 3246 νυκτερεύειν
2620 3191 2631 3203 ·
2671 3174 2805 3243 περὶ
2830 3174 2887 3227 δὲ
2913 3172 3014 3236 τὰς
3057 3171 3291 3241 ἡλιακὰς
3340 3169 3538 3237 αὐγὰς,
3572 3166 3827 3238 ὁπηνίκα

548 3249 766 3307 mandat
794 3251 1049 3319 oppidula
1081 3262 1133 3308 et
1168 3255 1393 3311 aedificia
1424 3258 1611 3312 eadem
1665 3277 1789 3329 quat
1813 3263 1976 3329 paulo
2002 3272 2128 3319 ante

548 3337 714 3395 Turci
766 3343 1159 3412 obtinuerant,
1215 3348 1317 3416 ipsi
1367 3349 1481 3418 jam
1534 3366 1705 3407 vacua
1754 3365 2042 3422 occupent,
2073 3355 2127 3411 in

546 3433 721 3502 iisque
756 3445 1078 3504 pernoctent
1107 3454 1122 3491 :
1158 3438 1397 3509 indeque
1425 3440 1600 3511 primo
1633 3458 1813 3509 mane,
1848 3461 1956 3512 quo
1996 3454 2133 3507 tem,-

546 3539 679 3592 pore
708 3524 920 3582 Turcos
954 3530 1172 3598 prodire
1204 3533 1411 3587 castris
1446 3544 1732 3592 comeatus
1786 3540 2087 3595 necessitas
2111 3582 2127 3606 ,

545 3626 645 3671 aut
670 3617 808 3673 alius
835 3636 966 3677 usus
988 3630 1227 3691 cogeret,
1255 3625 1643 3695 impressiones
1662 3629 1717 3683 in
1745 3644 1841 3685 eos
1868 3631 2128 3698 facerent,

547 3722 669 3776 qua:
694 3710 738 3763 si
773 3716 959 3765 essent
1003 3726 1280 3780 prosperae
1307 3753 1323 3776 ,
1386 3715 1565 3784 primo
1619 3725 1800 3772 tamen
1865 3733 2130 3774 successu

548 3799 788 3852 contenti
822 3799 1183 3855 nihilominus
1227 3802 1545 3857 recederent
1593 3802 1647 3856 in
1694 3818 1792 3857 sua
1830 3804 2083 3874 praesidia
2117 3843 2132 3867 ,

552 3901 621 3940 ne
683 3887 890 3941 lucrum
918 3890 1151 3944 ulterius
1179 3891 1288 3945 ullo
1322 3892 1561 3959 periculo
1606 3893 2049 3962 paciscerentur;
2079 3894 2134 3947 in

552 3993 662 4045 quo
695 3981 1200 4050 quantulacumque
1272 3982 1536 4039 incideret
1586 3983 1815 4039 oﬂ'eusio
1844 4025 1859 4050 ,
1911 4001 2136 4054 magnos

556 4071 808 4126 hostibus
858 4072 1151 4139 praevalere
1202 4075 1442 4129 assuetis
1488 4076 1703 4132 animos
1736 4076 1958 4142 faceret,
1990 4076 2138 4133 illico

553 4162 722 4231 igitur
773 4166 1016 4232 receptui
1061 4179 1345 4223 canerent.
1402 4165 1555 4222 Haud
1586 4166 1788 4222 dudum
1816 4184 1883 4224 ea
1909 4171 1983 4223 ita
2020 4169 2137 4224 ﬁeri

555 4265 813 4323 ceperant
846 4272 970 4310 cum
1001 4259 1242 4313 retulere
1274 4258 1456 4315 adhuc
1501 4260 1732 4316 ulterius
1759 4262 1946 4329 pedem
2004 4260 2137 4316 Bar-

556 4346 672 4401 bari
705 4355 758 4401 et
789 4349 1082 4405 tutiorihus
1109 4360 1253 4406 retro
1283 4352 1418 4407 locis
1450 4362 1631 4408 castra
1660 4354 1962 4410 munivere.
1997 4352 2135 4408 Tum

2233 3267 2616 3338 χορταγωγίας
2646 3267 2807 3335 χάριν
2832 3265 2866 3335 ἥ
2891 3282 3038 3326 τινος
3071 3264 3164 3317 καὶ
3199 3263 3393 3333 ἐτέρας
3446 3260 3641 3332 χρείας
3688 3261 3815 3323 τοῖς

2231 3355 2575 3417 ὑπεναντίοις
2640 3354 2928 3423 ξυμᾱιίνει
2981 3353 3027 3384 ⁵⁵
3091 3352 3317 3419 ἐξιέναι,
3373 3351 3567 3421 ἀθρόον
3624 3350 3826 3412 αὐτοῖς

2233 3446 2607 3511 ἐπιτίθεσθαι,
2644 3447 2739 3500 καὶ
2756 3448 2810 3499 εί
2838 3465 2888 3500 τι
2918 3446 3041 3500 κατ’
3072 3446 3256 3501 αὐτῶν
3290 3444 3599 3514 δυνηθεῖεν,
3621 3443 3827 3513 ἀρκεῖο

2234 3540 2356 3594 σθαι
2373 3539 2567 3610 τούτῳ,
2587 3538 2687 3591 κᾶν
2697 3537 2893 3608 μικρὸν
2909 3536 2967 3610 ᾗ,
2982 3539 3075 3590 καὶ
3099 3537 3172 3606 μὴ
3191 3536 3373 3589 πλεῖον
3396 3534 3699 3605 ζητοῦντας
3717 3551 3836 3586 πα·-

2243 3632 2672 3703 ρακινδυνεύειν,
2694 3631 2789 3683 καὶ
2808 3631 3009 3699 θάρσος
3048 3630 3160 3692 ταῖς
3184 3628 3399 3697 ἐχθροῖς
3419 3625 3668 3678 ἐντεῦθεν
3682 3625 3829 3679 διδὸὲ

2237 3740 2347 3783 ναι,
2381 3720 2499 3773 ἀλλ’
2519 3719 2683 3781 εὐθὺς
2722 3718 3110 3786 ὑποστρέφειν,
3132 3716 3228 3769 καὶ
3247 3714 3381 3768 εἴσω
3402 3713 3512 3767 τῶν
3539 3712 3823 3783 φρουρίων

2235 3813 2510 3882 γίνεσθαι.
2544 3813 2620 3865 Οὐ
2648 3810 2783 3863 πολὺ
2819 3810 2880 3862 τὸ
2910 3811 2970 3860 ἐν
2994 3810 3147 3878 μέσῳ
3180 3808 3275 3861 καὶ
3295 3806 3635 3878 πορρωτέρω
3662 3800 3817 3868 αὖθις

2236 3909 2284 3961 οι
2326 3904 2601 3977 Βάρϐαροι
2625 3905 2890 3980 ἐγίνοντο,
2923 3900 3065 3954 ὥστε
3093 3899 3478 3971 ἀποθαρρῆσαι
3522 3897 3613 3951 τὸν
3661 3896 3833 3950 αὺτο-

2238 4001 2486 4072 κράτορα
2523 4001 2637 4062 τοῖς
2665 3998 2802 4061 τέως
2831 3994 3017 4061 πεζοῖς
3046 3995 3143 4057 καὶ
3170 3990 3521 4047 ίππάσασθαι
3551 3988 3824 4043 κελεῦσαι

2239 4096 2335 4147 καί
2385 4091 2513 4162 δόρυ
2582 4091 2768 4143 κινεῖν,
2809 4089 2905 4141 καὶ
2950 4085 3179 4147 πολλοὺς
3241 4083 3498 4145 διαύλους
3550 4080 3834 4142 ἱππασίας

2242 4185 2385 4240 κατὰ
2420 4184 2530 4237 τῶν
2583 4181 2844 4234 ἐναντίων
2901 4180 3112 4243 ποιεῖν,
3155 4176 3344 4230 οὐκέτι
3378 4176 3437 4228 ἐν
3491 4172 3649 4226 νυκτὶ
3699 4171 3838 4225 οὐδὲ

2239 4275 2418 4346 λάθρα
2451 4271 2847 4341 ἐμπίπτουσιν,
2878 4266 3017 4320 ἀλλά
3051 4267 3147 4319 καὶ
3200 4263 3416 4334 ἡμέρας
3470 4262 3596 4333 ἀρτι
3646 4259 3838 4329 αὐγα-

2243 4363 2467 4431 ζούσης.
2539 4359 2653 4414 Καὶ
2718 4356 2770 4410 oi.
2827 4355 2967 4417 τέως
3021 4352 3288 4423 δεκάρχαι
3351 4347 3840 4419 πεντηκοντάρχαι

559 4454 687 4493 vero
719 4440 1020 4510 imperator
1052 4457 1185 4499 suos
1209 4450 1438 4499 eatenus
1464 4444 1674 4515 pedites
1702 4447 1955 4515 equitare
1973 4446 2123 4514 jussit

2242 4452 2504 4522 γεγόνασι
2550 4449 2647 4502 καὶ
2676 4449 2735 4500 oi.
2791 4443 2968 4511 πεζοὶ,
3016 4444 3066 4496 οἱ
3106 4443 3203 4497 καὶ
3247 4441 3444 4505 νυκτὸς
3502 4438 3641 4511 μετὰ
3668 4438 3840 4501 δέους

563 4532 892 4603 hastamque
922 4534 1142 4589 vibrare
1165 4577 1181 4601 ,
1213 4550 1278 4591 ac
1320 4536 1618 4606 reciprocis
1660 4538 1902 4593 vicissim
1953 4539 2123 4592 incur-

2245 4541 2445 4601 πολλοῦ
2490 4542 2605 4603 τοῖς
2652 4539 2917 4599 ἐναντίοις
2988 4535 3311 4606 μαχόμενοι,
3374 4532 3592 4586 ἐωθινοὶ
3640 4531 3843 4596 αὐτοῖς

560 4625 811 4681 sionibus
852 4625 1084 4697 fatigare
1132 4627 1318 4683 hostes
1374 4626 1748 4697 sollicitosque
1781 4629 1999 4692 habere,
2031 4644 2142 4694 non

555 4717 668 4787 jam
697 4719 953 4773 irruendo
983 4719 1169 4773 furtim
1198 4735 1295 4790 per
1318 4721 1496 4779 noctis
1526 4719 1782 4779 tenebras
1806 4761 1824 4786 ,
1872 4719 1968 4775 sed
2022 4720 2144 4776 luce

563 4808 738 4877 palam
773 4808 966 4863 audaci
1006 4811 1542 4866 martelacessendo
1576 4829 1591 4864 :
1621 4820 1786 4879 atque
1835 4810 1886 4864 id
1918 4819 1977 4864 ut
2009 4825 2143 4866 con-

561 4900 817 4956 ﬁdentius
852 4916 1016 4968 porro
1051 4901 1294 4958 facerent
1345 4903 1669 4957 decuriones
1700 4902 1793 4973 qui
1838 4903 1991 4972 prius
2021 4904 2141 4957 lue-

563 5001 686 5046 raut
715 4991 1219 5063 quinquagenarias
1249 4992 1402 5059 facit,
1430 5001 1493 5050 ut
1533 4995 1865 5049 mirarentur
1888 4993 2138 5059 Barbari,

2244 4617 2580 4693 ἐπετίθεντο,
2611 4624 2725 4682 καῖ
2737 4626 2893 4697 ἡλίου
2926 4627 2984 4690 ἐς
3010 4625 3413 4696 μεσουράνημα
3437 4621 3483 4655 ⁸³
3503 4621 3839 4692 φθάνοντος,

2249 4727 2390 4798 μετά
2428 4724 2664 4793 θάρσους
2687 4719 2979 4792 λαμπροὺς
3013 4717 3283 4783 ξυνίστων
3321 4714 3685 4785 διιπολέμους.
3718 4714 3846 4767 Οὔ-

2244 4834 2352 4881 τως
2399 4811 2493 4868 οὖν
2524 4816 2637 4875 τοῖς
2671 4812 2772 4881 μὲν
2796 4814 2878 4873 είς
2932 4809 3181 4862 τούπίσω
3210 4807 3526 4878 προύχώρει
3556 4806 3626 4858 τὰ
3680 4807 3841 4876 πρά-

2247 4928 2462 4982 γματα.
2513 4910 2591 4980 Τῇ
2638 4909 2693 4961 δέ
2735 4905 3028 4975 Ῥωμαίων
3071 4906 3213 4975 ἀρχῇ
3274 4903 3623 4970 άναλάμπειν
3684 4903 3845 4957 κατά

2250 5004 2446 5078 μικρὸν
2471 5005 2567 5057 silv.
2624 5000 3039 5071 ὑποτυφόμενον
3098 5001 3203 5069 τῆς
3244 4998 3498 5066 ἐξουσίας
3544 4996 3842 5067 σπινθῆρα

1490 5148 1493 5151 ·
1591 5131 1789 5194 Variae
1827 5131 2134 5199 lectiones
2177 5156 2256 5202 ex
2293 5140 2435 5202 cod.
2470 5139 2742 5201 Coislin.

633 5232 691 5312 °’_
719 5231 1169 5312 ἀφαιρούμενοι..
1216 5232 1263 5265 ³⁸
1295 5232 1731 5303 ἐπιχειροῦντας.
1806 5233 1853 5266 ⁸⁸
1883 5235 2181 5311 θαλάσσης.
2257 5243 2304 5275 ⁸³⁸
2336 5243 2590 5312 ροχμαῖς.
2668 5242 2713 5274 ⁸⁸
2742 5240 3052 5311 ἀνωτέρων.

563 5301 892 5374 ουράνισμα.
968 5301 1016 5336 ³⁵⁵
1048 5303 1333 5359 συνίστων.

3152 5240 3204 5272 η
3227 5235 3485 5309 συμϐαίνε
3498 5253 3534 5289 ι.
3612 5235 3657 5268 ⁵³
3690 5248 3845 5308 μεσερ,

1590 5441 1730 5502 Car.
1764 5440 2098 5503 Dufresnii
2133 5445 2230 5505 Du
2260 5445 2481 5525 Cangii
2516 5452 2701 5507 notat.

648 5540 756 5614 (48)
788 5541 1115 5614 Δεκᾴρχας.
1164 5538 1343 5614 61038.
1399 5539 1793 5614 Grtzco~Lalin_.
1831 5542 2138 5614 δεκάρχης,

570 5610 809 5665 decurio.
875 5611 1199 5664 Dividebant
1243 5610 1415 5663 Grmci
1469 5612 1633 5665 istius
1684 5612 1784 5664 aevi
1822 5610 2140 5666 universum

571 5684 869 5749 eset-citum
905 5684 985 5742 είς
1014 5681 1304 5749 τάγματα,
1338 5681 1509 5749 ή(ουν
1556 5681 1625 5734 τά
1669 5680 1942 5746 λεγόμενα
1974 5681 2145 5749 βάνδα

572 5748 840 5819 διάφορα,
872 5749 925 5802 id
954 5759 1057 5814 est,
1116 5748 1169 5803 in
1207 5748 1480 5819 cohortes,
1518 5765 1658 5817 quas
1691 5750 1870 5803 bunda
1904 5753 2145 5819 appella-

586 5816 736 5871 bant.
767 5817 1004 5870 llursum
1042 5820 1298 5887 τάγματα
1324 5816 1817 5875 subdividebantur
1843 5821 1923 5884 είς
1941 5816 2147 5891 ’δεκαρ-

2250 5547 2397 5615 χῐας,
2432 5547 2546 5602 sive
2575 5544 2852 5602 decurias.
2892 5542 3136 5599 Decurize
3182 5559 3312 5615 v_ero
3338 5543 3397 5615 in
3440 5536 3835 5615 contubernia.

2252 5608 2645 5688 iiutc'quinquc
2672 5615 2805 5671 viris
2827 5616 3169 5688 constabant.
3203 5612 3436 5688 Bandis._
3459 5627 3557 5668 seu
3584 5608 3833 5688 cohorti:

2252 5679 2379 5757 bus,
2418 5679 2671 5757 praeerat
2702 5700 2920 5757 comes,
2938 5685 3197 5757 _decuriae
3229 5700 3354 5738 vero
3386 5681 3700 5757 _tlecarcha‘,
3745 5679 3837 5737 τοι

2254 5749 2501 5813 decurio.
2539 5755 2676 5813 Vide
2702 5754 2900 5811 Leonis
2938 5752 3183 5817 Tactica,
3215 5769 3339 5824 cap.
3373 5754 3427 5818 4,
3457 5750 3485 5823 ς
3513 5755 3547 5806 2
3577 5759 3631 5810 et
3660 5749 3712 5809 6.
