4050 6456
576 408 687 474 319

580 614 701 668 lica:
730 616 959 669 ditionis
990 632 1103 670 sum
1127 631 1314 671 curam
1351 633 1414 671 ac
1442 626 1764 688 potestatem
1793 631 2011 671 omnem
2048 615 2160 671 Ro-

582 709 735 778 gcrio
769 708 882 763 lilio
932 711 1085 780 apud
1127 709 1459 782 llydruntem
1518 713 1977 775 commendasset,
2033 710 2161 766 inde

580 803 799 857 solvens
833 801 1132 859 Brundusii
1183 813 1401 874 portum
1453 803 1782 873 occupavit:
1820 803 1915 859 ubi
1969 801 2160 858 audito

582 895 873 964 Palacologi
942 895 1301 968 Dyrrachium
1357 895 1618 961 adventu,
1661 894 1889 965 impigre
1932 892 1987 949 in
2042 909 2161 948 ma-

576 986 795 1056 joribus
824 988 1055 1056 navigiis
1077 987 1331 1041 sedilicari
1360 996 1537 1042 turres
1558 987 1725 1058 jussit
1756 1002 1786 1041 e
1815 985 1996 1059 lignis,
2023 1000 2161 1055 quas

583 1080 735 1135 Curio
803 1079 1008 1134 bubulo
1077 1079 1609 1135 circumambiendas
1680 1080 2162 1151 contegendasque

581 1182 707 1241 apte
745 1174 1001 1228 curavit:
1048 1180 1162 1227 tum
1214 1174 1431 1228 cazteris
1474 1189 1596 1243 quae
1642 1173 1709 1228 ad
1753 1175 1975 1229 munitae
2009 1174 2161 1230 urbis

579 1266 1040 1334 oppugnationem
1065 1282 1206 1335 opus
1234 1266 1642 1329 erantcunctis,
1673 1267 1726 1320 in
1754 1282 1921 1322 naves
1948 1280 2162 1322 summa

588 1357 869 1425 diligentia
904 1362 1300 1431 comportatis;
1333 1361 1489 1431 equis
1516 1361 1582 1419 ad
1609 1360 1724 1415 haec
1760 1369 1815 1416 et
1864 1360 2160 1430 cataphra-

579 1452 684 1506 ctis
712 1451 993 1518 equitibus
1013 1469 1180 1509 naves
1205 1455 1434 1522 celeres,
1458 1472 1595 1526 quas
1622 1454 1918 1510 drowones
1949 1457 2161 1522 dicunt,

1886 407 2113 469 ANNJE
2139 405 2526 467 COMNENIE

581 541 861 595 regressus
893 524 946 579 in
983 525 1160 580 aulam
1194 533 1298 581 est.
1325 527 1394 581 At
1427 525 1700 582 Robertus
1740 537 2024 596 postquam
2053 525 2155 579 lta-

2258 522 2439 578 λαϐὼν
2471 522 2835 593 παλινδρομεϊ
2882 522 3019 593 πρὸς
3054 521 3122 577 τά
3174 521 3442 593 βασίλεια.

3722 406 3853 471 3Ξο

3522 522 3581 578 Ὀ
3618 523 3674 578 δὲ
3713 524 3859 578 Ῥο-

2266 615 2511 688 μπέρτος
2542 617 2623 680 είς
2671 614 2969 686 ’Υδροῦντα
2996 617 3043 650 ⁵⁸
3089 616 3535 688 παραγενόμενος
3585 620 3680 672 καὶ
3737 617 3858 689 τὴν

2262 709 2482 764 ἅπασαν
2530 707 2697 763 αὑτοῦ
2748 706 2999 772 ἐξουσίαν
3045 709 3139 762 καὶ
3186 709 3358 780 αὐτῆς
3388 708 3452 778 δὴ
3480 710 3582 781 τῆς
3628 711 3863 777 Λογγο-

2262 801 2489 873 6αρδίας
2509 800 2710 873 (51)τῷ
2737 801 2836 869 υἱῷ
2859 801 3022 856 αὑτοῦ
3062 801 3293 873 Ῥογέρῃ
3323 803 3444 836 ³⁹ο⁶⁰
3480 802 3859 874 ἀναθέμενος,

2264 893 2475 948 ἐκεῖθεν
2502 892 2757 960 ἐξελθὼν,
2783 896 2874 949 τὸν
2903 895 3100 965 λιμένα
3131 895 3227 949 τοῦ
3259 896 3579 967 Βρεντεσίου
3599 897 3642 929 ⁶¹
3677 894 3865 949 κατέ-

2262 985 2419 1054 λαϐε,
2471 987 2693 1040 κάκεῖσε
2732 987 2833 1058 τὴν
2865 987 2960 1041 τοῦ
2996 989 3368 1058 Παλαιολόγου
3419 990 3498 1052 είς
3527 987 3587 1041 τὸ
3620 986 3859 1058 Δυρῤά-

2262 1096 2380 1151 χιον
2408 1078 2623 1134 ἐλευσιν
2648 1080 3010 1151 μεμαθηκὼς,
3031 1082 3380 1153 παραχρῆμα
3401 1082 3458 1133 ἐν
3483 1084 3594 1144 τοῖς
3626 1079 3865 1151 μείζοσι

2263 1173 2372 1227 τῶν
2431 1173 2634 1228 πλοίων
2689 1174 2936 1246 πύργους
2985 1175 3316 1246 δειμάμενος
3369 1176 3458 1229 διὰ
3507 1174 3703 1240 ξύλων,
3763 1174 3865 1229 διὰ

2266 1268 2476 1340 βύρσης
2522 1267 2749 1332 τούτους
2786 1268 3153 1340 περιέστειλε,
3196 1268 3294 1323 καὶ
3348 1270 3528 1323 πάντα
3577 1267 3644 1322 τὰ
3708 1266 3865 1338 πρδς

2264 1360 2624 1433 τειχομαχίαν
2669 1362 2951 1433 ἐπιτήδεια
3005 1365 3063 1415 ὲν
3110 1364 3231 1426 ταῖς
3284 1362 3474 1417 ναυσὶν
3526 1359 3862 1428 εἰσαγαγὼν

2265 1455 2595 1518 σπουδαίως,
2654 1456 2735 1517 si;
2772 1473 2833 1508 τε
2882 1456 3013 1518 τοὺς
3052 1455 3337 1527 δρόμωνας
3389 1454 3589 1517 ἵππους
3627 1471 3691 1506 τε
3759 1452 3863 1507 καὶ

580 1544 1120 1614 inscenderejussis,
1175 1548 1510 1619 reliquisque
1553 1549 1792 1619 undique
1833 1550 2157 1605 necessariis

2269 1546 2522 1609 ²ἐνόπλους
2572 1545 2773 1610 ἱππέας
2812 1546 3098 1610 εἰσελάσας
3133 1546 3227 1600 καὶ
3284 1546 3552 1600 πάντοθεν
3581 1547 3647 1599 τὰ
3711 1544 3863 1616 πρὸς

579 1651 679 1695 aut
719 1642 948 1697 utilibus
978 1643 1044 1697 ad
1082 1643 1286 1697 bellum
1322 1654 1548 1700 strenue
1595 1645 1929 1714 comparatis
1977 1645 2162 1713 provi-

577 1735 787 1802 sisque,
844 1736 1139 1806 trajectum
1184 1736 1433 1807 urgebat.
1473 1735 1799 1793 Decreverat
1848 1748 2029 1792 autem
2061 1754 2163 1793 ua-

2265 1636 2505 1708 πόλεμον
2532 1639 2698 1704 ὀξέως
2729 1639 2874 1710 μάλα
2905 1639 3211 1710 ἐξαρτήσας
3238 1639 3507 1711 διαπερᾷν
3554 1638 3859 1707 ἠπείγετο.

2276 1728 2531 1781 Ἐσκόπει
2589 1729 2698 1799 γὰρ
2755 1729 2992 1800 ὁπηνίκα
3056 1731 3118 1783 τὸ
3175 1729 3481 1802 Δυρράχιον
3532 1728 3860 1799 καταλάϐῃ,

580 1826 798 1881 valibus
829 1827 994 1882 simul
1033 1827 1503 1897 terrestribusque
1553 1826 1729 1897 copiis
1775 1840 1839 1880 ac
1888 1826 2157 1883 mat-binis

2266 1819 2571 1888 περιζῶσαι
2613 1821 2773 1873 τοῦτο
2803 1821 2891 1875 διὰ
2938 1820 3046 1874 τῶν
3074 1820 3378 1875 ἐλεπόλεων
3409 1822 3517 1875 ἀπό
3545 1838 3604 1874 τε
3642 1821 3859 1876 θαλάτ-

583 1935 781 1990 urgere
821 1920 1064 1989 undique
1124 1918 1517 1991 Dyrrachium,
1553 1920 1637 1974 vel
1687 1920 2063 1989 perculsurum
2102 1934 2157 1973 se

2263 1929 2362 1982 της
2392 1914 2486 1965 καὶ
2515 1912 2771 1984 ἠπείρου,
2797 1913 2865 1966 ἵν’
2888 1912 3003 1983 ἅμα
3033 1914 3132 1984 μὲν
3158 1912 3480 1985 καταπλήξῃ
3511 1913 3638 1979 τοὺς
3666 1912 3859 1981 ἐντὸς,

580 2013 759 2082 primo
797 2014 1003 2081 impetu
1035 2027 1101 2067 ac
1130 2010 1198 2066 de
1230 2011 1573 2082 repugnandi
1617 2014 1896 2081 proposito
1921 2011 2163 2067 dimoiu-

582 2119 704 2158 rum
737 2103 859 2173 ejus
889 2102 1045 2158 urbis
1086 2113 1523 2175 propugnatores
1557 2111 1749 2170 ratus;
1782 2113 1876 2158 aut
1916 2113 2063 2158 certe
2114 2104 2162 2159 si

585 2197 936 2253 obstinarent
1000 2198 1239 2263 animos,
1298 2211 1529 2252 numero
1590 2212 1751 2267 posse
1798 2196 1947 2266 ipsos
2003 2196 2161 2252 obrui

583 2289 904 2358 majorequc
939 2289 989 2342 vi
1022 2288 1258 2343 domari.
1291 2287 1446 2354 Quod
1502 2286 1622 2357 ejus
1652 2287 1958 2357 consilium
2014 2288 2159 2343 farina

579 2382 857 2451 vulgatum
893 2396 1147 2451 magnam
1184 2388 1239 2435 et
1284 2380 1647 2449 insularibus,
1684 2390 1739 2436 et
1782 2381 1847 2436 iis
1891 2382 1982 2451 qui
2031 2383 2161 2454 Dyr-

577 2473 790 2528 rachini
848 2473 1054 2529 littoris
1124 2488 1277 2531 oram
1329 2473 1599 2540 incolunt,
1635 2475 1823 2529 auditu
1858 2477 1974 2544 ipso
2022 2491 2159 2531 cou-

579 2568 978 2623 stcrnationem
1039 2568 1262 2636 objecit.
1322 2566 1566 2637 Denique
1614 2568 1872 2624 omnibus
1928 2585 2049 2636 quae
2101 2570 2157 2625 in

578 2659 875 2728 procinctu
910 2657 1157 2714 solvendi
1203 2659 1318 2714 ﬁeri
1361 2668 1459 2715 aut
1492 2659 1634 2714 facta
1674 2675 1796 2715 esse
1841 2670 2162 2730 oportuerat

577 2765 641 2804 ex
676 2751 949 2806 sententia
985 2751 1251 2806 confectis
1300 2751 1599 2807 retinacula
1655 2752 1834 2822 rumpi
1890 2755 2159 2825 praecipit,

579 2843 904 2909 dromones,
936 2844 1214 2907 triremes,
1251 2845 1644 2915 uniremcsque
1668 2858 1786 2906 arte
1813 2856 1975 2916 atque
1993 2862 2158 2918 opera

580 2943 873 2989 nautarum
910 2935 964 2988 in
1022 2936 1158 2991 aciei
1214 2936 1422 2991 bellicae
1474 2935 1709 2993 formam
1756 2939 1987 3010 eleganti
2047 2940 2161 3010 98

576 3026 790 3091 ordine,
846 3028 1220 3099 pra-claraque
1267 3030 1458 3099 procul
1529 3031 1713 3100 specie
1766 3031 2063 3099 dispositas
2101 3034 2157 3087 in

576 3122 747 3174 altum
806 3121 1070 3176 invehens
1132 3138 1397 3193 prospero
1479 3123 1698 3181 atllaute
1754 3134 1941 3190 vento,
2001 3125 2160 3190 cujus

2263 2003 2381 2074 ἅμα
2435 2004 2493 2058 δὲ
2550 2006 2644 2059 καὶ
2727 2005 3064 2076 πανταχόθεν
3139 2007 3567 2078 περιστοιχήσας
3621 2006 3853 2072 αὐτοὺς,

2262 2095 2321 2162 ἐξ
2380 2094 2574 2164 ἐφόδου
2624 2094 2723 2166 τήν
2774 2095 2930 2149 πόλιν
2992 2097 3301 2169 αἱρήσεται.
3362 2095 3604 2168 Θόρυϐος
3658 2096 3853 2151 τοίνυν

2263 2186 2515 2243 ἐντεῦθεν
2546 2187 2673 2251 τούς
2697 2205 2755 2242 τε
2792 2189 3090 2260 νησιώτας,
3124 2188 3219 2244 καὶ
3244 2190 3373 2254 τοὺς
3397 2188 3528 2262 περὶ
3557 2189 3657 2263 τὴν
3684 2191 3853 2260 ἠϊόνα

2260 2277 2355 2332 τοῦ
2388 2279 2693 2349 Δυρραχίου
2720 2278 2916 2345 ταῦτα,
2928 2279 3323 2351 μεμαθηκότας
3365 2284 3599 2351 κατέσχε
3652 2280 3851 2345 πολύς.

2274 2371 2428 2424 Ἐπεὶ
2449 2371 2505 2424 δὲ
2533 2370 2674 2425 κατά
2706 2370 2932 2443 γνώμην
2971 2354 3121 2442 αὐτῷ
3150 2372 3331 2427 πάντα
3360 2372 3478 2435 Ἷ¹⁹⁸³
3505 2373 3852 2439 τετέλεσται,

2261 2463 2432 2528 λύσας
2480 2464 2548 2517 τὰ
2600 2465 2943 2535 πρυμνήσια,
2981 2464 3108 2530 τούς
3157 2483 3217 2519 τε
3264 2465 3570 2537 δρόμωνας,
3604 2465 3704 2519 καὶ
3753 2467 3853 2530 τὰς

2260 2557 2531 2628 τριήρεις,
2560 2556 2691 2626 νῆας
2733 2557 2826 2610 καὶ
2860 2558 3142 2628 μονήρεις,
3191 2557 3336 2612 κατὰ
3369 2557 3469 2629 τήν
3504 2556 3616 2611 τῶν
3655 2576 3851 2612 ναυτι-

2262 2650 2375 2704 κῶν
2418 2649 2713 2721 ἐμπειρίαν
2747 2650 2826 2712 είς
2861 2650 3103 2721 πολέμου
3136 2653 3323 2721 σχῆμα
3351 2650 3702 2714 διατυπώσας
3746 2652 3849 2704 σὺν

2261 2741 2492 2814 εὐταξία
2521 2741 2567 2774 ⁸⁵
2595 2741 2690 2795 τοῦ
2723 2742 2887 2806 πλοὸς
2944 2744 3309 2815 ἀπεπειρᾶτο.
3341 2743 3543 2815 Οὐρίου
3572 2743 3626 2797 δὲ
3659 2741 3845 2815 τυχὼν

2263 2835 2600 2908 πνεύματος,
2620 2835 2718 2907 τὴν
2740 2836 2883 2890 κατά
2912 2836 3005 2892 τὸν
3033 2837 3258 2891 Αὐλῶνα
3288 2837 3527 2909 περαίαν
3550 2836 3843 2904 κατέλαϐε,

2262 2928 2357 2984 καὶ
2413 2928 2513 2999 τὴν
2563 2929 2724 2997 ἠϊόνα
2758 2930 3123 3001 παραπλέων,
3178 2929 3424 3003 ἀπῆλθεν
3475 2932 3533 2984 ἐν
3579 2929 3627 2961 ⁸⁸
3679 2929 3851 3002 μέχρι

2260 3021 2565 3095 Βοθρεντοῦ
2599 3023 2734 3094 (52).
2774 3023 3018 3078 Κάκεϊσε
3050 3022 3279 3088 ἐνωθεὶς
3307 3023 3448 3094 μετά
3476 3022 3569 3077 τοῦ
3597 3022 3717 3077 υἱοῦ
3748 3025 3856 3077 αὺ-

2260 3117 2356 3171 τοῦ
2403 3116 2748 3186 Βαῖμούντου
2798 3118 3215 3187 προφθάσαντος
3266 3117 3505 3188 περάσαι
3556 3117 3692 3188 (55).
3748 3119 3851 3171 καὶ

583 3209 853 3279 beneﬁcio
901 3210 1059 3268 facile
1117 3214 1405 3270 adversam
1441 3215 1505 3270 ad
1541 3217 1807 3271 Aulonem
1860 3218 2037 3288 ripam
2076 3227 2156 3273 te-

2262 3204 2354 3261 τδν
2402 3207 2633 3261 Αὐλῶνα
2688 3207 2748 3273 ἐξ
2805 3208 2995 3278 ἐφόδου
3056 3211 3373 3280 κατασχεῖν,
3410 3210 3530 3279 διχῇ
3583 3208 3644 3261 τὸ
3698 3208 3859 3263 ἅπαν

574 3300 699 3353 nuit
754 3318 768 3354 :
825 3300 1061 3370 indeque
1114 3318 1267 3357 oram
1334 3304 1519 3372 legens
1574 3322 1751 3376 usque
1798 3305 2154 3375 Buthrotum,

579 3389 764 3459 ibique
830 3391 1093 3461 adjuncto
1144 3392 1247 3448 sibi
1303 3393 1611 3449 Baimundo
1666 3395 1798 3459 tilio,
1849 3395 1940 3466 qui
2006 3398 2159 3467 prius

578 3482 874 3552 trajecerat
908 3492 962 3539 et
996 3484 1265 3542 Aulonem
1323 3487 1500 3558 primo
1544 3488 1750 3559 impetu
1783 3498 2023 3558 ceperat,
2060 3506 2158 3547 co-

575 3576 697 3646 pias
733 3577 1018 3633 universas
1062 3578 1316 3635 bifariam
1342 3581 1535 3637 dividit
1567 3600 1582 3639 :
1610 3593 1817 3653 partem
1846 3584 1963 3653 ipse
1991 3600 2154 3641 unam

575 3670 711 3722 mari
745 3683 871 3724 cum
937 3671 1115 3727 classe
1158 3673 1225 3727 ad
1281 3673 1642 3744 Dyrrachium
1675 3677 1984 3742 ducturus;
2021 3679 2157 3733 alte-

572 3759 693 3815 rius
763 3760 960 3817 itinere
1009 3766 1260 3820 terrestri
1296 3766 1477 3822 eidem
1528 3770 1651 3824 urbi
1712 3768 2013 3840 Dyrrachio
2062 3769 2161 3826 ad-

575 3853 880 3916 movenda,
902 3855 1126 3910 ductum
1158 3859 1407 3925 permisit
1429 3861 1756 3918 Baimundo.
1782 3863 1901 3918 Tali
1929 3864 2161 3920 consilio

575 3951 973 4012 pratergressa
1019 3946 1197 4001 classe
1232 3947 1486 4019 Corcyrae
1514 3964 1689 4015 oram,
1727 3951 1778 4004 in
1810 3950 1929 4018 ipso
1970 3967 2161 4007 versus

575 4029 933 4100 Dyrrachium
1011 4032 1156 4088 tlesu
1195 4073 1210 4099 ,
1268 4037 1414 4093 circa
1510 4041 1946 4108 promontorium
2015 4040 2163 4110 quod

569 4120 752 4194 lingua
809 4124 1030 4192 Jicitur,
1098 4127 1335 4182 maxima
1398 4129 1451 4184 in
1499 4145 1619 4186 eam
1672 4131 1856 4185 subito
1921 4130 2160 4201 procella

2257 3298 2450 3354 διελὼν
2479 3300 2824 3372 στράτευμα,
2851 3301 2912 3355 τὸ
2945 3300 3044 3373 μὲν
3084 3302 3247 3366 αὐτὸς
3276 3304 3497 3373 κατεῖχε
3524 3300 3613 3354 διὰ
3644 3301 3861 3356 θαλάτι

2257 3408 2380 3465 της,
2428 3395 2520 3448 τὸν
2570 3394 2854 3449 ἀπόπλουν
2885 3395 2961 3459 ὡς
3018 3396 3152 3465 πρὸς
3183 3395 3244 3451 τὸ
3286 3397 3590 3469 Δυρράχιον
3638 3396 3855 3451 ἐθέλων

2257 3488 2768 3559 ποιήσασθαι,τοῦ
2819 3490 2874 3543 δὲ
2918 3491 3010 3546 τὸν
3071 3489 3412 3561 Βαῖμοῦντον
3471 3492 3664 3561 ἄρχειν
3713 3493 3851 3547 ἐπέ-

2230 3572 2480 3653 ίτρεψεν,
2534 3582 2627 3636 διὰ
2677 3581 2847 3655 ξηρᾶς
2898 3580 3165 3653 μέλλοντα
3223 3584 3361 3656 πρὸς
3420 3584 3482 3638 τὸ
3536 3584 3851 3657 Δυρράχιον

2257 3671 2499 3728 ὁδεῦσαι.
2536 3674 2646 3729 Καὶ
2676 3673 2740 3745 δὴ
2776 3672 2876 3745 τήν
2905 3673 3149 3745 Κορυφὼ
3182 3672 3425 3739 διελθὼν,
3472 3676 3563 3748 καὶ
3598 3674 3741 3743 πρὸς
3786 3675 3844 3729 τὸ

2256 3765 2562 3836 Δυρράχιον
2596 3764 2921 3845 ἀπρκλίνας,
2961 3766 3103 3820 κατά
3144 3766 3204 3819 τὸ
3233 3766 3580 3836 ἀκρωτήριον
3629 3765 3838 3819 ι’λῶσο

2256 3872 2380 3910 σαν
2429 3856 2540 3928 (54)
2601 3858 2959 3928 καλούμενον,
3029 3859 3275 3928 μεγὶστῳ
3348 3859 3579 3913 κλύδωνι
3640 3857 3845 3928 αἴφνης

2260 3948 2697 4021 περιπεπτώκει.
2732 3950 2967 4019 Νιφετδς
3009 3952 3116 4021 γὰρ
3148 3951 3314 4015 πολὺς
3371 3951 3466 4005 καὶ
3498 3950 3690 4020 ἄνεμοι
3735 3950 3851 4005 τῶν

2257 4040 2400 4112 ὁρῶν
2436 4042 2748 4113 κινηθέντες
2784 4043 2884 4115 τὴν
2916 4042 3188 4098 θάλατταν
3218 4044 3463 4116 σφοδρῶς
3505 4045 3851 4114 συνετάρατο

2259 4152 2376 4190 τον.
2406 4133 2718 4189 Κάντεῦθεν
2762 4135 3020 4208 ἠγείρετό
3062 4153 3122 4191 τε
3165 4135 3236 4191 τά
3284 4135 3508 4209 κύματα
3556 4137 3648 4190 καί
3697 4139 3859 4189 ἐπω-

1611 4319 1811 4382 Variae
1845 4319 2154 4383 lectiones
2188 4335 2268 4382 ex
2290 4318 2433 4383 cod.
2472 4317 2741 4383 Coislin.

637 4459 755 4492 ⁵⁹·⁶⁶
783 4461 1203 4533 Λογγιϐαρδίας.
1279 4468 1321 4499 ⁸⁸
1346 4465 1696 4539 Βροντησίου.
1778 4469 1899 4502 ⁸²⁶³³
1922 4470 2101 4524 πάντα
2129 4472 2157 4541 ἦ

2333 4470 2378 4503 ⁸⁸
2404 4467 2620 4541 ἀταξίᾳ.
2698 4470 2743 4503 ⁸⁸
2765 4467 2947 4539 Deest,
2980 4477 3035 4526 et
3056 4478 3225 4538 recte,
3251 4470 3445 4526 vocula
3471 4471 3548 4526 ὲν.

1669 4616 1811 4678 Car.
1848 4612 2187 4676 Dufresnii
2224 4617 2325 4679 Du
2355 4615 2581 4697 Cangii
2616 4624 2803 4678 noue.

641 4734 753 4813 (5i)
799 4736 1099 4813 'Pordpn.__
1118 4736 1441 4813 O‘rdericus,
1483 4741 1577 4797 lib.
1606 4757 1681 4796 vn
1707 4758 1722 4795 :
1756 4741 2011 4813 Rogerius
2041 4758 2141 4797 αα·
2175 4746 2218 4801 ο
2249 4760 2353 4798 non
2384 4744 2687 4798 excellentis
2709 4783 2725 4808 ,
2756 4743 2849 4799 sed
2874 4742 3108 4797 molliter
3141 4742 3199 4813 iu
3226 4740 3677 4808 planum-daresi.
3714 4745 3852 4813 Quo

569 4817 671 4863 tem
703 4809 1012 4881 fraterreius
1040 4807 1387 4879 (Bocmundi)
1405 4821 1750 4881 cognomento
1771 4807 1969 4875 Bursa,
1984 4813 2146 4879 jussu

567 4887 738 4945 patris
772 4881 824 4931 in
859 4880 1050 4943 Apulia
1103 4891 1453 4944 remanserat,
1523 4891 1574 4935 et
1624 4882 1875 4936 ducatum
1923 4883 2025 4938 sibi
2080 4899 2145 4937 ea:

567 4950 876 5003 Im'rcdilate
911 4950 1098 5002 matris
1151 4950 1382 5004 debitum
1419 4952 1769 5007 custodiebat.
1808 4951 1942 5009 Vide
1978 4952 2146 5008 Mala-

568 5027 700 5075 terr.
736 5019 808 5071 lib
861 5036 939 5081 Ill,
968 5035 1088 5087 cap.
1123 5019 1212 5075 50.

641 5089 752 5156 (5‘2)
813 5091 1171 5160 Bo"psrroﬁ.
1248 5091 1356 5145 Seu
1416 5092 1749 5158 Βουθροτοῦ.
1812 5093 2137 5150 Buthrotum

566 5161 827 5234 oppidum
861 5171 944 5216 est
986 5162 1045 5234 iu
1082 5161 1363 5234 Epiro.___a
1402 5178 1511 5231 quo
1543 5164 1862 5234 Βουθρότων
1916 5164 2137 5228 κόλπος.

568 5229 981 5303 Expeditionem
1035 5231 1193 5303 istam
1254 5229 1529 5303 Wiscardi
1605 5229 1853 5303 pluribus
1905 5248 2145 5290 comme—

567 5308 744 5373 morat
766 5298 1091 5373 Guilelmus
1128 5300 1290 5371 Apul.
1325 5303 1420 5357 lib.
1450 5320 1521 5369 Iv,
1555 5298 1618 5358 ei
1643 5319 1753 5371 quo
1784 5320 2145 5373 excerpemus

564 5371 656 5425 illa
692 5370 1075 5425 tantummodo
1115 5387 1236 5434 qua:
1266 5373 1334 5426 ad
1379 5370 1763 5430 illustrandum
1804 5370 2019 5429 Annam
2065 5376 2145 5430 vi-

563 5441 765 5514 dentur
796 5441 1067 5514 conferre.
1101 5442 1237 5498 Vide
1256 5439 1451 5514 Notata
1485 5445 1552 5497 ad
1579 5459 1703 5514 pag.
1737 5445 1860 5500 159.

639 5511 752 5587 (_5_.‘i)_
785 5510 1256 5587 Προφθάσςαντος
1287 5510 1734 5587 περὰσξαιᾙνίἶίθ
1776 5531 1945 5586 supra
1981 5515 2145 5587 p.35,

562 5590 620 5636 et
655 5582 1022 5652 Malaterram,
1062 5581 1270 5652 Ιίὺηιιι,
1311 5598 1436 5652 cap.
1467 5583 1559 5640 24.

639 5651 1120 5726 (54)ΑΓ,ζῶσεγαν.
1168 5651 1614 5726 Ρνρηιοιιιθτῑυιη
1668 5655 1807 5711 forte
1861 5655 2154 5726 Dyrrachi-

568 5735 698 5798 num
724 5760 737 5776 .
769 5721 927 5776 hodie
965 5721 1109 5798 Qapo
1146 5723 1202 5775 di
1244 5722 1523 5798 pugaszo,
1555 5726 1683 5798 nisi
1712 5721 2022 5798 proximum
2045 5727 2153 5798 in:

567 5790 800 5848 ιιιιιίειειι,
850 5790 1013 5860 (ιιιοιί
1041 5798 1187 5858 (λαρο
1223 5794 1286 5847 de
1320 5792 1609 5851 Redoniin
1635 5790 1827 5852 charta
1888 5795 2151 5860 Sophiani

569 5868 941 5923 utiueupatur.
980 5859 1159 5924 Festo,
1202 5860 1409 5932 Lingua
1464 5874 1543 5920 est
1580 5866 1933 5934 promunturii
1967 5859 2151 5937 genus,

2250 4815 2470 4884 quidem
2505 4816 2771 4884 vocabulo
2822 4830 2929 4868 non
2979 4812 3149 4884 semel
3188 4812 3288 4884 hac
3339 4823 3571 4869 utuntur
3605 4812 3847 4872 notione

2252 4882 2572 4957 scriptores,
2613 4883 2884 4943 Pacuvius
2915 4884 3057 4957 apud
3085 4882 3395 4957 Agelliumg,
3448 4885 3484 4939 Ι.
3526 4903 3598 4947 tv.
3642 4902 3697 4957 Ac.
3731 4888 3843 4957 i7;

2251 4954 2466 5015 Livius.
2499 4956 2595 5009 lib.
2636 4971 2822 5010 xxxvn
2865 4965 2918 5009 ct
2947 4950 3053 5017 λαις
3098 4950 3156 5006 et
3196 4950 3538 5020 Ammianus,
3595 4955 3692 5013 lib.
3721 4952 3849 5016 xxv.

2253 5026 2347 5081 Sic
2377 5024 2624 5098 Ovidius.
2673 5027 2766 5079 lib.
2798 5042 2892 5080 xm
2941 5024 3296 5091 Metamorph.
3337 5023 3439 5077 tria
3477 5027 3676 5083 Sicilim
3706 5044 3851 5098 pro-

2252 5096 2528 5151 moutoria
2558 5096 2793 5166 Linguas
2823 5104 2980 5151 vocat
3008 5111 3022 5151 :

2327 5210 2516 5265 Tribus
2548 5211 2659 5265 hac
2689 5215 2923 5268 excurrit
2960 5215 3015 5267 in
3040 5228 3256 5284 a’quora
3308 5214 3528 5285 linguis.

2252 5302 2365 5375 Eec
2418 5304 2522 5357 alia
2570 5301 2835 5375 fortassis
2897 5310 3109 5360 ratione
3142 5306 3324 5362 insula
3357 5322 3479 5375 qua;
3526 5306 3743 5360 (Talaum
3786 5309 3843 5362 in

2257 5373 2447 5446 §icilia
2517 5374 2752 5443 adjacet,
2821 5374 3035 5446 Lingua:
3100 5392 3298 5431 nomen
3358 5373 3616 5440 obtinuit,
3689 5380 3843 5445 apud

2255 5443 2582 5500 Blandinmu
2619 5443 2943 5519 monachum
2974 5450 3030 5502 in
3066 5446 3316 5504 Miracul.
3352 5447 3414 5503 S.
3448 5449 3666 5519 Agatho:
3702 5443 3838 5519 υἷι-9.

2253 5525 2304 5588 et
2337 5529 2701 5588 martyr.cap.
2724 5514 2793 5588 ἓξ
2827 5514 3045 5588 Ligulas
3082 5527 3239 5573 vocat
3276 5514 3599 5588 appellativo
3628 5514 3837 5583 Caesar,

2250 5583 2346 5638 lib.
2385 5600 2441 5658 tu
2472 5583 2545 5638 De
2575 5587 2706 5639 bello
2750 5583 3252 5658 Gallfbujusmodi
3287 5583 3404 5644 loca
3437 5589 3493 5658 in
3535 5589 3758 5658 longum
3805 5605 3837 5643 a

2250 5654 2567 5710 continente
2616 5658 2669 5709 in
2723 5672 2873 5711 mare
2922 5654 3276 5725 exporrecta;
3312 5668 3371 5714 ut
3409 5669 3461 5712 et
3485 5654 3672 5712 Victor
3718 5655 3842 5712 Uti-

2250 5726 2455 5788 censis,
2489 5726 2581 5778 lib.
2610 5742 2625 5780 ι
2662 5725 2733 5778 De
2755 5739 3013 5794 persecat.
3046 5727 3275 5783 Vandal.
3305 5745 3324 5783 :
3360 5728 3491 5782 Dum
3519 5730 3586 5784 ad
3616 5726 3835 5783 Massa-

2252 5794 2662 5872 litauumlitms
2696 5798 2887 5872 egisset
2913 5798 3103 5872 ,Aquod
3133 5798 3335 5872 Ligula
3364 5800 3502 5872 vulgi
3547 5815 3831 5855 consueu-

2253 5814 2481 5848 manum
2513 5814 2662 5851 unus
2696 5814 2721 5850 ρ
2760 5814 2885 5852 isset
2913 5840 2927 5862 ,
2966 5814 3103 5869 quoa
3133 5814 3323 5870 Ligula
3364 5817 3368 5853 λ

2253 5866 2376 5919 dine
2402 5867 2679 5923 vocitatur.
2716 5814 2850 5925 gide
2877 5867 3041 5939 inl'ra,
3081 5885 3204 5942 pag.
3241 5868 3368 5927 569.
