4050 6426
221 320 302 385 εει
1466 313 1881 376 ALEXIADIS
1909 313 2057 374 LIB.
2095 315 2210 375 III.

2069 215 2094 236 ο

3410 321 3522 388 322

219 441 389 507 picto,
449 433 514 488 αἱ
568 449 634 487 τε
699 432 885 488 κῶπαι
945 430 1057 486 τῶν
1113 429 1459 502 προσκὼπων
1522 430 1818 485 καθιέντων

1927 429 2155 500 ingruit.
2202 429 2408 486 Nivalis
2465 439 2584 488 erat
2636 431 2811 489 imber
2862 433 3050 507 largus
3083 443 3137 492 et
3190 437 3514 502 vehemens.

213 530 546 603 ἐθραύοντο,
614 527 740 581 τάθ“
803 530 952 580 ἱστία
1011 524 1506 597 διαϐιϐρώσκοντες
1566 519 1707 594 ἦσαν
1768 525 1818 576 οἱ

209 629 418 694 ἄνεμος,
455 623 512 674 at
540 621 604 675 δὲ
645 623 866 692 κεραῖαι
895 619 1280 690 συνθλῶμεναι
1317 617 1462 672 κατὰ
1515 614 1610 670 τοῦ
1643 632 1816 670 κατα·

217 718 538 789 στρώματος
572 712 840 778 ἔπιπτον,
895 713 995 767 καὶ
1034 710 1311 781 αὔτανδρα
1355 709 1458 780 ἠδη
1510 707 1578 760 τά
1631 708 1818 774 σκάφη

226 808 700 873 κατεποντίζοντο,
738 807 842 863 κᾶν
873 807 1066 877 θέρους
1098 805 1215 874 ὥρα
1253 801 1320 876 ἦν
1363 802 1500 872 (55),
1537 800 1634 854 τοῦ
1665 801 1817 870 ἡλίου

232 906 319 960 τδν
343 903 596 974 καρκίνον
637 900 746 971 ἤδη
784 899 1150 971 παρελθόντος
1187 899 1282 952 καὶ
1313 899 1451 968 πρὸς
1483 897 1574 950 τὸν
1606 895 1819 948 Λέοντα

231 995 606 1064 ἐπειγομένου,
661 993 826 1045 ὁπότε
883 991 977 1044 καὶ
1024 991 1122 1059 τὴν
1191 990 1284 1043 τοῦ
1345 989 1506 1050 κυνὸς
1562 987 1819 1057 ἐπιτολὴν

223 1086 352 1144 εἶναί
400 1102 606 1155 φασιν.
656 1083 1053 1152 Ἐταράττοντο
1105 1079 1198 1138 οὖν
1247 1083 1486 1148 ἅπαντες
1519 1081 1807 1154 ἐξαπορούι

212 1197 387 1250 μενοι,
418 1180 522 1232 καὶ
560 1178 670 1230 οὐκ
726 1173 874 1248 εἶχον
923 1177 950 1228 δ
983 1193 1037 1229 τι
1081 1177 1176 1229 καὶ
1200 1175 1480 1247 δράσαιεν,
1534 1175 1816 1244 πολεμίοις

204 1273 482 1334 τοιούτοις
517 1267 1028 1323 ἀντικαθίστασθαι
1091 1269 1166 1338 μὴ
1199 1267 1510 1337 δυνάμενοι.
1567 1267 1742 1339 Θροῦς
1772 1266 1814 1320 δ’

199 1365 417 1434 ἐπῆρτο
452 1362 666 1425 πολὺς,
706 1359 966 1431 ᾤμωζον,
1003 1361 1353 1422 ἐποτνιῶντο,
1389 1359 1748 1430 ἐθεοκλήτουν
1775 1360 1819 1391 ⁸⁸

199 1457 334 1509 Θεὸν
390 1455 646 1524 Σωτῆρα
693 1452 1126 1523 ἐπικαλούμενοι
1174 1454 1269 1506 καὶ
1300 1452 1398 1524 τὴν
1434 1453 1662 1524 ἤπειρον
1693 1451 1821 1505 θεάο

207 1548 405 1602 ξασθαι
449 1548 799 1616 ἐπηύχοντο.
843 1547 905 1600 ’0
931 1546 987 1599 δὲ
1020 1547 1232 1600 κλύδων
1263 1546 1398 1608 τέως
1424 1547 1526 1599 οὐκ
1561 1547 1816 1608 ἐνεδίδου,

211 1639 504 1709 μηνίοντος
538 1638 745 1709 ῶσπερ
773 1636 868 1690 τοῦ
897 1637 1034 1690 Θεοῦ
1077 1639 1213 1708 πρὸς
1239 1639 1301 1691 τὶ
1332 1638 1428 1692 τοῦ
1473 1639 1818 1710 Ῥομπέρτου

207 1731 520 1785 ἀκάθεκτον
576 1733 677 1783 καὶ
729 1730 1040 1800 ὑπέρογκον
1104 1732 1372 1802 φρύαγμα
1424 1731 1520 1784 καὶ
1565 1732 1626 1786 τὸ
1665 1733 1817 1795 τέλος

209 1827 266 1877 ἐκ
294 1825 536 1896 πρώτης
580 1825 898 1894 ἀφετηρίας
931 1825 1032 1877 οὐκ
1058 1825 1284 1896 εὐτυχὲς
1318 1827 1817 1896 παραδεικνύοντος

216 1917 322 1986 ἢδη.
365 1917 454 1970 Τὰ
508 1917 625 1987 μὲν
670 1911 766 1969 οὖν
802 1917 909 1970 τῶν
955 1917 1157 1970 πλοίων
1190 1918 1288 1970 σὺν
1315 1918 1502 1982 αὐτοῖς
1534 1919 1817 1989 πλωτῆρσι

219 2009 656 2080 κατεποντίσθη,
708 2009 782 2063 τὰ
824 2011 880 2063 δὲ
932 2012 1054 2073 ταῖς
1106 2013 1301 2075 ἀκταῖς
1360 2011 1816 2084 προσαραχθέν’τα

220 2097 576 2167 σρνεθλάσθη.
631 2098 758 2151 Τῶν
803 2098 861 2152 δέ
899 2099 1374 2171 περιστελλουσῶν
1412 2103 1538 2166 τοὺς
1572 2104 1818 2174 πύργους

221 2189 420 2258 βυρσῶν
454 2189 571 2242 ὑπὸ
607 2187 705 2242 τοῦ
757 2189 914 2243 ὑετοῦ
951 2190 1356 2262 χαλαρωτέρων
1411 2198 1733 2264 γεγονυιῶν,
1768 2199 1824 2251 οἵ

219 2297 267 2332 τε
295 2276 417 2350 ἧλοι
447 2279 567 2332 τῶν
599 2279 830 2334 οἰκείων
881 2281 1064 2334 τόπων
1095 2282 1413 2354 ἐξέστησαν,
1470 2286 1566 2340 καὶ
1614 2287 1676 2340 τὸ
1731 2290 1820 2341 ἐν·

217 2373 392 2428 τεῦθεν
438 2375 498 2428 αἱ
560 2372 776 2444 βύρσαι
827 2372 993 2444 βάρος
1051 2376 1332 2447 είληφυῖαι
1381 2381 1510 2443 τοὺς
1571 2378 1816 2444 ξυλίνους

220 2467 451 2528 ἐκείνους
484 2465 756 2538 πύργους
786 2467 928 2537 ταχὺ
963 2468 1356 2540 περιέτρεψαν,
1397 2471 1494 2524 καὶ
1527 2476 1814 2547 καταρρα-

225 2561 392 2624 γέντες
422 2560 532 2623 τὰς
575 2557 722 2623 ναῦς
763 2561 1092 2616 κατέδυσαν.
1131 2562 1205 2614 Τὸ
1251 2563 1307 2615 δέ
1358 2581 1422 2632 γε
1464 2565 1672 2634 σκάφος
1703 2566 1816 2636 (56)

224 2656 276 2707 ἐν
306 2647 394 2722 ᾧδ
439 2652 808 2723 Ῥομπέρτος
837 2652 988 2723 ὲνῆν,
1041 2653 1420 2724 ἡμίθραυστον
1458 2657 1684 2725 γεγονὸς
1722 2659 1820 2727 μό-

222 2766 296 2815 γις
329 2747 572 2818 διεσώθη
606 2761 624 2776 ⁸
679 2743 974 2816 ἐσώθησαν
1007 2745 1066 2800 δὲ
1101 2747 1190 2798 καί
1238 2764 1386 2810 τινες
1420 2749 1528 2801 τῶν
1573 2750 1818 2804 ὁλκάδων

220 2839 304 2890 σὺν
334 2840 448 2898 τοῖς
480 2835 788 2904 πλωτῆρσι
835 2835 1178 2905 παραδόξως.
1212 2837 1449 2899 Πολλοὺς
1497 2840 1598 2907 μὲν
1631 2835 1724 2892 οὖν
1783 2842 1815 2910 ἡ

219 2928 454 2982 θάλασσα
489 2928 538 2957 ⁸⁷
579 2926 963 2980 ἀποπτύσασα
1001 2926 1066 2990 ⁸⁸,
1093 2928 1194 2980 οὐκ
1221 2928 1378 2995 ὀλίγα
1425 2929 1482 2982 δέ
1525 2929 1816 3000 βαλάντια,

215 3021 301 3071 καὶ
329 3019 469 3074 ἄλλα
509 3022 585 3072 τα
643 3017 709 3083 ἐξ
763 3009 841 3070 ὧν
896 3019 958 3069 τὸ
1015 3020 1273 3072 ναυτικὸν
1321 3021 1414 3073 τοῦ
1469 3023 1816 3095 Ῥομπέρτου

1922 524 2068 577 venti
2106 539 2172 577 ex
2209 523 2489 578 montibus
2529 524 2698 578 validi
2729 539 2880 582 mare
2911 528 3208 598 perﬂantes
3263 548 3514 592 commo-

1929 618 2130 669 vebant
2161 631 2188 668 a
2233 614 2420 679 fundo,
2455 617 2809 686 surgentibus
2846 622 3180 677 immensum
3232 639 3356 681 eum
3385 628 3516 684 hor-

1921 708 2093 761 rendo
2127 707 2345 776 fragore
2393 706 2678 765 ﬂuctibus.
2725 710 3149 781 Frangebantnr
3189 721 3394 787 passim
3457 723 3512 776 in

1924 801 2308 869 remigantium
2345 800 2600 856 manibus
2643 804 3213 879 remi,diseerptisque
3239 823 3514 868 momento

1922 892 1972 943 vi
2016 902 2307 944 ventorum
2349 893 2486 946 velis
2547 895 2904 950 comminuta:
2955 909 3207 954 antennae
3261 901 3318 954 in
3361 902 3515 959 foros

1921 985 2240 1038 cadebant:
2289 1001 2458 1042 naves
2511 985 2646 1058 ipsa:
2693 1003 2818 1042 cum
2859 990 2990 1044 viris
3038 991 3246 1047 haustae
3298 1010 3516 1066 merge-

1923 1079 2144 1132 bantur.
2182 1078 2374 1134 Incidit
2409 1083 2497 1136 hic
2532 1096 2696 1137 casus
2728 1083 2912 1138 aheno
2939 1093 3186 1155 tempore
3221 1105 3233 1140 :
3264 1098 3514 1144 aestatem

1922 1181 2119 1240 agente
2151 1187 2322 1234 anno,
2356 1173 2580 1243 soleque
2610 1185 2732 1244 post
2769 1174 3045 1230 Cancrum
3083 1193 3280 1248 magna
3307 1181 3421 1247 jam
3445 1196 3510 1236 ex

1923 1274 2073 1334 parte
2103 1265 2337 1330 obitum,
2369 1265 2438 1319 ad
2471 1266 2710 1322 Leonem
2746 1267 3070 1332 festinante,
3106 1271 3253 1339 quod
3285 1281 3515 1342 tempus

1920 1373 2040 1411 esse
2071 1359 2226 1412 aiunt
2277 1359 2582 1414 exorientis
2636 1361 2931 1417 caniculae.
2963 1361 3160 1417 Gravis
3220 1363 3347 1419 hinc
3395 1382 3522 1436 per-

1922 1449 2166 1502 turbatio
2203 1448 2411 1502 invasit
2446 1449 2654 1504 milites
2703 1451 2867 1518 juxta
2909 1454 3192 1522 ducesque
3247 1455 3516 1510 adversus

1923 1541 2025 1592 hoc
2059 1555 2262 1594 novum
2291 1556 2470 1608 genus
2503 1552 2578 1596 tot
2615 1544 2924 1613 taliumque
2957 1546 3202 1600 hostium
3234 1563 3332 1601 nee
3355 1563 3515 1616 pares

1922 1649 2021 1688 nec
2049 1647 2295 1704 paratos.
2331 1635 2472 1707 Ergo
2502 1639 2556 1692 in
2591 1655 2788 1708 magna
2818 1643 3275 1699 consternatione
3302 1644 3516 1714 inopia-

1921 1744 2028 1797 que
2072 1730 2289 1784 consilii
2331 1731 2535 1801 passim
2591 1734 2864 1799 omnium,
2917 1735 3207 1789 confusum
3257 1737 3517 1791 exaudie-

1923 1820 2082 1872 batur
2114 1837 2364 1875 murmur
2417 1837 2446 1874 e
2498 1823 2676 1876 mistis
2729 1824 2929 1893 partim
2979 1824 3252 1890 ﬂentium,
3311 1828 3512 1896 partim

1921 1915 2294 1982 querentium,
2329 1915 2527 1984 partim
2561 1913 2730 1969 Deum
2757 1915 3097 1972 Salvatorem
3136 1919 3512 1974 invocantium

1925 2007 2187 2072 vocibus;
2246 2017 2482 2076 votaque
2527 2007 2847 2062 facientium
2903 2020 2961 2064 ut
3013 2013 3209 2066 saltem
3267 2022 3516 2082 Spectaro

1925 2104 2130 2148 terram
2181 2096 2428 2150 daretur.
2483 2096 2616 2163 Quae
2673 2101 2854 2152 omnia
2899 2103 3035 2154 mari
3081 2104 3250 2158 surdo
3295 2105 3517 2157 haurie-

1925 2187 2145 2250 bantur,
2181 2187 2359 2242 nihilo
2396 2189 2679 2244 remissius
2718 2193 2980 2245 saeviente
3026 2203 3353 2263 tempestate
3389 2213 3402 2249 :
3454 2202 3514 2249 ut

1921 2285 2058 2337 satis
2111 2293 2406 2352 appareret
2464 2283 2737 2338 infensum
2805 2285 2976 2340 Deum
3035 2289 3288 2355 superbis
3348 2298 3514 2358 atque

1923 2377 2239 2430 immodicis
2276 2375 2498 2430 Ruberti
2529 2379 2706 2437 ausis.
2739 2378 2844 2432 hac
2899 2379 2952 2430 in
3011 2379 3150 2446 ipsis
3193 2380 3514 2434 carceribus

1922 2469 2228 2522 otiensione
2271 2470 2545 2532 ominosa,
2582 2470 2881 2523 admonere
2911 2471 3158 2524 voluisse
3206 2471 3512 2535 hominem,

1925 2576 1990 2613 ne
2016 2562 2183 2613 alium
2225 2577 2391 2629 quam
2423 2561 2714 2615 ruinosum
2751 2570 3004 2630 speraret
3036 2563 3244 2616 exitum
3284 2564 3514 2630 expedi-

1923 2651 2090 2704 tionis
2150 2650 2438 2720 naufragio
2495 2659 2686 2720 cepta}.
2759 2651 2937 2706 Naves
3000 2667 3134 2722 ergo
3204 2667 3328 2722 pars
3386 2668 3512 2706 cum

1924 2743 2242 2796 vectoribus
2272 2743 2410 2796 mari
2447 2743 2917 2808 absorbebantur,
2948 2759 3077 2814 pars
3113 2743 3515 2815 frangebantur

1927 2836 2081 2888 vadis
2130 2849 2195 2888 ac
2253 2834 2535 2888 littoribus
2567 2836 2721 2889 illisae
2757 2855 2765 2887 :
2808 2852 2870 2890 ac
2925 2851 3051 2891 cum
3126 2840 3280 2904 largo
3337 2839 3514 2890 imbre

1925 2928 2132 2981 mollita
2194 2927 2284 2980 illa
2336 2943 2457 2996 quia:
2512 2927 2751 2980 diximus
2810 2928 3011 2982 bubula
3062 2931 3252 2992 coria,
3308 2929 3512 2998 quibus

1925 3033 2104 3074 turres
2137 3023 2330 3091 ligneae
2360 3025 2710 3090 tegebantur,
2747 3021 2798 3072 in
2827 3021 2979 3076 laxos
3008 3021 3318 3077 dilﬂuerettt
3351 3023 3510 3076 sinus

221 3112 626 3186 ουνεπεφέρετο
676 3109 813 3178 περὶ
852 3109 953 3179 τὴν
979 3109 1204 3180 ψάμμον
1253 3115 1627 3184 κατέστρωσε.
1679 3116 1817 3179 Τοὺς

1929 3116 2227 3183 clavesque
2266 3113 2468 3182 quibus
2508 3111 2668 3166 aﬂixa
2710 3114 2856 3182 ligno
2891 3115 3110 3167 fuerant
3152 3116 3267 3166 suis
3319 3114 3516 3168 loculis

221 3201 398 3270 μέντοι
425 3201 669 3270 νεκροὺς
693 3201 747 3252 οἱ
781 3201 1054 3263 σωθέντες
1080 3202 1532 3272 περιστέλλοντες
1557 3204 1815 3270 ἔθαπτον,

223 3293 513 3346 τάντεῦθεν
548 3291 761 3360 πολλῆς
803 3293 900 3362 τῆς
937 3293 1002 3345 ἐκ
1043 3291 1248 3346 τούτων
1276 3294 1545 3359 δυσωδίας
1607 3297 1817 3368 ἐμπίμ-

232 3384 452 3437 πλαντο.
478 3384 554 3436 Οὐ
584 3384 699 3454 γὰρ
734 3385 867 3453 ἐνῆν
889 3383 1071 3446 αὐτοῖς
1102 3383 1390 3451 τοσούτους
1423 3387 1621 3455 ῥαδίως
1649 3391 1818 3443 ἐνσω-

1926 3207 2214 3271 vellerent,
2268 3205 2395 3258 hinc
2428 3205 2540 3274 jam
2589 3214 2753 3259 vastae
2818 3206 2988 3274 pelles
3050 3207 3218 3273 largis
3275 3206 3514 3260 sinubus

1926 3313 2058 3351 aura
2092 3307 2382 3366 concepta,
2417 3305 2747 3368 sumptoque
2773 3298 3013 3368 pondere
3045 3297 3205 3352 facile
3238 3309 3415 3352 turres
3453 3299 3507 3352 itt

1927 3391 2143 3444 ruinam
2173 3389 2466 3444 trahebant
2493 3403 2510 3442 :
2538 3389 2918 3458 machinaeque
2950 3389 3202 3458 ingentes
3235 3399 3350 3442 tum
3381 3403 3514 3443 casu

243 3475 431 3543 ριάααι
456 3474 529 3527 ⁸³.
551 3476 670 3527 τῶν
699 3474 798 3529 οὖν
829 3475 1097 3547 ἐδοδίμων
1128 3475 1175 3508 ⁷ο
1205 3477 1462 3531 ἁπάντων
1489 3479 1820 3548 ἀφανισθέν-

239 3586 375 3630 των,
419 3568 558 3636 τάχα
591 3566 650 3620 ἂν
679 3571 772 3621 καὶ
823 3567 931 3621 ὑπὸ
966 3569 1132 3640 λιμοῦ
1164 3571 1542 3640 διεφθάρησαν
1589 3573 1640 3625 oi
1679 3573 1821 3635 τέως

228 3660 520 3722 σωθέντες,
571 3662 622 3712 εί
664 3662 744 3731 μὴ
779 3663 850 3714 τὰ
883 3661 1013 3732 λήῖα
1049 3664 1230 3716 πάντα
1267 3665 1362 3717 καὶ
1415 3665 1466 3717 οι
1505 3664 1692 3735 ἀγροὶ,
1724 3667 1820 3719 καὶ

211 3753 266 3803 οἱ
322 3754 496 3822 κῆποι
555 3755 667 3815 τοῖς
720 3753 963 3823 καρποῖς
1014 3752 1251 3824 έδριθον.
1309 3754 1520 3808 Συνετὰ
1573 3754 1674 3826 μὲν
1727 3754 1822 3808 οῦν

205 3846 388 3900 ταῦτα
421 3842 566 3917 ἦσαν
603 3848 722 3909 τοῖς
749 3845 794 3876 ⁷¹
867 3845 1158 3914 φρονοῦσιν
1219 3847 1416 3919 ὀρθῶς,
1464 3848 1556 3901 τὸν
1600 3848 1656 3902 δέ
1707 3847 1826 3901 Ῥοο

222 3942 478 4010 μπέρτον
498 3938 665 3992 οὐδὲν
703 3938 815 3992 τῶν
843 3940 1147 4008 γεγονότων
1175 3940 1362 4009 ἐφόϐει
1388 3939 1822 4011 ἀκαταπτοήτως

211 4033 405 4101 έχοντα
448 4034 548 4085 καὶ
606 4033 690 4093 εἰς
739 4031 1016 4098 τοσοῦτον,
1067 4027 1245 4099 οἶμαι,
1293 4035 1395 4104 τὴν
1441 4031 1588 4104 ζωὴν
1640 4031 1822 4102 ἐαυτῷ

218 4119 507 4189 διαρκέσαι
570 4119 967 4189 ἐπευχόμενον,
1022 4121 1108 4189 ἐφ’
1133 4122 1258 4174 ὅσον
1314 4122 1450 4191 πρὸς
1501 4123 1596 4185 οὓς
1646 4123 1847 4176 ἐθέλει-

224 4213 495 4281 ειαχεσθαι
547 4212 780 4265 δύναιτο
818 4211 905 4265 ἄν.
955 4211 1152 4265 Ἔνθεν
1189 4230 1272 4267 τοι
1303 4218 1399 4268 καὶ
1457 4214 1552 4268 τοῦ
1593 4232 1818 4288 προκει-

1931 4225 2136 4281 tudinis
2190 4231 2398 4277 temere
2448 4220 2614 4275 simul
2675 4221 2885 4291 sparsis
2947 4234 3044 4287 per
3098 4233 3344 4274 arenam.
3404 4217 3513 4271 Nec

218 4305 380 4370 μένου
413 4299 638 4354 σκοποῦ
667 4300 823 4353 οὐδὲν
859 4300 904 4331 ⁷⁸
933 4302 1198 4373 άπεῖρξεν
1230 4305 1416 4357 αὐτόν.
1454 4305 1620 4358 Ἀλλά
1682 4305 1818 4376 μετὰ

1928 4317 2100 4386 pietas
2133 4311 2495 4382 superstitum
2521 4318 2776 4378 suscepta
2812 4307 3068 4362 funerum
3102 4324 3233 4362 cura
3261 4307 3514 4363 subicere

207 4396 326 4448 τῶν
380 4396 686 4449 σωθέντων
742 4391 905 4465 (ἦσαν
961 4399 1072 4467 γάρ
1124 4414 1271 4461 τινες
1319 4400 1367 4452 oi
1426 4400 1566 4453 Θεοῦ
1623 4401 1818 4474 ἀμάχῳ

1929 4409 2160 4464 libitinae
2219 4415 2489 4476 poterat:
2544 4404 2802 4472 quoniam
2853 4413 3051 4471 praeter
3107 4402 3511 4455 intolerandum

203 4488 452 4559 δυνάμει
503 4487 609 4540 τοῦ
643 4487 894 4541 κινδύνου
945 4489 1262 4560 ρυσθέντες)
1314 4492 1553 4565 ἑϐδόμην
1603 4495 1818 4565 ἡμέραν

1932 4474 2366 4569 fastorum—ipse
2414 4495 2828 4552 condendorum
2869 4505 3014 4549 terra
3069 4510 3364 4564 corporum
3409 4511 3514 4548 nu-

209 4583 298 4643 si;
321 4585 424 4651 τὴν
456 4580 831 4646 Γλαόινίτζαν
866 4582 977 4653 (57)
1007 4584 1443 4654 ἐγκαρτερήσας,
1476 4587 1562 4656 ἐφ’
1586 4580 1632 4657 ᾧ
1661 4587 1818 4642 αὑτὸν

1933 4610 2118 4652 merus
2146 4608 2364 4649 omnem
2398 4590 2780 4660 sepelientium
2810 4589 3149 4659 diligentiam
3184 4603 3248 4642 ac
3278 4589 3514 4643 faculta-

211 4674 692 4741 ἀνακτήσασθαι,
749 4672 1116 4728 διαναπαῦσαι
1174 4675 1230 4728 δὲ
1273 4678 1367 4729 καὶ
1415 4679 1542 4740 τοὺς
1597 4681 1663 4731 ἐκ
1727 4679 1818 4732 τοῦ

1938 4700 2044 4746 tem
2067 4688 2226 4758 longe
2259 4683 2577 4754 superabat.
2603 4682 2739 4737 Cum
2773 4697 2902 4736 vero
2924 4691 3188 4751 praeterea
3224 4690 3515 4738 comeatus

205 4768 503 4830 κλύδωνος
535 4766 641 4834 τῆς
672 4765 943 4836 θαλάττης
974 4767 1366 4836 διασωθέντας,
1398 4771 1601 4839 φθάσαι
1641 4773 1698 4825 δὲ
1727 4773 1818 4825 καὶ

1928 4781 2110 4838 omnis
2149 4785 2448 4847 corruptus
2481 4773 2648 4830 undis
2672 4783 2768 4827 aut
2807 4783 3132 4842 assumptus
3168 4781 3339 4838 esset,
3371 4772 3515 4828 tame

205 4863 348 4922 τοὺς
390 4862 478 4923 εἰς
535 4860 598 4910 τὸ
650 4857 977 4930 Βρεντήσιον
1036 4862 1502 4932 καταλειφθέντας
1558 4866 1654 4918 καὶ
1714 4867 1818 4936 μὴν

1931 4876 2272 4945 pereundum
2306 4871 2496 4939 ejectis
2531 4867 2814 4938 naufragis
2853 4865 3057 4933 fuerat,
3109 4867 3240 4933 nisi,
3283 4876 3341 4920 ut
3381 4867 3510 4920 anni

1923 3489 2057 3554 ipsae
2095 3497 2194 3538 suo
2247 3481 2692 3544 conterebantur,
2748 3488 2864 3534 tum
2925 3495 3093 3534 naves
3142 3481 3288 3534 mole
3343 3490 3510 3548 atque

1924 3578 2134 3648 impetu
2171 3578 2462 3647 depressas
2512 3574 2564 3627 in
2612 3572 2944 3642 profundum
2979 3575 3320 3638 mergebant.
3363 3571 3514 3625 Prat-

1927 3671 2070 3728 toria
2123 3670 2178 3723 in
2231 3683 2339 3738 qua
2370 3665 2645 3719 Robertus
2680 3666 2799 3733 ipse
2853 3665 2961 3718 dux
3022 3674 3140 3717 erat
3195 3664 3280 3717 vix
3343 3664 3514 3716 multo

1927 3766 2162 3833 denique
2218 3762 2407 3815 labore
2462 3758 2774 3814 setnifracta
2833 3765 3048 3811 servata
3097 3763 3224 3810 est:
3281 3767 3514 3810 serrata:

1926 3874 2024 3929 per
2058 3854 2390 3909 miraculum
2433 3859 2488 3904 et
2530 3850 2652 3903 alia:
2711 3851 2960 3918 qtuedam
3005 3849 3292 3901 oneraria).
3343 3846 3512 3901 Porro

1925 3965 2021 4021 per
2047 3949 2231 4001 littora
2259 3943 2570 3998 miserabile
2597 3943 2872 4011 specimen
2899 3941 3173 4003 exstabat,
3209 3940 3509 4008 ejectorntn

1926 4043 2097 4096 fluctu
2135 4040 2466 4093 cadaverum
2505 4043 2722 4104 strages
2755 4034 2986 4103 ingens;
3023 4035 3179 4086 zonis
3207 4032 3319 4102 99
3365 4047 3513 4084 tuar-

1927 4134 2214 4202 supiisque
2245 4145 2308 4184 ac
2342 4137 2540 4182 caetero
2581 4128 2951 4180 instrumento
2979 4127 3280 4181 elassiaria:
3322 4127 3512 4180 multi-

1278 4981 1478 5042 Variaa
1501 4982 1808 5046 lectiones
1854 5004 1940 5048 ex
1966 4986 2112 5048 cod.
2147 4983 2418 5046 Coislin.

303 5104 350 5134 “
380 5102 770 5157 ἐθεοκλύτουν.
850 5106 894 5137 ⁸⁷
923 5106 1187 5160 θαλασσα.
1290 5103 1334 5137 ιδ
1369 5107 1751 5162 ἁποπτύουσα.
1858 5111 1904 5143 ⁸⁸
1935 5109 2280 5162 ἐνσοοιάσαι.
2382 5107 2427 5138 ⁷⁸
2449 5107 2749 5162 ἐδωδίμων.
2849 5108 2893 5139 ⁷³
2921 5107 3056 5160 πᾶσι
3091 5112 3228 5162 τοῖς.
3335 5109 3378 5139 ⁷³
3405 5105 3515 5162 τῶν

231 5175 548 5243 γεγονότων
591 5175 764 5231 οὐδέν.

1858 5111 1904 5143 ⁸⁸
1935 5109 2280 5181 ἐνσοριάσαι.
2382 5107 2427 5138 ⁷⁸
2449 5107 2749 5178 ἐδωδίμων.
2849 5108 2893 5139 ⁷³
2921 5107 3056 5160 πᾶσι
3091 5112 3228 5172 τοῖς.

1317 5291 1456 5353 Car.
1499 5288 1831 5354 Dufresnii
1871 5291 1966 5350 Du
2010 5289 2231 5368 Cangii
2271 5297 2460 5351 notas.

311 5394 416 5458 {53)
450 5396 635 5462 Θέρος
657 5393 779 5462 ὥρα
813 5389 912 5464 ἦν.
949 5391 1082 5446 Vide
1115 5402 1301 5464 notata
1335 5395 1402 5446 ad
1429 5410 1552 5464 pag.
1590 5395 1682 5449 85.

2012 5393 2105 5446 Via:
2136 5391 2389 5446 evadendi
2416 5392 2521 5460 fuit
2554 5391 2823 5459 impertita
2855 5391 3092 5460 facultas

315 5468 419 5534 βυ)
461 5466 541 5532 Td)
577 5465 651 5534 δή
686 5485 751 5537 γε
782 5463 1052 5533 σκάφος.
1112 5463 1443 5519 Guillelntus
1486 5463 1818 5534 Apuliensis,

2011 5482 2126 5552 (57)
2172 5481 2585 5540 Γλαϐινίτζὶιν.
2635 5481 2694 5535 1η
2726 5485 2894 5536 veteri
2946 5484 3148 5538 Notitia
3190 5483 3330 5550 apud
3366 5481 3514 5536 Gea-

249 5533 335 5587 Ht-
369 5533 412 5589 υ
454 5555 466 5590 :
637 5533 644 5534 “
691 5533 701 5537 ⁷
1538 5533 1549 5534 ί
1931 5533 2588 5617 .u.‘.;,*t;t;.t;...itztius
2637 5533 3514 5622 estsusceptis:Dymnus.

312 5628 404 5684 Sed
439 5635 585 5691 duci;
607 5634 804 5691 (εειὶυο
828 5641 1099 5696 perpessa:
1131 5635 1358 5694 tempore
1387 5641 1542 5678 naves
1935 5623 2302 5692 metropoleos
2328 5623 2694 5690 sutfraganea,
2730 5625 3147 5696 Acroceraunia
3167 5628 3310 5696 oti_r_ng
3331 5624 3502 5696 dicta.

306 5702 676 5780 Naufragium,
706 5691 1201 5780 inapedi'erelvt'am,
1233 5691 1456 5766 navique
1475 5696 1748 5780 procellis,
1933 5691 2355 5780 derocerautttu:
2417 5709 2570 5780 vero.
2605 5695 2808 5780 mentio
2845 5701 2968 5780 “est.
3010 5693 3149 5761 apud
3204 5691 3511 5759 zEthicutn,

300 5761 620 5856 Ιπ
645 5761 884 5837 aderat,
945 5767 1332 5822 uehementibus
1366 5761 1600 5835 auctique
1627 5769 1828 5836 fracta,
1936 5766 2200 5819 Antoniu.
2235 5775 2511 5818 auctorem
2543 5761 2676 5816 Itin.
2709 5761 2894 5814 Marit.
2922 5771 3028 5814 etc.
