4050 6412
543 367 651 433 327

1848 367 2074 428 ANN/E
2111 364 2494 426 COMNEN/E

3707 373 3810 436 328

531 497 659 539 cum
711 481 1060 553 equestribus
1110 479 1568 550 pedestribusque
1612 479 1783 550 copiis
1827 493 2114 532 numerum

2225 478 2394 549 μηνὸς
2429 476 2564 548 (61),
2599 476 2698 546 τῆς
2721 475 2993 548 τετάρτης
3050 479 3462 551 ἐπινεμήσεως,
3533 483 3656 548 μεθ’
3716 490 3804 540 ξπ-

532 574 968 637 excedentibus;
1008 573 1310 640 iisdemque
1372 569 1704 640 peritissime
1755 585 1820 623 ex
1865 568 2119 622 militaris

533 663 667 718 artis
704 662 991 731 disciplina
1033 661 1262 714 structis
1307 657 1712 726 ordinatisque,
1770 656 1824 710 in
1876 657 2117 725 speciem

531 757 693 825 plane
717 754 1033 808 terribilem.
1066 750 1185 805 Jam
1210 751 1351 804 enim
1376 757 1497 818 post
1517 747 1856 817 naufragium
1877 749 2022 801 omni
2053 763 2119 803 ex

535 859 687 919 parte
705 847 876 901 coacti
896 845 1096 898 milites
1133 843 1287 912 103
1313 857 1416 894 una
1451 842 1502 894 in
1525 849 1701 894 castra
1725 848 2116 897 convenerant.

531 945 574 994 Δ
604 943 740 993 tnari
792 953 920 993 vero
950 937 1169 991 navium
1203 936 1383 989 omnis
1425 934 1640 1002 generis
1689 949 1750 986 ac
1801 935 1988 985 formae
2036 933 2120 985 in-

532 1049 663 1104 gens
707 1047 994 1096 numerus,
1043 1032 1206 1082 alium
1243 1029 1558 1081 habentium
1591 1026 1897 1080 exercitum
1928 1026 2117 1079 lectis-

531 1127 796 1180 simorum
825 1124 1086 1193 juvenum
1116 1121 1322 1174 navalis
1360 1121 1565 1174 militia:
1598 1120 1922 1189 peritorum,
1955 1117 2118 1171 sedu-

532 1219 585 1272 lo
625 1227 910 1272 nautarum
953 1214 1438 1270 innumerabilium
1489 1212 1799 1266 ministerio
1830 1213 2112 1281 agebatur.

529 1311 606 1364 lta
656 1316 716 1363 ut
777 1309 870 1379 qui
929 1307 1326 1377 Dyrrhachium
1379 1305 1700 1361 obtinebant
1767 1304 2112 1374 praesidiarii,

530 1420 653 1458 eum
680 1419 738 1457 se
761 1410 909 1456 tanta
946 1402 1085 1454 mole
1112 1415 1174 1454 ac
1205 1411 1400 1454 conatu
1437 1401 1543 1468 peti
1575 1397 1812 1466 undique
1847 1397 2114 1464 viderent,

531 1496 774 1552 terriﬁco
825 1494 1137 1565 spectaculo
1185 1501 1263 1546 tot
1314 1494 1558 1552 navium,
1602 1492 2113 1561 machinarumque,

2231 567 2376 619 πέων
2408 569 2501 620 καὶ
2535 567 2719 631 πεζῶν
2747 569 3036 638 δυνάμεων
3066 569 3298 640 ἀριθμὸν
3362 573 3812 642 ὑπερϐαινουσῶν

2228 659 2321 713 καὶ
2345 658 2576 729 φοϐερὸν
2608 659 2736 713 ἰδεῖν
2765 661 2873 714 ἀπό
2912 678 2972 712 τε
3023 660 3119 714 τοῦ
3157 665 3445 732 σχήματος
3488 667 3595 720 άπό
3625 686 3682 721 τε
3714 672 3813 742 τῆς

2229 751 2602 820 στρατηγικῆς
2633 753 3036 812 καταστάσεωςο
3062 753 3160 821 ἤδη
3187 757 3293 822 γὰρ
3327 757 3700 828 ἁπανταχόθεν
3725 762 3813 816 αὖ·

2227 843 2308 903 θις
2327 842 2680 911 συνήθροιστο
2695 844 3032 913 στράτευμα,
3056 848 3110 896 ὲν
3130 845 3184 897 δὲ
3212 850 3274 916 τῇ
3299 846 3534 916 θαλάττῃ
3561 857 3812 907 παντοῖον

2227 931 2362 996 εἶδος
2386 936 2584 987 πλοίων
2626 937 2745 1004 μεθ’
2769 938 2970 1006 ἐτέρων
2991 941 3340 1006 στρατιωτῶν
3367 944 3661 1012 ἐμπειρίαν
3686 947 3812 997 πολ-

2227 1027 2326 1098 λὴν
2342 1029 2434 1081 τοῦ
2467 1029 2554 1081 διὰ
2585 1029 2859 1099 Θαλάττης
2877 1030 2921 1060 ⁷⁷
2943 1031 3178 1101 πολέμου
3203 1034 3460 1101 ἐχόντων,
3481 1039 3542 1088 τὸ
3559 1039 3812 1092 ναυτικὸν

2227 1121 2392 1173 αὑτοῦ
2425 1121 2760 1185 διεπλοΐζετο
2787 1122 2856 1176 ⁷⁸.
2901 1123 3448 1192 Περιστοιχισθέντες
3507 1129 3551 1160 7’
3615 1125 3709 1181 οὖν
3762 1132 3812 1183 oi

2225 1211 2322 1264 τοῦ
2357 1214 2666 1284 Δυρραχίου
2696 1212 2848 1276 ἐντὸς
2885 1215 2943 1278 ἐξ
2969 1216 3234 1284 ἐκατέρου
3270 1217 3497 1287 μέρους,
3535 1213 3812 1290 θαλάττης

2227 1304 2374 1374 φημὶ
2432 1306 2526 1357 καὶ
2580 1305 2839 1373 ἠπείρου,
2892 1309 2986 1360 καὶ
3041 1308 3474 1378 άπειροπληθείς
3556 1313 3655 1376 τὰς
3712 1314 3810 1367 τοῦ

2239 1397 2583 1467 Ῥομπέρτου
2636 1399 2874 1467 ὁρῶντες
2949 1399 3212 1469 δυνάμεις
3273 1403 3369 1454 κα)⁸
3419 1402 3596 1456 πάντα
3649 1405 3812 1474 λόγον

2223 1488 2697 1558 ὑπερϐαινούσας,
2734 1491 2978 1560 μεγίστῳ
3021 1493 3130 1546 δέει
3162 1494 3474 1563 συνείχοντο
3562 1495 3618 1548 Ὀ
3648 1495 3703 1549 δέ
3749 1515 3812 1564 γε

529 1587 988 1656 multitudineque
1022 1585 1330 1640 incredibili
1382 1585 1665 1638 hominum
1718 1583 1860 1637 haud
1922 1598 2113 1651 parum

2226 1580 2593 1649 Παλαιολόγος
2618 1581 2924 1652 Γεωργιος,
2951 1587 3200 1652 γενναῖος
3233 1583 3310 1638 ὢν
3343 1586 3480 1657 ἀνὴρ
3516 1589 3608 1642 καὶ
3641 1606 3814 1658 στρα-

529 1678 1016 1733 cantur-bareutur.
1050 1675 1196 1730 Nihil
1227 1689 1407 1730 tamen
1455 1678 1558 1730 iSta
1592 1675 1883 1729 movebant
1911 1674 2114 1729 Palaeo-

528 1772 708 1842 lognm
765 1771 1085 1841 Georgium,
1139 1771 1316 1824 virum
1370 1769 1759 1833 fortissimum,
1794 1779 1849 1824 et
1906 1770 2114 1825 bellicis

527 1865 654 1917 olim
705 1864 852 1917 curis
897 1878 962 1917 ac
1007 1863 1269 1932 periculis
1319 1866 1668 1926 exercitum:

531 1957 684 2023 leuga
719 1956 773 2008 in
825 1953 1046 2008 Oriente
1083 1954 1299 2020 militia,
1355 1953 1660 2023 saepissime
1701 1968 1823 2007 cum
1867 1952 2119 2007 hostibus

529 2063 748 2101 manum
776 2048 1036 2114 conserit,
1063 2064 1160 2101 nec
1185 2049 1362 2101 minus
1385 2062 1528 2117 saepe
1574 2046 1760 2111 vineit,
1808 2045 1974 2099 decus
2003 2061 2118 2100 me-

531 2148 713 2218 ruerat
743 2142 1045 2207 palmarum
1093 2139 1474 2208 plurimarum.
1510 2138 1608 2192 llic
1639 2147 1751 2192 tum
1803 2154 1914 2192 suae
1945 2139 2118 2192 virtu-

529 2230 599 2284 tis
644 2232 870 2285 scientia
930 2246 1179 2295 securus,
1233 2242 1379 2284 totus
1410 2238 1528 2284 erat
1588 2231 1640 2283 in
1691 2229 2113 2285 communienda

525 2323 778 2377 civitate:
828 2339 926 2377 nec
983 2324 1188 2376 oblitus
1217 2324 1345 2392 quid
1377 2323 1430 2375 in
1463 2338 1528 2377 eo
1559 2337 1757 2390 genere
1811 2323 1915 2376 sibi
1965 2332 2111 2376 esset

526 2417 595 2469 ab
626 2416 953 2485 imperatore
980 2418 1392 2478 demandatum,
1425 2415 1829 2484 propugnacula
1871 2429 1977 2467 non
2008 2419 2107 2468 de-

527 2509 708 2560 vineta
740 2507 929 2571 claris,
960 2507 1056 2560 sed
1089 2522 1207 2575 quae
1240 2506 1471 2573 impulsu
1507 2505 1678 2558 evolvi
1715 2507 1767 2558 in
1804 2507 2109 2559 ascenden-

526 2605 608 2654 tes
631 2609 854 2666 possent
903 2600 1149 2668 erigebat
1189 2598 1466 2666 undique:
1514 2597 1760 2653 ballistas
1792 2600 2014 2668 insuper
2053 2609 2110 2654 et

528 2691 578 2746 id
607 2695 779 2760 genus
823 2691 1064 2744 murales
1117 2691 1397 2743 machinas
1449 2703 1579 2742 saxa
1621 2687 1956 2756 ejaculantes
2009 2703 2104 2758 per
2184 2690 2444 2743 mt‘enium
2518 2700 2778 2743 coronam
2836 2690 3001 2743 certis
3059 2690 3357 2745 intervallis

2227 1675 2462 1744 τηγικὴν
2493 1677 2674 1726 πᾶσαν
2731 1675 3132 1744 ἐξησκημένος,
3164 1677 3394 1746 μυρίους
3423 1679 3479 1730 δὲ
3534 1681 3812 1750 πολέμους

2225 1767 2637 1835 ἀγωνισάμενος
2670 1767 2876 1819 uari“
2909 1768 3004 1836 τὴν
3039 1767 3180 1834 ”Εω,
3216 1772 3308 1820 καὶ
3338 1770 3563 1840 νικητὴς
3597 1771 3813 1824 ἀναδει·

1720 1863 1922 1932 quique
1985 1862 2113 1915 dum
2155 1867 2190 1918 Β
2218 1858 2389 1928 χθεὶς,
2432 1859 2858 1928 ἀκατάπληκτος
2927 1859 3024 1922 ὢν,
3081 1861 3178 1929 τὴν
3251 1861 3403 1913 πόλιν
3456 1863 3808 1934 κατωχὺρου,

2220 1954 2318 2014 τάς
2348 1969 2407 2004 τε
2457 1951 2710 2017 ἐπάλξεις
2755 1953 3209 2020 κατασκευάζων,
3248 1955 3389 2008 κατὰ
3447 1955 3545 2018 τὰς
3599 1956 3812 2026 amor,-

2224 2047 2466 2118 μοσύνας
2506 2047 2602 2098 τοῦ
2658 2047 3082 2118 αὐτοκράτορος,
3123 2050 3214 2100 καὶ
3238 2047 3534 2112 λιθοϐόλοις
3562 2050 3626 2101 τὰ
3651 2052 3806 2120 τείχη

2221 2137 2591 2191 καταπυκνῶν
2617 2138 3005 2207 μηχανήμασι,
3048 2138 3178 2200 τούς
3210 2156 3267 2190 τε
3321 2141 3807 2204 ἁναπεπτωκότας

2216 2231 2327 2282 τῶν
2359 2230 2710 2298 στρατιωτῶν
2739 2229 3152 2299 ἀνακτώμενος,
3175 2233 3269 2282 καὶ
3311 2233 3552 2295 σκοποὺς
3584 2233 3652 2286 δι’
3675 2235 3804 2286 ὅλου

2219 2323 2584 2391 καταστήσας
2619 2322 2716 2374 τοῦ
2745 2322 2980 2392 τείχους.
3017 2323 3126 2375 Καὶ
3162 2323 3320 2385 αὐτὸς
3339 2323 3402 2392 δὴ
3427 2323 3808 2394 περιπολεύων

2217 2415 2306 2468 διὰ
2336 2417 2514 2484 πάσης
2540 2416 2732 2477 νυκτὸς
2764 2418 2858 2469 καὶ
2897 2417 3114 2487 ἡμέρας
3143 2419 3516 2488 ἐπαγρυπνεῖν
3543 2418 3665 2480 τοὺς
3698 2435 3806 2486 φυ-

2218 2511 2522 2574 λάσσοντας
2556 2512 2985 2581 παρεκελεύετο.

3453 2693 3806 2761 dfs,.onehato

525 2785 668 2853 Quin
715 2784 879 2840 etiam
935 2784 978 2838 si
1036 2799 1175 2852 quos
1229 2796 1370 2837 metu
1412 2786 1694 2853 perculsos
1731 2802 1818 2840 -ac
1898 2795 2172 2855 torpentes
2212 2799 2483 2851 cerneret,
2539 2787 2784 2857 erigebat
2830 2788 3012 2844 verbis
3062 2788 3377 2856 generosis,
3426 2798 3481 2843 et
3521 2806 3582 2843 ex
3621 2791 3806 2844 abun-

526 2887 710 2940 tlantia
756 2881 985 2953 propria:
1029 2879 1368 2936 fortitudinis
1413 2884 1480 2935 ad
1540 2884 1859 2952 ignavorum
1921 2884 2784 2939 corroborationemconferebat.
2857 2885 2999 2939 Nihil
3058 2884 3279 2940 aliunde
3349 2887 3624 2942 cautionis
3701 2894 3803 2941 ant

527 2977 819 3049 diligentia:
849 2975 942 3029 tali
973 2977 1204 3045 tempori
1249 2989 1492 3046 congrue
1545 2975 1822 3030 omittens.
1873 2975 2006 3029 Nam
2060 2988 2113 3031 et
2151 2977 2525 3048 speculatores
2565 2993 2660 3048 per
2693 2995 2908 3033 murum
2947 2981 3054 3034 late
3118 2994 3336 3033 omnem
3387 2979 3621 3033 habebat
3685 2982 3810 3036 dis-

528 3076 779 3148 positos:
817 3081 870 3128 et
903 3073 1017 3142 ipse
1065 3086 1347 3127 murorum
1418 3072 1684 3126 ambitum
1733 3076 2110 3144 stationesque
2148 3078 2415 3132 militares
2448 3085 2613 3130 noctu
2645 3076 2993 3146 interdiuque
3037 3073 3235 3144 saepius
3301 3074 3514 3138 obiens,
3573 3071 3809 3143 vigilate

531 3180 978 3236 unumquemque
1029 3175 1192 3235 atque
1227 3165 1281 3219 in
1319 3167 1778 3236 prapugnationis
1820 3168 2002 3224 cilicio
2032 3169 2257 3235 lubt-bat
2285 3184 2431 3226 esse.

603 3263 679 3317 Eo
713 3262 874 3316 etiam
903 3270 1144 3330 tempore
1169 3261 1443 3331 expedivit
1467 3262 1531 3314 ad
1563 3261 1946 3326 imperatorem
1979 3280 2117 3320 nun-

2292 3265 2609 3339 Τηνικαῦτα
2635 3265 2691 3318 δὲ
2726 3263 2820 3316 καὶ
2841 3263 2930 3316 διὰ
2975 3263 3327 3331 γραμμάτων
3371 3259 3484 3330 (62)
3558 3261 3662 3330 τὴν
3709 3259 3808 3312 τοῦ

531 3357 636 3410 tios
668 3370 789 3410 cum
839 3352 1042 3409 litteris
1074 3354 1438 3422 irruptionem
1464 3350 1709 3420 Roberti,
1767 3357 2114 3427 consiliaque

533 3444 674 3514 ejus,
710 3451 763 3497 et
789 3445 947 3512 plane
977 3444 1254 3497 decretam
1292 3442 1393 3512 ipsi
1419 3447 1875 3512 expugnationem
1921 3447 2119 3517 Dyrra-

530 3539 638 3592 chii
677 3537 1093 3601 nuntiantibus;
1138 3534 1247 3603 jam
1283 3537 1426 3589 enim
1461 3551 1569 3590 non
1610 3540 1725 3606 ipse
1781 3539 1953 3608 magis
1983 3554 2121 3607 pne-

531 3631 656 3684 εἱιιὶἱ
697 3629 1012 3691 l'rzefectus,
1047 3642 1210 3697 quam
1237 3627 1468 3681 tnilitum
1496 3630 1729 3698 quisque
1765 3631 2111 3685 intellexerat

533 3729 652 3775 tum
679 3737 740 3774 ex
777 3721 868 3774 illa
895 3721 1009 3789 ipsa
1037 3727 1146 3772 tam
1177 3719 1530 3774 formidolosa
1555 3737 1899 3791 operosaque
1931 3723 2118 3791 specie

537 3825 602 3866 ac
642 3812 783 3865 mole
824 3810 1224 3871 machinarum,
1272 3809 1572 3878 praesertim
1616 3812 1786 3865 turris
1826 3812 2022 3880 igentis
2055 3812 2123 3866 li-

537 3919 688 3974 gneae
742 3904 876 3972 ipsis
945 3901 1227 3971 Dyrrachii
1289 3902 1462 3954 muris
1537 3901 1774 3964 altioris,
1850 3912 2120 3957 tormenta

540 3997 731 4050 bellica
764 4007 816 4048 et
863 3994 1112 4048 ballistas
1149 3993 1298 4047 saxis
1331 3993 1607 4062 iactandis
1663 3993 1716 4047 in
1771 3992 1992 4062 laSIigio
2028 3995 2123 4048 ha-

541 4091 756 4156 bentis;
791 4100 904 4143 tum
940 4106 1004 4144 ex
1041 4099 1149 4142 tam
1180 4089 1423 4144 studiose
1459 4087 1702 4157 undique
1724 4087 1982 4142 conclusa
2017 4090 2119 4142 cir-

539 4182 953 4237 cumvallatione
983 4181 1221 4236 civitatis
1255 4181 1567 4249 aﬂluxuque
1599 4181 1861 4234 continuo
1889 4180 2120 4234 auxilia-

542 4275 682 4329 rium
715 4290 781 4329 ει
820 4277 969 4330 omni
1019 4283 1174 4345 parte
1225 4273 1530 4344 coyiarum,
1592 4274 1657 4326 ad
1717 4274 1865 4327 illam
1928 4275 1982 4328 in
2005 4275 2122 4329 dies

541 4370 859 4424 arctandam
914 4369 1428 4434 admovendamque
1464 4368 1674 4437 magis:
1731 4377 2013 4437 postremo
2055 4382 2122 4422 ex

537 4477 606 4517 eo
652 4461 800 4532 quod
835 4459 1345 4516 animadvertebant
1376 4475 1441 4514 ex
1491 4461 1717 4514 vastatis
1764 4461 1944 4514 obiter
1975 4459 2124 4514 urbi-

540 4557 640 4610 hus
675 4569 736 4609 ac
788 4555 922 4609 vicis
977 4553 1410 4623 circumpositis,
1469 4553 1801 4621 comportari
1835 4567 1896 4607 ea
1929 4551 2121 4608 sedulo

2238 3357 2577 3426 Ῥομπέρτου
2627 3353 2815 3422 ἔφοδον
2855 3351 3051 3422 ἐδήλου
3077 3352 3154 3420 τῷ
3187 3349 3579 3419 αὐτοκράτορι,
3611 3349 3706 3400 καὶ
3724 3351 3809 3402 ὅτι

2221 3449 2321 3519 τὴν
2355 3449 2510 3500 πόλιν
2534 3447 2916 3517 πολιορκήσων
2959 3445 3018 3497 τὸ
3078 3444 3384 3513 Δυρράχιον
3444 3444 3806 3510 παρεγένετο.

2222 3543 2285 3593 Οἱ
2315 3539 2371 3593 δὲ
2389 3539 2820 3608 ἐντὸς,ὸρῶντες
2845 3537 2942 3598 τάς
2995 3535 3194 3602 ἔξωθεν
3231 3535 3506 3597 ἑλεπόλεις
3557 3537 3652 3586 καὶ
3715 3535 3808 3586 τὸν

2224 3629 2758 3684 κατασκευασθέντα
2791 3626 3150 3696 ὑπερμεγέθη
3181 3625 3389 3695 μόσυνα
3411 3625 3523 3695 (65)
3561 3625 3806 3692 ὑπεραν-

2222 3721 2493 3790 εστηκότα
2533 3720 2631 3774 καὶ
2696 3719 2878 3772 αὐτῶν
2908 3717 3015 3770 τῶν
3036 3717 3130 3770 τοῦ
3179 3717 3221 3747 ⁸³
3247 3717 3552 3788 Δυρραχίου
3581 3714 3795 3782 τειχῶν,

2224 3812 2455 3883 βύρσαις
2483 3830 2544 3864 τε
2568 3811 2913 3882 πανταχόθεν
2937 3812 2982 3842 ⁸²
3016 3813 3567 3879 περιπεφραγμένον,
3603 3807 3698 3861 καὶ
3728 3807 3798 3856 τά

2223 3907 2473 3959 λιθοϐόλα
2504 3907 2880 3976 μηχανήματα
2909 3905 3054 3957 κατὰ
3085 3904 3333 3973 κορυφὴν
3410 3904 3600 3956 τούτου
3641 3905 3770 3956 ἱστά
3791 3935 3803 3944 ~

2227 4013 2388 4066 μενα,
2413 3997 2512 4066 τήν
2559 4012 2618 4048 τε
2659 3996 2841 4048 πᾶσαν
2876 3993 3174 4064 περιὸολὴν
3198 3993 3307 4046 τῶν
3371 3993 3566 4064 τειχῶν
3599 3993 3806 4060 ἔξωθεν

2223 4087 2317 4141 τοῦ
2372 4087 2742 4158 στρατοπέδου
2776 4086 3231 4156 περιζωσθείσαν,
3263 4085 3358 4140 καὶ
3393 4088 3518 4150 τοὺς
3555 4089 3808 4140 ἅπαντα·

2225 4181 2382 4251 χόθεν
2446 4182 2788 4251 συρρέοντας
2855 4180 3181 4250 συμμάχους
3215 4181 3353 4248 πρὸς
3385 4180 3476 4232 τὸν
3517 4176 3805 4252 Ῥομπέρ-

2223 4289 2340 4339 τον,
2373 4273 2468 4325 καὶ
2522 4273 2621 4335 τὰς
2673 4271 3095 4342 παρακειμένας
3154 4270 3340 4334 πόλεις
3388 4271 3446 4336 ἐξ
3495 4273 3810 4344 ἐπιδρομῆς

2227 4364 2605 4434 πορθουμένας
2660 4363 2729 4430 ⁸³,
2776 4364 2886 4416 δέει
2943 4366 3276 4434 συνείχοντο,
3342 4362 3811 4429 διαγινώσκοντες

2226 4458 2326 4529 ήδη
2360 4456 2450 4509 τὸν
2482 4456 2686 4510 σκοπὸν
2707 4455 2802 4508 τοῦ
2819 4456 3014 4518 δουκὸς
3057 4455 3426 4526 Ῥομπέρτου,
3455 4457 3529 4519 ὡς
3581 4455 3686 4509 οὐκ
3713 4459 3811 4509 ἐπὶ

2226 4548 2303 4618 τῷ
2329 4548 2513 4613 πόλεις
2542 4549 2636 4602 καὶ
2659 4549 2844 4619 χώρας
2877 4547 3196 4619 δῃώσασθαι
3249 4549 3345 4601 καὶ
3399 4549 3546 4603 λείαν
3599 4549 3810 4620 πολλὴν

541 4664 663 4718 quae
693 4648 759 4702 ad
806 4662 970 4704 usum
1001 4645 1476 4702 tabernaculorum
1511 4648 1872 4700 castrensium
1897 4652 1950 4698 et
1985 4644 2117 4697 mili-

2229 4642 2293 4692 ἐκ
2315 4639 2518 4692 τούτων
2553 4641 3052 4710 συγκομισάμενος,
3096 4631 3251 4703 αὖθις
3319 4643 3400 4703 εἰς
3468 4641 3808 4710 Ἀπουληῖαν

1543 4787 1742 4848 Varia:
1784 4785 2092 4848 lectiones
2121 4800 2200 4845 ex
2233 4785 2376 4846 cod.
2410 4784 2679 4846 Coislin.

644 4891 688 4920 ⁷’
709 4889 1008 4956 θαλάσσης.
1103 4887 1148 4919 ⁷⁸
1177 4885 1547 4948 διεπλωῖζετο.

1652 4887 1696 4917 ⁷⁸
1728 4887 2255 4956 περιστοιχίσαντες.

2363 4885 2408 4916 ⁸ο
2441 4887 2588 4956 περί.
2687 4887 2730 4920 ⁸¹
2773 4887 2932 4943 Deest
2971 4886 3164 4940 vocula
3209 4890 3325 4943 τοῦ.
3428 4889 3806 4959 ⁸³πανταχοῦ.

544 4962 591 4993 ⁸³
629 4961 1020 5029 πορθουμένας,
1055 4959 1148 5011 καὶ
1182 4959 1280 5020 τὰς
1305 4957 1544 5018 καλύϐας
1574 4957 1783 5009 ἐκεῖθεν
1839 4956 2484 5026 πολλαπλασιαςομένας.

1622 5074 1762 5135 Car.
1799 5072 2121 5134 Dufresnii
2156 5076 2248 5134 Du
2275 5073 2494 5151 Cangii
2535 5081 2724 5135 notae.

622 5181 733 5250 (61)
778 5178 1034 5234 Ἰουνίου
1053 5178 1263 5246 μηνός.
1298 5177 1726 5250 Ordericus,lib.
1756 5191 1835 5250 ylt
1871 5195 1885 5230 :
1917 5177 2112 5250 Deinde

537 5246 812 5320 prosperis
837 5251 1000 5303 ventis
1032 5249 1411 5320 aspirantibus,
1443 5263 1537 5314 per
1560 5263 1717 5320 mare
1742 5246 1979 5320 Dyracio
2019 5263 2119 5314 ap-

551 5318 760 5392 plicuit,
792 5332 850 5392 _et
909 5321 1185 5386 oppidanis
1222 5318 1953 5392 uiriliter“obstantibusum
2013 5321 2118 5392 [ine

550 5386 742 5448 inensis
773 5390 922 5444 Junii
955 5397 1131 5442 urbem
1179 5390 1397 5441 obsedit.
1479 5387 1796 5456 Vnonymus
1864 5386 2118 5443 Barensis

551 5481 642 5517 an.
685 5462 809 5516 l08l
856 5460 957 5515 :lu
992 5475 1160 5512 mense
1184 5458 1336 5511 Junii
1365 5462 1594 5522 pervenit
1635 5459 1763 5528 (dux
1826 5457 2120 5527 ltobertus)

551 5550 640 5601 per
681 5549 824 5585 mare
854 5546 900 5583 et
928 5541 1072 5583 terra
1094 5545 1248 5595 super
1273 5530 1557 5590 Durae/tiu,
1592 5541 1636 5580 et
1683 5531 1970 5597 congiravit
2001 5544 2117 5581 eam

551 5618 641 5668 per
669 5619 809 5654 mare
838 5613 885 5654 et
911 5616 1000 5668 per
1032 5611 1246 5663 terram,
1313 5602 1658 5668 pugnavitque
1703 5615 1762 5651 ea
1812 5616 1928 5651 cum
1982 5601 2119 5651 ntul-

555 5673 963 5790 tiias'machinis.
1021 5670 1215 5723 lltt'ltlll
1279 5686 1407 5723 vero
1467 5669 1751 5724 indictio4
1804 5671 1857 5723 itt
1891 5686 1983 5723 au.
2016 5671 2117 5724 Ch.

630 5808 740 5875 (62)
775 5809 875 5860 Διά
904 5813 1274 5877 τραμμὶτων.
1321 5810 1630 5865 Gaulrcdus
1664 5810 1968 5878 Malatcrra,
2023 5811 2120 5866 lib.

2214 5193 2296 5241 tu,
2327 5191 2451 5246 cap.
2493 5176 2562 5229 25
2603 5194 2617 5230 :

2214 5243 2728 5315 Constantinopolim
2759 5243 2983 5300 Cartula
3014 5249 3264 5312 mittitur,

2220 5316 2411 5371 Hostes
2447 5319 2498 5368 in
2529 5318 2714 5384 prwlio
2741 5317 2926 5385 adfore
2947 5320 3161 5372 dicitur.

2221 5387 2473 5457 Ereptum
2502 5389 2710 5440 veniant
2749 5404 2866 5440 cum
2915 5391 3082 5456 pretio
3111 5390 3386 5457 qtttert'tur.

2231 5456 2306 5510 Ne
2341 5459 2639 5509 subdantur
2665 5459 2923 5512 hostibus.

2299 5529 2410 5597 (65)
2475 5527 2872 5597 ’Υπερμεγέθη
2913 5529 3158 5595 μόσυνα
3225 5527 3391 5582 Guill.
3442 5527 3806 5598 Apuliensls:

2233 5603 2547 5666 Oppugnare
2579 5603 2749 5652 modis
2778 5601 2885 5652 dux
2927 5602 3115 5652 nititur
3147 5603 3387 5654 omnibus
3420 5608 3622 5662 urbem,

2230 5672 2400 5740 Atque
2429 5671 2594 5736 operis
2628 5672 2746 5721 miri
2773 5669 3069 5737 fabricatur
3106 5670 3276 5739 lignea
3307 5675 3469 5724 turris
3501 5687 3519 5734 ;

2233 5745 2386 5795 Hanc
2413 5755 2566 5808 super
2597 5751 2670 5792 est
2700 5741 2876 5807 ingens
2912 5751 3085 5792 erecta
3116 5743 3378 5807 petraria,
3408 5757 3625 5810 magno:

2234 5811 2532 5878 l’rojiciens
2557 5813 2762 5880 jactus,
2797 5819 2853 5862 ut
2887 5813 3076 5864 moenia
3108 5814 3286 5864 diruat
3317 5813 3480 5866 urbis.
