4050 6408
411 276 509 337 339
1707 274 1930 332 ΑΝΝίἘ
1963 273 2340 336 (ὊΜΝΕΝΕ

3567 288 3670 351 310

411 399 556 451 dolis
613 407 901 462 tamenaut,
951 406 1004 451 ct
1065 396 1154 450 alii
1214 395 1454 448 circum.
1521 402 1682 446 antea
1743 391 1984 446 Rohcrto

2092 389 2182 440 ἐπὶ
2212 390 2332 442 δυσὶ
2361 395 2494 464 μησὶ
2523 396 2654 466 πρὸς
2687 398 2778 450 τὸν
2809 399 3005 470 λιμένα
3028 401 3124 471 τῆς
3170 402 3380 473 Ἱεριχὼ
3414 406 3675 475 ηὕτρεπίκ

411 490 730 560 vectigales,
765 499 951 558 aperte
976 490 1286 544 detrectare
1319 487 1509 541 tributi
1549 484 1983 554 pensitationem

411 585 531 638 ausi
570 584 681 651 jam
713 593 864 638 sunt.
900 582 1059 637 Unde
1089 581 1367 636 Robertus
1411 581 1524 633 cito
1563 578 1740 632 sensit
1796 577 1986 644 quanti

413 673 676 727 t'nmuenti
707 674 875 727 maris
906 676 1224 743 imperium,
1263 681 1357 726 aut
1387 673 1579 724 saltem
1635 686 1769 725 usus
1823 669 1984 731 liber,

410 767 512 833 ipsi
544 764 774 819 essctad
819 781 1000 821 rerum
1031 782 1254 820 suarum
1291 782 1396 819 non
1426 765 1600 819 solum
1636 764 1856 820 famam.
1891 764 1988 818 sed

411 856 575 908 etiam
607 858 862 919 salutem,
903 872 1335 926 successumque
1359 864 1664 924 ceptorum.
1687 855 1989 910 Constituit

411 964 544 1018 ergo
589 961 852 1004 renovato
892 950 1100 1018 impetu
1149 950 1349 1003 bellum
1389 950 1586 1002 iterum
1639 957 1782 1003 terra
1823 947 1987 1003 simul

411 1042 662 1110 marique
695 1057 931 1096 movere.
969 1039 1083 1094 Non
1114 1051 1293 1094 tamen
1324 1041 1494 1092 altum
1527 1040 1711 1094 statim
1761 1039 1936 1092 tenuit
1969 1055 1983 1090 :

411 1136 670 1203 quoniam
707 1135 795 1204 qui
831 1145 959 1189 tunc
989 1151 1140 1188 mare
1169 1135 1426 1189 tenebant
1447 1134 1590 1187 venti
1615 1133 1985 1197 vehementes,

411 1229 674 1280 memoria
713 1228 794 1281 illi
832 1227 1142 1281 refricanda
1173 1227 1444 1295 naufragii
1485 1228 1772 1293 pt-mteriti,
1811 1223 1983 1280 futuri

412 1319 642 1374 alterius
687 1332 886 1373 metum
924 1319 1295 1374 incusserant.
1329 1319 1548 1374 Duobus
1576 1319 1743 1391 igitur
1778 1320 1986 1375 utensi-

410 1415 512 1465 bus
531 1421 689 1480 portu
715 1427 774 1465 se
804 1411 1078 1464 continuit.
1108 1412 1259 1465 urbis
1279 1410 1520 1475 Jerit-ho,
1546 1427 1739 1482 magna
1769 1412 1985 1468 interim

409 1519 541 1558 cura
602 1520 665 1558 ac
725 1506 1004 1575 diligentia
1055 1519 1114 1559 sc
1162 1519 1488 1574 comparans
1541 1505 1607 1559 ad
1663 1505 1885 1569 bellum,
1929 1517 1988 1562 ut

410 1598 545 1656 dixi,
572 1599 844 1651 matilima
869 1597 1206 1666 eoujmictim
1241 1598 1598 1667 terrestrique
1624 1598 1990 1667 impressione

409 1691 855 1745 instaurandum.
880 1691 1064 1745 Nihilo
1098 1707 1229 1743 vero
1264 1692 1487 1762 segnius
1516 1692 1869 1748 remissiusve
1892 1707 1990 1761 per

409 1787 462 1838 id
525 1792 740 1852 tempus
789 1781 1010 1838 Venetae
1051 1783 1422 1852 Romanreque
1481 1785 1686 1840 classes
1745 1790 1988 1839 claustra

414 1880 583 1932 maris
619 1880 968 1940 obtinebant,
1003 1877 1262 1932 transitui
1302 1877 1585 1931 hostilium
1637 1879 1855 1932 navium
1908 1879 1990 1933 in-

411 1978 579 2023 tentae
641 1968 986 2037 prohibendo
1031 1986 1043 2022 :
1100 1983 1241 2037 quae,
1289 1977 1349 2022 ut
1398 1968 1695 2036 primulum
1757 1970 1987 2024 remissa

411 2071 736 2131 tempestate
767 2063 986 2131 patiens
1019 2059 1391 2130 navigationis
1421 2075 1610 2128 aequor
1659 2077 1782 2116 esse
1831 2077 1992 2130 cepe-

409 2166 516 2221 rat,
545 2171 613 2212 ex
645 2155 794 2209 Italia
816 2155 1178 2209 transfretare
1205 2153 1270 2206 ad
1296 2151 1594 2206 Rohertnm
1617 2154 1986 2208 conabantur:

408 2248 504 2304 sed
537 2264 634 2315 per
686 2247 1003 2302 obsidentes
1053 2246 1237 2298 littora
1288 2253 1529 2309 nostros,
1575 2246 1800 2300 minime
1835 2257 1987 2314 potc~

406 2348 550 2394 rant.
579 2340 720 2405 Quin
751 2354 852 2392 nec
876 2347 1018 2391 terra
1047 2335 1423 2391 frumentatio.
1449 2337 1744 2407 ceterique
1763 2349 1987 2392 vectura

408 2441 778 2492 commeatus,
814 2430 993 2485 facilis
1026 2430 1269 2484 Boberto
1297 2439 1433 2495 erat,
1472 2431 1630 2498 cujus
1661 2440 1839 2485 castra
1876 2448 1989 2486 me.-

406 2533 519 2576 tata
549 2523 614 2575 ad
641 2523 862 2576 Duleem
896 2522 1142 2584 ﬂuvium,
1177 2523 1465 2592 impositos
1495 2524 1651 2591 quasi
1681 2525 1988 2580 cervicibus

407 2614 761 2683 patiebantur
820 2614 1198 2683 prtesidiarios
1249 2613 1704 2684 Dyrrachiensrs.
1746 2616 1987 2672 assidu’s

407 2707 791 2776 eruptionibus
819 2723 915 2761 eos
938 2707 1277 2761 incessentes
1302 2707 1392 2775 qui
1429 2707 1798 2762 frumentandi
1829 2710 1988 2779 108

407 2810 501 2853 aut
529 2815 662 2854 usus
694 2799 889 2853 similis
921 2799 1150 2852 alterius
1200 2799 1580 2867 cujuscunque
1628 2800 1800 2868 gratia
1845 2801 1984 2853 ultra

404 2893 608 2946 vallum
643 2892 864 2961 prodire
892 2892 1179 2944 auderent.
1210 2891 1342 2945 lude
1364 2891 1536 2945 Γξηιιρς
1567 2891 1803 2961 primqu
1835 2907 1988 2944 exer-

404 3004 533 3043 cere
584 2989 767 3056 ipsos;
823 2986 1023 3041 deinde
1085 2982 1251 3039 etiam
1321 2985 1389 3038 ab
1451 2985 1804 3038 insuetutliuc
1861 2985 1984 3040 (βαδιί

2093 480 2237 545 ζετο,
2270 483 2592 557 βουλόμενος
2617 490 2724 543 ἀπό
2755 509 2812 544 τε
2843 493 2940 564 τῆς
2974 493 3240 565 θαλάττης
3276 498 3369 549 καὶ
3397 497 3493 567 τῆς
3517 499 3674 568 ἠπεί-

2095 591 2188 642 ρου
2238 578 2530 646 μάχεσθαι,
2572 582 2669 635 καὶ
2712 583 2780 637 τὰ
2821 585 2919 655 τῆς
2961 587 3142 656 μάχης
3177 587 3462 659 ὲξήρτυεν.
3521 589 3577 642 ’0
3617 591 3672 643 δὲ

2093 668 2276 730 στόλος
2299 671 2326 722 ὅ
2343 689 2401 723 τε
2429 672 2474 705 ⁹⁹
2503 673 2786 739 Βενετικὺς
2813 675 2906 729 καλ⁵
2926 680 2952 730 ὁ
2986 679 3316 749 Ῥωμαϊκὸς,
3340 679 3415 743 ὡς
3441 680 3558 732 ὲνδν
3582 681 3677 734 τὶν

2091 763 2338 832 πορθμὸν
2367 765 2571 834 ἐτήρει,
2603 769 2699 821 καὶ¹
2739 770 2977 840 ὁπηνίκα
3007 770 3202 842 μικρὸν
3223 775 3256 842 ἡ
3281 772 3529 827 θάλασσα
3560 775 3675 834 τοῖς

2092 853 2438 926 βουλομένοις
2461 859 2614 912 πλεῖν
2637 861 2781 915 νῶτα
2811 862 3025 932 ὑπεῖχε,
3053 863 3175 926 τοὺς
3195 863 3405 916 ἐκεῖθεν
3429 863 3674 931 πρδςτὲν

2104 947 2442 1022 Ῥομπέρτον
2474 953 2882 1024 ἐπιχειροῦντας
2905 957 3193 1028 διαπερᾷν.
3239 959 3496 1030 Ἀπεῖργε
3538 959 3595 1012 δὲ
3621 960 3639 989 ¹
3657 999 3672 1024 ,

2090 1042 2201 1096 οὐδ’
2236 1044 2345 1097 ἀπὺ
2393 1047 2493 1114 τῆς
2529 1047 2758 1116 ἠπείρου
2812 1049 3012 1119 ῥαδίως
3044 1051 3171 1119 ἐνῆν
3211 1051 3283 1104 τὰ
3319 1053 3455 1121 πρὸς
3485 1050 3676 1122 χρείαν

2091 1137 2436 1206 κομίζεσθαι.
2471 1141 2599 1210 περὶ
2627 1143 2649 1173 ³
2677 1142 2767 1194 τὸν
2794 1142 3009 1195 Γλυκὺν
3037 1143 3280 1213 ποταμὸν
3299 1143 3676 1214 αύλιζομένοις

2091 1226 2296 1290 αὐτοῖς,
2327 1227 2436 1279 τῶν
2465 1230 2528 1281 ὲκ
2545 1229 2640 1282 τοῦ
2662 1231 2965 1301 Δυρῤαχίου
2988 1235 3365 1305 ἀπειργόντων
3388 1235 3484 1305 τῆς
3510 1251 3675 1304 χορτ-

2089 1317 2337 1385 αγωγίας
2373 1321 2565 1390 χάριν,
2627 1321 2660 1393 ἢ
2702 1325 3042 1394 συγκομιδῆς
3079 1326 3274 1396 ἑτέρας
3307 1327 3546 1392 ἐξιόντας
3580 1329 3680 1396 τῆς

2091 1409 2188 1462 τοῦ
2237 1413 2578 1484 Ῥομπέρτου
2615 1418 2906 1486 ταφρείας,
2946 1418 3238 1488 λιμώττειν
3269 1419 3524 1472 ἐντεῦθεν
3556 1419 3681 1472 τού-

2091 1520 2205 1568 τοις
2238 1506 2557 1561 συνέϐαινεν
2619 1509 2757 1564 ἀλλὰ
2787 1512 2882 1564 καὶ
2909 1511 2970 1563 τὺ
2997 1511 3163 1582 ἄηθες
3191 1511 3285 1564 τοῦ
3310 1513 3480 1565 τόπου
3507 1512 3680 1580 μεγά-

2091 1595 2199 1658 λως
2219 1597 2416 1660 αὐτοὺς
2434 1600 2774 1669 ἐλυμαίνετο.
2800 1603 2896 1654 Διὰ
2916 1604 3274 1674 παραδρομῆς
3292 1603 3472 1656 τοίνυν
3494 1603 3680 1674 μηνῶν

2094 1690 2262 1759 τριῶν
2293 1691 2387 1760 (ὡς
2415 1692 2656 1760 λέγεται)
2697 1693 2873 1766 φθορὰ
2906 1696 3128 1763 γέγονεν
3157 1697 3367 1766 ἀνδρῶν
3386 1699 3466 1758 είς
3505 1695 3681 1766 χιλιά-

2093 1781 2186 1835 δας
2230 1781 2361 1836 δέκα
2403 1786 2872 1855 συμποσουμένων
2905 1789 2945 1844 ³.
2989 1787 3052 1840 'ii
3099 1788 3156 1841 δὲ
3202 1788 3356 1851 νόσος
3401 1787 3541 1856 αὕτη
3587 1788 3681 1841 καὶ

2093 1873 2190 1935 τὰς
2224 1873 2360 1943 μετὰ
2395 1874 2489 1928 τοῦ
2523 1875 2862 1947 Ῥομπέρτου
2895 1879 3126 1942 ἱππικὰς
3157 1880 3416 1948 δυνάμεις
3442 1877 3680 1932 καταλα-

2094 1964 2284 2031 6οὖσα,
2311 1967 2539 2032 πολλοὺς
2562 1969 2889 2039 διέφθειρεν.
2934 1971 3068 2026 ’Λπδ
3091 1972 3192 2039 μὲν
3211 1972 3318 2042 γὰρ
3342 1972 3448 2024 τῶν
3471 1972 3680 2024 ἱππέων

2093 2058 2333 2129 κόμητες
2375 2062 2470 2112 καὶ
2502 2060 2727 2128 λογάδες
2754 2061 3126 2130 ἀλκιμώτατοι
3153 2062 3346 2132 ἄνδρες
3383 2064 3544 2133 μέχρι
3572 2064 3680 2114 τῶν

2094 2152 2467 2208 πεντακοσίων
2497 2153 2651 2206 νόσου
2679 2155 2772 2208 καὶ
2797 2153 2957 2222 λιμοῦ
2986 2155 3368 2224 παρανάλωμα
3398 2156 3676 2222 γεγόνασι,

2093 2244 2192 2312 τῆς
2243 2244 2300 2298 δὲ
2336 2245 2774 2319 χθαμαλωτέρας
2826 2245 3000 2317 τύχης
3059 2247 3245 2308 ἱππεῖς
3289 2247 3674 2316 ἀναρίθμητοι.

2093 2335 2213 2388 Τῶν
2237 2337 2293 2390 δὲ
2324 2337 2526 2390 πλοίων
2548 2337 2714 2391 αὐτοῦ
2742 2340 2823 2402 είς
2849 2339 2940 2393 τὸν
2964 2341 3174 2400 Γλυκὺν
3205 2342 3224 2370 ⁸
3251 2339 3681 2410 ἐνορμισθέντων

2093 2427 2358 2499 ποταμὸν,
2411 2429 2485 2492 ὡς
2524 2429 2763 2502 εἴρηται,
2811 2431 3004 2485 τούτου
3040 2430 3396 2499 ὀλιγωθὲντος
3439 2431 3526 2484 διὰ
3581 2431 3681 2500 τὴν

2091 2521 2346 2588 ἀνυδρίαν
2380 2521 2479 2592 ἢδη
2530 2524 2669 2591 μετὰ
2709 2523 2800 2576 τὸν
2840 2524 3085 2593 χειμῶνα
3128 2525 3224 2578 καὶ
3259 2525 3320 2575 τὸ
3361 2522 3682 2590 ὲπιγεγονὸς

2091 2612 2190 2681 ἔαρ
2222 2613 2316 2666 τοῦ
2365 2615 2555 2684 θέρους
2581 2616 2915 2686 θερμότερον
2961 2615 3368 2676 ἐπιϐάλλοντος.
3418 2615 3511 2667 καὶ
3556 2612 3681 2682 μηδ’

2090 2706 2289 2761 ὁπόσον
2324 2709 2446 2770 ταῖς
2468 2710 2488 2739 ³
2537 2709 2838 2780 χαράδραις
2871 2709 3029 2762 εἴωθε
3052 2709 3346 2778 καταρρεῖν
3369 2706 3511 2774 ὕδωρ
3531 2707 3682 2774 ἔχον-

2091 2816 2205 2862 τος,
2237 2801 2295 2852 ἐν
2332 2802 2617 2873 ἀμηχανίᾳ
2651 2797 2738 2872 ἧν,
2783 2802 2856 2871 μὴ
2897 2801 3194 2870 δυνάμενος
3223 2795 3378 2861 αὖθις
3417 2799 3558 2851 αὖτᾶ
3595 2799 3678 2861 είς

2090 2895 2191 2964 τὴν
2225 2894 2504 2948 Θάλασσαν
2535 2894 2785 2948 ἑλκύσαι.
2829 2895 2968 2947 ’Λλλ’
2999 2889 3086 2946 οἶα
3126 2891 3575 2962 μηχανικώτατος
3602 2889 3680 2942 ὢν

2092 2988 2186 3041 καὶ
2238 2987 2501 3058 βαθύνους
2524 2988 2684 3059 ἀνὴρ,
2729 2987 3039 3049 πασσάλους
3084 2984 3420 3051 ἑκατέρωθεν
3461 2983 3680 3036 ἐκέλευε

405 3081 613 3135 morbis
645 3078 1146 3144 crebrescentibus,
1179 3078 1502 3147 pestilentia».
1531 3087 1677 3132 tanta
1710 3080 1792 3130 vis
1822 3093 1985 3131 exar-

2093 3083 2404 3151 πήγνυσθαι
2431 3082 2526 3135 τοῦ
2557 3080 2826 3151 ποταμοῦ.
2863 3079 3210 3133 συνδεδέσθαι
3244 3078 3301 3131 δὲ
3335 3075 3560 3138 τούτους
3591 3075 3681 3128 διὰ

403 3176 496 3235 sit,
533 3183 592 3226 ut
623 3189 685 3228 ea
733 3173 910 3228 tribus
951 3172 1232 3227 triensi-bus
1269 3169 1430 3224 facile
1481 3170 1764 3225 hominum
1797 3171 1984 3226 decem

405 3268 574 3322 millia
611 3266 831 3322 dicatur
880 3266 1278 3335 absumpsisse.
1318 3265 1386 3318 Et
1419 3267 1680 3332 quoniam
1716 3265 1770 3318 in
1829 3263 1986 3334 equi-

405 3372 575 3414 tatum
657 3360 932 3430 praecipue
1009 3359 1462 3415 ﬂorentissimum:
1525 3359 1751 3413 Robcrti
1815 3360 1984 3429 pestis

402 3454 725 3508 incubuisse
776 3455 889 3507 visa
942 3463 1025 3508 est
1056 3455 1259 3523 impetu
1311 3453 1564 3516 saviari,
1637 3469 1757 3508 eam
1826 3454 1983 3524 plane

401 3548 683 3616 cupiarum
753 3547 872 3614 ejus
950 3554 1158 3614 partem
1225 3546 1580 3600 lectissimam
1656 3547 1984 3602 deformavit

402 3641 666 3696 misermn
722 3640 775 3693 in
835 3639 1081 3701 modum,
1126 3637 1173 3691 si
1215 3654 1324 3693 non
1371 3641 1591 3709 penitus
1637 3641 1702 3693 ad
1747 3642 1980 3696 nihilum

398 3735 632 3804 redegit.
666 3733 903 3789 Constat
941 3734 1145 3802 quippe
1179 3747 1244 3788 ex
1275 3733 1576 3788 comitibus
1607 3734 1741 3803 ipsis
1776 3750 1839 3789 ac
1865 3751 1982 3789 ra:-

401 3828 536 3883 teris
569 3827 917 3896 inagnatibus
941 3824 1226 3880 nobilitate
1248 3841 1312 3880 ac
1335 3826 1650 3880 fortitudine
1671 3828 1980 3897 insignibus

402 3921 555 3981 viris,
589 3920 683 3990 qui
724 3919 868 3974 istud
911 3919 1120 3974 militia:
1149 3931 1354 3989 corpus
1391 3918 1725 3982 conflabant,
1773 3922 1984 3974 exstin-

398 4021 518 4066 cms
571 4027 716 4076 esse,
779 4026 884 4080 qua
942 4009 1052 4076 lue,
1097 4025 1205 4080 qua
1265 4009 1430 4075 fame,
1480 4011 1544 4065 ad
1604 4013 1979 4082 quingentos;

397 4105 614 4171 equites
663 4113 846 4157 autem
902 4105 1138 4156 fortuna:
1190 4101 1522 4166 humilioris,
1581 4105 1673 4173 qui
1729 4105 1980 4160 similiter

2093 3175 2276 3243 λύγων
2311 3174 2569 3240 πυκνῶν,
2604 3173 2724 3226 εἶτα
2754 3173 2947 3243 δένδρα
3003 3168 3338 3241 παμμεγέθη
3374 3168 3681 3228 κόπτοντας

2095 3269 2311 3340 ῥιζόθεν
2341 3267 2564 3320 ὄπισθεν
2586 3267 2768 3320 αὐτῶν
2799 3264 3271 3332 καταστρωννύειν
3299 3261 3528 3331 ψάμμον
3554 3261 3680 3312 ἐπι-

2093 3362 2392 3422 πάττοντας
2417 3361 2647 3424 ἀνωθεν,
2677 3360 2752 3420 ὡς
2778 3359 2859 3420 είς
2891 3357 2986 3411 ἕνα
3016 3359 3076 3410 τὸ
3117 3356 3260 3424 ὕδωρ
3305 3352 3683 3407 συλλεὶὂεσοαι

2090 3453 2255 3506 τόπον
2273 3452 2314 3516 ‘,
2333 3451 2521 3522 ὥσπερ
2537 3451 2616 3515 είς
2638 3449 2880 3520 διώρυχα
2903 3449 3032 3520 μίαν
3049 3446 3146 3517 τὴν
3170 3449 3230 3500 ὲκ
3249 3445 3360 3498 τῶν
3381 3443 3681 3500 πασσάλων

2090 3547 2380 3614 γεγονυῖαν
2411 3543 2917 3613 συναθροιζόμενον.
2960 3541 3071 3596 Καὶ
3101 3539 3243 3594 κατά
3274 3537 3467 3608 μικρὸν
3493 3536 3682 3590 ἀναλι-

2096 3640 2299 3710 μνὰζον
2335 3637 2396 3691 τὸ
2430 3637 2599 3707 ὕδωρ,
2641 3636 2740 3705 τὴν
2783 3635 3025 3705 κρηπῖδα
3067 3635 3253 3692 πᾶσαν
3291 3631 3532 3702 ἐπλήρου
3581 3629 3680 3682 τοῦ

2087 3729 2360 3799 ποταμοῦ,
2392 3729 2486 3782 καὶ
2529 3730 2610 3790 είς
2640 3727 2804 3798 βάθος
2845 3726 3124 3794 ἀξιόλογον
3168 3726 3388 3795 ἠρχετο,
3419 3722 3526 3784 ἕως
3569 3720 3672 3783 τὰς

2088 3823 2220 3888 ναῦς
2249 3822 2573 3887 ἁνεκούφισε
2605 3822 2700 3874 xui.
2727 3821 2824 3883 τὰς
2853 3820 2989 3878 τέως
3017 3819 3414 3886 ὲρηρεισμένας
3447 3815 3578 3884 νῆας
3607 3817 3678 3884 τῇ

2089 3921 2160 3988 γῇ
2206 3915 2399 3985 ἀνέσχε
2438 3932 2497 3966 τε
2536 3915 2630 3966 καὶ
2663 3911 2970 3980 ἁκρόπλους
3012 3910 3258 3979 ἐποίησε.
3313 3907 3418 3962 Καὶ
3455 3908 3514 3960 τὸ
3566 3908 3679 3959 ἀπὸ

2088 4011 2244 4065 τοῦδε
2273 4008 2528 4067 εὐπλνιῒας
2556 4004 2960 4076 ὲπιδραξάμενα
2983 4003 3052 4056 τὰ
3083 4003 3264 4066 πλοῖα,
3285 4001 3519 4062 εὐκόλως
3542 3999 3684 4069 πρὸς

2089 4107 2190 4176 τὴν
2213 4103 2490 4158 θάλασσαν
2514 4097 2897 4168 είλκύσθησαν.

401 4197 682 4264 perierint,
722 4213 1012 4251 numerum
1054 4195 1180 4249 iniri
1217 4209 1326 4263 prae
1402 4196 1760 4252 multitudine
1826 4214 1932 4254 non
2004 4202 2271 4272 potuisse.
2313 4195 2582 4261 Quoniam
2630 4206 2794 4258 vero,
2849 4200 2907 4244 ut
2949 4190 3153 4246 dictum
3203 4196 3316 4254 est,
3395 4187 3684 4243 subductae

398 4305 567 4343 naves
600 4290 813 4344 fuerant
844 4289 896 4343 in
924 4291 1138 4344 alveum
1177 4289 1362 4344 Dulcis
1415 4290 1594 4354 fluvii,
1628 4290 1863 4362 contigit
1923 4303 1982 4347 ut
2061 4310 2188 4349 cum
2261 4306 2354 4345 eas
2405 4287 2532 4341 inde
2583 4286 2817 4341 educere
2867 4285 3129 4354 oportuit,
3187 4294 3335 4338 tanta
3390 4292 3683 4352 urgeretur

397 4390 646 4444 siccitate
685 4388 734 4441 id
794 4385 1016 4449 flumen,
1068 4398 1128 4442 ut
1176 4389 1474 4460 squallenti
1537 4389 1788 4462 voragini
1845 4391 1984 4445 aridi
2030 4391 2316 4454 torrentis,
2389 4403 2550 4458 quam
2609 4385 2762 4439 alveo
2796 4382 3055 4453 perennis
3133 4382 3312 4435 amnis
3365 4389 3512 4434 εεευι
3561 4387 3681 4432 tum

397 4481 620 4559 quidem
648 4483 908 4547 similius,
967 4497 1031 4536 ac
1063 4498 1130 4538 ne
1173 4492 1384 4536 tantum
1421 4485 1643 4552 quidem
1680 4503 1840 4560 aqua:
1921 4489 2151 4545 haberet
2197 4497 2464 4557 quantum
2517 4483 2572 4536 in
2635 4479 2920 4550 plerisque
2983 4475 3325 4530 torrentibus
3403 4474 3678 4543 cernitur.

399 4581 748 4637 lncommoda
779 4597 912 4636 sane
938 4596 1032 4637 res
1060 4580 1312 4638 consiliis
1347 4581 1570 4638 ltoberti
1603 4586 1866 4651 classem,
1917 4598 1974 4640 ut
2016 4585 2280 4644 diximus,
2304 4580 2439 4635 mari
2467 4577 2692 4632 reddere
2724 4573 2999 4644 parantis;
3037 4581 3092 4626 at
3124 4585 3291 4624 naves
3356 4573 3680 4638 intercepta;

395 4677 558 4740 vale,
591 4675 734 4728 trudi
772 4677 1017 4729 secundo
1055 4672 1278 4730 flumine
1330 4675 1384 4730 in
1437 4692 1588 4731 mare
1640 4683 1960 4748 nequibant.
2011 4678 2116 4733 Sed
2153 4681 2316 4732 homo
2344 4674 2627 4738 industria:
2654 4669 3275 4736 u1iriﬁcm.fecumliquc
3338 4666 3404 4720 ad
3466 4667 3670 4720 artium

397 4770 856 4841 excogitationem
908 4771 1169 4838 pectoris,
1218 4770 1358 4824 Viam
1455 4769 1612 4826 inivit
1674 4773 1796 4844 ejus
1850 4773 2208 4848 expedieudte
2274 4769 2618 4826 difﬁcultatis
2669 4767 2830 4821 talem
2884 4763 3203 4834 quamdam.
3287 4763 3346 4816 ln
3438 4760 3680 4815 maxime

400 4864 595 4918 declivi
629 4878 691 4917 ac
722 4863 957 4917 demissa
978 4871 1128 4932 parte
1159 4862 1295 4916 alvei
1329 4862 1435 4932 iam
1464 4865 1618 4930 sicci,
1696 4865 1784 4936 figi
1831 4869 2088 4936 utrinque
2121 4864 2350 4936 paxillus
2380 4862 2435 4916 in
2521 4874 2745 4914 arenam
2829 4856 2997 4925 jussit
3068 4856 3303 4909 invicem
3366 4853 3676 4932 oppositos,

400 4955 664 5011 continua
697 4955 751 5008 in
784 4953 1008 5024 longum
1045 4955 1225 5017 serie;
1303 4964 1532 5025 tumque
1603 4971 1729 5012 cum
1791 4959 1895 5014 sibi
1935 4959 2147 5014 utrovis
2179 4973 2243 5011 ex
2277 4956 2445 5010 latere
2479 4953 2758 5022 contigue,
2792 4950 3057 5004 viminum
3114 4946 3486 5015 implicatione
3553 4944 3678 5014 plu-

402 5053 537 5107 rima
601 5065 762 5124 quam
814 5050 1126 5103 arctissime
1178 5050 1399 5108 vinciri.
1439 5050 1654 5112 Vallum
1689 5056 1768 5109 sic
1816 5056 1982 5110 fixum
2028 5054 2274 5108 roborari
2311 5051 2482 5105 voluit
2515 5067 2543 5102 a
2581 5059 2734 5118 parte
2783 5046 3040 5101 exteriori
3076 5045 3224 5115 ripas
3293 5058 3508 5105 versus,
3573 5054 3675 5108 ap-

401 5143 686 5214 plieitisin
721 5141 946 5209 longum
1003 5142 1318 5214 ingentibus
1368 5143 1684 5216 arboribus,
1737 5148 1802 5200 ad
1847 5162 1966 5202 eam
2011 5161 2126 5201 rem
2185 5145 2453 5200 radicitus
2508 5141 2737 5198 avulsis.
2779 5139 2955 5207 Supra
3034 5153 3128 5192 cas
3202 5134 3521 5208 exaggerari
3566 5148 3668 5186 su-

345 5252 356 5295 i
403 5238 633 5306 bigiqtte
666 5251 729 5290 ac
763 5235 996 5304 apprimi
1033 5235 1204 5290 multa
1236 5238 1288 5292 vi
1353 5252 1577 5292 arenam
1633 5241 1905 5308 imperat,
1983 5239 2220 5296 latentes
2272 5237 2440 5294 rimas
2491 5249 2683 5288 omnes
2742 5231 3105 5300 expleturam.
3168 5227 3310 5282 Intra
3389 5228 3535 5280 lmnc
3585 5224 3671 5278 sic

404 5337 756 5398 angustatum
800 5329 992 5398 sietpm
1021 5329 1294 5386 directum
1326 5332 1837 5397 alveolum,ounes
1873 5332 1983 5401 jam
2029 5331 2292 5401 reliquias
2349 5328 2656 5384 :estivantis
2703 5324 2878 5390 ﬂuvii,
2920 5340 2984 5378 ac
3033 5333 3147 5378 toto
3193 5336 3419 5391 Sparsas
3508 5327 3671 5372 vasto

1443 5491 1645 5554 Variaa
1676 5491 1984 5559 lectiones
2016 5508 2094 5554 ex
2136 5490 2276 5552 cod.
2311 5487 2581 5549 Coislin.

472 5617 517 5685 ξ’
543 5618 591 5667 ὁ.
669 5616 685 5648 ³
718 5614 986 5685 διαπερᾷν
1015 5617 1300 5684 ἀπεῖργεν.
1323 5617 1398 5677 ὡς
1421 5617 1498 5672 δέ.
1575 5618 1594 5648 ¹
1630 5616 1789 5685 πρός.
1867 5619 1890 5650 ³
1919 5615 2295 5685 ποσουμένων.
2373 5615 2394 5646 ⁵
2422 5613 2676 5685 Γλυκήντ-
2727 5611 2796 5685 ‘f'
2825 5609 3041 5685 Desunt
3072 5621 3229 5685 voces
3263 5605 3400 5685 μετὰ
3426 5602 3518 5656 vim
3551 5617 3671 5671 χει-

407 5683 562 5757 μῶνα
596 5686 776 5757 καὶ-τὸ
798 5678 1113 5752 ὲπίγὲγονὸς
1145 5678 1246 5757 ἔαρ
1267 5689 1361 5740 τοῦ
1394 5688 1586 5757 Θέρους
1617 5678 1952 5756 θερμότερον
1983 5678 2387 5757 ἐπιϐάλλοντος.
2423 5687 2517 5757 καὶ
2708 5683 2933 5757 μρπὸσον
2951 5683 3096 5757 prie;
3170 5679 3228 5757 _°
3265 5678 3471 5757 Desunt
3506 5686 3669 5730 voces

407 5747 627 5804 δπισοεν
653 5753 832 5806 αὐτῶν
864 5747 1331 5826 καταστρωννύειν
1353 5747 1582 5830 ψάμμον
1612 5747 2012 5822 ἐπιπάττοντας
2040 5755 2246 5812 ἄνωθεν
2266 5755 2341 5820 ὼς
2372 5757 2450 5818 εἷς
2476 5747 2572 5810 ’ἐνα
2607 5747 2666 5807 τὸ
2707 5753 2850 5822 ὕδωρ
2885 5749 3256 5804 συὶ-λείϐεσθαι
3287 5747 3473 5801 τύπον.
