4050 6440
583 427 691 491 3'55
1861 418 2087 483 ΑΝΝίΕ
2120 419 2170 480 Ο

2278 419 2508 481 ΝΕΝΕ
3758 415 3867 480 356

586 553 743 594 usum
773 536 1028 607 oportebit
1073 550 1524 606 unumquemque,
1569 533 1694 604 quid
1736 533 1836 588 sibi
1886 536 2056 587 reniat
2104 537 2157 588 in
2198 543 2418 587 mentem
2454 533 2617 587 libere
2644 533 2943 601 sinceraque
2969 546 3276 600 proponere.
3314 529 3510 584 Deinde
3577 543 3696 583 vero
3765 529 3865 582 de-

588 631 1174 685 liberatione'conclusa
1205 627 1517 681 sententiam
1553 639 1668 693 qure
1739 625 2096 691 prcvvaluerit,
2161 625 2230 677 ad
2270 625 2505 678 ductoris
2561 624 2867 687 arbitrium,
2913 625 3025 678 sine
3079 625 3194 678 ulla
3239 623 3570 676 dubitatione
3625 623 3867 690 exsequi-

588 721 738 793 Agite
765 739 907 792 ergo,
933 724 1001 775 ite
1023 718 1082 793 in
1105 719 1387 791 suffragia,
1411 718 1586 788 eligite
1609 731 1964 785 quemcunque
1990 715 2275 769 utilissime
2323 715 2683 784 praefuturum
2724 715 3097 768 aut‘umabitis-.
3185 712 3269 766 En
3330 729 3422 780 ego
3485 719 3600 767 eum
3677 728 3873 781 agnos-

591 791 709 871 cam
733 791 1245 886 quicunqu'eoeritwt
1269 812 1525 883 quidquid
1587 810 1969 880 praiscripserit
2027 811 2248 880 faciant.
2286 809 2519 864 Probata
2550 819 2632 864 est
2669 824 2863 879 magno
2888 807 3223 864 audientium
3259 823 3489 864 assensu
3523 815 3635 861 tum
3669 808 3871 861 oratiov

594 923 712 966 tum
759 911 1026 965 modestia
1109 910 1359 962 ltoberti.
1439 906 1700 974 Datisque
1750 906 1992 960 sortibus
2040 921 2253 960 summa
2297 907 2660 961 consensione
2692 907 2936 960 omnium
2969 906 3177 962 electus
3208 905 3263 958 in
3296 905 3490 959 ducim
3525 919 3873 974 supremum,

593 1008 1026 1078 [impositusque
1055 1001 1267 1058 cunctis
1293 1002 1435 1055 idem
1471 1002 1559 1056 ille
1598 1011 1702 1056 est.
1745 1001 1812 1054 At
1852 1003 1895 1055 is
1925 1000 2165 1055 delatum
2203 1000 2465 1055 honorem
2523 1000 2719 1055 callida
2772 999 3123 1054 simulatione
3204 1011 3461 1054 recusare
3540 1001 3870 1061 videbatur,

592 1103 674 1158 sic
718 1101 896 1155 studia
927 1099 1031 1172 sibi
1071 1095 1366 1152 faventium
1400 1097 1573 1168 n'iagis
1606 1099 1911 1151 accendens
1943 1114 1956 1150 :
2003 1097 2164 1168 114
2207 1108 2262 1152 et
2293 1113 2454 1167 quem
2491 1107 2637 1150 tanta
2670 1096 3137 1150 fraudulentarum
3177 1094 3376 1148 artium
3452 1095 3594 1148 serie
3659 1093 3873 1160 princi-

592 1207 776 1268 patum
810 1195 1102 1260 ambiebat,
1145 1203 1299 1248 nunc
1367 1193 1475 1248 ista
1543 1192 1712 1248 oblati
1784 1193 2165 1261 rrpudiatione
2240 1193 2431 1246 fu'cosa
2487 1192 2722 1246 validius
2775 1205 3039 1260 prensans
3091 1189 3404 1259 certiusque
3459 1187 3562 1243 sibi
3617 1189 3873 1246 ﬁrmans.

592 1293 733 1363 Ergo
766 1291 859 1344 ubi
895 1291 1094 1344 multas
1144 1287 1471 1344 veteratorie
1527 1286 1817 1356 praetexuit
1872 1283 2175 1353 refugiendi
2217 1285 2419 1338 summi
2457 1284 2558 1338 loci
2591 1299 2815 1350 causas,
2861 1297 2999 1352 quas
3035 1297 3100 1335 co
3139 1283 3321 1335 animo
3389 1297 3562 1347 cuque
3631 1281 3873 1332 artiticio

593 1386 930 1455 proponebat
970 1397 1163 1437 omnes
1207 1388 1266 1434 ut
1302 1381 1464 1449 plane
1500 1377 1839 1433 contrarium
1875 1375 2268 1443 persuaderent
2295 1394 2310 1430 :
2337 1376 2555 1432 tandem
2582 1385 2638 1431 ut
2698 1377 2867 1432 videri
2935 1377 3107 1431 voluit
3166 1385 3477 1446 expugnata
3533 1375 3871 1431 constantia.

594 1488 746 1534 tanto
808 1491 1094 1546 procerum
1151 1473 1445 1527 consensui
1497 1473 1674 1526 victas
1725 1486 1920 1525 manus
1971 1470 2177 1524 invitus
2220 1471 2432 1524 scrlicet
2468 1469 2638 1524 dedit.
2678 1469 2908 1534 Quando
2943 1479 2995 1523 et
3065 1472 3326 1539 reliquam
3410 1469 3550 1523 hanc
3604 1469 3671 1523 ad
3720 1469 3876 1538 ipsos

592 1573 895 1628 orationem
931 1570 983 1622 iu
1022 1568 1165 1622 hunc
1194 1567 1415 1622 modum
1456 1564 1731 1636 pertexuit
1770 1583 1782 1619 :
1817 1563 2011 1618 Audite
2042 1580 2213 1618 meum
2249 1565 2550 1632 consilium,
2582 1566 2794 1619 comites
2827 1567 3123 1636 militesque
3182 1565 3392 1635 reliqui.
3425 1562 3872 1633 Quandoquidem

592 1666 774 1719 relicta
803 1679 978 1716 omnes
995 1661 1170 1731 patria
1191 1659 1290 1712 huc
1307 1658 1573 1730 progressi
1599 1667 1803 1711 stamus
1828 1657 1882 1710 in
1938 1657 2219 1724 procinctu
2295 1657 2362 1710 ad
2389 1657 2772 1711 decernendum
2805 1661 2915 1712 acie
2943 1673 3059 1710 cum
3088 1659 3404 1727 imperatore
3443 1656 3874 1710 bellicosissima,

589 1760 679 1832 qui
727 1773 892 1827 nuper
945 1753 1234 1809 admodum
1277 1755 1497 1823 adeptus
1552 1766 1769 1820 regnum
1811 1749 1944 1804 nihil
1983 1751 2160 1821 utique
2197 1749 2299 1802 sibi
2329 1752 2488 1820 faciet
2524 1750 2711 1821 reliqui
2739 1752 2809 1804 ad
2839 1767 3044 1808 ant-nent
3085 1761 3256 1804 artem
3318 1760 3693 1816 conatumque,
3765 1767 3876 1820 quo

590 1855 828 1922 auspicia
857 1853 1187 1920 principatus
1223 1848 1305 1900 sui
1343 1847 1518 1916 potius
1553 1843 1788 1899 honestet
1821 1844 2042 1898 victoria
2082 1843 2293 1905 celebri,
2326 1861 2486 1914 quam
2515 1849 2774 1915 probrosa
2799 1845 2948 1899 clade
3009 1847 3302 1899 dedecoret.
3371 1842 3471 1899 Est
3550 1854 3727 1898 autent
3793 1845 3880 1904 illi
3919 1887 3922 1890 .

590 1969 698 2007 non
737 1952 1002 2005 insuetum
1051 1949 1272 2007 vincere,
1318 1944 1409 2014 qui
1447 1944 1542 1995 sub
1589 1943 1856 2011 prioribus
1914 1942 2166 2011 Augustis
2210 1941 2380 1996 multa
2419 1951 2469 1995 et
2520 1953 2717 2011 magna
2750 1941 2885 1995 bella
2929 1938 3245 2012 confecerit,
3327 1951 3682 2013 tyrannosque
3765 1960 3879 1999 non

589 2062 786 2115 paucos
877 2046 1040 2100 victos
1127 2041 1242 2094 acie
1292 2047 1579 2107 captosque
1628 2034 1936 2088 adduxerit.
1973 2035 2245 2098 Quoniam
2282 2035 2415 2101 h'cec,
2449 2036 2690 2104 inquam,
2735 2036 2813 2088 ita
2843 2025 2984 2089 'sunt
3013 2046 3122 2090 toto
3156 2038 3336 2092 animo
3388 2046 3598 2106 totoque
3632 2048 3873 2105 pectore,

587 2142 738 2194 nobis
775 2141 1009 2194 arbitror
1038 2138 1170 2192 hanc
1203 2149 1434 2206 pugnam
1469 2147 1580 2186 esse
1629 2130 2026 2201 capessendam,
2098 2131 2334 2184 omnium
2400 2133 2600 2185 securis
2641 2148 2815 2186 rerum
2859 2133 3092 2186 aliarum
3175 2145 3527 2206 praterquam
3592 2137 3879 2202 victoriae;

586 2253 744 2307 quam
791 2236 837 2289 si
889 2235 1026 2288 Deus
1079 2231 1350 2292 annuerit,
1384 2229 1592 2282 abunde
1667 2227 1850 2280 divites
1934 2231 2246 2297 copioseque
2281 2229 2533 2281 instructi
2577 2229 2776 2283 erimus
2831 2239 2887 2283 ut
2943 2241 3294 2300 prceterquam
3344 2234 3655 2300 inconsulti,
3704 2239 3878 2291 etiam

585 2336 739 2388 exilis
781 2332 1098 2402 angustique
1142 2329 1210 2384 sit
1253 2329 1419 2381 animi
1457 2340 1525 2380 etr-
1574 2325 1909 2394 purcimonia
1952 2325 2201 2393 pra-senti
2239 2325 2341 2380 sibi
2373 2326 2426 2378 in
2461 2335 2663 2395 tempus
2698 2329 2842 2380 istud
2884 2329 3011 2382 vello
3041 2331 3338 2384 consulere.
3379 2329 3505 2383 Non
3537 2331 3676 2384 enim
3748 2337 3879 2402 jam

583 2429 832 2482 dubitabo
858 2426 1029 2480 dicere
1061 2424 1186 2494 quid
1218 2423 1391 2488 uelim,
1425 2420 1612 2491 quidve
1641 2420 2001 2473 necessarium
2040 2421 2184 2490 factu
2225 2421 2477 2475 arbitrer.
2501 2420 2675 2474 Plane
2716 2431 2941 2490 oportet,
2967 2423 3145 2490 itaque
3175 2421 3348 2486 iubeo,
3392 2440 3517 2477 uasa
3564 2423 3880 2493 supellecti-

583 2525 761 2592 liaque
825 2535 1002 2576 nostra
1069 2531 1264 2574 cuncta
1312 2518 1668 2572 comburere:
1710 2517 1984 2569 onerarias
2042 2533 2160 2570 vero
2196 2518 2499 2587 perforatas
2539 2528 2588 2572 et
2618 2534 2736 2571 cum
2765 2533 2920 2572 onere
2967 2519 3256 2587 perituras,
3289 2519 3342 2572 in
3410 2537 3557 2574 mare
3598 2523 3817 2579 trudere
3856 2539 3876 2578 :

585 2618 765 2686 sicque
793 2631 910 2668 cum
942 2615 1127 2668 Alexio
1157 2629 1393 2682 pugnare
1418 2622 1671 2679 tanquam
1711 2608 1905 2661 ibidem
1930 2608 2084 2662 modo
2108 2621 2288 2677 natos,
2337 2627 2556 2683 moxque
2611 2614 2921 2666 morituros.
3011 2613 3340 2668 Annueruut
3429 2615 3518 2670 his
3605 2620 3879 2672 (intuitus

586 2710 813 2777 singuli.

659 2799 811 2852 Talia
870 2795 1125 2849 versabat
1183 2792 1390 2855 animo,
1447 2791 1806 2857 consulebat,
1866 2793 2174 2863 agebatque
2203 2797 2254 2857 Α

585 2892 860 2946 Rohcrtus
895 2904 908 2939 :
952 2889 1057 2939 alia
1088 2902 1118 2940 e
1154 2885 1436 2940 contrario
1471 2884 1701 2938 Alexius
1728 2923 1744 2949 ,
1779 2885 1954 2955 magis
2002 2887 2168 2939 etiam

587 2985 732 3038 varia
781 2981 1201 3050 exc03itataque
1250 2979 1488 3032 acutius.
1547 2979 1605 3031 lu
1639 2992 1706 3033 eo
1759 2980 2173 3033 conveniebant

585 3079 746 3129 ambo
779 3083 960 3127 tamen
989 3113 1004 3136 ,
1033 3071 1180 3141 quod
1209 3070 1556 3125 continerent
1593 3081 1824 3139 uterque
1855 3072 2042 3127 adhuc
2071 3086 2171 3125 ex-

583 3167 826 3221 ercitum.
852 3182 865 3217 :
896 3178 990 3232 per
1026 3163 1173 3216 illam
1205 3177 1414 3216 moram
1445 3162 1814 3231 exquisitioue
1857 3161 2166 3217 attentissi-

587 3274 673 3310 ma
708 3257 1031 3326 indagantes
1066 3269 1162 3323 pro
1205 3269 1264 3308 se
1295 3255 1531 3324 quisque
1561 3269 1811 3322 quaenam
1845 3265 1992 3310 esset
2028 3256 2170 3309 ratio

584 3349 839 3404 vincendi
897 3348 1232 3401 certissima.
1279 3347 1583 3417 Imperator
1635 3347 1856 3417 quidem
1910 3363 2063 3417 spem
2117 3348 2172 3400 iu

583 3449 974 3511 strategemate
1008 3440 1285 3508 ponebat,
1318 3455 1428 3507 quo
1461 3455 1521 3493 se
1561 3439 1748 3495 hostes
1779 3445 2170 3497 conclusurum

585 3533 645 3586 in
701 3532 896 3587 uiedio
935 3533 1268 3586 crediderat.
1319 3533 1536 3586 Auxilia
1568 3533 1820 3587 videlicet
1867 3534 2126 3588 universa
2153 3575 2170 3600 ,

586 3634 866 3686 cunctam,
906 3625 1149 3694 inquam,
1179 3626 1456 3680 sociarum
1484 3625 1724 3694 gentium
1759 3625 2013 3680 militiam
2057 3627 2168 3680 cir-

584 3719 919 3773 cumducere”
961 3719 1102 3771 clam
1155 3717 1342 3772 hostili
1375 3719 1640 3773 exercitui
1670 3718 1922 3789 parabat,
1953 3719 2174 3789 jussos-

583 3826 696 3880 que
713 3811 890 3879 legere
920 3815 1084 3865 utaris
1107 3811 1256 3864 littus
1281 3825 1453 3880 quam
1469 3809 1787 3878 longissimo
1809 3812 2046 3868 circuitu
2064 3828 2173 3880 quo

589 3903 804 3956 facilius
844 3902 1069 3957 Rubri-ti
1113 3902 1509 3964 providentiam
1543 3901 1816 3968 fallerent,
1845 3905 1900 3960 in
1949 3921 2075 3960 eum
2109 3920 2169 3960 se

588 3996 766 4048 locum
795 4009 961 4063 (ruam
989 4009 1090 4048 occ
1109 3995 1370 4050 dtissime
1391 3993 1643 4050 conferre
1671 3995 2000 4064 imperabat,
2026 3996 2171 4052 unde

588 4090 854 4159 impetum
887 4104 916 4142 a
961 4098 1112 4159 tergo
1141 4088 1322 4143 facere
1357 4087 1411 4142 in
1441 4089 1626 4143 hostes
1653 4103 1880 4145 aversos
1919 4100 2166 4158 possent,

585 4185 782 4235 eodem
826 4190 1072 4250 tempore
1114 4195 1224 4250 quo
1270 4180 1388 4250 ipse
1438 4195 1564 4235 cum
1605 4190 1804 4237 cancro
1842 4183 2088 4238 exercitu
2136 4200 2166 4239 a
2201 4165 2244 4224 Β

587 4273 768 4328 fronte
808 4270 1107 4326 Robertum
1137 4270 1470 4325 adoriretur.
1505 4270 1607 4337 Qui
1635 4273 1856 4341 quidem
1889 4274 2166 4330 “obortus

586 4363 954 4420 tabernaculis
1003 4363 1200 4418 vacuis.
1221 4363 1452 4429 relictis,
1498 4373 1720 4434 pontem
1776 4374 1938 4420 nocte
1974 4373 2161 4422 trans-

583 4471 807 4526 gressus
872 4455 1292 4524 (numerabatur
1322 4467 1435 4510 tum
1469 4464 1662 4510 octava
1693 4473 1864 4528 supra
1892 4458 1962 4512 l0
1997 4463 2164 4516 Octo-

585 4545 706 4600 bris
726 4545 861 4608 dies,
893 4545 1196 4600 indictione
1230 4547 1447 4616 quinta)
1476 4547 1529 4601 in
1567 4549 1832 4618 templum
1856 4552 2162 4620 antiquitus

584 4645 921 4693 exstructum
965 4652 1131 4707 prope
1161 4653 1329 4703 mare,
1357 4639 1412 4692 in
1443 4642 1666 4694 nomine
1697 4643 1950 4714 martyris
1977 4642 2160 4698 Theo-

583 4731 707 4784 dori
732 4744 791 4783 se
816 4731 1048 4784 contulit
1071 4745 1197 4785 eum
1226 4732 1474 4788 exercitu
1501 4747 1604 4788 suo
1633 4735 1893 4790 universo
1927 4751 1940 4786 :
1973 4736 2165 4805 ibique

584 4837 680 4891 per
706 4831 875 4875 totam
909 4831 1122 4878 noctem
1151 4817 1444 4893 propitiato
1475 4827 1731 4894 precibus
1777 4827 2023 4891 numine,
2053 4829 2156 4882 im-

585 4913 853 4966 maculata
893 4912 1190 4984 divinaque
1234 4917 1496 4986 mysteria
1543 4930 1859 4986 percepero.
1911 4917 2042 4973 lude
2085 4923 2150 4975 ad

583 5004 960 5059 instruendam
999 5006 1169 5060 aciem
1204 5021 1417 5069 versus,
1468 5006 1523 5060 in
1572 5020 1634 5061 ea
1680 5009 1795 5076 ipse
1839 5009 2014 5063 media
2051 5011 2168 5066 sibi

581 5096 777 5167 delegit
837 5097 1088 5168 cepitque
1120 5099 1327 5155 locum.
1369 5098 1550 5156 Cornu
1580 5100 1723 5170 quod
1761 5117 1911 5156 mare
1945 5115 2161 5174 specta-

2361 2793 2526 2847 Ἀλλὰ
2571 2793 2799 2847 τοιαῦτα
2852 2793 2953 2862 μὲν
2984 2793 3054 2847 τὰ
3099 2795 3192 2848 τοῦ
3253 2795 3594 2866 Ῥομπέρτου
3646 2798 3875 2872 διανοή-

2277 2887 2428 2957 ματά
2459 2903 2518 2939 τε
2551 2887 2644 2940 καὶ
2673 2885 3024 2957 βουλεύματα
3065 2903 3080 2918 ο
3114 2887 3255 2942 ἄλλα
3291 2890 3464 2941 ταυτὰ
3497 2890 3542 2922 ⁸³
3567 2890 3662 2943 τοῦ
3701 2893 3877 2947 αὑτο-

2277 2979 2550 3049 κράτορος
2587 2977 2960 3049 ποικιλώτερά
2993 2995 3053 3031 τε
3081 2980 3176 3032 καὶ
3215 2979 3472 3050 ὀξύτερα.
3527 2982 3790 3052 Συνεῖχον
3825 2983 3871 3038 δ’

2274 3069 2426 3138 ὅμως
2455 3071 2505 3121 οἱ
2531 3070 2858 3140 δημαγωγοὶ
2887 3070 3055 3138 ἄμφω
3081 3070 3150 3122 τὰ
3181 3073 3590 3141 στρατεύματα,
3622 3089 3869 3143 στρατη-

2277 3162 2401 3229 γίας
2439 3161 2533 3214 καὶ
2564 3161 2930 3232 δημαγωγίας
2961 3161 3091 3233 πέρι
3127 3161 3533 3232 βουλευόμενοι,
3560 3166 3713 3227 ὅπως
3741 3167 3869 3234 μετ’

2275 3255 2593 3326 ἐπιστήμης
2624 3255 3119 3325 δημαγωγήσαιεν,
3153 3255 3245 3308 καὶ
3279 3257 3726 3325 στρατεύσοιντο.
3753 3261 3870 3313 Καὶ

2274 3348 2302 3400 ὁ
2338 3347 2438 3415 μὲν
2475 3348 2841 3420 αὐτοκράτωρ
2879 3349 3085 3418 αἴφνης
3131 3349 3328 3413 νυκτὸς
3356 3350 3414 3417 ἐξ
3460 3353 3729 3420 ἑκατέρου
3764 3357 3864 3423 μέ-

2279 3457 2406 3510 ρους
2457 3443 2812 3494 ὲπεισπεσείν-
2851 3442 2896 3473 ⁸³
2927 3445 2990 3514 τῇ
3020 3442 3113 3495 τοῦ
3154 3444 3497 3513 Ῥομπέρτου
3532 3447 3862 3518 παρεμϐολῇ

2278 3534 2678 3603 σκεπτόμενος,
2736 3534 2797 3588 τὸ
2854 3535 2958 3605 μὲν
3009 3535 3232 3595 ὲονικὸν
3277 3535 3426 3589 ἅπαν
3457 3537 3504 3568 ⁸⁸
3539 3541 3864 3609 στράτευμα

2276 3627 2385 3680 ἀπὸ
2424 3629 2520 3680 τοῦ
2551 3627 2782 3681 ὄπισθεν
2816 3631 3023 3698 μέρους
3082 3629 3358 3698 ἐπέτρεψε
3406 3631 3736 3699 προσϐαλεῖν
3770 3633 3862 3685 διὰ

2275 3720 2386 3772 τῶν
2417 3720 2637 3774 ἁλυκῶν
2667 3719 3000 3785 διελθόντας,
3037 3723 3132 3775 καὶ
3160 3721 3385 3775 πλείονα
3413 3723 3514 3792 τὴν
3543 3724 3855 3792 ὁδοιπορίαν

2273 3813 2646 3878 ἀναδέξασθαι
2699 3815 2902 3877 αὐτοὺς
2946 3814 3034 3868 διὰ
3067 3814 3127 3869 τὸ
3160 3816 3476 3870 ἀνύποπτον
3495 3819 3592 3871 οὐκ
3624 3819 3844 3888 ἀπηνῄ-

2277 3923 2410 3961 νατο
2436 3923 2450 3936 ·
2475 3905 2640 3969 αὐτὸς
2676 3906 2747 3959 δὲ
2772 3906 2884 3960 ἀπὸ
2921 3908 3032 3960 τῶν
3059 3908 3396 3979 ἔμπροσθεν,
3429 3910 3662 3981 ὁπηνίκα
3693 3911 3858 3983 γνοίη

2276 3998 2597 4068 ἐφθακόταςι
2615 4000 2746 4065 τοὺς·
2769 4001 3204 4066 ἀποσταλέντας,
3238 4002 3503 4072 ἠϐούλετο
3524 4003 3863 4072 προσϐαλεῖν

2275 4090 2356 4162 τῷ
2395 4091 2746 4164 Ῥομπέρτῳ.
2781 4094 2882 4156 Ὃς
2908 4095 3072 4157 κενὰς
3113 4095 3215 4156 τὰς
3257 4096 3467 4166 σκηνὰς
3513 4096 3863 4161 καταλιπὼν,

2275 4187 2374 4239 καὶ
2405 4186 2604 4249 νυκτὸς
2630 4185 2722 4239 διὰ
2750 4186 2853 4256 τῆς
2898 4188 3150 4259 γεφύρας
3201 4188 3536 4258 διεληλυθὼς
3588 4191 3771 4261 (ὀγδόη
3816 4191 3865 4244 δ’

2266 4272 2337 4348 ἦν
2371 4277 2509 4349 πρὸς
2540 4281 2608 4349 τῇ
2636 4278 2838 4352 δεκάτῃ
2872 4279 2969 4334 τοῦ
3027 4281 3430 4351 παριπεύοντος
3459 4284 3505 4314 ⁸⁸
3555 4285 3724 4352 μηνὸς
3773 4287 3867 4339 Ὀ-

2270 4370 2575 4442 κτωϐρίου,
2605 4373 2984 4443 ὲπινεμήσεως
3014 4375 3299 4444 πέμπτης)
3330 4375 3392 4428 τὸ
3427 4376 3578 4446 παρὰ
3615 4376 3715 4448 τὴν
3758 4378 3867 4433 θά-

2271 4463 2478 4518 λατταν
2537 4465 2626 4518 ἐπ’
2665 4465 2894 4536 ὀνόματι
2927 4465 3023 4520 τοῦ
3056 4467 3337 4537 μάρτυρος
3369 4467 3652 4538 Θεοδώρου
3683 4472 3868 4526 πάλαι

2274 4555 2708 4627 ἀνοικοδομηοὲν
2747 4557 2976 4626 τέμενος
3010 4557 3284 4613 κατέλαϐε
3318 4559 3462 4614 κατὰ
3503 4561 3617 4630 (66)
3652 4565 3873 4629 παντὸς

2271 4648 2371 4700 τοῦ
2410 4648 2850 4718 στρατεύματος.
2901 4653 3012 4705 Καὶ
3064 4651 3133 4705 δι’
3179 4653 3307 4722 ὅλης
3359 4654 3556 4716 νυκτὸς
3607 4654 3667 4706 τὸ
3707 4654 3872 4710 θεῖον

2272 4741 2758 4813 ἐξευμενιζόμενοι
2787 4783 2815 4809 ,.
2878 4743 2987 4796 τῶν
3045 4747 3337 4816 ἀχράντων
3378 4746 3475 4800 καὶ
3529 4747 3689 4801 θείων
3746 4767 3875 4818 μυ-

2273 4830 2514 4901 στηρίων
2554 4831 2670 4902 (90)
2719 4832 3158 4904 μετελάμϐανον;
3219 4832 3353 4890 Εἶτα
3406 4837 3507 4901 τὰς
3561 4838 3697 4902 ἰδίας
3759 4859 3872 4895 και

2268 4924 2548 4995 ταστήσας
2627 4926 2965 4996 φάλαγγας,
3021 4927 3122 5000 τὴν
3178 4933 3354 5001 μέσην
3406 4931 3580 4986 εἵλετο
3643 4934 3687 4964 ⁸⁷
3755 4937 3868 4991 τοῦ

2272 5015 2653 5088 συντάγματος
2739 5021 2924 5090 χώραν
2953 5063 2968 5088 ,
3025 5023 3086 5074 τὸ
3145 5023 3201 5075 δέ
3254 5041 3319 5093 γε
3376 5025 3514 5096 πρὸς
3576 5025 3869 5084 Θάλατταν

2271 5107 2443 5177 κέρας
2496 5109 2575 5180 τῷ
2635 5110 2924 5184 Ἀμηκέτῃ
2975 5113 3018 5144 ³⁸
3081 5112 3193 5185 (9|)
3238 5115 3510 5185 ἐπέτρεψε
3564 5117 3776 5188 κόμπει-ι
3818 5123 3868 5153 δ’

1572 5241 1773 5303 Varia:
1798 5242 2101 5302 lectiones
2127 5259 2203 5303 ex
2241 5247 2383 5307 cod.
2413 5243 2685 5310 Coislin.

637 5339 681 5368 “
704 5337 839 5392 ἀλλὰ
868 5339 914 5391 δ’
933 5342 1092 5395 αὐτά.
1167 5343 1212 5376 ⁸³
1246 5345 1551 5398 ἐπιπεσεῖν.

583 5426 728 5481 χετο.
807 5411 850 5441 ⁸⁸
893 5411 948 5464 Ἀ
961 5413 1179 5486 μικέτῃ.

1632 5344 1679 5377 ⁸⁵
1709 5343 1872 5400 Deest
1906 5360 2009 5400 vox
2043 5346 2212 5402 ἅπαν.

2292 5348 2337 5381 ⁸⁸
2367 5350 2665 5420 ἐληλυθώς.
2749 5353 2794 5384 ⁸⁸
2827 5353 3292 5423 παριππεύοντος.
3371 5356 3414 5387 ⁵⁷
3453 5357 3611 5424 μετά.
3694 5353 3742 5386 ⁸⁸
3767 5361 3862 5413 εἵ-

1639 5551 1778 5617 Car.
1812 5554 2138 5618 Dufresnii
2163 5558 2260 5618 Du
2295 5560 2518 5639 Cangii
2557 5572 2744 5622 natae.

797 5641 934 5734 [ἦν
990 5650 1183 5734 θρίων,
1199 5654 1573 5734 μυοςτηρίων.
1604 5654 1892 5734 Malaterra
1917 5697 1936 5720 ,
1987 5656 2150 5712 Hanc

2276 5664 2618 5734 :ompunctive
2657 5664 2962 5732 confitentes
3005 5675 3243 5734 peccata,
3304 5668 3620 5721 muniuntur
3677 5684 3859 5727 sacra

584 5724 758 5798 autem
791 5715 954 5780 facto,
988 5722 1115 5798 Adua:
1165 5715 1276 5785 ipse
1307 5715 1439 5778 lucis
1489 5727 1822 5794 crepusculo,
1869 5715 2152 5798 omnesque

586 5790 1053 5868 ’jfifrlfflrgcntes
1096 5805 1451 5868 curn‘summa
1487 5790 1762 5850 deuotione
1796 5799 2019 5868 hymnos
2059 5790 2151 5851 Dei

589 5861 708 5898 cum
758 5866 1037 5906 missarum
1108 5862 1458 5917 celebratione
1516 5868 1775 5935 audiunt,
1831 5861 2152 5938 presbyteris

2273 5731 2465 5786 Viatici
2499 5731 2830 5788 ministeriis.

2335 5806 2448 5873 (9|)
2509 5803 2595 5868 Τῷ
2658 5805 2954 5874 Ἀμικέτῃ-.
3014 5804 3258 5860 Meminit
3315 5809 3572 5863 A'uticctaa
3611 5810 3855 5865 comitis

2264 5890 2567 5944 anonymus
2625 5874 2881 5932 Barcusis
2941 5876 2994 5931 in
3055 5880 3262 5934 Chron.
3325 5896 3415 5932 an.
3473 5880 3649 5935 “:68:
3686 5879 3856 5936 Obiit
