4050 6478
470 405 579 471 359
1751 401 1981 463 ΑΝΝᾸΞ
2018 400 2049 462 ε

2152 398 2404 461 [NEN/E
3645 398 3766 465 360

475 511 701 567 cetratis
731 518 888 568 extra
916 508 1163 566 ordinem
1195 508 1427 580 objectis
1461 509 1729 581 equitatui
1776 510 2046 576 sistendo,

2156 509 2433 581 τραχήλου
2458 510 2580 574 ταῖς
2606 510 2767 577 νηυσὶ
2797 507 2893 563 τοῦ
2946 509 3261 580 Ῥωμαϊκοῦ
3316 510 3412 566 καὶ
3464 510 3764 567 Βενετικςῦ

474 620 543 659 ne
587 619 686 659 sua
736 602 863 658 inde
913 603 1231 657 turbaretur
1292 603 1551 672 phalanx.
1607 602 2049 661 Conserebantur

2155 604 2348 658 στόλου
2380 602 2730 667 πελάζοντες,
2787 604 2999 657 ἐκεῖθεν
3028 604 3259 675 ᾐτοῦντο
3296 603 3396 676 τὴν
3447 606 3766 677 σωτηρίαν,

474 710 603 765 ergo
633 697 777 749 inter
801 704 1041 750 cetratos
1075 704 1301 750 nostros
1336 694 1673 765 Robertique
1701 696 1895 753 velites
1921 713 2044 768 pro.

473 789 719 846 (rituales
753 803 946 858 pugnae
970 829 984 852 ,
1013 788 1442 858 iaculationibus
1483 804 1588 843 non
1625 789 1982 845 creberrimis
2030 807 2045 843 :

474 881 651 935 donec
682 879 926 934 Robertu
953 881 1160 934 sensim
1194 895 1324 934 suos
1356 890 1671 937 assectantc
1699 897 1926 954 campus
1957 885 2049 938 in-

474 982 557 1027 ter
585 977 731 1027 acies
764 973 974 1027 medius
1007 975 1179 1043 magis
1214 989 1278 1027 ac
1319 973 1494 1044 magis
1529 975 1869 1030 arctabatur.
1900 973 2052 1029 Jam-

474 1081 579 1134 que
620 1064 860 1119 Amcccti
897 1066 1130 1132 phalanx
1184 1066 1428 1134 peditatu
1474 1067 1629 1136 juxta
1689 1069 2052 1138 equitatuque

472 1166 646 1211 totum
689 1172 916 1212 emenso
949 1159 1185 1227 spatimn
1210 1201 1224 1223 ,
1256 1157 1517 1228 Nampite
1548 1176 1743 1230 agmen
1777 1163 1937 1233 116
1967 1163 2051 1215 in-

473 1258 707 1309 vaserat,
739 1259 905 1319 atque
945 1251 1081 1306 adeo
1108 1250 1369 1322 barangis
1405 1250 1710 1308 fortissime
1737 1253 2051 1309 resistenti-

470 1352 570 1393 nus
616 1355 806 1394 aversa
840 1342 892 1394 in
935 1341 1115 1411 fugam
1158 1340 1372 1407 fuerat;
1407 1358 1586 1412 neque
1633 1344 1779 1397 enim
1836 1346 2051 1400 eximiis

471 1433 736 1487 militibus
778 1443 886 1487 tota
926 1433 1238 1489 constabat.
1295 1434 1357 1487 lli
1408 1451 1537 1505 ergo
1599 1435 1652 1488 in
1705 1451 1855 1490 mare
1920 1435 2049 1507 fuga

471 1525 635 1578 delati
668 1526 734 1579 ad
770 1527 972 1580 collum
1008 1541 1183 1595 usque
1227 1526 1624 1596 immergebant
1673 1543 1731 1583 se
1764 1528 2048 1594 ﬂuctibus,

470 1619 653 1672 studio
680 1618 1032 1687 contingendi
1074 1617 1351 1675 Romanas
1381 1618 1730 1690 Venetasque
1771 1636 1959 1687 naves,
1994 1622 2049 1675 in

469 1712 673 1778 «μιιὺυε
708 1710 1012 1781 perfugium
1052 1709 1259 1765 frustra
1303 1713 1599 1781 sperabant
1632 1714 1999 1781 petebantque
2032 1727 2048 1765 :

468 1802 693 1871 quando
744 1800 923 1865 Gaita,
964 1809 1025 1855 ut
1076 1804 1298 1872 quidam
1340 1810 1593 1857 auctores
1629 1804 1901 1869 tradunt,
1940 1801 2052 1858 Bo—

471 1896 609 1948 herti
653 1896 873 1961 eonjux,
902 1895 955 1948 in
982 1895 1180 1949 bellum
1213 1903 1402 1950 secuta
1435 1897 1632 1958 virum,
1660 1893 1834 1948 Pallas
1854 1897 2045 1959 altera,

471 1987 599 2041 licet
631 2002 740 2040 non
780 1986 1049 2053 Minerva,
1090 1987 1404 2054 conspicata
1443 1984 1738 2056 fugientes,
1765 1987 1879 2041 acri
1910 1987 2050 2041 fixos

470 2079 651 2132 intuiti
696 2093 895 2150 magna
927 2094 1064 2132 voce
1094 2076 1373 2147 increpuit
1403 2077 1585 2146 lingua
1628 2078 1802 2146 patria
1835 2084 2047 2130 tantum

470 2187 576 2225 non
606 2169 1104 2225 llomericumillud
1124 2170 1425 2224 inclamans
1450 2185 1463 2221 :
1491 2168 1615 2222 Este
1646 2170 1773 2232 viri,
1796 2169 2046 2237 quoniam

469 2280 631 2334 usque
667 2263 851 2333 fugam
903 2262 1125 2315 tendetis
1165 2262 1408 2316 inertem.
1462 2260 1565 2327 Qui
1603 2276 1728 2315 cum
1782 2261 1928 2315 haud
1975 2262 2047 2316 si-

466 2365 744 2412 sterentur
770 2355 1028 2419 clamore,
1058 2355 1175 2424 ipsa
1210 2356 1366 2425 longa
1400 2355 1455 2408 in
1490 2369 1709 2408 manum
1742 2354 1897 2408 basta
1924 2367 2050 2408 cur-

467 2459 621 2519 repta
664 2449 794 2501 totis
849 2446 1042 2502 effusis
1088 2446 1318 2501 habenis
1352 2446 1579 2504 ieuavos
1622 2447 1822 2501 infesta
1856 2462 2046 2517 perse-

466 2542 674 2612 quitur.
724 2540 799 2595 Ea
848 2556 907 2595 re
954 2541 1030 2594 illi
1085 2539 1488 2604 animadversa,
1522 2540 1786 2609 colligunt
1831 2556 1954 2597 sese
1990 2541 2047 2595 in

467 2648 814 2706 pugnamque
875 2648 936 2689 se
986 2640 1179 2698 mutuo
1228 2632 1295 2685 ad
1344 2630 1583 2685 ofﬁcium
1635 2632 1907 2687 adhortati
1960 2648 2050 2686 rc-

465 2731 656 2783 dcttnt.
685 2725 858 2782 Simul
889 2741 1016 2779 vero
1044 2725 1381 2795 bipeunigeri
1403 2732 1458 2779 et
1486 2724 1600 2794 ipse
1624 2724 1827 2792 ductor
1856 2740 2045 2780 eorum

468 2819 752 2889 Nampites
797 2817 998 2874 ardore
1038 2816 1315 2887 pugnandi
1349 2826 1403 2871 et
1436 2831 1696 2871 successu
1741 2816 1919 2884 primo
1953 2829 2049 2885 per

469 2911 794 2979 imperitiam
827 2910 954 2963 elati
980 2947 997 2971 ,
1051 2910 1212 2979 longo
1243 2910 1355 2978 jam
1390 2907 1680 2963 intervallo
1714 2923 1743 2960 a
1782 2906 2047 2962 Romanis

467 3003 731 3074 disjuncti
765 3002 1072 3072 legionibus
1100 3015 1393 3056 conserere
1437 3001 1774 3056 festinabant
1822 3015 2047 3055 manum

466 3111 588 3150 cum
625 3098 739 3165 ipsa
771 3092 1051 3149 Gallorum
1082 3093 1229 3164 acie;
1263 3092 1462 3160 quibus
1497 3102 1553 3147 et
1602 3106 1705 3146 suo
1730 3100 1786 3146 et
1811 3090 2043 3146 aliorum

465 3188 674 3261 judicio
714 3202 1057 3259 nequaquam
1115 3186 1404 3243 inferiores
1454 3187 1511 3240 in
1543 3183 1918 3256 belligerando
1951 3184 2046 3238 ha-
2073 3201 2119 3264 ρ

468 3282 588 3337 heri
618 3281 838 3347 solent;
872 3296 968 3336 eos
1010 3278 1282 3334 Robertus
1314 3288 1507 3334 contra
1533 3279 1816 3333 venientes
1850 3291 2047 3346 specu-

467 3377 612 3431 latus
638 3374 793 3429 facile
818 3372 1054 3443 coujecit
1083 3388 1150 3427 ex
1176 3372 1459 3427 celeritate
1489 3371 1711 3442 gradus,
1739 3386 1806 3426 ex
1836 3371 2049 3440 magni-

465 3469 655 3522 tudine
688 3467 931 3537 percursi
957 3466 1143 3536 spatii,
1170 3465 1234 3520 ἐκ
1266 3464 1531 3533 gravitate
1562 3478 1866 3531 armorum,
1897 3463 2049 3518 defa-

464 3557 663 3626 tigatos
712 3568 777 3608 ac
814 3555 1057 3609 anhelitu
1101 3553 1322 3607 sublimi
1357 3568 1481 3609 esse
1527 3561 1844 3624 Opportere.
1903 3552 2045 3624 Ergo

464 3644 675 3700 insilire
702 3645 754 3699 in
782 3644 928 3713 ipsos
956 3644 1106 3714 jubet
1134 3646 1324 3713 globos
1352 3645 1617 3714 quosdam
1654 3646 1916 3715 peditum,
1954 3648 2047 3717 qui

463 3754 561 3793 eos
590 3737 931 3806 degustatos,
968 3736 1057 3789 ubi
1102 3736 1258 3807 longe
1287 3736 1509 3793 mollius
1536 3752 1699 3807 quam
1739 3752 1836 3806 pro
1865 3737 2044 3792 inces-

464 3845 561 3886 sus
595 3829 826 3884 audaeia
861 3827 1184 3884 resistentes
1232 3828 1502 3892 sentiunt,
1550 3827 1712 3884 facile
1748 3829 1966 3884 admoto
1992 3839 2049 3885 et

466 3922 800 3992 ingetninato
833 3920 1035 3991 impetu
1063 3927 1296 3975 cunctos
1323 3921 1390 3974 ad
1414 3936 1585 3975 unum
1613 3920 1815 3984 delent,
1849 3922 2047 3992 quibus

466 4004 657 4065 tuendi
695 4009 799 4065 loci
830 4009 1050 4064 animus
1078 4018 1174 4063 aut
1214 4023 1345 4063 cura
1391 4010 1684 4080 superfuit.
1725 4009 1919 4066 Castori
1956 4009 2045 4066 fu-

465 4118 590 4174 gam
632 4102 986 4156 intenderunt
1036 4116 1228 4157 versus
1263 4101 1527 4171 templum
1565 4103 1764 4158 summi
1806 4103 2045 4159 caelestis

465 4197 672 4250 militia:
700 4194 968 4265 principis
1023 4192 1326 4254 Michaelis.
1366 4195 1419 4247 in
1455 4195 1598 4265 quod
1626 4234 1640 4258 ,
1686 4206 1891 4265 quanta
1940 4196 2044 4251 loci

462 4289 740 4357 capacitas
775 4286 899 4347 fuit,
929 4285 1226 4356 constipati
1256 4294 1387 4342 sunt
1417 4286 1812 4356 quamplurimi
1853 4306 1866 4342 :
1903 4305 2045 4359 quos

463 4395 617 4434 Sacra
657 4379 802 4435 mdes
832 4393 1025 4449 capere
1087 4380 1230 4435 haud
1272 4381 1469 4449 potuit,
1521 4395 1814 4436 ascensum
1859 4383 1912 4437 in
1964 4389 2048 4438 te-

463 4484 610 4526 ctum
642 4472 765 4541 ejus
813 4488 876 4525 ae
923 4472 1202 4542 fastigium
1241 4473 1417 4528 moliti
1451 4483 1600 4529 tutos
1631 4473 1704 4528 ibi
1745 4490 1807 4530 se
1856 4475 2043 4530 miseri

2153 699 2250 751 καὶ
2329 697 2463 768 παρ’
2531 695 2762 750 ἐκείνων
2810 696 2871 750 οὐ
2941 697 3365 768 προσεδέχοντο.
3434 698 3501 751 'ﬂ
3570 698 3628 752 δέ
3686 714 3767 766 γε

2152 789 2325 844 Γαΐτα
2351 788 2485 859 (92),
2527 789 2603 852 ὼς
2635 789 2793 858 λόγος
2821 788 2906 852 τίς
2957 806 3146 859 φησιν,
3178 792 3211 860 ἡ
3251 789 3347 844 τοῦ
3403 790 3762 862 ⁶Ρομπέρτου

2156 882 2414 945 σύνευνος
2439 880 2592 951 αὐτῷ
2635 881 3142 953 συστρατευομένη,
3199 882 3416 946 Παλλὰς
3451 882 3609 953 ἄλλη,
3642 884 3764 937 κᾶν

2157 972 2231 1043 μὴ
2270 972 2495 1042 Ἀθήνη,
2527 972 2839 1044 θεασαμένη
2888 973 3016 1037 τοὺς
3069 973 3399 1043 φεύγοντας,
3431 973 3597 1047 δριμὺ
3627 974 3763 1027 τού-

2151 1081 2277 1127 τους
2311 1065 2668 1120 ἐνατενέσασα
2716 1065 2781 1127 ⁶²,
2818 1066 2941 1118 κατ’
2990 1066 3175 1119 αὐτῶν
3229 1066 3500 1137 μεγίστην
3543 1068 3763 1136 ἀφεῖσα

2155 1156 2357 1227 φωνὴν,
2399 1158 2625 1225 μονονοὺ
2656 1156 2748 1211 τὸν
2782 1155 2829 1189 ⁸⁸
2875 1156 3181 1228 Ὁμηρικὸν
3231 1156 3362 1220 ἔπος
3397 1161 3461 1228 τῇ
3495 1157 3602 1228 ἰδίᾳ
3628 1158 3760 1211 δια-

2153 1246 2330 1316 λέκτῳ
2381 1247 2565 1317 λέγειν
2620 1247 2806 1318 ἐῴκει·
2874 1249 3063 1318 Μέχρι
3125 1250 3328 1304 πόσου
3384 1251 3726 1318 φεύξεσθε;

2153 1339 2360 1409 στῆτε,
2397 1340 2613 1410 ἀνέρες·
2643 1343 2811 1396 ἐστε.
2867 1340 2957 1404 Ὠς
2982 1342 3040 1395 δὲ
3067 1342 3147 1394 ἔτι
3187 1342 3493 1411 φεύγοντας
3520 1343 3761 1406 τούτους

2152 1431 2301 1502 ἑώρα
2335 1431 2465 1501 δόρυ
2504 1433 2718 1503 μακρὸν
2752 1432 3263 1502 ἐναγκαλισαμένη,
3294 1432 3452 1496 ὅλους
3506 1436 3761 1507 ῥυτῆρας

2152 1522 2380 1577 ὲνῗοῦσα
2410 1524 2555 1577 κατὰ
2581 1524 2691 1576 τῶν
2720 1523 3036 1590 φευγόντων
3070 1524 3230 1577 ἵεται.
3264 1524 3437 1578 Τοῦτο
3472 1525 3761 1594 θεασάμεο

2152 1634 2236 1671 νυι
2262 1616 2359 1670 καὶ
2385 1616 2599 1669 ἑαυτῶν
2624 1617 2938 1685 γεγονότες,
2972 1612 3131 1678 αὖθις
3156 1616 3295 1687 πρὸς
3319 1618 3501 1688 μάχην
3519 1619 3758 1680 ἑαυτοὺς

2152 1708 2576 1763 ἀνεκαλέσαντο.
2657 1706 2811 1762 Ἐπεὶ
2833 1709 2880 1741 ⁸⁸
2910 1709 2968 1762 δὲ
3008 1709 3059 1762 οἱ
3110 1710 3479 1780 πελεκυφόροι
3506 1710 3620 1779 (95)
3647 1712 3757 1765 καὶ

2155 1800 2319 1865 αὐτὸς
2341 1801 2368 1852 ό
2394 1801 2602 1854 τούτων
2636 1801 2884 1872 ἀρχηγὸς
2908 1804 2935 1854 ὁ
2967 1801 3266 1871 Ναμπίτης
3296 1801 3367 1855 δι’
3418 1803 3677 1873 ἀπειρίαν
3697 1803 3754 1835 ⁸⁸

2153 1891 2248 1945 καὶ
2276 1893 2586 1963 θερμότητα
2605 1893 2862 1964 ὀξύτερον
2877 1893 3248 1964 βεόαδικότες,
3275 1894 3462 1949 ίκανὺν
3482 1895 3583 1963 τῆς
3614 1896 3758 1949 Ῥω-

2154 1984 2359 2055 μαῖκῆς
2382 1986 2744 2057 παρατάξεως
2773 1986 3120 2056 ἀπέστησαν,
3160 1987 3489 2051 σπεύδοντες
3536 1987 3754 2058 ξυμϐα-

2149 2075 2263 2130 λεῖν
2289 2078 2333 2109 ⁸⁷
2359 2078 2419 2130 ὲν
2445 2078 2547 2148 ἴσῳ
2576 2078 2737 2149 θυμῷ
2760 2080 2874 2140 τοῖς
2902 2079 3131 2142 Κελτοῖς
3154 2079 3271 2149 (καὶ
3304 2079 3415 2150 γὰρ
3447 2079 3545 2149 οὐχ
3576 2074 3752 2152 ἦττον

2151 2166 2380 2219 ἐκείνων
2428 2165 2560 2236 περὶ
2613 2165 2715 2229 τὰς
2770 2165 2972 2236 μάχας,
3022 2166 3121 2220 καὶ
3177 2158 3328 2220 οὗτοι
3380 2167 3754 2237 ἐκθυμότεροί

2150 2262 2278 2325 εἰσι,
2346 2260 2441 2313 καὶ
2493 2258 2603 2311 τῶν
2652 2257 2877 2312 Κελτῶν
2921 2259 2981 2312 ἐν
3037 2257 3216 2330 τούτῳ
3262 2259 3324 2313 τὸ
3370 2257 3418 2292 ⁸⁸
3450 2258 3614 2331 μέρει
3665 2259 3753 2331 μὴ

2150 2350 2527 2423 ἀποδέοντες),
2586 2352 3001 2414 κεκοπιακότας
3053 2355 3283 2415 τούτους
3330 2351 3431 2424 ήδη
3481 2353 3577 2406 καὶ
3614 2353 3756 2406 ἀσθ-

2153 2445 2447 2515 μαίνοντας
2469 2445 2497 2497 ό
2531 2442 2877 2515 Ῥομπέρτος
2912 2442 3278 2513 θεασάμενος,
3310 2446 3407 2498 καὶ
3451 2443 3612 2498 τοῦτο
3633 2445 3754 2498 ἀπό

2149 2555 2209 2591 τε
2241 2539 2341 2607 τῆς
2364 2536 2543 2601 ὀξείας
2570 2536 2843 2606 κινήσεως
2860 2576 2875 2601 ,
2918 2535 3013 2588 τοῦ
3030 2552 3090 2589 τε
3118 2536 3487 2605 διαστήματος
3512 2536 3756 2607 βεϐαιω-

2151 2623 2262 2686 θεὶς
2298 2622 2514 2678 καὶτοῦ
2545 2624 2747 2693 ἄχθους
2803 2623 2916 2678 τῶν
2946 2625 3150 2690 ὅπλων,
3189 2626 3339 2688 τιμὰς
3395 2626 3507 2678 τῶν
3557 2627 3753 2689 πεζῶν

2150 2714 2431 2785 ἐπέσκηψε
2460 2717 2584 2769 κατ’
2612 2716 2792 2770 αὐτῶν
2827 2716 3186 2785 εἰσπηδῆσαι.
3239 2718 3305 2770 Οἱ
3336 2717 3394 2770 δὲ
3420 2735 3755 2789 προκεκμη-

2152 2809 2312 2872 κότες
2357 2809 2457 2881 ἤδη
2520 2808 2903 2878 μαλακώτεροι
2979 2809 3090 2863 τῶν
3149 2810 3373 2862 Κελτῶν
3431 2812 3748 2879 ἐφαίνοντο.

2152 2902 2350 2954 Πίπτει
2377 2899 2510 2969 γοῦν
2538 2900 2844 2968 τηνικαῦτα
2886 2900 2947 2953 τὸ
2986 2900 3268 2972 βάρσαρον
3301 2899 3472 2966 ἅπαν,
3496 2905 3589 2955 καὶ
3610 2903 3753 2956 ὀπό-

2154 3012 2240 3048 σοι
2295 2994 2504 3047 τούτων
2547 2994 2830 3062 ἐσώθησαν
2886 2995 3020 3063 περὶ
3073 2994 3133 3046 τὸ
3185 2994 3414 3061 τέμενος
3464 2995 3575 3067 (94)
3641 2997 3749 3049 τοῦ

2150 3088 2595 3159 ἀρχιστρατήγου
2647 3085 2871 3156 Μιχαὴλ
2900 3088 3410 3156 προσπεφευγότες,
3438 3087 3489 3140 οί
3516 3088 3614 3158 μὲν
3646 3091 3751 3144 καὶ

2151 3178 2382 3241 ὁπόσους
2436 3177 2697 3248 ἐξεχώρει
2726 3177 2786 3231 τὸ
2814 3177 3044 3248 τέμενος
3093 3178 3243 3242 ἐντὸς
3301 3179 3579 3251 είσῄεσαν,
3610 3182 3751 3236 οῑδε

2150 3272 2363 3326 ἄνωθεν
2403 3271 2498 3325 τοῦ
2550 3271 2813 3342 τεμένους
2876 3272 3196 3336 ἀνελθόντες
3245 3273 3597 3345 εἱστήκεσαν,
3637 3277 3750 3345 τὴν

2152 3364 2452 3436 σωτηρίαν,
2500 3363 2576 3427 ὡς
2604 3363 2797 3434 ᾤοντο,
2846 3363 3061 3419 ὲκείθεν
3094 3366 3649 3437 πραγματευσόμενοι
3669 3367 3749 3424 ⁸⁸.

2150 3458 2215 3511 0i
2264 3457 2322 3510 δὲ
2370 3457 2592 3511 Λατῖνοι
2653 3455 2766 3526 πῦρ
2828 3455 2950 3509 κατ’
2996 3457 3178 3511 αὐτῶν
3232 3459 3485 3528 ἀφέντες,
3532 3458 3629 3512 σὺν
3662 3460 3751 3531 τῷ

2148 3550 2369 3619 τεμένει
2417 3549 2631 3612 πάντας
2691 3547 3069 3603 κατέκαυσαν.
3123 3549 3196 3603 Τὸ
3233 3550 3289 3604 δέ
3316 3568 3381 3619 γε
3422 3552 3610 3606 λοιπὸν
3636 3554 3750 3623 τῆς

2153 3642 2478 3714 Ῥωμαϊκῆς
2513 3640 2795 3712 φάλαγγος
2817 3640 3103 3712 καρτερῶς
3129 3646 3267 3714 πρὸς
3295 3644 3494 3709 αὐτοὺς
3519 3646 3748 3716 ἀπεμά-

2153 3753 2337 3808 χοντο.
2402 3737 2464 3790 Ὀ
2504 3736 2562 3789 δὲ
2622 3735 2962 3805 Ῥομπέρτος
3028 3736 3281 3808 καθάπερ
3332 3754 3416 3801 τις
3459 3741 3741 3809 πτερωτὸς

2152 3827 2390 3896 ἱππότης
2423 3824 2521 3882 σὺν
2545 3828 2668 3890 ταῖς
2700 3827 2920 3893 λοιπαῖς
2972 3827 3241 3897 δυνάμεσι
3292 3831 3434 3884 κατά
3464 3829 3560 3899 τῆς
3604 3829 3736 3883 Ῥω-

2151 3921 2359 3991 μαῖκῆς
2390 3919 2508 3992 ἐλᾷ,
2526 3920 2623 3975 καὶ
2641 3919 2864 3974 ὠθεῖται
2892 3919 3122 3990 ταύτην,
3155 3922 3252 3974 καὶ
3284 3922 3368 3987 είς
3397 3923 3534 3994 μέρη
3559 3923 3741 3978 πολλά

2147 4013 2378 4083 διασπᾷ.
2449 4010 2738 4067 Ἐντεῦθεν
2786 4011 2837 4065 οἱ
2904 4010 3006 4081 μὲν
3062 4013 3175 4066 τῶν
3222 4013 3615 4085 ἀντικειμένων
3677 4015 3746 4066 ἓν

2147 4105 2299 4176 αύτῷ
2331 4103 2409 4176 τῷ
2440 4103 2670 4175 πολέμῳ
2703 4104 3008 4173 μαχόμενοι
3041 4106 3364 4171 πίπτουσιν,
3420 4108 3471 4161 οἱ
3498 4107 3557 4162 δὲ
3585 4111 3748 4181 φυγῇ

2146 4198 2247 4268 τὴν
2302 4195 2516 4251 ἑαυτῶν
2584 4195 3125 4267 ἐπραγματεύσαντο
3194 4198 3493 4269 σωτηρίαν.
3560 4197 3623 4252 '0
3677 4200 3749 4254 δὲ

2150 4289 2409 4361 βασιλεὺς
2455 4288 2693 4355 Ἀλέξιος
2737 4288 2992 4361 καθάπερ
3039 4307 3127 4354 τις
3179 4290 3391 4361 πύργος
3435 4291 3750 4364 ἀκλόνητος

2147 4382 2336 4454 ἔμενε,
2387 4382 2493 4436 κᾶν
2549 4380 2778 4442 πολλοὺς
2818 4381 2930 4434 τῶν
2963 4380 3085 4451 μετ’
3141 4380 3309 4436 αὐτοῦ
3367 4382 3749 4453 ἀποόεόλήκει

2149 4474 2363 4547 ἀνδρῶν
2385 4475 2480 4529 καὶ
2513 4474 2662 4543 γένει
2703 4473 2799 4526 καὶ
2840 4473 3009 4545 πείρᾳ
3044 4477 3418 4547 στρατιωτικῇ
3453 4475 3756 4546 διαφερόν-

462 4565 794 4631 credebant;
830 4580 1018 4619 verum
1056 4563 1235 4619 Latini
1288 4566 1415 4635 igne
1454 4565 1703 4622 immisso
1735 4566 1885 4636 ipsos
1913 4582 2037 4621 cum

2152 4584 2274 4621 των.
2326 4567 2596 4621 Πέπτωκε
2652 4566 2761 4635 γὰρ
2811 4565 3170 4634 τηνικαῦταὸ
3198 4566 3582 4631 Κωνστάντιος
3620 4569 3750 4640 (95)

1530 4679 1733 4750 Variae
1772 4680 2080 4744 lectiones
2122 4698 2200 4744 ex
2237 4680 2383 4742 cod.
2421 4678 2687 4743 Coislin.

535 4780 579 4812 ⁸³
606 4779 1013 4855 ενατενίζουσα.
1093 4780 1140 4830 3'.
1166 4783 1410 4851 ἀφιεῖσα.
1503 4778 1552 4813 ⁸⁸
1582 4781 1663 4836 τό.
1739 4781 1785 4815 ⁸⁸
1815 4785 2030 4855 ἐπειδὴ.

461 4850 807 4922 τευσάμενοι.

2134 4784 2182 4816 ⁸⁵
2213 4783 2532 4853 ἐμπειρίαν.
2608 4780 2748 4833 ⁸⁷’συ
2757 4780 2952 4851 μϐαλεί
2962 4800 2997 4839 θ.

3120 4784 3168 4815 ⁸⁸
3203 4781 3300 4852 τῷ.
3395 4780 3442 4814 ⁸⁹
3469 4798 3749 4855 πραγμα-

1487 4990 1629 5052 Car.
1669 4985 1996 5050 Dufresnii
2028 4988 2120 5048 Du
2155 4987 2381 5065 Cangii
2415 4996 2604 5048 noue.

537 5086 735 5160 (92)*11
791 5087 861 5142 δὲ
917 5089 1127 5145 Putta.
1181 5089 1444 5146 Testatur
1499 5092 1662 5145 etiam
1714 5088 2045 5144 Guillelmus

464 5160 627 5228 Apul.
682 5160 739 5230 in
802 5160 904 5214 hoc
953 5162 1141 5228 praelio
1192 5162 1488 5216 Amazonis
1542 5161 1718 5216 instar
1769 5173 2047 5230 pugnasse

470 5229 691 5283 ltobcrti
728 5245 973 5293 uxorem,
1003 5241 1059 5283 et
1097 5232 1152 5284 in
1184 5246 1250 5285 eo
1293 5232 1637 5284 vulneratam
1670 5248 1685 5284 :

476 5299 626 5371 Uxori
655 5300 709 5353 in
735 5300 831 5371 hoc
858 5299 992 5354 bello
1028 5298 1241 5355 Roberti
1268 5300 1406 5371 forte
1436 5303 1639 5370 sagitta

469 5370 717 5442 Quadam
749 5369 878 5424 lwsa
907 5372 1031 5442 fuit,
1062 5387 1178 5441 qua:
1220 5369 1431 5442 vulnere
1461 5369 1672 5438 territa,
1698 5369 1904 5424 nullam

467 5440 604 5510 (tum
632 5442 877 5507 sperabat
907 5440 1153 5509 opem,“
1174 5457 1300 5510 pene
1328 5441 1601 5509 subegerat
1629 5442 1793 5507 hosti,

468 5508 705 5583 Navigio
741 5512 894 5583 cujus
929 5508 982 5564 se
1009 5508 1376 5583 commendare
1404 5508 1648 5583 v‘o’lebat',

467 5579 733 5650 Instantis
764 5579 998 5635 nietuens
1030 5582 1203 5637 vicina
1235 5580 1472 5650 pericula
1505 5583 1632 5635 let/ti
1656 5596 1673 5634 :

471 5649 620 5721 Hanc
661 5651 795 5704 Deus
823 5653 1039 5721 eripuit,
1067 5652 1189 5721 ﬁeri
1216 5649 1451 5705 ludibria
1485 5654 1668 5706 nolens

475 5717 737 5774 .ifatrona:
772 5717 959 5785 lautia,
997 5717 1103 5776 tarn
1133 5721 1325 5776 nobilis
1351 5732 1400 5775 et
1437 5722 1762 5776 rencraudat.

537 5788 651 5856 (9'5)
697 5790 862 5860 Ἐπεὶ
917 5792 987 5844 δὲ
1028 5792 1448 5860 πελεκυερόροι.
1483 5791 1767 5845 Malaterra
1818 5792 1936 5844 loco
1971 5790 2050 5844 ci-

2148 5087 2336 5159 refert.
2376 5087 2618 5157 Contigit
2677 5102 2807 5144 vero
2869 5088 2975 5143 hoc
3037 5090 3286 5159 praelium
3344 5090 3593 5157 feriam,
3646 5093 3748 5149 dr'e

2148 5158 2210 5214 S.
2250 5157 2406 5230 Luca:
2431 5159 2664 5230 apostoli
2691 5168 2739 5213 et
2766 5157 3126 5230 evangelista,
3154 5176 3246 5215 an.
3274 5160 3517 5226 1082,ut
3543 5178 3751 5220 auctor

2147 5237 2235 5283 est
2265 5229 2589 5299 Anpuymus
2621 5228 3023 5299 Barcusis,‘qui
3058 5232 3229 5285 Anna:
3257 5232 3359 5286 hac
3399 5233 3453 5285 in
3489 5247 3550 5286 re
3597 5248 3709 5289 con
3732 5267 3745 5276 ο

2145 5297 2442 5372 cinit._Sed
2478 5310 2624 5353 errat
2654 5297 3001 5372 Anna,gcut_ng
3043 5301 3118 5372 ait
3144 5301 3339 5355 initum
3394 5300 3587 5357 indict.
3640 5306 3678 5358 4
3724 5323 3741 5372 ;

2148 5383 2272 5422 nam
2310 5368 2413 5421 hoc
2445 5383 2591 5422 anno
2622 5384 2812 5423 mense
2843 5370 3071 5424 Octobri
3103 5372 3361 5426 currebat
3397 5372 3629 5425 indictio
3669 5368 3734 5428 ν.

2220 5438 2550 5511 (9.l_)_AI_Ispi__
2586 5441 2657 5511 τό
2705 5439 2980 5511 τέμενος.
3043 5439 3342 5511 Ecclesium
3394 5439 3455 5495 S.
3492 5439 3739 5511 Nicolai,

2148 5523 2257 5564 non
2300 5508 2610 5570 Michaelis,
2647 5508 2814 5564 habet
2843 5510 2949 5564 hoc
2976 5511 3099 5564 loco
3131 5510 3448 5566 Malaterra.

2220 5578 2333 5648 (95)
2380 5577 2825 5653 βωνστὰκτιος.
2880 5579 3239 5653 Constantius
3286 5581 3737 5653 APorphyrogen.

2150 5660 2313 5714 neta,
2369 5648 2716 5703 Constantini
2775 5651 2935 5704 Ducaz
2984 5651 3330 5714 imperatoris
3373 5648 3440 5706 ei
3486 5648 3744 5711 Eudociz

2152 5719 2335 5790 filiusL
2354 5718 2640 5774 Michaelis
2676 5720 3031 5789 Parapiuacte
3062 5718 3254 5785 frater,
3296 5720 3464 5786 idem,
3506 5723 3739 5790 opinor,

2149 5792 2243 5858 qui
2302 5788 2635 5860 Zuuar;e_et
2704 5788 2955 5860 Scylitzaa
3015 5790 3434 5848 Constantinus.
3491 5788 3744 5850 Narrant

470 5858 585 5910 tato
633 5857 867 5922 primam
929 5862 1093 5915 istam
1146 5857 1528 5928 Var-angorem
1577 5862 1789 5916 cladem
1844 5862 2050 5931 pariter
2133 5861 2353 5930 'quippe
2381 5860 2417 5913 ii
2450 5858 2755 5929 scriptores
2781 5857 2994 5919 liberos
3024 5876 3117 5919 sex
3154 5862 3415 5920 habuisse
3457 5861 3745 5919 Constan-
