4110 6396
500 386 615 446 ’3ῧ3

1823 387 2052 449 ΑΝΝΑΞ
2088 387 2478 452 ΟΟΜΝΕΝᾹΞ

3692 379 3805 448 3ίῐ4

506 502 757 557 'fortibus
793 517 1132 576 magnopere
1161 502 1416 559 aﬂ‘ectarc
1461 502 1615 559 visus
1643 503 1861 558 laudem
1894 519 2105 573 pugna-

2209 503 2283 568 ὡς
2338 503 2503 569 αὐτὸς
2560 503 2767 570 ἐκεῖνος
2819 504 3024 574 ἔλεγεν,
3058 508 3084 559 ὁ
3134 504 3189 558 δὲ
3242 503 3426 575 τρίτος
3493 500 3807 555 κατόὺδὲν

516 599 652 653 toris
685 598 1102 667 generosissimi
1128 598 1398 653 omnium.
1424 595 1561 652 Cum
1593 596 1697 652 hoc
1718 594 1882 652 modo
1913 595 2097 650 dictus

512 688 874 744 Constantius
906 688 973 743 de
1010 689 1219 759 nuptiis
1254 704 1377 744 cum
1412 702 1606 743 sorore
1648 688 1821 758 ipsius
1854 696 2097 743 tractare

515 781 724 837 crebris
768 781 1157 851 congressibus
1197 789 1458 852 coeperat.
1505 780 1708 836 Eodem
1758 796 1977 853 quoque
2004 780 2100 837 ab-

515 883 770 944 sumptus
818 872 927 927 fato
983 881 1067 928 est
1108 871 1452 943 Palaeologus
1504 870 1885 942 Nieepborus,
1946 880 2100 942 pater

512 963 757 1034 Gt‘ttt‘gii,
801 966 1005 1036 aliique
1034 981 1096 1020 ex
1139 965 1473 1021 illustribus.
1520 964 1735 1036 Quippe
1794 963 2098 1021 Zacharias

514 1059 625 1113 ictu
652 1059 835 1114 letbali
872 1059 1139 1130 trajectus
1175 1068 1391 1128 pectus,
1426 1059 1591 1113 simul
1630 1059 1845 1129 accepit
1874 1059 2097 1126 vulnus,

514 1152 681 1206 sinuil
734 1152 973 1207 animam
1030 1152 1291 1209 reddidit.
1328 1152 1598 1208 Similiter
1647 1151 1810 1224 periit
1848 1153 2100 1222 Aspetes,

512 1253 566 1297 et
625 1243 956 1300 cximiorum
1017 1245 1289 1315 plerique.
1350 1244 1539 1299 Stante
1596 1252 1777 1299 tamen
1837 1245 2017 1299 adhuc
2048 1253 2104 1299 et

514 1336 731 1406 vigente
790 1336 1161 1394 nihilominus
1195 1344 1317 1409 post
1370 1343 1579 1392 tantam
1628 1336 1831 1392 caedem
1885 1335 2096 1407 praelia,

514 1429 762 1497 quandiu
792 1430 1003 1487 scilicet
1049 1430 1275 1503 impune
1306 1431 1560 1487 exstabat
1586 1430 1884 1502 imperator
1904 1429 2097 1501 locum

2206 595 2412 651 τούτων
2437 596 2694 663 ἐλάττων,
2727 597 2880 661 ὅλους
2906 596 3150 668 ῥυτῆρας
3182 595 3425 657 ἐνδόντες
3451 595 3561 656 τοῖς
3588 592 3806 656 ἵπποις,

2207 687 2409 757 δόρατα
2457 687 2647 758 μακρὰ
2695 687 3192 759 ἐναγκαλισάμενοι
3235 689 3356 740 κατ’
3392 685 3559 739 αὐτοῦ
3592 684 3806 739 ἵενται.

2208 780 2375 834 Καὶὸ
2431 779 2531 847 μὲν
2590 780 2901 852 Ἀμηκέτης
2935 780 3306 850 διημαρτήκει
3358 779 3454 833 τοῦ
3506 778 3809 850 βασιλέως,

2212 870 2408 941 μικρὸν
2441 872 2906 944 παρεκκλίναντος
2960 872 3054 926 τοῦ
3089 875 3135 907 9⁸
3164 873 3368 926 ἵππον
3404 870 3498 925 τοῦ
3552 870 3597 924 6'
3637 870 3811 925 ἄλλου

2209 963 2270 1017 τὸ
2295 964 2423 1034 δόρυ
2452 963 2541 1017 διὰ
2592 963 2685 1017 τοῦ
2725 963 2912 1032 ξίφους
2936 965 2963 1016 ὁ
2999 964 3253 1034 βασιλεὺς
3277 962 3656 1034 ἀπωσάμενος,
3706 962 3815 1015 καὶ

2209 1056 2450 1120 τονὼσας
2474 1056 2571 1128 τὴν
2605 1060 2785 1129 χεῖρα,
2829 1057 2982 1109 παίει
3023 1056 3215 1110 τοῦτον
3261 1058 3403 1110 κατὰ
3445 1057 3546 1125 τὴν
3588 1055 3807 1118 κλεῖδα,

2215 1150 2309 1203 καὶ
2359 1149 2459 1218 τὴν
2508 1150 2666 1221 χεῖρα
2706 1146 2800 1202 τοῦ
2848 1147 3038 1201 λοιποῦ
3093 1148 3390 1218 ἀποτέμνει
3437 1147 3721 1215 σώματος,
3781 1146 3816 1197 ὁ

2211 1241 2265 1296 δὲ
2300 1241 2580 1313 φρενήρης
2639 1258 2696 1293 τε
2755 1240 2831 1293 ὢν
2881 1241 2973 1293 καὶ
3026 1240 3240 1311 ἑδραῖος
3289 1241 3380 1292 τον
3435 1239 3583 1304 νοῦν,
3633 1236 3818 1309 μηδὲν

2210 1336 2346 1399 ὅλως
2410 1334 2706 1405 συγχυθεὶς
2764 1335 3063 1404 γοργότητι
3119 1333 3384 1405 γνώμης,
3438 1335 3494 1388 ὲν
3539 1333 3818 1401 ἀσκέπτῳ

2210 1427 2386 1500 χρόνῳ
2412 1427 2474 1481 τὸ
2498 1428 2616 1482 δέον
2660 1427 2863 1497 συνεὶς,
2897 1425 3088 1482 ’ὑπ-τιον
3121 1425 3238 1497 ἅμα
3266 1429 3331 1499 τῇ
3382 1428 3563 1499 πληγῇ
3609 1424 3825 1479 ἑαυτὸν·

1610 1636 1751 1700 Car.
1791 1632 2127 1698 Dufresnii
2163 1635 2264 1697 Du
2298 1633 2517 1715 Cangii
2560 1639 2752 1697 nota).

490 1847 904 1920 patrimonium
937 1849 1293 1905 rexitPetrus
1322 1854 1571 1919 patruus.
1596 1848 1728 1904 Erat
1757 1848 1889 1904 illud
1925 1847 2097 1920 potis-
2123 1851 2173 1911 B
2202 1851 2294 1913 '53.
2326 1848 2397 1904 51
2436 1856 2493 1904 et
2523 1849 2641 1908 35'.
2683 1848 2889 1915 quibus
2943 1850 3155 1904 exactis
3194 1856 3247 1902 et
3284 1847 3476 1913 finitis,
3527 1849 3720 1905 Petrus
3751 1858 3822 1905 et

516 1919 712 1991 simum
752 1919 806 1974 in
842 1920 1033 1989 Apulia
1068 1921 1343 1983 Peucetia.
1377 1921 1465 1975 ubi
1516 1920 1716 1991 oppida
1781 1928 1835 1976 et
1885 1919 2095 1981 castra,

514 1990 583 2043 ab
611 2003 715 2043 aro
752 1991 1013 2060 pleraque
1035 1992 1091 2045 in
1120 2006 1214 2046 ora
1241 1991 1409 2046 maris
1440 1990 1739 2048 exstructa.
1765 1991 1853 2060 vel
1885 1991 2098 2045 instau-

518 2073 678 2123 rata,
736 2058 1057 2127 eminebat;
1133 2061 1377 2115 Andrum
1445 2061 1740 2126 videlicet,
1811 2058 2093 2124 Trannm,

516 2130 796 2195 Curetum,
833 2130 1111 2198 Barolum,
1156 2130 1422 2197 anilias,
1469 2139 1730 2201 praterea
1769 2129 2093 2187 Tarentum.

516 2201 670 2266 Quod
703 2202 965 2271 oppidum
1010 2218 1133 2257 cuzn
1167 2217 1195 2255 a
1224 2201 1388 2257 Petro
1422 2210 1693 2271 repeteret
1729 2201 2092 2265 Guiscardus,

514 2272 606 2338 qui
641 2272 772 2326 illud
814 2287 842 2325 a
892 2271 1060 2325 fratre
1091 2272 1193 2326 sibi
1233 2286 1558 2327 concessum
1592 2272 1979 2337 contendebat,
2004 2288 2096 2325 nr-

517 2353 630 2395 tum
655 2352 738 2396 est
771 2344 912 2397 inter
948 2343 1071 2397 illos
1094 2341 1317 2397 bellum.
1352 2343 1493 2395 Petri
1531 2352 1715 2411 partes
1742 2351 1989 2397 sectatus
2015 2352 2098 2397 est

515 2413 760 2479 Amicus,
793 2411 1072 2467 Juvenaeii
1112 2421 1165 2467 et
1208 2412 1507 2480 Spinacioii
1549 2428 1753 2472 comes.
1778 2422 1875 2468 aut
1920 2413 2098 2467 domi-

486 2494 640 2547 bus,
678 2484 823 2539 Petri
879 2483 1367 2552 consanguineus;
1430 2482 1622 2553 Amico
1672 2482 1816 2537 enim
1871 2492 2096 2553 patruus

484 2553 662 2609 —Petri
708 2566 864 2623 pater
915 2555 1228 2617 exstiterat,
1297 2554 1475 2623 inquit
1539 2552 1877 2609 Guillelmus
1931 2554 2093 2623 Apul.

510 2622 719 2694 Captus
755 2626 807 2679 in
860 2625 967 2679 boc
993 2625 1135 2679 bello
1182 2625 1400 2688 Petrus.
1438 2637 1571 2692 pace
1613 2625 1831 2679 tandem
1865 2640 1893 2678 a
1929 2622 2097 2679 Guis.

513 2695 681 2748 cardo
711 2697 1030 2762 impetrata,
1079 2694 1279 2764 oppida
1321 2710 1441 2762 qua:
1497 2695 1813 2764 perdiderat
1864 2695 2094 2764 recepit,

511 2777 740 2833 excepto
763 2766 967 2820 'l'rano.
993 2763 1098 2818 Sed
1124 2768 1266 2818 baud
1301 2765 1475 2834 multo
1500 2776 1622 2834 post
1651 2763 1844 2820 Petrus
1875 2763 2095 2821 rursum

515 2836 572 2891 in
608 2832 958 2905 rebellionem
992 2836 1271 2903 delapsus,
1303 2832 1549 2889 Jordano
1581 2835 1847 2905 Capuano
1886 2836 2097 2904 princi-

516 2907 590 2975 pi,
628 2908 719 2975 qui
754 2921 783 2959 a
824 2904 1133 2960 Cuiseardo
1182 2905 1508 2970 desciverat,
1549 2904 1673 2959 una
1705 2920 1832 2959 cum
1881 2908 2093 2971 Amico,

514 2974 857 3045 Abagelartlo
884 2974 1165 3029 llumfredi
1201 2977 1334 3040 tilio,
1370 2975 1609 3031 Roberto
1637 2977 1837 3031 comite
1867 2976 2096 3031 Montis-

516 3047 780 3109 scabiosi,
806 3046 1150 3110 Coffredode
1179 3046 1526 3100 Conversana
1565 3048 1787 3100 lioberti
1817 3046 2010 3115 fratre,
2043 3054 2097 3101 et.

514 3118 638 3171 aliis
670 3119 1007 3186 adjungitur.
1042 3118 1164 3182 Quo
1197 3116 1251 3170 in
1284 3117 1426 3171 bello
1452 3115 1807 3170 Juveuatium
1837 3116 2098 3172 Guiscar-

2204 1921 2437 1979 Amicus
2464 1935 2588 1975 cum
2620 1920 2862 1975 Roberto
2898 1921 2952 1975 in
2983 1920 3308 1975 Dalmatiam
3340 1922 3695 1987 trajecernnt,
3720 1922 3819 1976 uti

2206 1994 2310 2048 hoc
2350 1990 2474 2045 loco
2529 1991 2682 2044 Anna
2722 1999 3143 2047 commemorat.
3196 1991 3485 2046 Exstincto
3538 1992 3816 2053 Rulicrto,

2202 2064 2402 2120 Petrus
2434 2061 2500 2115 ad
2566 2061 2817 2116 Alexium
2869 2065 3124 2123 transiit,
3186 2074 3310 2115 mox
3386 2074 3508 2116 cum
3571 2060 3821 2117 Francis

2204 2132 2486 2203 nobilibus
2520 2132 2576 2186 in
2616 2130 2837 2203 Syriam
2878 2134 3185 2203 profectus,
3222 2131 3606 2199 praefecturam
3642 2133 3696 2186 in
3733 2150 3816 2190 ea

2207 2202 2588 2273 expeditione,
2620 2211 2670 2256 et
2691 2204 3062 2273 principatum
3085 2202 3350 2258 Cmsarere
3370 2203 3421 2256 in
3455 2204 3819 2273 Cappadocia

2202 2275 2465 2331 obtinuit.
2511 2273 2642 2327 Inde
2682 2275 2736 2328 in
2773 2272 3041 2328 Graeciam
3071 2288 3349 2337 reversus,
3387 2272 3583 2328 Alexio
3609 2287 3820 2330 contra

2202 2346 2585 2400 Boemnudum
2649 2345 2871 2409 meruit,
2906 2358 2971 2398 ac
3027 2345 3246 2399 demum
3308 2344 3678 2414 llidymnticbi
3745 2347 3818 2406 in

2203 2415 2441 2470 Thracia
2479 2416 2714 2468 fortuna:
2745 2430 2860 2469 sua:
2900 2415 3086 2470 sedem
3126 2414 3261 2468 ﬁxit.
3297 2415 3504 2470 Auctor
3528 2424 3613 2469 est
3649 2416 3818 2471 enim

2200 2486 2422 2541 Nicetas
2458 2486 2511 2538 in
2548 2484 2690 2538 Man.
2720 2486 2812 2541 lib.
2843 2501 2902 2549 ll,
2932 2501 2988 2540 n.
3024 2486 3331 2555 Lquatuor
3351 2484 3824 2540 fratresl‘etrali-

2199 2558 2358 2627 pbas,
2389 2570 2452 2608 ex
2504 2556 2767 2611 Francica
2797 2566 2960 2625 gente
3004 2555 3293 2627 oriundos,
3331 2558 3422 2625 qui
3459 2572 3524 2611 eo
3546 2572 3661 2611 tero
3711 2557 3824 2610 Di-

2201 2625 2538 2700 dymoticum
2588 2627 2938 2700 _incol_ebaut,
2982 2625 3255 2700 _h_l_aptteli_
3288 2628 3606 2696 imperatori
3658 2627 3822 2700 bello

2201 2696 2391 2752 contra
2448 2698 2668 2752 Siculos
2726 2697 2789 2751 C.
2822 2712 2915 2750 an.
2975 2696 3113 2752 “52
3167 2698 3455 2761 militasse,
3500 2698 3820 2767 inquibus

2203 2768 2356 2823 fuere
2388 2766 2732 2837 Nicephorus
2763 2777 2816 2821 et
2849 2767 3074 2822 Alexius
3110 2767 3458 2837 Pvtralipbze,
3492 2768 3561 2820 de
3599 2766 3824 2837 quibus

2200 2840 2525 2900 Cinnamus,
2574 2839 2669 2892 lib.
2710 2854 2741 2891 ν
2781 2848 2835 2893 et
2895 2854 2968 2891 γι.
3014 2842 3162 2901 Quos
3200 2840 3421 2908 quidem
3474 2853 3501 2892 a
3536 2838 3699 2894 Petro
3735 2842 3826 2895 de

2201 2910 2418 2978 Alfpba,
2448 2909 2608 2976 cujus
2639 2909 2728 2961 bie
2773 2911 2978 2962 mentio
3017 2908 3096 2974 fit,
3135 2920 3434 2978 prognatos
3474 2910 3671 2963 suadet
3698 2925 3829 2965 ,ρο-

2202 2996 2463 3048 gnomon,
2504 2988 2558 3033 et
2589 2980 2854 3047 temporis
2886 2979 2965 3034 vel
2997 2994 3266 3033 annorum
3310 2982 3472 3034 ratio.
3506 2980 3827 3035 Enimvero

2202 3060 2425 3105 constat
2479 3050 2926 3119 Petralipharum
2982 3048 3247 3103 familiam
3307 3051 3358 3103 in
3423 3052 3631 3118 palatio
3661 3052 3830 3105 (Inn-

2204 3121 2698 3189 stantinopolitano
2759 3123 2967 3187 primas
3030 3120 3377 3189 iOliillllliSSE.
3413 3126 3829 3176 .ltccensentur

510 3188 575 3242 di
601 3202 784 3269 partes
827 3197 1108 3269 secutum.
1147 3188 1350 3269 frustra
1393 3188 1705 3269 allAAllllCQ.
1732 3190 1917 3269 “cujus
1956 3198 2094 3253 erat,
2126 3206 2173 3269 ρ
2205 3193 2353 3246 enim
2396 3188 2466 3269 ab
2494 3194 2682 3246 eodem
2720 3190 2905 3269 Met-ta
2940 3192 2991 3243 in
3026 3188 3256 3269 Isauria,
3299 3193 3392 3269 lib.
3431 3193 3508 3269 tit,
3544 3208 3597 3245 n.
3628 3194 3686 3269 8._
3719 3192 3832 3269 li}-

514 3266 570 3313 et
597 3256 762 3314 sociis
793 3259 1081 3312 obsidione
1102 3265 1373 3311 tentatum
1406 3257 1571 3326 290
1601 3265 1701 3311 est.
1728 3256 1866 3312 Pace
1887 3259 2102 3313 firmata

482 3358 487 3367 ν
513 3329 654 3383 inter
674 3328 977 3383 Jordanum
1003 3337 1057 3383 et
1088 3327 1478 3388 Guiscardum,
1507 3343 1630 3380 cum
1663 3329 1887 3384 Amicus
1904 3328 2105 3398 Spina-

512 3401 738 3460 ciolum,
772 3400 861 3453 cui
890 3399 1038 3453 ﬁlius
1062 3407 1313 3468 prteerat,
1332 3398 1630 3468 amisisset,
1653 3415 1775 3452 cum
1799 3399 2107 3454 Guiseardo

510 3470 926 3526 reconciliatur.
964 3467 1162 3537 Petrus
1206 3484 1356 3531 vero,
1391 3469 1480 3522 cui
1530 3467 1770 3522 Trautun
1806 3479 1861 3523 et
1897 3468 2102 3525 Taren-

510 3549 628 3595 tum
698 3541 1003 3596 abstulerat
1072 3539 1438 3602 Guiseardus,
1506 3548 1727 3607 recepto
1782 3540 1985 3604 'l‘rano,
2038 3542 2106 3594 ab

510 3614 704 3667 eodem
732 3613 961 3680 perinde
991 3624 1179 3679 pacem
1209 3611 1444 3665 obtinet.
1492 3607 1707 3680 Amico,
1751 3622 1949 3679 praeter
1977 3610 2106 3665 Gof-

513 3678 753 3744 tredum,
786 3678 1047 3735 filiusfuit
1072 3680 1390 3745 Gualterus,
1420 3681 1514 3748 qui
1548 3698 1576 3731 ει
1610 3678 1901 3735 Guiilelmo
1934 3681 2101 3750 Apul.

516 3768 627 3806 non
668 3753 840 3807 semel
881 3763 1242 3806 memoratur.
1301 3751 1466 3805 Gesta
1511 3764 1638 3804 esse
1678 3752 1793 3806 haec
1834 3751 1974 3805 bella
2009 3765 2102 3806 an.

519 3823 657 3878 1082
688 3829 885 3877 auctor
914 3830 1000 3877 est
1032 3820 1342 3876 Gaufredus
1383 3820 1695 3887 Malaterra,
1727 3822 1822 3876 lib.
1853 3834 1935 3888 tu,
1974 3834 2104 3892 cap.

2207 3270 2291 3316 ter
2340 3263 2655 3322 arcbontcs,
2695 3277 2793 3315 seu
2847 3263 2997 3315 viros
3032 3261 3183 3316 urbis
3239 3263 3557 3331 primarius,
3595 3263 3689 3326 qui
3752 3262 3824 3318 in

2208 3332 2477 3386 lsaacium
2536 3332 2801 3401 Angelum
2836 3331 3513 3403 conspiragtnt,.loannes
3538 3331 3565 3383 ὁ
3603 3334 3831 3403 Harpen-

2207 3403 2391 3471 λίφας,
2423 3419 2452 3457 a
2480 3418 2589 3472 quo
2621 3417 2795 3472 genus
2835 3401 3069 3457 ducebat
3102 3401 3448 3467 Theodorus,
3497 3418 3603 3455 non
3637 3401 3827 3459 semel

2207 3474 2276 3527 ab
2305 3474 2625 3542 Acropolita
2661 3482 3028 3534 memoratus,
3061 3473 3222 3543 cujus
3272 3488 3431 3528 soror
3465 3474 3655 3542 nupsit
3706 3473 3823 3527 Mi-

2209 3544 2385 3614 ebaeli
2422 3543 2631 3614 Augelo
2685 3544 2964 3614 Dyrrachii
3007 3545 3156 3608 duci,
3199 3543 3348 3610 quod
3389 3544 3553 3598 etiam
3583 3544 3825 3612 scripsit

2209 3613 2528 3685 Gregoras.’
2562 3613 2882 3669 lntricatum
2936 3615 3039 3668 hoc
3071 3614 3510 3683 Petralipltarum
3556 3621 3609 3668 et
3658 3613 3822 3667 Ami-

2214 3687 2428 3807 lciorum
2489 3695 2723 3740 stemma
2784 3695 2999 3740 retexet
3052 3685 3341 3755 subjectus
3393 3686 3556 3740 index
3605 3698 3817 3755 genea-

2237 3769 2449 3807 caicus.

2237 3769 2449 3825 ogicus.

1841 4102 1902 4152 N.
1936 4105 2078 4165 pater
2112 4098 2268 4165 Petri.
2304 4095 2454 4151 Guiil.
2476 4097 2621 4162 Apul.
2646 4110 2759 4164 pag.
2789 4098 2865 4160 12,
2888 4098 2968 4148 28.

700 4250 761 4301 N.
792 4255 933 4313 pater
955 4252 1130 4375 Aniici.
1162 4251 1312 4302 Guill.
1341 4251 1488 4316 Apul.
1522 4266 1636 4320 pag.
1665 4255 1742 4315 12,
1764 4254 1846 4315 ‘28,
1872 4253 1923 4314 b,
1948 4253 2029 4314 29,
2056 4254 2104 4301 b.

887 4403 1089 4453 Amicus
1112 4417 1282 4455 comes
1302 4404 1586 4455 Juvenacii.

1771 4405 2022 4456 Gotfridus
2053 4417 2221 4452 comes
2244 4402 2538 4452 Andrensis.

2327 4253 2510 4303 Petrus
2543 4264 2711 4377 conlies
2736 4250 3031 4300 Andrensis.
3063 4249 3209 4302 Guill.
3244 4250 3389 4314 Apul.
3415 4260 3532 4314 pag.
3559 4248 3634 4298 14.

2727 4401 2911 4451 Petrus
2942 4401 3127 4454 Graecis
3158 4400 3472 4463 Petraliphas
3505 4398 3693 4450 dictus.

1855 4464 2004 4517 Guill.
2040 4466 2185 4530 Apul.
2212 4477 2325 4529 pug.
2357 4464 2432 4513 H.

608 4621 868 4671 Gotl’redus
964 4621 1231 4670 Gualterus
1255 4620 1478 4667 Aniieus.

625 4682 843 4732 Amicus.
910 4682 1056 4731 Gutu.
1082 4679 1228 4744 Apul.
1257 4691 1371 4744 pag.
1395 4681 1443 4741 8,
1474 4679 1547 4727 lt.

1594 4890 1629 4940 t.
1663 4904 1720 4953 ιι,
1745 4903 1789 4940 c.
1820 4889 2003 4950 18,25,
2030 4887 2108 4948 56,
2137 4888 2219 4950 58,
2246 4887 2326 4939 to.

979 5044 1251 5096 Ricbardus
1279 5055 1445 5100 comes
1479 5043 1773 5103 Andrensis,
1801 5044 1944 5102 cujus
1973 5041 2204 5090 meminit

1448 5105 1734 5158 Cinnamus.

1764 4618 2036 4665 llicbardus
2065 4627 2232 4664 comes
2271 4613 2568 4661 Andrensis.

1634 4676 1782 4729 Guill.
1809 4679 1954 4743 Apul.
1977 4689 2093 4743 pag.
2118 4676 2194 4726 14.
2222 4675 2407 4724 Baron.
2430 4677 2523 4725 An.
2554 4674 2692 4724 1090.

2762 4611 3069 4674 Nicepltorus
3094 4618 3148 4661 et
3179 4612 3388 4661 Alexius
3415 4611 3742 4674 l’etraiipbw,
3767 4615 3854 4665 ab

2945 4676 3119 4722 borum
3148 4676 3308 4722 altero
3345 4681 3633 4736 prognatus.

2822 4826 3043 4873 Joannes
3077 4822 3390 4893 l’etralipbas
3418 4824 3602 4871 lsaacio
3626 4829 3768 4886 Aug.

3138 4890 3438 5008 impei'aute.

3041 5036 3102 5088 N.
3140 5041 3292 5098 nupta
3330 5034 3558 5083 Michaelt

3220 5099 3437 5160 Angeio.

2472 5036 2762 5087 Theodorus

2443 5097 2778 5162 Pctraliphas.

918 5233 2231 5323 mm

627 5379 3683 5407 ww

2371 5398 2564 5468 Ughcu.
2597 5391 3185 5470 ιοηῐςνιῑιεῖςάενη
3211 5409 3327 5465 pag.
3362 5396 3504 5461 1091,
3540 5391 3685 5447 1094.

1948 5674 2233 5692 Μ
2261 5674 2270 5682 ⁸

2298 5666 2431 5682 -.ι-.-
