4110 6456
403 457 509 519 εἶθὸ

405 565 477 625 ὼς
504 565 573 616 ἐπ

409 656 500 709 τοῦ
537 653 791 722 σώματος
830 653 1031 723 μικρὸν
1061 650 1424 721 ’παραξισασα
1447 650 1479 720 ἠ
1502 648 1598 702 τοῦ
1629 647 1816 716 ξίφους
1840 644 1996 715 ἀκμὴ

409 749 540 819 περὶ
582 747 682 818 τὴν
717 745 890 817 ἀκοὴν
927 744 1396 817 παραπτδισθείσα
1434 743 1534 813 τῆς
1580 740 1846 812 κόρυθος,
1901 738 1998 793 καὶ

410 841 501 894 τὸν
550 839 848 908 συνέχοντα
898 837 1108 908 ταύτην
1152 836 1258 890 ὑπὸ
1286 837 1387 907 τὴν
1425 838 1588 904 γένυν
1641 832 1841 903 ἱμάντα
1883 831 2000 885 δια-

413 933 696 996 σπασασα,
725 924 836 983 ὦσε
873 929 1083 999 ταύτην
1112 931 1191 993 είς
1219 929 1345 998 γῆν.
1378 925 1698 998 Τηνικαῦτα
1740 925 1799 977 δὲ
1836 923 1866 977 ὁ
1901 923 2000 994 μὲν

414 1023 622 1086 Κελτὸς
671 1025 880 1087 ἐκεῖνος
936 1022 1202 1094 παραθέει
1249 1021 1310 1076 ὃν
1366 1019 1505 1091 (baro
1552 1017 2001 1088 κατακρημνίσαι

411 1116 510 1168 τοῦ
545 1116 739 1178 ἵππου,
786 1118 813 1168 ὁ
851 1115 895 1166 δ’
925 1115 1086 1178 εὐθὺς
1114 1112 1380 1185 ὀρθωθεὶς
1427 1115 1519 1166 ἐπὶ
1553 1114 1653 1182 τῆς
1689 1108 2002 1179 ὲφεστρίδος

413 1211 633 1280 ἑδραῖος
688 1207 960 1278 ὶκὰθητο,
1023 1207 1192 1278 μηδὲν
1263 1206 1374 1260 τῶν
1433 1204 1612 1259 ὃπλων
1689 1200 2000 1258 ἀποὸαλὼν.

428 1301 600 1355 Ἀλλὰ
645 1301 742 1354 καὶ
788 1300 997 1370 γυμνὸν
1040 1297 1102 1350 τὸ
1145 1298 1296 1368 ξίφος
1332 1296 1578 1367 κατέχων
1609 1297 1675 1366 τῇ
1709 1293 1880 1363 δεξιᾷ,
1926 1291 2005 1363 τῷ

415 1394 474 1448 δὲ
501 1393 688 1464 λύθρῳ
727 1391 818 1445 τοῦ
856 1392 990 1446 ἰδίου
1032 1391 1452 1460 πεφοινιγμὲνος
1492 1389 1743 1459 αἵματος,
1779 1387 1874 1441 καὶ
1905 1385 2004 1456 τὴν

417 1484 668 1554 κεφαλὴν
697 1482 1139 1553 ἁπερικάλυπτον
1173 1481 1312 1551 ἔχων
1339 1521 1354 1546 ,
1389 1480 1484 1534 καὶ
1512 1480 1614 1550 τὴν
1657 1477 1872 1549 πυρσὴν
1912 1477 2006 1530 καὶ

418 1577 662 1648 ἡλιῶσαν
712 1577 890 1646 κόμην
950 1575 1446 1646 περιπλανωμένην
1495 1575 1614 1635 ταῖς
1665 1572 1859 1642 ὄψεσι,
1910 1569 2008 1624 καὶ

417 1666 741 1719 διοκλοῦσαν
764 1666 882 1698 ⁸⁸⁸⁸⁸
934 1666 1125 1719 αὐτόν·
1162 1669 1190 1718 ὁ
1247 1665 1356 1736 γὰρ
1393 1665 1558 1726 ἵππος
1605 1663 2006 1734 ταραττόμενος

420 1757 520 1812 καὶ
562 1757 862 1812 ἀποπτύων
903 1757 1034 1821 τοὺς
1063 1757 1317 1824 χαλινοὺς
1346 1757 1442 1810 καὶ
1487 1757 1839 1827 φριμάσσων,
1876 1755 2007 1807 ἀτα-

419 1849 684 1918 κτότερον
726 1848 1022 1923 ἐμπίπτειν
1072 1847 1148 1920 τῷ
1180 1848 1458 1921 προσώπῳ
1497 1850 1624 1911 τοὺς
1675 1847 2006 1919 βοστρύχους

419 1943 868 2013 παρεσκεύαζεν*
905 1942 1043 1996 ἀλλὰ
1090 1944 1183 1996 καὶ
1231 1941 1306 2005 ὡς
1358 1941 1548 1995 ἑαυτὸν
1593 1941 2009 2008 ἀνακαλεσάμε-

420 2051 537 2100 νος,
576 2035 652 2098 ὡς
696 2035 844 2102 ὲνῆν,
890 2038 1007 2098 τοῖς
1061 2035 1325 2097 ἐναντίοις
1364 2032 1805 2086 ἀντικαθίστατο.
1853 2033 2008 2086 Ἐπεὶ

416 2123 481 2175 δὲ
511 2124 608 2176 καὶ
663 2123 792 2186 τοὺς
843 2122 1118 2193 Τοῦρκους
1168 2122 1301 2195 (96')
1352 2122 1653 2193 φεύγοντας
1701 2125 1869 2191 ἐώρα,
1913 2125 2011 2177 καὶ

420 2214 590 2268 αὐτον
617 2214 709 2267 τὸν
739 2214 952 2266 Βοδῖνον
988 2213 1332 2284 ἀπολέμητον
1363 2215 1755 2285 ὑποχωροῦντα
1779 2232 1792 2246 ·
1840 2215 2010 2268 ὥπλι-

423 2323 521 2360 στο
558 2306 671 2376 γὰρ
711 2307 811 2358 καὶ
851 2299 1006 2369 οὗτος
1059 2307 1152 2358 καὶ
1202 2308 1282 2370 είς
1337 2308 1575 2378 πολέμου
1628 2311 1798 2360 τύπον
1857 2310 1903 2341 ’⁸
1951 2309 2011 2361 τ’)

423 2399 595 2453 αὐτοῦ
624 2399 973 2462 διατυπώσας
1012 2399 1327 2468 στράτευμα
1360 2401 1500 2453 κατὰ
1529 2401 1758 2468 ταυτηνὶ
1813 2403 1855 2434 9⁷
1911 2403 2012 2473 τὴν

421 2489 640 2562 ἡμέραν
670 2491 876 2558 ἵστατο,
909 2493 986 2556 ὡς
1019 2492 1310 2564 ἑπαρήξων
1339 2493 1481 2561 τάχα
1513 2496 1591 2561 τῷ
1624 2493 2010 2564 αὐτοκράτορι,

421 2582 572 2637 κατὰ
615 2583 716 2645 τὰς
753 2584 890 2654 πρὶς
928 2584 1091 2638 αὑτὸν
1121 2586 1494 2655 γεγενημένας
1547 2585 1850 2656 συνθήκας·
1888 2589 2015 2640 ἐκα-

425 2675 650 2746 ραδόκει
680 2675 758 2740 δὲ,
789 2675 865 2738 ὡς
911 2676 1108 2740 ἔοικεν,
1157 2677 1243 2729 ἴνα
1297 2677 1347 2728 εἰ
1401 2679 1498 2747 μὲν
1547 2677 1646 2748 τὴν
1695 2677 1866 2748 ῥοπὴν
1916 2678 2015 2748 τῆς

421 2767 586 2838 νίκης
615 2769 696 2839 τῷ
738 2768 1101 2840 αὐτοκράτορι
1131 2769 1376 2822 δοθεῖσαν
1407 2771 1580 2841 γνοίη,
1611 2770 1886 2841 ὲπιτεΟείη
1921 2771 2016 2823 καὶ

422 2858 589 2922 αὐτὸς
629 2861 743 2921 τοῖς
781 2859 1028 2924 Κελτοῖς,
1083 2864 1131 2915 εἰ
1172 2861 1228 2914 δὲ
1275 2861 1606 2925 τούναντίον,
1638 2864 1925 2932 ἁτρεμήσῃ
1954 2878 2014 2913 τε

422 2953 524 3006 καὶ
565 2949 901 3016 ὀπισθόπους
936 2953 1188 3024 γένηται’
1224 2953 1395 3006 ταῦτα
1433 2953 1902 3024 διαλογιζόμενος,
1941 2952 2016 3016 ὡς

424 3043 486 3109 ἐξ
531 3037 611 3096 ὧν
662 3045 972 3115 ἐπεπράχει
1029 3045 1206 3115 δῆλον,
1242 3046 1334 3099 kal.
1380 3045 1477 3116 τὴν
1528 3046 1766 3098 νικῶσαν
1809 3045 2016 3114 ἀπάρτι

419 3137 552 3200 τοὺς
599 3136 840 3199 Κελτοὺς
881 3137 1138 3204 ἐγνωκὼς
1166 3138 1417 3207 ἔχοντας,
1467 3137 1734 3205 ἄγευστος
1779 3136 2016 3206 πολέμου

422 3230 487 3283 τὸ
538 3231 829 3302 παράπαν,
863 3232 1046 3285 οἴκαδε
1093 3231 1624 3304 ἐπαναδεδραμήκει.
1669 3233 1730 3284 '0
1769 3230 1825 3282 δὲ
1859 3231 2019 3284 αὐτο-

424 3322 655 3393 κράτωρ
705 3323 884 3377 ταῦτα
928 3323 1298 3392 θεασάμενος,
1350 3323 1444 3376 καὶ⁸
1481 3324 1556 3388 ὡς
1594 3325 1642 3357 ³⁸
1685 3323 1886 3393 μηδένα
1927 3323 2018 3376 τὸν

429 3413 578 3483 αὐτῷ
622 3413 982 3481 ἑπαμὺνοντα
1015 3413 1246 3484 βλέπων,
1285 3414 1353 3472 τὰ
1385 3415 1699 3485 μετάφρενα
1729 3414 1824 3468 καὶ
1857 3415 2019 3477 αὐτὸς

436 3504 736 3571 τηνικαῦτα
775 3505 961 3558 δίδωσι
992 3508 1108 3568 τοῖς
1137 3506 1420 3569 ἐναντίοις.
1448 3507 1560 3560 Καὶ
1590 3505 1762 3569 οὕτως
1794 3506 2017 3560 ἐδίωκον

446 3588 496 3642 οἱ
520 3593 730 3646 Λατῖνοι
762 3593 825 3646 τὸ
867 3593 1176 3662 Ῥωμαϊκὸν
1213 3593 1550 3664 στράτευμα.

1681 449 1722 505 Λ
1736 441 2094 504 LEXIADIS
2136 442 2287 502 LIB.
2330 441 2431 504 1V.

573 564 588 585 ‘
618 561 789 632 οὐρὰν
817 559 912 614 τοῦ
946 561 1116 613 ἰππου
1149 558 1319 614 ἔθετο.
1352 558 1464 612 Καὶ
1491 555 1652 617 εὐθὺς
1680 553 1768 606 τὸν
1809 552 1994 623 χρῶτα

2110 548 2280 604 adhuc
2306 549 2583 615 obtinens,
2616 559 2725 603 tres
2759 546 3104 612 Lat'norum,
3136 561 3366 614 quorum
3403 561 3548 602 unus
3583 561 3681 601 su-

3569 435 3676 498 5206

2101 657 2199 711 pra
2233 641 2555 697 nominatus
2588 640 2878 697 Amecetes
2909 639 3034 707 fuit,
3071 641 3211 694 alter
3241 639 3437 696 Petrus
3469 640 3681 710 Alipliae

2099 735 2274 800 ﬁlius,
2310 742 2370 790 ut
2402 735 2521 804 ipse
2573 735 2886 802 afﬁrmavit,
2939 735 3155 797 tertius,
3207 734 3350 790 alius
3403 735 3679 804 quispiam

2104 829 2254 884 nulla
2285 843 2343 885 re
2370 827 2601 883 inferior
2633 828 2871 894 duobus,
2908 829 3039 883 totis
3075 825 3310 883 habenis
3337 842 3482 896 equo
3525 827 3681 897 quis-

2102 935 2210 992 que
2238 935 2340 976 suo
2374 922 2598 987 laxatis,
2648 921 2826 991 longis
2859 921 3062 975 armati
3111 921 3284 976 hastis
3334 921 3387 974 in
3423 935 3548 975 eum
3597 923 3685 976 in-

2105 1022 2421 1070 currerunt.
2467 1012 2535 1068 Et
2593 1014 2879 1069 Ameeetes
2931 1013 3152 1084 quidem
3211 1027 3357 1069 recta
3413 1014 3578 1069 ictum
3629 1015 3685 1067 in

2106 1104 2493 1174 imperatorem
2536 1119 2645 1160 non
2699 1105 2945 1175 pertulit,
2983 1120 3128 1176 equo
3177 1105 3462 1175 paulisper
3513 1106 3684 1161 decli-

2105 1206 2311 1260 nante,
2366 1195 2593 1252 alterius
2646 1196 2858 1250 hastam
2913 1196 3093 1266 primo
3144 1198 3444 1266 imperator
3501 1196 3685 1267 gladio

2109 1289 2333 1358 repulit,
2373 1299 2484 1343 tum
2515 1289 2740 1343 intentis
2768 1304 2964 1343 manus
2992 1288 3179 1344 nervis
3211 1289 3589 1344 vehementem
3627 1289 3682 1343 in

2078 1381 2323 1437 ’bostem
2355 1381 2684 1451 intorquens
2710 1381 2906 1447 ictum,
2937 1399 3044 1452 quo
3077 1383 3250 1452 ipsam
3283 1383 3432 1450 carpi
3459 1384 3690 1453 junctu-

2111 1490 2225 1534 ram
2259 1474 2437 1544 petiit,
2473 1491 2695 1528 uiauum
2743 1474 2887 1528 illius
2931 1491 2960 1529 a
3010 1476 3222 1543 reliquo
3275 1476 3514 1530 abscidit
3566 1491 3690 1531 cor-

2110 1583 2262 1637 pore.
2299 1568 2362 1620 At
2396 1569 2592 1622 tertius
2621 1569 3006 1636 imperatorem
3041 1567 3094 1620 in
3146 1565 3329 1622 fronte
3373 1569 3684 1636 percussit;

2113 1673 2301 1711 verum
2334 1658 2425 1712 ille
2449 1657 2552 1713 sibi
2578 1673 2792 1712 summe
2823 1673 3066 1726 praesens
3096 1655 3256 1711 firmo
3298 1668 3355 1712 et
3390 1657 3688 1727 impertur—

2113 1750 2240 1805 bato
2269 1765 2485 1821 semper
2514 1751 2720 1815 animo,
2750 1751 3128 1820 quantuslibet
3161 1749 3307 1805 circa
3336 1749 3604 1804 tumultus
3635 1757 3692 1804 et

2116 1859 2299 1898 rerum
2325 1859 2550 1898 sursum
2578 1843 2834 1897 deorsum
2856 1843 3101 1896 omnium
3126 1842 3408 1911 permistio
3432 1841 3688 1907 ferveret,

2045 1919 2083 1972 Β
2114 1946 2173 1990 ut
2201 1937 2510 1992 venientem
2547 1937 2723 1992 sensit
2756 1937 2944 2002 ictum,
2970 1934 3170 2005 abiecit
3219 1951 3279 1992 se
3337 1944 3487 1992 retro
3535 1939 3690 2007 Stipi-

2111 2045 2241 2083 num
2278 2031 2331 2083 in
2363 2029 2490 2098 equi
2530 2028 2761 2083 caudam
2790 2045 2806 2094 ;
2839 2044 2949 2098 quo
2995 2029 3200 2083 factum
3250 2037 3335 2085 cst
3369 2039 3427 2083 ut
3477 2046 3689 2084 summa

2111 2121 2382 2176 duntaxat
2407 2135 2535 2176 cute
2581 2121 2780 2176 frontis
2834 2122 3150 2190 perstricta,
3205 2122 3506 2192 leviterque
3557 2124 3694 2177 deli-

2111 2214 2237 2268 hata
2267 2229 2458 2268 mucro
2489 2214 2732 2283 cuspidis
2755 2214 2807 2268 in
2832 2215 3229 2284 prominentem
3269 2216 3438 2284 galeae.
3467 2215 3691 2271 litnbum

2114 2306 2419 2369 oﬂ‘endens,
2457 2305 2634 2360 lorum
2664 2321 2774 2374 quo
2802 2305 2988 2360 eadem
3021 2307 3174 2376 galea
3217 2308 3325 2362 sub
3374 2317 3560 2362 mento
3583 2309 3691 2362 cir-

2114 2413 2243 2452 cum
2278 2398 2688 2467 astringebatur
2738 2398 3042 2467 abruperit,
3095 2413 3331 2469 eamque
3387 2399 3440 2454 in
3489 2410 3690 2454 terrain

2116 2488 2398 2559 dejecerit.
2434 2489 2590 2544 Tunc
2620 2489 2812 2546 Gallus
2844 2491 3163 2546 excussisse
3204 2506 3263 2546 se
3305 2492 3691 2561 imperatorem

2113 2599 2179 2638 ex
2209 2598 2354 2652 equo
2379 2593 2553 2648 ratus,
2585 2582 2743 2652 quasi
2776 2583 2844 2637 ad
2876 2583 3117 2652 praedam
3154 2587 3475 2652 procurrit;
3504 2593 3558 2640 at
3601 2586 3693 2640 ille

2117 2676 2303 2731 statim
2358 2691 2482 2730 sese
2534 2677 2751 2746 erigens
2823 2677 3160 2745 firmatisque
3214 2677 3400 2731 stabili
3456 2679 3586 2734 sede
3638 2680 3692 2732 iu

2119 2767 2420 2837 ephippiis,
2470 2767 2614 2822 idem
2659 2768 2753 2837 qui
2799 2778 2931 2824 ante
2960 2768 3238 2838 apparuit,
3269 2783 3419 2824 arma
3459 2770 3698 2824 retinens

2119 2859 2312 2915 eadem
2339 2875 2461 2930 quae
2493 2861 2670 2930 prius,
2707 2875 3044 2930 manumque
3075 2859 3226 2914 nudo
3275 2861 3458 2930 gladio
3505 2860 3697 2915 formi-
3774 2852 3776 2854 ’

2117 2951 2355 3007 dabilem
2416 2954 2660 3019 vibrans,
2719 2962 3047 3008 cruentatus
3092 2952 3185 3006 ille
3219 2954 3441 3023 quidem
3493 2963 3696 3008 recenti

2117 3044 2364 3109 vulnere,
2389 3045 2651 3115 nudoque
2668 3046 2866 3114 capite,
2898 3044 3150 3115 flavaque
3172 3045 3283 3116 jam
3311 3045 3418 3101 soli
3449 3045 3699 3116 exposita

2119 3152 2274 3192 coma
2333 3145 2540 3193 temere
2598 3147 2854 3209 vagante,
2909 3139 3311 3209 umbranteque
3361 3138 3554 3194 oculos
3589 3153 3697 3194 nou

2124 3230 2246 3285 sine
2279 3231 2564 3286 molestia:
2605 3247 2726 3286 nam
2757 3247 2934 3301 equus
2965 3231 3222 3286 efferatus
3261 3231 3608 3302 frernensque
3638 3246 3703 3284 ac

2126 3319 2341 3375 frenum
2401 3336 2666 3392 respuens
2728 3323 3035 3378 vehementi
3090 3338 3365 3378 concussu
3413 3325 3700 3378 caesariem

2129 3423 2279 3469 retro
2306 3415 2644 3483 pendentem
2680 3416 2732 3469 iu
2784 3415 3018 3470 frontem
3065 3424 3389 3469 averterat:
3439 3424 3700 3469 caeterum

2129 3513 2428 3573 uterumque
2458 3516 2576 3558 erat
2596 3505 3000 3576 collegit-prout
3031 3507 3211 3574 potuit
3233 3508 3499 3575 seipsum,
3533 3506 3706 3560 hosti-

2122 3596 2335 3666 busque
2365 3597 2587 3652 obvium
2617 3597 2853 3652 infracta
2886 3600 3254 3669 generositate
3298 3609 3356 3653 ut
3396 3600 3550 3667 prius
3596 3599 3705 3652 ob-

443 3688 577 3744 tulit.
617 3687 720 3745 Ubi
754 3705 884 3745 vero
915 3689 1127 3746 Tureos
1157 3689 1428 3760 fugientes
1461 3690 1617 3756 vidit,
1649 3700 1701 3745 et
1738 3689 2008 3745 Bodiuum
2051 3707 2231 3762 pugna
2292 3708 2398 3746 non
2452 3701 2658 3748 tentata
2693 3694 3040 3749 recedentem
3075 3692 3251 3763 (steait
3307 3693 3452 3746 enim
3496 3693 3587 3747 hic
3647 3693 3704 3747 in

435 3785 604 3840 armis
634 3799 703 3840 eo
749 3785 839 3840 die
907 3786 1290 3856 instructoque
1353 3796 1611 3855 tanquam
1673 3787 1740 3839 ad
1795 3787 2042 3856 praelium
2081 3787 2301 3857 aguriue
2381 3789 2543 3858 118
2579 3803 2830 3856 suorum,
2880 3793 3120 3858 speciem
3177 3789 3491 3844 ostentabat
3540 3792 3701 3859 quasi

433 3875 564 3930 totis
622 3877 838 3931 viribus
864 3892 962 3946 pro
1011 3877 1364 3947 imperatoris
1415 3892 1581 3932 causa
1639 3876 2012 3936 dimicaturus
2053 3879 2220 3942 esset.
2254 3883 2412 3953 juxta
2448 3890 2608 3951 pacta
2643 3891 2914 3936 conventa
2942 3897 3064 3951 quae
3105 3883 3250 3936 inter
3319 3883 3468 3951 ipsos
3533 3884 3706 3936 inter-

431 3979 744 4025 cesserant.
776 3968 985 4022 Revera
1015 3978 1195 4023 tamen
1255 3969 1359 4024 sibi
1395 3985 1626 4039 parcere
1671 3969 2014 4038 decreverat,
2058 3983 2420 4041 spectareque
2449 3987 2714 4041 quorsum
2749 3984 3000 4041 vergeret
3027 3971 3274 4026 victoriae
3333 3971 3578 4035 fortuna,
3649 3964 3711 4025 ul

431 4062 634 4115 sicam
665 4061 884 4130 quidem
918 4061 1064 4116 haud
1097 4060 1264 4115 dubie
1340 4059 1526 4116 favere
1594 4062 1942 4134 imperatoris
2007 4065 2256 4132 partibus
2309 4072 2583 4132 cerneret,
2637 4074 2770 4120 tunc
2825 4065 2940 4133 ipse
3012 4064 3069 4117 in
3125 4063 3299 4118 vietos
3343 4062 3513 4128 facili,
3563 4061 3708 4131 apud

428 4155 676 4210 victores
723 4154 960 4225 gratiosa
1008 4153 1371 4222 impressione
1421 4153 1604 4209 Gallos
1652 4154 1963 4224 impeteret,
2007 4157 2092 4209 sin
2154 4164 2347 4210 contra
2372 4158 2637 4223 eveniret,
2663 4157 2962 4212 abstineret
3019 4171 3222 4226 pugna,
3288 4157 3708 4226 incolumesque

433 4248 491 4302 in
523 4257 704 4301 tutum
736 4247 921 4316 copias
961 4245 1270 4300 reduceret.
1301 4243 1454 4300 Talia
1492 4245 1768 4316 cogitasse
1797 4261 1825 4298 a
1851 4245 2128 4315 principio
2163 4247 2316 4301 illum
2346 4263 2413 4301 ex
2449 4249 2517 4302 iis
2583 4264 2706 4318 qua:
2767 4249 2899 4302 fecit
2965 4248 3302 4303 intellectum
3347 4257 3451 4303 est.
3533 4247 3708 4302 Simul

432 4341 587 4396 enim
621 4341 761 4395 satis
800 4341 1078 4410 perspexit
1113 4349 1259 4394 stare
1293 4339 1576 4394 victoriam
1600 4337 1843 4402 aGallis,
1869 4338 2012 4393 bello
2052 4354 2282 4408 prorsus
2317 4341 2597 4411 iugustato
2634 4341 2855 4394 domum
2899 4349 3122 4393 strenue
3183 4357 3244 4394 se
3315 4342 3520 4407 retulit)
3560 4359 3574 4398 :
3615 4358 3708 4404 ea,

433 4439 691 4506 inquam,
749 4435 837 4490 ubi
888 4434 1027 4490 vidit
1083 4433 1412 4504 imperator,
1469 4447 1642 4502 seque
1692 4433 2012 4488 destitutum
2093 4435 2256 4503 plane
2287 4435 2356 4488 ab
2416 4436 2698 4498 oumibus,
2733 4443 2943 4504 tergum
2969 4444 3022 4488 et
3052 4435 3170 4503 ipse
3201 4435 3420 4490 tandem
3452 4437 3710 4495 hostibus

433 4531 615 4585 dedit.
650 4527 848 4599 Sicque
872 4528 987 4598 jam
1023 4527 1172 4582 omni
1207 4541 1274 4582 ex
1325 4535 1478 4596 parte
1507 4525 1692 4580 Latini
1762 4526 1926 4595 plane
1976 4526 2156 4580 fusum
2228 4528 2588 4598 fugatumque
2656 4528 2963 4582 Romanum
3020 4527 3322 4580 exercitum
3411 4543 3710 4598 perseque-

436 4625 669 4679 bantur.
1554 4623 1556 4625 ‘

523 4712 583 4765 Ὀ
631 4711 687 4763 δὲ
753 4710 1090 4781 Ῥομπὲρτος
1138 4708 1464 4765 καταλαϐὼν
1512 4709 1572 4763 τ’)
1658 4709 1881 4780 τέμενος
1937 4709 2009 4762 to?

2202 4703 2272 4755 At
2306 4700 2578 4755 Rohertus
2609 4707 2898 4768 postquam
2947 4698 3063 4768 ipse
3107 4697 3292 4754 Sancti
3327 4698 3538 4756 Nicolai
3570 4712 3674 4757 tem
3696 4736 3712 4747 ς

445 4805 640 4874 Ἃγίου
683 4803 976 4868 Νικολάου,
1009 4789 1144 4855 ὅπου
1196 4802 1346 4872 καὶὴ
1396 4801 1649 4871 βασιλικὴ
1687 4800 1884 4872 σκηνὴ,
1935 4802 2009 4852 κα

2131 4795 2279 4866 plum
2315 4791 2628 4861 ocrupavit,
2665 4790 2755 4844 ubi
2789 4790 3076 4859 augustale
3102 4789 3452 4860 imperatoris
3472 4809 3712 4865 vasaque

434 4898 633 4951 ᾶπασα
664 4896 696 4964 ἡ
724 4894 894 4963 σκευὴ
923 4893 1019 4945 τοῦ
1061 4893 1378 4962 Ῥωμαῖκοῦ
1433 4891 1865 4964 στρατεύματος,
1895 4889 2009 4943 61:6-

2127 4903 2181 4944 et
2237 4887 2599 4956 supellectilia
2653 4885 2838 4939 omnia
2891 4884 3062 4938 totius
3124 4887 3402 4940 exercitus
3473 4884 3710 4944 Romani

435 5006 568 5052 σους
593 4988 868 5048 εὐτθενεῖς
900 4981 1013 5054 εἶχε
1038 4985 1130 5037 τὸν
1161 4984 1386 5054 βασιλέα
1407 4983 1624 5036 διώκειν
1647 4983 2004 5052 ὲκπέπομφεν

2131 4990 2309 5040 erant,
2343 4990 2482 5044 quos
2511 4973 2913 5028 valentissimos
2951 4973 3007 5026 in
3049 4973 3166 5028 suis
3202 4974 3482 5031 universis
3520 4977 3712 5033 habuit

431 5079 606 5134 αὐτοῦ
643 5095 746 5131 που
782 5077 942 5139 αὐτὸς
973 5077 1324 5146 ὲγκαρτερών
1365 5075 1773 5145 φανταζόμενος
1801 5073 1896 5144 τὴν
1933 5073 2009 5127 τοῐ

2135 5071 2307 5139 Copiis
2340 5069 2404 5123 ad
2437 5071 2818 5137 imperatorem
2847 5065 3246 5135 insequendum
3271 5068 3714 5139 capiendumque

430 5172 841 5242 αὐτοκράτορος
896 5168 1245 5237 κατάσχεσιν.
1307 5167 1551 5221 Τοιοῦτοι
1611 5166 1720 5238 γὰρ
1771 5167 2009 5235 λογισμο⁴

2135 5165 2308 5228 misit,
2395 5161 2510 5232 ipse
2570 5158 2790 5213 interim
2840 5157 3044 5211 ibidem
3103 5160 3394 5228 opperiens
3461 5166 3710 5228 optatum

428 5266 630 5320 τούτου
659 5265 724 5318 τὸ
747 5263 1057 5334 ὑπέρογκον
1103 5259 1354 5325 ἐξέκαιον
1400 5262 1680 5332 φρόνημα.
1729 5260 1790 5312 Ol
1841 5259 1898 5312 δὲ
1941 5258 2000 5311 εὑ

2141 5255 2422 5318 nuntium,
2456 5259 2852 5322 spetalumque
2908 5257 3266 5320 conspectum
3301 5248 3534 5320 Augusti
3577 5265 3710 5320 eap-

1479 5413 2007 5477 Varitelectiones
2040 5429 2116 5474 ex
2140 5412 2284 5474 cod.
2319 5410 2592 5475 Coislin.

499 5528 620 5563 ἰδ’
641 5522 991 5598 δοχλοῦσαν.
1068 5521 1116 5553 ⁸⁸
1135 5521 1318 5576 τόπον.
1395 5519 1440 5551 ’⁷
1471 5518 1699 5587 ταυτήν.
1783 5516 1829 5549 ⁸⁸
1859 5516 2009 5570 Deesl

2110 5513 2242 5570 icula
2263 5515 2361 5573 ὡς.

1413 5677 1442 5702 κ
1521 5634 1665 5698 Car.
1699 5630 2034 5696 Dufrcsnii
2059 5633 2159 5694 Du
2190 5630 2412 5710 Cangii
2452 5639 2638 5696 notae.

481 5805 622 5880 (ρει)
665 5797 1011 5867 Τούρκους.
1039 5787 1250 5846 Turcos
1277 5788 1381 5843 hoc
1413 5786 1471 5840 in
1519 5781 1664 5837 bello
1685 5879 1688 5880 ν
1713 5781 1908 5836 Alexio
1944 5779 2215 5880 militasse
2243 5787 2438 5880 auctor
2462 5787 2547 5880 est
2572 5785 2848 5880 praetcrea
2884 5777 3052 5836 Guill.
3084 5777 3422 5851 Apuliensis.

1272 5882 1414 5939 Pars
1441 5897 1645 5952 quoque
1677 5879 1974 5936 Turcorum
1999 5893 2116 5933 cum
2152 5873 2357 5932 Curris
2382 5877 2558 5933 interit
2585 5877 2788 5947 ingens.
