4110 6398
346 354 451 417 369

1619 352 2039 415 ALEXIADIS
2089 353 2237 414 LIB.
2268 353 2368 414 IV.

3514 364 3634 426 370'

347 467 573 524 καὶτῶν
600 465 805 538 χειρῶν
837 467 1049 522 τούτων
1098 468 1380 534 ἐξέπεσον,
1413 467 1483 522 τὰ
1529 468 1586 521 δὲ
1624 469 1925 537 διαπεπαρ-

2039 465 2256 535 cuiique
2321 465 2539 535 plenum
2598 466 2974 535 spectaculum
3033 468 3245 524 exstitit
3297 471 3511 525 loricati
3563 474 3628 527 in

351 561 488 632 μένα
515 562 626 623 τοῖς
663 559 860 631 μέρεσι
889 559 986 614 τοῦ
1018 561 1326 630 ὲσθήματος
1373 560 1465 612 τοῦ
1500 559 1766 630 βασιλέως
1807 561 1934 610 ἐνα-

347 651 701 721 πομείναντα,
763 651 1205 721 μετεωρισθέντα
1233 650 1312 720 τῷ
1363 651 1515 720 ἵππῳ
1543 648 1938 720 συνηκολούθη-

355 763 475 802 σαν.
539 745 600 797 '0
643 745 701 798 δὲ
753 744 918 806 εὐθὺς
943 745 1333 797 ἀποκόπτειτὰ
1369 743 1691 812 ὲπαγόμενα
1712 742 1932 812 δόρατα,

348 838 446 892 καὶ
475 838 598 889 οὒτε
657 836 1027 908 τεθορύϐηται
1073 837 1171 907 τὴν
1203 835 1383 906 ψυχὴν
1424 838 1482 889 ἐν
1508 836 1792 898 τοσούτοις
1820 833 1934 886 ὃει-

346 934 460 994 νοῖς
498 929 798 992 καταστὰς,
846 929 970 982 οὗτε
1027 927 1369 998 συνεθολὼθη
1436 929 1562 991 τοὺς
1614 920 1966 996 λογισμοὺς,’

349 1024 489 1076 ἀλλὰ
507 1023 644 1092 ταχῦ
682 1021 774 1074 τοῦ
810 1021 1151 1085 συνοίσοντος
1185 1019 1418 1089 γίνεται,
1476 1021 1572 1073 καὶ
1609 1019 1670 1073 τὸ
1694 1019 1934 1090 παράδο-

349 1120 438 1186 ξον
466 1120 531 1172 ἐκ
560 1119 723 1186 μέσον
757 1118 952 1170 ἑαυτὸν
987 1120 1244 1170 ποιεῖται.
1281 1117 1343 1169 Οἱ
1374 1117 1430 1168 δέ
1457 1132 1518 1182 γε
1541 1114 1738 1166 Κελτοὶ
1764 1131 1932 1182 κεχηο

344 1213 497 1264 νέτεε
531 1210 890 1277 εἱστήκεσαν,
942 1209 1005 1260 τὸ
1056 1208 1276 1277 γεγονὲες
1325 1207 1799 1274 ἐκπληττόμενον
1841 1206 1936 1257 καὶ

343 1305 456 1373 γὰρ
495 1299 564 1374 ἦν
614 1302 933 1371 ἐκπλήξεως
957 1303 1130 1368 ἄξιον·
1175 1300 1501 1368 θεασάμενοι
1537 1299 1594 1352 δὲ
1626 1297 1816 1350 τοῦτον
1851 1297 1933 1364 ἐφ’

345 1397 545 1466 ἑτέραν
572 1396 872 1465 τραπέντα,
907 1396 998 1447 καὶ
1023 1393 1179 1456 αὖθις
1212 1393 1462 1446 ἐδίωκον.
1493 1392 1552 1444 '0
1584 1391 1663 1454 δὲ,
1687 1393 1778 1444 ἐπὶ
1798 1389 1933 1443 πολὺ

341 1487 489 1541 νῶτα
509 1491 618 1550 τοῖς
653 1486 1045 1555 μεταδιώκουσι
1080 1483 1441 1554 στρατιώταις
1471 1484 1666 1549 διδοὺς,
1694 1483 1853 1551 στρέᾲ
1869 1500 1934 1546 ας

342 1580 434 1632 τὸν
453 1579 545 1650 χα)
563 1580 668 1632 ινῖν
684 1581 773 1632 καὶ
799 1577 1236 1649 συναντήσαςὲνὶ
1256 1577 1362 1629 τῶν
1381 1575 1706 1639 διωκόντων,
1729 1576 1937 1629 διελαύ-

341 1692 425 1726 νει
443 1674 500 1726 τὸ
519 1673 643 1742 δόρυ
658 1675 768 1734 τοῖς
788 1671 1050 1741 στέρνοις.
1070 1670 1126 1721 '0
1144 1670 1200 1722 δὲ
1217 1668 1514 1738 τηνικαῦτα
1534 1670 1613 1729 εἰς
1630 1669 1729 1736 γῆν
1746 1667 1934 1731 ὕπτιος

339 1766 540 1820 ἔκειτο.
569 1764 628 1814 '0
648 1765 701 1816 δὲ
725 1763 998 1832 βασιλεὺς,
1015 1758 1166 1825 αὖθις
1186 1761 1281 1823 τὰς
1297 1762 1454 1832 ήνξας
1476 1761 1734 1832 στρέψας,
1755 1763 1932 1832 εἴχετο

2039 573 2182 626 equo
2251 557 2600 628 imperatoris
2672 559 2893 629 appetiti
2965 562 3212 632 undique
3263 565 3636 619 mucronibus.

2043 651 2346 711 hastarum,
2395 658 2449 705 et
2481 665 2668 706 earum
2727 655 2878 707 vario
2928 669 2987 708 se
3035 664 3231 709 mutuo
3287 667 3624 726 temperante

2039 743 2276 811 impulsu
2314 742 2389 797 ita
2429 743 2634 809 librati,
2667 754 2727 800 ut
2761 746 2906 800 nulla
2943 763 3000 801 re
3030 748 3136 802 alia
3165 764 3330 818 quam
3370 752 3623 805 multitu-

2038 835 2237 888 dinein
2279 835 2494 888 ruinam
2525 837 2835 906 urgentium
2880 849 3105 895 erectus
3155 848 3352 898 staret.
3396 842 3534 897 Cum
3575 844 3621 898 is

2038 937 2218 981 autem
2279 929 2370 982 tali
2427 931 2722 984 occasione
2773 941 2993 987 strenue
3035 943 3194 988 utens
3229 951 3351 990 sese
3400 937 3455 990 in
3493 935 3622 993 sede

2037 1022 2247 1075 certius
2285 1021 2581 1087 firmasset,
2634 1025 3003 1094 restitutaque
3042 1027 3096 1080 in
3155 1027 3399 1081 debitum
3441 1029 3635 1086 locum,

2036 1112 2354 1181 cplu-stride
2424 1115 2548 1182 equi
2617 1114 2864 1169 habenas
2918 1120 3208 1185 angustius
3266 1131 3621 1186 compescens

2035 1204 2144 1256 alte
2183 1202 2525 1268 adduxisset,
2557 1220 2858 1272 generosus
2899 1209 3126 1277 sonipes
3162 1217 3355 1262 natura
3386 1209 3614 1276 praefer-

2035 1293 2212 1355 vidus,
2250 1302 2303 1346 et
2334 1295 2506 1348 tinnis
2539 1296 2819 1358 cruribus,
2870 1297 3142 1367 planeque
3202 1310 3362 1368 aptus
3397 1300 3462 1353 ad
3507 1295 3620 1355 Ico-

2035 1393 2195 1439 natus
2225 1385 2504 1440 circenses
2539 1391 2900 1457 nuntiosque,
2930 1405 3038 1442 non
3069 1391 3231 1444 modo
3261 1407 3318 1444 se
3349 1393 3401 1444 in
3437 1402 3622 1460 poste-

2035 1478 2210 1532 riores
2289 1480 2522 1549 ungulas
2599 1482 2812 1546 erexit,
2894 1497 3084 1536 rerum
3165 1485 3330 1538 etiam
3414 1486 3633 1556 impetu.

2036 1582 2328 1643 concepto,
2354 1575 2552 1629 saltum
2575 1575 2894 1642 eripeclieus,
2926 1591 3046 1630 sese
3071 1580 3421 1650 equitemque
3451 1597 3614 1634 suum

2037 1670 2090 1722 in
2128 1678 2292 1736 petrae
2326 1671 2658 1740 adiacentis,
2686 1672 2843 1740 cuius
2880 1675 3047 1728 modo
3079 1677 3461 1738 meminimus,
3495 1691 3618 1728 vcr-

2039 1760 2199 1815 ticem
2254 1762 2426 1817 instar
2484 1763 2674 1833 Pegasi
2736 1766 3022 1832 cujusdam
3089 1769 3331 1823 volueris
3395 1768 3614 1822 extulit.

335 1858 437 1926 τῆς
459 1857 731 1928 προτέρας
752 1854 894 1909 ὁδοῦ.
916 1856 1160 1924 Συναντᾷ
1177 1855 1354 1907 τοίνυν
1377 1855 1601 1907 ἁπὸτῶν
1618 1854 1925 1925 ἔμπροσθεν

2034 1852 2332 1909 Dicebatur
2388 1855 2433 1910 is
2469 1873 2648 1923 equus
2680 1855 2958 1923 Guritzcs,
3009 1863 3155 1928 quod
3214 1877 3414 1915 nomen
3461 1875 3618 1914 acce-

335 1950 645 2004 διωκόντων
675 1949 773 2011 τὰς
817 1949 1134 2018 Ῥωμαϊκὰς
1158 1947 1416 2017 δυνάμεις
1441 1948 1666 2010 Κελτοῖς
1696 1947 1796 2000 οὐκ
1815 1947 1927 2000 ὀλί-

335 2059 476 2112 γοις·
505 2046 554 2096 οἱ
577 2043 656 2106 δὲ,
681 2040 1166 2112 πόρρωθενιοῖτον
1192 2041 1514 2109 θεασάμενοι
1536 2041 1926 2110 σννησπτκότες

333 2137 598 2207 ἔστησαν,
637 2136 763 2199 τούς
799 2155 856 2188 τε
896 2137 1096 2198 ἵππους
1148 2134 1418 2204 ἀναψύξαι
1442 2134 1776 2205 βουλόμενοι,
1809 2134 1926 2204 ἅμα

331 2229 388 2282 δὲ
409 2231 506 2282 καὶ
539 2228 827 2299 ζωγρῆσαι
854 2228 1046 2280 τοῦτον
1082 2227 1387 2290 ἐθέλοντες.
1416 2226 1713 2279 κάντεῦθεν
1735 2225 1926 2296 ὥσπερ

332 2341 385 2378 τι
416 2323 663 2393 λάφυρον
694 2321 772 2391 τῷ
816 2321 1144 2391 Ῥομπέρτῳ
1175 2319 1420 2390 κομίσαι.
1479 2321 1535 2372 '0
1580 2319 1635 2371 δὲ
1677 2319 1792 2385 ἅμα
1829 2317 1926 2388 μὲν

329 2417 457 2480 τοὺς
499 2415 731 2467 ὄπισθεν
783 2413 1003 2482 φεύγων
1037 2413 1356 2478 διώκοντας,
1415 2413 1508 2464 καὶ
1554 2413 1680 2474 τοὺς
1719 2410 1927 2480 ἔμπρο-

332 2506 457 2559 σθεν
482 2505 849 2575 Θεασάμενος,
874 2505 1187 2572 ἀπεγνώκει
1228 2507 1328 2567 τὰς
1353 2505 1633 2567 σωζούσαις
1669 2503 1916 2565 ἐλπίδας.

331 2595 743 2665 Συλλεξάμενος
787 2596 842 2648 δὲ
883 2595 1098 2660 ἑαυτὸν,
1124 2595 1218 2648 ἐπὶ
1252 2595 1359 2647 τῶν
1396 2595 1570 2648 ἄλλων
1613 2596 1774 2662 μέσον
1803 2595 1925 2648 τινὰ

329 2689 594 2742 ἐθεάσατο
647 2688 758 2740 άπὸ
798 2705 857 2740 τε
902 2688 993 2741 τοῦ
1052 2687 1302 2758 σώματος
1329 2689 1425 2742 καὶ
1482 2690 1581 2759 τῆς
1609 2689 1714 2742 τῶν
1747 2689 1925 2742 ὅπλων

325 2780 791 2852 ἀποπαλλομένης
809 2780 1003 2850 αἴγλης
1022 2781 1114 2833 τὸν
1146 2780 1352 2850 Ῥόμπε
1363 2798 1484 2850 ρτον
1504 2777 1644 2834 εἶναι
1671 2781 1922 2850 νομίσας,

327 2875 691 2943 καταστήσας
721 2873 819 2926 τὸν
854 2874 1020 2926 ἶππον
1053 2871 1174 2926 κατ’
1213 2872 1377 2926 αὐτοῦ
1409 2873 1652 2942 φέρεται⁸
1677 2874 1924 2936 κάκεῖνος

321 2963 367 3015 δ’
401 2961 619 3016 ἐκεῖθεν
683 2962 821 3031 πρὸς
883 2961 1051 3015 αὐτὸν
1100 2962 1159 3014 τὸ
1201 2962 1328 3031 δόρυ
1383 2962 1636 3024 εὐθύνας,
1685 2963 1777 3014 καὶ
1825 2962 1928 3031 μέν,

320 3075 401 3110 τοι
441 3074 508 3125 γε
546 3059 643 3110 καὶ
677 3057 1069 3117 συνελάσαντες
1103 3055 1272 3125 ἄμφω
1295 3057 1435 3109 κατὰ
1475 3056 1535 3108 τὸ
1573 3054 1920 3124 μεσαεχμιον,

2032 1956 2187 2016 perat
2218 1959 2246 1998 a
2285 1945 2453 2014 priori
2493 1947 2717 2002 domino
2756 1949 3050 2020 Bryennio.
3077 1951 3175 2006 llic
3207 1952 3350 2005 enim
3387 1952 3504 2020 ipse
3532 1960 3618 2005 est

2032 2053 2192 2106 quem
2228 2037 2542 2104 insignibus
2575 2041 2959 2110 imperialibus
2992 2061 3054 2098 ac
3081 2045 3379 2116 purpureis
3425 2047 3615 2115 plialev

2030 2131 2109 2184 ris
2139 2139 2390 2184 ornatum
2426 2129 2652 2187 Alexius
2705 2132 2754 2185 in
2794 2134 2979 2202 praelio
3010 2143 3204 2188 contra
3255 2136 3642 2206 Bryenniuiu,__

2031 2221 2336 2292 imperante
2373 2223 2553 2278 adhuc
2583 2223 2868 2279 Botauiate
2892 2225 3226 2297 Nicephoro,
3269 2239 3330 2284 ut
3360 2234 3616 2300 superius

2033 2316 2399 2378 narravimus,
2425 2327 2668 2385 ceperat.
2721 2315 2990 2372 Caeterum
3025 2333 3467 2392 quantaecunque
3495 2327 3616 2393 ejus

2029 2409 2154 2475 equi
2189 2407 2334 2462 vires
2367 2417 2548 2469 erant,
2583 2425 2932 2486 nequaquam
2983 2411 3034 2470 id
3089 2413 3211 2466 sine
3244 2413 3444 2468 divinae
3486 2432 3640 2486 erga.

2029 2499 2284 2553 Alexium
2343 2501 2702 2570 providentia:
2754 2505 3012 2572 prmsenti
3069 2520 3172 2574 ope
3241 2506 3615 2572 miraculoque

2033 2591 2330 2646 manifesto
2365 2593 2608 2660 potuisse
2666 2603 2796 2649 tunc
2829 2595 3056 2664 quidem
3102 2598 3253 2651 visus
3292 2608 3398 2652 est.
3434 2597 3637 2656 Hastae-

2030 2697 2199 2752 porro
2228 2682 2628 2751 Barbarorum,
2676 2689 2873 2758 partim
2911 2689 3030 2757 ipso
3071 2679 3272 2759 equitis
3308 2707 3468 2755 quem
3523 2709 3616 2745 lii-

2030 2777 2230 2846 gebant
2255 2777 2526 2832 ονυιοιιιῑε
2555 2780 2760 2849 impetu
2787 2796 3034 2836 excussae
3054 2781 3119 2836 de
3148 2784 3403 2838 manibus
3428 2795 3620 2839 tenens

2031 2868 2165 2919 tium
2219 2869 2571 2936 ellluxerunt,
2634 2871 2834 2940 partim
2890 2872 3073 2926 infixa:
3129 2873 3299 2928 variis
3362 2877 3634 2946 partibus

2031 2958 2514 3026 imperatoriaruin
2557 2963 2792 3016 vestium
2827 2962 3006 3032 ipsum
3061 2963 3447 3032 imperatorem
3492 2986 3626 3032 sese.

2030 3049 2083 3103 in
2115 3051 2284 3114 altum
2323 3051 2669 3119 efferentem,
2724 3055 2851 3122 equi
2909 3055 3169 3112 similiter
3222 3068 3388 3126 rapta:
3442 3060 3610 3120 saltu.

323 3150 440 3201 κατ’
475 3147 767 3216 ἀλλήλλων
825 3148 1024 3202 ἵενται.
1087 3147 1358 3217 Πρότερον
1391 3146 1446 3198 δὲ
1479 3147 1506 3197 ὁ
1562 3145 1920 3215 αὐτοκράτωρ

2030 3151 2340 3199 e0nsecuta:
2381 3152 2533 3198 sunt.
2566 3145 2713 3212 Quas
2746 3147 2930 3201 statim
2993 3146 3274 3216 Augustus
3311 3164 3436 3202 cum
3478 3151 3610 3219 ipsis

326 3242 574 3304 διιθύνας
614 3239 715 3306 τὴν
768 3244 928 3311 χεῖρα
972 3239 1121 3294 παίει
1171 3238 1364 3293 τοῦτον
1388 3239 1476 3292 διὰ
1522 3237 1614 3292 τοῦ
1649 3239 1873 3308 δόρατος
1901 3257 1914 3269 ·

326 3338 452 3389 τὸδὲ
481 3335 715 3388 αὐτόθεν
745 3335 834 3387 διὰ
863 3335 971 3387 τῶν
1007 3335 1197 3404 μαζῶν
1223 3335 1304 3398 εἰς
1332 3336 1400 3386 τὰ
1434 3333 1744 3403 μετάφρενα
1771 3333 1918 3386 διεκ-

333 3431 588 3482 ϐᾑλλεται
629 3469 644 3482 .
689 3429 799 3481 Καὶ
829 3429 919 3481 τὸν
957 3430 1060 3498 μὲν
1100 3428 1377 3499 βάρϐαρον
1416 3428 1613 3481 αὐτίκα
1641 3421 1785 3498 εἶχεν
1813 3430 1917 3496 γῆ·

345 3520 492 3582 εὺῇὒς
519 3521 627 3590 γάρ
657 3519 852 3573 τοῦτον
880 3521 1090 3589 ἀφῆκεν
1117 3520 1207 3572 καὶ
1242 3522 1273 3588 ἡ
1299 3519 1466 3590 ψυχὴ,
1521 3520 1616 3588 τῆς
1664 3519 1919 3589 τρώσεως

348 3614 551 3681 καιρίας
577 3613 989 3681 γεγενημένης.
1031 3612 1137 3665 Καὶ
1191 3611 1287 3666 τοῦ
1345 3610 1535 3664 λοιποῦ
1578 3612 1604 3663 ὁ
1638 3611 1914 3681 βασιλεὺς,

334 3704 740 3773 διατίισθείσης
777 3705 874 3772 τῆς
911 3701 1219 3771 φάλαγγος,
1243 3701 1331 3760 διὰ
1351 3701 1530 3771 μέσων
1549 3701 1727 3754 αὐτῶν
1759 3702 1914 3766 ὲξιπο

332 3797 566 3856 πάσατο,
598 3796 790 3848 ἄδειαν
838 3793 991 3864 αὐτῷ
1039 3795 1413 3865 ἐφευράμενος
1443 3795 1540 3864 τὴν
1574 3794 1786 3864 σφαγὴν
1823 3793 1917 3847 τοῦ

329 3889 611 3959 βαρϐάρου
643 3888 864 3941 τούτου.
905 3888 968 3942 Oi
1003 3885 1046 3938 δ’
1083 3888 1246 3950 εὐθὺς
1275 3888 1364 3939 τὸν
1386 3887 1668 3957 τρωθέντα
1701 3889 1779 3951 εἰς
1813 3887 1917 3956 γῆν

325 3985 669 4056 ἐρριμμένον
701 3981 1060 4051 θεασάμενοι,
1084 3981 1469 4050 περιχυθέντες
1494 3981 1755 4048 κειμένῳ,
1788 3980 1918 4050 περὶ

330 4070 500 4122 αὑτὸν
550 4069 920 4127 διεπονοῦντο.
978 4069 1088 4122 Καὶ
1131 4071 1179 4121 oi
1208 4068 1434 4122 ὄπισθεν
1466 4069 1485 4099 ⁷
1539 4068 1630 4122 τὸν
1694 4069 1917 4140 βασιλέα

321 4163 644 4225 διώκοντες,
668 4161 890 4226 τούτους
910 4163 1258 4232 θεασάμενοι,
1279 4162 1581 4226 ἀποϐάντες
1603 4163 1711 4214 τῶν
1731 4163 1915 4216 ἵππων

322 4255 421 4308 καὶ
442 4257 822 4327 γνωρίσαντες
872 4255 966 4307 τὸν
1001 4255 1190 4325 ἄνδρα,
1220 4256 1518 4309 ἐκόπτοντο
1547 4255 1913 4321 ὀλολύζοντες.

334 4346 480 4400 Ἀλλ’
512 4350 541 4399 ὁ
583 4346 926 4417 Ῥὁμπερτος
963 4346 1062 4414 μὲν
1092 4345 1195 4398 οὐκ
1223 4341 1315 4415 ἦν,
1353 4346 1540 4411 ἕτερος
1568 4344 1624 4396 δὲ
1655 4345 1760 4398 τῶν
1793 4347 1916 4398 ἐπι-

322 4439 514 4511 ρανῶν
550 4439 648 4492 καὶ
676 4439 912 4493 ὀτούτου
955 4438 1228 4507 δεύτερος.
1296 4438 1514 4490 Τούτων
1568 4438 1624 4490 δὲ
1653 4437 1912 4507 ἀσχολου-

2029 3235 2171 3287 unde
2212 3235 2528 3303 pendebant
2559 3240 2792 3292 vesnum
2831 3238 3047 3293 laciniis
3077 3241 3337 3295 abScidit.
3375 3241 3609 3312 Moxque

2027 3329 2173 3379 nulla
2229 3329 2648 3397 perturbatione
2707 3333 2908 3387 mentis
2972 3333 3026 3386 in
3086 3335 3252 3388 tantis
3286 3335 3467 3398 malis,
3518 3347 3610 3390 aut.

2025 3419 2244 3473 turbida
2304 3421 2698 3476 iuccrtitudine
2771 3424 3013 3489 consilii,
3072 3426 3260 3479 statim
3311 3429 3610 3496 expediens

2024 3513 2156 3582 quid
2187 3512 2330 3567 facto
2361 3523 2509 3568 esset
2563 3530 2723 3582 opus,
2777 3531 2837 3570 se
2890 3517 3218 3571 mirabiliter
3271 3519 3395 3573 inde
3435 3526 3609 3588 prori—

2025 3607 2174 3674 puit:
2207 3605 2377 3660 Gallis
2407 3606 2683 3660 iubianter
2701 3607 2908 3661 circum
2936 3609 3404 3678 suspectautibus,
3428 3610 3610 3668 incre-

2021 3698 2288 3768 dibilique
2315 3707 2537 3768 stupore
2573 3700 2862 3768 perculsis.
2893 3699 2956 3752 Et
2991 3711 3109 3756 erat
3138 3704 3392 3772 stupendi
3414 3720 3602 3760 causa.

2022 3786 2147 3841 Mox
2177 3788 2284 3840 alio
2319 3787 2512 3858 procul
2548 3788 2748 3844 itinere
2791 3789 3092 3860 fugientem
3147 3793 3456 3860 conspicati
3491 3803 3604 3849 toto

2023 3897 2220 3937 rurstts
2261 3882 2632 3949 insequuntur
2669 3884 2910 3952 impetu;
2957 3899 3188 3954 quorum
3235 3887 3468 3954 strepitu
3525 3888 3604 3942 in-

2021 3976 2284 4030 stantiqu
2338 3975 2639 4045 imperator
2672 3976 3013 4041 admonitus,
3052 3977 3143 4030 ubi
3178 3987 3351 4033 tracta
3387 3980 3438 4033 in
3484 3980 3602 4034 lon-

2021 4083 2145 4135 gum
2174 4066 2300 4139 fuga
2331 4082 2560 4121 securos
2595 4068 2827 4136 periculi
2859 4068 3098 4122 victores
3132 4067 3357 4134 fecerat,
3380 4081 3602 4141 repente

2019 4161 2194 4216 versis
2245 4161 2473 4214 habenis
2535 4176 2702 4214 unum
2761 4161 3194 4230 insequentium,
3248 4180 3407 4231 quem
3465 4166 3602 4218 forte

2020 4254 2261 4324 primum
2328 4253 2550 4308 obvium
2610 4253 2829 4316 habuit,
2904 4255 3062 4308 hasta
3125 4256 3599 4320 transverberatis,

2019 4347 2250 4400 adverso
2277 4352 2518 4414 pectore,
2553 4344 2813 4413 supinum
2840 4345 3026 4412 dejiei-t
3052 4345 3105 4399 in
3142 4355 3371 4401 terraut.
3395 4346 3600 4416 Sicque

2021 4452 2288 4494 converso
2323 4438 2523 4490 iterum
2550 4451 2694 4504 equo
2725 4435 2907 4504 priore
2945 4437 3032 4489 via
3066 4438 3359 4490 continuat
3388 4436 3596 4506 fugam.

323 4532 532 4599 μένων,
601 4533 630 4585 ὁ
674 4529 929 4601 βασιλεὺς
960 4531 1054 4585 ἐπὶ
1081 4531 1148 4584 τὰ
1182 4531 1366 4599 πρόσω
1389 4531 1489 4600 τὴν
1525 4530 1755 4601 πορείαν
1788 4533 1914 4584 ἐπε-

2030 4531 2098 4586 Eo
2126 4531 2320 4584 itinere
2353 4529 2517 4599 paulo
2549 4537 2673 4597 post
2709 4527 2901 4582 incidit
2934 4527 2988 4581 in
3015 4527 3282 4596 quasdam
3315 4529 3597 4584 Gallorum

318 4627 543 4716 ποέητο.

2022 4624 2278 4678 cohortes
2329 4636 2448 4691 quae
2515 4620 2796 4674 Romanos
2855 4628 3160 4689 persecutae
3219 4619 3488 4690 fugientes
3543 4623 3597 4674 in

318 4733 510 4778 castra
549 4721 805 4778 victrices
829 4721 1102 4778 redibant.
1140 4719 1205 4776 lli
1238 4722 1357 4777 viso
1390 4723 1578 4791 procul
1609 4723 1907 4793 agnitoque
1948 4724 2200 4792 Augusto
2231 4720 2431 4774 ibidem
2466 4717 2518 4772 in
2553 4717 2868 4782 viamedia,
2903 4732 3007 4786 qua
3072 4718 3419 4772 necessarius
3482 4731 3600 4774 ciat

321 4815 619 4876 transitus,
654 4813 970 4881 conglobati
1002 4813 1291 4882 scutisque
1321 4812 1633 4868 commissis
1679 4821 1733 4868 et
1768 4814 2003 4868 invicem
2042 4811 2316 4868 consertis
2341 4818 2687 4880 exspectant,
2745 4825 2854 4878 quo
2921 4809 3148 4877 etequis
3212 4809 3374 4878 longo
3435 4827 3598 4868 cursu

319 4906 490 4964 fessis
527 4905 738 4976 aliquid
787 4905 1082 4962 laxamenti
1118 4904 1330 4959 modica
1389 4905 1580 4974 requie
1661 4906 1730 4960 ad
1805 4921 1978 4960 novos
2019 4913 2256 4960 conatus
2297 4904 2521 4966 darent,
2562 4911 2616 4956 et.
2644 4903 3055 4968 imperatorem,
3084 4917 3244 4970 quem
3278 4904 3458 4956 vivum
3503 4922 3634 4962 can

319 5017 456 5070 pere
491 5002 681 5072 potius
710 5017 875 5071 quam
905 5001 1132 5056 incursu
1175 5000 1432 5055 occidere
1465 5001 1710 5066 mallent,
1753 5001 1896 5056 haud
1939 5000 2116 5071 ignari
2192 5013 2356 5068 quam
2417 5008 2634 5068 gratum
2691 4997 2741 5050 id
2818 4995 3058 5051 Robcrto
3106 5012 3309 5052 munus
3358 4999 3596 5056 oblaturi
3631 5044 3633 5046 .

313 5099 532 5159 essent,
571 5094 649 5148 sic
682 5095 879 5148 melius
914 5093 1224 5164 redigerent
1256 5094 1310 5146 in
1351 5101 1700 5162 potestatem.
1755 5093 1896 5147 Tum
1975 5094 2262 5148 enimvero
2329 5092 2629 5158 imperator
2661 5091 2754 5159 qui
2794 5098 2877 5144 tot
2917 5104 2947 5142 a
2997 5098 3150 5161 tergo
3184 5091 3594 5160 insequentium

317 5189 572 5244 hostium
601 5187 862 5242 infestum
897 5188 1158 5257 impetum
1200 5189 1288 5242 vix
1338 5203 1402 5244 ac
1433 5205 1500 5244 ne
1544 5192 1632 5243 vix
1683 5191 1908 5260 quidem
1949 5189 2274 5259 jamdudum
2305 5187 2692 5251 frustraretur,
2731 5188 2872 5242 alios
2951 5203 3171 5258 quoque
3241 5202 3594 5245 occurrentes

314 5300 344 5336 a
375 5282 564 5338 fronte
615 5298 871 5348 cernens,
937 5283 1094 5352 plane
1139 5294 1322 5339 actum
1375 5287 1586 5353 putavit
1643 5286 1804 5355 120
1871 5285 1938 5339 de
1980 5287 2159 5340 salute
2191 5301 2318 5341 sua.
2383 5283 2550 5351 Ergo,
2583 5284 2728 5353 quod
2758 5300 2926 5337 unum
2959 5294 3270 5353 supererat,
3306 5288 3592 5340 honestam

313 5391 420 5432 hec
475 5373 708 5428 inultam
759 5375 1026 5432 atii-etans
1072 5387 1337 5443 mortem,
1397 5391 1686 5450 postquam
1744 5379 1892 5434 brevi
1934 5381 2116 5449 spatio
2145 5394 2272 5433 sese
2307 5378 2549 5447 collegit,
2630 5378 2684 5432 in
2722 5377 3032 5433 confertam
3076 5386 3302 5448 repente
3368 5378 3596 5431 obstan-

319 5469 462 5522 tium
494 5465 717 5520 turbam
755 5467 969 5535 irruit;
1015 5470 1370 5542 mediumque
1435 5473 1684 5541 ipsorum
1753 5472 1992 5528 sublime
2029 5480 2342 5528 exstantem
2379 5469 2824 5526 animadvertetis
2856 5473 3169 5542 quempiam
3219 5485 3330 5524 tum
3402 5483 3440 5523 α
3480 5481 3592 5524 sta-

320 5572 375 5615 tu
386 5575 463 5613 ra:
506 5559 690 5622 modo,

771 5568 887 5613 tum
941 5575 970 5612 a
1029 5560 1243 5632 fulgore
1290 5580 1571 5619 armorum
1621 5564 1944 5635 suspicatus
2018 5563 2326 5619 Robertum
2389 5577 2530 5626 esse,
2585 5563 2766 5632 ipsum
2810 5572 2959 5616 recta
3020 5563 3170 5632 petit.
3231 5562 3401 5628 Quem
3453 5563 3592 5616 alter

317 5667 523 5723 magno
559 5653 747 5707 animo
776 5661 1145 5726 protentaque
1177 5657 1335 5713 basta
1370 5673 1434 5713 ex
1468 5658 1704 5714 adverso
1757 5658 2012 5713 similiter
2042 5657 2276 5713 invadit.
2313 5655 2393 5710 Eo
2465 5655 2756 5727 utriusque
2823 5670 2990 5710 cursu
3055 5653 3292 5708 medium
3348 5654 3588 5724 spatium

1372 5777 1573 5838 Varia)
1617 5776 1922 5841 lectiones
1967 5792 2045 5840 ex
2079 5777 2219 5840 cod.
2267 5773 2528 5836 Coislin.

386 5856 411 5889 ⁷
440 5855 663 5910 ὄπισθεν
691 5856 770 5914 δέ.
