4110 6390
282 337 384 403 3ῗ3

1547 335 1964 395 ALEXIADIS
2005 333 2151 394 LIB.
2187 366 2208 394 ι
2233 371 2246 393 ν
2269 379 2283 396 .

3465 327 3576 395 3Ἲὶ

280 449 614 521 θεασάμενος
635 485 654 512 ,
700 445 1016 519 πυθόμενός
1045 465 1104 502 τε
1137 447 1204 502 τὰ
1243 446 1455 510 τούτοις
1488 448 1863 517 συμπεσόντα,

1991 445 2321 500 ,ειιειηριιῑει
2339 458 2532 499 omnes
2547 443 2878 515 objurgavit,
2906 442 3174 514 insignem
3195 445 3358 500 etiam
3379 462 3539 516 quem
3556 477 3575 489 -

279 546 487 606 πάντας
526 542 624 605 μὲν
660 541 918 611 μεγάλως
955 542 1276 613 κατῃτιᾶτο,
1305 541 1404 593 ἕνα
1437 540 1493 594 δὲ
1524 538 1734 594 τούτων
1783 538 1874 592 ἔκ·-

279 653 463 706 κριτον
487 635 583 687 καὶ
615 633 904 702 μαστίζειν
933 633 1172 703 ἠπείλει,
1197 631 1463 702 ἄνανδρόν
1494 650 1550 686 τε
1576 632 1871 685 ἀποκαλῶν

280 729 376 780 καὶ
406 723 867 796 ἀπειροπόλεμον.
901 723 1012 776 Καὶ
1054 725 1137 777 ὅτι
1178 722 1253 794 μὴ
1297 724 1392 777 καὶ
1427 723 1589 787 αὐτὸς
1633 725 1725 778 ἐπὶ
1774 723 1873 793 τῆς

281 820 490 888 πέτρας
547 817 684 887 μετὰ
732 816 827 869 τοῦ
882 817 1052 870 ἵππου
1102 817 1354 886 ἁνέθορε,
1389 817 1611 869 καὶτὸν
1648 816 1874 886 βασιλέα

303 912 542 975 Ἀλέξιον
591 910 625 979 ἢ
683 910 925 979 κρούσας
973 910 1208 974 ἀνεῖλεν,
1239 909 1272 980 ἢ
1307 909 1648 979 δραξάμενος
1694 909 1874 972 ζῶντα

283 1004 552 1074 ἠγαγείτ,
587 1002 655 1055 τὰ
710 1001 972 1054 πάνδεινα
1027 1002 1260 1071 πάσχειν
1322 1001 1480 1072 ᾤετο,
1537 997 1645 1054 Ἶίν
1701 1004 1808 1072 γὰρ
1848 1005 1874 1056 6

296 1098 642 1167 Ῥόμπερτος
693 1089 850 1157 οὗτος
903 1095 1073 1149 τᾶλλα
1128 1095 1227 1164 μὲν
1278 1095 1645 1166 emerita-.6;
1688 1114 1744 1148 τε
1782 1097 1874 1148 καὶ

287 1193 822 1263 φιλοκινδυνότατος,
873 1192 1100 1262 πικρίας
1139 1189 1212 1245 ’δὲ
1266 1192 1384 1253 ὅλος
1440 1192 1733 1264 ἅνθρωπος
1781 1195 1875 1246 καὶ

284 1290 375 1340 ἐπὶ
401 1289 444 1319 ⁸⁸
476 1287 622 1358 ῥισὶν
675 1286 1090 1353 ἐπικαθήμενον
1132 1285 1271 1356 ἔχων
1308 1286 1398 1339 τὸν
1432 1284 1607 1357 χόλον,
1655 1290 1746 1341 καὶ
1777 1289 1876 1358 τὴν

284 1379 514 1449 καρδίαν
571 1377 773 1448 μεστὴν
836 1377 1014 1446 θυμοῦ
1069 1378 1167 1430 καὶ
1230 1379 1403 1448 ὀργῆς
1458 1380 1734 1447 ἔμπλεων,
1780 1382 1876 1434 καὶ

284 1471 457 1532 οὕτως
499 1470 642 1539 ἔχων
669 1472 800 1538 περὶ
832 1473 961 1533 τοὺς
993 1471 1311 1540 πολεμίους,
1348 1471 1422 1534 ὡς
1459 1472 1488 1540 ἢ
1527 1472 1616 1525 τὴν
1648 1473 1873 1526 ἀντικα-

284 1563 612 1632 θιτταμενον
661 1563 949 1632 διαπεῖραι
999 1562 1292 1633 cae/5pm
1418 1563 1612 1616 ἑαυτὸν
1649 1565 1878 1634 διαχρή-

286 1656 508 1722 σασθαι,
553 1655 703 1726 παρὰ
739 1656 832 1710 τὸν
870 1659 1142 1727 μοιραῖον,
1180 1659 1335 1725 φησὶ,
1378 1657 1672 1727 κλωστῆρα
1700 1658 1878 1710 ἀπαλ-

283 1751 633 1818 λαττόμενος.
685 1751 742 1801 Ὀ
791 1752 976 1818 μέντοι
1014 1749 1364 1821 στρατιώτης
1399 1753 1641 1816 ἐκεῖνος,
1674 1751 1731 1803 ὃν
1786 1751 1876 1804 ὑπ’

282 1842 466 1896 αἰτίαν
517 1843 558 1872 ¹⁹
592 1844 620 1896 6
662 1841 1002 1912 Ῥὸμπερτος
1050 1837 1188 1914 ἦγε,
1213 1843 1272 1894 τό
1306 1859 1364 1895 τε
1401 1841 1728 1894 ἀνεπίϐατον
1783 1841 1881 1894 καὶ

284 1937 378 2002 ὀξὺ
413 1939 512 2004 τῆς
538 1936 745 2006 πέτρας
786 1936 933 2003 μάλα
964 1935 1153 2003 σαφῶς
1176 1934 1437 2004 διηγεῖτο,
1477 1936 1570 1986 καὶ
1599 1935 1680 1987 ὅτι
1711 1937 1790 1997 είς
1821 1935 1880 1987 τὸ

288 2029 703 2100 μετεωρότατον
726 2032 753 2082 6
777 2029 942 2093 τόπος
975 2029 1203 2099 ἐπῆρτο,
1233 2031 1330 2084 καὶ
1362 2029 1437 2093 ὡς
1465 2031 1496 2100 ἡ
1519 2029 1627 2082 -πὲτ
1640 2047 1705 2099 ρα
1731 2029 1882 2096 ὀξεῖα

281 2117 349 2193 ἦν
383 2124 478 2175 καὶ
523 2118 903 2193 ἁκροσεραλὴς,
957 2123 1056 2178 καὶ
1075 2120 1149 2184 ὡς
1201 2122 1422 2189 οὐδέναν
1450 2122 1508 2174 οὐ
1555 2122 1742 2186 πεζὸν,
1784 2123 1882 2192 οὐχ

284 2213 525 2284 ἱππότην
562 2214 822 2284 ἐπιϐῆναι
865 2214 1068 2284 ταύτης
1115 2215 1343 2268 δυνατὸν
1389 2216 1520 2269 ἄνευ
1555 2215 1707 2279 Θείας
1738 2215 1884 2278 τινὸς

287 2308 568 2377 μηχανῆς,
625 2307 700 2376 μὴ
733 2308 814 2360 ὅτι
854 2307 919 2376 γέ
959 2325 1079 2361 τινα
1129 2309 1543 2380 πολεμούμενον
1571 2311 1676 2362 καὶ
1708 2309 1882 2378 μαχόο

290 2415 473 2470 μενον,
504 2399 623 2452 ἀλλ’
658 2400 766 2453 οὐδ’
814 2401 942 2454 ἄνευ
991 2401 1226 2471 πολέμου
1278 2402 1424 2466 τινὸς
1482 2397 1622 2456 εἶναι
1654 2403 1884 2456 δυνατὸν

285 2492 701 2563 ἀποπειρᾶσθαι
730 2494 830 2564 τῆς
857 2495 1086 2566 πέτρας.
1121 2498 1180 2549 Ei
1208 2498 1262 2550 δέ
1300 2516 1414 2566 μοι,
1449 2499 1604 2567 φησι,
1643 2499 1739 2551 καὶ
1773 2497 1886 2550 δια-

288 2585 561 2655 πιστοίης,
595 2586 958 2657 ἐπιχειρήσας
998 2588 1030 2657 ἢ
1088 2587 1245 2652 αὐτὸς
1281 2589 1370 2654 σὺ,
1421 2589 1454 2660 ἡ
1504 2606 1588 2652 τις
1641 2589 1817 2652 ἄλλως
1840 2590 1884 2620 ²⁰

289 2678 392 2730 τῶν
425 2679 678 2732 ἱπποτῶν
701 2680 730 2731 6
755 2677 1212 2751 θαρῥαλεὼτατος
1239 2681 1348 2734 τῶν
1377 2682 1676 2752 ἀμηχάνων
1700 2682 1888 2752 αἰσθή-

288 2788 462 2825 σεται.
499 2773 566 2826 El
606 2772 654 2824 δ’
685 2772 800 2838 οὖν,
835 2773 951 2826 ἀλλ’
978 2775 1031 2826 εἴ
1055 2792 1138 2836 τις
1165 2775 1524 2844 ἀναφανεῖται
1551 2777 1650 2846 τῆς
1678 2776 1886 2847 πέτρας

285 2864 743 2933 περεγενόμενος,
793 2866 866 2936 μὴ
896 2866 980 2919 ὅτι
1033 2884 1095 2934 γε
1148 2868 1407 2937 ἄπτερος,
1449 2867 1585 2921 ἀλλὰ
1620 2869 1716 2922 καὶ
1749 2870 1884 2922 ὑπό-

286 2975 495 3028 πτερος
542 2958 640 3021 ὢν,
703 2961 922 3030 ἕτοιμος
972 2963 1136 3024 αὐτὸς
1181 2963 1288 3015 πᾶν
1328 2966 1426 3016 ὅτι
1457 2967 1630 3019 δεινὸν
1656 2967 1705 2998 “
1756 2967 1888 3018 ὑπο-

288 3053 475 3118 στῆναι
525 3055 620 3104 καὶ
671 3054 1028 3122 ἁνανδρίας⁹²
1090 3058 1520 3126 κατακρθῆναι.
1576 3058 1762 3112 Ταῦτα
1810 3061 1888 3110 εί-

1978 535 2100 589 dam
2128 536 2270 589 inter
2295 535 2443 605 ipsos
2462 534 2645 605 ﬂagris
2669 533 2799 588 caedi
2827 549 2886 598 se
2906 533 3288 602 jussurumest
3314 536 3578 598 minatus.

1979 627 2234 697 ignavum
2258 627 2682 698 imperitumque
2704 626 2778 681 rei
2802 626 3006 680 bellica:
3027 626 3312 683 incusans.
3331 627 3581 682 Addebat

1981 719 2275 790 imprecari
2340 737 2400 776 se
2457 721 2562 775 sibi
2603 720 2741 774 mala
2802 721 2986 774 omnia
3022 719 3128 774 nisi
3189 721 3242 775 in
3295 721 3385 775 tali
3439 736 3572 776 casu

1978 817 2178 884 equ'um
2227 815 2347 885 ipse
2394 831 2554 870 suum
2591 816 2766 881 {simili
2808 816 2948 868 saltu
2995 819 3052 870 in
3104 815 3357 870 eumdem
3411 825 3577 886 petrae

1979 908 2238 963 verticem
2285 908 2340 962 in
2366 924 2524 979 quem
2568 910 2851 980 Augustus
2905 919 3181 977 evaserat,
3221 909 3577 964 immissurus

1985 1001 2412 1072 fuissetgibique
2440 1003 2691 1058 eumdem
2719 1011 2810 1056 aut
2834 1019 2976 1074 equo
3004 1003 3273 1073 dejectum
3296 1003 3583 1058 occisurus

1981 1104 2074 1146 aut
2125 1104 2388 1162 capturus
2449 1095 2652 1150 vivum.
2711 1097 2837 1150 Erat.
2900 1099 3100 1166 quippe
3160 1096 3247 1152 hie
3309 1096 3582 1154 Robertus

1979 1186 2433 1253 generosissimus
2472 1187 2562 1242 illc.
2591 1190 2803 1258 quidem
2844 1204 3200 1259 Saturnusque
3241 1199 3583 1259 contemptor

1981 1281 2378 1350 periculorum,
2426 1294 2482 1338 at
2510 1285 2652 1338 idem
2718 1286 3004 1340 irritabilis
3065 1295 3123 1339 ut
3184 1285 3278 1356 qui
3317 1270 3577 1347 maxime,

1982 1376 2207 1431 naribus
2239 1375 2406 1432 ferme
2441 1378 2574 1431 iram
2613 1378 2966 1447 spirantibus,
2993 1387 3158 1448 atque
3181 1378 3269 1432 ubi
3303 1377 3579 1448 quippiam

1983 1463 2306 1533 offenderet,
2341 1468 2591 1521 minusve
2639 1468 2703 1521 ad
2775 1482 2962 1523 votum
3017 1457 3359 1535 succederet,
3398 1468 3582 1523 statim

1986 1555 2456 1626 indignalmndus,
2483 1545 2890 1632 'stmnachique
2935 1571 3100 1632 atque
3136 1561 3586 1631 acerbitatisple-

1988 1665 2092 1703 nus
2130 1668 2142 1704 :
2177 1651 2362 1706 hostes
2394 1670 2524 1708 vero
2568 1655 2714 1724 quod
2759 1657 2975 1721 attinet,
3011 1671 3134 1711 eum
3174 1664 3490 1711 versaretur
3530 1654 3584 1708 in

1987 1745 2172 1809 praelio
2220 1751 2576 1818 equitemque
2618 1749 2673 1804 in
2728 1751 3017 1804 adversum
3053 1749 3289 1806 infestus
3341 1749 3584 1812 vaderet,

1988 1837 2166 1906 perire
2221 1841 2599 1898 adversarium
2656 1859 2723 1899 an
2781 1860 2839 1899 se
2901 1846 3079 1915 ipsum
3145 1845 3390 1909 mallent,
3460 1843 3586 1897 fatis

1987 1933 2354 2000 pernittebat,
2401 1951 2630 1990 securus
2662 1945 2716 1992 et
2763 1945 2987 2008 paratus
3037 1939 3090 1992 in
3139 1947 3457 2008 utrumque,
3491 1936 3584 1991 sed

1987 2032 2174 2082 certus
2225 2027 2570 2084 alterutrius.
2618 2028 2717 2085 Cui
2751 2046 2880 2085 eum
2932 2041 3124 2086 contra
3177 2031 3464 2100 exciperet
3547 2028 3591 2080 is

1984 2128 2150 2180 quem
2232 2117 2433 2172 acriter
2511 2120 2826 2175 incessebat
2897 2121 3078 2187 miles,
3157 2119 3587 2192 inSttperabilem

1986 2208 2158 2266 fuisse
2201 2219 2412 2280 petram
2445 2211 2676 2266 nimium
2723 2223 2993 2281 quantum
3046 2211 3268 2267 excelso
3310 2211 3589 2270 acumine.

1987 2320 2221 2362 ascensu
2276 2306 2519 2374 undique
2549 2307 2622 2360 ita
2662 2307 2926 2376 abrupto,
2983 2306 3171 2374 itaque
3226 2305 3490 2374 praecipiti
3527 2319 3590 2357 ac

1991 2397 2207 2453 lubrico
2265 2409 2322 2452 ut
2406 2399 2512 2453 nisi
2574 2399 2684 2454 Dco
2758 2401 3056 2468 tanquam:
3097 2399 3278 2453 oblata
3338 2397 3590 2451 machina

1983 2494 2213 2563 iuvante
2239 2495 2677 2563 extollenteqne,
2716 2509 2901 2557 nemo,
2946 2508 3054 2547 non
3087 2492 3265 2547 (licam
3297 2493 3591 2562 impeditus

1988 2589 2156 2642 armis
2174 2597 2228 2641 et
2254 2589 2304 2641 in
2331 2589 2750 2657 equobellatore
2771 2587 3175 2656 eataphractus,
3222 2602 3283 2641 ac
3307 2604 3551 2657 pugnans
3575 2627 3589 2650 ,

1988 2681 2082 2737 sed
2109 2698 2176 2736 ne
2213 2680 2382 2750 pedes
2419 2680 2639 2748 quidem
2665 2679 2880 2736 otiosus
2911 2687 2964 2734 et
2989 2695 3242 2744 securus,
3277 2691 3590 2749 perri-ptare

1988 2778 2042 2832 in
2066 2775 2185 2844 ejus
2211 2777 2469 2828 verticem
2496 2775 2788 2845 quantavis
2810 2773 3081 2829 industria
3106 2784 3378 2826 conatnve
3405 2783 3587 2842 queat.

1989 2869 2146 2936 Quod
2174 2870 2217 2923 si
2249 2869 2382 2924 mihi
2418 2884 2528 2922 non
2559 2868 2764 2932 credis,
2820 2867 3024 2938 aiebat,
3081 2883 3178 2937 age
3203 2867 3455 2936 experire
3498 2876 3592 2919 aut

1993 2967 2112 3036 ipse
2159 2975 2215 3019 tu
2275 2974 2370 3018 aut
2429 2965 2612 3033 quivis
2647 2963 2790 3018 alius
2833 2963 3082 3033 equitum
3134 2965 3368 3018 maxime
3412 2962 3589 3016 audax

1989 3060 2337 3128 maximeque
2385 3059 2598 3129 peritus
2631 3059 2754 3126 equi
2791 3057 3054 3126 regendi;
3102 3057 3145 3109 si
3181 3059 3304 3126 quis
3351 3066 3590 3111 vestrum

293 3141 402 3195 πὼν
453 3144 599 3209 μετᾶ
631 3142 914 3213 θαύματος
945 3145 1041 3198 καὶ
1073 3146 1388 3215 ἐκπλήξεως
1417 3150 1444 3201 6
1478 3148 1755 3220 βάρϐαρος
1786 3151 1876 3203 τὸν

1991 3153 2116 3206 eniti
2168 3152 2308 3206 saltu
2367 3151 2543 3221 reipsa
2586 3154 2824 3221 potuerit
2871 3151 2926 3205 in
2991 3150 3105 3204 saxi
3158 3151 3438 3215 verticem,
3489 3152 3593 3204 nisi

291 3236 535 3306 ἐπίχολον
583 3237 926 3308 Ῥόμπερτον
968 3239 1279 3292 κατέστειλέ
1330 3258 1388 3293 τε
1421 3241 1518 3295 καὶ
1563 3244 1640 3306 εἰς
1692 3243 1878 3315 θαῦμα

289 3329 540 3398 ἐκίνησεν
569 3333 851 3402 ἀφέμενον
882 3332 974 3386 τοῦ
1003 3333 1344 3403 ὀργίζεσθαι.

1989 3265 2098 3303 non
2128 3248 2512 3301 solumalatus
2568 3247 2706 3316 ipse,
2744 3246 2842 3301 sed
2897 3257 2950 3302 et
2989 3249 3132 3303 alato
3176 3252 3380 3304 vehens
3427 3263 3592 3318 equo.

1993 3359 2103 3398 non
2161 3356 2356 3395 recuso
2390 3341 2522 3409 quin
2589 3340 2861 3410 supplicio
2879 3343 3236 3410 quantumvis
3278 3342 3474 3396 acerbo
3511 3357 3597 3394 me

292 3421 547 3489 subjici-as
578 3425 920 3496 ignavizeque
963 3427 1322 3483 condemnes.
1363 3429 1455 3482 llis
1489 3431 1647 3485 miles
1696 3431 1993 3498 dictis,"_eo
2022 3445 2180 3506 gestu
2213 3443 2376 3503 atque
2413 3433 2602 3486 habitu
2633 3432 2724 3501 qui
2773 3432 2969 3500 facile;
3001 3432 3256 3501 proderet
3317 3441 3595 3502 stuporem

301 3521 355 3574 in
386 3531 488 3586 quo
513 3531 627 3576 erat
674 3523 858 3575 adhuc
903 3538 966 3575 ex
1001 3523 1241 3576 haerente
1293 3524 1550 3577 sensibus
1618 3525 1775 3594 122
1827 3528 2093 3580 memoria
2150 3527 2323 3581 saltus
2394 3524 2750 3601 incredibilis
2797 3537 2960 3594 quem
3021 3523 3197 3579 oculis
3253 3525 3412 3594 paulo
3469 3535 3597 3580 ante

306 3625 670 3684 usurpavecat.
703 3614 1006 3672 Robertum
1041 3616 1300 3685 placavit,
1336 3617 1415 3670 ira
1442 3621 1562 3690 ejus
1590 3621 1641 3672 in
1668 3621 2092 3676 admirationem
2126 3637 2304 3677 versa.

376 3709 432 3761 Ὅ
457 3710 511 3761 δὲ
539 3709 819 3779 βασιλεὺς,
844 3710 970 3772 τοὺς
1011 3710 1268 3781 ἑλιγμοὺς
1312 3713 1420 3767 τῶν
1453 3717 1873 3785 παρακειμένιιιν

293 3803 434 3873 ὁρῶν
464 3803 561 3856 καὶ
596 3805 778 3856 πᾶσαν
822 3803 922 3875 τὴν
952 3802 1214 3857 δύσϐατον
1254 3808 1525 3875 ἀτραπὸν,
1559 3810 1613 3859 ἐν
1639 3809 1759 3861 δυσὶ
1789 3828 1880 3862 νυ-

293 3895 594 3966 χθημέροις
613 3893 921 3960 διεξελθὼν,
945 3898 1365 3966 καταλαμϐάνει
1383 3898 1479 3968 τὴν
1498 3899 1720 3971 Ἀκρίδα
1749 3903 1880 3972 (99).

305 3989 393 4041 Ἐν
421 3989 477 4041 δὲ
517 3987 596 4058 τῷ
634 3988 844 4058 μεταξὺ
875 3989 968 4041 τὸν
1015 3989 1310 4062 Χαρζόινην
1361 3991 1608 4057 διελθὼν,
1662 3996 1757 4047 καὶ
1797 4012 1890 4064 μι·

295 4081 427 4150 κρδν
481 4084 616 4150 περὶ
661 4084 762 4152 τὴν
820 4081 1166 4154 καλουμένην
1220 4087 1569 4155 Βαϐαγορὰν
1627 4089 1892 4158 ἐγκαρτε-

297 4175 472 4244 ρήσας
497 4174 731 4245 (τέμπος
768 4175 811 4227 δ’
841 4174 981 4246 αὐτὴ
1007 4175 1274 4229 δύσϐατόν
1303 4178 1465 4243 ἐστι),
1502 4177 1631 4248 μήθ’
1663 4179 1766 4231 ὑπὸ
1793 4178 1894 4248 τῆς

296 4267 492 4336 ἥττης,
523 4267 655 4337 μήθ’
687 4267 793 4320 ὑπὸ
835 4267 1014 4321 ἄλλων
1036 4267 1130 4321 τοῦ
1165 4269 1331 4339 μόθου
1349 4271 1396 4302 ⁸³
1433 4270 1622 4325 κακῶν
1651 4273 1741 4323 τὸν
1771 4271 1897 4324 νοῦν

694 4361 824 4430 μήθ’
876 4362 1005 4415 ὑπὸ⁸
1043 4365 1143 4430 τῆς
1194 4363 1336 4417 κατὰ
1371 4365 1432 4416 τὸ
1495 4363 1750 4432 μέτωπον
1799 4365 1895 4418 τοῦ

297 4451 624 4520 τραύματος
673 4450 868 4521 ὀδύνης
908 4451 1284 4522 ὑποχαλάσας,
1337 4453 1440 4506 κᾶν
1485 4455 1553 4508 τὰ
1591 4455 1741 4518 ἐντὸς
1790 4457 1895 4508 ὑπὸ

300 4360 598 4427 συγχυθεὶς
617 4401 632 4422 ,

297 4544 400 4612 τῆς
429 4542 612 4613 λύπης,
640 4543 752 4596 τῶν
776 4547 834 4597 ἐν
866 4548 930 4616 τῇ
961 4544 1112 4617 μάχῃ
1143 4547 1532 4612 πεπτιιικότων,
1568 4549 1663 4602 καὶ
1691 4549 1893 4618 μᾶλλον

299 4635 412 4688 τῶν
465 4636 737 4704 γενναίως
790 4639 1224 4708 ἀγωνισαμένων
1273 4640 1486 4710 ἀνδρῶν
1544 4640 1890 4712 ἐξεφλέγετο.

312 4727 458 4781 Ἀλλ’
511 4729 665 4798 ὅμως
719 4731 839 4795 ὅλος
889 4731 990 4794 τῆς
1041 4732 1250 4796 πόλεως
1307 4727 1376 4802 ἦν
1429 4733 1738 4806 Δυρραχίου
1800 4736 1894 4789 καὶ

301 4820 514 4891 ταύτης
546 4822 845 4892 ἐμέμνητο,
884 4821 1187 4893 ἀχθόμενος
1215 4825 1295 4877 ὅτι
1333 4825 1466 4894 ἄτερ
1500 4827 1772 4897 ἡγεμόνος
1800 4845 1898 4881 κα-

301 4913 650 4978 ταλέλειπτο,
695 4914 789 4967 τοῦ
827 4916 1195 4983 ῐΙαλαιολόγου
1236 4917 1324 4970 δια
1357 4917 1457 4988 τὴν
1521 4920 1702 4986 ὀξεῖαν
1755 4937 1898 4988 συμ-

303 5005 472 5073 ϐολὴν
514 5005 610 5059 τοῦ
663 5008 903 5078 πολέμου
951 5009 1025 5080 μὴ
1073 5010 1393 5082 δυνηθέντος
1458 5012 1894 5084 ὲτταναστρέψαι.

303 5099 421 5152 Καὶ
450 5099 526 5162 ὡς
557 5099 674 5153 ἐνὸν
696 5101 742 5133 ²¹⁵
770 5103 899 5165 τοὺς
935 5104 1056 5155 κατ’
1099 5103 1268 5173 αὐτὴν
1298 5104 1642 5174 ἠσφαλίσατο
1673 5108 1769 5160 καὶ
1799 5107 1897 5174 τὴν

302 5191 406 5261 τῆς
426 5190 474 5221 ’⁸
504 5191 852 5263 ἀκροπόλεως
907 5194 1150 5266 φρουρὰν
1198 5197 1308 5257 τοῖς
1354 5195 1632 5264 ἐκκρίτοις
1685 5195 1897 5248 Βενετί-

1925 4517 1977 4576 D

2030 3715 2098 3769 At
2122 3717 3302 3792 imperator,longos.circuitnsolijaeentium
3323 3719 3598 3772 montium

1979 3806 2034 3862 et
2064 3809 2515 3878 impeditissimos
2565 3810 2734 3864 calles
2797 3811 2958 3865 inviae
3007 3812 3222 3867 semita:
3272 3811 3596 3866 continuato

1989 3903 2183 3973 labore
2201 3903 2438 3966 duorum
2467 3904 2680 3958 dierum
2700 3905 3034 3974 totidemque
3051 3905 3289 3960 noctium
3311 3919 3595 3965 emensus,

1991 3999 2288 4054 Achridem
2321 3998 2753 4069 tenuit,trajecto
2787 4015 2884 4070 per
2916 4000 2966 4054 id
3000 4001 3101 4054 iter
3127 4015 3287 4055 amne
3314 4000 3490 4054 Charz
3511 4016 3599 4053 inc

1996 4099 2048 4144 et
2125 4091 2407 4159 paululum
2476 4093 2746 4146 duntaxat
2801 4092 2854 4146 in
2917 4094 3059 4148 saltu
3125 4094 3391 4162 impervia
3451 4096 3599 4150 dicto

1994 4183 2277 4254 Bnbagora
2309 4191 2576 4245 moratus,
2604 4185 2788 4238 animo
2821 4186 2934 4255 ipse
2973 4187 3110 4240 nihil
3142 4187 3480 4256 perturbato,
3513 4190 3597 4241 vel

2003 4273 2342 4341 fatigationis
2373 4291 2435 4329 ex
2461 4275 2765 4342 jactatione
2797 4285 2973 4339 tanta,
3003 4287 3446 4360 creterorumque
3477 4296 3593 4334 ma-

2000 4364 2214 4432 lorum;
2273 4381 2342 4421 ne
2369 4367 2558 4422 dolore
2598 4369 2816 4438 quidem
2868 4379 2981 4423 tum
3031 4373 3273 4429 maxime
3320 4383 3597 4444 pungente

2003 4459 2209 4527 accepti
2242 4458 2294 4512 in
2335 4457 2516 4513 fronte
2551 4460 2798 4516 vulneris
2828 4461 3030 4517 inficeti
3065 4479 3122 4519 se
3172 4465 3475 4534 quidquam
3502 4478 3598 4520 aut

2005 4552 2060 4606 in
2109 4553 2274 4606 ullam
2331 4553 2715 4608 remissionem
2778 4553 2957 4626 frangi
2993 4557 3206 4613 sinens.
3268 4549 3593 4629 Quanquam

2004 4644 2160 4700 illum
2195 4645 2344 4700 intus
2392 4645 2447 4700 in
2490 4647 2676 4703 animo
2700 4649 2892 4717 ingens
2925 4650 3118 4704 urebat
3148 4650 3483 4706 desiderium
3520 4662 3596 4707 tot

2006 4739 2307 4794 illustrium
2357 4739 2599 4794 virorum
2649 4743 2742 4811 qui
2795 4741 3098 4797 fortissime
3143 4743 3476 4802 dimicantes
3536 4748 3593 4802 in

2006 4844 2186 4901 pugna
2215 4829 2545 4884 ceciderant.
2594 4827 2799 4884 Tamen
2829 4846 2858 4884 a
2888 4847 3019 4885 cura
3047 4831 3196 4898 justa
3230 4833 3320 4887 illa
3351 4837 3595 4904 quidem,

2010 4922 2103 4975 sed
2137 4921 2190 4975 in
2220 4936 2461 4991 prresens
2492 4921 2696 4989 inutili,
2722 4923 2788 4977 ad
2825 4925 3149 4979 instantium
3216 4929 3592 4997 provisionem

2009 5022 2244 5067 mentem
2289 5015 2653 5075 transferens,
2687 5021 2861 5068 totum
2918 5031 2978 5070 se
3032 5016 3196 5070 dabat
3236 5022 3598 5090 exquirendis

2007 5105 2313 5163 rationibus
2357 5104 2676 5177 Dyrrhachii
2722 5109 2930 5164 tuendi.
2975 5109 3105 5176 Quae
3136 5113 3330 5168 civitas
3379 5124 3434 5167 ut
3483 5115 3597 5182 jam

2007 5214 2106 5267 par
2141 5210 2274 5253 esse
2292 5207 2476 5269 posset
2498 5202 2898 5272 oppugnationi
2924 5203 3147 5259 victoris
3174 5203 3396 5262 Iloberti
3425 5207 3598 5262 susti-

1362 5313 1568 5374 Varire
1603 5312 1918 5376 lectiones
1971 5334 2047 5377 ex
2076 5319 2217 5381 eod.
2264 5320 2536 5384 Coislin.

805 5414 850 5447 ’⁸
882 5415 962 5470 ἐν.
1041 5417 1083 5449 ¹⁹
1104 5415 1364 5474 αἰτίασιν.

607 5487 653 5518 ’⁵
687 5488 856 5544 Deest
893 5487 1088 5541 vocula
1117 5490 1237 5560 τῆς.

381 5411 723 5484 ἳτῖὰνήγαγε.

1447 5419 1492 5450 ¹⁰
1518 5418 1698 5483 ἄλλος.

306 5484 353 5516 ’⁸
385 5483 530 5547 ἐξόν.

1775 5422 1817 5453 ²¹
1842 5423 1959 5476 εῖτι
1988 5423 2238 5483 δυνατόν.

2317 5427 2360 5458 ²¹
2391 5427 2705 5501 ἀνανδρίαν.
2784 5430 3054 5486 “Desunt
3083 5445 3246 5485 voces
3280 5430 3372 5482 τοῦ
3403 5432 3594 5500 μόθου.

1403 5633 1546 5695 Car.
1579 5633 1913 5697 Dufresnii
1947 5635 2044 5696 Du
2079 5635 2305 5717 Cangii
2337 5647 2530 5716 notae.

390 5731 498 5812 (9m
544 5733 1004 5812 'Emlayﬁdfee
1042 5733 1155 5800 τὴν
1196 5735 1464 5812 ’ᾼχρίὸω
1517 5735 1653 5793 llinc
1701 5737 1908 5794 erroris
1950 5751 2256 5812 arguuntur
2287 5741 2594 5800 Sabellicus
2627 5753 2680 5798 et
2756 5739 3120 5806 Collenutius,
3168 5740 3259 5810 qui
3339 5741 3595 5797 Alexium

310 5809 365 5862 in
409 5803 854 5884 Peloponnesum
893 5803 1101 5873 fugisse
1135 5803 1400 5861 scribunt.
