4110 6438
431 412 537 474 389

1724 402 2141 465 ALEXIADIS
2202 404 2352 465 LIB.
2396 406 2464 466 V.

3625 411 3733 473 390

430 530 648 591 λοῦντος
703 527 872 581 αὑτὸν
923 523 1020 581 τοῦ
1077 520 1350 597 βασιλέως
1395 521 1725 594 μεταϐαλεῖν
1769 521 1865 590 τὴν
1901 521 2029 594 περὶ

2137 519 2203 574 de
2245 519 2355 575 illis
2379 521 2673 590 reportatis
2700 521 2948 578 victoriis
2976 522 3122 577 ultus
3151 531 3322 588 esset,
3349 523 3730 596 Deojuvante,

431 623 542 675 τῶν
570 619 795 672 εἰκόνων
825 617 1080 690 γνώμην,
1109 619 1188 671 ἔτι
1220 616 1277 670 δὲ
1300 617 1344 648 ⁸⁵
1387 615 1484 668 καὶ
1521 615 1621 684 τῆς
1685 615 1821 685 πρὸς
1861 614 2023 667 αὐτὸν

434 712 781 784 ἀποσχέσθαι
832 712 878 744 ⁵⁸
914 710 1217 780 ἀπεχθείας
1263 708 1704 776 ὑπισχνουμένου
1756 705 1874 774 ἅμα
1932 705 2027 758 καὶ

431 813 501 863 τὶ
532 808 654 879 ἱερὰ
678 809 798 868 ταῖς
818 806 1007 875 ἁγίαις
1050 801 1398 872 Ἐκκλησίαις
1419 799 1778 871 λαμπρότερα
1799 797 2028 852 ἀποδού-

431 916 545 962 vat,
571 899 664 950 καὶ
687 897 799 950 πᾶν
825 897 851 949 ὅ
871 913 923 947 τι
950 894 1058 948 δέοι
1088 896 1261 946 ποιεῖν
1292 893 1427 961 πρός
1452 892 1762 962 διόρθωσιν,
1796 890 1890 942 καὶ
1924 888 2026 959 ἤδη

434 987 934 1061 καὶζδιορθωμένου
970 988 1014 1020 ⁸⁷
1042 985 1192 1057 παρὰ
1233 986 1342 1038 τῶν
1393 983 1847 1054 ἐλλογιμωτέρων
1905 981 2026 1034 τότε

430 1082 536 1149 τῆς
571 1080 816 1145 συνόδου,
847 1077 940 1142 οὓς
968 1081 1019 1132 οἱ
1057 1077 1137 1148 τῷ
1173 1077 1262 1130 τοῦ
1291 1074 1638 1145 Χαλκηδόνος
1678 1074 1832 1144 μέρει
1859 1088 2022 1141 προσ-

434 1170 690 1239 κείμενοι
767 1169 1010 1231 κόλακας
1069 1168 1322 1228 ἐκάλουν,
1369 1167 1685 1236 καθαιρέσει
1733 1162 2026 1217 κατεδικά-

435 1259 585 1323 ζετοο
646 1258 722 1321 ῶς
775 1258 832 1310 δὲ
883 1257 1049 1327 μηδὲν
1104 1256 1474 1326 ὑποπτήσσων
1515 1253 1748 1316 ούδόλως
1803 1252 2024 1324 ἠρέμει,

433 1351 575 1402 ἀλλὰ
603 1351 697 1402 καὶ
725 1345 882 1413 αὖθις
923 1347 1298 1419 συνετάραττε
1351 1349 1452 1418 τὴν
1507 1346 1862 1416 Ἐκκλησίαν,
1926 1346 2024 1397 οὐκ

434 1443 641 1512 ἀγεννῆ
672 1442 945 1514 φρατρίαν
1006 1440 1472 1511 συνεπαγόμενος,
1529 1439 1604 1500 ὡς
1662 1439 1904 1500 ἄτακτος
1957 1433 2024 1508 ἦν

437 1536 621 1606 πάντη
651 1536 744 1587 καὶ
775 1534 1127 1605 ἀδιόρθωτος,
1167 1531 1307 1603 μετὰ
1336 1530 1546 1585 πολλῶν
1586 1530 1848 1584 ἐνιαυτῶν
1880 1547 2026 1599 παρ·

439 1627 682 1695 ἐλευσιν,
725 1629 927 1691 πάντες
974 1627 1110 1698 ὁμοῦ
1151 1626 1247 1680 τοῦ
1295 1625 1490 1694 ἁνδρδς
1551 1623 2019 1694 κατεψηφίσαντο,

438 1720 745 1774 κάντεῦθεν
781 1721 1086 1791 ὑπερορίαν
1143 1717 1594 1782 καταδικάζεται.
1648 1718 1758 1770 Καὶ
1807 1716 2023 1786 δέχεται

436 1811 631 1865 τοῦτον
657 1814 690 1882 ἡ
726 1811 976 1883 περὶιτδν
1001 1812 1202 1863 Πόντον
1232 1809 1544 1874 Σωζόπολις
1588 1805 1725 1879 (16),
1762 1808 2024 1869 παντοίας

449 1906 715 1973 προνοίας
771 1907 868 1959 καὶ
925 1904 1237 1974 θεραπείας
1297 1901 1582 1972 βασιλικῆς

437 1999 532 2046 καὶ
562 1996 812 2066 οὐδαμῶς
841 1997 1080 2067 χρῆσθαι
1137 1994 1368 2057 ταύταις
1421 1993 1711 2064 ἠϐούλετο,
1774 1991 2027 2062 ὕστερον,

434 2087 506 2139 δι’
564 2088 631 2159 ἢν
694 2089 830 2159 πρὸς.
887 2090 980 2143 τὸν
1037 2088 1422 2158 αὐτοκράτορα
1475 2086 1672 2155 ἔτρεφε
1735 2085 1898 2156 μῆνιν
1955 2084 2029 2147 ὼς

438 2179 641 2234 ἔοικεν.

2134 621 2540 683 coronatusque
2576 613 2699 669 inde
2735 630 2796 668 ac
2827 615 3176 684 triumphans
3213 616 3264 669 in
3292 619 3482 672 urbem
3523 620 3729 691 regiam

2133 717 2279 763 esset
2333 707 2629 762 iuvet-tus:
2690 719 2990 776 exortaque
3078 725 3218 764 nova
3281 708 3611 782 Scytharum
3678 715 3732 768 in

2132 800 2421 870 imperium
2456 799 2874 869 irrumpentium
2903 802 3228 870 gravissima
3264 805 3528 874 procella,
3550 805 3603 859 in
3626 821 3734 860 non

2135 888 2346 958 dispari
2412 890 2663 959 periculo
2757 890 2824 944 ad
2899 873 3075 944 simile
3163 873 3483 962 praesidium
3545 896 3718 950 simili

2135 978 2382 1031 omnium
2413 992 2718 1046 consensu,
2741 990 3010 1049 praesente
3043 982 3268 1051 insuper
3284 991 3340 1036 et
3369 999 3482 1036 rem
3509 993 3736 1052 urgente

2131 1065 2484 1138 imperatore,
2512 1071 2922 1140 eonfugeretur,
2958 1072 3099 1126 idem
3135 1073 3223 1127 hic
3254 1075 3416 1128 homo
3449 1075 3603 1129 solta
3635 1089 3734 1130 sua

2130 1161 2438 1228 pervicacia
2476 1175 2810 1233 magnopere
2836 1164 2981 1233 apud
3021 1165 3416 1234 imperatorem
3459 1167 3733 1229 oﬂ'endit,

2129 1252 2300 1308 Porro
2332 1257 2433 1310 hac
2462 1257 2754 1312 occasione
2791 1274 2914 1311 cum
2948 1258 3012 1312 de
3044 1258 3216 1313 sacris
3266 1260 3476 1314 aedibus
3531 1259 3736 1327 signiw

2129 1363 2235 1418 que
2292 1356 2346 1402 et
2379 1350 2710 1420 imaginibus
2740 1351 2938 1405 'multa
2979 1357 3036 1406 ut
3066 1351 3123 1404 lit
3174 1351 3614 1419 tlisputarentur,
3650 1353 3738 1405 hic

2129 1444 2359 1499 antistes
2385 1443 2440 1496 in
2469 1459 2588 1498 eam
2612 1452 2943 1498 sententiam
2968 1445 3252 1511 disseruit,
3274 1457 3332 1499 ut
3350 1446 3732 1512 contenderet,

2129 1553 2318 1592 sacras
2399 1537 2671 1608 imagines
2727 1539 2985 1592 abSoluto
3036 1554 3065 1591 a
3121 1539 3282 1592 nobis
3347 1549 3400 1592 et
3471 1539 3526 1592 in
3597 1537 3736 1606 ipsis

2132 1631 2370 1685 luerente
2405 1631 2554 1684 cultu
2589 1629 2748 1697 allici,
2783 1646 2889 1684 non
2951 1643 3132 1684 autem
3186 1633 3453 1686 duntaxat
3480 1631 3732 1685 relativo.

2129 1723 2319 1792 Itaque
2412 1730 2471 1776 ut
2549 1722 2640 1778 ille
2709 1724 2930 1794 quidem
3010 1724 3277 1778 nonnulla
3356 1722 3730 1792 plausibiliter

2131 1813 2505 1884 canoniceque
2568 1821 2620 1868 et
2678 1829 2776 1884 pro
2826 1814 3093 1884 dignitate
3173 1815 3466 1868 sacerdotii
3526 1814 3736 1868 diceret

1561 1919 1586 1964 ς
1622 1901 1666 1931 ⁸⁸
1698 1899 2029 1970 ἀξιούμενον.

2152 1912 2471 1974 ageretque,
2541 1913 2726 1958 tamen
2787 1905 2842 1958 in
2918 1905 3043 1961 aliis
3075 1905 3489 1975 ‘prolabebatur
3539 1917 3731 1974 parum

2131 1992 2435 2048 orthodoxe
2517 1994 2726 2049 sentire
2789 1994 3167 2063 deprehensus
3227 2012 3242 2048 :
3304 1995 3465 2063 cujus
3527 2007 3734 2047 errors

2133 2102 2356 2142 causam
2397 2087 2540 2141 haud
2577 2088 2693 2143 scio
2755 2103 2821 2142 an
2875 2091 3032 2143 a-stui
3097 2089 3491 2151 contentionis,
3527 2102 3733 2142 excur-

2133 2180 2310 2235 rentis
2341 2181 2668 2251 plerumque
2718 2180 2936 2252 longius
2963 2197 3126 2252 quam
3159 2198 3257 2250 par
3290 2191 3374 2238 est
3395 2221 3409 2244 ,
3441 2197 3508 2235 an
3549 2181 3733 2235 studio

440 2276 1102 2348 obsisu-ntliimperatori
1149 2291 1176 2330 a
1216 2291 1324 2346 quo
1368 2255 1576 2330 dudum
1641 2274 1993 2340 abhorrebat,
2048 2291 2118 2329 an
2165 2277 2402 2346 denique
2481 2278 2803 2348 ignorantiae
2875 2279 2991 2332 veri
3064 2280 3448 2349 assignandam
3523 2286 3729 2353 putem.

437 2370 496 2424 in
545 2371 797 2423 ultimam
834 2381 1017 2424 tamen
1055 2369 1196 2423 hanc
1228 2377 1436 2439 partem
1471 2367 1790 2438 suspicione
1818 2369 2154 2436 propendco.
2213 2369 2372 2439 13o
2410 2369 2677 2435 Quoniam
2741 2371 2884 2425 enim
2922 2372 2969 2426 is
3042 2374 3124 2426 vir
3203 2373 3431 2426 multam
3459 2404 3470 2416 -
3498 2386 3725 2441 Operam

438 2467 641 2522 litteris
668 2482 774 2519 non
811 2464 1059 2527 dederat,
1093 2463 1339 2534 artisque
1371 2461 1739 2516 ratiocinandi
1775 2459 2024 2514 funditus
2064 2461 2218 2515 rudis
2254 2470 2394 2527 erat,
2431 2460 2590 2517 facile
2624 2463 2740 2520 ﬁeri
2779 2465 2954 2534 patuit
2991 2473 3049 2518 ut
3077 2466 3327 2534 qmedam
3397 2467 3577 2521 minus
3651 2467 3727 2520 ad

439 2563 728 2632 theologia:
787 2575 1028 2616 canones
1105 2569 1297 2615 exacta
1368 2559 1513 2613 inter
1590 2556 1983 2626 disputandum
2025 2555 2540 2625 ell‘utierit;verum
2567 2561 2620 2614 in
2687 2560 2800 2615 dies
2842 2561 3350 2631 successibusipsis
3377 2563 3728 2618 adolescente

438 2674 500 2715 ea
536 2669 702 2725 quam
772 2655 998 2722 impune
1065 2651 1399 2709 lacessendis
1472 2649 1901 2720 imperatoribus
1967 2657 2236 2718 usurpare
2291 2651 2459 2705 semel
2512 2663 2754 2720 cmperat
2819 2651 3070 2718 audacia,
3127 2655 3594 2725 mcitantibnsque
3647 2657 3722 2710 ad

437 2758 624 2822 ipsum
680 2748 825 2801 ultro
899 2755 1210 2801 currentem
1269 2744 1410 2798 male
1463 2741 1676 2798 feriatis
1733 2741 1985 2811 plurimis
2016 2782 2032 2808 ,
2103 2741 2304 2812 quibus
2343 2759 2407 2796 ea
2444 2760 2566 2813 quae
2599 2755 2710 2800 tum
2743 2755 2862 2801 erat
2897 2747 3211 2816 reipubliete
3243 2748 3567 2818 gubernatio
3619 2764 3728 2804 non

439 2842 711 2908 placebat,
758 2845 924 2895 homo
955 2842 1041 2896 sui
1093 2854 1286 2911 parum
1341 2847 1534 2904 potens
1568 2836 1621 2889 in
1671 2835 2036 2890 contumelias
2091 2835 2495 2908 maledictaque
2569 2841 2954 2909 intempestiva
2986 2849 3054 2895 'et
3102 2841 3472 2897 intolerabilia
3531 2844 3727 2899 eﬂ‘ere-

439 2933 622 3001 batur,
657 2937 960 3005 Augustum
994 2932 1352 2987 licentissime
1385 2928 1773 3000 proscindens,
1849 2929 2067 2998 placare
2143 2928 2419 2984 hominem
2475 2946 2506 2986 e
2555 2933 2847 2988 contrario
2902 2946 3214 3000 conantem,
3273 2937 3709 3007 suadentemque

437 3031 782 3085 amicissime
811 3039 868 3083 ut
903 3038 1329 3097 etquazlemere
1369 3025 1434 3078 de
1471 3023 1644 3077 sacris
1711 3023 2043 3093 imaginibus
2112 3023 2323 3078 dixerat
2379 3033 2594 3080 mature
2646 3036 2947 3093 revocaret,
3011 3035 3064 3081 et
3115 3029 3365 3097 deposita
3418 3029 3723 3094 simultate,

438 3126 623 3178 redire
651 3138 835 3178 secum
868 3123 921 3174 in
959 3121 1192 3191 gratiam
1229 3119 1386 3173 vellet
1419 3134 1432 3170 :
1461 3131 1521 3171 se
1584 3115 1730 3170 enim
1801 3115 2095 3169 restituere
2137 3127 2385 3184 paratum
2476 3134 2597 3188 quae
2639 3134 2668 3173 e
2723 3120 2896 3174 sacris
2963 3121 3267 3176 abstulerat
3328 3124 3558 3187 talibus,
3614 3124 3726 3177 into

437 3217 815 3286 Splentlidiora
855 3215 1246 3285 repositurum,
1295 3210 1362 3265 ad
1398 3209 1837 3265 emendationem
1905 3222 2069 3278 porro
2129 3209 2305 3279 culpa:
2363 3211 2522 3265 istius
2576 3213 2973 3283 qualiscunque
3035 3213 3168 3267 nihil
3221 3215 3447 3286 legitimi
3520 3215 3725 3286 piaculi

441 3320 833 3368 recusaturum
871 3329 884 3365 :
920 3325 1026 3380 quo
1060 3310 1111 3362 in
1157 3322 1356 3377 genere
1395 3303 1687 3376 praecipuis
1739 3318 2052 3369 sacrorum,
2116 3305 2424 3357 antistitum
2488 3304 2623 3359 adeo
2679 3308 2792 3374 jam
2856 3308 3226 3375 satisfecerat,
3289 3321 3346 3361 ut
3402 3310 3436 3362 ii
3503 3325 3729 3366 causam

443 3407 562 3474 ejus
587 3405 883 3476 diligenter
943 3411 1230 3456 tuerentur
1264 3441 1278 3461 ,
1339 3415 1547 3466 eoque-
1580 3399 1699 3467 ipso
1741 3396 1964 3450 nomine
2011 3396 2080 3450 ab
2124 3397 2192 3451 iis
2259 3398 2353 3466 qui
2397 3399 2884 3470 Chalcedonensis
2916 3412 3098 3471 partes
3169 3405 3428 3458 fovebant
3464 3415 3718 3459 assenta-

453 3509 594 3554 tores
663 3499 960 3562 audirent;
1031 3510 1216 3550 vermn
1277 3493 1343 3548 ad
1416 3507 1479 3546 ea
1536 3490 1627 3544 ille
1698 3488 2102 3543 obsurdescens
2177 3490 2386 3553 omnia,
2417 3493 2440 3558 λς
2470 3490 2906 3548 irrevocabiliter
2959 3509 3069 3564 quo
3139 3497 3399 3564 impetum
3463 3507 3709 3565 cmperat

464 3593 658 3646 ruebat.
702 3591 888 3656 Quare
935 3587 1000 3642 ad
1059 3581 1773 3642 necessariumremedium
1827 3580 2322 3636 animadversionis
2397 3585 2677 3638 canonica:
2731 3596 2949 3639 ventum
2990 3587 3205 3640 tandem
3266 3595 3372 3646 est.
3446 3588 3720 3658 homoque

452 3689 633 3742 multis
659 3685 977 3740 nominibus
1019 3681 1071 3736 id
1100 3681 1326 3735 meritus
1353 3677 1576 3732 desede
1601 3689 1765 3744 quam
1793 3675 2099 3744 occumbat
2134 3686 2218 3728 est
2241 3676 2554 3744 depositus.
2586 3675 2702 3731 Non
2736 3679 3231 3749 {regitindomitum
3252 3681 3494 3735 animum
3523 3664 3582 3734 ea
3612 3697 3722 3747 res;

446 3781 629 3835 turbat
683 3780 882 3834 iterum
923 3783 978 3830 et
1025 3774 1289 3829 [actiones
1351 3771 1459 3825 clet
1505 3769 1560 3823 in
1623 3766 1890 3831 Ecclesia,
1949 3781 2057 3820 nou
2097 3767 2294 3836 exigua
2330 3768 2431 3823 sibi
2457 3770 2712 3838 adjuncta
2737 3785 3032 3842 secumque
3081 3773 3318 3827 abducta
3381 3775 3730 3832 multitudine

445 3876 830 3929 scctariortnu.
865 3867 1023 3936 Quod
1053 3867 1181 3921 dum
1205 3880 1304 3936 per
1330 3863 1531 3916 multos
1567 3876 1741 3916 annos
1773 3861 1904 3929 agit,
1935 3860 2345 3930 turbulentique
2376 3861 2462 3918 sui
2496 3863 2698 3933 ingenii
2733 3873 2787 3919 et
2820 3863 3131 3921 inﬂexibilis
3153 3867 3456 3935 pervicacia
3499 3871 3717 3938 plenam

449 3969 611 4021 [idem
679 3965 809 4020 facit
843 3961 1126 4025 omnibus,
1185 3956 1424 4026 denique
1480 3955 1726 4009 omnium
1797 3953 2025 4008 calculis
2065 3954 2354 4009 damnatus
2409 3957 2668 4012 exsulare
2704 3958 2896 4027 jussus
2930 3971 3012 4014 cst
3078 3966 3220 4028 apud
3267 3961 3578 4031 Sozopolim
3645 3965 3714 4018 ad

447 4063 687 4115 Pontum
724 4077 741 4112 :
804 4057 895 4112 ubi
939 4055 1251 4126 providerat
1309 4053 1632 4123 imperator,
1668 4060 1725 4106 ut
1755 4052 2154 4108 oﬂiciosissime
2192 4055 2557 4123 exciperetur,
2607 4064 3005 4126 curareturque
3059 4059 3315 4128 copiose:
3349 4064 3707 4132 quanquam,

447 4155 541 4210 ille
575 4151 919 4208 contumacia
944 4163 1006 4203 se
1046 4147 1332 4203 involvens
1389 4162 1507 4211 sua,
1543 4145 1674 4200 etin
1730 4154 1998 4215 concepta
2065 4147 2234 4202 semel
2260 4148 2843 4221 adversusAugustum
2868 4152 3230 4220 iraanimum,
3300 4164 3358 4208 ut
3418 4157 3718 4225 apparebat

447 4251 770 4312 oblirmans,
794 4247 976 4300 oblata
1009 4247 1128 4314 ejus
1157 4244 1236 4298 uti
1271 4243 1601 4297 liberalitate
1643 4240 1840 4296 noluit.

533 4346 699 4401 Ἀλλὰ
728 4342 902 4397 ταῦτα
923 4343 1022 4413 μὲν
1054 4333 1156 4393 ὧδὲ
1190 4357 1267 4410 πη
1302 4338 1759 4410 περιγεγράφθω.
1800 4337 1860 4390 ὐ
1887 4336 1945 4390 δέ
1971 4353 2029 4404 γε

2211 4333 2316 4388 Sed
2349 4333 2418 4388 de
2483 4333 2568 4388 his
2637 4332 2930 4389 hactenus.
2977 4333 3056 4387 Ad
3120 4334 3505 4404 imperatorem
3581 4342 3729 4396 enim

452 4437 814 4509 αὐτοκράτωρ
843 4436 972 4496 τοὺς
1011 4432 1276 4503 νεήλυδας
1333 4431 1649 4502 (συνέρρεον
1707 4428 1817 4498 γὰρ
1863 4428 2040 4482 ἱκανοὶ

451 4531 834 4605 περισωθέντα
882 4527 1074 4581 τοῦτον
1135 4525 1539 4596 μεμαθηκότες)
1589 4522 1866 4592 ἐπιμελῶς
1917 4521 2037 4588 ege-

452 4626 730 4690 παίδευε-ν,
762 4625 910 4685 ὅπως
961 4618 1218 4672 ἱππεύειν
1268 4619 1375 4688 χρὴ
1409 4619 1503 4671 καὶ
1552 4616 1794 4682 τοξεύειν
1855 4617 2041 4668 εύστο-

434 4717 697 4789 κᾶπειτα,
723 4712 1028 4768 ὁπλιτεύειν
1076 4727 1134 4763 τε
1158 4711 1253 4763 καὶ
1287 4708 1593 4780 ἐνεδρεύειν
1615 4706 2037 4776 ἐπικαιρότατα.

468 4809 807 4878 Ἐπεπόμφει
863 4807 919 4859 δὲ
961 4801 1118 4866 αὖθις
1165 4801 1303 4874 πρὸς
1353 4801 1445 4853 τὸν
1498 4799 1644 4870 ῥῆγα
1700 4799 2040 4869 Ἀλαμανίας

455 4901 719 4974 πρέσϐεις
778 4895 854 4954 ὧν
898 4895 1239 4969 προεξῆρχον
1271 4895 1315 4925 θ’
1355 4893 1382 4946 ό
1416 4891 1718 4962 Μεθύμνης
1749 4890 1860 4960 (l7)
1917 4906 2020 4942 κα-

2149 4427 2488 4481 redcundum
2529 4434 2634 4489 est,
2666 4428 2758 4495 qui
2795 4439 2991 4481 recens
3023 4429 3284 4495 appulsos
3319 4431 3728 4502 milites:(mu|ti

2149 4519 2420 4588 siquidem
2455 4517 2522 4570 ad
2555 4533 2703 4582 eum,
2739 4525 2797 4570 ut
2855 4517 3072 4572 salvum
3125 4534 3247 4573 esse
3275 4522 3541 4587 constitit,
3602 4540 3733 4578 con-

2149 4609 2374 4677 ﬂuxere)
2408 4609 2600 4664 sedulo
2632 4609 2921 4663 exercebat
2955 4608 3018 4662 ad
3051 4624 3241 4664 omnes
3272 4621 3455 4680 partes
3492 4611 3733 4668 [unctio-

2148 4703 2235 4756 nis
2274 4699 2555 4754 militaris:
2586 4699 2815 4764 docens,
2845 4711 3048 4766 equum
3081 4697 3218 4751 scite
3243 4713 3452 4768 regere,
3478 4701 3730 4754 collima-

2151 4811 2210 4850 re
2233 4810 2362 4848 areu
2390 4807 2553 4863 quam
2584 4793 2910 4854 certissime,
2946 4792 3149 4846 vadere
3195 4794 3430 4847 exsertis
3479 4795 3727 4850 armisin

2150 4891 2432 4951 adversos,
2467 4901 2770 4955 rursusque
2813 4887 3135 4954 tempestive
3180 4885 3466 4941 subsidere
3510 4889 3567 4942 in
3594 4886 3759 4944 insi?

1532 5026 1735 5088 Variae
1779 5025 2084 5087 lectiones
2125 5042 2203 5086 ex
2249 5022 2393 5086 cod.
2437 5021 2710 5098 Coislin.

531 5167 730 5237 ιιτάρ,
807 5159 1210 5232 ιο-ἀπέχεσθαι.
1286 5156 1329 5188 ⁸⁷
1353 5153 1764 5226 διορθούμενον.

1842 5152 1888 5186 ⁸⁸
1919 5151 2082 5208 Deest
2117 5168 2221 5206 vox
2251 5149 2562 5221 βασιλικῆς.

2640 5147 2685 5179 ⁶⁹
2718 5147 3084 5220 προεξῆρχεν.

1506 5293 1647 5357 Car.
1682 5293 2016 5357 Dul'resnii
2049 5295 2148 5356 Du
2188 5293 2413 5372 Cangii
2462 5296 2646 5353 nolaa.

530 5431 642 5509 (16)
661 5434 1016 5509 Σωζόπολις.
1041 5427 1354 5496 Sozopolim
1382 5426 1457 5509 τιό.
1469 5424 1714 5509 Pontum
1733 5419 1965 5509 “1‘3!inth
1969 5434 2025 5509 pi

455 5491 663 5577 parizer
687 5491 888 5577 satuit
917 5491 1522 5577 CautaﬂtgenusLllib.
1566 5510 1617 5558 ι,
1657 5507 1782 5577 (ξιιμ.
1813 5491 1886 5577 ξιτ
1921 5491 2031 5577 Τὴν

459 5561 769 5642 Summam
800 5575 940 5626 κατὰ
971 5577 1062 5624 τὸν
1088 5567 1579 5642 Εὔξεινονμῐίόντον,
1607 5561 2033 5642 πολυάνθρωπον

461 5631 628 5702 οὖσαν
670 5648 766 5698 καί
807 5643 1053 5713 μεγάλην
1089 5631 1270 5694 πόλιν.
1317 5636 1667 5713 _S_o_zo_poleos
1715 5635 1924 5713 mentio
1953 5631 2036 5713 ﬁt

460 5701 730 5790 pra-terea
761 5701 912 5790 apud
931 5701 1143 5790 An'nain
1171 5725 1291 5790 pag.
1473 5705 1751 5784 'l‘zetzem,
1787 5701 2034 5790 cliti-1.1g.

463 5771 594 5843 trust.
627 5787 764 5846 596,-
792 5771 846 5838 et
882 5771 1192 5836 Samuclem
1225 5771 1671 5852 Cuichenonum,
1695 5776 1761 5852 in
1793 5771 2036 5852 Allobro-

467 5875 591 5929 gum
624 5857 932 5930 principum
959 5852 1224 5922 Historia,
1265 5851 1328 5906 ad
1361 5863 1454 5904 an;
1487 5845 2036 5931 {566,-ﬁliam-ejus-

2135 5419 2258 5472 dem
2320 5416 2705 5487 appellationis
2754 5415 2945 5487 urbem
3005 5415 3057 5468 in
3096 5414 3417 5487 Pampltxlia
3471 5421 3724 5487 statuunt

2141 5484 2370 5543 Nic-etas
2394 5484 2456 5542 in
2497 5487 2656 5542 Joan.
2711 5502 2768 5540 n.
2801 5487 2874 5553 λίς
2909 5486 3175 5554 Scylitzes
3223 5496 3276 5537 et
3307 5485 3528 5551 Tageuo
3561 5484 3726 5537 Pata-

2140 5560 2348 5614 viensis
2382 5576 2398 5622 ;
2438 5561 2490 5612 in
2543 5561 2810 5611 alterutra
2872 5565 3035 5612 natus
3096 5555 3334 5608 Joannes
3401 5556 3726 5620 patriarcha

2141 5630 2817 5698 Constantinopolitauus,
2843 5628 2917 5698 de
2950 5643 3056 5698 quo
3087 5626 3381 5698 Gregoras.
3417 5625 3506 5676 lib.
3545 5639 3619 5698 vi,

2219 5702 2331 5772 (Π)
2370 5701 2436 5772 ΪΟ
2471 5694 2812 5772 meum“.
2829 5697 3165 5772 Metliyiitiizr
3187 5694 3724 5772 litoleniamnetAaliis,

2145 5763 2235 5827 est'
2257 5763 2419 5827 Lesbi
2456 5763 2653 5824 insulae
2678 5763 2958 5836 oppidum.
2990 5763 3127 5836 'Vide.
3155 5763 3320 5828 infra,
3373 5780 3428 5834 p.
3634 5765 3726 5819 Est

2145 5846 2314 5899 etiam
2344 5841 2591 5907 Eliano,
2627 5833 2852 5924 juv
2888 5836 3023 5905 Περὶ
3072 5835 3248 5903 ζώων,
3303 5833 3427 5904 cap.
3459 5833 3550 5902 20,
3595 5836 3725 5889 urbs
