4110 6396
361 333 473 396 39'}

1643 334 2059 396 ALEXIADIS
2088 335 2238 395 LIB.
2263 336 2331 396 V.

3511 336 3617 401 3M

361 450 645 520 regionem
701 445 791 501 cui
841 453 1106 516 prmessct
1135 458 1352 502 summo
1388 444 1535 516 jure,
1583 447 1877 500 comitibus
1908 455 1963 501 et
1999 447 2156 501 lectis
2182 463 2246 502 cx
2279 456 2391 501 toto
2434 448 2680 502 exercitu
2743 449 2876 505 viris
2923 449 2976 504 in
3027 450 3314 506 consilium
3393 456 3621 514 voca-tis,

361 541 747 610 acccrsiloque
793 538 1126 604 Baimu.:do,
1165 540 1283 609 ipse
1309 538 1376 592 ad
1436 537 1704 592 orandum
1762 538 1941 591 altiori
1984 539 2107 595 loco
2138 540 2446 600 consideus.
2472 540 2551 594 sic
2581 541 2796 595 locutus
2824 551 2908 597 est
2941 559 2957 596 :

439 633 669 695 Οἴδατε,
693 631 975 700 κόμητες,
1004 630 1094 683 ὅτι
1127 629 1231 683 τὸν
1279 631 1570 698 φίλτατόν
1627 647 1746 699 μου
1820 628 1954 682 υἱὸν
1981 637 2028 692 Α

374 723 674 792 Ῥογέρην,
705 723 805 776 καὶ
857 723 1240 790 πρωτότοκον
1255 721 1373 774 τῶν
1400 720 1567 785 υἱῶν,
1601 723 1810 788 κύριον
1839 719 1948 788 τῆς

360 818 512 887 ἐμῆς
556 819 625 871 ἐν
665 816 747 882 τῷ
777 817 922 884 πρὸς
965 817 1029 870 τὸ
1065 817 1395 883 Ἰλλυρικὸν
1439 815 1694 884 μέλλειν
1743 813 1949 865 διαπε-

344 911 479 979 1:4};-
511 912 858 978 κατέστησα
885 907 1100 978 χώρας.
1151 906 1233 961 Οὐ
1291 906 1398 976 γὰρ
1469 904 1659 973 ἐχρῆν
1720 901 1949 956 ἐκεῖθεν

357 1005 820 1072 ὑποχωροῦντα,
850 1005 946 1057 καὶ
968 1001 1240 1056 τοιοῦτον
1265 1000 1710 1069 ἀναδεχόμενον
1746 997 1942 1066 ἔργον,

359 1095 477 1160 τὴν
509 1097 669 1150 ἰδίαν
696 1096 894 1166 χώραν
923 1093 1062 1162 ἄτερ
1118 1095 1406 1164 ἡγεμόνος
1459 1091 1814 1146 καταλιπεῖν
1859 1090 1947 1152 εἰς

353 1186 679 1254 προνομὴν
706 1187 955 1256 ἕτοιμον
984 1185 1165 1239 παντὶ
1191 1183 1272 1250 τῷ
1327 1183 1708 1253 βουλομένῳ,
1756 1181 1946 1236 ἐκκεῖ-

355 1285 523 1334 σθαι.
564 1281 724 1334 Ἐπεὶ
755 1279 824 1332 δὲ
855 1283 887 1334 ό
907 1278 1034 1346 ῥὴξ
1108 1277 1481 1346 Ἀλαμανίας
1522 1277 1564 1308 ⁸¹
1615 1275 1944 1344 πολιορκή-

358 1387 493 1424 σων
519 1374 747 1439 ταύτην
768 1371 883 1440 ἤδη
916 1369 1380 1440 καταλαμϐάνει,
1409 1368 1526 1438 χρὴ
1563 1367 1663 1423 καὶ
1717 1367 1876 1436 ἡμᾶς
1897 1367 1942 1400 ⁸⁸

361 1464 448 1528 ὡς
475 1465 624 1517 ἐνὸν
662 1463 887 1528 ταύτης
924 1461 1456 1531 άντιποιήσασθαι.
1505 1460 1660 1515 Οὐδὲ
1691 1461 1799 1529 γὰρ
1853 1459 1950 1514 δεῖ

354 1556 582 1623 ἐτέρων
610 1554 1227 1624 ἐπιλαμϐανομένους,
1277 1553 1396 1606 τῶν
1431 1553 1596 1607 ἰδίων
1655 1553 1941 1620 κατερῤα-

356 1647 707 1715 θιομηκέναι.
774 1647 1002 1701 Λοιπὸν
1033 1645 1170 1716 ⁸ἐγὼ
1217 1648 1336 1715 μὲν
1394 1645 1593 1714 ἄπειμι
1622 1643 1714 1712 ἐφ’
1751 1636 1800 1709 ᾧ
1831 1643 1942 1712 τῆς

357 1740 589 1805 οἰκείας
615 1739 810 1808 χώρας
870 1740 1384 1806 ἀντιποιήσασθαι
1440 1737 1556 1805 τὴν
1611 1737 1762 1806 πρὸς
1832 1736 1940 1790 τὸν

356 1829 718 1898 Ἀλαμανιάς
748 1829 1210 1899 ἀναδυσάμενος
1236 1829 1462 1898 μάχην.
1513 1828 1765 1883 Τουτωνὶ
1801 1829 1847 1861 ⁸³
1869 1828 1938 1882 δέ

347 1941 455 1990 μοι
485 1923 563 1986 τῷ
595 1922 702 1988 υἰῷ
735 1922 812 1988 τῷ
839 1921 1104 1990 νεωτέρῳ
1149 1923 1439 1990 ἐπαρίημι
1488 1924 1558 1976 τό
1599 1939 1662 1975 τε
1710 1921 1934 1990 Δυρράο

2136 631 2323 696 Scitis,
2351 633 2589 696 comites,
2621 634 2992 687 charissimam
3022 637 3192 704 ﬁlium
3223 654 3392 693 meum
3421 643 3622 710 primo-

2051 725 2284 792 genitum
2311 723 2596 794 Rogerium
2625 742 2656 778 a
2691 742 2771 778 me
2794 743 2912 779 cum
2935 729 2987 779 in
3011 726 3290 797 Illyricum
3324 733 3619 800 trajicerem

2051 815 2401 867 constitutum
2434 815 2602 882 fuisse
2635 817 2903 869 dominum
2939 817 3157 872 ditionis
3201 819 3410 875 Italica:
3465 841 3614 881 metr.

2052 903 2177 958 Non
2221 906 2364 958 enim
2411 907 2687 975 oportebat
2739 925 2818 961 me
2857 910 3008 961 illinc
3061 914 3129 962 ad
3169 920 3333 965 tanta:
3387 914 3518 968 alea:
3555 933 3621 969 ac

2048 997 2270 1064 periculi
2320 1002 2582 1067 negotium
2648 999 2954 1063 solventem,
3009 1002 3178 1055 solum
3231 1008 3507 1072 praprium
3557 1023 3621 1061 ac

2046 1089 2202 1154 quasi
2225 1089 2403 1142 natale
2436 1106 2629 1153 meum,
2653 1091 2769 1144 sine
2797 1092 3012 1144 custode
3037 1109 3096 1145 ac
3114 1096 3351 1164 principe
3389 1098 3620 1166 cujusvis

2048 1183 2342 1246 expositum
2411 1183 2694 1252 cupiditati
2762 1183 3089 1253 relinquere,
3157 1188 3296 1240 velut
3363 1200 3619 1255 paratam

2045 1273 2284 1340 prtrdam
2344 1275 2488 1327 omni
2561 1274 2744 1328 tollere
2777 1293 2996 1332 ausura.
3053 1278 3467 1342 Quoniantrero
3523 1297 3617 1335 rex

2046 1363 2366 1429 Alamanne,
2409 1376 2466 1419 ut
2519 1368 2677 1422 certis
2711 1368 2974 1424 indicibus
3007 1373 3380 1439 comperimus,
3416 1375 3468 1428 in
3501 1391 3617 1429 eam

2043 1474 2187 1526 spem
2221 1474 2274 1512 se
2291 1461 2546 1530 accingit,
2575 1469 2624 1514 et
2650 1479 2838 1531 magno
2864 1465 3100 1517 exercitu
3129 1465 3377 1520 inuadere
3399 1481 3610 1526 nostras

2043 1550 2227 1602 domos
2278 1566 2342 1603 ac
2399 1560 2596 1604 terram
2651 1561 2828 1618 parat,
2884 1554 3064 1623 utique
3111 1555 3416 1624 faciendum
3463 1559 3617 1614 nobis

2042 1652 2119 1694 est
2151 1653 2205 1695 ut
2235 1643 2350 1711 ejus
2381 1644 2657 1698 conatibus
2691 1645 2897 1700 obviam
2927 1658 3102 1702 eatur.
3138 1649 3271 1714 Quae
3305 1653 3444 1705 enim
3477 1657 3616 1707 ratio

2045 1733 2197 1798 sinit,
2227 1744 2281 1787 ut
2310 1736 2406 1804 qui
2441 1735 2629 1789 alienis
2657 1739 2994 1806 acquirendis
3027 1739 3344 1802 insistimus,
3373 1747 3620 1814 praprio-

2041 1841 2157 1877 rum
2198 1827 2470 1894 jacturam
2497 1829 2686 1897 ignava
2719 1829 2923 1883 desidia
2959 1831 3195 1899 feramus
3221 1836 3247 1888 Ρ
3289 1833 3400 1904 Ego
3451 1839 3619 1908 igitur

2042 1917 2178 1971 hanc
2217 1920 2598 1988 spississimam
2631 1937 2801 1986 opera:
2831 1936 3037 1994 partem
3067 1924 3208 1978 ultro
3240 1927 3460 1994 deposco
3488 1933 3617 1986 mihi

352 2032 516 2085 χιον,
560 2016 657 2067 καὶ
711 2014 815 2067 τὸν
851 1989 1125 2077 Αὐλῶνα,
1160 1989 1398 2079 καὶτὰς
1423 2017 1643 2078 λοιπὰς
1705 1989 1936 2080 πόλεις,

2040 2018 2089 2063 et
2142 2025 2336 2064 sumo:
2399 2011 2612 2077 bellum,
2674 1989 2914 2083 inquam,
2953 2032 3072 2069 cum
3129 2034 3246 2087 rege
3303 1989 3615 2080 ‘Alamania'

347 2107 454 2158 καὶ
502 2107 736 2172 νήσους
770 2107 921 2172 ὅσας
947 2105 1187 2175 φθάσας
1219 2105 1402 2169 αὐτὸς
1432 2103 1514 2170 τῷ
1563 2103 1670 2174 ’μῷ
1733 2104 1934 2173 δόρατι

350 2197 683 2265 κατέσχον.
743 2177 1172 2266 ¹Παρεγγνῶμαι
1243 2197 1377 2250 εδδὲ
1427 2197 1571 2266 ὑμῖν
1630 2197 1729 2250 καὶ
1789 2196 1937 2261 ἀξιῶ

347 2291 434 2355 ὡς
473 2291 581 2358 ἐμὲ
632 2289 852 2344 τοῦτον
881 2289 1224 2359 λογίζεσθαι
1262 2289 1361 2344 καὶ
1390 2290 1502 2357 ὅλη
1533 2291 1682 2359 χειρὶ
1715 2289 1934 2362 [ψυχῇ]

350 2383 456 2435 καὶ
502 2381 703 2452 γνώμη
731 2382 883 2450 ὑπὲρ
909 2382 1095 2435 αὐτοῦ
1127 2382 1448 2450 μάχεσθαι.
1481 2381 1593 2434 Καὶ
1630 2381 1730 2434 σοὶ
1761 2380 1830 2432 δὲ
1857 2379 1938 2446 τῷ

348 2457 623 2541 Lauinia.)
649 2490 751 2541 μοι
775 2473 1130 2541 ἐπισκήπτω
1155 2471 1263 2537 υἱῷ
1297 2472 1676 2544 (ἀποστρέψας
1706 2473 1798 2524 τὸν
1851 2473 1938 2526 λό⁴

351 2582 450 2632 γον
483 2565 623 2634 πρὸς
652 2565 740 2616 τὸν
776 2565 1114 2635 Βπῖμούντον
1143 2565 1212 2636 ⁸⁵)
1239 2565 1337 2620 διὰ
1376 2564 1552 2635 τιμῆς
1569 2564 1773 2633 πάσης
1795 2567 1937 2630 τοὺς

353 2659 621 2725 κόμητας
651 2657 841 2726 ἄγειν,
883 2658 984 2712 καὶ
1013 2661 1384 2729 συμϐούλοις
1410 2660 1480 2712 ἐν
1504 2659 1554 2690 ⁸⁸
1581 2659 1770 2714 ἅπασι
1791 2659 1936 2728 χρή-

347 2757 601 2815 σασθαι,
631 2751 730 2804 καὶ
754 2751 840 2820 μὴ
875 2748 1006 2806 οἷον
1033 2753 1416 2808 ὲναυθεντεῖν
1437 2751 1572 2824 (‘22),
1599 2754 1759 2807 ἀλλὰ
1781 2753 1935 2807 πάν⁸⁸

350 2854 473 2890 των
501 2837 712 2902 αὐτοῖς
744 2839 1078 2894 κοινωνεῖν.
1113 2840 1197 2894 Σὺ
1225 2840 1292 2894 δὲ
1313 2841 1452 2912 ἀλλ’
1492 2843 1600 2909 ὅρα
1644 2841 1728 2911 μὴ
1760 2859 1938 2896 κατα-

341 2915 647 2999 μελήσεις
679 2931 720 2960 ⁸⁷
752 2931 858 2984 τὸν
903 2932 1056 2985 κατὰ
1090 2933 1194 2987 τοῦ
1249 2933 1559 3000 ,βασιλέως
1635 2934 1936 3003 Ῥωμαίων

342 3019 818 3088 ἀναπράξασθαι
871 3021 1159 3090 πόλεμον,
1213 3021 1351 3076 ἀλλ’
1384 3021 1453 3074 ἐν
1489 3022 1614 3085 ὅσῳ
1658 3022 1936 3090 μεγάλην

345 3107 543 3178 ἧτταν
581 3111 833 3178 ἡττήθη,
874 3112 972 3165 καὶ
1005 3111 1222 3181 μικροῦ
1253 3113 1556 3181 μαχαίρας
1609 3113 1788 3183 ἔργον
1818 3115 1936 3184 ἐγε-

349 3204 536 3269 γόνει.
572 3201 674 3254 καὶ
707 3202 774 3254 τὸ
802 3201 964 3256 πολὺ
998 3199 1114 3254 τῶν
1143 3201 1332 3256 αὐτοῦ
1363 3203 1826 3272 στρατευμάτων
1854 3204 1934 3271 τῷ

348 3291 590 3360 πολέμῳ
623 3293 928 3360 ἀνήλωτο.
955 3294 1062 3347 Καὶ
1089 3295 1221 3363 γὰρ,
1254 3295 1412 3365 φησὶ,
1462 3297 1561 3349 καὶ
1586 3295 1766 3366 ἐγγὺς
1785 3294 1932 3368 ἦλθε
1960 3320 2005 3379 C

353 3386 453 3437 τοῦ
492 3384 884 3453 ζωγρηθῆναι,
915 3386 1014 3439 καὶ
1051 3386 1122 3440 ἐκ
1147 3387 1356 3455 μέσων
1382 3387 1500 3459 τῷν
1526 3388 1743 3457 χειρῶν
1764 3390 1933 3460 ἡμῶν

364 3482 715 3544 τραυματίας
743 3477 953 3547 ᾤχετο.
993 3479 1090 3544 Μὴ
1126 3478 1379 3546 ἀνήσεις
1439 3481 1612 3545 ὅλως,
1670 3481 1750 3551 μή
1807 3496 1932 3548 πως

370 3568 614 3637 ἀνέσεως
649 3569 876 3638 τυχὼν,
939 3569 1218 3640 συλλέξῃ
1248 3572 1293 3602 ⁸⁸
1318 3575 1386 3625 τό
1412 3589 1473 3625 τε
1526 3573 1762 3641 πνεῦμα
1832 3575 1931 3627 καὶ

363 3667 771 3731 γενναιότερον
809 3663 846 3730 ἣ
888 3663 954 3716 τὸ
988 3664 1280 3731 πρότερον
1309 3664 1779 3734 ἀντικατασταῖῃ
1808 3681 1928 3720 σοι.

357 3758 437 3809 Οὐ
465 3757 572 3826 τὰρ
620 3755 743 3810 τῶν
765 3759 1133 3823 τυχόντωνό
1158 3756 1332 3824 ἀνὴρ,
1386 3757 1524 3812 ἀλλ’
1592 3759 1660 3811 ἐκ
1711 3762 1932 3825 νηπίου

345 3848 420 3900 ἐν
451 3851 496 3880 ⁸⁸
529 3850 821 3917 πολέμοις
854 3847 953 3901 καὶ
973 3847 1192 3916 μάχαις
1218 3848 1554 3917 ἐντραφεὶς,
1608 3848 1816 3904 πᾶσάν
1871 3868 1934 3904 τε

348 3939 466 4005 τὴν
490 3939 570 3992 ἔω
614 3941 714 3992 καὶ
778 3939 894 4004 τὴν
945 3939 1215 4006 ἑσπέραν
1274 3939 1612 4006 ἐληλυθὼς,
1667 3943 1934 4008 ὁπόσους

343 4029 704 4094 ἀποστάτας
753 4029 879 4094 τοῖς
922 4029 1126 4096 πρώην
1181 4028 1613 4096 αὐτοκράτορσι
1681 4031 1935 4106 δορυθη-

336 4124 574 4193 [drove
597 4123 869 4189 ἐποίησε,
902 4123 1000 4173 καὶ
1043 4122 1228 4186 αὐτὸς
1256 4121 1495 4186 πάντως
1556 4122 1624 4174 ἐκ
1687 4123 1936 4177 πολλῶν

345 4216 621 4278 ἀκούεις.
645 4215 715 4266 Ei
745 4213 895 4281 γοῦν
927 4211 1084 4279 ὅλως
1115 4213 1432 4282 ἀναπέσῃς
1498 4213 1597 4267 καὶ
1645 4214 1730 4283 μὴ
1808 4214 1935 4267 κατ’

343 4305 543 4358 αὑτοῦ
574 4304 858 4372 χωρησιις
883 4302 1052 4371 πάσῃ
1080 4302 1304 4372 γνώμῃ,
1351 4306 1552 4358 ὁπόσα
1597 4304 1715 4374 μὲν
1753 4305 1936 4369 αὐτὸς

341 4399 519 4464 ἔργα,
549 4398 755 4450 πολλὰ
805 4395 1015 4465 καμὼν
1071 4395 1279 4464 ἤνυσα
1349 4396 1580 4464 φροῦδα
1637 4397 1934 4464 ποιήσεις,

342 4491 540 4554 αὐτὸς
588 4489 658 4540 δὲ
723 4489 864 4555 τοὺς
924 4489 1197 4556 καρποὺς
1256 4487 1366 4556 τῆς
1432 4487 1582 4554 ιδίας
1635 4489 1934 4557 ῥᾳθυμίας

342 4580 829 4650 πάντωςδρέψῃ.
872 4581 1046 4648 Κάγὼ
1067 4581 1185 4650 μὲν
1229 4580 1346 4650 ἤδη
1387 4580 1589 4648 ἄπειμι
1647 4582 1935 4650 άγωνισό-

2040 2115 2135 2168 ego
2171 2101 2283 2168 ipse
2307 2111 2552 2171 gesturus
2584 2104 3014 2175 toleraturusque
3049 2124 3306 2176 propero;
3340 2111 3464 2166 huic
3495 2131 3614 2169 vero

2029 2191 2238 2258 juniori
2271 2209 2384 2246 meo
2414 2195 2529 2262 ﬁlio
2578 2195 2936 2264 Dyrrachium
2968 2210 3016 2251 et
3051 2200 3309 2254 Aulonem
3361 2205 3614 2274 urbesque

2039 2300 2103 2336 ac
2154 2284 2362 2338 insulas
2399 2295 2620 2340 ca'teras
2659 2303 2775 2356 qua:
2827 2288 2948 2342 belli
2995 2290 3154 2358 hujus
3213 2295 3444 2348 nondum
3491 2297 3614 2350 licet

2039 2377 2264 2443 patrati,
2294 2379 2448 2444 quasi
2485 2379 2778 2447 anticipata
2803 2382 3024 2447 pra'mia
3049 2383 3103 2434 in
3124 2384 3346 2452 pignora
3378 2388 3613 2457 reliquo-

2039 2483 2154 2519 rum
2183 2468 2300 2536 jam
2332 2469 2606 2531 habemus,
2643 2473 2904 2542 relinquo,
2933 2473 3146 2538 addico,
3182 2479 3609 2550 commendoque.

2042 2556 2194 2623 Quod
2227 2567 2282 2610 ut
2309 2574 2556 2627 prospere
2595 2560 2924 2632 feliciterque
2955 2563 3106 2617 cedat
3153 2581 3246 2620 oro
3279 2569 3612 2640 obtestorque

2039 2665 2150 2713 vos,
2185 2659 2242 2702 ut
2273 2667 2390 2704 eum
2424 2667 2525 2705 non
2567 2653 2674 2707 alio
2697 2654 2935 2708 habeatis
2967 2655 3081 2709 loco
3110 2674 3267 2727 quam
3293 2677 3374 2714 me
3401 2663 3614 2728 ipsum:

2039 2741 2115 2795 ita
2145 2750 2204 2794 ut
2239 2745 2374 2796 sicut
2407 2760 2502 2812 pro
2537 2761 2618 2798 me
2647 2745 2959 2814 fecistis,sic
2993 2763 3088 2818 pro
3113 2749 3229 2817 ejus
3255 2767 3419 2805 causa
3445 2765 3604 2822 atque

2040 2835 2211 2903 capite
2242 2844 2349 2888 toto
2381 2837 2557 2890 aninto
2592 2846 2802 2906 totoque
2849 2847 3061 2906 pectore
3091 2845 3436 2909 pugnandum
3463 2848 3607 2900 vobis

2037 2923 2389 2978 arbitremini.
2411 2924 2528 2978 Tibi
2549 2943 2684 2989 vero,
2707 2928 2789 2995 ﬁli
2819 2928 3158 2995 charissime,
3184 2933 3418 3000 projure
3450 2945 3609 3006 atque

2039 3013 2233 3082 aﬂ‘ectu
2287 3017 2464 3082 patrio
2517 3018 2716 3087 impero
2781 3019 2940 3088 132
3000 3025 3412 3094 commendoque
3466 3027 3608 3096 (haec

2037 3106 2226 3162 dicens
2254 3109 2461 3160 vultum
2501 3118 2554 3161 et
2580 3109 2884 3163 oralionem
2919 3112 2984 3165 ad
3023 3111 3382 3170 Balmuudum
3421 3121 3609 3189 vertit)

2037 3206 2095 3250 ut
2130 3200 2276 3252 omni
2305 3200 2520 3253 honoris
2573 3208 2730 3268 atque
2763 3200 3113 3255 observantia'
3147 3221 3332 3274 genere
3378 3223 3481 3276 quo
3512 3226 3614 3278 par

2036 3298 2136 3354 est,
2173 3292 2390 3344 comites
2420 3293 2782 3360 prosequaris,
2826 3293 3170 3363 consiliisque
3203 3297 3438 3364 ipsorum
3487 3310 3613 3354 tan-
3651 3295 3664 3301 ’

2039 3389 2148 3434 tum
2173 3381 2400 3445 tribuas,
2431 3392 2487 3435 ut
2517 3382 2647 3436 nihil
2670 3382 2826 3451 plane
2855 3400 3028 3438 rerum
3051 3387 3197 3454 prius
3221 3405 3398 3457 gerere
3427 3408 3616 3461 aggre.

2035 3473 2205 3527 diaris
2254 3489 2412 3542 quam
2458 3490 2639 3526 eorum
2699 3477 3013 3529 sententiam
3064 3481 3408 3548 exquisieris;
3454 3500 3612 3551 quam

2033 3566 2241 3635 quidem
2268 3568 2404 3619 tanti
2425 3567 2566 3633 apud
2592 3577 2640 3620 te
2667 3570 2916 3622 momenti
2939 3585 3050 3624 esse
3080 3572 3212 3636 volo,
3249 3581 3303 3624 ut
3335 3590 3608 3643 nunquam

2035 3659 2082 3711 ei
2119 3660 2377 3725 privatam
2421 3671 2570 3712 tuam
2617 3661 2956 3726 quantumvis
2989 3677 3055 3715 ea
3087 3661 3346 3716 tibi-scita
3379 3665 3611 3720 callida-

2035 3769 2132 3822 qne
2167 3753 2426 3815 videatur,
2459 3753 2850 3822 praeferendam
2883 3764 3055 3822 putes.
3105 3753 3380 3826 Prweipue
3431 3770 3610 3814 autem

2034 3861 2147 3914 pra
2184 3845 2388 3898 caeteris
2431 3845 2674 3898 omnibus
2706 3847 2867 3898 etiam
2902 3856 3059 3915 atque
3089 3850 3248 3901 etiam
3297 3851 3490 3904 mando
3519 3853 3614 3906 tibi

2038 3936 2340 3990 Romanum
2374 3935 2596 3990 bellum.
2649 3935 2714 3989 Et
2749 3939 2860 3991 vide
2900 3955 2963 3992 ne
2995 3939 3142 3992 nulla
3188 3956 3422 4010 unquam
3455 3943 3613 4010 hujus

2037 4030 2135 4084 tibi
2165 4045 2308 4083 cura:
2343 4031 2584 4083 remissio
2609 4030 2874 4099 subrepat.
2909 4029 2974 4084 In
3011 4030 3334 4097 Romanum,
3370 4035 3612 4105 inquam,

2038 4122 2253 4188 bellum,
2306 4122 2408 4190 ﬁli,
2434 4123 2553 4190 jam
2585 4137 2617 4174 a
2653 4122 2804 4176 nobis
2855 4123 3124 4191 affectum,
3184 4133 3238 4176 tu
3291 4128 3615 4192 patrandum

2038 4213 2300 4267 incumbe.
2341 4211 2440 4266 lies
2477 4213 2572 4264 tibi
2605 4213 2816 4282 reliqua
2845 4223 2918 4266 est
2937 4229 3052 4266 cum
3078 4213 3396 4282 imperatore
3427 4232 3617 4287 magno

2037 4304 2225 4369 pra'lio
2257 4303 2414 4366 vieto,
2451 4304 2516 4356 ab
2563 4303 2764 4372 ingenti
2814 4303 2968 4357 clade
2995 4303 3082 4356 vix
3119 4305 3378 4358 incolumi
3411 4307 3615 4375 elapso.

2040 4397 2145 4461 Qui
2174 4396 2271 4449 hoc
2301 4397 2473 4464 ipsum
2503 4396 2560 4447 in
2590 4395 2738 4448 lucro
2765 4397 2960 4464 posuit,
2983 4395 3124 4458 quod
3148 4399 3301 4450 caesis
3332 4396 3620 4467 deletisque

2038 4491 2303 4560 plerisque
2335 4487 2579 4541 omnibus
2612 4489 2723 4541 suis
2756 4489 2941 4556 copiis,
2972 4489 3080 4557 ipse
3113 4505 3248 4542 unus
3275 4497 3482 4542 tantum
3513 4505 3619 4542 non

2040 4581 2267 4640 occisus,
2306 4587 2512 4630 tantum
2544 4593 2647 4630 non
2679 4587 2889 4646 captus,
2921 4593 2947 4630 e
2978 4579 3221 4631 manibus
3257 4580 3452 4632 nostris
3495 4595 3621 4633 eva-

343 4689 565 4742 μενος.
593 4674 698 4725 τὸν
725 4672 888 4741 ρῆγα
921 4673 1033 4740 τῆς
1064 4671 1382 4741 ἡμεδαπῆς
1411 4673 1457 4704 ⁹⁰
1487 4673 1793 4728 ἀπελάσαι
1823 4671 1935 4740 χώ-

2040 4673 2190 4726 serit.
2254 4668 2330 4722 Tu
2386 4685 2448 4722 ne
2523 4677 2647 4735 vim,
2697 4685 2759 4722 ne
2792 4670 3041 4736 impetum
3100 4672 3375 4734 remittas;
3443 4671 3620 4732 insta;

338 4782 463 4832 ρας
490 4765 590 4817 καὶ
624 4765 775 4817 οὕτω
804 4767 912 4816 τὸν
937 4765 1231 4833 φίλτατόν
1251 4781 1354 4832 μοι
1388 4763 1672 4834 Ῥογέρην
1698 4763 1798 4817 ἐπὶ
1828 4763 1936 4831 τῆς

349 4857 641 4923 δοθείσης
663 4855 822 4922 αὐτῷ
860 4855 1149 4921 ἐξουσίας
1181 4857 1453 4924 ἑδράσαι.

2044 4760 2282 4814 incumbe
2315 4761 2371 4812 in
2415 4774 2729 4812 concussum
2759 4759 2954 4822 semel;
2995 4759 3131 4812 illud
3181 4770 3442 4824 metuens,
3481 4776 3542 4812 ne
3576 4763 3620 4811 is

2045 4851 2332 4923 colligendi
2359 4851 2444 4905 sui
2489 4853 2722 4920 spatium
2769 4867 2860 4920 per
2894 4860 2942 4905 te
2970 4861 3178 4915 nactus,
3219 4852 3622 4919 [orntidolusior

349 4957 550 5007 existat
594 4953 737 5008 ultor
772 4966 1000 5023 accepta:
1030 4956 1223 5018 cladis,
1265 4955 1598 5025 majoresqne
1627 4972 1688 5009 ac
1719 4951 2122 5009 vehementiores
2162 4951 2275 5019 ipso
2306 4947 2489 5002 dolore
2521 4963 2582 5000 ac
2614 4962 2770 5000 sensu
2837 4947 3140 5033 ignominia:
3207 4947 3261 4998 in
3321 4962 3416 4999 nos
3459 4945 3623 5012 spiri-

349 5057 440 5101 tus
470 5048 706 5116 colligat.
742 5048 864 5102 Non
900 5060 975 5102 est
1012 5049 1079 5110 is,
1110 5049 1238 5103 mihi
1267 5049 1438 5114 crede,
1472 5049 1535 5102 de
1568 5049 1721 5118 vulgo
1757 5033 1976 5116 aliquis,
2018 5054 2066 5099 et
2099 5059 2251 5112 quem
2291 5041 2503 5110 impune
2563 5041 2734 5108 possis
2784 5051 3138 5093 contemnere.
3174 5038 3344 5093 Homo
3381 5055 3414 5093 a
3461 5055 3624 5108 puero

349 5141 408 5192 in
439 5139 590 5191 bellis
616 5140 920 5208 pra'liisque
956 5141 1215 5206 nutritus,
1249 5143 1341 5209 qui
1376 5137 1642 5194 Orientem
1675 5139 2118 5207 Occidentemque
2159 5134 2392 5189 victoriis
2446 5131 2825 5201 peragrarerit.
2879 5130 3138 5185 Audivisti
3194 5133 3410 5186 omnino
3465 5147 3623 5201 quant

1427 5254 1631 5315 Variae
1678 5255 1985 5316 lectiones
2030 5269 2110 5314 ex
2148 5249 2288 5312 cod.
2324 5247 2594 5309 Coislin.
3643 5330 3646 5333 _

428 5365 469 5396 "
517 5361 713 5430 Ἀδάμ.
792 5361 838 5393 ³³
861 5359 1028 5427 ὑμᾶς.
1107 5359 1156 5390 ⁸⁸
1183 5359 1404 5412 τουτωί.
1483 5359 1528 5389 ⁸⁵
1563 5358 2002 5426 παρεγγυῶμαι.
2079 5355 2125 5386 ⁸³
2163 5351 2520 5421 Βαῖμοῦνδον.
2585 5346 2631 5381 ⁸⁸
2663 5347 2826 5404 Deest
2855 5351 3046 5404 vocula
3075 5350 3154 5404 ἐν.
3231 5351 3279 5381 ⁸⁷
3311 5347 3622 5419 καταμελή-

357 5452 482 5510 an;
561 5434 607 5464 ⁸⁸
631 5427 905 5497 συλλέξαι.
982 5431 1027 5461 ⁸⁸
1060 5430 1221 5484 Deest
1263 5427 1457 5482 vocula
1486 5429 1565 5482 ὲν.

1643 5429 1688 5458 νο
1718 5427 2028 5496 ἡμεδαπῆς.

1428 5521 1568 5582 Car.
1594 5519 1929 5582 Dufresnii
1960 5521 2055 5579 Du
2091 5514 2312 5592 Cangii
2352 5508 2541 5576 noun.

428 5632 546 5703 (2‘2)
591 5624 1028 5704 'Eravoerteir.
1060 5622 1746 5704 ilesychius,ﬁbbsvltejv,
1783 5620 1937 5704 'enﬁoo-

355 5690 588 5767 σιέζείν.
624 5700 972 5773 Phrynichus
999 5733 1014 5756 ,
1056 5690 1331 5773 ᾼῷθέντης
1347 5690 1496 5773 εῃέπῖ
1523 5693 1616 5746 τοῦ
1645 5693 1934 5773 δεσπότου,

351 5775 406 5828 ol
435 5761 565 5848 περὶ
593 5773 660 5828 τὰ
687 5761 1030 5836 δι’καστήρια
1060 5761 1310 5834 ῥήτορες.
1347 5761 1479 5818 Vide
1517 5779 1639 5835 quae
1675 5763 1742 5820 de
1771 5762 1936 5832 hujus

670 5867 962 5928 Ps'rnon.
1004 5860 1115 5920 Gn.
1162 5857 1438 5921 CXXXI.

2047 5617 2201 5672 vocis
2234 5616 2516 5670 notatione
2562 5614 2769 5669 habent
2799 5619 3062 5680 praeterea
3112 5611 3379 5665 Meursius
3409 5617 3462 5680 et
3512 5607 3619 5680 Fa-

2048 5689 2264 5749 brutus,
2299 5689 2350 5738 in
2379 5685 2555 5740 Gloss.
2592 5697 2644 5738 ct
2675 5678 2935 5746 Allatius,
2968 5682 3064 5733 lib.
3096 5697 3111 5734 ι
3148 5681 3218 5733 De
3265 5680 3408 5736 Eccl.
3431 5678 3617 5737 Occid.

2045 5769 2094 5812 et
2121 5756 2325 5812 Orient.
2351 5763 2548 5826 perpet.
2578 5769 2818 5810 consens.
2853 5766 2972 5821 cap.
2999 5751 3090 5818 2|,
3121 5767 3175 5804 η.
3207 5751 3264 5805 4.

3222 5843 3292 5907 13
