4110 6380
288 396 395 463 ἐθὶ

1573 397 1994 460 ALEXIADIS
2034 398 2185 461 LIB.
2214 399 2282 460 V.

3445 395 3556 464 402

272 515 621 590 μαχομένοις
674 514 903 576 Κελτοῖς
973 513 1434 584 ἀντικατασταίη.
1506 515 1866 585 ’Υποφεύγων

1985 527 2119 572 metu
2169 514 2397 584 mortis,
2455 523 2570 579 aut,
2602 515 2749 586 quod
2793 517 2842 570 in
2879 515 3047 572 lamis
3105 515 3264 571 malis
3321 532 3551 585 pronum

270 612 331 664 δὲ
360 611 488 672 τοὺς
537 607 773 677 ἐχθροὺς
819 609 938 676 μετ’
983 607 1183 670 ὀλίγων
1226 606 1366 660 πάνυ
1399 607 1586 674 τινῶν,
1621 607 1715 661 καὶ
1758 607 1869 661 τῶν

273 703 499 758 Κελτῶν
534 719 682 754 τισιν
713 699 975 770 ἐντυχὼν,
1008 698 1166 763 αὖθις
1204 701 1432 764 ἐκείνοις
1465 703 1491 756 ὁ
1517 703 1870 774 ἀκαταπτὸη-

274 814 367 858 τος
406 793 715 862 στρατηγὸς
741 791 1043 846 ἐδείκνυτο.
1085 790 1446 861 Ἀναρρώσας
1473 790 1583 860 γὰρ
1612 792 1739 853 τοὺς
1772 791 1870 843 σὺν

278 886 446 956 αὐτῷ.
482 887 576 938 zz‘t
624 884 874 954 σφοδρῶς
930 883 1031 952 τὴν
1077 884 1198 935 κατ’
1234 881 1415 937 αὐτῶν
1471 883 1765 948 ἱππασίαν,
1797 883 1872 946 ὼς

289 979 525 1046 σῆμερθν
580 974 982 1044 τεθνηξόμενος
1040 977 1299 1044 ποιήσας.
1362 975 1396 1046 ἢ
1465 976 1608 1029 κατά
1665 975 1871 1045 κράτος

261 1065 554 1138 ἧττήσων,
582 1068 788 1120 κτείνει
845 1067 943 1136 μὲν
989 1067 1152 1130 αὐτὸς
1202 1067 1403 1130 παίσας
1442 1068 1538 1120 ἕνα
1578 1066 1686 1119 τῶν
1733 1068 1873 1120 Κελ-

295 1162 416 1226 τῶν,
453 1161 549 1214 καὶ
582 1161 769 1212 ὁπόσοι
811 1161 866 1213 δὲ
918 1160 1013 1214 σὺν
1051 1159 1202 1229 αὐτῷ
1256 1161 1436 1228 ᾶρεως
1469 1156 1723 1232 ιτέῆσοιν
1765 1161 1871 1212 ὑπ-

289 1255 579 1318 ασπισταὲ,
607 1253 835 1316 πολλοὺς
872 1253 1186 1324 τρώσαντες
1228 1253 1537 1318 ὲξεδὶωξαν,
1579 1259 1672 1306 καὶ
1695 1253 1871 1316 οὕτως

287 1351 635 1420 ἀμετρήτους
701 1347 797 1400 καὶ
857 1348 1150 1416 μεγίστους
1203 1347 1269 1400 δι’
1337 1349 1590 1416 ἐκφυγὼν
1654 1348 1696 1379 ¹⁸
1758 1365 1874 1398 κιν-

284 1441 501 1507 δύνους,
555 1437 710 1502 αὖθις
737 1440 974 1503 σώζεται
1003 1440 1091 1492 διὰ
1126 1440 1234 1492 τῶν
1261 1439 1550 1510 Στμούγων
1582 1441 1696 1508 (29)
1731 1441 1872 1494 διελ-

286 1534 400 1589 θὼν
437 1537 518 1597 εἱς
581 1534 858 1604 Ἀχρίδας.
917 1533 1145 1586 Κάκεῖθ’
1189 1537 1231 1566 ¹⁰
1283 1536 1728 1605 ἐγκαρτερήσας,
1778 1535 1873 1587 καὶ

286 1627 525 1688 πολλοὺς
551 1627 597 1658 ’⁸
631 1627 739 1679 τῶν
775 1626 1137 1695 πεφευγότων
1163 1628 1667 1698 ἀνακαλεσάμενος,
1707 1628 1870 1682 αὑτοῦ

285 1739 393 1774 που
427 1721 568 1790 μετὰ
593 1720 688 1772 τοῦ
727 1721 968 1790 μεγάλου
1007 1720 1337 1788 δομεστίκου
1391 1722 1605 1785 πάντας
1640 1723 1870 1775 καταλι-

286 1812 433 1874 πὼν,
471 1812 888 1882 καταλαμϐάνει
923 1813 1012 1864 τὸν
1053 1813 1338 1884 Βαρδάρην
1367 1815 1427 1867 οὗ
1461 1812 1743 1884 ῥᾳστώνης
1772 1814 1869 1887 za-
1905 1857 1945 1912 Β

286 1923 378 1976 ριν
405 1921 419 1935 ·
461 1905 749 1975 βασιλικάς
779 1905 886 1976 γὰρ
922 1904 1198 1976 ῥᾳθυμίας
1256 1905 1350 1958 καὶ
1404 1904 1726 1968 ἀναπαύλας
1775 1907 1867 1959 οὐ·

282 1999 475 2068 δαμῶς
531 1999 713 2070 ἑαυτῷ
764 2000 1104 2070 ἁπεμέτρει·
1157 2001 1325 2053 καὶ²¹
1404 1999 1732 2069 συναγαγὼν
1799 2001 1868 2054 τὰ

287 2091 704 2162 στρατεύματα,
739 2092 832 2144 καὶ
862 2091 1251 2161 μισθοφορικὸν
1296 2091 1692 2162 συλλεξάμενος
1727 2091 1870 2145 κατά

284 2184 379 2236 τοῦ
420 2183 764 2250 Βαῖμουντου
818 2185 1008 2253 χωρεῖ,
1059 2183 1245 2253 ἓτερόν
1294 2202 1347 2237 τι
1398 2185 1679 2256 σκοπήσας
1715 2177 1870 2237 διὀῧ

287 2279 734 2344 καταγωνίσαιτο
762 2277 892 2340 τοὺς
933 2275 1194 2340 Κελτούς.
1231 2279 1526 2348 Τριῦολους
1573 2280 1680 2349 γὰρ
1718 2280 1867 2347 σιδηο

289 2369 393 2437 ρᾶς
425 2368 869 2432 κατασκευάσας,
904 2369 1028 2421 ἐπεὶ
1051 2368 1154 2440 τὴν
1187 2371 1366 2441 μάχην
1399 2373 1455 2434 ἐς
1487 2372 1662 2424 νέωτα
1697 2389 1872 2441 προσ-

289 2461 474 2524 εδόκα,
518 2460 765 2531 ἑσπέρας
823 2460 1050 2526 τούτους
1073 2463 1116 2494 ⁸³
1150 2465 1207 2516 ἐν
1251 2463 1329 2534 τῷ
1361 2463 1669 2535 μεταιχμίῳ
1699 2465 1744 2496 ⁸³
1774 2463 1873 2533 τῆς

293 2552 538 2614 πεδιάδος
569 2553 961 2622 κατέστρωσεν
988 2555 1062 2618 “,
1096 2548 1270 2626 οὗπερ
1306 2554 1674 2628 σφοδροτέραν
1723 2557 1875 2610 ἐστο-

300 2644 497 2714 χάζετο
525 2646 653 2706 τοὺς
680 2644 927 2708 Κελτοὺς
953 2647 1050 2714 τὴν
1085 2648 1352 2701 ἱππασίαν
1382 2649 1736 2719 ποιήσασθαι,
1769 2666 1875 2718 μη-

293 2734 612 2804 χανώμενος
651 2735 794 2806 τάχα
844 2736 944 2808 τὴν
991 2738 1217 2809 πρώτην
1251 2739 1345 2792 καὶ
1387 2739 1720 2794 ἀνύποιστον
1767 2741 1877 2794 τῶν

289 2825 542 2879 Λατίνων
565 2826 742 2895 ὁρμὴν
795 2825 886 2879 διὰ
920 2827 1131 2879 τούτων
1161 2827 1508 2897 ἀποθραῦσαι
1539 2826 1877 2898 περιπαρέν-

284 2933 399 2967 των
422 2915 532 2966 τῶν
571 2913 838 2984 τριόὁλων
889 2917 1004 2980 τοῖς
1043 2915 1152 2970 τῶν
1195 2915 1380 2969 ἵππων
1430 2917 1582 2980 ποσὶ,
1618 2916 1714 2970 καὶ
1748 2916 1877 2980 τοὺς

289 3008 396 3076 μὲν
428 3006 574 3059 κατά
601 3006 860 3076 μέτωπον
889 3006 1222 3078 ἱσταμένους
1262 3007 1371 3061 τῶν
1422 3009 1714 3079 Ῥωμαίων
1743 3009 1877 3063 ὀπό-

288 3117 373 3152 σοι
435 3099 638 3170 δόρατα
684 3098 883 3170 ἔφερον
951 3102 1378 3171 μεμετρημένας
1435 3103 1535 3163 τὰς
1604 3103 1875 3165 ἱππασίας

1974 609 2244 679 suspicari
2301 607 2392 672 sit,
2455 609 2869 677 perturbatione
2925 609 3030 662 ulla
3075 607 3361 662 rationem
3439 623 3549 661 non

1975 701 2262 770 sequentis
2298 701 2490 766 animi,
2522 701 2613 756 sed
2653 701 2889 756 consilio
2923 701 3156 768 sapienti
3191 710 3243 755 et
3285 716 3551 767 generoso

1976 801 2235 848 statuens
2266 807 2488 847 servare
2523 808 2580 846 se
2612 793 2726 862 spei
2760 807 2823 847 ac
2855 793 3099 862 periculo
3131 793 3349 862 majori.
3382 791 3554 859 Quip-

1974 902 2040 956 pe
2089 887 2132 941 si
2175 903 2232 941 se
2270 886 2430 941 modo
2484 885 2859 950 subduxisset,
2921 885 3164 940 futurum
3221 885 3458 947 νὶιὶιὺηι,
3499 893 3557 936 ut

1977 980 2174 1034 iterum
2211 981 2430 1050 aggredi
2470 977 2656 1035 Gallos
2690 980 3293 1050 posset,ultionerm1ue
3324 995 3387 1032 cx
3420 977 3558 1045 ipsis

1976 1073 2254 1127 hodierna:
2281 1075 2452 1129 cladis
2486 1089 2726 1130 sumere.
2767 1074 3003 1142 Fugiens
3047 1075 3211 1142 igitur
3241 1088 3362 1126 cum
3402 1072 3560 1141 oppi-

1975 1164 2045 1219 do
2077 1166 2291 1233 paucis,
2316 1165 2499 1219 subito
2539 1165 2890 1235 conspicatus
2929 1162 3112 1217 Gallos
3157 1161 3388 1231 aliquot.
3421 1160 3560 1214 obli-

1978 1268 2064 1311 tus
2087 1257 2390 1318 fortunam,
2429 1273 2492 1312 ex
2526 1259 2753 1311 cedente
2796 1259 2846 1310 in
2878 1257 3139 1310 audacem
3177 1269 3559 1324 aggressorem

1975 1349 2227 1403 vertitur.
2263 1347 2407 1401 Suos
2430 1348 2668 1402 breviter
2701 1349 2982 1408 admonet,
3013 1361 3309 1414 secumque
3343 1347 3396 1399 in
3459 1345 3560 1396 lm-

1977 1451 2114 1496 stem
2151 1449 2208 1494 ut
2237 1457 2359 1494 mox
2391 1441 2691 1496 morituros
2725 1451 2819 1494 aut
2870 1438 3154 1508 splendide
3199 1445 3558 1506 superaturos

1977 1534 2136 1614 rapit,
2178 1533 2316 1588 Tum
2373 1535 2486 1604 ipse
2539 1535 2842 1603 prmvolans
2882 1532 3162 1587 Gallorum
3196 1547 3365 1584 unum
3399 1529 3560 1582 caedit

1976 1643 2038 1682 ac
2077 1627 2572 1682 sternit.Comitum
2609 1628 2785 1696 ipsius
2820 1625 3086 1695 quantum
3121 1625 3351 1694 quisque
3382 1624 3560 1676 virtu-

1977 1719 2047 1774 tis
2073 1718 2262 1772 habuit
2287 1720 2434 1773 varie
2461 1720 2512 1772 in
2549 1719 2733 1772 hostes
2755 1717 2999 1786 objeclos
3029 1716 3385 1784 exprompsit,
3422 1714 3562 1764 umi-

1978 1812 2050 1866 tis
2108 1827 2294 1866 eorum
2358 1812 2663 1866 vulneratis
2718 1809 3052 1880 fugatisque.
3100 1809 3258 1878 135
3319 1809 3374 1862 lu
3413 1809 3559 1860 hunc

1977 1903 2198 1958 modum
2234 1904 2733 1960 innumerabilith
2765 1912 2819 1958 et
2872 1905 3128 1958 maximis
3164 1902 3426 1973 periculis
3463 1902 3559 1953 de»

1975 1999 2196 2054 {tinctus
2231 1998 2429 2053 iterum
2457 2008 2715 2055 servatus
2746 1999 3043 2068 imperator
3070 2006 3175 2061 est,
3213 2013 3309 2066 per
3333 1997 3564 2064 Strugas

1975 2091 2029 2146 in
2085 2091 2356 2145 Achridas
2408 2094 2759 2160 perveniens.
2802 2091 2881 2144 ibi
2933 2099 3017 2146 sat
3054 2090 3239 2144 multis
3277 2105 3500 2144 suorum
3533 2105 3562 2141 e

1977 2183 2101 2252 fuga
2133 2183 2397 2248 collectis,
2432 2198 2526 2238 eos
2568 2183 2643 2237 ibi
2680 2199 2877 2239 omnes
2917 2183 3021 2238 sub
3054 2184 3237 2252 magni
3272 2180 3561 2236 domestici

1977 2291 2107 2329 cura
2158 2275 2403 2345 reliquit.
2442 2274 2560 2344 Ipse
2593 2277 2658 2329 ad
2708 2276 3004 2329 Bardarem
3054 2274 3247 2344 pergit,
3289 2289 3394 2327 non
3439 2287 3561 2326 ces-

1979 2368 2132 2422 sandi
2167 2383 2334 2423 causa
2370 2369 2640 2436 quictisvc
2666 2367 2970 2438 gustandze,
2998 2367 3162 2420 homo
3189 2365 3280 2435 qui
3315 2363 3554 2417 fructum

1979 2462 2194 2530 imperii
2223 2461 2276 2516 in
2322 2462 2418 2516 otii
2447 2478 2614 2518 usura
2648 2462 2972 2528 deliciisque
3017 2475 3124 2515 non
3174 2468 3419 2530 poneret,
3464 2457 3560 2512 sed

1980 2555 2412 2624 reparandarum
2438 2555 2633 2609 virium
2660 2555 3042 2622 exercitusque
3072 2554 3229 2608 novis
3260 2550 3561 2607 delectibus

1981 2647 2321 2716 supplendie
2351 2648 2566 2702 civibus
2617 2648 2916 2716 sociisque,
2954 2656 3012 2700 ut
3057 2647 3253 2702 deinde
3281 2643 3564 2714 quampri-

1983 2755 2128 2794 mum
2166 2739 2488 2794 instructior
2509 2749 2701 2794 contra
2725 2739 3085 2794 Baimundum
3110 2746 3384 2808 pergeret;
3413 2734 3568 2805 quod

1981 2830 2208 2886 etfacit.
2242 2831 2428 2901 Ibique
2454 2831 2505 2884 in
2549 2834 2832 2899 procinctu
2869 2847 3063 2901 pugnae
3100 2831 3204 2884 tale
3231 2828 3366 2899 quid
3388 2843 3566 2882 Ivech-

1982 2923 2175 2994 gitavit
2207 2923 2274 2978 ad
2307 2922 2610 2978 vincendos
2639 2921 2846 2988 Gallos,
2891 2923 3109 2991 vimque
3159 2919 3562 2976 ineluctabilem

1984 3016 2266 3085 equitatus
2312 3013 2494 3070 Latini
2546 3013 2930 3083 fraugendam.
2963 3017 3135 3070 Nocte
3166 3030 3286 3084 quae
3319 3013 3566 3083 praelium

1987 3109 2288 3180 praecessit,
2317 3123 2571 3178 campum
2603 3109 2654 3162 in
2683 3123 2790 3178 quo
2823 3106 3261 3162 concurrendum
3290 3097 3407 3159 erat
3429 3120 3570 3174 prae-

291 3192 591 3256 ποιεῖσθαι,
650 3191 747 3246 καὶ
802 3193 1003 3245 ὁπόσον
1054 3192 1128 3264 μὴ
1175 3195 1289 3256 τοῖς
1339 3193 1610 3264 τριϐόλοις
1641 3211 1879 3265 περιπα-

1985 3204 2273 3273 occupavit
2308 3201 2503 3257 ferreis
2535 3201 2842 3257 muricibus
2881 3216 3168 3270 spargere:
3204 3199 3350 3254 unde
3413 3197 3567 3250 futu-

294 3285 460 3351 ρεῖεν,
504 3281 623 3334 ἀλλ’
655 3282 742 3351 ἐφ’
790 3282 1030 3351 ἑκάτερα
1072 3281 1426 3353 σχιζομένους
1481 3284 1875 3356 ὑποστρέφειν,

291 3375 424 3437 τοὺς
452 3375 509 3427 δέ
551 3375 865 3438 πελταστὰς
902 3377 1188 3447 πόρρωθεν
1232 3376 1340 3430 τῶν
1365 3376 1410 3408 ³⁸
1463 3377 1688 3431 Κελτῶν
1743 3396 1878 3449 σφο-

297 3465 465 3533 δροὺς
498 3469 803 3537 ἐκπέμπειν
845 3469 974 3532 τοὺς
1015 3470 1248 3534 οἰστοὺς,
1285 3470 1345 3522 τὸ
1377 3469 1434 3523 δέ
1459 3487 1521 3540 γε
1558 3470 1730 3538 δεξιον
1781 3471 1878 3524 καὶ

316 3557 598 3627 εὐώνυμον
623 3561 786 3629 κέρας
833 3562 892 3629 ἐξ
927 3563 1191 3634 ἐκατέρου
1231 3564 1435 3635 μέρους
1465 3563 1681 3634 ἀσχέτῳ
1725 3563 1880 3637 ῥύμῃ

309 3654 424 3714 τοῖς
458 3652 672 3718 Κελτοῖς
697 3657 1064 3709 ἐπεισπεσεῖν.
1110 3655 1351 3710 Τοιαῦτα
1385 3657 1484 3726 μὲν
1517 3657 1586 3711 τά
1615 3655 1710 3710 τοῦ
1747 3656 1882 3727 ἐμοῦ

305 3745 515 3814 πττρὸς
554 3747 917 3818 διανοήματα.
943 3747 1048 3807 Τὸν
1097 3749 1153 3802 δὲ
1203 3749 1542 3819 Βαῖμοῦντον
1588 3749 1767 3802 ταῦτα
1821 3749 1882 3802 οὐ

296 3837 537 3892 διέλαθε.
573 3840 868 3894 Συνέὁαινε
923 3842 1030 3913 γάρ
1088 3860 1143 3895 τι
1197 3843 1459 3897 τοιοῦτον.
1504 3844 1684 3912 Ὅπερ
1719 3843 1828 3914 γάρ
1858 3847 1886 3898 ὁ

296 3931 555 4000 βασιλεὺς
575 3936 814 4004 ἑσπέρας
836 3936 960 3989 κατ’
989 3937 1202 3989 ἐκείνου
1236 3937 1624 4002 ἐϐουλεύσατο,
1668 3940 1886 4008 πρωίας

293 4021 328 4074 ὁ
358 4026 562 4091 Κελτὸς
607 4030 928 4100 μεμάθηκε.
964 4032 1075 4086 Καὶ
1102 4031 1243 4102 πρὸς
1274 4031 1334 4084 τὸ
1363 4033 1630 4086 ἀκουσθέν
1661 4034 1882 4102 εὐφυῶς

299 4116 804 4192 μεθαρμοσάμενος
833 4122 933 4194 τὴν
972 4124 1156 4194 μάχην
1184 4123 1495 4195 ἀνεδέχετο,
1528 4125 1624 4178 καὶ
1652 4128 1754 4180 οὐκ
1796 4127 1879 4180 ἐτι

1986 3312 2108 3352 rum
2149 3295 2405 3366 sperabat
2465 3301 2523 3350 ut
2585 3295 3009 3349 immittcntibus
3063 3309 3123 3349 se
3168 3294 3329 3348 solito
3363 3291 3568 3360 impetu

1989 3389 2160 3444 Gallis
2187 3387 2485 3457 equitibus,
2528 3385 2696 3456 pedes
2743 3401 3013 3455 equorum
3052 3385 3470 3455 implicarcnlur
3515 3392 3570 3436 et

1986 3481 2452 3545 vulnerarentur;
2514 3478 2737 3532 interim
2795 3477 2922 3532 dum
2977 3477 3282 3547 ιιι-ωτι]οηὶιί
3334 3474 3570 3529 Rornani

1984 3587 2216 3640 seseque
2268 3571 2616 3626 continentes
2660 3569 2805 3624 intra
2861 3586 2956 3625 cos
3014 3569 3148 3624 ﬂues
3188 3583 3218 3622 a
3261 3569 3459 3636 quibus
3504 3582 3569 3621 ea

1988 3664 2316 3720 tribulorum
2362 3662 2634 3733 pernicies
2679 3665 2918 3724 abesset,
2966 3678 3127 3732 pares
3172 3662 3425 3718 hostibus
3487 3663 3572 3714 in-

1985 3758 2211 3828 0pinato
2237 3758 2379 3812 malo
2406 3758 2673 3827 perculsis
2708 3758 3061 3828 proﬂigandis
3091 3773 3149 3812 se
3185 3764 3373 3812 contra
3407 3755 3573 3811 offer-

1986 3860 2130 3908 rent.
2181 3851 2331 3918 Quos
2359 3852 2547 3918 etiam,
2582 3852 2624 3906 si
2653 3853 2871 3906 occasio
2906 3861 3123 3907 vocaret
3155 3853 3298 3905 ultra
3335 3851 3576 3920 signatas

1987 3954 2164 3998 metas
2195 3942 2485 3997 invadendi
2541 3943 2739 4006 hostis,
2778 3944 3075 4013 imperator
3106 3943 3349 3998 dividere
3398 3943 3574 3997 aciem

1994 4035 2258 4106 iusserat,
2309 4044 2362 4090 et
2430 4036 2644 4092 duobus
2704 4037 2966 4093 lateribus
3019 4052 3210 4106 campo
3273 4037 3578 4090 muricibus

1993 4138 2167 4184 strato
2206 4129 2268 4182 in.
2301 4130 2482 4182 medio
2516 4130 2709 4185 relicto
2737 4130 2790 4184 in
2819 4124 3006 4186 hostes
3044 4146 3224 4185 ruere.
3265 4129 3433 4184 Porro
3478 4145 3573 4184 cc-

1411 4239 1611 4302 Varize
1643 4241 1957 4305 lectiones
1995 4261 2070 4304 ex
2111 4245 2250 4305 cod.
2277 4244 2546 4307 Coislin.

401 4343 447 4374 ¹⁷
472 4343 654 4410 ἄρεος.
747 4343 790 4374 ⁸⁸
827 4343 1159 4409 διεκφυγῶν.
1239 4343 1564 4398 ¹⁹ικάκεῖσε.

295 4414 611 4484 ἔστρωσαν.

747 4343 790 4374 ⁸⁸
827 4341 1159 4409 διεκφυγῶν.

683 4412 728 4445 ⁸³
753 4412 896 4466 κατά
927 4412 1056 4466 τῶν.

1656 4346 1700 4377 ²⁰
1730 4346 1970 4410 ἱκανούς.
2034 4347 2076 4377 ²¹
2101 4348 2193 4400 καὶ
2223 4341 2403 4410 αὖθις.

2489 4350 2536 4380 ’⁸
2571 4350 2764 4406 ταῦτα.

2869 4353 2914 4384 ’³
2947 4351 3278 4422 μεσαιχμὶιρ.
3355 4353 3402 4385 ¹⁸
3441 4367 3576 4405 κατ-

1390 4535 1530 4595 Car.
1568 4532 1900 4596 Dufresnii
1934 4539 2030 4599 Du
2069 4541 2289 4620 Cangit
2337 4547 2528 4604 notae.

377 4662 491 4728 (9.9)
542 4661 805 4737 Alb_ttrlr_
831 4663 1163 4732 στρούγωιν.
1205 4662 1390 4737 Editio
1425 4662 1733 4737 l_loesch_elii
1768 4666 1868 4721 ha-

1985 4669 2264 4737 σχήματος

301 4735 400 4789 bet
431 4733 736 4800 στρουγῶν.
773 4733 912 4787 Sunt
944 4749 1071 4787 vero
1113 4735 1397 4804 στρουγαὶ,
1433 4732 1715 4801 Bulgarica
1783 4738 1891 4792 lin.

304 4819 440 4870 gna,
488 4804 674 4866 fossae,
707 4814 925 4872 stagna,
975 4804 1210 4867 vivaria,
1241 4819 1271 4858 e
1293 4805 1494 4869 quibus
1527 4819 1756 4873 magnus
1805 4813 1887 4873 pi-

301 4891 334 4930 ε
371 4875 482 4928 ium
519 4881 814 4940 proventus
878 4874 1193 4943 parabatur,
1254 4891 1351 4935 pro
1435 4891 1544 4943 quo
1619 4875 1885 4936 tributum

305 4946 692 5012 pensitabatur
717 4945 1017 5009 quotannis
1072 4945 1206 4998 fisco
1262 4946 1631 5011 imperatoris.
1702 4945 1885 5005 Theo-

303 5015 600 5082 phylactus
639 5015 792 5067 arcb.
822 5015 977 5081 Bulg.
1007 5015 1261 5083 epist.“
1302 5031 1314 5064 :
1358 5018 1467 5069 Καὶ
1513 5015 1621 5084 γὰρ
1677 5016 1768 5069 ἐπί
1823 5039 1884 5074 τε

303 5088 420 5144 τοῖς
479 5085 670 5150 μύλοις
757 5084 1043 5154 διπλασίων
1075 5085 1124 5136 οἱ
1191 5085 1474 5154 κληρικοὶ,
1531 5085 1558 5152 ἢ
1607 5087 1656 5136 οἱ
1706 5086 1885 5144 λαῐκοὶ

310 5155 668 5208 ὑπετέλεσαν.
693 5155 806 5207 Καὶ
861 5157 952 5208 ἐπὶ
977 5153 1088 5208 τῶν
1117 5153 1447 5222 Βουλγάρων
1486 5155 1585 5223 μὲν
1616 5157 1886 5223 γλώτταις

309 5225 637 5296 λεγομέναις
678 5227 998 5296 στρουγαῖς,
1028 5223 1257 5294 (Ἕλλην
1289 5225 1490 5296 δ’ᾼὰνὴρ
1525 5225 1799 5296 διώρυχας
1821 5231 1887 5282 ἂν

305 5295 516 5359 ταύτας
549 5297 684 5365 ἐρεῖ)
737 5294 938 5363 ἰχθύων
984 5296 1163 5365 ἄγραν
1216 5294 1637 5364 προξενούσαις,
1669 5294 1763 5349 καὶ
1793 5300 1889 5353 ἐπὶ

303 5364 622 5438 ’ταύταιςδὲ
662 5365 1054 5438 πολλαπλασίω
1088 5364 1206 5438 τῶν
1235 5367 1356 5438 ,του
1406 5365 1609 5438 κοινοῦ,
1647 5367 1887 5437 πλήθους

306 5433 728 5504 ἐζημιώθησαν.
762 5435 831 5488 Ει
861 5435 1053 5503 paucis
1085 5433 1414 5506 interiectis,
1463 5433 1889 5506 fronaiptov'hp-

306 5500 478 5578 ναῖον,
509 5500 724 5578 εινίιςμιε
757 5500 1195 5578 interpretatur;
1229 5500 1338 5558 Κάὶ
1374 5504 1470 5578 -ἐπὶ
1503 5500 1886 5578 τινιτοπαρίῳ

306 5576 545 5648 λιμναίῳ
584 5576 1020 5648 ἱχθὺωνίᾶγεξιν
1079 5575 1275 5648 διδέντι
1319 5575 1598 5648 πένισσαν.
1643 5575 1884 5633 Joannes

305 5643 527 5703 Phocas
554 5643 900 5712 iri-Descript.
933 5643 1110 5697 Terrae
1141 5644 1375 5701 Sanctm.
1406 5663 1458 5698 n.
1505 5647 1597 5706 9.0,
1630 5648 1885 5702 Achridis

307 5717 468 5773 situm
503 5719 854 5778 describens,
886 5716 1070 5784 paludi
1105 5715 1486 5770 ina-dificatum
1533 5718 1716 5777 tradit,
1743 5719 1887 5772 unde

308 5802 445 5856 aqua
487 5791 744 5858 emergit,
783 5787 839 5838 in
881 5786 1045 5840 variis
1083 5795 1244 5858 terra:
1315 5789 1657 5858 convallibus
1711 5798 1886 5839 resta-

305 5873 502 5931 gnans,
545 5857 685 5934 quas
709 5869 932 5926 strages
970 5857 1174 5911 accolae
1230 5866 1473 5911 vocant:
1541 5857 1694 5926 Ἔχει
1748 5858 1879 5925 γοῦν

2297 4672 2326 4738 ἡ
2370 4671 2522 4740 πᾶσι
2552 4669 2780 4740 ἔρημος,
2808 4668 2903 4721 καὶ
2935 4670 2962 4720 ὀ
3003 4667 3280 4740 Ἰορδάνης
3350 4669 3465 4734 ἅμα
3497 4673 3565 4740 τῇ

2000 4740 2195 4811 Νεκρᾷ
2229 4739 2339 4811 τῶν
2364 4739 2628 4811 Σοδόμων
2669 4739 2917 4811 θαλάσσῃ
2960 4740 3104 4794 κατά
3153 4739 3244 4792 τὸν
3304 4739 3576 4811 ἡμέτερον

2000 4810 2311 4878 στοχασμὸν
2343 4811 2441 4879 τῆς
2485 4811 2578 4862 τοῦ
2613 4810 2912 4879 θεάματος
2963 4811 3168 4874 θέσεως
3222 4810 3488 4880 Ἀχρίδος,
3517 4815 3575 4863 ἐν

2008 4882 2185 4948 τούτῳ
2211 4880 2310 4952 τὴν
2342 4881 2646 4952 ἐναλλαγὴν
2686 4881 2856 4950 μόνην
2890 4881 3248 4952 φαινομένην,
3278 4882 3336 4933 ἐν
3371 4881 3447 4950 τῷ
3477 4883 3576 4949 μὲν

1996 4951 2106 5004 ἀπὸ
2130 4953 2229 5019 τῆς
2259 4951 2457 5020 λίμνης
2494 4951 2740 5020 ’Λχρὶδος
2771 4951 3093 5020 ἐξέρχεσθαι
3166 4951 3312 5021 ὕδωρ
3343 4953 3426 5014 είς
3453 4953 3574 5004 δια-

1995 5023 2197 5090 φόρους
2247 5021 2348 5090 τῆς
2415 5022 2519 5090 γῆς
2577 5022 3112 5091 περιλιμναζόμενον
3169 5023 3466 5090 φάραγγας
3508 5023 3576 5087 ἂς

1995 5091 2267 5160 στρουγὰς
2342 5093 2391 5143 οἱ
2468 5092 2568 5163 τῆς
2630 5095 2809 5146 ἐκεῖσε
2859 5094 2964 5161 γῆς
3035 5092 3322 5163 οῇιήτορες
3376 5094 3582 5161 ὀνομά-

1991 5163 2199 5233 ζουσιν,
2238 5170 2348 5215 etc.
2383 5163 2440 5216 In
2474 5161 2558 5215 bis
2619 5179 2787 5230 porro
2819 5163 3009 5227 Amne,
3069 5161 3467 5233 Theophylacti
3525 5174 3583 5218 et

1990 5229 2186 5286 Phoeae
2237 5233 2394 5294 locis,
2460 5229 2688 5298 intelligi
2759 5234 2976 5300 planum
3045 5241 3131 5287 est
3190 5229 3376 5287 alveos
3430 5234 3582 5292 illos.

1991 5318 2134 5371 quos
2165 5302 2296 5357 olim
2328 5302 2547 5374 samnel
2587 5303 2944 5374 Bulgarornm
3007 5317 3126 5368 rex,
3191 5302 3580 5374 Lychnitidem

2032 5375 2274 5435 aludem,
2311 5373 2398 5426 cui
2437 5372 3117 5429 Aehridisiinzedilicatum
3154 5373 3582 5442 oppidum,ex-

1992 5389 2274 5495 paludem,
2311 5389 2398 5426 Cllt
2437 5389 2695 5429 nem-tuis
2728 5389 3117 5428 maeumcatum
3154 5389 3441 5442 oppumm,
3478 5389 3582 5423 ex-

2009 5445 2220 5497 taurire
2269 5443 2479 5513 volens,
2536 5443 2789 5498 fecerat:
2828 5458 2933 5513 qua
2995 5443 3214 5509 quidem
3244 5444 3325 5513 _in
3383 5441 3583 5508 palude

1993 5513 2289 5566 maximam
2321 5512 2430 5566 vim
2465 5513 2698 5581 piscium
2732 5510 2904 5568 fuisse.
2947 5521 3178 5581 testatur
3239 5510 3580 5577 Nicephorus

1995 5582 2210 5654 Callist.
2239 5582 2334 5654 lib.
2369 5576 2502 5654 xwi,
2538 5599 2659 5652 cap.
2686 5584 2798 5639 28:
2843 5582 2936 5654 Ἐξ
2984 5576 3052 5654 ἧς
3109 5584 3200 5654 κα).
3238 5576 3441 5654 πλῆθος
3493 5581 3578 5632 ὅτι

1995 5653 2249 5705 πλεῖστον
2307 5652 2505 5724 ἰχθύων
2546 5651 2871 5724 ἀγρεύεται.
2902 5651 3084 5724 Anna,
3114 5651 3214 5724 lib.
3250 5667 3348 5711 xtl,
3395 5651 3574 5703 fossas

1996 5724 2132 5796 istas
2167 5733 2219 5777 et
2248 5725 2433 5796 alveos
2465 5722 2805 5796 Lycbuitidis
2839 5722 3054 5793 paludis
3090 5722 3336 5792 τάφρους
3392 5730 3574 5778 vocat.

1997 5793 2128 5849 Vide
2157 5809 2280 5863 pag.
2315 5793 2440 5848 371.
