4110 6404
503 381 609 449 403

1806 375 2034 440 ΑΝΝιΕ
2074 371 2456 436 ΕΟΜΝΕΝΣΕ

3658 354 3769 420 404

492 503 650 557 tta'is
684 499 1058 565 mandaverat,
1106 509 1166 552 ut
1205 510 1369 567 quam
1412 492 1820 559 densissimam
1851 498 2072 561 possent

2196 484 2250 549 b;
2295 482 2416 547 ἔθος
2456 479 2606 552 αὐτῷ
2641 478 2739 550 τὴν
2766 478 2949 549 ὁρμὴν
2995 475 3094 546 τῆς
3153 473 3337 546 μάχης
3388 471 3589 536 εποίει,
3625 473 3768 529 ἀλλὰ

493 599 565 653 tel
592 612 727 663 prum
777 594 976 649 nubem
1008 591 1202 662 procul
1241 592 1294 645 in
1331 589 1516 646 Gallos
1556 587 1955 658 iacularentur,
1993 585 2079 638 in-

492 691 651 745 terim
685 688 814 743 dum
843 688 1097 742 dextrum
1133 686 1439 752 harumque
1463 695 1662 743 cornu,
1691 694 1758 733 ex
1792 692 1891 732 sua
1915 674 2083 746 quod-

494 798 602 853 quc
643 787 841 851 parter
860 774 1345 833 vehementissimo
1378 774 1586 843 impetu
1639 770 1694 825 in
1744 769 1965 825 eosdem
1993 767 2082 821 in-

472 876 799 928 .cumbcret.
836 870 960 925 Haec
991 868 1123 937 quid
1174 865 1385 936 profuit
1433 874 1541 918 tam
1592 864 1868 932 sapienter
1915 875 2083 916 exco—

496 965 702 1034 gitasse
730 960 867 1030 patri
904 973 1026 1014 meo
1057 972 1292 1028 quorum
1325 954 1590 1009 indicium
1626 953 1811 1009 statim
1849 951 1917 1007 ad
1953 952 2081 1005 Bai-

494 1055 762 1109 mundum
818 1051 1217 1111 deferebatur;
1274 1048 1329 1103 in
1361 1061 1471 1119 quo
1537 1047 1866 1102 versabatur
1938 1058 2082 1099 czcca

492 1146 842 1216 proditorum
879 1144 1056 1207 fraus,
1091 1141 1252 1209 cujus
1290 1139 1582 1211 perfidiosa
1612 1136 1899 1208 diligentia
1930 1136 2085 1205 quid-

490 1236 622 1304 quid
653 1236 867 1305 vesperi
903 1235 1260 1297 decrevisset,
1310 1231 1487 1298 primo
1516 1245 1677 1285 mane
1715 1228 2087 1298 compertissi-

492 1345 642 1384 mum
694 1326 850 1383 Gallo
898 1335 1035 1392 erat.
1094 1326 1209 1381 Nec
1273 1325 1443 1381 surdo
1496 1323 1704 1378 dictum
1763 1330 1858 1375 aut
1888 1335 2083 1391 parum

493 1430 753 1492 prompto
781 1419 851 1476 ad
897 1418 1315 1491 praecavendum
1367 1417 1547 1487 subita
1588 1414 1891 1469 mutatione
1925 1412 2084 1468 aciei.

492 1513 746 1584 Explicat
774 1528 903 1585 ergo
937 1528 1068 1569 suas
1103 1511 1291 1580 c0pias
1322 1508 1389 1563 ad
1427 1506 1712 1578 praelium;
1747 1513 1802 1559 at
1834 1519 1946 1559 non
1978 1517 2086 1573 qua

490 1615 670 1675 parte,
707 1619 931 1675 quoque
950 1603 1113 1658 modo
1138 1599 1349 1659 solebat
1370 1610 1650 1655 certamen
1682 1596 1911 1652 invadit.
1939 1594 2089 1650 Odo-

494 1706 653 1754 ratus
692 1696 949 1751 videlicet
979 1693 1270 1751 consilium
1313 1688 1998 1762 imperatorisexercitum
2035 1696 2090 1742 et

492 1789 613 1858 ipse
644 1802 803 1843 suum
836 1785 1374 1849 bifariamfscissum
1412 1782 1625 1837 irruere
1660 1781 1728 1835 ab
1761 1779 1980 1850 gemino
2010 1778 2087 1831 la-

496 1890 618 1936 tere
667 1881 721 1935 in
756 1879 1038 1934 Romanos
1074 1878 1255 1947 jubet,
1296 1875 1470 1930 aciem
1525 1875 1700 1944 ipsam
1740 1871 1977 1927 mediam
2031 1878 2088 1926 ct

496 1972 736 2026 frontem
772 1970 1055 2025 exercitus
1102 1976 1252 2024 stare
1308 1967 1619 2031 immotam,
1662 1963 1820 2035 quasi
1895 1978 2092 2032 exspe-

492 2070 737 2116 c'antem
784 2060 960 2115 donec
1017 2061 1210 2114 hostes
1260 2073 1355 2128 per
1385 2056 1642 2111 infestam
1699 2053 1982 2125 planitiem
2034 2051 2090 2105 in

495 2156 649 2224 ipsos
681 2152 989 2209 tenderent.
1034 2151 1159 2205 llaec
1190 2150 1264 2205 ita
1300 2149 1442 2203 facta
1479 2157 1630 2203 sunt.
1661 2146 1775 2200 Nec
1809 2159 1942 2201 vero
1971 2140 2092 2197 Ro.

496 2247 644 2302 mani
690 2246 1015 2301 Latinorum
1051 2244 1314 2314 impetum
1349 2242 1443 2296 diu
1479 2240 1909 2304 sustinuerunt;
1941 2245 2091 2308 terga

497 2339 682 2392 statim
742 2345 986 2399 vertunt,
1040 2349 1141 2390 nec
1198 2333 1311 2388 fere
1350 2347 1639 2387 occursum
1680 2338 1869 2385 contra
1924 2343 2092 2383 ruen-

495 2432 633 2484 tium
692 2443 904 2498 nupera
962 2427 1114 2482 velut
1173 2424 1331 2482 clade
1380 2421 1563 2478 adhuc
1615 2421 1827 2476 attoniti
1868 2420 2089 2475 audent.

495 2521 778 2578 Turbatur
820 2520 1068 2575 Romana
1119 2520 1290 2583 acies,
1339 2517 1545 2573 frustra
1598 2516 1933 2586 imperatore
1959 2530 2094 2569 con-

497 2623 707 2671 suetam
739 2614 1034 2669 exbibente
1067 2612 1463 2673 constantiam,
1494 2621 1549 2665 et
1594 2625 1756 2664 manu
1786 2610 2094 2678 'menteque

497 2716 722 2761 strenue
773 2718 886 2759 rem
917 2711 1161 2773 gerente.
1200 2700 1319 2756 Non
1371 2702 1515 2756 enim
1546 2702 1728 2756 stabat
1762 2701 1943 2755 solum
1994 2700 2095 2753 im-

496 2798 842 2868 perterritus,
865 2797 959 2851 εμᾱ
986 2795 1292 2850 lacessebat
1308 2795 1451 2850 ultro
1473 2793 1987 2859 adversos,vulnera
2012 2792 2096 2846 in-

496 2890 680 2943 ferens
710 2885 1069 2955 vicissimque
1101 2885 1405 2955 accipiens.
1436 2883 1679 2939 Tandem
1727 2899 1851 2938 cum
1884 2881 2095 2940 exerci-

498 2978 907 3047 tnm'dilapsum
935 2987 1206 3042 cerneret,
1232 2992 1399 3047 seque
1430 2977 1704 3032 desertum
1730 2991 1852 3032 cum
1879 2975 2093 3047 paucis,

497 3072 657 3127 oﬂicii
685 3072 770 3128 sui
807 3071 1040 3127 credidit
1073 3085 1180 3125 non
1215 3080 1424 3125 temere
1455 3070 1661 3125 diutius
1720 3068 1869 3124 nullo
1913 3083 2095 3139 Operae

2183 575 2550 647 προαρπάσας
2593 572 2693 642 τὴν
2746 569 2842 623 τοῦ
2892 568 3298 637 αὐτοκράτορος
3335 564 3557 637 βουλὴν,
3589 565 3756 628 αὐτὸς

2182 670 2242 737 ἐξ
2275 668 2543 738 ἐκατέρου
2579 664 2779 737 μέρους
2809 660 2898 715 τὸν
2935 658 3097 729 μόθον
3138 649 3341 729 μᾶλλον
3378 656 3684 726 ἀνερίπησε
3715 655 3765 689 ²⁶

2183 763 2284 831 τὴν
2313 760 2451 814 κατά
2478 758 2734 830 μέτωπον
2767 753 3023 821 φάλαγγα
3058 752 3319 821 ἀτρεμεῖν
3353 749 3489 811 τέως
3517 760 3766 819 παρακεο

2183 853 2545 924 λευσάμενος.
2575 850 2687 915 Τῆς
2716 846 2852 916 γοῦν
2894 846 3073 916 μάχης
3109 845 3434 915 ἀγχεμάχου
3467 845 3766 914 γεγονυίας

2184 947 2234 999 οἱ
2259 945 2353 997 τοῦ
2399 939 2712 1013 Ῥωμαϊκοῦ
2745 934 3158 1007 στρατεύματος
3217 939 3286 990 τὰ
3312 938 3459 989 νῶτα
3494 940 3606 999 τοῖς
3658 937 3771 990 Λα-

2185 1035 2353 1098 τίνοις
2379 1034 2669 1097 δεδώκασι,
2701 1032 2825 1103 μηδ’
2851 1034 3176 1102 ἀντωπῆσαι
3209 1029 3424 1091 τούτοις
3450 1028 3543 1081 τοῦ
3574 1022 3769 1082 λοιποῦ

2190 1131 2491 1200 ἰσχύοντες,
2530 1126 3076 1198 προκατεπτοημέιοι
3110 1122 3262 1185 ὄντες
3283 1120 3370 1173 διὰ
3401 1121 3499 1192 τὴν
3522 1138 3773 1191 προηγη-

2188 1219 2434 1289 σαμένην
2465 1213 2657 1288 ἧτταν.
2699 1217 2811 1270 Καὶ
2843 1215 3106 1286 σύγχυσις
3146 1212 3450 1283 τηνικαῦτα
3483 1212 3585 1281 τῆς
3638 1211 3775 1265 Ῥω·-

2191 1311 2398 1383 μαῖκῆς
2447 1306 2815 1380 παρατάξεως
2861 1302 2952 1377 ἦν,
2991 1305 3096 1359 κᾶν
3130 1304 3158 1356 ὁ
3191 1301 3444 1373 βασιλεὺς
3474 1299 3775 1372 ἀκλόνητος

2194 1402 2372 1469 μένων
2417 1398 2683 1465 γενναίως
2748 1393 2842 1448 καὶ
2900 1392 3048 1465 χειρὶ
3097 1392 3194 1444 καὶ
3241 1390 3441 1459 γνώμῃ
3490 1387 3778 1440 ἀντικαθί·

2189 1506 2376 1557 στατο,
2436 1487 2666 1550 πολλοὺς
2725 1485 2825 1555 μὲν
2877 1483 3113 1555 τρώσας,
3151 1481 3266 1534 ἐστι
3306 1480 3353 1534 δ’
3385 1474 3445 1532 οὗ
3482 1479 3580 1532 καὶ
3628 1495 3778 1547 τρω-

2189 1584 2320 1647 θείς.
2356 1582 2465 1636 Καὶ
2511 1580 2635 1633 ἐπεὶ
2683 1579 2741 1632 τὸ
2791 1577 2938 1632 ᾶπαν
2986 1575 3258 1647 ὲκρεῦσαν
3305 1574 3409 1645 ἢδη
3462 1571 3780 1642 στράτευμα

2189 1673 2475 1737 ἐθεάσατο,
2503 1672 2597 1725 καὶ
2630 1668 2823 1723 ἑαυτὸν
2859 1667 2979 1739 μετ’
3009 1667 3213 1734 ὀλίγων
3262 1663 3684 1734 καταληφθέντα
3704 1660 3777 1726 ’⁷,

2189 1767 2305 1819 δέον
2355 1764 2643 1833 ἐλογίσατο
2697 1761 2772 1832 μὴ
2814 1760 3025 1828 ἀλόγως
3058 1739 3457 1826 ἀνθιστάμενος
3489 1753 3775 1808 κινδυνεῦ-

2194 1876 2306 1913 σαι.
2351 1856 2520 1910 Ἐπάν
2541 1855 2652 1927 γάρ
2676 1871 2784 1917 τις,
2816 1852 2990 1906 πολλά
3022 1851 3293 1921 μογήσας,
3333 1849 3407 1919 μὴ
3433 1848 3571 1918 πρὸς
3594 1845 3781 1917 ἰσχύος

2193 1953 2306 2025 ἔχει
2343 1951 2388 1984 ⁸⁸
2442 1951 2556 2011 τοῖς
2606 1947 2827 2019 ἐχθροῖς
2880 1940 3395 2006 ἀντικαθίστασθαι,
3440 1940 3672 2008 μάταιος
3714 1937 3784 1990 ἂν

2193 2023 2280 2109 εἴη
2309 2043 2356 2074 ὀ
2392 2040 2474 2102 εἱς
2512 2037 2791 2109 προῦπτον
2822 2033 3076 2088 κίνδυνον
3111 2029 3303 2083 ἑαυτὸν
3358 2026 3638 2079 συνωθῶν.
3672 2023 3783 2077 Τοῦ

2193 2132 2327 2201 γοῦν
2361 2129 2539 2195 δεξιοῦ
2599 2129 2697 2183 καὶ
2746 2125 3033 2195 εὐωνύμου
3070 2123 3252 2193 κέρως
3296 2120 3394 2187 τῆς
3452 2117 3783 2188 Ῥωμαῖκῆς

2195 2227 2478 2298 φάλαγγος
2522 2222 2799 2293 φυγαδείᾳ
2851 2214 3241 2290 χρησαμένων,
3301 2212 3330 2262 ό
3387 2208 3646 2279 βασιλεὺς
3697 2207 3783 2260 ἔτι

2195 2317 2552 2389 ὲγκαρτερῶν
2611 2311 2750 2385 μετά
2794 2314 2893 2381 τῆς
2945 2307 3040 2360 τοῦ
3099 2302 3441 2374 Βαῖμούντου
3496 2300 3784 2369 φάλαγγος

2194 2410 2463 2479 γενναίως
2500 2405 2837 2476 ἀπεμάχετο,
2873 2403 2965 2454 τδν
2995 2399 3118 2452 ὅλον
3154 2395 3319 2459 αὐτὸς
3371 2391 3781 2461 ἀναδεξάμενος

2196 2504 2456 2571 πόλεμον.
2492 2501 2565 2553 Τὸ
2594 2498 2651 2553 δὲ
2699 2492 3108 2566 ἀναντίρρητον
3140 2488 3323 2551 συνεὶς
3358 2484 3453 2539 τοῦ
3499 2482 3780 2547 κινδύνου,

2196 2597 2315 2651 δέον
2353 2596 2571 2665 ἔκρινεν
2597 2590 2792 2644 ἑαυτὸν
2825 2584 3158 2656 περισῶσαι,
3220 2581 3295 2643 ὡς
3322 2579 3478 2642 αὖθις
3522 2574 3791 2630 δύνασθαι

2201 2686 2469 2759 μάχεσθαι
2494 2684 2633 2756 πρὸς
2671 2681 2765 2735 τὸν
2801 2675 3329 2745 καταγωνισάμενον
3358 2671 3455 2724 καὶ
3481 2666 3787 2729 ἀντίπαλος

2196 2758 2419 2836 ἔσεσθαι
2458 2773 2903 2847 καρτερώτατος,
2938 2770 3033 2823 καὶ
3088 2769 3161 2838 μὴ
3205 2765 3266 2819 τὸ
3319 2764 3431 2817 πᾶν
3481 2761 3584 2831 τῆς
3620 2758 3788 2828 νίκης

2196 2872 2437 2944 ἄρασθαι
2473 2869 2567 2922 τὸν
2596 2864 2960 2936 Βαῖμοῦντον.
2996 2860 3257 2920 Τοιοῦτος
3293 2855 3402 2926 γὰρ
3439 2848 3508 2925 ἦν
3537 2849 3795 2923 ἡττώμε-

2197 2941 2287 3029 νος
2321 2964 2417 3019 καὶ
2453 2959 2643 3025 νικῶν,
2677 2955 2897 3027 φεύγων
2930 2953 3025 3007 καὶ
3051 2950 3209 3013 αὖθις
3235 2946 3471 3007 διώκων.
3509 2946 3606 2998 καὶ
3634 2941 3780 3013 μηδέ

2203 3075 2334 3112 ποτε
2366 3056 2764 3123 ὑποπτήσσων,
2806 3048 2945 3119 μήτε
2999 3045 3107 3119 μὴν
3156 3038 3516 3100 ἀνελπιστίας
3570 3036 3797 3108 βρόχοις

498 3165 678 3236 pretio
728 3164 1052 3235 periclitari.
1085 3162 1215 3228 Quae
1246 3163 1393 3219 enim
1429 3163 1571 3217 ratio
1601 3163 1674 3218 sit
1737 3128 2091 3233 defatigatum

2200 3149 2589 3221 ἁλισκόμενος.
2636 3139 2747 3196 Ἦν
2775 3141 2884 3210 γὰρ
2938 3137 3032 3192 καὶ
3082 3137 3162 3199 είς
3203 3134 3336 3188 Θεὸν
3362 3130 3473 3203 (50)
3513 3128 3795 3199 μεγίστην

496 3267 553 3312 et
609 3256 784 3312 solum
830 3265 1023 3311 contra
1085 3256 1245 3326 136
1296 3256 1567 3311 victorem
1631 3255 1931 3311 exercitum
1992 3254 2093 3308 niti

501 3349 804 3417 pertinacia
844 3347 1145 3419 pugnandi,
1194 3347 1579 3418 projicereque
1615 3347 1850 3401 salutem
1887 3346 1939 3400 in
1975 3346 2091 3401 dis-

498 3442 709 3496 crimen
741 3440 893 3495 nulla
925 3456 1021 3510 spe
1051 3440 1315 3495 vocante?
1341 3439 1634 3510 Postquam
1656 3440 1820 3511 igitur
1847 3439 2096 3510 aliquan-

500 3532 595 3586 diu
638 3532 837 3587 dextro
870 3532 1114 3602 itemque
1157 3546 1333 3615 cornu
1382 3546 1614 3586 suorum
1662 3531 1867 3601 fugato,
1922 3539 2093 3586 totum

501 3625 776 3679 exercitus
830 3622 1120 3677 Baimundi
1176 3623 1396 3694 pondus
1437 3631 1600 3695 atque
1653 3624 1913 3694 impetum
1952 3639 2095 3679 unus

507 3713 743 3788 stitissct
765 3713 1233 3784 sustinuissetque
1261 3712 1504 3779 Alexius,
1530 3712 1748 3768 demum
1775 3712 2094 3782 persuaderi

510 3805 613 3859 sibi
634 3804 759 3859 sivit
790 3818 817 3857 a
854 3818 953 3859 sua
985 3804 1274 3874 prudentia
1306 3812 1363 3857 ut
1388 3819 1448 3858 se
1475 3821 1501 3856 a
1536 3805 1790 3874 praesenti
1827 3806 2094 3874 periculo,

505 3896 563 3951 in
598 3911 709 3965 quo
756 3894 962 3951 frustra
1018 3897 1217 3951 tentari
1272 3895 1551 3951 fortunam
1610 3897 1786 3966 palam
1825 3884 1993 3962 esSet,
2027 3896 2094 3950 ad

508 3988 671 4043 aliam
706 3988 877 4044 aciem
913 3988 1174 4058 aliudque
1209 3987 1515 4057 periculum
1550 4002 1610 4042 se
1635 3995 1903 4042 servaret.
1959 3987 2094 4058 Agi-

501 4082 657 4136 tabat
686 4081 831 4135 enim
865 4080 949 4134 vel
988 4082 1043 4133 in
1097 4079 1188 4133 illa
1228 4078 1562 4133 calamitosa
1614 4077 1760 4149 fuga,
1802 4079 1968 4133 homo
2008 4079 2093 4133 in-

502 4174 667 4230 fracti
696 4174 885 4238 animi,
917 4172 1210 4243 magnifica
1242 4169 1476 4226 consilia
1521 4163 1836 4227 resumendi
1871 4172 2096 4226 meliore

503 4274 658 4321 sorte
701 4272 894 4319 eontra
928 4261 1296 4316 Baimundum
1340 4260 1489 4325 belli,
1546 4261 1963 4332 reponendique
2016 4262 2094 4316 illi

504 4357 690 4412 clades
723 4370 913 4411 omnes
953 4355 1124 4410 istas:
1172 4353 1246 4408 ita
1283 4348 1694 4423 quodammodo
1734 4356 1859 4408 dum
1911 4370 2097 4410 vmce-

410 4512 427 4523 χ
502 4452 670 4506 batur
693 4452 944 4514 vincens,
970 4456 1024 4502 et
1073 4448 1201 4501 dum
1239 4444 1515 4515 fugiebat,
1555 4460 1919 4517 persequens,
1949 4461 2095 4499 nun-

2199 3245 2338 3316 ἔχων
2387 3219 2592 3303 πίστιν,
2630 3235 2725 3288 καὶ
2761 3232 2956 3287 τοῦτον
3008 3229 3108 3300 μὲν
3138 3229 3195 3291 ἐς
3231 3226 3398 3299 μέσον
3444 3223 3532 3276 διὰ
3573 3219 3783 3282 παντὸς

2202 3313 2544 3405 περιφέρων,
2599 3328 2766 3397 ὅρκου
2814 3324 2878 3394 δὴ
2904 3324 2947 3355 ³ο
3007 3318 3361 3374 παντάπασιν
3418 3313 3784 3382 ἀπεχόμενος.

2211 3423 2562 3498 Ἀπειρηκὼς
2595 3417 2713 3485 οὖν,
2745 3419 2821 3483 ὼς
2853 3416 3061 3473 ἄνωθεν
3095 3414 3339 3485 εἴρηται,
3371 3407 3790 3480 ὁπισθόρμητος

2200 3520 2296 3575 καὶ
2336 3517 2499 3580 αὐτὸς
2532 3515 2750 3584 γέγονε,
2781 3510 3117 3580 διωκόμενος
3142 3504 3296 3573 παρά
3322 3502 3414 3557 τοῦ
3447 3498 3796 3571 Βαῖμούντου

2199 3615 2295 3667 καὶ
2331 3609 2606 3679 ἐκκρίτων
2655 3604 2941 3674 κομήτων.
2988 3599 3077 3652 Ἐν
3120 3597 3335 3659 τούτοις
3384 3594 3443 3648 δέ
3479 3608 3613 3666 φησι
3646 3590 3797 3659 πρὸς

2200 3708 2291 3762 τὸν
2319 3708 2356 3759 Γ
2360 3704 2525 3775 ουλῆν
2559 3693 2739 3771 (οὗτος
2786 3698 2843 3750 δὲ
2879 3693 3136 3765 πατρῷος
3170 3688 3337 3745 αὑτοῦ
3374 3684 3659 3758 θεράπων)
3691 3683 3799 3737 καὶ

2170 3803 2326 3866 ,τοὺς
2386 3799 2483 3851 σὺν
2540 3793 2715 3865 αὐτῷ·
2773 3789 2968 3858 Μέχρι
3020 3788 3221 3840 πόσου
3272 3781 3647 3853 φευξόμεθα;
3679 3777 3801 3831 Καὶ

2203 3891 2446 3964 στρέψας
2486 3888 2579 3941 τὸν
2619 3870 2851 3957 χαληνδν
2875 3882 2919 3913 ³³
2959 3881 3054 3934 καὶ
3099 3878 3194 3932 τοῦ
3228 3873 3419 3930 κολεοῦ
3447 3873 3491 3905 ³⁸
3526 3870 3587 3925 τὸ
3635 3870 3800 3938 ξίφος

2202 3982 2516 4053 ἐξαγαγὼν,
2549 3979 2702 4033 παίει
2751 3975 2845 4029 τὸν
2896 3972 3131 4044 πρώτως
3183 3967 3333 4038 αὐτῷ
3370 3964 3800 4034 συναντήσαντα

2201 4083 2345 4138 κατὰ
2372 4081 2471 4150 τῆς
2517 4077 2717 4147 ὅψεως.
2755 4072 2930 4127 Τοῦτο
2970 4071 3019 4124 oi
3054 4068 3253 4121 Κελτοὶ
3301 4063 3655 4133 θεασάμενοι,
3692 4058 3798 4113 καὶ

2201 4176 2515 4245 διαγνόντες
2546 4169 2709 4224 αὑτὸν
2742 4166 2842 4235 τῆς
2878 4165 3016 4227 ἰδίας
3069 4160 3438 4229 ἀπεγνωκότα
3489 4151 3799 4223 σωτηρίας,

2202 4269 2389 4339 ἐπειδὴ
2444 4266 2572 4328 τοὺς
2618 4259 2877 4328 τοιαύτης
2942 4254 3170 4325 γνώμης
3220 4251 3554 4321 γεγονότας,
3584 4245 3796 4313 ἄνδρας

2200 4356 2675 4429 ἀκαταμαχήτους
2745 4351 2914 4405 πάλαι
2979 4349 3317 4417 ἐγίνωσκον,
3395 4337 3807 4398 ὑποσταλέντες
3898 4374 3907 4379 .

2201 4453 2297 4508 τοῦ
2326 4450 2544 4505 διώκειν
2595 4445 2930 4499 ἐπαύσαντο.
2981 4441 3090 4496 Καὶ
3128 4439 3273 4493 οὕτω
3323 4435 3434 4490 τῶν
3486 4432 3803 4487 διωκόντων

506 4558 673 4614 quam
712 4556 842 4598 vero
884 4539 1107 4609 infringi
1153 4539 1260 4594 sibi
1295 4554 1620 4609 generosam
1671 4537 1952 4605 fiduciam,
1999 4548 2091 4594 aut

2207 4540 2569 4609 ἀπαλλαγεὶς,
2630 4532 2859 4606 ὑπεξῄει
2912 4532 3008 4588 τοῦ
3057 4526 3329 4585 κινδύνου.
3388 4527 3526 4581 Οὐδὲ
3567 4524 3800 4595 φεύγων

505 4632 909 4703 desperationis
964 4630 1175 4701 laqueis
1225 4644 1286 4684 se
1334 4630 1638 4699 constringi
1678 4629 1914 4697 patiens.
1967 4631 2097 4685 Erat

510 4726 715 4797 quippe
760 4724 869 4801 fide
916 4725 1178 4796 praeditus
1232 4724 1287 4778 in
1344 4722 1514 4777 Deum
1563 4722 1837 4777 maxima:
1871 4725 2099 4795 ejusque

508 4835 715 4875 numen
750 4818 908 4888 quasi
944 4830 1189 4888 praesens
1228 4816 1454 4873 assidua
1493 4816 1548 4869 in
1591 4814 1848 4871 omnibus
1891 4817 2099 4887 cogita-

511 4913 667 4966 tione
692 4909 1122 4966 circumferebat
1149 4924 1163 4960 :
1194 4909 1620 4977 juramentoque
1646 4907 1960 4962 abstinebat
1986 4923 2103 4974 om-

511 5005 666 5059 nino.
696 5001 834 5058 Cum
871 5002 1039 5071 igitur
1070 5001 1384 5070 desperata,
1423 5009 1484 5054 ut
1509 4999 1670 5054 modo
1701 5000 1836 5075 dixi,
1870 4999 2101 5056 victoria

513 5096 723 5166 impetu
753 5104 905 5150 retro
935 5110 1093 5149 verso
1122 5094 1365 5159 cederet,
1410 5094 1734 5163 insequente
1766 5091 2096 5158 Baimundo,

2211 4636 2268 4690 δὲ
2296 4633 2435 4695 ὅλως
2489 4625 2898 4687 ἀνεπεπτώκει,
2951 4623 3088 4677 ἀλλά
3137 4622 3247 4675 τῶν
3300 4619 3611 4690 φευγόντων
3663 4616 3807 4679 τοὺς

2210 4727 2311 4798 μὲν
2334 4723 2672 4787 ἀνεκαλεῖτο,
2697 4721 2823 4783 τοὺς
2850 4718 2905 4772 δὲ
2929 4718 3022 4771 καὶ
3044 4716 3391 4778 ἐπέσκωπτε,
3410 4711 3515 4766 κᾶν
3537 4713 3586 4765 οἱ
3605 4709 3811 4765 ’πολλοὶ

2209 4820 2301 4872 τὸν
2348 4815 2649 4886 ἀγνοοῦντα
2700 4810 3080 4880 ὑπεκρίνοντο.
3135 4807 3294 4861 Οὕτω
3327 4805 3460 4875 γοῦν
3486 4803 3581 4857 τοῦ
3612 4802 3807 4857 κινδύ-

2208 4927 2306 4964 νου
2343 4908 2559 4972 σωθεὶς,
2600 4908 2913 4975 εἰσέρχεται
2978 4902 3057 4965 είς
3116 4899 3217 4970 τὴν
3262 4896 3659 4969 βασιλεύουσαν
3712 4896 3815 4965 ἐφ’

2212 4998 2256 5072 ᾧ
2310 5002 2648 5071 συναγαγεῖν
2701 4995 2861 5060 αὖθις
2923 4992 3314 5067 στρατεύματα
3363 4993 3457 5046 καὶ
3507 4990 3652 5044 κατά
3701 4989 3809 5044 τοῦ

2214 5090 2553 5165 Βαῖμούντου
2585 5090 2865 5161 χωρῆσαι.

514 5202 639 5243 cum
671 5186 989 5244 lectissimis
1013 5185 1327 5256 quibusque
1365 5185 1657 5249 comitum,
1691 5198 1995 5240 conversus
2028 5184 2094 5239 ad
2135 5170 2308 5239 Gulen
2350 5184 2368 5255 (
2401 5193 2666 5253 paternus
2687 5177 2777 5233 hic
2802 5177 2882 5232 illi
2917 5191 2982 5232 ex
3010 5176 3178 5249 longo
3224 5174 3365 5232 fidus
3434 5180 3556 5229 erat
3617 5171 3811 5228 famu-

1606 5302 1808 5365 Varite
1846 5302 2158 5366 lectiones
2190 5318 2266 5364 ex
2294 5302 2428 5361 cod.
2477 5296 2750 5360 Coislin.

511 5390 523 5403 “
617 5406 1034 5480 ὀἀνερῤίπισε.
1105 5404 1151 5439 ⁸⁷
1196 5404 1654 5474 καταλειφθέντα.
1747 5403 1793 5436 ³⁸
1822 5404 1941 5480 ξχῃ.

1597 5524 1740 5586 Car.
1771 5464 2101 5585 Dirfresnii
2159 5523 2257 5583 Du
2291 5516 2511 5597 Cangii
2550 5526 2741 5579 notae.

589 5636 705 5703 (50)
738 5637 842 5703 Εἰς
874 5632 1042 5689 Θεόν.
1071 5633 1334 5689 Pietatem
1368 5629 1567 5703 Alexii,
1596 5638 1650 5703 et
1672 5638 1905 5703 caeteras
1931 5627 2099 5681 animi

521 5698 1066 5760 ditttzs'cOttitttendttt
1089 5704 1252 5757 etiam
1282 5702 1577 5756 Ordericus
1611 5698 1825 5761 Vitalis,
1852 5698 1946 5753 lib.
1977 5714 2049 5751 ru
2083 5717 2099 5751 :

527 5775 679 5839 Erat,
712 5775 916 5841 inquit,
938 5774 1167 5838 prudens
1189 5784 1237 5826 et
1271 5771 1698 5841 probus,au-ltta:
1747 5781 1792 5823 et
1834 5768 2013 5841 largus
2048 5776 2097 5822 et

525 5842 769 5897 amabilis
794 5840 1057 5897 omnibus.
1138 5845 1202 5895 Et
1232 5858 1354 5897 mox
1390 5859 1403 5894 :
1458 5840 1591 5893 Erat
1624 5841 1847 5893 multum
1880 5840 2093 5905 sapiens

526 5924 574 5968 et
605 5912 907 5967 misericors
937 5912 1279 5983 pauperibus,
1317 5912 1542 5968 bellator
1575 5911 1731 5982 {ortis
1788 5922 1836 5967 et
1870 5925 2093 5981 magna-

2035 5404 2082 5435 ιο
2105 5398 2164 5473 ᾖ.

2880 5393 2926 5426 ⁸³
2973 5391 3227 5448 κουλεοῦ.

3224 5482 3255 5497 ιδ

2246 5398 2291 5431 ³⁰
2324 5400 2404 5454 δέ.
2480 5400 2522 5432 ³¹
2552 5393 2796 5468 χαλινόν.

2213 5628 2412 5690 nimus,
2437 5625 2676 5694 alfabilis
2709 5624 2994 5684 militibus,
3037 5630 3419 5694 munerum/pte
3453 5613 3631 5694 _dator
3679 5611 3815 5694 ρης-τ

2209 5682 2516 5766 αἱεεείιίιιιέ,
2561 5698 2755 5749 divina:
2791 5695 2918 5766 legis
2980 5682 3159 5766 cultor
3211 5682 3814 5766 devotissimtts.mFttit

2209 5752 2668 5822 ἶςυηιιηΑιεΞκὶυς.
2731 5775 2791 5819 ut
2842 5752 2948 5817 "ait
3013 5757 3526 5816 Malmesburicnsis
3612 5752 3812 5822 lib.tt,

2207 5840 2410 5891 astutia
2441 5847 2489 5889 et
2530 5836 3019 5907 fraudibus,quam
3072 5830 3342 5902 probitate
3406 5827 3602 5883 notior.
3675 5821 3815 5902 για.

2205 5908 2446 5977 Annam,
2472 5923 2596 5980 pag.
2631 5907 2761 5962 231.
