4110 6396
405 374 516 443 409

1603 376 2013 441 ALEXIADIS
2051 382 2195 443 LIB.
2242 384 2291 447 V
2309 429 2324 444 .

3553 389 3659 454 410

405 495 716 564 κατεϐλήθη
743 495 769 543 6
791 494 1106 564 Γελιέλμος,
1139 494 1183 526 ⁸⁸
1208 495 1266 546 ὅν
1297 495 1392 550 καὶ
1424 497 1714 566 κατασχὼν
1743 496 1969 566 ὲτύφλω·

2094 499 2285 557 Victus
2314 500 2637 558 Guillelmus
2670 518 2766 572 pro
2801 504 3053 561 convicto
3088 516 3167 561 est
3200 503 3447 572 habitus,
3495 524 3657 577 quem

408 604 521 638 σεν.
554 586 658 637 Τὸν
692 586 747 639 δέ
774 603 836 653 γε
891 585 1080 658 ἕτερον
1140 586 1415 639 Ῥεόόλδον
1445 587 1488 619 ⁸¹
1523 588 1812 641 ἀπέστειλε
1850 589 1987 657 πρ>ις

403 679 498 729 τ’ν
556 678 763 747 πατέρα
820 678 988 731 αὐτοῦ
1050 678 1384 749 Ῥομπέρτον
1433 680 1512 741 εἰς
1559 680 1982 748 Λογγιὸαρδεαν,

406 768 499 833 ὑφ’
521 761 579 819 οὗ
614 770 934 836 ἀφαιρεῖται
969 771 1060 822 καὶ
1093 764 1245 829 οὗτος
1274 770 1402 830 τοὺς
1450 769 1782 838 ὀφθαλμούς.
1826 770 1884 822 Ὀ
1929 771 1984 822 δὲ

406 858 765 921 Βαῖτιοῡντος,
791 860 1011 926 ἀπάρας
1040 860 1146 911 ἀπλι
1175 859 1580 928 τῶν’”;ὶσπρων
1616 858 1980 928 Ἐκκλησιῶν,

404 949 649 1016 ἀπῆλθεν
692 952 771 1011 εἰς
809 949 1143 1018 Καστορζαν.
1201 947 1371 1001 Τοῦτο
1407 950 1596 1017 μαθὼν
1626 951 1653 1002 6
1688 950 1861 1019 μέγας
1894 951 1980 1002 δο-

415 1041 670 1111 μέστικος
718 1041 1131 1110 καταλαμϐάνει
1164 1042 1230 1094 τὰ
1258 1042 1532 1108 Μόγλενα,
1566 1041 1658 1094 καὶ
1691 1041 1985 1110 κατασχὼν

409 1133 495 1183 τὸν
527 1132 866 1201 Σαρακηνὸν,
914 1135 1116 1186 κτείνει
1154 1136 1484 1202 ,παραυτίκα
1530 1136 1843 1204 ἑρειπώσας
1892 1152 1983 1188 τε·

408 1218 564 1283 λείως
586 1224 646 1275 τὸ
676 1225 993 1277 καστέλλιον
1018 1226 1082 1279 ⁸⁸.
1114 1226 1172 1277 Ὀ
1201 1228 1255 1279 δέ
1283 1243 1345 1293 γε
1371 1226 1726 1293 Βαῖμοῦντος,
1750 1224 1982 1290 ἐξελθὼν

407 1306 500 1382 τῆς
517 1318 827 1385 Καστορίας
851 1317 985 1383 (45),
1008 1318 1223 1386 ἔρχεται
1241 1320 1320 1380 εἰς
1338 1317 1755 1388 τὴνξΛάρισσαν,
1776 1318 1917 1372 κεῐοι
1938 1318 1983 1350 ⁸³

409 1408 821 1478 παραχειμάσαι
864 1408 1209 1478 βουλόμενος.

477 1498 814 1550 Καταλαὸὼν
864 1497 921 1551 δὲ
954 1500 1053 1567 τὴν
1111 1498 1477 1568 μεγαλόπολιν
1519 1502 1547 1553 6
1602 1502 1982 1573 αὐτοκράτωρ,

406 1591 653 1656 καθάπερ
684 1592 919 1659 εἴρηται,
954 1592 1117 1652 εὐθὺς
1161 1590 1324 1660 ἔργον
1355 1591 1531 1661 εἴχετο
1564 1595 1745 1656 ὁποῖος
1777 1596 1985 1659 ἐκεῖνος

407 1683 745 1750 θερμουργὸς
769 1684 861 1734 καὶ
893 1683 1167 1752 μηδέποτε
1192 1684 1480 1754 ῥᾳστώνης
1510 1685 1866 1754 μετειληχὼς,
1894 1686 1987 1738 δυ-

403 1774 593 1842 νάμεις
620 1791 679 1824 τε
709 1775 889 1843 ᾐτεῖτο
920 1774 1010 1827 τὸν
1044 1775 1332 1828 σουλτάνον
1362 1777 1500 1843 μετὰ
1536 1778 1823 1846 ἡγεμόνων
1860 1780 1979 1831 πεῖ-

2091 595 2300 649 idcirco
2352 593 2688 652 Baimunilus
2741 599 3062 652 exetecavit.
3119 598 3425 653 Reboldum
3482 601 3666 669 suspi-

2090 686 2249 740 cione
2304 686 2642 741 laborantem
2697 688 2763 743 ad
2816 688 3114 743 Robertum
3166 702 3371 759 patrem
3416 706 3570 744 suum
3606 692 3661 744 in

2090 776 2533 847 Longobardiam
2588 781 2734 834 misit
2765 796 2792 833 a
2841 797 2947 850 quo
2978 792 3033 836 et
3078 784 3252 837 oculis
3284 786 3528 850 privatus
3556 792 3660 838 est.

2089 867 2220 923 Post
2256 870 2367 923 hate
2405 869 2747 925 Baimundus
2776 873 2844 924 ab
2886 874 3078 942 Aspris
3109 873 3373 930 Ecclesiis
3410 888 3659 936 movens,

2087 958 2392 1014 Castoriam
2423 976 2482 1016 se
2519 964 2794 1026 contulit;
2836 979 2941 1032 qua
2974 981 3031 1018 re
3062 981 3293 1034 magnus
3324 966 3663 1019 domesticus

2087 1049 2305 1119 cognita
2336 1050 2579 1121 Moglena
2621 1062 2876 1123 occupat,
2906 1053 3295 1122 Saracenoque
3322 1057 3509 1109 occiso
3537 1071 3598 1108 ca
3634 1084 3660 1095 -

2087 1144 2310 1197 stellum
2344 1145 2569 1197 omnino
2600 1145 2847 1201 destruit.
2868 1146 3021 1200 ‘l‘unc
3044 1145 3379 1201 Baimundus
3409 1147 3660 1201 Castoria

2086 1251 2341 1303 egressus
2367 1251 2535 1306 prope
2572 1236 2849 1295 Larissam
2905 1239 3092 1306 venit,
3141 1238 3385 1294 hiemare
3433 1239 3544 1293 illic
3604 1238 3659 1291 in

2090 1329 2276 1383 animo
2320 1329 2551 1384 habens.

2155 1511 2226 1567 At
2256 1512 2553 1581 imperator
2583 1510 2747 1565 simul
2772 1513 2824 1565 in
2853 1511 3042 1566 urbem
3070 1512 3293 1582 regiam,
3322 1522 3377 1566 ιιι
3398 1513 3658 1574 diximus.

2086 1604 2356 1673 pervenit,
2389 1602 2535 1655 nulla
2572 1612 2723 1670 parte
2757 1602 2959 1670 quietis
2992 1612 3172 1671 capta,
3205 1617 3305 1671 pro
3354 1616 3451 1656 sua
3512 1601 3659 1671 vigili

2088 1701 2422 1764 strenuaque
2447 1693 2651 1759 indole,
2684 1695 2869 1748 statim
2910 1695 2960 1749 in
3010 1711 3150 1763 opus
3189 1694 3436 1747 incubuit
3461 1734 3475 1757 ,
3507 1693 3661 1761 cujus

2087 1802 2254 1842 causa
2286 1799 2529 1849 venerat,
2554 1788 3064 1858 congregandarum
3101 1788 3405 1855 copiarum.
3437 1788 3514 1839 Ad
3539 1804 3657 1840 eam

406 1880 503 1933 ραν
530 1865 593 1916 ἐκ
625 1865 839 1934 μακροῦ
872 1867 1210 1935 ἐσχηκότων.
1251 1868 1310 1919 '0
1337 1868 1394 1920 δὲ
1429 1870 1733 1938 τηνικαῦτα
1763 1871 1969 1940 πέμπει

2084 1894 2199 1932 rem
2234 1878 2437 1934 milites
2469 1893 2497 1932 a
2535 1880 2758 1933 sultano
2802 1880 2977 1946 petiit,
3008 1894 3131 1933 cum
3175 1880 3494 1934 ductoribus
3520 1880 3663 1930 mili-

402 1956 537 2025 πρὸς
569 1958 734 2008 αὐτὸν
777 1958 1022 2026 χιλιάδας
1054 1960 1195 2012 ἑπτὰ
1254 1961 1392 2029 μετὰ
1423 1962 1708 2031 ἡγεμόνων
1755 1962 1876 2017 λίαν
1930 1961 1976 1995 ⁸⁵

400 2049 704 2118 ἐμπείρων,
765 2051 861 2102 καί
908 2052 1073 2103 αὑτὸν
1128 2052 1228 2121 τὴν
1258 2050 1303 2082 ⁸⁸
1338 2051 1611 2123 Καμύρην
1662 2053 1840 2124 χρόνῳ
1880 2057 1975 2108 καὶ

399 2143 565 2213 πείρᾳ
598 2143 708 2194 τῶν
740 2141 919 2195 ἄλλων
966 2144 1323 2213 ὑπερέχοντα.
1374 2145 1461 2196 Ἐν
1500 2146 1609 2216 ὅσῳ
1657 2145 1713 2198 δὲ
1744 2147 1915 2200 ταῦτα
1946 2149 1974 2199 6

399 2234 654 2305 βασιλεὺς
709 2235 981 2306 ᾠκονόμει
1025 2238 1118 2289 καὶ
1172 2238 1524 2307 ἡτοιμάζετο,
1572 2240 1600 2291 6
1637 2238 1973 2309 Βαῖμοῦντος

400 2329 563 2395 μέρος
602 2346 654 2382 τι
680 2328 773 2382 τοῦ
802 2330 933 2382 ἰδίου
962 2330 1372 2400 στρατεύματος
1394 2330 1815 2400 ἀποδιελόμενος
1838 2332 1972 2385 Κελ-

395 2423 520 2484 τοὺς
553 2423 976 2491 καταφράκτους
1004 2423 1158 2486 ὅλους
1196 2425 1518 2484 ἀποστείλας
1575 2425 1634 2490 ἐξ
1670 2426 1971 2496 ἐπιδρομῆς

395 2516 626 2584 κατέσχε
655 2514 754 2583 τὴν
788 2514 1121 2583 Πελαγονίαν
1162 2517 1298 2586 (εΗ),
1327 2518 1397 2570 τὰ
1420 2516 1688 2586 Τρῑκαλα,
1744 2519 1839 2570 καὶ
1873 2518 1971 2587 τὴν

393 2602 726 2675 Καστορὶαν.
762 2604 934 2667 Αὐτὸς
958 2604 1015 2657 δὲ
1040 2606 1068 2657 6
1096 2606 1450 2674 Βαῖμοῦντοτ,
1483 2607 1622 2675 μετὰ
1655 2606 1973 2676 ξύμπαντος

392 2696 486 2749 τοῦ
515 2697 927 2767 στρατεύματος
957 2698 1282 2751 καταλαϐὼν
1312 2700 1379 2753 τά
1406 2700 1649 2770 Τρίκαλα
1675 2701 1809 2769 (45),
1841 2701 1975 2753 όιττο⁴

396 2787 573 2842 σπάδα
612 2789 708 2843 τοῦ
759 2792 881 2843 ὅλου
943 2791 1359 2862 στρατεύματος
1398 2793 1444 2825 ⁴⁸
1498 2786 1783 2861 γενναίους
1818 2792 1975 2855 ὅλους

394 2881 488 2932 καὶ
517 2880 562 2913 ⁸⁷
594 2882 651 2946 ἐξ
688 2883 877 2948 ἐφόδου
922 2884 1156 2952 κατέσχε
1193 2885 1287 2937 τὸν
1334 2884 1626 2949 Τγξξὸισκον
1654 2885 1790 2957 (46).
1831 2882 1973 2957 Κᾷθ¹

391 2971 535 3027 οὕτω
564 2974 888 3028 καταλαῦὼν
920 2976 1020 3046 τὴν
1051 2976 1335 3047 Λάρισσαν
1382 2980 1503 3030 κατ’
1536 2978 1706 3050 αὐτὴν
1742 2981 1844 3052 τὴν
1877 2980 1974 3035 τοῦ

2088 1972 2178 2025 tia:
2207 1971 2448 2040 peritis,
2510 1980 2564 2025 et
2617 1971 2777 2040 longa
2834 1972 2960 2027 belli
3019 1971 3353 2041 experientia
3398 1970 3659 2024 subactis.

2087 2056 2240 2111 Tunc
2282 2057 2373 2111 ille
2404 2058 2469 2111 ad
2506 2058 2808 2128 Augustum
2836 2060 2985 2115 misit
3019 2070 3226 2128 septem
3258 2060 3422 2112 millia
3456 2059 3665 2113 Turco-

2083 2165 2204 2202 rum
2237 2151 2338 2204 sub
2384 2150 2677 2218 disciplina
2733 2152 3340 2225 experientissimorum
3400 2153 3599 2205 ducum
3643 2172 3658 2207 :

2082 2241 2226 2294 inter
2252 2257 2389 2308 quos
2414 2242 2683 2313 Camyres
2711 2252 2869 2298 artate
2894 2259 2956 2299 ac
2981 2260 3084 2298 usu
3120 2260 3285 2314 supra
3313 2259 3506 2299 omnes
3526 2244 3662 2299 emi-

2080 2332 2265 2385 nebat.
2295 2329 2516 2386 lnterim
2554 2333 2683 2386 dum
2714 2348 2776 2387 ea
2810 2341 3009 2388 tractat
3043 2343 3304 2403 paratque
3340 2334 3659 2402 imperator,

2079 2422 2608 2494 Baimundusparte
2633 2426 2914 2495 copiarum
2948 2440 2976 2478 a
3015 2440 3117 2479 suo
3153 2426 3398 2480 exercitu
3424 2425 3655 2493 divulsa,

2079 2518 2408 2572 excursione
2465 2516 2747 2572 Gallorum
2824 2519 3313 2589 cataphractorum
3389 2528 3659 2588 quotquot

2082 2607 2320 2662 habebat
2390 2608 2740 2678 Pelagoniam
2805 2611 3115 2679 occupavit.
3179 2609 3404 2679 Ipsaque
3463 2609 3657 2663 iterum

2077 2698 2286 2767 junctis
2318 2699 2495 2768 c0piis
2527 2715 2653 2753 cum
2694 2700 2952 2755 universo
2977 2699 3222 2754 exercitu
3244 2701 3391 2768 cepit
3416 2699 3657 2755 Tricala.

2082 2791 2407 2861 Rursusque
2435 2792 2641 2847 emissa
2673 2808 2838 2845 manu
2860 2792 3287 2847 lectissimorum
3314 2807 3376 2844 ex
3404 2793 3661 2845 universo

2085 2898 2318 2938 numero
2350 2885 2590 2938 militum
2626 2925 2641 2948 ,
2694 2884 3057 2953 impressione
3117 2882 3296 2937 subita
3345 2880 3657 2935 Tzibiscutn

2084 2976 2321 3047 subjecit
2354 2976 2484 3032 sibi.
2518 2974 2649 3031 lude
2682 2976 2793 3047 jam
2832 2975 3069 3032 Larissae
3121 2975 3311 3046 copias
3361 2976 3657 3031 admovens

1389 3141 1589 3201 Varia;
1631 3140 1939 3203 lectiones
1974 3159 2050 3202 ex
2085 3141 2224 3202 cod.
2258 3139 2535 3201 Coislin.

446 3238 495 3271 “
522 3239 827 3308 Γιλιέλμος.
903 3239 948 3271 ⁸¹
990 3240 1301 3294 Ῥυκάλδον.
1376 3241 1423 3272 η
1446 3241 1756 3296 καστὲλιον.

393 3311 743 3375 ἀποστείλας.
819 3309 868 3342 ⁸⁷
907 3311 1068 3365 Deest
1095 3312 1286 3366 vocula
1323 3312 1441 3365 καί.

1833 3240 1879 3272 ⁸³
1912 3241 2105 3295 ἐκεῖθι.

2182 3240 2227 3271 ⁸⁸
2252 3237 2413 3295 Deest
2442 3254 2544 3293 vox
2583 3238 2726 3295 λίαν.
2800 3239 2847 3271 ⁸⁸
2872 3238 2928 3292 δὲ
2960 3238 3076 3292 τόν.
3152 3237 3200 3270 ⁸⁸
3245 3240 3659 3311 στρατεύματος

1386 3453 1527 3514 Car.
1563 3452 1893 3515 Dufresnii
1928 3452 2025 3513 Du
2056 3452 2283 3533 Cangii
2329 3454 2542 3515 ἠοῖαι.

408 3581 471 3635 de
516 3581 565 3634 la
594 3580 835 3645 bataille,
877 3583 995 3650 pnis
1039 3599 1135 3646 qne
1184 3582 1259 3636 les
1317 3583 1625 3646 champians
1689 3581 1799 3636 s’cn
1852 3588 1973 3636 sont
2002 3571 2046 3632 C
2078 3583 2197 3649 cipe
2230 3582 2605 3645 impetrasset,
2643 3594 2746 3647 pro
2788 3584 3008 3650 mortuo
3042 3576 3373 3650 habebatur,
3423 3582 3653 3648 ejusque

402 3653 588 3705 luisse:
614 3654 726 3706 aler
753 3655 1033 3715 cnscmble,
1069 3661 1235 3707 toutes
1292 3652 1365 3706 les
1403 3669 1665 3717 armures,
1719 3655 1812 3722 qui
1844 3662 1963 3706 sont

397 3723 547 3776 cliens
568 3722 613 3773 el
634 3723 821 3789 champ
851 3724 1043 3775 brisees
1077 3733 1124 3775 et
1163 3725 1410 3782 entieres,
1452 3724 1663 3776 doivent
1697 3735 1833 3777 estre
1856 3723 1962 3776 dou

392 3794 736 3847 Counestable
774 3810 790 3846 :
827 3802 876 3845 et
926 3809 980 3845 se
1019 3793 1060 3844 il
1107 3795 1195 3861 n'y
1250 3812 1280 3845 a
1338 3794 1696 3855 connestable,
1752 3796 1961 3847 doirent

390 3874 524 3916 estre
558 3863 663 3915 dou
696 3865 930 3930 seignor.
967 3862 1111 3929 Quin
1149 3866 1310 3917 etiam
1348 3865 1464 3930 ipsa
1501 3865 1624 3918 victi
1659 3865 1796 3919 bona
1830 3865 1964 3919 ηςοο

390 3934 620 3995 domini,
658 3934 818 3999 cujus
843 3935 1039 3994 cliens,
1078 3950 1173 3988 seu
1209 3935 1487 3988 vassallus
1537 3946 1677 3995 erat,
1738 3934 1964 3987 addice-

393 4004 617 4061 bantur,
657 4004 929 4066 siquidem
966 4003 1203 4071 capitale
1256 4014 1406 4058 esset
1458 4004 1689 4067 crimen,
1753 4006 1819 4058 de
1853 4021 1964 4069 quo

389 4082 687 4143 accusatus
726 4073 928 4127 fuerat.
969 4072 1289 4128 Harduinus
1322 4090 1486 4143 supra
1541 4075 1743 4127 citatus
1774 4092 1787 4127 :
1822 4075 1886 4127 Et
1917 4075 1965 4128 le

390 4153 527 4197 reste
559 4142 622 4196 de
649 4160 727 4197 ses
760 4144 902 4197 biens
934 4154 1052 4198 sont
1084 4161 1153 4197 au
1182 4146 1360 4211 prince
1395 4142 1719 4212 conﬁsqnez.
1767 4143 1962 4200 Libera

392 4215 461 4265 ab
490 4217 639 4267 onmi
698 4230 806 4268 aere
858 4214 1062 4276 alieno,
1119 4224 1175 4267 ιιι
1225 4223 1307 4265 est
1358 4214 1501 4282 apud
1551 4212 1863 4281 Philippum
1902 4220 1965 4268 de

387 4283 750 4337 Beaumanoir
787 4301 890 4337 ms.
924 4300 1045 4349 cap.
1083 4285 1143 4337 6|
1192 4301 1208 4338 :
1247 4284 1332 4338 Cil
1363 4286 1452 4353 qui
1483 4292 1561 4338 est
1590 4285 1809 4336 vaincus
1834 4286 1963 4350 perd

386 4354 435 4406 le
462 4371 601 4413 cors,
634 4364 683 4407 et
722 4372 965 4423 quanque
994 4355 1032 4407 il
1069 4374 1099 4408 α
1127 4356 1191 4407 (le
1240 4354 1459 4423 qnelque
1508 4355 1724 4418 signeur
1773 4356 1863 4423 qui
1917 4357 1964 4408 le

387 4426 579 4491 tiegne.
608 4434 655 4477 et
690 4429 829 4478 vient
863 4425 907 4477 le
948 4426 1210 4494 forfeture
1257 4442 1288 4477 a
1320 4442 1513 4493 easque
1534 4425 1759 4491 Sigueur
1783 4426 1845 4477 de
1872 4428 1964 4492 qui

386 4494 427 4547 il
459 4495 643 4554 tenoit,
672 4504 721 4545 et
754 4496 802 4547 si
845 4497 1062 4551 mueble.
1083 4506 1132 4549 et
1166 4512 1282 4548 sera
1307 4497 1375 4548 (el
1427 4496 1574 4547 aussi
1613 4495 1966 4560 assignement

384 4567 570 4619 ἄρκεσε
603 4565 735 4634 qu’il
762 4575 843 4618 est
891 4568 1061 4619 troaé.
1110 4567 1175 4618 Et
1203 4583 1265 4618 en
1300 4577 1429 4619 cette
1465 4566 1698 4617 maniere
1747 4566 1966 4633 quicon-

384 4651 510 4703 ques
543 4647 621 4688 est
662 4635 955 4689 condamné
984 4638 1046 4690 de
1076 4636 1286 4702 laitfet,
1330 4654 1429 4704 par
1476 4634 1644 4705 lequel
1669 4635 1741 4703 [et
1776 4635 1813 4687 il
1848 4636 1967 4689 (loie

383 4706 576 4771 pertire
611 4707 657 4759 le
687 4722 827 4767 cors,
861 4710 909 4761 si
950 4708 1151 4761 mueble
1182 4716 1232 4759 et
1262 4708 1309 4759 si
1340 4708 1593 4773 heritatge
1610 4715 1729 4757 sont
1754 4709 1969 4760 ilemené

384 4792 449 4828 en
492 4785 624 4829 cette
654 4779 930 4840 manicre;
972 4795 1035 4831 ne
1056 4778 1093 4831 li
1131 4780 1342 4845 signear
1373 4778 1463 4846 qui
1498 4786 1585 4829 ont
1634 4775 1680 4827 le
1718 4777 1827 4828 sien
1870 4792 1969 4840 par

384 4861 538 4899 reson
580 4846 647 4900 de
699 4847 978 4915 forfeture,
1005 4865 1066 4902 ne
1089 4858 1209 4902 sont
1246 4858 1393 4901 tenus
1432 4850 1464 4899 ὰ
1491 4848 1643 4915 paier
1673 4847 1837 4899 riens.
1868 4862 1965 4913 que

2071 3648 2217 3705 bona
2259 3652 2547 3718 principis.
2606 3660 2699 3702 aut
2755 3648 2987 3711 domini,
3053 3648 3211 3710 cuius
3269 3652 3444 3706 cliens
3504 3662 3648 3715 erat.

2071 3723 2203 3775 lisco
2233 3720 2719 3786 adjudicabautur.
2756 3718 2850 3773 Vel
2905 3720 2952 3773 si
2989 3720 3234 3773 duellum
3273 3720 3469 3775 initum
3506 3734 3655 3775 esset

2070 3797 2122 3846 in
2167 3793 2472 3860 provincia,
2509 3791 2600 3844 ubi
2636 3791 2910 3845 bonorum
2956 3789 3282 3845 conﬁscatio
3328 3792 3509 3845 locum
3543 3809 3652 3848 non

2068 3864 2318 3926 haberet,
2355 3861 2663 3914 transibant
2698 3862 2882 3915 statim
2929 3860 2982 3912 in
3034 3860 3318 3927 legitimos
3386 3863 3654 3918 haeredes.

2071 3933 2261 3987 Exstat
2296 3933 2574 3994 Arestum,
2609 3947 2704 3985 seu
2735 3930 3025 3989 Placitum.
3057 3941 3282 3985 senatus
3318 3933 3648 3989 Parisiensis

2069 4004 2242 4055 latum
2293 4002 2348 4055 in
2411 3999 2551 4055 festo
2608 4001 2665 4056 S.
2721 4002 2957 4062 Martini,
3011 4017 3103 4055 at).
3160 3998 3315 4064 1281,
3380 4004 3645 4060 adversus

2070 4072 2353 4143 llngonem
2381 4073 2445 4125 de
2487 4070 2754 4141 Ti/I‘auges
2798 4073 3060 4143 valatum,
3120 4072 3237 4143 sive
3284 4074 3641 4140 armigerum,

2069 4142 2416 4207 quitertiam
2451 4155 2658 4209 partem
2686 4144 2847 4196 Belbe
2870 4142 3026 4194 Villae
3063 4142 3167 4193 sibi
3207 4142 3392 4196 deberi
3426 4153 3649 4199 conten-

2069 4212 2256 4277 debat,
2290 4223 2348 4265 ut
2372 4227 2503 4281 quae
2522 4217 2678 4266 uxori
2706 4228 2771 4265 ex
2800 4212 3045 4266 Mauricii
3080 4213 3147 4265 de
3180 4210 3404 4268 Foresta
3435 4215 3650 4279 militis,

2073 4283 2277 4351 patrui.
2314 4285 2668 4336 successione
2719 4283 3062 4343 obvenisset,
3118 4297 3269 4346 quem
3311 4283 3518 4336 (licebat
3552 4302 3650 4349 pro

2071 4364 2278 4404 mortuo
2310 4351 2504 4422 haberi
2522 4354 2743 4422 Adebere.
2776 4370 2872 4418 pro
2927 4366 2986 4422 (ξς)
3013 4354 3154 4419 quod
3208 4354 3259 4404 in
3295 4353 3472 4405 duello
3506 4354 3651 4422 facto

2070 4423 2210 4475 inter
2236 4422 2437 4474 dictum
2482 4420 2806 4474 Mauricium
2838 4422 2901 4474 de
2934 4419 3155 4474 [θοι-θεία
3178 4438 3243 4474 ea:
3270 4438 3374 4474 una
3395 4419 3566 4484 parte,
3599 4435 3652 4477 et

2073 4492 2397 4545 Mauricium
2423 4492 2486 4544 de
2516 4492 2853 4545 Castromuri
2887 4509 2952 4545 ea:
2984 4491 3181 4551 altera,
3220 4494 3277 4545 in
3328 4495 3476 4545 curia
3517 4496 3651 4546 vice-

2069 4564 2277 4616 comitis
2316 4562 2667 4615 Tltoarcensis
2697 4563 2902 4616 domini
2929 4563 3034 4621 sui.
3071 4563 3271 4615 dictant
3320 4561 3649 4618 Mauricium

2068 4634 2133 4685 de
2158 4631 2382 4686 Foresta
2419 4633 2612 4686 victum
2640 4632 2810 4701 fuisse
2835 4631 3064 4687 dicebat.

2144 4704 2255 4775 (ιῇ)
2288 4704 2643 4770 Καστορίας.
2668 4703 2975 4758 Castoriam
3009 4701 3177 4775 paulo
3208 4710 3335 4759 ante
3358 4719 3648 4775 expugna-

2070 4771 2160 4827 rat
2197 4772 2491 4835 Robertus,
2538 4782 2697 4837 Capto
2758 4775 2974 4826 scilicet
3040 4771 3360 4843 Dyrrachio,
3414 4771 3649 4842 ejuSque

2076 4843 2456 4913 praefecturam
2492 4843 2715 4897 Fortino
2763 4845 2831 4897 de
2880 4844 3098 4897 Bosana
3146 4847 3647 4912 commendaverat,

385 4916 457 4969 cil
484 4920 569 4984 qui
600 4927 677 4969 est
699 4911 1034 4970 'condamnez
1069 4920 1139 4971 du
1191 4921 1262 4985 [et
1295 4918 1446 4971 deust
1491 4911 1566 4969 'de
1624 4916 1759 4971 dele.
1812 4911 1964 4970 Inter
1994 4911 2045 4969 D
2075 4911 2150 4968 uti
2182 4926 2372 4967 narrat
2413 4914 2722 4985 Malaterra,
2759 4915 2853 4985 lib.
2893 4929 2973 4974 ιιι,
3005 4914 3253 4985 φερε-29.

387 4986 614 5039 Arre~ta
649 4986 895 5041 Sai'carii
938 4989 1246 5053 Paschalis,
1299 5004 1393 5042 an.
1426 4988 1585 5041 1267.
1618 4987 1675 5039 In
1714 4986 1959 5040 secundo

384 5053 625 5127 “egesto
660 5056 889 5110 Joannis
918 5061 983 5111 ile
1014 5058 1070 5113 S.
1128 5059 1309 5114 Justn.
1344 5059 1488 5127 quod
1524 5058 1803 5127 exstatin
1856 5056 1962 5110 Ca-

386 5141 538 5178 tnera
579 5126 834 5194 Cotnput.
875 5128 1048 5184 Paris.
1093 5128 1185 5182 fol.
1242 5128 1332 5192 57,
1366 5126 1505 5182 haec
1565 5127 1630 5179 de
1684 5126 1958 5191 ejusmodi

381 5195 658 5249 bonorum
688 5196 1086 5254 conﬁscatione
1130 5202 1401 5253 habentur
1435 5213 1453 5251 :
1498 5198 1570 5251 De
1596 5207 1823 5264 quodam
1858 5198 1957 5248 ho-

388 5266 529 5318 mine
559 5270 664 5321 vice
694 5270 977 5321 comitatus
1020 5270 1264 5323 Auribeci
1314 5268 1523 5337 (Orbec)
1573 5277 1773 5333 petente
1824 5267 1960 5320 bona

384 5338 684 5390 adversarii
732 5340 838 5400 sui,
874 5357 1025 5403 quem
1055 5356 1144 5398 per
1195 5342 1406 5393 radium
1466 5339 1589 5391 belli
1645 5338 1854 5397 devicit,
1910 5346 1959 5391 et

385 5408 636 5477 suspendi
664 5410 807 5474 fecit.
837 5406 909 5461 ad
945 5412 1114 5477 ipsum
1139 5414 1429 5476 pertinente
1483 5426 1575 5474 per
1622 5408 1964 5460 consuetudi-

384 5490 504 5527 nem
546 5474 919 5541 Normanniaz,
949 5474 1005 5532 ut
1030 5474 1256 5542 dicebat,
1310 5496 1425 5549 qua:
1457 5479 1670 5549 quidem
1708 5482 1842 5530 bona
1875 5479 1961 5529 tli-

385 5549 827 5620 ctus‘vicecomes
881 5554 1083 5605 tenebat
1124 5568 1220 5620 pro
1251 5567 1388 5619 rege,
1427 5549 1801 5603 concordatum
1834 5549 1959 5615 fuit,

385 5617 523 5682 quod
544 5618 721 5673 dictus
752 5622 909 5673 homo
943 5617 1222 5674 victoriam
1276 5617 1492 5682 habens,
1552 5620 1687 5673 bona
1746 5621 1960 5671 mobilia

384 5686 620 5759 habebit,
652 5699 701 5741 et
752 5690 1048 5743 immobilia
1110 5692 1340 5744 dominis
1401 5692 1454 5743 in
1521 5706 1767 5759 quarunt
1817 5703 1963 5757 terra

384 5758 679 5811 consistunt
714 5762 1083 5822 remanebant,
1123 5764 1169 5815 si
1212 5761 1277 5815 de
1323 5758 1699 5814 consuetudine
1735 5758 1955 5812 debeant

387 5828 610 5883 habere.
649 5829 896 5901 Denique
937 5833 982 5888 si
1020 5834 1195 5888 victus
1226 5832 1435 5888 veniam
1466 5842 1517 5887 ct
1541 5834 1703 5887 vitam
1743 5845 1770 5882 ιι
1801 5831 1949 5899 priu-

2146 4985 2273 5055 (Ml
2305 4984 2703 5052 Πελαγονίαν.
2750 4984 3052 5055 Pelagonia
3109 4983 3442 5039 Macedonie
3493 4987 3653 5054 oppi-

2072 5054 2225 5116 duin,
2258 5054 2414 5108 Livio
2458 5066 2672 5115 ιιοιυιιι,
2720 5054 3031 5107 Castoriatn
3072 5055 3215 5107 inter
3246 5069 3298 5109 et
3322 5057 3518 5109 Attium
3549 5059 3650 5110 Ilua

2074 5129 2245 5189 vium,
2292 5137 2349 5178 ut
2378 5125 2581 5177 habent
2610 5121 2973 5184 Tudebodus,
3015 5124 3112 5179 lib.
3152 5140 3190 5188 ι,
3220 5136 3273 5179 et
3301 5127 3649 5180 Uantacuze-

2072 5212 2199 5259 nus,
2236 5196 2332 5250 lib.
2378 5211 2414 5249 t.
2448 5193 2689 5266 cap.5l,
2724 5195 2777 5248 in
2828 5196 3139 5266 patentibus
3191 5198 3398 5266 campis
3428 5209 3651 5251 exstru-

2071 5263 2882 5337 ctum,_i_ttestapudNicetatn,
2918 5264 3159 5337 indicit.
3210 5263 3329 5320 libf
3356 5284 3435 5331 ιιι,
3482 5266 3647 5337 300

2074 5352 2129 5389 n.
2154 5337 2203 5388 l.
2243 5334 2420 5406 Vallis
2454 5334 2754 5404 Pelagonia!
2774 5336 3020 5390 meminit
3042 5335 3400 5405 Raymundus
3422 5334 3646 5406 de'Agi-

2069 5407 2171 5460 les.
2209 5405 2341 5459 Vide
2374 5406 2732 5466 Ciunaututn,
2768 5406 2861 5460 lib.
2898 5421 2980 5470 ttl,
3019 5421 3140 5474 pag.
3173 5406 3238 5457 75
3275 5409 3331 5458 Α.

2142 5479 2253 5545 (45)
2288 5477 2560 5539 Τρίκαλα.
2601 5475 2742 5530 Urbs
2772 5477 2834 5529 ad
2868 5480 3216 5548 Strymonem
3268 5474 3397 5529 lluv.
3425 5475 3642 5529 Tzetza:

2068 5548 2197 5601 cbil.
2228 5565 2301 5606 ix,
2338 5563 2459 5604 can.
2512 5548 2639 5600 280.
2676 5545 3084 5607 Cantacuzcno,
3124 5545 3218 5598 lib.
3261 5562 3317 5600 ιι.
3370 5560 3491 5613 cap.
3551 5548 3647 5610 28,

2068 5617 2318 5671 Castrum
2352 5619 2417 5669 de
2443 5616 2493 5668 la
2540 5615 2753 5671 Tricala
2789 5616 3000 5669 Sanuto
3033 5616 3196 5685 epist.
3225 5614 3279 5667 5.
3318 5615 3451 5669 Vide
3482 5614 3644 5669 Belo-

2067 5704 2222 5750 lltttn,
2257 5688 2354 5740 lib.
2391 5703 2429 5744 ι.
2476 5686 2692 5741 Observ.
2731 5703 2851 5755 cap.
2885 5688 2974 5738 55.

2142 5759 2256 5828 (46)
2294 5755 2621 5815 Τζτΰισκον.
2657 5754 3091 5828 Memittitctiam
3119 5754 3448 5828 Guillelmus
3479 5756 3643 5827 Apul.

2062 5825 2299 5886 'l'tibisﬁ
2343 5828 2509 5898 capti,
2544 5837 2595 5884 et
2633 5829 2872 5885 obsessa:
2910 5825 3206 5894 Laodiceae,
3240 5825 3337 5883 lib.
3374 5841 3400 5880 ν
3442 5843 3455 5879 :
