4110 6388
433 374 553 445 (13

1719 381 2140 443 ALEXIADIS
2173 381 2320 444 LIB.
2360 377 2434 445 ν.

3605 371 3716 436 ιιι

428 495 546 563 μὲν
597 491 887 561 γενοίμην
943 490 1079 558 ἐγὼ,
1132 491 1442 560 τολμηρῶς
1473 491 1541 544 δὲ
1588 492 1687 545 καὶ
1725 493 1879 547 κατὰ
1921 493 2036 562 τῆς

2162 493 2349 548 νιιῑάεηι
2369 489 2510 564 quod
2535 505 2705 546 meum
2729 497 2844 544 erat
2866 485 3115 559 prtestiti,
3141 483 3282 557 quod
3305 490 3490 548 restat,
3515 497 3723 552 a’quunt

433 584 557 648 σῆς
585 582 915 647 ,ϐασιλείας
953 582 1131 636 τοῦτο
1177 581 1676 651 παῤῥησιάζομαι,
1717 585 1770 637 ει
1807 583 1894 652 μὴ
1926 583 2028 639 τά·

435 691 572 746 χιον
598 675 882 742 σπεύσῃς
920 676 966 708 ⁸³
995 673 1105 731 τοῦ
1161 675 1450 731 κινδύνου
1494 675 1650 744 ἡμᾶς
1685 677 2025 745 ἐξελέσθαι,

429 768 516 838 μὴ
547 767 698 834 πρὸς
737 768 1037 822 τοσοῦτον
1073 769 1276 845 βάρος·
1310 770 1584 839 πολέμου
1621 787 1686 823 τε
1717 771 1813 824 καὶ
1845 771 2028 840 λιμοῦ

435 860 754 930 ἀντισχεῖν
785 859 885 914 ἐπὶ
919 860 1112 914 πλέον
1135 861 1614 928 δεδυνημένους,
1645 863 1726 916 σὺ
1743 863 1796 914 δ’
1831 867 1862 916 ό
1889 864 2030 932 ἡμέ-

434 972 609 1021 τερος
660 953 986 1019 βασιλεὺς,
1047 954 1172 1022 εἴγε
1227 953 1569 1023 δυνάμενος
1608 955 1866 1022 ,ϐοηθεῖν
1920 959 2032 1010 οὐκ

434 1044 827 1110 ἐπέσπευσας
864 1045 979 1114 τὴν
1000 1045 1316 1112 βοήθειαν,
1355 1049 1466 1099 οὐκ
1499 1046 1576 1101 ἂν
1628 1047 1883 1117 φθάνοις
1932 1049 2030 1120 ἔγ-

437 1142 643 1206 κλημα
673 1138 1008 1204 προδοσίας
1039 1139 1508 1208 ἁπορυγγάνων.

2130 599 2230 652 est,
2260 599 2319 640 ut
2356 585 2504 641 nobis
2535 601 2628 655 per
2656 593 2704 638 te
2755 598 2959 654 quoque
2995 581 3192 644 liceat,
3246 579 3301 632 id
3351 576 3490 646 quod
3534 576 3724 628 ultima

2134 682 2446 736 necessitate
2474 680 2653 733 adacti
2681 677 2977 746 cogitamus
3003 717 3017 741 ,
3071 673 3308 742 exsequi.
3346 661 3534 738 ‘(Quid
3585 667 3726 722 enim

2127 781 2329 839 oportet
2360 771 2560 824 diutius
2591 769 2842 824 adversus
2878 776 3091 820 natura:
3117 766 3218 818 vim
3247 774 3402 832 atque
3434 761 3721 829 imperium

2135 863 2385 932 obniti?)
2418 862 2754 916 Decrevimus
2789 870 2965 926 autem
2994 873 3171 947 ar/cem
3213 855 3451 908 hostibus
3495 853 3683 905 dedere
3710 893 3725 916 ,

2139 959 2230 1027 qui
2263 973 2367 1011 non
2388 963 2504 1027 jam
2534 961 2876 1023 oppugnant,
2909 950 2998 1005 sed
3041 946 3344 1017 'pra-tfocant
3393 946 3575 1016 palam
3611 961 3730 1002 nos.
3779 971 3796 976 -

2140 1049 2227 1103 Me
2259 1043 2511 1102 miserunt
2537 1048 2558 1101 !
2588 1048 2632 1101 si
2661 1046 2800 1101 enim
2829 1046 2926 1098 hoc
2954 1041 3122 1096 cladis
3157 1058 3218 1094 ac
3250 1040 3524 1092 dedecoris
3554 1037 3723 1090 susci-

2141 1147 2250 1209 pio,
2279 1145 2409 1196 diris
2441 1141 2723 1196 devovebor
2757 1139 2978 1199 scilicet,
3025 1134 3315 1203 "infortunii
3366 1126 3734 1201 magnitudine

441 1247 601 1300 usque
635 1232 704 1283 ad
737 1232 991 1285 int-idiom
1021 1233 1209 1302 ﬂagitii
1231 1247 1530 1301 progressa.
1577 1232 1770 1287 Verum
1799 1251 1901 1305 quo
1939 1251 2018 1290 me
2057 1245 2260 1290 vertam
2300 1236 2510 1305 igitur?
2559 1234 2662 1288 nisi
2697 1234 2743 1287 si
2811 1231 2910 1284 das
2976 1229 3183 1283 veniam
3237 1226 3477 1279 audaciw
3525 1238 3629 1292 qua
3679 1221 3735 1274 in

441 1330 776 1397 majestate":
812 1336 958 1379 luant
998 1329 1148 1381 istius
1185 1329 1312 1382 mat'i
1343 1339 1562 1381 causam
1591 1331 1842 1400 confero;
1876 1340 1924 1384 et
1962 1339 2044 1408 te,‘
2105 1331 2209 1385 nisi
2284 1347 2376 1384 nos
2429 1340 2545 1383 tuos
2584 1339 2677 1382 tua
2712 1342 2877 1380 causa
2906 1366 2920 1388 ,
2983 1323 3062 1376 tui
3113 1337 3200 1388 spe
3235 1361 3248 1381 ,
3301 1318 3424 1372 belli
3478 1316 3737 1384 famisque

444 1420 616 1490 longis
648 1421 993 1474 incommodis
1029 1420 1098 1473 ad
1155 1430 1449 1474 extremam
1495 1421 1616 1490 jam
1701 1409 2079 1476 imbecillitatis
2156 1422 2482 1486 exhaustos,
2539 1433 2750 1474 maturo
2810 1431 3064 1488 properas
3118 1411 3322 1466 auxilio
3378 1410 3615 1479 eripere,
3667 1410 3740 1462 si-

443 1512 650 1583 quidem
707 1510 760 1564 id
795 1521 941 1579 potes
973 1553 988 1575 ,
1042 1513 1128 1565 via:
1163 1513 1386 1583 effugere
1421 1529 1575 1582 posse
1603 1515 1687 1566 aio
1714 1513 2034 1580 proditionis
2075 1523 2278 1568 notam.

531 1607 591 1660 '0
636 1606 692 1660 δὲ
744 1605 1106 1678 αὐτοκράτωρ
1156 1607 1267 1660 δεῖν
1323 1605 1465 1674 ἔγνω
1510 1606 1599 1660 διά
1638 1624 1785 1668 τινος
1821 1606 2028 1675 τρόπου

447 1699 639 1771 ἑτέρου
672 1697 870 1762 αὐτοὺς
904 1697 1414 1766 καταγωνίσασθαι.
1450 1701 1718 1768 Aona-poi.
1746 1698 1803 1751 δὲ
1841 1699 2033 1750 τοῦτον

449 1795 698 1862 συνεῖχον
747 1792 845 1845 καὶ
914 1792 1206 1862 μέριμναι.
1260 1791 1374 1845 Καὶ
1425 1791 1564 1861 δῆτα
1606 1790 1828 1844 σκοπῶν
1882 1791 2034 1850 ὅπως

451 1889 556 1959 χρὴ
591 1887 781 1956 λόχους
813 1885 1257 1972 ὲ-νστήσασθαιξδ
1307 1885 1375 1937 δι’
1407 1885 1537 1954 ὅλης
1588 1886 1805 1956 ἡμέρας
1855 1884 2038 1936 διεπο-

452 1982 615 2042 νεῖτο,
646 1979 864 2050 ἀρωγὸν
898 1979 988 2031 τὸν
1033 1979 1166 2031 Θεὸν
1201 1967 1670 2048 ἐπικαλούμενος.
1722 1975 2043 2030 Μετακαλεο

454 2073 690 2142 σαμενος
727 2067 821 2124 οὖν
866 2068 1168 2141 τηνικαῦτα
1203 2069 1313 2121 τῶν
1342 2069 1621 2140 γερόντιον
1668 2067 1793 2121 τινὰ
1838 2069 2044 2135 Λαρισα

457 2165 652 2231 σαίων,
713 2163 1044 2217 ἐπυνθάνετο
1079 2161 1204 2232 περὶ
1233 2163 1332 2230 τῆς
1365 2161 1458 2215 τοῦ
1487 2162 1650 2214 τόπου
1675 2160 1905 2221 θέσεως.
1937 2159 2048 2210 Καὶ

455 2257 748 2322 ἁναθείνας
781 2257 826 2289 ⁸⁵
859 2258 984 2320 τοὺς
1025 2254 1344 2324 ὀφθαλμοὺς
1378 2253 1496 2320 ἅμα
1554 2255 1650 2306 καὶ
1683 2251 1762 2322 τῷ
1796 2248 2050 2320 δακτύλῳ

455 2355 620 2419 ὲπιση
634 2351 844 2422 μαίνων
877 2347 1154 2419 ἐπιμελῶς
1183 2345 1444 2416 ἀνηρώτα
1467 2346 1590 2398 ὅποι
1622 2343 1910 2415 φάραγγές
1939 2343 2048 2395 εἰσι

458 2447 818 2518 διερῤωγυῖαι
865 2443 980 2506 τοῖς
1028 2442 1218 2504 τόποις
1280 2441 1312 2512 ἢ
1371 2440 1576 2510 λόχμαι
1629 2439 1775 2500 τινὲς
1833 2436 2050 2506 βαθεῖαι

459 2541 598 2610 πρὸς
631 2537 803 2600 αὑτὰς
863 2535 1329 2606 συνεχίζονταιθθ.
1384 2533 1573 2588 Ταῦτα
1628 2532 1684 2584 δὲ
1717 2530 1810 2584 τοῦ
1846 2531 2052 2599 Λαρισο

461 2631 617 2684 σείου
656 2627 1011 2694 ἐπυνθάνετο,
1054 2625 1383 2697 βουλόμενος
1445 2624 1602 2695 λόχον
1629 2623 1924 2692 ἐπιστῆσαι
1961 2621 2055 2675 καὶ

461 2720 528 2776 δ.’
555 2721 775 2788 ἀπάτης
803 2719 934 2782 τοὺς
971 2715 1244 2780 Λατίνους
1279 2715 1790 2785 καταγωνίσασθαι·
1829 2713 1920 2767 τὸν
1947 2712 2056 2783 γὰρ

465 2813 700 2885 φανερὸν
731 2818 826 2865 καὶ
857 2811 1001 2865 κατὰ
1035 2811 1290 2882 μέτωπον
1333 2809 1553 2879 φθάσας
1591 2810 1907 2880 ἀπηγόρευε
1959 2809 2058 2860 πό-

462 2905 627 2975 λεμον
656 2904 922 2968 πολλάκις
957 2903 1254 2972 συμϐαλὼν
1284 2905 1379 2956 καὶ
1408 2903 1690 2974 ἡττηθεὶς,
1722 2902 1816 2955 καὶ
1859 2902 2059 2970 πεῖραν

463 3004 563 3073 τῆς
595 2999 876 3069 συμϐολῆς
908 2996 1001 3051 τοῦ
1033 2995 1360 3068 Φραγγικοῦ
1406 2995 1648 3066 πολέμου
1671 2994 1874 3049 λαϐών.
1902 2993 2060 3046 Ἐπεὶ

466 3093 522 3147 δὲ
572 3093 722 3164 ἣλιος
779 3089 1013 3155 κατέδυ,
1061 3088 1223 3150 αὐτός
1287 3104 1346 3140 τε
1392 3085 1462 3140 δι’
1516 3087 1645 3148 ὅλης
1703 3081 2061 3145 κεκοπιακὼς

466 3187 566 3256 τῆς
640 3183 857 3256 ἡμέρας
927 3184 955 3235 ὁ
1037 3179 1295 3251 βασιλεὺς
1369 3181 1450 3239 εἰς
1527 3175 1695 3230 ὕπνον
1769 3175 2060 3246 ἐτράπετο,

2215 1605 2342 1662 [Lee
2389 1606 2697 1675 Augustum
2727 1647 2742 1671 ,
2798 1617 3112 1672 quanquam
3159 1599 3318 1655 valde
3418 1595 3739 1660 movebant,

2142 1697 2442 1770 perpellere
2499 1707 2678 1750 tamen
2729 1695 3104 1765 nequiverunt
3150 1693 3217 1746 ad
3267 1687 3731 1762 praecipitandum

2145 1789 2420 1860 praelium.
2447 1787 2724 1858 Expertus
2761 1797 2879 1842 erat
2911 1786 3118 1856 saapius
3157 1783 3283 1855 plus
3331 1781 3469 1838 satis
3509 1779 3738 1834 Latino-

2148 1897 2268 1936 rum
2301 1881 2434 1944 vim,
2463 1895 2568 1935 nec
2607 1880 2744 1934 satis
2779 1879 2844 1934 ad
2885 1877 3176 1932 victoriam
3226 1875 3342 1944 spei
3400 1873 3636 1944 ponebat
3687 1872 3743 1925 in

2150 1979 2302 2026 recto
2325 1979 2382 2024 et
2417 1969 2653 2038 simplici
2701 1975 2900 2022 conatu
2941 1966 3112 2036 aperti
3164 1963 3375 2018 Martis.
3415 1961 3561 2030 Ergo
3624 1967 3748 2030 post

2151 2068 2506 2137 imploralum
2533 2063 2627 2118 Dei
2661 2076 2864 2115 numen
2895 2060 3082 2114 animo
3116 2058 3167 2110 in
3206 2071 3389 2111 acrem
3415 2065 3470 2108 et
3501 2053 3747 2122 longam,

2153 2174 2250 2229 per
2289 2172 2458 2212 unum
2491 2165 2666 2210 totum
2701 2153 2845 2207 diem
2873 2191 2888 2215 ,
2921 2149 3340 2204 meditationem
3376 2160 3560 2199 merso
3593 2182 3607 2208 ,
3658 2156 3754 2195 ex.

2153 2251 2378 2322 quisivit
2409 2263 2596 2305 secum
2635 2243 3031 2307 attentissime,
3065 2257 3193 2294 num
3236 2254 3342 2309 qua
3394 2246 3755 2302 strategema-

2155 2346 2226 2402 tis
2257 2353 2309 2400 et
2340 2341 2662 2398 insidiarum
2700 2337 2921 2392 occasio
2967 2342 3141 2389 esset.
3199 2329 3582 2385 Accersiverat
3643 2324 3753 2378 La-

2157 2441 2408 2494 risstenm
2457 2432 2757 2493 hominem,
2797 2427 2955 2496 cujus
2981 2425 3188 2479 indicio
3224 2422 3289 2477 ad
3323 2419 3754 2487 descriptionem

2157 2533 2408 2586 locorum
2439 2543 2673 2598 quorum
2704 2524 2870 2578 situm
2904 2519 3092 2590 procul
3116 2516 3463 2586 explorautes
3483 2507 3627 2564 oculi
3655 2510 3759 2562 mi-

2161 2641 2264 2680 nus
2297 2633 2490 2678 exacte
2533 2613 2939 2679 discernerent,
2972 2611 3252 2667 utebatur.
3285 2608 3426 2662 Cum
3467 2605 3573 2657 hoc
3619 2601 3758 2656 satis

2163 2721 2405 2780 locutus,
2442 2715 2763 2778 intentoque
2789 2709 2846 2762 in
2871 2708 2990 2762 loca
3019 2720 3142 2775 qtth
3169 2701 3336 2758 simul
3367 2699 3531 2753 ambo
3561 2708 3757 2750 cerne-

2163 2819 2308 2876 rent,
2348 2807 2518 2878 digito
2551 2807 2775 2860 curiose
2811 2809 3196 2872 percontatus,
3230 2794 3318 2848 ubi
3345 2793 3515 2848 valles
3561 2805 3624 2843 ac
3665 2801 3764 2842 vo-

2162 2901 2384 2974 ragines
2414 2895 2781 2969 profundique
2833 2893 2887 2946 in
2934 2890 3015 2945 .iis
3069 2903 3136 2941 ac
3191 2883 3461 2955 inopinati
3507 2892 3763 2934 recessus

2164 3005 2368 3058 essent,
2402 2993 2518 3050 sole
2549 2991 2772 3044 demum
2810 2999 3012 3040 occaso
3047 2982 3102 3035 in
3133 2981 3307 3035 altum
3340 2985 3392 3033 et
3425 2974 3700 3046 placidum
3737 3008 3754 3035 ,

2177 3090 2382 3160 quippe
2439 3086 2640 3140 diurna
2673 3080 3033 3138 contentione
3072 3075 3330 3145 fatigatus
3355 3112 3368 3136 ,
3421 3067 3766 3137 compositus

2169 3158 2422 3252 soporem
2443 3187 2529 3234 est
2561 3195 2575 3232 :
2617 3192 2713 3247 per
2736 3189 2900 3246 quem
2931 3171 3118 3226 oblato
3147 3167 3250 3221 sibi
3279 3162 3496 3220 somnio
3520 3158 3768 3214 faustum

469 3250 771 3347 δαημς-⁸⁸ἱ
843 3250 1132 3343 ἐφίσταται
1193 3269 1394 3340 τούτῳ.
1480 3269 1688 3321 Ἐδόκει
1739 3266 1892 3329 ἐντὸς
1961 3263 2057 3317 τοῦ

2167 3250 2416 3328 victoriae
2467 3268 2770 3336 augurium
2821 3262 3055 3332 accepit.
3109 3259 3272 3313 Visus
3321 3254 3468 3308 enim
3520 3250 3626 3306 sibi
3682 3252 3773 3304 est

477 3345 623 3440 ιερήοῦ
688 3367 956 3436 τεμένους
1008 3362 1103 3417 τοῦ
1174 3361 1674 3433 μεγαλομάρτυρος
1741 3345 2060 3429 Δημητρίου

487 3449 720 3525 ἱστάναι,
757 3461 852 3512 καὶ
903 3458 1086 3528 φωνῆς
1126 3456 1367 3516 ἀκούσας
1411 3456 1456 3486 ⁸⁸
1497 3469 1514 3486 ·
1547 3455 1643 3522 Μὴ
1675 3451 1881 3506 λυποῦ
1907 3449 2064 3520 μηδὲ

490 3551 660 3606 στένε
680 3569 693 3583 ·
721 3551 936 3618 αὔριον
962 3549 1160 3617 νικᾷς.
1195 3547 1305 3618 Τὴν
1343 3545 1397 3598 δὲ
1425 3545 1610 3614 φωνὴν
1649 3543 1865 3612 βάλλειν
1899 3539 2064 3595 αὐτοῦ

487 3647 585 3716 τὴν
626 3645 792 3715 ἀκοὴν
823 3644 963 3715 ᾤετο
1005 3644 1067 3695 ὲκ
1111 3643 1241 3710 μιᾶς
1273 3640 1382 3694 τῶν
1424 3641 1480 3691 ὲν
1512 3637 1588 3708 τῷ
1625 3637 1843 3706 τεμένει
1873 3636 2070 3706 ἀπῃω-

483 3735 734 3808 ρημένων
765 3733 1014 3794 εἰκόνων,
1049 3735 1106 3784 ἐν
1215 3730 1242 3781 ὁ
1288 3726 1712 3798 μεγαλομὰρτυς
1747 3724 2066 3795 Δημήτριος

478 3829 922 3897 κατεγέγραπτο.
955 3819 1309 3883 Διυπνισθεὶς
1346 3820 1403 3872 δὲ
1439 3820 1531 3872 καὶ
1563 3817 1874 3888 περιχαρὴς
1903 3830 2069 3883 γεγο·

478 3919 583 3982 νὼς
623 3922 688 3971 ὲκ
723 3917 825 3986 τῆς
854 3915 1067 3984 ὀνείρου
1099 3913 1304 3984 ταύτης
1334 3911 1544 3981 ὀμφῆς,
1583 3909 1898 3978 ὲοεοκλήτει
1932 3908 1975 3940 ⁶⁹
2007 3922 2070 3959 τε

475 4013 556 4084 τῷ
595 4013 856 4083 μάρτυρι,
904 4010 998 4062 καὶ
1048 4006 1512 4075 προσυπισχνεῖτο
1570 4003 1642 4067 ⁷ο,
1682 4005 1729 4055 εἰ
1765 3999 1979 4070 γένοιτό
2020 4001 2070 4053 οἱ

477 4107 636 4174 νίκην
669 4104 813 4157 κατὰ
846 4101 954 4156 τῶν
982 4098 1194 4170 ἐχθρῶν
1221 4096 1490 4168 ἄρασθαι,
1524 4095 1688 4158 αὑτός
1712 4096 1754 4125 ⁷¹
1792 4112 1852 4146 τε
1889 4110 2072 4164 παρα-

481 4198 758 4269 γενέσθαι,
833 4197 929 4250 nat
987 4198 1094 4266 πρὸ
1163 4191 1396 4246 σταδίων
1454 4188 1661 4242 ἱκανῶν
1718 4187 1818 4256 τῆς
1861 4187 2072 4249 πόλεως

487 4289 896 4358 Θεσσαλονίκης
964 4288 1066 4340 οὐκ
1107 4284 1370 4354 ἔφιππον,
1414 4281 1552 4335 ἀλλὰ
1589 4279 1729 4349 πεζῇ
1773 4281 1867 4333 καὶ
1905 4281 2074 4349 βάδην

482 4386 784 4454 ἐρχνεμενον
819 4383 898 4442 εἰς
939 4378 1042 4449 τὴν
1080 4375 1248 4430 αὑτοῦ
1297 4373 1624 4427 ἐλεύσεσθαι
1667 4371 2070 4442 προσκύνησιν.

485 4477 598 4531 Καὶ
634 4476 699 4545 δὴ
738 4470 1266 4543 μετακαλεσάμενος
1303 4467 1432 4528 τοὺς
1483 4461 1838 4535 στρατηγούς
1883 4479 1942 4514 τε
1979 4463 2076 4516 καὶ

486 4569 790 4640 ἡγεμόνας,
822 4565 919 4618 καὶ
955 4562 1246 4630 συγγενεῖς
1284 4559 1560 4621 ἅπαντας,
1604 4556 1804 4626 βουλῆς
1847 4556 2070 4626 ἤρχετο,

485 4665 586 4734 τὴν
618 4661 853 4714 ἑκάστου
887 4654 1117 4725 γνώμην
1150 4650 1442 4721 ἀναζητῶν
1468 4665 1482 4680 ·
1523 4645 1644 4702 εἶτα
1681 4649 1743 4700 τὸ
1793 4647 2075 4716 σκοπηθὲν

491 4753 824 4826 ἀπήγγειλε.
877 4749 951 4802 Τὸ
993 4748 1051 4802 δὲ
1104 4742 1173 4818 ἦν
1227 4744 1564 4816 παραδοῦναι
1609 4743 1653 4773 ⁷⁸
1699 4741 1768 4794 τὰ
1818 4742 2078 4810 τάγματα

490 4849 708 4903 ἅπαντα
738 4847 851 4909 τοῖς
879 4841 1199 4913 συγγενέσιν
1223 4837 1388 4892 αὐτοῦ
1413 4853 1426 4868 ·
1458 4835 1871 4908 προεξὰρχοντα
1905 4833 1963 4886 δὲ
1987 4834 2080 4885 τὸν

491 4943 666 4999 Mal-.6
678 4941 834 5009 τηνὺν
871 4935 986 5009 (50)
1010 4935 1326 5005 Νικηφόρον
1352 4931 1630 5000 ἐφίστησι,
1677 4930 1771 4982 καὶ
1793 4930 1882 4983 τὸν
1907 4930 2086 4996 Κουρ-

2169 3376 2319 3425 stare
2341 3367 2486 3419 intra
2514 3361 2778 3432 templum
2805 3355 2986 3428 magni
3013 3353 3274 3422 martyris
3296 3345 3584 3409 Demetrii,
3612 3341 3775 3413 139

2169 3473 2472 3528 vocemque
2504 3451 2817 3524 huiusmodi
2851 3449 3043 3503 audire
3075 3462 3088 3498 :
3127 3442 3208 3497 Ne
3236 3440 3478 3512 angoris,
3531 3451 3652 3490 neve
3682 3450 3775 3502 ge-

2170 3572 2308 3620 mas,
2346 3568 2467 3606 cras
2500 3549 2697 3603 vinces.
2738 3542 2894 3601 Ferri
2917 3550 3099 3596 autem
3130 3537 3186 3591 in
3227 3534 3355 3603 ejus
3394 3545 3560 3586 aures
3621 3526 3778 3582 vide-

2171 3649 2332 3702 batur
2370 3658 2432 3698 ea
2461 3657 2561 3695 vox
2603 3655 2670 3694 ex
2709 3652 2816 3690 una
2860 3636 2915 3688 in
2952 3630 3160 3700 templo
3215 3627 3323 3682 alte
3369 3633 3775 3693 suspensarum

2170 3739 2470 3807 imaginum
2495 3774 2509 3796 .
2542 3733 2597 3787 in
2637 3745 2745 3799 qua
2787 3740 3020 3800 magnus
3061 3728 3270 3793 martyr
3306 3715 3617 3772 Demetrius
3655 3719 3778 3767 erat

2173 3805 2375 3900 pictus.
2411 3826 2616 3881 Somno
2653 3822 2874 3877 solutus
2914 3832 3040 3872 cum
3075 3813 3278 3886 gaudio
3316 3807 3522 3877 ingenti
3555 3805 3625 3859 ob
3657 3811 3770 3857 tam

2173 3898 2358 3976 laetum
2394 3933 2579 3980 omen,
2617 3921 2830 3969 attenta
2865 3909 3136 3979 religione
3171 3901 3447 3973 supplicat
3470 3898 3598 3954 divo
3625 3909 3774 3948 utar-

2177 4015 2302 4086 tyri,
2338 4015 2554 4082 rithue
2586 4015 2783 4071 vovet,
2842 4005 2886 4061 si
2943 4001 3058 4073 spei
3111 4012 3342 4079 compos
3395 3996 3461 4048 de
3525 3989 3780 4043 hostibus

2173 4106 2462 4162 vincendis
2497 4110 2781 4170 conceptae
2820 4101 2995 4160 fieret,
3029 4110 3152 4150 sese
3183 4091 3368 4146 statim
3404 4099 3632 4156 peregre
3655 4097 3781 4150 pro-

2176 4199 2445 4253 fecturum
2486 4195 2552 4246 ad
2607 4190 2932 4246 memoriam
2993 4188 3158 4257 ejus;
3204 4183 3516 4250 studiisque
3565 4174 3784 4244 aliquot

2176 4297 2470 4356 antequam
2510 4281 2963 4338 Thessalonicam
3009 4278 3354 4348 pervenisset
3380 4318 3394 4340 ,
3430 4286 3574 4342 equo
3638 4269 3783 4338 reje-

2177 4390 2291 4442 cto,
2324 4391 2719 4450 processurum
2751 4375 2986 4444 peditem
3018 4373 3084 4426 ad
3119 4368 3556 4425 'venerationem
3607 4363 3785 4418 sancti

2177 4471 2420 4543 patroni.
2456 4469 2574 4524 Sub
2629 4469 2741 4522 haec
2791 4465 3117 4521 convocatis
3160 4460 3398 4515 ducibus
3425 4499 3440 4522 ,
3499 4456 3739 4508 tribuas
3769 4491 3786 4516 ,

2183 4567 2546 4637 cognatisque
2583 4563 2700 4618 suis
2741 4557 3022 4614 universis
3050 4555 3299 4625 ipsorum
3334 4547 3665 4605 sententiam
3715 4544 3787 4597 de

2186 4677 2246 4716 re
2261 4635 2534 4730 praesenti
2574 4653 2828 4725 quaesivit
2861 4651 3183 4719 audivitque
3214 4646 3476 4717 primum,
3501 4649 3615 4694 tum
3639 4635 3791 4707 quod

2189 4729 2295 4808 sibi
2329 4752 2508 4807 visum
2535 4761 2653 4806 erat
2681 4747 2931 4820 protulit.
2982 4742 3194 4812 Nempe
3243 4740 3450 4793 bonum
3502 4733 3648 4788 factu
3703 4729 3794 4783 νίς

2191 4847 2332 4908 deri.
2373 4855 2540 4916 atque
2569 4843 2635 4897 ad
2671 4841 2962 4896 victoriam
2995 4837 3126 4891 utile
3152 4875 3166 4899 ,
3201 4833 3244 4886 si
3281 4831 3450 4886 totius
3511 4825 3645 4879 aciei
3703 4838 3795 4875 re-

2199 4938 2380 5009 gimen
2415 4934 2668 5006 cognatis
2702 4931 2819 4988 suis
2853 4932 2972 5001 ipse
3002 4927 3377 4998 permitteret,
3421 4916 3796 4983 omnibusque

1500 5068 1706 5131 Variae
1755 5067 2064 5131 lectiones
2107 5087 2186 5132 ex
2219 5074 2360 5136 cod.
2393 5071 2665 5136 Coislin.

565 5209 610 5241 ⁸³
637 5206 918 5267 σπεύσεις.
998 5205 1040 5235 ⁸⁸
1075 5195 1571 5270 ἔνδιαστήπασθαιτ,
1629 5196 1676 5227 ⁸⁵
1707 5195 2020 5270 ᾁγοξτείνας.
2100 5199 2145 5232 ⁸⁸
2168 5197 2539 5270 συσχίζονται.
2616 5195 2662 5228 ⁸⁷
2698 5179 2934 5265 ὄνειρος.
3025 5189 3072 5222 ⁸⁸
3101 5185 3362 5242 ἀκοῦσαι.

494 5297 596 5341 τει,
693 5279 740 5311 ⁷ο
774 5265 1266 5348 προσυπισχνεῖτο.
1313 5265 1383 5300 ’⁷³
1414 5267 1627 5322 αὐτόθι.
1713 5265 1756 5296 ⁷¹¹
1791 5265 1999 5319 δοῦναι.

3461 5178 3506 5211 ⁶⁹
3542 5167 3800 5227 ὲθεοκλύ·

1534 5384 1679 5446 Car.
1715 5380 2052 5444 Dufresnii
2092 5382 2192 5441 Du
2225 5373 2455 5456 Cangii
2493 5378 2687 5437 notia.

567 5501 680 5573 (50)
705 5498 1128 5573 Μελισσηνίξν.
1162 5487 1412 5573 Meminit
1441 5485 1792 5573 Guilleltnus.
1811 5481 2082 5573 ppulien-

502 5553 932 5631 sis‘vbl'elisseni,
976 5553 1076 5622 'cui
1136 5561 1435 5618 auxiliares
1483 5556 1673 5631 copias
1727 5553 2082 5631 adducendas

502 5623 1037 5704 tradidit—"Alexim,
1075 5635 1234 5701 cujus
1289 5631 1512 5704 fratrem
1555 5623 1765 5704 fuisse
1802 5625 1898 5703 ait,
1953 5623 2083 5704 quia

499 5694 961 5769 Medii-sororem
1019 5694 1363 5762 matrimonii
1400 5700 1525 5766 jure
1575 5697 1678 5769 sibi
1735 5694 2082 5769 devinserat.

503 5763 736 5840 ἑῷ)ῐίὖώ
757 5763 1026 5852 praeterea
1053 5763 1524 5852 additblelisseno
1551 5768 1872 5852 adjunctum
1897 5763 2088 5852 Adria-

501 5871 656 5925 num,
686 5841 865 5910 Aléxii
896 5848 1152 5908 fortassis
1193 5846 1443 5908 fratrem,
1465 5841 1593 5895 licet
1623 5843 1920 5906 cognatum
1961 5841 2084 5888 tam

2190 5489 2308 5532 tum
2343 5478 2492 5530 dicat
2523 5493 2538 5530 :

2189 5548 2439 5602 Plurima
2473 5553 2590 5614 post
2624 5541 2859 5614 triduum
2899 5536 3004 5592 duo
3036 5535 3337 5614 contingere
3367 5535 3611 5596 potentes

2189 5621 2417 5688 Agmina
2459 5603 2767 5688 Crazcorttm
2802 5607 3120 5688 Boainnndo
3145 5603 3281 5654 bella
3309 5609 3574 5669 parantes

2189 5675 2340 5746 Alter
2368 5702 2658 5759 germanus
2685 5683 2909 5753 Augusti
2933 5675 3283 5759 :ilelt'sianus,

2190 5744 2342 5819 iilter
2368 5744 2657 5830 cognatus,
2703 5744 2892 5808 nomen
2922 5749 3030 5820 fuit
3060 5744 3357 5800 Adrianus.
