4110 6396
435 329 543 394 ιιτ

1721 322 2136 386 ALEXIADIS
2166 324 2313 386 LIB.
2355 327 2419 389 V.

3603 324 3708 391 418

432 443 656 516 ρίσσης]
693 442 856 514 μέρος
876 439 1223 504 καταλαϐὼν,
1251 437 1348 494 καὶ
1370 437 1748 510 περιαθρήσας
1769 438 1866 510 τὴν
1887 439 2018 494 ᾶπα-

2129 449 2183 494 et
2210 443 2328 494 sine
2359 456 2524 496 sensu
2562 440 2881 506 Latinorum
2915 444 3137 510 laceret,
3168 445 3280 514 jam
3325 453 3435 499 tum
3469 460 3498 498 a
3532 447 3707 516 prima

431 556 534 590 σαν
562 537 655 589 τοῦ
684 535 850 589 τόπου
884 533 1060 598 θέσιν,
1103 532 1529 603 χθαμαλώτερον
1562 531 1724 584 τόπον
1750 531 2018 600 κατανοή-

433 647 556 693 σας,
577 629 747 682 ἐκεῖθι
778 627 920 698 μετὰ
942 627 1049 680 τῶν
1079 625 1536 694 συνεφεπομένων
1565 623 1712 693 αὐτῷ
1730 622 1901 692 λόχων
1925 618 2012 691 ἦν.

435 721 500 772 Ui
527 720 581 772 δὲ
611 719 880 790 ἡγεμόνες
899 718 1005 770 τῶν
1025 717 1353 786 Ῥωμαϊκῶν
1370 716 1688 784 ταγμάτων,
1717 716 1954 786 ὁπηνίκα
1991 717 2020 768 6

433 811 692 882 βασιλεὺς
737 811 1121 882 προλοχήσειν,
1178 809 1253 872 ὡς
1294 809 1511 878 εἴρηται
1538 808 1892 876 ἐπειγόμενος
1919 809 2020 878 τὴν

427 904 525 956 τοῦ
565 903 951 958 Λειϐοτανίνου
991 903 1034 933 ⁸¹
1080 900 1402 970 κλεισούραν
1448 900 1758 970 διέρχεσθαι
1786 899 2008 968 ἔμελλε,

425 996 736 1067 τηνικαῦτα
774 996 1072 1050 ἁποσπὰδα
1113 995 1158 1026 ⁸³
1203 994 1318 1047 τῶν¹
1367 994 1694 1063 Ῥωμαϊκῶν
1743 994 2021 1046 ἀποδιελό-

430 1108 585 1159 μενοι
615 1091 915 1159 ταγμάτων
951 1091 1093 1143 κατὰ
1138 1087 1248 1143 τῶν
1295 1087 1518 1140 Κελτῶν
1546 1086 1890 1156 ἐξέπεμψαν,
1931 1088 2019 1156 ἐφ’

427 1177 472 1251 ᾧ
504 1185 644 1254 πρὸς
677 1184 907 1249 ἑαυτοὺς
935 1182 1176 1246 ἑλκύσας
1207 1181 1252 1212 ⁸⁸
1279 1181 1354 1244 ὡς
1388 1181 1464 1251 μὴ
1495 1180 1810 1250 ἐκεχειρίαν
1841 1180 2018 1250 ἔχοιεν

432 1275 721 1344 φωρᾶσθαι
748 1274 792 1306 ⁸⁸
828 1274 917 1326 τὸν
945 1273 1327 1343 αὐτοκράτορα
1357 1272 1478 1324 ὅποι
1512 1271 1559 1302 ⁸⁸
1585 1273 1902 1340 πορεύεται.
1957 1271 2020 1325 Οἳ

434 1369 554 1430 καὶ,
579 1367 717 1437 πρὸς
743 1368 841 1438 τὴν
881 1367 1107 1420 πεδιάδα
1139 1364 1516 1430 κατελθόντες,
1545 1362 1882 1434 προσέϐαλον
1911 1364 2023 1426 τοῖς

434 1461 680 1523 Κελτοῖς,
731 1459 828 1511 καὶ
883 1460 971 1526 ἐφ’
1019 1457 1208 1510 ίκανὸν
1264 1454 1642 1526 μαχεσάμενοι
1703 1453 2018 1522 διέστησαν,

435 1552 534 1618 τῆς
569 1552 764 1613 νυκτὸς
801 1551 895 1602 ἀπ’
928 1549 1053 1620 ἄρτι
1094 1548 1168 1619 μὴ
1211 1547 1657 1618 παραχωρούσης
1685 1547 1785 1614 τὴν
1816 1546 2018 1615 μάχην.

438 1642 771 1696 Καταλαεὼν
828 1643 884 1695 δὲ
915 1642 1022 1697 ,τὸν
1081 1641 1431 1710 σκοπηθέντα
1460 1641 1620 1718 τόπον
1675 1641 1702 1691 6
1760 1637 2020 1708 βασιλεὺς

2120 531 2462 586 discessione
2489 533 2610 601 ejus
2638 574 2652 596 .
2685 535 2906 603 quando
2944 536 3258 592 Libotanini
3312 538 3511 592 saltum
3543 538 3710 606 coepit

2122 623 2333 694 ingredi
2365 625 2432 678 ad
2467 625 2790 681 insidiarum
2825 629 3005 683 locum
3051 631 3305 716 tendens,
3343 629 3512 684 duces
3547 645 3709 684 exer-

2123 719 2265 772 citus
2295 715 2529 774 Romani
2560 721 2814 775 cohortes
2845 715 3111 790 quasdam
3151 724 3203 776 in
3248 722 3476 776 Latinos
3521 722 3710 776 immi-

2125 818 2317 862 serunt
2345 825 2358 864 :
2394 810 2489 878 qui
2527 811 2866 878 prodeuntes
2895 812 3003 867 illis
3031 813 3248 867 obviam
3280 828 3513 882 pugnam
3565 827 3710 867 com-

2126 900 2394 955 miserunt
2421 905 2474 956 in
2507 903 2755 972 planitie,
2790 905 2970 973 quoad
3005 921 3109 959 nox
3141 906 3407 973 ingruens
3451 904 3708 960 recedere

2125 1003 2388 1064 utrosque
2420 994 2488 1050 ad
2517 1011 2613 1051 sua
2637 997 2836 1067 coegit.
2861 999 2928 1051 At
2961 998 3257 1066 imperator
3315 1000 3403 1053 ubi
3449 999 3711 1068 designa-

2125 1093 2237 1138 tum
2299 1087 2483 1142 locum
2550 1088 2710 1160 15.0
2765 1089 2979 1153 tenuit,
3027 1091 3252 1146 desilire
3303 1095 3534 1146 comites
3577 1107 3709 1148 suos

2128 1189 2319 1229 omnes
2368 1192 2436 1232 ex
2475 1179 2632 1247 equis
2683 1180 2897 1248 jussit,
2943 1195 3195 1252 gentique
3233 1183 3412 1251 posito
3465 1184 3710 1238 habenas

2132 1266 2416 1323 frenorum
2455 1277 2640 1325 tenere
2684 1273 2960 1328 manibus.
2999 1273 3154 1340 Quod
3201 1275 3318 1344 ipse
3353 1275 3606 1329 similiter
3633 1275 3713 1329 l'e—

2129 1359 2246 1425 cit,
2302 1361 2598 1419 admovetis
2631 1379 2690 1418 se
2757 1365 2996 1431 humili,
3043 1382 3204 1436 quem
3268 1366 3407 1422 forte
3469 1371 3708 1436 reperit,

2129 1453 2467 1525 Trissaginis
2505 1455 2712 1522 frutici,
2746 1458 2836 1512 ubi
2878 1457 3034 1513 freno
3097 1475 3256 1513 manu
3294 1471 3568 1530 correpto
3615 1477 3712 1530 ge—

2130 1549 2403 1618 nibusque
2434 1551 2652 1618 positis,
2687 1551 2886 1606 deinde
2916 1566 3013 1622 per
3033 1561 3246 1616 noctein
3283 1554 3548 1623 reliquam
3582 1570 3712 1625 pro-

2128 1639 2320 1694 cubuit
2358 1641 2411 1694 in
2448 1641 2663 1698 lacieiii.

437 1738 684 1800 ἅπαντας
735 1738 1008 1807 ἀποεῆναι
1056 1736 1167 1800 τῶν
1203 1737 1386 1789 ἵππων
1421 1735 1640 1788 ἐκέλευε
1689 1735 1758 1799 ⁸⁸,
1791 1733 1885 1786 καὶ
1921 1735 2014 1786 ἐπὶ
2054 1736 2184 1802 γόνυ
2216 1728 2501 1800 κλιθέντας
2537 1739 2662 1800 τοὺς
2697 1740 2956 1808 χαλινοὺς
3022 1743 3179 1811 χερσὶ
3228 1743 3502 1811 κατέχειν.
3579 1743 3694 1796 Καὶ

434 1833 594 1895 αὐτὸς
626 1834 705 1896 δὲ,
735 1833 1061 1903 χαμαιδρύῳ
1100 1833 1437 1902 περιτυχὼν,
1473 1830 1736 1894 ὡσαύτως
1763 1829 2118 1894 κατακλιθεὶς
2141 1831 2234 1884 τὸν
2264 1832 2480 1902 χαλινὸν
2509 1837 2568 1887 ὲν
2603 1835 2761 1906 χερσὶ
2826 1838 3080 1909 κατέχων
3150 1840 3243 1893 ἐπὶ
3290 1841 3582 1910 πρόσωπον
3649 1839 3710 1892 τὸ

437 1925 720 1979 ἐπίλοιπον
749 1927 847 1994 τῆς
887 1926 1080 1990 νυκτδς
1110 1925 1315 1978 ἔκειτο.

519 2018 857 2087 Ἀνίσχοντος
891 2016 946 2068 δὲ
977 2015 1072 2068 τοῦ
1111 2016 1268 2086 ἡλίου
1305 2017 1427 2069 ἐπεὶ
1457 2019 1526 2070 τὰ
1559 2017 1690 2080 τῶνξ
1725 2016 2018 2087 Ῥωμαίων

2194 2011 2422 2069 Oriente
2459 2029 2588 2068 vero
2619 2013 2755 2081 sole,
2789 2029 2915 2070 cum
2960 2015 3194 2072 vidisset
3236 2018 3574 2075 Baimunilus
3625 2022 3714 2076 in-

437 2113 694 2183 τάγματα
737 2110 880 2163 κατὰ
926 2111 1219 2178 φάλαγγας
1276 2109 1546 2178 ἱστάμενα
1600 2111 1628 2162 6
1680 2109 2017 2179 Βαῖμοῦντος

439 2206 725 2271 ἐθεάσατο,
758 2207 858 2270 τάς
907 2221 966 2256 τε
997 2201 1285 2274 βασιλικὰς
1315 2202 1556 2272 σημαίας
1600 2203 1694 2256 καὶ
1738 2203 1807 2256 τὰ
1838 2205 2016 2274 ἀργυ-

438 2299 606 2369 ρόηλα
630 2299 852 2369 δόρατα,
877 2299 1004 2360 τοὺς
1032 2296 1232 2359 ἵππους
1265 2295 1405 2365 μετὰ
1425 2297 1534 2348 τῶν
1564 2294 1864 2366 βασιλικῶν
1893 2298 2022 2366 ἐρυ-

437 2391 585 2461 θρῶν
621 2391 958 2460 ἐφεστρίδων
992 2390 1067 2451 ὡς
1106 2389 1247 2452 ἐνὸν,
1280 2388 1377 2440 καὶ
1406 2389 1568 2451 αὐτὸς
1599 2389 1698 2457 τὴν
1733 2387 1866 2440 ἰδίαν
1898 2391 2021 2442 κατ’

437 2483 615 2536 αὐτῶν
663 2485 1040 2552 κατεστήσατο
1089 2482 1378 2549 φάλαγγαν
1418 2481 1460 2512 ⁸⁷
1514 2481 1639 2549 διχῆ
1687 2479 1879 2534 διελὼν
1923 2480 2023 2545 τὰς

439 2575 722 2644 δυνάμεις,
774 2577 872 2626 καὶ
918 2572 1026 2626 τῶν
1075 2573 1174 2640 μὲν
1221 2574 1386 2637 αὐτὸς
1431 2573 1750 2642 κατάρχων,
1801 2573 1910 2626 τῶν
1965 2573 2021 2626 δὲ

441 2667 842 2736 φαλαγγάρχην
877 2667 968 2718 τὸν
1003 2666 1262 2736 Βρυένιον
1316 2665 1428 2735 (56)
1495 2667 1866 2736 καταστήσας.
1910 2668 2023 2719 Λα-

441 2762 585 2820 τῖνος
623 2759 680 2810 δὲ
728 2751 886 2821 οὗτος
931 2757 1041 2810 τῶν
1079 2758 1385 2825 ἐπιφανῶν,
1432 2757 1492 2810 ὃν
1526 2759 1619 2811 καὶ
1662 2758 2023 2812 κονοσταῦλον

441 2850 761 2920 ὠνόμασαν.
795 2849 952 2902 Οὕτω
983 2849 1115 2918 γοῦν
1155 2850 1254 2912 τὰς
1301 2851 1438 2912 ἰδίας
1467 2851 1826 2921 καταστήσας
1860 2851 2022 2904 δυνά-

448 2961 591 3014 μεις,
633 2944 695 2998 τὸ
722 2943 954 3011 σύνηθες
1013 2945 1108 2995 καὶ
1136 2942 1303 2996 πάλιν
1350 2945 1517 3005 ποιεῖ,
1563 2944 1658 2995 καὶ
1712 2945 1854 2996 κατὰ
1889 2944 2022 3012 μέτ-

446 3051 595 3087 ωπον
637 3033 741 3103 τῆς
769 3032 1131 3104 παρατάξεως
1155 3033 1262 3100 ὅπη
1286 3033 1352 3086 τὰ
1377 3032 1630 3103 βασιλικά
1665 3035 1813 3103 ἑώρα
1843 3035 2022 3105 παρά-

443 3143 616 3195 σημα,
659 3126 778 3178 ἐκεῖ
813 3143 896 3177 τοι
937 3124 982 3155 ⁸⁸
1031 3123 1414 3193 αὐτοκράτορα
1461 3121 1691 3192 νομίσας
1747 3118 1914 3189 εἶναι,
1946 3123 2024 3186 ὼς

441 3218 703 3288 πρηστὴρ
745 3218 859 3279 τοῖς
895 3216 1246 3285 φαινομένοις
1287 3213 1572 3284 ἐμπίπτει.
1622 3215 1684 3267 Οί
1715 3214 1794 3280 δὲ,
1826 3215 2023 3284 μικρὶν

442 3309 810 3379 ἀντισχόντες,
839 3307 909 3360 τὰ
960 3309 1107 3362 νῶτα
1135 3307 1312 3377 τούτῳ
1335 3306 1573 3362 διδόασιν
1595 3323 1608 3338 ⁸
1647 3307 1674 3358 6
1702 3306 1760 3359 δὲ
1795 3304 2023 3370 τούτους

443 3399 651 3452 διώκων
691 3399 953 3451 κόπισθεν
1013 3397 1248 3468 ἤλαυνεν
1307 3397 1589 3466 ἀκρατῶς,
1647 3395 1724 3459 ὡς
1783 3398 1810 3449 6
1863 3395 2021 3463 λόγος

2131 2119 2396 2164 structam
2428 2107 2740 2162 Romanam.
2781 2111 2954 2165 aciem
3005 2125 3071 2165 ac
3121 2113 3279 2182 signa
3329 2129 3391 2167 ea
3439 2117 3710 2182 proilacta

2125 2218 2248 2273 quae
2273 2217 2378 2256 non
2409 2202 2515 2256 nisi
2546 2202 2882 2270 imperatore
2911 2213 3182 2271 praesente
3212 2245 3227 2270 ,
3259 2215 3313 2259 et
3365 2206 3419 2259 in
3478 2223 3539 2261 ea
3602 2209 3710 2263 loci

2124 2301 2280 2364 parte
2309 2291 2400 2345 ubi
2433 2292 2546 2360 ipse
2581 2299 2666 2346 est
2700 2292 2838 2360 erigi
2875 2307 3242 2358 consuevere,
3276 2296 3463 2350 hastas
3491 2313 3711 2368 quoque

2126 2378 2405 2447 argenteis
2429 2379 2726 2435 distinctas
2759 2379 2932 2436 clavis
2961 2421 2976 2445 ,
3012 2387 3294 2452 proprium
3348 2387 3565 2457 insigne
3610 2389 3744 2442 Illi-'

2126 2471 2284 2525 litum
2347 2470 2741 2540 imperatorem
2793 2473 3040 2541 proxime
3090 2474 3440 2543 stipantinm,
3535 2493 3710 2549 equos

2126 2566 2364 2635 denique
2395 2566 2689 2634 purpureis
2723 2567 3000 2636 tapetibus
3028 2567 3319 2632 instratos,
3370 2571 3508 2625 nihil
3553 2573 3714 2628 dubi‘

2129 2666 2250 2711 laus
2279 2658 2410 2725 quin
2457 2657 2530 2710 ibi
2563 2666 2710 2711 esset
2733 2659 3048 2728 Augustus,
3088 2661 3260 2714 aciem
3283 2669 3334 2716 et
3366 2662 3483 2731 ipse
3520 2675 3710 2720 contra

2126 2764 2280 2803 suam
2304 2749 2507 2818 dirigit,
2530 2749 2706 2816 copiis
2737 2748 2994 2804 bifariam
3024 2751 3214 2806 divisis
3243 2762 3452 2821 partem
3479 2755 3709 2810 alteram

2126 2844 2231 2898 sibi
2265 2846 2379 2914 ipse
2405 2845 2738 2898 diictandam
2769 2848 3026 2914 sumpsit,
3070 2847 3225 2902 alteri
3251 2849 3541 2920 Bryenium
3575 2867 3710 2918 prie-

2126 2936 2278 2992 l‘ccit.
2315 2935 2548 2992 Latinus
2577 2936 2667 2992 hic
2695 2949 2815 2992 erat
2843 2954 2906 2992 ex
2937 2940 3245 2995 illustribus
3296 2957 3458 3011 quem
3493 2951 3545 2997 et
3605 2944 3714 2998 Co-

2126 3026 2440 3082 nostablum
2495 3026 2794 3080 vocabant.
2852 3026 2944 3082 Sic
2995 3027 3310 3082 distributis
3376 3029 3712 3084 Baimundus

2125 3118 2324 3188 copiis,
2355 3117 2470 3186 ipse
2504 3118 2559 3171 in
2607 3119 2743 3172 aciei
2799 3117 3059 3172 Romanae
3108 3118 3346 3174 frontem
3376 3161 3390 3184 ,
3435 3121 3526 3176 tibi
3590 3135 3714 3177 esse

2127 3209 2508 3278 imperatorem
2570 3226 2633 3263 ex
2689 3209 2863 3280 signis
2924 3213 3272 3274 autumabat,
3333 3221 3558 3282 repente
3613 3229 3713 3285 pro

2127 3317 2278 3357 more
2306 3317 2408 3356 suo
2439 3303 2670 3358 solemni
2720 3303 2824 3357 ritu
2879 3303 3023 3374 ignei
3078 3304 3318 3360 turbinis
3371 3307 3653 3361 invehitur
3693 3347 3710 3372 ,

2126 3411 2264 3449 vana
2309 3398 2493 3465 specie
2527 3397 2874 3451 mendacium
2912 3406 3043 3451 tunc
3104 3398 3386 3468 signorum
3447 3401 3499 3453 in
3557 3417 3709 3470 spem

452 3491 655 3558 φθάσας
714 3465 1046 3562 ἐδήλωσεν.-
1082 3489 1141 3543 Ὀ
1199 3465 1394 3559 μέντοι
1434 3488 1713 3558 βασιλεὺς,
1763 3487 1833 3542 τὰ
1893 3487 2005 3542 ἴδια

2127 3488 2331 3544 irritam
2369 3490 2678 3559 opimorum
2719 3492 3028 3559 spoliorum
3079 3492 3278 3545 elatus.
3334 3491 3605 3556 Romani,
3653 3503 3714 3548 ut

453 3582 696 3650 τάγματα
728 3582 822 3635 ἐπὶ
855 3581 987 3635 πολὺ
1016 3581 1292 3652 φεύγοντα
1319 3579 1462 3651 ὁρῶν
1493 3581 1590 3633 καὶ
1618 3582 1712 3633 τὸν
1741 3579 2020 3650 Βαῖμοῢν-

2134 3581 2493 3637 constitutum
2526 3589 2670 3645 erat,
2715 3591 2866 3652 terga
2920 3581 3106 3637 statim
3159 3591 3422 3650 vertunt;
3468 3599 3564 3640 eos
3623 3585 3713 3641 ille

1480 3697 1681 3759 Varia)
1711 3697 2023 3760 lectiones
2050 3715 2127 3759 ex
2166 3699 2310 3760 cod.
2358 3697 2634 3760 Coislin.

479 3805 520 3838 ⁸⁸
553 3805 933 3862 Λιϐοτανίνου.
981 3804 1026 3836 ⁸⁸
1046 3804 1338 3860 ἀποσπάδα
1371 3805 1516 3859 τινά.
1577 3805 1892 3860 ⁸³ὲλκύσαι.
1926 3806 1975 3838 ⁸³
1998 3806 2274 3877 φωρᾶσαι.
2338 3805 2384 3840 ⁸⁵
2409 3806 2539 3875 ὅπη.
2609 3804 2656 3835 ³⁵
2678 3803 2955 3860 ἐκέλευσε.
3010 3805 3348 3875 ⁸⁷φάλαγγα.
3380 3806 3426 3839 ⁸⁸
3451 3807 3570 3860 ἐκεῖ
3595 3808 3713 3872 τόν,

1471 3900 1614 3962 Car.
1649 3899 1981 3962 Dufresnii
2012 3903 2110 3964 Du
2159 3900 2385 3980 Cangii
2429 3905 2618 3963 notio.

513 3999 625 4064 (56)
667 3996 976 4065 Βρυένιογ.
1028 3996 1132 4063 Qui
1183 3995 1472 4068 Guillelmo
1516 3999 1675 4068 Apul.
1751 3999 2006 4053 Briemis.

442 4073 629 4127 Genus
663 4069 899 4122 ducebat
931 4068 1042 4132 ille,
1072 4083 1178 4120 non
1211 4082 1274 4120 ex
1340 4067 1542 4121 familia
1567 4067 1835 4123 comitum
1870 4070 2023 4124 Brie-

444 4142 701 4197 neusium
774 4139 828 4190 in
874 4136 1172 4205 Campania
1213 4135 1452 4206 Belgica,
1507 4138 1604 4193 sed
1649 4156 1676 4192 a
1718 4141 2018 4195 comitibus

442 4228 541 4268 seu
583 4209 819 4263 ducibus
851 4206 1149 4261 Britanniae
1174 4208 1506 4272 Armoricae;
1540 4209 1684 4263 unde
1717 4223 1746 4262 a
1792 4209 2020 4265 Francis

443 4291 651 4343 ortum,
682 4287 737 4333 et
761 4278 870 4329 τῶν
897 4277 1195 4345 ἐπιφανῶν,
1225 4278 1327 4332 hoc
1358 4291 1466 4342 est,
1499 4294 1564 4332 ex
1601 4280 2016 4344 illustrioribus,

445 4352 616 4406 fuisse
648 4348 853 4403 dicitur
886 4347 955 4400 ab
985 4349 1162 4399 Anna.
1199 4346 1457 4400 Brieniim
1489 4350 1636 4402 enim
1668 4350 1819 4402 illiilli
1867 4365 2012 4414 esse,

448 4437 545 4478 seu
575 4419 879 4480 Brieniiim,
906 4415 1064 4482 cujus
1095 4418 1302 4470 mentio
1335 4418 1580 4472 occurrit
1633 4417 1776 4487 apud
1808 4417 2018 4472 Willel-

445 4506 596 4544 nium
629 4487 1086 4547 Gemeticensem,
1127 4487 1222 4540 lib.
1261 4503 1355 4548 νιι,
1390 4503 1511 4556 cap.
1545 4489 1644 4554 M;
1683 4488 2013 4542 Orderirum

443 4559 706 4623 Vitalem,
748 4558 844 4610 lib.
893 4571 967 4612 tv.
1019 4556 1086 4608 ad
1137 4572 1226 4609 an.
1274 4557 1434 4622 1068,
1466 4567 1519 4612 et
1563 4557 1831 4612 Thomam
1863 4557 2017 4611 Wal-

446 4631 795 4697 singhamiim
831 4627 1132 4697 probabile
1182 4636 1266 4680 est
1295 4643 1310 4692 ;
1365 4629 1532 4682 lilium
1567 4629 1775 4683 scilicet
1808 4626 2016 4683 Odonis

442 4694 1132 4758 Redoneiisis,Penteiiriie
1158 4698 1397 4759 comitis,
1419 4699 1579 4751 Alani
1606 4699 1694 4764 Ill,
1723 4699 2018 4754 Britanniae

443 4770 600 4824 ducis
656 4775 936 4836 nepotem,
983 4767 1075 4833 qui
1131 4766 1466 4836 Willelinuin
1522 4766 1800 4834 Nothum,
1857 4769 2018 4836 cujus

448 4842 689 4908 Diploma
717 4835 815 4908 pro
847 4835 1180 4908 monasterio
1227 4837 1666 4908 Sandionysiaiio
1715 4835 2016 4894 subscribit

445 4912 584 4978 apud
624 4907 974 4967 Duubletum,
1003 4907 1096 4959 lib.
1143 4921 1223 4971 ιιι,
1251 4922 1372 4975 cap.
1409 4908 1496 4968 12,
1531 4909 1581 4961 iii
1632 4909 1882 4978 Angliam
1933 4925 2015 4963 se—

445 4977 624 5042 cutus,
655 4991 838 5032 rerum
874 4977 1132 5043 praeclare
1162 4985 1440 5045 gestarum
1467 4979 1636 5045 gloria
1669 4977 1780 5033 non
1804 4981 2015 5034 modice

444 5050 724 5119 inclaruit,
752 5046 889 5100 fusis
921 5052 974 5098 ct.
998 5047 1188 5119 deletis
1209 5047 1423 5119 duobus
1448 5047 1667 5119 llaraldi
1695 5051 1838 5119 regis
1865 5051 2014 5104 ﬁliis.

446 5119 502 5171 Ιιι
541 5117 749 5171 Italiam
782 5125 968 5182 postea
1017 5117 1316 5185 profectus,
1355 5117 1722 5172 Guiscardum
1762 5117 1933 5180 'adiit,
1984 5135 2016 5174 a

443 5203 552 5256 quo
590 5186 1012 5248 constabularii,
1050 5202 1170 5256 quia
1209 5194 1321 5240 tum
1354 5203 1610 5255 suprema
1650 5197 1790 5253 erat,
1835 5189 2016 5256 digni-

447 5268 610 5311 tatem
647 5257 906 5316 obtinuit,
939 5263 1082 5323 quod
1114 5257 1203 5310 hic
1223 5258 1443 5328 indicat
1475 5258 1635 5312 Antia
1666 5275 1680 5312 :
1707 5272 1816 5328 qua
1849 5263 2016 5314 etiam

447 5329 793 5398 iungebatur,
827 5340 952 5398 cunt
992 5337 1148 5398 capta
1185 5326 1255 5398 ab
1292 5327 1504 5392 Alexio,
1541 5329 1628 5398 cui
1660 5326 1750 5382 ille
1784 5339 2020 5398 praeerat

444 5393 733 5468 Cas'toriat
759 5398 834 5464 θ),
877 5393 930 5468 in
961 5393 1195 5468 patriam
1228 5397 1331 5450 hoc
1362 5404 1465 5462 est,
1500 5398 1552 5450 iii
1587 5393 1817 5464 ltaliani,
1856 5398 2018 5468 302

447 5467 622 5520 rediit.
653 5465 791 5520 Nam
825 5467 944 5538 sub
979 5464 1216 5538 Rogerio
1260 5468 1420 5531 duce,
1477 5468 1780 5523 Boemundi
1826 5464 2018 5535 fratre:

449 5539 500 5588 in
528 5538 720 5604 Apulia
773 5545 827 5590 et
854 5535 1336 5592 Calabt‘ia’eodem
1373 5538 1616 5592 iunctum
1651 5553 1878 5593 munere
1921 5540 2020 5593 do-

449 5621 571 5660 cent
601 5617 812 5662 veteres
838 5612 1046 5678 cliartie
1070 5622 1338 5678 annorum
1364 5608 1517 5678 71095
1565 5619 1619 5664 et
1662 5608 1822 5678 1097,
1873 5624 2014 5678 quas

447 5679 653 5746 profert
735 5679 789 5730 in
864 5676 1135 5744 episcopis
1216 5677 1623 5749 Melphensibus
1691 5676 2016 5735 Fet-iiandus

504 5772 586 5839 ι’)
610 5773 767 5829 Antia,
793 5785 904 5834 pag.
933 5769 1039 5829 145,
1069 5769 1172 5820 152.

2134 3999 2417 4070 llglielliis.
2457 3998 2612 4055 Unde
2646 4012 2791 4070 patet
2825 4001 3080 4058 Brienum
3113 4015 3216 4057 non
3246 4001 3570 4066 Boemundi,
3614 4005 3711 4059 sed

2132 4069 2515 4142 Bebertiyseu
2551 4069 2731 4141 potius
2767 4075 2976 4142 Apulia:
3012 4074 3485 4128 constabulariiiin
3517 4075 3706 4129 fuisse.

2130 4139 2432 4195 Boemundi
2463 4139 2592 4195 vero
2641 4139 3090 4198 constabularius
3130 4153 3467 4197 memoratur
3513 4146 3710 4200 nobilis

2129 4209 2770 4284 Ijormaiinus,_nomine
2807 4213 3040 4284 llgyrus,
3075 4214 3194 4284 qui
3220 4211 3597 4284 Boemunduin
3653 4217 3707 4268 in

2129 4278 2360 4333 Galliam
2394 4281 2693 4336 comitatus
2727 4278 3050 4337 venii'anno
3094 4278 3263 4343 “06,
3304 4291 3361 4336 iit
3401 4293 3594 4338 auctor
3627 4295 3710 4339 est

2126 4349 2453 4421 Eadmeriis,
2480 4351 2576 4404 lib.
2613 4367 2664 4404 iv
2691 4351 2986 4415 Novarum,
3011 4367 3040 4406 a
3064 4368 3172 4420 quo
3199 4351 3454 4421 Magister
3476 4354 3710 4410 militum
3794 4386 3800 4404 .

2125 4418 2422 4472 Boemundi
2447 4421 2772 4489 appellatur.
2801 4425 2880 4476 Ab
2907 4424 3010 4476 hoc
3037 4418 3239 4476 Brieuo
3289 4418 3556 4474 i‘ainiliaiii
3609 4425 3708 4475 ba-

2128 4505 2321 4542 roniim
2354 4490 2531 4544 Castri
2566 4490 2774 4554 Brieni,
2819 4509 2912 4545 seu
2948 4492 3012 4546 de
3053 4491 3446 4546 Cliateaubrieii
3497 4492 3549 4544 in
3583 4492 3705 4545 Bri-

2127 4559 2316 4629 t_annia
2358 4561 2676 4627 .Armorica,
2732 4561 2946 4615 orditur
2996 4563 3338 4629 Augustinus
3369 4563 3440 4613 du
3490 4559 3600 4614 Pas
3647 4563 3703 4616 iii

2127 4627 2332 4684 Famil.
2360 4631 2624 4684 Armoric.
2659 4631 2791 4687 Vide
2821 4631 2981 4701 Gesta
3011 4627 3194 4700 Steph.
3223 4647 3332 4700 reg.
3360 4632 3516 4701 Aiigl.
3550 4633 3646 4686 lib.
3689 4649 3706 4687 ι

2125 4710 2178 4770 et
2213 4715 2290 4762 it;
2326 4714 2379 4755 et
2405 4701 2794 4770 Argentreum,
2829 4702 2882 4756 in
2911 4700 3058 4755 llist.
3086 4702 3223 4757 Brit.
3257 4703 3350 4756 lib.
3377 4700 3457 4765 iv,
3475 4717 3594 4770 cap.
3616 4701 3706 4756 40.

2124 4768 2392 4843 {Steterunt
2415 4768 2662 4840 praelium
2691 4773 2833 4826 istud
2860 4773 2928 4826 ad
2956 4770 3238 4828 Larissam
3265 4774 3346 4828 sic
3373 4768 3706 4843 perstringit

2124 4838 2452 4896 (Ξυὶίιθιιιιιιδ
2491 4843 2806 4910 Apuliensis
2836 4854 2852 4901 ἓ

2041 4921 2096 4980 D
2197 4951 2484 5007 Obsidione
2515 4970 2625 5008 siue
2665 4959 2910 5008 turbatus
2942 4954 3159 5008 Alexius
3189 4955 3336 5008 urbis

2200 5021 2488 5096 innumera
2521 5040 2639 5078 cum
2676 5035 2825 5096 gente
2858 5028 3018 5088 venit,
3059 5041 3393 5095 pugnumque
3424 5025 3632 5080 virilem

2198 5092 2400 5148 Contra
2433 5092 2776 5166 .Nornian'nos
2804 5092 3065 5148 exercuit.
3098 5092 3268 5150 Obvia
3302 5092 3532 5166 iramque

2197 5165 2494 5235 fugitando
2529 5164 2683 5218 euadit
2711 5167 2810 5218 sibi
2843 5182 2966 5235 gens
2994 5168 3255 5219 comitata
3292 5164 3569 5231 Brieiium,

2198 5232 2326 5306 1_Von
2349 5236 2612 5306 medicum
2634 5232 2876 5303 spectans
2895 5236 3178 5289 Boamund
3187 5254 3247 5290 us
3259 5238 3482 5290 collibus
3495 5251 3703 5306 agmen,

2194 5303 2418 5370 Imperii
2450 5307 2655 5372 pariter
2690 5316 2950 5360 rectorem
2981 5307 3149 5359 credit
3187 5308 3391 5360 adesse.

2202 5373 2396 5438 li'rui't,
2426 5385 2474 5427 et
2508 5377 2742 5442 trepidos
2773 5378 2976 5440 hostes,
3001 5386 3058 5430 ut
3092 5378 3240 5430 nisus
3275 5376 3530 5436 alaudas,

2197 5444 2527 5514 Insequitur,
2550 5448 2746 5513 populo
2779 5444 3084 5500 ercoriim
3109 5451 3372 5499 exercitus
3405 5444 3565 5511 Imjus

2195 5514 2363 5584 Terga
2389 5515 2482 5567 dat
2505 5531 2523 5568 :
2557 5526 2611 5568 at
2649 5526 2830 5570 tantus
2863 5516 3094 5570 contexit
3126 5517 3296 5584 pulvis
3325 5524 3628 5579 utrumque,

2202 5584 2269 5655 Ut
2304 5595 2487 5638 neuter
2515 5587 2710 5649 videat,
2752 5603 3007 5655 quorsum
3045 5601 3183 5655 pars
3205 5584 3376 5637 altera
3410 5585 3600 5636 tendit.

2197 5654 2399 5710 Abdita
2425 5657 2680 5711 silvarum
2724 5654 2847 5711 vieii
2869 5659 3063 5726 petiere
3086 5654 3324 5722 Pelasgi.
