4110 6408
456 325 562 390 (23

1757 323 1987 387 ANN/E
2026 321 2411 387 COMNENIE

3622 315 3733 381 ωε

455 445 602 508 bria,
633 439 1011 497 comedentem
1049 455 1205 507 uvas,
1239 439 1517 512 simulque
1549 438 1878 495 insolentius
1917 440 2038 508 glo-

2144 436 2237 489 τδν
2265 434 2418 489 δόλον
2448 432 2547 488 καὶ
2581 432 2684 508 τήν
2702 433 2771 489 δι’
2805 437 3024 509 ἀπάτης
3054 433 3211 506 νίκην
3246 430 3342 487 τοῦ
3388 432 3732 505 αὐτοκρατοο

456 536 717 601 riantem,
752 535 938 590 verbis
978 534 1107 600 illis,
1139 550 1264 605 quae
1299 534 1497 596 deinde
1529 533 1584 588 in
1627 533 1905 604 vulgarem
1943 533 2040 587 ab-

456 632 641 687 ierunt
673 630 837 685 irrisa
865 629 1219 685 cantilenam.
1272 627 1575 697 Repetebat
1622 627 1768 680 enim
1799 625 2000 694 swpius
2024 663 2042 691 ,

458 723 737 778 notionem
767 722 1012 777 nominis
1043 719 1376 792 Lycostomii
1405 718 1658 774 alludens
1687 759 1702 784 ,
1741 717 2044 773 festivitate

457 830 650 884 parum
676 815 901 870 decente
926 815 1218 868 barbarum
1248 827 1312 867 os
1336 852 1350 876 ,
1378 826 1491 865 sese
1535 810 1782 865 Mettium
1830 812 1887 865 in
1932 810 2046 878 lupi

456 907 639 973 fauces
676 906 981 976 conjecisse.
1009 906 1085 959 Eu
1120 911 1181 958 ut
1206 917 1350 959 caeca
1379 903 1633 972 superbia
1654 911 1777 969 εει,
1806 902 2039 957 abscon-

461 1000 599 1054 dens
630 1001 819 1052 multis
845 998 1094 1067 quamvis
1121 996 1325 1065 alioqui
1353 996 1592 1058 callidis,
1624 1010 1746 1064 quae
1774 1010 1882 1063 prae
1915 1009 2043 1050 ocu-

459 1083 531 1140 lis
563 1092 617 1138 et
647 1096 775 1139 ante
801 1085 969 1154 pedes
995 1084 1235 1138 habent!
1271 1084 1489 1140 Auditis
1545 1099 1676 1139 vero
1705 1083 2044 1139 Baiutundus

457 1175 673 1230 nuntiis
733 1174 1266 1244 Brycnii,doloque
1308 1176 1625 1243 intellecto,
1682 1189 1749 1230 ac
1812 1172 2043 1229 victoria

460 1265 812 1337 imperatoris
849 1266 1044 1322 fraude
1064 1277 1245 1338 parta,
1279 1278 1592 1324 commotus
1616 1278 1701 1323 est
1732 1268 1956 1338 quidem
1987 1274 2047 1321 ut

455 1374 556 1430 par
583 1371 739 1419 erat:
774 1370 952 1417 tamen
984 1364 1168 1415 animo
1201 1376 1311 1415 non
1348 1361 1627 1427 concidit,
1655 1370 1766 1416 tam
1800 1361 1926 1415 forti
1963 1368 2048 1413 at-

456 1466 566 1520 que
596 1452 664 1505 ad
695 1436 1028 1523 sperandum
1070 1452 1336 1522 pertinaci
1386 1453 1467 1507 vir
1497 1452 1590 1507 hic
1644 1461 1764 1507 erat
1812 1450 2040 1506 indole!

455 1541 674 1611 Raptim
715 1558 848 1614 ergo
877 1544 1037 1599 electi
1074 1544 1142 1599 ab
1170 1559 1235 1599 eo
1262 1545 1602 1614 cataphracti
1640 1543 1861 1615 quidam
1888 1541 2043 1598 ’Galli

2149 545 2264 599 ρος,
2302 527 2502 597 ἤχθετο
2525 526 2626 597 μὲν
2654 526 2730 592 ὡς
2760 529 2930 595 είκδς,
2959 529 3269 583 κατέπιπτε
3298 525 3358 579 δὲ
3387 525 3642 596 οὐδαμῶς
3674 528 3736 580 6-

2148 624 2303 684 ποῖος
2367 622 2598 683 ἐκεῖνος.
2670 621 3098 692 Ἀποκριθέντες
3154 619 3250 674 οῦν
3311 635 3459 682 τινες
3496 618 3606 672 τῶν
3637 616 3732 671 ὑπ’

2147 712 2299 783 αὐτῷ
2324 712 2371 745 ⁸⁸
2402 712 2783 783 κατάφρακτοι
2807 713 3007 766 Κελτοὶ
3035 710 3268 783 ἀνῆλθον
3297 712 3380 774 εἰς
3417 709 3733 781 ἀκρώρειάν

2148 822 2273 859 τινα
2306 804 2598 858 κατέναντι
2625 805 2723 875 τῆς
2756 805 3042 875 Λαρίσσης
3068 804 3450 873 διακειμένην.
3489 801 3735 864 Τούτους

2148 896 2211 950 τὸ
2242 895 2524 950 ὁπλιτικὸν
2556 895 2912 965 θεασάμενοι,
2936 896 3033 961 ξὺν
3056 896 3228 968 πολλῇ
3272 893 3554 965 προθυμίᾳ
3585 893 3739 946 ὲϐία-

2147 989 2241 1055 ζον
2261 988 2591 1055 προσϐαλεῖν
2611 987 2656 1021 ⁵³
2677 989 2885 1052 αὐτοῖς·
2915 987 2943 1040 6
2964 987 3022 1040 δὲ
3055 988 3418 1058 αὐτοκράτωρ
3444 987 3679 1055 ἀπεῖργε
3709 985 3729 1016 ί

2144 1081 2371 1144 τούτους
2396 1079 2492 1133 τοῦ
2521 1082 2944 1152 ἐγχειρήματος.
2983 1079 3078 1132 Ἐκ
3124 1079 3403 1148 διαφόρων
3427 1077 3485 1130 δὲ
3539 1075 3731 1129 πολλοὶ

2149 1173 2244 1226 καὶ
2298 1173 2555 1245 διάφοροι
2608 1174 2982 1246 ξυμμιγέντες
3028 1173 3353 1243 ταγμάτων,
3408 1170 3735 1233 ἀνελθόντες

2148 1265 2495 1335 προσέϐαλον
2559 1271 2675 1331 τοῖς
2722 1267 2978 1331 Κελτοῖςο
3024 1269 3072 1321 οἱ
3118 1266 3176 1319 δὲ
3208 1263 3551 1336 παραχρῆμα
3611 1264 3734 1316 κατ’

2148 1358 2331 1412 αὐτῶν
2351 1359 2679 1431 ὡρμηκότες
2707 1361 3024 1431 ἀναιροῦσιν
3049 1359 3178 1430 ἄχρι
3198 1358 3308 1413 τῶν
3328 1357 3730 1411 πεντακοσίων.

2149 1444 2286 1504 Εἶτα
2311 1452 2405 1504 τοῦ
2432 1453 2702 1523 βασιλέως
2744 1453 3159 1523 στοχασαμένου
3188 1450 3282 1504 τοῦ
3312 1451 3481 1504 τόπου
3506 1447 3572 1500 δι’
3611 1444 3672 1500 οῦ
3702 1448 3734 1501 6

2147 1545 2493 1621 Βαῖμοῦντος
2570 1546 2766 1617 ἔμελλε
2831 1546 3084 1611 διελθεῖν,
3148 1546 3245 1601 καὶ
3306 1544 3733 1601 ἀποστείλαντος

454 1636 839 1691 conscendunt
891 1637 1160 1690 tumulum
1211 1651 1242 1691 e
1290 1637 1514 1707 regione
1563 1635 1798 1691 Larissa:
1849 1634 2038 1690 situm.

2147 1637 2437 1705 γενναίους
2486 1639 2832 1708 στρατιώτας
2889 1638 3032 1709 μετὰ
3079 1640 3099 1670 ²
3149 1637 3432 1709 Τούρκων,
3486 1634 3584 1688 καὶ
3634 1631 3731 1686 τοῦ

450 1727 562 1783 Εοε
586 1729 658 1781 ibi
694 1728 860 1784 simul
901 1727 1185 1784 Romanus
1233 1730 1515 1784 exercitus
1558 1727 1729 1791 vidit,
1778 1726 2038 1782 concordi

2148 1731 2456 1802 Μιγιδηνοῦ
2515 1731 2980 1803 προεξάρχοντος,
3044 1730 3166 1801 ἅμα
3204 1730 3282 1800 τῷ
3317 1728 3550 1799 πλησίον
3579 1726 3736 1793 γενέ-

453 1834 647 1876 Omnes
676 1822 963 1876 alacritate
1020 1821 1317 1891 poscebant
1348 1823 1404 1876 in
1448 1823 1597 1891 ipsos
1638 1820 1788 1875 duci.
1841 1817 2038 1874 Verum

2151 1794 2297 1886 σθαι,
2343 1794 2510 1887 εὐθὺς
2634 1794 2998 1893 Βαῖμοῦντος,
3055 1794 3307 1893 ὁρμήσας
3365 1794 3487 1873 κατ’
3529 1817 3732 1885 αὐτῶν,

453 1910 510 1965 id
547 1913 846 1981 imperator
874 1912 993 1969 ﬁeri
1024 1912 1217 1969 vetuit.
1257 1913 1458 1968 Delecti
1492 1920 1705 1967 tantum
1751 1926 1819 1967 ex
1873 1911 2038 1966 variis

2150 1912 2358 1984 ἥττησε
2389 1916 2619 1979 τούτους
2669 1917 2833 1987 μέχρι
2862 1913 2957 1968 τοῦ
2987 1912 3235 1983 ποταμοῦ
3274 1912 3493 1976 διώξας.

451 2005 768 2064 cohortibus
800 2007 937 2060 varii
965 2007 1160 2062 idoneo
1190 2022 1421 2063 numero
1438 2008 1708 2062 adversus
1774 2021 1871 2062 eos
1928 2005 2104 2068 missi,
2144 2006 2197 2059 in
2230 2023 2371 2077 quos
2397 2020 2617 2079 repente
2652 2019 2809 2066 tanto
2840 2011 3045 2080 impetu
3085 2009 3284 2065 invecti
3328 2006 3509 2062 Latini
3547 2015 3678 2062 sunt
3711 2035 3728 2059 ν

456 2109 605 2154 utex
636 2099 705 2153 iis
737 2099 805 2154 ad
835 2098 1167 2170 quingentos
1199 2100 1526 2156 occiderint.
1559 2098 1698 2154 Tum
1726 2099 2028 2168 imperator
2068 2099 2254 2153 animo
2299 2102 2592 2170 providens
2631 2103 2814 2158 locum
2892 2116 3000 2172 qua
3058 2103 3394 2161 transiturus
3469 2098 3734 2154 Baimun-

451 2190 558 2245 dus
579 2189 888 2257 videbatur,
909 2190 1057 2244 misit
1077 2190 1168 2260 qui
1195 2203 1322 2244 eum
1395 2196 1850 2261 praeoccuparem
1910 2188 2113 2244 milites
2152 2189 2488 2250 fortissimos
2532 2209 2659 2250 cum
2701 2194 2933 2260 Turcis,
2987 2195 3127 2250 duce
3185 2194 3444 2250 omnibus
3473 2191 3735 2264 praefecto

450 2283 743 2354 Migideno,
772 2298 912 2354 quos
939 2293 997 2339 ut
1028 2300 1203 2356 prope
1230 2284 1457 2341 fuerunt
1493 2284 1835 2347 Baimundns
1855 2289 2034 2361 primo
2073 2289 2278 2362 impetu
2315 2290 2625 2362 percellens
2655 2289 2806 2355 vicit,
2841 2290 3002 2357 fudit,
3033 2290 3264 2362 fugavit,
3333 2296 3391 2344 et
3463 2301 3638 2358 usque
3657 2285 3731 2340 ad

448 2378 674 2435 ﬂuvium
709 2379 987 2434 insecutus
1024 2387 1130 2434 est.

525 2470 798 2526 Postridie
829 2469 1009 2540 prima
1049 2470 1172 2526 luce
1217 2469 1446 2527 ﬂuvium
1491 2470 1633 2527 idem
1674 2488 1802 2529 cum
1851 2474 2029 2531 comi-

453 2562 601 2619 tibus
623 2572 679 2619 et
700 2564 817 2633 ipso
842 2562 1078 2634 Bryenio
1108 2577 1513 2635 transgressus,
1537 2580 1662 2620 cum
1685 2565 2041 2622 observasset

453 2654 763 2727 palustrem
794 2654 1089 2724 quemdam
1116 2654 1297 2711 locum
1350 2670 1522 2727 prope
1552 2654 1856 2724 Larissam,
1893 2657 2043 2713 inter

450 2747 595 2802 duos
624 2746 799 2802 colles
832 2740 1135 2817 iacentem,
1174 2747 1240 2802 ad
1277 2762 1405 2803 eum
1443 2756 1594 2803 recta
1643 2750 1895 2816 tetendit,
1933 2750 2041 2805 iter

454 2838 665 2893 faciens
711 2853 810 2908 per
872 2852 1223 2892 nemorosam
1294 2838 1578 2909 planitiem
1641 2838 1699 2895 in
1746 2841 2035 2908 angustias

450 2932 610 2987 valde
658 2941 843 2987 aretas
885 2930 1252 2986 desinentem.
1310 2933 1560 3000 Clisurae,
1600 2934 1716 2989 sive
1767 2933 2033 2999 claustra,

451 3025 560 3081 dici
594 3024 777 3081 solent
805 3022 857 3079 id
892 3038 1068 3096 genus
1097 3025 1244 3080 loca.
1271 3024 1399 3080 Haec
1425 3035 1610 3080 autem
1644 3025 1874 3095 proprio
1928 3038 2033 3078 no-

452 3117 600 3171 mine
629 3115 912 3171 Domenici
949 3116 1215 3187 palatiqu
1264 3117 1594 3172 vocabatur.
1631 3116 1733 3173 Per
1779 3132 1901 3174 eam
1949 3118 2035 3174 in—

451 3223 679 3279 gressus
710 3206 1054 3264 Baimundus
1104 3206 1312 3262 vallum
1352 3206 1475 3263 illic
1522 3206 1643 3262 ﬁxit
1690 3209 2039 3280 munivitque

453 3310 661 3356 castra.
696 3299 834 3355 Eum
862 3299 939 3355 ibi
974 3309 1200 3370 postera
1240 3299 1331 3355 die
1363 3300 1467 3356 sub
1494 3301 1803 3356 diluculum
1836 3316 2039 3373 aggre-

451 3397 605 3450 ditur
633 3410 759 3450 cum
781 3395 1030 3450 exercitu
1057 3395 1323 3450 universo
1344 3393 1454 3449 dux
1481 3394 1775 3466 phalangis
1802 3393 2040 3452 Michael

386 3518 387 3525 ι
450 3487 657 3551 Ducas,
688 3487 998 3543 avunculus
1036 3502 1213 3552 meus,
1242 3486 1327 3540 vir
1358 3487 1664 3556 prudentia:
1707 3472 1869 3543 laude
1894 3488 2040 3544 cele-

450 3582 752 3649 berrimus,
802 3580 982 3636 forma
1042 3596 1174 3636 vero
1235 3591 1293 3636 et
1352 3580 1738 3652 magnitudine
1785 3584 2039 3653 corporis

450 3676 726 3731 excellens
748 3673 905 3745 142
927 3688 1032 3728 non
1055 3688 1218 3743 supra
1238 3689 1429 3730 omnes
1445 3673 1606 3729 modo
1619 3675 1711 3745 qui
1728 3681 1841 3730 tum
1859 3685 2038 3741 erant,

455 3767 551 3821 sed
580 3774 635 3821 et
664 3767 758 3835 qui
816 3780 1062 3836 unquam
1111 3764 1366 3827 fuerant;
1423 3766 1692 3822 miraculo
1733 3768 1882 3822 enim
1920 3775 2040 3823 erat

450 3854 1055 3927 iutuentibusJamqui
1083 3856 1328 3912 futurum
1354 3858 1671 3927 provideret
1699 3861 2036 3927 certissimo,

452 3949 545 4019 qui
575 3949 719 4019 quod
750 3948 994 4003 instabat
1020 3948 1497 4002 animadverteret
1544 3950 2040 4022 introspiceretque

451 4043 643 4097 statim
688 4041 939 4110 penitus,
982 4041 1100 4109 qui,
1134 4039 1268 4109 quid
1322 4055 1484 4111 opus,
1518 4043 1842 4097 consuleret
1892 4043 2038 4098 idem

450 4133 679 4203 Optime,
712 4131 1162 4201 dexterrimeque
1192 4141 1616 4201 exsequeretur,
1639 4149 1785 4190 unus
1809 4135 1857 4189 is
1881 4144 2033 4200 erat;

449 4224 727 4277 neminem
773 4221 825 4274 in
878 4220 966 4297 bis
1021 4219 1273 4290 partibus
1315 4220 1528 4277 habens
1584 4224 2040 4294 comparabilem.

451 4314 539 4370 llli
575 4320 912 4384 praeceperat
965 4314 1269 4383 imperator
1291 4327 1361 4369 ne
1400 4328 1596 4369 omnes
1631 4329 1765 4371 suos
1800 4317 1855 4369 in
1884 4316 2039 4370 clau-

450 4408 551 4462 stri
582 4408 772 4462 fauces
805 4406 1219 4472 introduceret,
1255 4405 1351 4460 sed
1376 4407 1617 4478 legiones
1642 4408 1862 4477 quidem
1887 4416 2037 4463 stare

2215 2477 2295 2548 Τῇ
2337 2474 2395 2530 δὲ
2437 2475 2557 2547 μετ’
2597 2474 2774 2546 αὐτὴν
2822 2473 3182 2546 αὐγαζούσης
3221 2473 3324 2544 ήδη
3352 2470 3452 2543 τῆς
3483 2468 3724 2541 ἡμέρας,

2140 2563 2523 2637 παραδραμὼν
2563 2563 2657 2617 τὸν
2696 2565 2799 2635 ήδη
2842 2563 3081 2635 ρηθέντα
3130 2563 3378 2632 ποταμὸν
3426 2560 3593 2631 μειτάΓι
3619 2559 3732 2614 τῶν
3832 2600 3847 2605 η

2140 2653 2607 2725 συνεφεπομένων
2651 2654 2802 2725 αύτῷ
2841 2656 3122 2725 κομήτων,
3172 2652 3269 2705 καὶ
3307 2650 3477 2705 αὐτοῦ
3516 2648 3727 2731 δὴδτοῦ

2139 2749 2428 2822 Βρυενίου,
2458 2748 2585 2802 ἐπεὶ
2647 2749 2821 2820 ἑλώδη
2861 2750 3027 2802 τόπον
3062 2748 3119 2800 ἐν
3155 2749 3270 2809 τοῖς
3313 2746 3413 2816 τῆς
3441 2744 3733 2816 Λαρίσσης

2145 2842 2378 2915 μέρεσιν
2422 2842 2693 2896 ἐθεάσατο
2725 2841 3044 2911 ἀναμεταξὺ
3082 2839 3176 2894 δύο
3213 2839 3444 2911 βουνῶν,
3498 2837 3731 2892 πεδιάδα

2142 2935 2356 3006 ἀλσώδη
2382 2933 2561 3005 εὑρὼν
2579 2934 3035 2989 ἀποτελευτῶσαν
3061 2936 3143 2998 είς
3171 2933 3445 2988 στενωπὸν
3475 2933 3495 2962 ³
3523 2931 3732 3002 (κλεισ-

2141 3027 2313 3097 ούραν
2352 3026 2511 3081 τοῦτο
2537 3027 2559 3058 ⁸
2597 3026 2882 3097 καλοῦσιν)
2905 3027 3006 3097 τὴν
3042 3025 3347 3097 λεγομένην
3377 3023 3671 3096 Δομενίκου
3705 3022 3730 3059 ⁸

2144 3121 2429 3184 παλάτιον,
2482 3121 2572 3176 διὰ
2646 3121 2836 3175 τούτου
2883 3119 3165 3185 εἰσελθὼν,
3207 3121 3327 3174 ἐκεῖ
3373 3119 3465 3172 τὸν
3510 3117 3728 3190 χάρακα

2143 3211 2408 3283 ἐπήξατο.
2445 3210 2611 3282 Τῇδὲ
2663 3212 2783 3282 μετ’
2815 3210 2989 3282 αὐτὴν
3049 3211 3195 3265 κατὰ
3248 3209 3311 3263 τὸ
3369 3208 3721 3279 περίορθρον,

2142 3303 2557 3376 καταλαμϐάνει
2596 3304 2762 3359 αὐτὸν
2791 3304 2821 3357 6
2850 3302 3251 3375 φαλαγγάρχης
3280 3300 3502 3372 Μιχαὴλ
3538 3302 3566 3353 6
3592 3298 3725 3353 Δοῦ-

2144 3416 2270 3464 κας.
2293 3400 2322 3452 δ
2349 3399 2490 3471 πρὸς
2528 3400 2737 3471 μητρὸς
2760 3400 2779 3431 ⁸
2807 3398 2940 3469 ἐμὸς
2972 3399 3116 3462 θεῖος
3145 3398 3290 3468 μετὰ
3316 3394 3410 3449 τοῦ
3436 3391 3717 3449 ὁπλιτικοῦ

2144 3492 2367 3558 παντὸς,
2397 3490 2538 3563 ἀνὴρ
2558 3493 2579 3524 ⁷
2611 3472 2709 3545 ἐπὶ
2753 3491 3017 3563 φρονήσει
3038 3488 3486 3559 διαϐεϐοημένος,
3518 3486 3641 3558 ὥρα
3668 3484 3729 3540 δὲ

2143 3585 2239 3638 καὶ
2261 3582 2486 3654 μεγέθει
2517 3583 2773 3656 σώματος
2801 3584 3102 3655 διαφέρων,
3124 3583 3187 3637 οὐ
3214 3582 3322 3636 τῶν
3349 3583 3473 3636 τότε
3505 3578 3727 3651 καιροῦ,

2141 3675 2282 3729 ἀλλὰ
2331 3675 2427 3731 καὶ
2479 3675 2590 3728 τῶν
2645 3676 2865 3731 πώποτε
2913 3675 3299 3746 γεγενημένων
3332 3673 3561 3743 (θάμϐος
3614 3671 3727 3742 γὰρ

2142 3764 2291 3840 εἶχεν
2328 3770 2580 3832 ἅπαντας
2599 3769 2726 3832 τοὺς
2758 3767 3002 3838 ὁρῶντας
3029 3768 3121 3820 τὸν
3148 3766 3367 3835 ἄνδρα),
3407 3764 3641 3817 συνιδεῖν
3665 3762 3728 3817 δὲ

2141 3860 2202 3915 τὺ
2231 3860 2425 3930 μέλλον
2455 3862 2550 3914 καὶ
2576 3860 2833 3930 φωράσαι
2858 3858 2920 3912 τὸ
2947 3856 3189 3921 ὲνεστὸς,
3222 3857 3320 3912 καὶ
3363 3853 3731 3925 καταπράξα-

2144 3955 2270 4007 σθαι
2305 3953 2327 3985 ⁸
2361 3951 2671 4015 δεινότατός
2726 3968 2787 4005 τε
2830 3952 2926 4004 καὶ
2982 3949 3388 4021 ἀπαράμιλλος.
3454 3947 3642 4019 Τούτῳ
3697 3949 3727 4001 6

2142 4044 2510 4116 αὐτοκράτωρ
2540 4043 2857 4116 ἐπέσκηψεν
2894 4043 2971 4114 μὴ
3008 4043 3222 4106 πάντας
3255 4041 3410 4106 ἐντὸς
3464 4040 3561 4094 τοῦ
3609 4056 3731 4094 στο-

2143 4137 2269 4208 μίου
2290 4137 2392 4204 τῆς
2445 4133 2769 4206 κλεισούρας
2805 4133 3093 4199 εἰσελθεῖν,
3120 4131 3380 4195 ἀλλὰῆτὰς
3415 4130 3520 4201 μὲν
3550 4130 3721 4184 δυνά-

2145 4246 2268 4300 μεις
2299 4227 2502 4295 ἔξωθεν
2556 4226 2814 4281 ἵστασθαι
2873 4220 3093 4294 ἰλαδὸν,⁴
3125 4223 3346 4293 ὀλίγους
3389 4224 3447 4278 δὲ
3480 4223 3677 4277 διελεῖν
3703 4225 3726 4257 ⁹

2143 4322 2415 4397 Τούρκων
2445 4320 2542 4375 καὶ
2600 4319 2975 4392 Σαυρομάτων
3004 4321 3107 4388 τῆς
3143 4317 3358 4383 τοξείας
3409 4318 3724 4389 είδήμονας,

2141 4411 2237 4466 καὶ
2264 4413 2306 4444 ¹⁰
2338 4410 2548 4474 τούτοις
2575 4409 2984 4482 παραχωρῆσαι
3011 4411 3110 4479 τῆς
3137 4410 3371 4473 εἰσόδου,
3418 4406 3727 4477 ἐπισκῆψαι

447 4501 672 4569 juberet
721 4504 902 4564 extra,
953 4498 1224 4552 continua
1272 4498 1417 4553 serie
1464 4498 1770 4568 depositas.
1826 4497 2038 4557 Paucos

2143 4504 2200 4557 δὲ
2231 4502 2444 4565 τούτοις
2479 4502 2675 4573 μηδενὶ
2709 4504 2886 4573 ἑτέρῳ
2919 4501 3063 4572 ξίφει
3101 4500 3242 4572 πλὴν
3284 4502 3486 4564 ὀϊστοῖς
3514 4502 3729 4572 χρήσα-

450 4600 667 4644 tantum
704 4605 735 4645 e
768 4589 965 4643 Turcis
1023 4587 1142 4644 fere
1199 4603 1266 4644 ac
1324 4587 1599 4646 Sarmatis
1649 4591 1889 4648 delectos
1938 4594 2031 4663 qui

452 4681 749 4752 sagittandi
787 4690 907 4734 arte
941 4690 1290 4749 praestarent,
1324 4690 1617 4751 penetrare
1657 4681 1800 4736 intra
1844 4681 2032 4740 fauces

449 4789 734 4847 pateretur
769 4797 784 4832 :
824 4777 1028 4846 hisque
1057 4778 1194 4846 ipsis
1217 4778 1495 4842 ediceret,
1529 4793 1598 4832 ne
1634 4762 1742 4834 alio
1775 4780 1888 4834 ullo
1934 4796 2030 4851 εοε-

454 4886 588 4924 nere
640 4885 921 4924 armorum
985 4885 1155 4938 quam
1216 4870 1343 4925 telis
1368 4871 1561 4940 procul
1621 4886 1687 4926 ac
1728 4873 2033 4929 missilibus

457 4975 770 5018 uterentur.
826 4962 1031 5019 Verum
1091 4964 1146 5017 bi
1204 4978 1331 5018 cum
1392 4964 1627 5034 ingressi
1682 4968 2042 5024 excursiones

454 5068 751 5124 equestres
803 5054 861 5110 iu
910 5054 1139 5111 Latinos
1176 5054 1447 5121 facerent,
1493 5058 1587 5125 qui
1636 5058 1774 5113 loris
1820 5061 2045 5115 stabant

463 5162 657 5217 magna
724 5149 1005 5220 pugnandi
1073 5147 1304 5203 libidine
1363 5151 1625 5219 prmeepti
1679 5153 2039 5206 reverentiam

460 5243 741 5303 vincente,
781 5256 880 5311 pro
914 5255 974 5295 se
1030 5241 1359 5310 quisque'in
1409 5243 1613 5295 saltum
1645 5241 1882 5312 ingredi,
1937 5259 2038 5300 nec

454 5336 575 5389 sine
611 5342 804 5387 mutuo
852 5331 1217 5402 praevertcndi
1252 5332 1460 5396 studio,
1511 5347 1825 5404 coeperunt.
1874 5334 2037 5391 Vide-

454 5427 660 5483 bantur
706 5428 775 5482 ad
835 5426 1176 5496 exploratam
1237 5425 1523 5480 victoriam
1579 5427 1825 5492 tendere,
1886 5429 2031 5499 quod

2108 4595 2293 4673 ⁸σθαι.
2343 4593 2714 4646 Εἱσελθόντων
2762 4592 2820 4644 δὲ
2879 4592 2975 4645 καὶ
3043 4590 3315 4655 ἱππασίας
3380 4593 3728 4660 ποιουμένων

2142 4684 2284 4738 κατὰ
2355 4683 2462 4736 τῶν
2516 4682 2786 4746 Λατίνων,
2844 4683 2895 4735 οἱ
2943 4682 3144 4748 ἔξωθεν
3224 4683 3528 4753 ἱστάμενοι,
3586 4686 3727 4756 πρὸς

2141 4777 2413 4848 ἀλλήλους
2448 4774 2841 4855 σφαδάζοντες,
2879 4776 3070 4847 ἤριζον
3101 4779 3284 4840 ὁποῖος
3313 4778 3380 4831 ἂν
3413 4777 3476 4830 τὸ
3502 4781 3727 4849 στόμιον

2145 4869 2403 4924 εἰσέλθοι.
2444 4870 2502 4922 Ὀ
2529 4869 2635 4941 γὰρ
2670 4868 3033 4938 Βαῖμοῦντος,
3073 4868 3286 4941 πλήρης
3313 4868 3391 4922 ὢν
3437 4870 3729 4943 βασιλικῆς

2151 4961 2191 4992 ¹¹
2224 4961 2562 5031 ἐπιστήμης,
2597 4959 2726 5022 τοὺς
2753 4959 2847 5013 ὑπ’
2874 4960 3039 5014 αὑτὸν
3072 4961 3292 5016 ἐκέλευε
3323 4964 3728 5032 συνησπικότας

2148 5054 2425 5119 ἵστασθαι,
2458 5053 2556 5106 καὶ
2570 5054 2694 5116 ταῖς
2719 5052 2946 5108 ἀσπίσιν
2967 5054 3199 5118 ἑαυτοὺς
3223 5055 3723 5127 περιφράττοντας,

2146 5147 2429 5217 ἀτρεμεῖν.
2483 5143 2546 5197 Ὀ
2573 5145 2631 5197 δέ
2666 5161 2731 5213 γε
2757 5147 3209 5217 πρωτοστράτωρ
3231 5145 3728 5215 θεασάμενος.τοὺς

2145 5240 2239 5293 ὑπ’
2273 5237 2438 5292 αὐτὸν
2468 5240 2609 5292 κατὰ
2637 5238 2838 5308 μικρὸν
2860 5238 3157 5310 ὲκρέοντας
3178 5241 3274 5293 καὶ
3299 5240 3728 5312 εἰσερχομένους

2141 5334 2229 5388 διὰ
2265 5331 2361 5385 τοῦ
2392 5332 2643 5398 στομίου,
2669 5331 2893 5400 εἰσῆλθε
2923 5332 3018 5385 καὶ
3051 5333 3233 5393 αὐτός.
3272 5331 3330 5386 Ὀ
3364 5333 3420 5387 δὲ
3448 5332 3728 5402 Βαῖμοῦν-

2143 5443 2235 5489 τος
2273 5424 2503 5488 τούτους
2548 5423 2909 5496 θεασάμενος,
2945 5423 3150 5495 ὥσπερ
3188 5424 3348 5481 λέων
3395 5426 3582 5497 ἐχάρη
3619 5444 3727 5498 με·

1519 5560 1721 5623 Yarim
1751 5563 2064 5626 lectiones
2109 5582 2186 5627 ex
2225 5564 2359 5627 cod.
2397 5565 2666 5628 Coislin.

535 5710 583 5787 ξθ
610 5711 795 5787 αὐτόν.
820 5784 829 5787 _
864 5714 911 5747 9’
937 5714 1259 5787 ξυμϐαλεῖν.
1336 5715 1359 5787 Ἀ
1381 5715 1625 5787 ῥπῆγε.-
1662 5710 2001 5787 ’-μετᾲικαμ

461 5780 610 5851 τρός.
689 5782 708 5813 ”¹
738 5784 877 5852 ἁνήρ
895 5780 1020 5847 τις(
1064 5788 1085 5819 ⁸
1108 5780 1586 5857 καταπράξασναι.

2110 5712 2131 5742 ⁸
2169 5715 2448 5766 στενωπὸν
2477 5712 2625 5776 ὀξύν.

1683 5782 1704 5812 τ’
1737 5780 1946 5834 διελών.
2024 5781 2068 5814 ³ο
2092 5781 2257 5840 Deest
2305 5785 2495 5838 vocula
2533 5783 2645 5836 καί.
2713 5784 2753 5815 ιι
2788 5784 3188 5857 στρατηγικῆς.

2753 5712 2775 5745 ⁸
2809 5712 3019 5769 τοῦτον.
3107 5713 3133 5787 ξ’
3165 5715 3487 5787 Δεμενίκου.
3574 5716 3731 5783 δέπα--⁴
