4110 6384
408 369 517 437 425

1686 372 2103 438 ALEXIADIS
2144 375 2292 440 LIB.
2334 376 2402 439 V.

3561 380 3668 446 426

412 485 575 557 τάλφ
596 483 694 538 ἐπὶ
726 481 955 553 σώματι
989 484 1247 554 κύρσας,
1267 479 1423 539 εἶπεν
1448 486 1515 543 άν
1535 504 1620 549 τις
1654 487 1992 559 Ὁμηρικῶς»

2101 487 2329 561 Latinos
2372 498 2575 559 praeter
2608 502 2812 544 morem
2844 489 2916 559 .in
2966 490 3089 546 loco
3122 499 3350 558 stantes,
3405 494 3676 551 cecidisse

411 578 487 640 ὡς
515 577 609 630 καὶ
638 569 819 640 οὗτος,
847 575 978 629 tam
1005 578 1065 631 ὲν
1108 578 1294 640 αὐτοῖς
1332 578 1634 649 ὀφθαλμοῖς
1682 581 1725 612 ³⁸
1766 580 1992 644 τούτους

410 671 504 725 καὶ
554 669 646 723 τὸν
708 670 1182 742 πρωτοστράτορα
1248 671 1501 741 Μιχαὴλ,
1555 671 1771 745 άσχέτῳ
1841 672 1993 747 ῥύμῃ

409 761 643 817 πανσυδὶ
675 762 798 815 κατ’
837 761 1019 814 αὐτῶν
1061 762 1234 817 ἵεται·
1271 765 1322 815 οί
1365 762 1421 816 δὲ
1446 765 1792 837 παραχρῆμα
1842 765 1994 819 νῶτα

408 854 668 909 διδόασιν.
722 853 902 918 Οὐζᾶς
937 852 1052 925 (61)
1082 855 1139 907 δὲ
1179 856 1278 927 τὴν
1311 857 1507 927 κλῆσιν
1555 858 1885 929 φερώνυμον
1927 860 1993 913 ἐκ

407 948 501 1001 τοῦ
570 948 768 1014 γένους
834 946 1044 1018 λαχὼν,
1107 949 1197 1001 ἐπ’
1250 950 1445 1021 ἀνδρία
1502 950 1991 1022 διαϐεϐοημένος,

404 1036 577 1103 εἰδὼς
628 1036 725 1104 ἠδ’
754 1036 853 1090 ἐπὶ
906 1037 1078 1100 δεξιὰ
1115 1036 1211 1106 ἠδ’
1259 1038 1351 1091 ἐπ’
1400 1037 1685 1108 ἀριστερὰ
1716 1037 1995 1107 νωμῆσαι

399 1127 553 1193 βῶν,
579 1126 842 1194 ἀζαλέην
871 1126 1036 1199 (61⁸),
1082 1128 1209 1181 καθ’
1242 1128 1516 1200 Ὅμηρον,
1542 1131 1601 1182 ἐν
1625 1128 1704 1198 τῷ
1741 1128 1837 1182 τοῦ
1871 1145 1995 1182 στο-

407 1220 533 1288 μ’ίου
577 1218 904 1290 ἐξέρχεσθαι
953 1220 1104 1287 δεξιὰ
1151 1222 1553 1292 παρεκκλίνας,
1602 1220 1824 1293 γοργῶς
1870 1222 1995 1274 ἐπι-

407 1314 700 1384 στραφεὶς,
745 1313 897 1367 παίει
932 1313 1024 1366 τὸν
1074 1312 1227 1384 αὐτῷ
1280 1314 1697 1368 ὑπαντιάσαντα
1746 1312 1790 1345 ¹³
1824 1313 1995 1367 Λατῖ-

404 1424 517 1459 νον.
562 1406 621 1457 ’0
664 1406 709 1458 δ’
738 1404 1235 1477 εὐθὺς¹κύμ6αχος
1289 1407 1432 1460 κατὰ
1466 1407 1569 1477 γῆς
1615 1405 1817 1459 ἔκειτο.
1853 1402 1994 1457 Ὀδὲ

407 1498 744 1567 Βαῖμοῦντος
767 1498 960 1552 ἐδίωκε
1002 1498 1226 1563 τούτους
1254 1498 1420 1570 μέχρι
1461 1498 1558 1552 τοῦ
1611 1498 1861 1570 ποταμοῦ
1892 1500 1995 1551 Σα-

404 1590 611 1663 λαϐρία
642 1591 707 1644 ’⁵.
753 1591 842 1643 Ἐν
869 1591 926 1645 δὲ
952 1589 1031 1660 τῷ
1084 1590 1310 1661 φεύγειν
1338 1594 1365 1644 ὀ
1388 1592 1487 1663 ήδη
1547 1591 1739 1661 ῥηθεὶς
1789 1591 1993 1658 Οὐζᾶς,

408 1684 564 1735 παίει
592 1684 683 1735 τὸν
716 1683 815 1753 τὴν
851 1684 1098 1753 σημαίαν
1124 1683 1221 1737 τοῦ
1274 1683 1621 1754 Βαῖμούντου
1687 1684 1996 1756 κατέχοντα

403 1775 493 1827 δια
517 1774 612 1827 τοῦ
640 1775 891 1847 δόρατος,
920 1775 1015 1828 καὶ
1048 1774 1149 1845 τὴν
1176 1778 1424 1849 σημαίαν
1443 1776 1553 1829 τῶν
1584 1777 1787 1848 χειρῶν
1823 1774 1993 1830 αὐτοῦ

403 1867 766 1937 ἀφαρπάσας,
801 1866 998 1938 μικρὸν
1061 1868 1331 1938 περιδινεῖ
1376 1869 1469 1921 καὶ
1512 1868 1687 1922 κλίνει
1739 1869 1878 1940 πρὸς
1927 1870 1993 1922 τδ

402 1960 641 2029 πρανὲς.
674 1960 738 2015 Οἱ
790 1959 927 2029 γοῦν
975 1960 1200 2015 Λατῖνοι
1255 1961 1357 2031 τὴν
1416 1961 1663 2031 σημαίαν
1694 1961 1753 2028 ἐξ
1800 1961 1991 2032 ὀρθίου

402 2054 693 2125 σχήματος
747 2052 1182 2108 κατακλιθεῖσαν
1223 2053 1555 2123 ἑωρακότες,
1617 2054 1676 2106 ἐν
1725 2052 1991 2123 συγχύσει

400 2146 695 2213 γεγόνασι,
730 2145 825 2199 καὶ
855 2145 941 2216 ἐφ’
965 2146 1163 2216 ἑτέραν
1197 2146 1503 2218 ἐτράποντο
1532 2147 1801 2218 ἀτραπὸν,
1824 2147 1893 2200 δι’
1921 2142 1992 2221 ἧς

400 2235 583 2290 καὶτὰ
601 2236 848 2308 Τρίκαλα
867 2237 1381 2307 καταλαμῦἀνουσιν
1395 2238 1495 2310 ἥδη
1516 2256 1555 2292 π
1563 2238 1994 2310 ροκατασχεθέν-

398 2345 472 2381 τα
505 2330 658 2399 παρά
679 2346 840 2381 τινων
876 2329 987 2382 τῶν
1008 2330 1102 2383 τοῦ
1121 2330 1461 2401 Βαῖμούντου
1481 2332 1621 2402 πρὸς
1640 2332 1701 2385 τὸ
1724 2332 1995 2387 Λυκοστό-

403 2435 535 2488 μιον
561 2420 895 2488 φευγόντων.
918 2422 1162 2475 Κάκείσε
1187 2422 1329 2486 τέως
1355 2423 1640 2493 ηὐλίζοντο
1667 2425 1710 2457 ⁸⁸
1726 2424 1859 2479 εἵσω
1873 2423 1996 2479 τού-

401 2529 519 2565 των
542 2512 857 2579 γεγονότεςο
885 2509 1100 2564 ἐκεῖθεν
1132 2510 1190 2565 δὲ
1227 2512 1722 2582 καταλαμϐάνουσι
1745 2514 1846 2585 τὴν
1878 2518 1995 2571 Κα-

403 2605 657 2674 στορίαν.
694 2602 755 2655 '0
784 2602 841 2655 δὲ
874 2601 1137 2672 βασιλεὺς
1172 2604 1524 2675 ὑποστρέψας
1563 2606 1670 2660 ἀπὸ
1708 2607 1993 2681 Λαρίσσης

400 2697 497 2749 καὶ
544 2695 643 2766 τὴν
695 2694 1107 2768 Θεσσαλονίκην
1143 2696 1490 2763 καταλαὸὼν,
1546 2698 1736 2762 ὁποῖος
1782 2700 1996 2765 ἐκεῖνος

400 2786 534 2857 περὶ
562 2786 630 2839 τὰ
656 2784 887 2840 τοιαῦτα
925 2786 1064 2856 ταχὺ
1096 2787 1242 2856 μάλα
1267 2787 1404 2858 πρὸς
1438 2789 1565 2851 τοὺς
1601 2790 1699 2843 σὺν
1745 2789 1823 2860 τῷ
1866 2790 1996 2843 Βαῖ-

405 2879 626 2949 μούντῳ
685 2878 937 2950 κόμητας
993 2879 1349 2942 ἀποστείλας,
1405 2880 1609 2943 πολλὰς
1667 2880 1994 2952 ὑποσχέσεις

402 2972 731 3041 ἐπεποίητο,
760 2974 808 3025 εί
842 2971 935 3025 τὸν
969 2970 1309 3043 Βαῖμοῦντον
1329 2974 1456 3036 τοὺς
1489 2973 1719 3042 μισθοὺς
1756 2975 1997 3047 άπαιτήε

404 3082 591 3120 σουσιν
622 3064 715 3128 οὖς
749 3081 855 3135 περ
900 3064 945 3097 ¹⁶
976 3064 1163 3128 αὐτοῖς
1196 3064 1289 3118 καὶ
1336 3065 1629 3135 ὑπέσχετο·
1662 3063 1759 3119 τοῦ
1809 3065 1867 3119 δέ
1918 3064 1994 3137 μὴ

2021 1828 2069 1888 Β

2100 580 2324 645 animis,
2360 590 2415 635 et
2444 580 2629 650 fugam
2658 584 2909 651 cogitare
2939 588 3149 637 temere
3200 582 3576 641 crediderant.
3605 589 3676 639 At

2098 684 2190 727 ars
2219 678 2340 726 erat
2363 670 2454 726 illa
2484 671 2854 727 versutissimi
2890 670 3207 736 Baimundi,
3239 672 3333 742 qui
3367 673 3435 727 ad
3466 676 3677 745 primas

2098 761 2455 818 velitationes
2505 773 2653 818 stare
2684 777 2840 829 suos,
2878 762 3110 834 objectis
3138 764 3299 819 modo
3332 765 3525 831 scutis,
3577 781 3681 822 nec

2096 859 2153 910 ln
2187 855 2378 911 hostes
2407 854 2563 923 ferri,
2596 855 2780 926 quoad
2815 857 3001 925 plures
3052 855 3363 921 aﬂlucrent,
3410 858 3677 928 jusserat.

2096 947 2478 1003 Protostrator
2534 962 2664 1003 vero
2708 946 2940 1003 Michael
3006 962 3131 1003 cum
3188 964 3320 1004 suos
3377 964 3475 1019 per
3530 950 3682 1005 hunc

2097 1040 2321 1095 modum
2361 1040 2626 1110 paulatim
2658 1040 2802 1095 intra
2844 1042 3043 1095 saltum
3082 1041 3366 1097 eﬂluentes
3398 1051 3677 1109 cerneret,

2097 1132 2383 1203 ingressus
2432 1147 2555 1187 cum
2622 1132 2729 1187 illis
2757 1143 2811 1188 et
2849 1132 2968 1202 ipse
2998 1140 3105 1187 est.
3162 1133 3334 1198 Quem
3386 1132 3499 1203 jam
3550 1148 3677 1188 cunt

2099 1232 2219 1278 toto
2260 1224 2486 1293 agmine
2520 1231 2843 1294 penetrasse
2882 1223 3169 1294 angustias
3213 1224 3305 1278 ubi
3341 1224 3498 1289 vidit,
3532 1224 3680 1281 Gau-

2100 1317 2208 1383 det,
2238 1325 2297 1370 ut
2330 1332 2557 1370 occursu
2606 1316 2803 1386 prwda:
2846 1316 2925 1371 leo
2973 1326 3156 1386 raptor
3204 1318 3417 1387 opimae.
3467 1317 3682 1372 diceret

2098 1410 2299 1481 aliquis
2337 1408 2652 1474 Homerice,
2707 1410 2928 1475 videns,
2991 1411 3238 1480 inquam,
3270 1421 3325 1466 et
3358 1412 3449 1466 vix
3500 1411 3680 1466 oculis

2099 1518 2212 1574 prae
2266 1502 2469 1574 gaudio
2529 1503 2760 1558 credens
2805 1501 3170 1570 Baimundus,
3227 1512 3681 1574 protostratorem

2099 1611 2223 1652 cum
2277 1597 2522 1652 exercitu
2565 1596 2814 1652 clausum
2874 1596 3019 1663 loco,
3083 1596 3303 1668 sibique
3346 1596 3682 1667 expositum,

2101 1695 2217 1742 toto
2249 1687 2301 1741 in
2330 1687 2616 1741 Romanos
2660 1701 2761 1742 suo
2812 1702 3152 1757 suorumque
3202 1687 3371 1743 simul
3430 1687 3683 1741 incubuit

2099 1779 2344 1851 impetu;
2375 1789 2431 1833 at
2468 1781 2549 1834 illi
2579 1794 2688 1835 non
2730 1778 2973 1834 ferentes
3003 1787 3155 1850 terga
3189 1788 3495 1835 verterunt.
3536 1780 3682 1835 Uzas

2102 1878 2280 1925 tamen
2312 1870 2736 1940 appellationem
2775 1885 2803 1923 a
2842 1884 3042 1938 genere
3076 1871 3325 1934 sortitus,
3355 1870 3437 1923 vir
3464 1869 3682 1923 fortitu-

2098 1959 2245 2017 dinis
2262 1961 2425 2017 laude
2445 1962 2707 2033 inclytus,
2734 1965 2801 2016 Et
2826 1962 3063 2032 clypeum
3093 1963 3384 2033 dextraque
3400 1963 3570 2015 sciens
3588 1962 3684 2015 la:-

2097 2070 2261 2123 vaque
2282 2052 2510 2121 vibrare,
2539 2056 2669 2107 item
2696 2063 2755 2107 ut
2778 2052 2980 2108 Hector
3000 2054 3093 2108 ille
3113 2052 3526 2118 llomericus,in
3559 2052 3680 2122 ipso

2098 2146 2476 2217 angustiarum
2503 2161 2733 2216 egressu
2759 2161 2883 2200 cum
2910 2162 2938 2198 a
2962 2147 3192 2211 dextris,
3228 2162 3340 2218 quo
3371 2147 3514 2201 forte
3543 2162 3679 2216 pro-

2098 2252 2202 2292 nus
2240 2247 2357 2292 erat
2376 2239 2718 2292 currentium
2746 2238 3008 2308 impetus,
3036 2239 3323 2308 inopinato
3348 2241 3685 2297 declinasset

2096 2329 2410 2398 paululum,
2446 2328 2503 2383 in
2536 2327 2793 2382 Latinum
2828 2330 3082 2399 proxime
3138 2343 3459 2401 sequentem
3495 2333 3683 2387 insur-

2096 2422 2241 2477 rexit
2302 2434 2457 2476 vasm
2514 2421 2650 2489 ictu,
2690 2438 2755 2477 ex
2812 2437 2923 2493 quo
2978 2423 3070 2478 ille
3129 2423 3184 2477 in
3221 2433 3387 2493 caput
3437 2440 3681 2494 princeps

2097 2515 2285 2571 statim
2315 2514 2551 2569 amictus
2580 2514 2637 2568 in
2672 2522 2873 2570 terram
2911 2524 3018 2570 est.
3049 2514 3118 2569 At
3150 2514 3495 2570 Baimundus
3529 2516 3681 2571 inse.

2098 2612 2261 2658 cutus
2305 2601 2584 2660 Romanos
2623 2612 2706 2661 est
2747 2620 2923 2676 usque
2972 2606 3039 2660 ad
3102 2605 3307 2660 ﬂuinon
3343 2607 3678 2661 Salabriam.

2098 2696 2373 2751 Cmterum
2402 2696 2568 2759 idem,
2600 2697 2762 2767 cujus
2804 2698 3183 2763 meminimus,
3223 2697 3367 2752 Uzas
3402 2699 3546 2753 inter
3597 2698 3679 2753 [tt-

2098 2789 2356 2861 giendum
2420 2788 2743 2855 signiferum
2806 2789 3097 2845 Baimuudi
3166 2791 3323 2845 hasta
3384 2793 3678 2861 percussit,

2099 2883 2427 2953 signumque
2486 2882 2588 2951 ipsi
2660 2882 2728 2936 de
2794 2883 3054 2936 manilius
3119 2889 3398 2936 estortum
3436 2882 3678 2936 cireum-

2099 2978 2257 3031 duxit
2288 2977 2680 3045 inclinavitque
2714 2983 2919 3029 terram
2958 2989 3176 3029 versus.
3208 2972 3479 3030 Turbavtt
3504 2989 3565 3028 ea
3592 2988 3681 3028 res

2099 3065 2346 3129 Latinos,
2381 3068 2579 3137 quibus
2606 3066 2866 3120 vexillum
2904 3067 3184 3133 peculiare
3219 3066 3419 3120 summi
3454 3066 3614 3121 ducis
3650 3081 3682 3121 e

403 3159 623 3229 ἔχοντος
655 3157 951 3212 ἀποδοῦναι
1008 3159 1413 3229 παραπείσουσι
1464 3159 1655 3213 τοῦτον
1707 3159 1992 3214 κατελθεῖν

2099 3169 2252 3216 recto
2288 3161 2612 3214 inclinatum
2642 3159 2932 3213 infortunii
2974 3159 3075 3229 ipsi
3107 3158 3284 3212 oblati
3309 3160 3525 3229 signum
3555 3174 3682 3214 esse

408 3254 485 3314 είς
514 3252 616 3321 τὴν
656 3250 957 3313 θαλασσαν,
1000 3254 1097 3305 καὶ
1128 3250 1476 3322 ἀναζητῆσαι
1518 3253 1696 3307 ταῦτα
1741 3254 1853 3307 ἀπὸ
1894 3254 1990 3308 τοῦ

414 3345 540 3398 ἰδίου
578 3344 790 3415 πατρὸς
833 3343 1178 3416 Ῥομπέρτου
1213 3345 1311 3399 καὶ
1350 3345 1518 3401 αὐτὸν
1541 3348 1754 3403 ἐκεῖνον
1787 3348 1984 3401 διαπε-

423 3440 573 3507 ράσαι
617 3438 743 3501 τοὺς
786 3436 969 3489 αὐτῶν
1007 3437 1239 3507 μισθοὺς
1283 3437 1735 3510 ὲξαιτησόμενον.
1792 3442 1901 3494 Καὶ
1941 3444 1993 3496 εί

424 3527 579 3580 τοῦτο
625 3528 903 3590 ἀνύσαιεν,
938 3530 1151 3593 πάντας
1194 3533 1363 3602 τιμῆς
1392 3532 1488 3586 καὶ
1522 3532 1859 3604 εὐεργεσιῶν
1892 3551 1994 3604 μυ-

423 3618 550 3687 ρίων
576 3619 977 3674 ὲπαπολαῦσαι.
1012 3621 1123 3674 Καὶ
1153 3622 1269 3674 ὅσοι
1304 3623 1405 3693 μὲν
1435 3623 1643 3677 τούτων
1679 3625 1777 3677 ἐπὶ
1811 3625 1992 3699 μισθῷ

413 3708 695 3765 δουλεῦσαι
768 3710 1086 3781 θελήσουσι,
1156 3714 1685 3785 προσλαμϐάνεσθαι
1742 3716 1991 3784 τούτους,

411 3806 502 3857 καὶ
552 3804 887 3877 ἀποχρῶντα
940 3808 1030 3859 τὸν
1086 3807 1281 3876 μισθὸν
1335 3807 1656 3872 ἀποδοῦναι,
1717 3808 1861 3863 κατὰ
1921 3809 1994 3864 τὰ

410 3897 695 3970 θελήματα
738 3900 945 3967 αὐτῶν,
978 3904 1104 3966 τοὺς
1134 3902 1179 3955 δ’
1220 3900 1290 3955 αὖ
1331 3903 1411 3965 είς
1445 3902 1544 3966 τὰς
1590 3902 1771 3966 οίκίας
1811 3904 1995 3959 αὐτῶν

407 3991 778 4063 βουλομένους
830 3994 1091 4047 ἀπελθεῖν
1132 3992 1433 4057 ἀκινδύνως
1463 3994 1506 4026 ¹⁷
1546 3994 1868 4050 διασιὸάσαι
1903 3996 1994 4050 διὰ

404 4088 505 4155 τῆς
560 4085 869 4155 Οὐγγρίας.
916 4086 1275 4153 ’Υπείξαντες
1319 4083 1414 4140 οὖν
1450 4088 1527 4160 τῷ
1582 4088 1678 4141 τοῦ
1726 4088 1995 4159 βασιλέως

406 4180 801 4248 προστάγματι
825 4180 874 4233 oi
909 4180 1172 4251 κόμητες,
1208 4181 1335 4244 τοὺς
1370 4181 1478 4235 τῶν
1514 4182 1995 4253 παραδραμόντων

404 4271 691 4343 τεσσάρων
739 4273 1008 4327 ἐνιαυτῶν
1059 4274 1290 4343 μισθοὺς
1329 4276 1674 4343 ἀσυμπαθῶς
1725 4274 1991 4346 ἀπῄτουν.

414 4362 476 4416 '0
500 4362 559 4419 δὲ
585 4365 661 4435 μὴ
694 4364 834 4433 ἔχων
860 4366 1187 4432 ἀποδοῦναι,
1228 4366 1557 4420 άνεὸάλλετο
1605 4368 1768 4430 τέως.
1812 4367 1902 4429 Ὠς
1936 4367 1993 4420 δὲ

402 4456 686 4510 ἐνέκειντο
719 4456 920 4527 εὔλογα
954 4460 1260 4522 αἰτοῦντες,
1299 4460 1376 4529 μὴ
1418 4459 1560 4530 ἐχων
1589 4460 1618 4513 ὃ
1650 4476 1701 4512 τι
1737 4459 1832 4513 καὶ
1862 4460 1993 4530 δρά-

406 4565 548 4616 σειε,
586 4551 679 4604 τὸν
728 4552 829 4621 μὲν
862 4552 1152 4622 Βρυέννιον
1201 4551 1373 4604 αὐτοῦ
1409 4570 1512 4605 που
1562 4554 1863 4622 φυλάσσειν
1891 4553 1992 4623 τὴν

402 4643 725 4711 Καστορίαν
749 4644 1032 4709 κατέλιπε,
1080 4644 1176 4697 καὶ⁸
1205 4645 1296 4697 τὸν
1326 4646 1451 4707 τοὺς
1486 4644 1755 4707 Πολόόους
1787 4646 1993 4713 φυλάσ-

404 4751 574 4787 σοντα
610 4737 819 4805 Πέτρον
846 4735 941 4788 τοῦ
976 4735 1193 4803 Ἀλίφαο
1224 4733 1464 4804 αὐτὸςιδὲ
1488 4734 1579 4788 τδν
1608 4734 1835 4789 Αὐλῶνα
1859 4751 1993 4788 κατ-

400 4824 588 4880 έλαὸε.
650 4826 825 4880 Τοῦτο
863 4827 921 4880 δὲ
972 4825 1314 4898 μεμαθηκὼς
1364 4829 1393 4880 ὁ
1439 4827 1698 4898 βασιλεὺς
1767 4830 1996 4901 νικητὴς

404 4919 488 4981 είς
536 4919 637 4990 τὴν
692 4920 1091 4991 βασιλεύουσαν
1133 4921 1245 4974 τῶν
1279 4920 1492 4975 πόλεων
1524 4920 1993 4990 ἐπαναζεύγνυσι.

2098 3256 2259 3311 solet.
2300 3256 2372 3310 De
2400 3256 2624 3324 regione
2653 3254 2920 3308 instituta:
2942 3253 3042 3307 vim
3076 3267 3139 3307 ea
3175 3253 3298 3306 illos
3337 3254 3682 3322 perturbatio

2098 3347 2352 3402 dimovit.
2383 3348 2619 3401 Omissis
2646 3362 2775 3417 ergo
2802 3346 3071 3400 Romanis
3102 3345 3213 3400 alio
3246 3345 3443 3400 itinere
3462 3345 3681 3401 Tricala

2066 3432 2456 3521 'eontendunt,
2480 3440 2656 3493 locum
2681 3440 2793 3509 jam
2826 3447 3268 3508 praeoccupatum
3289 3453 3321 3491 a
3350 3437 3679 3505 quibusdam

2096 3530 2388 3587 Baimumli
2455 3531 2726 3585 militibus
2776 3529 3189 3600 Lycostomium
3227 3544 3421 3584 versus
3466 3528 3681 3599 fugien-

2099 3628 2269 3682 tibus.
2328 3626 2446 3680 lllie
2497 3623 2666 3696 igitur
2719 3623 2897 3677 obiter
2943 3621 3208 3676 diversati
3258 3620 3566 3676 Castoriam
3618 3636 3681 3677 se

2098 3718 2395 3788 recipiunt.
2456 3716 2761 3786 Imperator
2815 3727 2945 3768 vero
2998 3727 3125 3767 cum
3169 3727 3205 3767 e
3260 3711 3478 3767 Larissa
3521 3712 3679 3784 143

2098 3806 2549 3863 Thessalonicam
2593 3819 2653 3860 se
2703 3803 3055 3870 contulisset,
3091 3811 3149 3856 ut
3182 3812 3305 3879 erat
3337 3803 3682 3871 excogitator

2100 3900 2570 3972 prudentissimus
2624 3899 2824 3954 artium
2878 3897 3113 3952 nocendi
3162 3897 3439 3962 hostibus,
3496 3898 3684 3952 missis

2098 3998 2191 4067 qui
2222 3995 2361 4050 clam
2395 4002 2623 4065 agerent
2673 4007 2796 4048 cum
2830 3991 3129 4048 comitibus
3168 3992 3446 4047 exercitus
3474 3990 3681 4054 Latini,

2098 4088 2273 4144 suasit
2303 4087 2410 4142 illis
2445 4086 2813 4156 promissione
2842 4091 3173 4153 quantorum
3198 4082 3399 4138 vellent
3430 4081 3686 4152 praemio-

2100 4197 2243 4245 rum,
2282 4189 2341 4233 ut
2390 4178 2663 4249 stipendia
2713 4177 2817 4231 sibi
2854 4191 2881 4229 a
2919 4176 3225 4230 Baixnundo
3272 4175 3543 4246 promissa
3593 4190 3683 4230 re-

2099 4272 2419 4342 praesentari
2474 4268 2636 4323 modo
2668 4266 3005 4337 ﬂagitarent,
3055 4274 3423 4336 cogeremque
3472 4266 3677 4336 ipsum,

2100 4365 2146 4422 si
2176 4371 2471 4419 excusaret
2526 4361 2766 4429 inopiam
2821 4369 3178 4430 praesentem,
3220 4361 3301 4414 ire
3351 4360 3417 4413 ad
3468 4372 3677 4428 patrem

2101 4472 2259 4513 suum
2291 4454 2619 4519 Robertum,
2657 4462 2713 4507 et
2743 4454 2811 4507 ab
2836 4467 2923 4517 eo,
2958 4452 3190 4521 traiecto
3225 4453 3385 4518 mari,
3415 4453 3679 4521 pecunias

2103 4558 2310 4620 petere.
2360 4544 2490 4600 Haec
2546 4546 2591 4599 si
2646 4543 2893 4599 facerent
2938 4560 3134 4599 omnes
3188 4545 3450 4607 honores,
3494 4544 3682 4597 omnia

2103 4639 2392 4701 beneﬁcia,
2428 4652 2654 4708 sperare
2687 4638 2837 4707 ipsos
2878 4653 2905 4691 a
2940 4653 3000 4691 se
3034 4638 3281 4708 jubebat.
3318 4638 3473 4704 Quod
3508 4640 3552 4692 si
3586 4640 3680 4708 qui

2103 4746 2296 4788 eorum
2326 4730 2588 4785 Romana:
2620 4728 2832 4784 militiai
2861 4728 2994 4784 dare
3051 4744 3250 4783 nomen
3301 4730 3520 4796 vellent,
3563 4746 3684 4784 am-

2100 4827 2351 4895 plissima
2380 4825 2515 4895 ipsis
2552 4822 2823 4893 stipendia
2855 4837 2913 4877 se
2950 4831 3407 4889 numeraturum;
3465 4825 3550 4879 sin
3589 4840 3683 4879 re-

2099 4920 2217 4976 dire
2264 4919 2320 4973 in
2352 4920 2545 4973 domos
2592 4932 2723 4972 suas
2756 4916 3003 4979 mallent,
3056 4922 3237 4972 tutum
3290 4918 3400 4973 illis
3446 4918 3552 4973 iter
3586 4933 3684 4989 per

407 5013 746 5080 llungariam
778 5015 1063 5072 daturum.
1091 5017 1358 5089 Arrigunt
1385 5032 1576 5072 aurem
1605 5017 1670 5072 ad
1701 5034 1767 5073 ea
1810 5020 2064 5083 comites,
2098 5029 2149 5073 et
2172 5016 2582 5086 conspiratione
2651 5012 2795 5067 facta
2855 5012 2912 5068 in
2982 5010 3253 5070 Baimund
3275 5028 3366 5069 um
3427 5015 3685 5071 cooriun-

1453 5138 1661 5198 νοτία)
1700 5140 2010 5199 lectiones
2043 5155 2120 5199 ex
2161 5138 2303 5197 cod.
2335 5134 2607 5197 Coislin.

478 5257 499 5289 ⁸
521 5258 872 5331 ὀφθαλμοῖσι.
947 5261 993 5293 ¹³
1024 5260 1434 5332 ὑπαντήσαντα.
1507 5260 1549 5292 ’⁵
1583 5258 1881 5331 Σαλαυρία.
1964 5260 2008 5291 ³⁵
2042 5258 2377 5320 αὐλίζονται.

2470 5256 2511 5286 ¹⁶
2536 5256 2751 5327 ὥσπερ.
2838 5255 2878 5289 ⁸⁷
2908 5257 3252 5320 ἀκινδύνους.

1481 5401 1622 5461 Car.
1668 5398 1999 5462 Dufresnii
2040 5400 2139 5460 Du
2172 5396 2395 5476 Cangii
2443 5402 2634 5459 notte.

483 5525 595 5595 (δι)
624 5525 831 5589 οὺᾰὶς.
869 5524 1009 5581 Usas
1050 5527 1134 5583 vel
1170 5526 1339 5588 Usus.
1373 5541 1400 5579 a
1435 5535 1597 5594 gente.
1643 5536 1689 5579 et
1740 5525 1985 5587 natione,

418 5594 591 5665 inquit
618 5599 793 5659 Anna,
820 5614 1018 5652 nomen
1052 5600 1297 5651 sortitus.
1338 5596 1479 5649 Sunt
1514 5612 1643 5649 vero
1686 5596 1803 5657 Usi,
1851 5595 1987 5666 Scy-

416 5668 537 5721 tluci
577 5674 757 5733 populi
793 5676 847 5719 et
879 5668 1137 5729 llunniei,
1176 5667 1482 5721 l’atzinacis
1510 5677 1565 5720 et
1600 5667 1816 5736 generis
1852 5682 1989 5736 prte-

417 5746 612 5790 slaulta
651 5749 704 5789 «ἰ
755 5738 1103 5789 ttnttllitudiue
1146 5738 1286 5788 haud
1325 5734 1651 5793 inferiores.
1689 5734 1824 5790 Husi
1854 5734 1989 5790 Bai-

418 5809 617 5862 mundo
646 5810 709 5859 de
740 5809 933 5875 Agiles,
966 5819 1019 5860 et
1047 5806 1366 5869 Tudeboilu,
1405 5810 1496 5861 lib.
1535 5822 1570 5859 It
1603 5807 1755 5860 dicti.
1795 5807 1866 5861 Ue
1899 5808 1984 5861 his

656 5904 940 5963 PATROL.
970 5903 1086 5962 Gtt.
1132 5901 1404 5966 CXXXI.

2096 5531 2269 5591 agunt
2300 5519 2547 5575 Zonaras
2584 5521 2638 5574 in
2692 5520 2882 5574 Const.
2928 5520 3074 5591 Duiea
3105 5528 3157 5573 et
3194 5518 3463 5591 Romano“
3493 5511 3676 5591 Παξεά

2098 5581 2367 5664 δῖνγιὶιεεδ
2404 5593 2457 5645 iu
2493 5591 2858 5664 alonomacho
2892 5598 2946 5643 et
2978 5587 3395 5664 Ctttlal.‘Uu0£‘|£
3426 5581 3673 5664 Porph!-

2099 5651 2419 5729 roéeuneta,
2485 5661 2557 5714 De
2628 5660 2774 5714 adut.
2817 5661 2943 5727 imp.
3004 5674 3127 5726 cap.
3188 5659 3262 5721 9,
3331 5654 3525 5729 10__et

2100 5720 2349 5789 Tietzes.
2384 5720 2604 5793 ehil..8,
2636 5745 2756 5797 cap.
2789 5720 2914 5796 224',
2947 5740 3003 5782 et
3033 5720 3208 5792 Anna,
3234 5720 3356 5798 pag.
3392 5722 3515 5788 170,
3546 5720 3673 5776 201.

2168 5804 2304 5876 (σι’)
2336 5801 2491 5858 Iliad.
2520 5817 2582 5872 tt,
2613 5818 2663 5857 ν.
2689 5799 2818 5853 226.
