4110 6404
451 423 563 488 433

1741 438 2159 498 ALEXIADIS
2202 443 2347 507 LIB.
2385 447 2453 507 V.

3626 461 3740 523 434-

455 554 588 592 σατο
619 537 828 610 ἀρετὴν
859 536 970 593 ἀπὸ
1007 537 1104 595 τοῦ
1135 539 1299 612 λόγου
1360 540 1594 599 κατέλυε
1637 544 1734 600 καὶ
1777 548 2036 618 ἠφάνιζεν

2150 549 2335 616 batur,
2367 555 2554 627 lingua
2586 565 2768 613 tamen
2793 570 2910 615 erat
2935 564 3109 618 multo
3133 565 3366 621 dicentis
3395 569 3726 637 promptior.

454 633 483 685 6
518 630 714 698 θυμός.
742 632 1033 704 Διελέγετο
1051 634 1163 706 γάρ
1195 636 1290 692 καὶ
1320 635 1482 694 ἔπεσι
1507 639 1604 693 καὶ
1643 641 1837 712 χερσὶν
1871 642 1984 712 (66)
2017 643 2044 696 6

457 722 620 792 ἀνὴρ,
675 723 774 776 καὶ
830 724 924 780 τὸν
983 726 1520 799 προσδιαλεγόμενον
1559 731 1660 784 οὐκ
1705 731 1860 802 ἠφίει
1910 733 2047 803 πρὸς

457 814 698 885 ἀπορίαν
746 815 886 882 ὅλως
919 817 1117 887 ἐλθεῖν,
1164 821 1287 876 οὐδὲ
1331 823 1610 896 αὔταρκες
1657 821 1726 898 ἦν
1777 826 1926 898 αὐτῷ
1986 829 2045 881 τὸ

457 909 769 980 ἐπιῤῥάψαι
820 911 917 966 τοῦ
966 913 1352 984 ἀντικειμένου
1394 917 1458 972 τὸ
1496 919 1677 990 στόμα
1728 921 1824 974 καὶ
1883 921 2044 992 σιγὴν

443 1002 610 1074 αὖτῷ
648 1002 1138 1076 καταψηφιεῖσθαι,
1163 1007 1278 1062 ἀλλ’
1299 1009 1462 1074 εὐθὺς
1491 1012 1522 1082 ἠ
1550 1012 1673 1082 χεὶρ
1696 1013 1837 1066 κατά
1862 1031 1920 1066 τε
1948 1013 2043 1068 τοῦ

462 1100 750 1168 πώγωνος,
785 1100 881 1152 καὶ
922 1099 966 1133 ³¹
1012 1101 1218 1172 τριχῶν
1269 1105 1702 1176 προσεφήλλετο,
1745 1107 1840 1160 καὶ
1882 1107 2042 1178 ὕϐρις

458 1191 624 1254 εὐθὺς
653 1191 1049 1264 ξυνεμπόδιζεν
1089 1195 1136 1227 ⁸³
1171 1194 1331 1264 ὕϐριν
1354 1211 1372 1231 ο
1423 1200 1519 1252 καὶ
1559 1199 1866 1265 ἀκάθεκτος
1901 1197 1970 1273 ἦν
2014 1205 2043 1257 6

458 1284 771 1355 ἄνθρωπος,
809 1288 906 1341 καὶ
939 1287 1038 1352 τάς
1067 1291 1260 1360 χεῖρας
1312 1291 1451 1363 ὁμοῦ
1493 1293 1586 1347 καί
1620 1295 1722 1367 τὴν
1763 1295 2038 1365 γλῶτταν.

457 1378 634 1432 Τοῦτο
662 1379 718 1432 δὲ
753 1381 920 1446 μόνον
973 1383 1073 1437 οὐκ
1108 1383 1152 1416 δ’
1204 1386 1531 1458 ἀφιλόσοφον
1574 1382 1742 1459 εἶχεν,
1786 1390 1869 1444 ὅτι
1904 1392 2042 1462 μετά

459 1472 558 1539 τὴν
596 1471 814 1541 πληγὴν
844 1473 1268 1543 καταλίμπανεν
1320 1477 1513 1532 τοῦτον
1557 1481 1584 1532 6
1621 1480 1794 1550 θυμὸς
1841 1483 1936 1535 καὶ
1979 1483 2042 1536 τὸ

455 1559 694 1630 δάκρυον
723 1561 1135 1632 κατελάμϐανε,
1164 1567 1258 1619 καὶ
1311 1568 1393 1631 είς
1428 1568 1686 1640 λαμπρὸν
1732 1571 2040 1642 μετάμελον

459 1653 684 1722 ἤρχετο.
712 1655 772 1707 ΕΞ
803 1655 859 1708 δέ
889 1673 968 1727 τῳ
998 1658 1173 1725 φίλον,
1218 1659 1314 1714 καὶ
1358 1665 1486 1732 περὶ
1534 1665 1632 1734 τῆς
1657 1664 1832 1736 ὅψεως
1872 1667 2039 1722 αὑτοῦ

458 1745 674 1815 μαθεῖν,
719 1748 932 1822 μεγάλη
991 1751 1092 1820 μὲν
1126 1752 1292 1807 αὐτοῦ
1329 1757 1361 1826 ἡ
1407 1758 1645 1829 κεφαλὴ,
1678 1759 1740 1812 τὸ
1786 1760 2040 1830 μέτωπον

2151 645 2203 698 in
2241 647 2666 716 epicherematis
2716 655 3140 724 conglobandis,
3187 658 3459 728 paucique
3489 661 3729 729 reperie-

2149 735 2349 793 bantur
2377 743 2470 810 qui
2509 744 2614 797 vim
2661 745 2783 815 ejus
2835 747 2888 800 in
2943 749 3334 818 congressibus
3387 751 3726 805 sustinerent

2147 843 2336 887 contra
2358 837 2690 893 incurrentis
2709 843 2933 893 torrenti
2954 841 3214 911 impetum
3234 843 3728 913 argumentationis

2149 923 2540 994 ineluetabilis,
2574 946 2681 1001 qua
2717 933 2861 986 ul:ro
2888 934 2956 988 ad
2993 935 3271 990 silentium
3313 945 3476 1006 atque
3519 937 3586 990 ad
3645 938 3729 991 iu-

2147 1019 2289 1072 citas
2324 1036 2673 1092 propugnare
2721 1026 2926 1096 aliquid
2959 1027 3302 1083 contrarium
3355 1029 3476 1083 ausi
3515 1031 3727 1098 redige-

2149 1113 2371 1168 bautur.
2415 1113 2485 1171 lis
2518 1117 2665 1172 enim
2716 1118 3182 1189 interrogationes
3238 1121 3584 1190 proponebat
3631 1137 3730 1192 ge-

2147 1205 2296 1259 mina
2380 1207 2644 1277 utrinque
2722 1211 2963 1266 munitas
3042 1211 3252 1277 fovea;
3328 1220 3390 1266 ut
3459 1210 3726 1280 quidquid

2145 1302 2600 1369 responderetur,
2633 1303 2959 1358 alterutrum
2995 1305 3047 1359 in
3092 1314 3317 1375 puteum
3366 1305 3726 1360 inextricabi—

2144 1395 2276 1450 lium
2324 1395 2771 1466 perplexitatum,
2808 1399 3125 1454 necessario
3177 1397 3436 1454 defensor
3483 1399 3725 1454 caderet.

2144 1489 2297 1544 Adeo
2346 1491 2650 1545 dialectica:
2715 1491 3056 1548 subtilitates
3106 1508 3297 1548 omnes
3351 1493 3403 1546 in
3469 1501 3726 1562 prmrptu

2143 1589 2310 1652 atque
2351 1583 2404 1637 iu
2436 1583 2628 1654 digitis
2667 1585 3028 1656 liabebat,:ad
3066 1601 3228 1640 usum
3260 1599 3478 1654 semper
3509 1593 3729 1653 paratas

2143 1675 2646 1745 expeditissimum.
2679 1675 2998 1733 Praesertim
3031 1693 3170 1732 vero
3191 1677 3454 1734 terribilis
3506 1686 3627 1732 erat
3672 1679 3725 1730 in

2143 1779 2336 1827 mutua
2371 1772 2772 1827 commissione
2826 1773 3117 1827 verborum
3166 1786 3288 1840 quae
3328 1769 3574 1840 rogando
3617 1785 3728 1824 res-

453 1842 920 1912 προπετέστατον,
962 1846 1256 1916 πρόσωπον
1306 1849 1570 1917 ἐμφανὲς,
1604 1853 1701 1906 καὶ
1736 1855 1764 1907 6
1816 1855 2034 1926 μυκτὴρ

2143 1866 2540 1936 petisanquue
2577 1865 2912 1921 conseritur.
2943 1865 3280 1920 Praefocabat
3306 1864 3449 1918 enim
3470 1863 3714 1918 adversa-

452 1932 750 2002 ἐλεύθερόν
778 1950 836 1987 τε
885 1933 983 1987 καὶ
1034 1935 1228 1990 ἄνετον
1260 1938 1498 1992 ἀπέπνει
1531 1939 1576 1972 ⁸⁸
1599 1941 1692 1995 τὸν
1729 1942 1888 2014 ἀέρα,
1937 1945 2035 2000 καὶ

450 2027 762 2096 περιφερὴς
795 2029 823 2080 ὁ
863 2025 1087 2096 πώγων,
1128 2029 1198 2084 τὰ
1234 2031 1435 2100 στέρνα
1467 2035 1657 2103 εὐρὺς,
1707 2038 1802 2092 καὶ
1858 2039 2038 2095 εὐπα-

449 2120 643 2191 γὴςτά
672 2121 810 2192 μέλη
847 2122 944 2175 τοῦ
982 2121 1259 2194 σώματος,
1282 2125 1382 2196 τὴν
1423 2127 1480 2180 δὲ
1525 2129 1626 2200 τῆς
1654 2131 1870 2203 ἡλικίας
1902 2137 2036 2190 ἀνα-

446 2211 660 2283 δρομὴν
691 2215 799 2301 τῷν
829 2214 1258 2287 εὖμηκεστέρων
1302 2218 1350 2251 ’⁸³
1392 2221 1594 2292 ἥττων,
1630 2226 1730 2296 τὴν
1761 2227 1816 2280 δὲ
1845 2231 2033 2301 φωνὴν

446 2303 691 2367 τοιοῦτος
721 2300 834 2368 οἷος
865 2307 934 2361 ἂν
963 2307 1070 2361 ἀπδ
1097 2309 1206 2362 τῶν
1232 2311 1482 2368 Λατίνων
1500 2315 1778 2387 ἐληλυθὼς
1809 2300 2033 2389 νεανίας

446 2399 528 2459 εἰς
546 2395 646 2467 τὴν
679 2398 967 2470 ἠμεδαπὴν
996 2403 1100 2472 γῆν
1129 2403 1196 2457 τὰ
1239 2403 1509 2477 Ἑλλήνων
1551 2410 1652 2480 μὲν
1679 2413 1935 2481 ἐκμάθοι,
1968 2419 2029 2472 οὐ

445 2491 591 2544 πάνυ
625 2490 682 2544 δὲ
723 2491 1117 2561 καθαριεύοιτό
1152 2494 1199 2527 ⁸⁸
1237 2514 1286 2549 τι
1319 2498 1420 2566 τὴν
1464 2503 1672 2571 φωνήν.
1711 2501 1854 2558 Ἀλλ’
1883 2507 2031 2565 ἔστιν

443 2577 507 2636 οὗ
537 2584 631 2636 καὶ
663 2583 1042 2656 κολοὸωτὲρας
1074 2587 1330 2660 ἐκφέρειν
1353 2590 1399 2623 ⁸⁸
1423 2591 1525 2656 τὰς
1559 2587 1834 2662 συλλαόἁς
1856 2617 1869 2631 ·
1915 2602 2031 2656 ἀλλ’

442 2677 569 2731 οὔτε
606 2676 667 2730 τὺ
696 2675 790 2731 τοῦ
823 2678 1094 2748 στόματος
1127 2681 1229 2735 οὐκ
1257 2683 1480 2766 εὐαγὲς,
1511 2686 1637 2742 οὔτε
1664 2691 1725 2744 τὸ
1752 2694 1833 2756 είς
1861 2693 2032 2766 ἄκρον

442 2773 661 2839 ἄφωνον
695 2770 959 2826 ἐλάνθανε
984 2773 1113 2838 τοὺς
1143 2760 1411 2844 πολλοὺς,
1430 2783 1546 2843 τοῖς
1566 2781 1622 2834 δέ
1656 2760 2032 2857 ῥητορικωτςέ-

443 2881 561 2934 pot;
594 2864 934 2935 ἀγροικίζ¹ων
960 2867 1427 2939 κατελαμϐάνετο.
1465 2874 1660 2928 Ἔνθεν
1697 2897 1778 2934 τοι
1822 2884 1918 2936 καὶ
1963 2885 2033 2940 τὰ

443 2959 866 3029 συγγράμματα
906 2961 1095 3016 τούτου
1128 2965 1464 3034 συνέσφικτο
1502 2969 1550 3002 ⁸⁸
1585 2973 1684 3040 μὲν
1715 2976 2032 3050 ἁπανταχό-

439 3052 534 3104 θεν
589 3053 704 3116 τοῖς
757 3053 1126 3120 διαλεκτικοῖς
1175 3059 1387 3124 τόποις,
1433 3063 1767 3130 ἀσυνταξίας
1818 3071 1896 3136 δὲ,
1937 3075 2031 3126 καὶ

439 3144 671 3209 κακίαν,
715 3145 1070 3218 σολοικισμὸν
1128 3152 1410 3223 σποράδην
1458 3154 1853 3229 διερριμμένον
1889 3182 2029 3220 παν-

2147 1959 2312 2023 rimn,
2349 1967 2404 2014 et
2435 1957 2594 2028 quasi
2627 1959 3029 2028 strangulahat,
3066 1958 3286 2013 intortis
3325 1957 3639 2012 crebrarum
3675 1965 3729 2011 et

2143 2052 2469 2109 callidarum
2502 2052 3161 2124 interrogatiuncularum
3191 2050 3404 2121 laqueis
3433 2066 3454 2116 ;.
3484 2065 3582 2105 nec
3609 2058 3728 2104 crat

2142 2145 2236 2215 qui
2269 2161 2394 2200 cum
2430 2160 2496 2200 eo
2523 2146 2868 2214 compositus
2901 2143 3235 2216 labyrinthis
3265 2159 3325 2199 se
3357 2143 3505 2197 illius
3559 2157 3728 2211 cxpe-

2143 2237 2266 2293 dire
2331 2245 2542 2307 posset.
2604 2237 2813 2293 Cmtcra
2869 2237 3322 2304 imperitissimus
3377 2245 3516 2298 erat,
3545 2245 3606 2290 et
3635 2237 3728 2288 irae.

2144 2346 2408 2402 perquam
2449 2331 2724 2401 impotens
2756 2349 2771 2385 :
2806 2331 2950 2400 quod
2987 2339 3216 2386 exstans
3245 2330 3300 2384 in
3342 2331 3462 2398 ipso
3514 2344 3578 2382 ac
3626 2329 3728 2381 do-

2142 2426 2363 2480 minans
2411 2425 2604 2479 vitium
2659 2440 2850 2480 omnes
2893 2425 3013 2495 ejus
3056 2423 3246 2478 laudes
3308 2422 3616 2481 obteri-hat,
3678 2422 3724 2476 si

2141 2534 2280 2590 quas
2305 2519 2562 2574 doctrina
2591 2527 2644 2574 et
2673 2519 2890 2590 ingenio
2925 2528 3218 2573 assecutus
3245 2525 3386 2571 erat.
3417 2515 3535 2570 Mos
3575 2519 3722 2568 enim

2141 2623 2260 2670 erat
2284 2614 2405 2668 viro
2435 2613 2754 2682 disputandi
2790 2627 2897 2686 non
2917 2611 3098 2681 iingua
3128 2610 3301 2681 magis
3320 2625 3481 2680 quam
3515 2623 3725 2674 manu;

2141 2719 2244 2759 nec
2275 2704 2351 2758 illi
2383 2702 2696 2759 sulliciebat
2743 2701 3088 2772 oppressisse
3125 2713 3187 2754 os
3221 2697 3560 2757 adversario,
3599 2695 3725 2750 sile-

2140 2813 2314 2868 reque
2343 2798 2521 2866 ipsum
2552 2795 2822 2864 coegisse,
2864 2793 2962 2849 sed
3001 2809 3198 2847 manus
3235 2791 3302 2846 ad
3348 2791 3576 2845 barbam
3610 2797 3725 2842 sta.-

2142 2890 2237 2944 tim
2271 2901 2436 2960 atque
2463 2889 2529 2945 ad
2565 2890 2705 2960 pilos
2735 2888 3014 2943 vellendos
3046 2885 3350 2951 involabat,
3381 2882 3730 2940 cumulabat-

2139 3000 2246 3054 que
2283 2985 2363 3039 vis
2397 2983 2812 3038 contumeliam.
2842 2979 3030 3049 Usque
3049 2995 3112 3034 eo
3135 2980 3312 3048 impos
3336 2977 3421 3032 sui
3446 2991 3726 3040 manuque

2134 3076 2293 3146 juxta
2323 3091 2387 3130 ac
2413 3075 2601 3145 lingua
2640 3074 2965 3137 indomitus,
3029 3072 3268 3141 indeque
3321 3071 3482 3140 plane
3516 3070 3726 3138 impor—

2141 3175 2311 3222 tunus
2347 3182 2410 3220 ac
2438 3163 2807 3221 intolerabilis
2843 3165 3008 3219 homo
3039 3172 3180 3218 erat.
3214 3161 3397 3217 Unum
3431 3159 3666 3214 habebat
3693 3175 3732 3215 λ

439 3234 684 3289 τάπασιν
714 3236 816 3290 οὐκ
847 3236 1173 3308 ἐξὲφευγεν.

2147 3265 2497 3336 phiIOSOphia
2555 3279 2664 3318 non
2726 3263 3054 3323 abhorrens.
3110 3260 3254 3332 Quod
3290 3261 3428 3315 iram
3469 3259 3527 3314 iu
3560 3259 3726 3328 plaga.-

452 3329 850 3430 θο¹¹ξ¹³¹¹¹⁰δ³¹ν⁸
916 3333 1221 3430 ξιεῑίηιίιξιεδ
1275 3337 1368 3430 ΡΜ
1431 3357 1783 3410 Percusserat
1856 3353 2254 3423 adversarium,
2299 3359 2557 3430 lacrymis
2589 3358 2797 3414 obortis
2824 3357 3052 3426 rogabat
3093 3356 3352 3422 veniam;
3428 3363 3482 3410 ct
3542 3352 3722 3424 pmni-

458 3421 678 3523 ξειιιξδῖξι
718 3423 1098 3523 βτίξίίιεδθῑυν·
1132 3426 1289 3494 Ουυά
1319 3431 1364 3486 Si
1406 3435 1493 3487 cui
1553 3450 1818 3506 prteterea
1854 3450 1991 3502 tanti
2033 3451 2106 3506 sit
2145 3421 2375 3523 ﬁguram
2412 3421 2654 3507 hominis
2685 3421 3168 3520 nossefmagnum
3216 3421 3558 3519 ipsieapul;
3587 3461 3718 3514 Ρνο·

465 3516 751 3616 ιῖἶειὶῖεῐωε
783 3517 960 3586 frons,
1019 3526 1320 3594 conspicua
1371 3527 1561 3593 facies,
1597 3547 1761 3589 nasus
1814 3537 2028 3610 largum
2069 3558 2249 3600 aerem
2282 3546 2454 3601 libere
2480 3545 2720 3615 spirans.
2754 3545 2926 3601 barba
2957 3545 3115 3616 quasi
3189 3543 3468 3598 circinatae
3530 3549 3724 3594 rotun-

467 3605 1099 3707 ἀί¹³¹ίενβθςῑι¹ειθῑιιηὶο
1135 3620 1377 3674 "Ie"th
1446 3625 1694 3691 corporis
1743 3627 1896 3685 ﬁl‘ma
1979 3635 2249 3707 plenaque
2322 3639 2496 3701 succi,
2568 3646 2780 3693 statura
2833 3637 3234 3707 procerissimis
3288 3635 3492 3698 minor,
3549 3633 3703 3686 vocis

456 3713 625 3755 sonus
656 3705 870 3772 qualem
920 3712 1232 3780 exspectari
1275 3713 1522 3781 oportuit
1555 3714 1624 3770 ab
1667 3734 1734 3773 eo
1785 3723 1877 3792 qui
1914 3723 2027 3793 jam
2069 3705 2291 3784 adultus
2323 3728 2590 3786 eLatinis
2658 3705 2958 3786 translatus
3027 3731 3080 3784 in
3131 3729 3422 3789 Graiciam.
3482 3728 3714 3781 inultum

450 3797 768 3862 praestiterit
837 3801 883 3855 si
921 3802 1161 3874 linguam
1229 3815 1507 3877 utcunque
1571 3811 1803 3882 arripiat
1855 3833 1870 3872 :
1953 3821 2250 3878 munditias
2281 3825 2500 3893 quidem
2528 3833 2581 3880 et
2611 3826 3321 3896 ingenuamproprietatem
3350 3823 3547 3878 nativzn
3582 3837 3712 3894 pro-

445 3896 834 3960 t-untiationis,
889 3913 997 3952 non
1055 3900 1102 3955 si
1149 3917 1208 3956 se
1250 3904 1479 3971 ruperit,
1544 3909 1836 3976 exprimat.
1892 3911 2010 3968 Non
2052 3932 2184 3988 ergo
2239 3920 2441 3975 mirum
2493 3920 2540 3976 si
2592 3932 2781 3978 curtas
2841 3922 3034 3976 vitioso
3083 3930 3313 3978 accentu
3382 3937 3496 3977 non
3570 3936 3697 3974 raro

441 3988 687 4056 syllabas
732 3991 976 4047 eﬂ'erret.
1022 3994 1211 4066 Neque
1268 4013 1398 4052 vero
1456 3997 1740 4058 incondita
1797 4008 2028 4064 vastitas
2104 4012 2449 4084 infantiaque
2485 4016 2597 4072 oris
2666 4016 2890 4073 barbari
2944 4015 3168 4072 fallebat
3224 4016 3520 4082 homines;
3577 4017 3713 4085 quin

441 4085 588 4154 apud
619 4101 818 4142 omnes
855 4087 991 4142 artis
1027 4087 1245 4144 dicendi
1305 4107 1412 4146 non
1470 4094 1633 4161 plane
1697 4099 1865 4154 rudes
1923 4117 2023 4170 pro
2063 4107 2266 4175 agresti
2303 4108 2708 4164 traduceretur.
2742 4093 2955 4178 Scripta
2989 4125 3156 4178 porro
3229 4110 3354 4179 ejus
3418 4110 3706 4180 constipa-

439 4179 650 4235 bantur
679 4181 768 4236 illa
802 4182 1022 4252 quidem
1055 4187 1357 4241 cumulatis
1429 4191 1734 4245 acervatim
1763 4195 2067 4252 dialecticis
2137 4200 2305 4268 locis;
2373 4213 2631 4258 caeterum
2686 4203 2902 4259 vitiosa:
2958 4205 3415 4274 compositionis,
3473 4179 3708 4260 stribili-

439 4275 679 4344 ginum,
752 4289 819 4331 ac
883 4276 1330 4333 soloecismorum
1423 4279 1565 4334 haud
1652 4299 1818 4354 parce
1883 4287 2148 4358 inspersis
2204 4291 2508 4349 deformata
2571 4296 2824 4360 maculis,
2890 4296 3240 4352 oll'endebant
3297 4299 3490 4355 oculos
3573 4313 3707 4352 eru-

437 4371 612 4424 ditos.

511 4457 684 4526 Οὗτος
706 4463 893 4517 τοίνυν
937 4467 1366 4539 προκαθήμενος
1407 4470 1736 4542 φιλοσοφίας
1776 4475 2024 4550 ἀπάσης,

2208 4482 2291 4536 Ad
2344 4481 2492 4538 hunc
2525 4496 2654 4554 ergo
2680 4481 2905 4538 redacta
2939 4483 3097 4555 15.7
3151 4498 3322 4537 unum
3361 4481 3721 4551 philosophiae

435 4558 536 4612 καὶ
559 4558 898 4630 συῤῥεούσης
923 4561 1002 4622 είς
1023 4561 1187 4614 αὐτὸν
1213 4562 1314 4632 τῆς
1337 4564 1590 4636 νεότητος
1613 4566 1729 4634 (καὶ
1754 4571 1865 4640 γὰρ
1880 4572 1950 4624 τά
1965 4590 2026 4626 τε

2143 4573 2488 4644 professione
2535 4576 2817 4642 universa,
2863 4576 3326 4646 frequentabatur
3379 4577 3496 4646 ejus
3555 4577 3719 4633 ludus

437 4651 688 4718 Πρόκλου
714 4653 810 4706 καὶ
867 4653 1176 4718 Πλάτωνος,
1223 4657 1320 4710 καὶ
1365 4658 1436 4710 τὰ
1476 4659 1790 4731 φιλοσόφων
1823 4665 2031 4734 ἀμφοῖν

2143 4680 2336 4734 magno
2371 4680 2645 4721 concursu
2678 4665 3015 4735 juventutis,
3052 4666 3213 4735 cujus
3243 4666 3575 4722 incendebat
3603 4677 3720 4722 Stu-

435 4742 754 4813 Πορφυρίου
795 4761 856 4797 τε
886 4746 982 4797 καὶ
1051 4747 1370 4818 Ἰαμϐλίχου
1416 4750 1765 4807 ἀνεκάλυπτε
1815 4756 2032 4821 τούτοις

2143 4757 2311 4822 lium,
2344 4758 2493 4826 quod
2543 4757 2589 4812 is
2643 4757 2825 4812 Procli
2885 4767 2942 4812 et
2993 4758 3262 4822 Platonis,
3315 4759 3718 4827 amborumth

432 4833 707 4902 δόγματα,
733 4837 828 4890 καὶ
860 4838 1101 4906 μάλιστα
1126 4839 1224 4903 τὰς
1266 4841 1678 4912 Ἀριστοτέλους
1708 4845 1906 4916 τέχνας
1934 4849 2033 4901 καὶ

2143 4849 2585 4920 philosophorum
2619 4848 2908 4921 Porphyrii
2939 4860 2994 4905 ct
3023 4851 3276 4906 Jamhlici
3304 4850 3565 4924 (maxime
3583 4867 3716 4904 vero

432 4926 539 4998 τὴν
568 4927 644 4992 ὡς
669 4929 907 5001 ὀργάνου
935 4932 1330 5006 παρεχομένην
1365 4937 1580 5007 χρείαν,
1603 4938 1875 5009 ὑφηγεῖτο
1912 4943 2030 5005 τοῖς

2143 4941 2458 4997 Aristotelis
2493 4951 2610 5017 tum
2639 4950 2872 4998 caeteras
2909 4953 3060 4998 artes
3090 4958 3155 4998 ac
3189 4942 3381 5008 libros,
3415 4950 3532 4997 tum
3560 4942 3715 4997 illum

1514 5054 1708 5118 Variae
1749 5055 2060 5120 lectiones
2095 5075 2172 5119 ex
2203 5060 2344 5121 cod.
2379 5056 2649 5122 Coislin.

435 5178 556 5318 φὲκ
578 5177 674 5233 καὶ
868 5179 944 5304 έδο
970 5179 1334 5246 ξυνεπόδιζεν.
1390 5184 1432 5217 ⁵⁸
1474 5181 1633 5238 Deest
1671 5183 1864 5239 vocula
1888 5185 2008 5239 οὐκ.
2087 5186 2132 5218 δ’
2160 5186 2408 5240 ἐπέπνει.
2483 5184 2532 5217 ⁸³
2559 5186 3009 5258 εὖμηκεστάτων.
3067 5187 3112 5219 ⁸*
3146 5187 3488 5259 καθαριεὺει.
3546 5188 3591 5220 ⁸⁸
3625 5188 3718 5242 ὲκ-

515 5265 622 5318 ρει.
766 5266 862 5303 συν
899 5267 1158 5318 σφιγκτο.

515 5265 622 5319 ρει.
695 5265 741 5282 "’
766 5265 1158 5320 συνεσφιγκτο.

1536 5369 1679 5430 Car.
1710 5368 2041 5432 Dufresnii
2079 5374 2170 5435 Du
2205 5373 2430 5452 Cangii
2459 5383 2650 5436 nota).

653 5465 959 5550 Διειιέγετρ
992 5468 1099 5536 γὰρ
1133 5467 1233 5550 καὶ
1260 5467 1434 5550 ἔπεσι
1467 5471 1565 5526 καὶ
1599 5472 1834 5550 χερσίν.
1864 5471 2020 5537 Quod

2143 5485 2172 5527 rt
2211 5479 2347 5550 sicut
2383 5479 2435 5529 in
2472 5478 2615 5529 omni
2662 5487 2804 5550 ac_tn_
2837 5475 2958 5528 vita:
3015 5475 3069 5550 id
3117 5489 3300 5526 cavere
3339 5471 3602 5550 debent-ns.
3630 5487 3706 5550 _ne

434 5537 499 5590 in
553 5537 1051 5608 disceptationibus
1109 5539 1392 5595 vitandum
1452 5537 1642 5608 praesa]
1661 5543 1756 5594 tim
1832 5550 2020 5595 utouct
2124 5548 2387 5600 rationem
2423 5560 2595 5600 motus
2617 5545 2886 5606 excludat,
2932 5545 3024 5598 sed
3058 5555 3327 5597 teneamus
3377 5540 3589 5592 consilii
3622 5541 3704 5592 lo-

437 5608 510 5660 D.
537 5607 1009 5683 Ambrosius,_lih_.
1041 5624 1054 5660 ι
1088 5609 1162 5662 De
1196 5610 1348 5676 ofﬁc.
1389 5607 1512 5674 can.
1539 5611 1611 5664 22
1637 5629 1650 5663 :
1679 5612 1828 5666 Absit
1856 5615 2014 5682 perti-

2143 5633 2266 5676 ἀντι.
2315 5619 2393 5670 ita
2439 5619 2600 5670 etiam
2660 5617 2713 5668 in
2772 5631 3012 5669 sermone
3057 5614 3348 5683 formula»:
3379 5626 3494 5662 eam
3532 5618 3707 5666 tenere

429 5693 553 5753 nats
609 5679 665 5730 in
731 5677 1290 5753 familiari_scrntone
1341 5683 1640 5753 contentio;
1702 5677 2018 5752 qtttestiones
2117 5691 2376 5753 convenit,
2421 5705 2484 5741 ne
2512 5697 2605 5742 aut
2638 5688 2720 5740 ira
2749 5687 3032 5748 excitetur,
3057 5677 3151 5737 aut
3195 5684 3400 5753 odium,
3431 5690 3523 5732 aut
3559 5683 3709 5753 cupi-

431 5749 580 5827 enim
605 5751 772 5827 magis
815 5751 1050 5827 accitam
1090 5752 1273 5827 inanes
1303 5749 1463 5827 quam
1499 5749 1723 5827 aliquid
1758 5754 2014 5827 utilitatis
2115 5760 2302 5814 ditatis
2328 5749 2548 5819 ηοω-α’.
2602 5767 2692 5812 aut
2719 5757 2944 5827 ignavia:
2990 5754 3179 5826 aliqua
3228 5752 3590 5825 exprimamus
3619 5749 3713 5807 in-

435 5819 635 5888 alrerre
661 5820 815 5874 solet.
842 5819 1171 5884 Disceptatio
1200 5819 1440 5886 sinc'ira,
1485 5819 1599 5877 sine
1646 5823 2010 5878 amaritudine
2116 5829 2284 5884 dicia.

435 5889 536 5962 sit,
561 5892 782 5947 monitio
803 5892 918 5947 sine
940 5893 1248 5964 asperitate,
1276 5894 1511 5950 hortatio
1552 5894 1664 5950 sine
1681 5895 1962 5966 offensione
1990 5910 2006 5948 :
