4110 6410
417 377 523 442 435

1739 383 1972 446 ΑΝΝίΕ
2007 381 2396 446 COMNEN/E

3583 379 3695 457 43.6

422 490 727 560 praesertim
770 507 934 563 quem
978 492 1269 567 inscripsit
1312 494 1612 568 Organum,
1657 509 1770 568 quo
1802 512 1863 552 se
1904 510 2002 566 po-

2109 492 2358 547 ὲθὲλουσι
2391 493 2810 564 πραγματείαν,
2845 493 2941 549 καὶ
2982 493 3159 577 ταύτῃ
3208 493 3415 562 μᾶλλον
3457 492 3696 565 ὲνηϐρή-

419 585 697 639 tissimum
725 585 975 653 jactabat
1018 587 1214 657 Italus,
1249 596 1309 644 ut
1347 590 1403 645 in
1441 589 1602 660 cujus
1636 590 2004 650 meditatione

419 681 547 751 plus
574 679 672 734 otii
706 680 975 750 triverat)
1022 682 1340 738 clarissime
1373 698 1434 739 se
1465 683 1728 755 dogmata
1773 686 2003 756 exposi-

422 786 608 828 turum
643 774 1026 844 proﬁtebatur.
1072 774 1132 830 Id
1180 776 1275 832 ille
1323 783 1607 844 utcunque
1645 787 1877 835 conatus
1921 789 2007 835 est

418 865 676 935 exsequi,
710 866 857 919 haud
890 866 1127 921 multum
1180 874 1364 924 tamen
1400 869 1667 939 prodesse
1712 871 2005 941 discipulis

424 956 631 1015 valuit:
677 956 964 1012 iracundia
996 958 1164 1013 credo
1212 965 1268 1011 et
1312 959 1737 1029 importunitate
1784 974 2003 1015 morum

416 1051 678 1106 obstante
713 1051 1056 1122 perceptioni
1088 1052 1384 1119 doctrinae,
1434 1053 1512 1109 rei
1540 1064 1740 1108 natura
1770 1054 1913 1110 lenis
1942 1070 2006 1109 ac

420 1143 734 1199 clementis.
786 1143 918 1213 Ejus
950 1160 1088 1200 sane
1117 1148 1198 1200 rei
1245 1145 1404 1202 ﬁdem
1457 1147 1629 1205 faciat
1689 1149 2005 1206 recordatio

419 1236 536 1305 ipsa
569 1250 631 1290 ac
662 1239 875 1293 mentio
906 1239 1219 1295 auditorum
1243 1240 1386 1295 itali.
1424 1242 1559 1298 Vide
1585 1242 1719 1298 mihi
1752 1243 2006 1298 Salomo—

421 1343 544 1383 nem
579 1336 634 1382 et
675 1329 948 1387 Joannem
1006 1331 1155 1396 illos,
1200 1342 1317 1388 tum
1368 1332 1581 1390 Jasitas
1629 1338 1899 1404 quosdam
1951 1346 2005 1388 et

421 1422 694 1490 Scrblias,
745 1434 800 1479 et
856 1426 997 1481 alios
1049 1426 1285 1482 istorum
1356 1436 1671 1498 temporum
1733 1428 2004 1484 doctrina:

420 1517 726 1574 studiosos.
760 1520 1032 1588 Equidem
1070 1520 1369 1591 plerosque
1411 1532 1605 1591 postea
1644 1522 1874 1578 memini
1918 1522 2001 1576 vi-

419 1608 554 1666 dere
588 1627 675 1666 me
705 1609 1127 1682 frequentantes
1158 1613 1342 1668 aulam
1396 1614 1634 1683 regiam,
1691 1614 1747 1670 in
1799 1616 2004 1686 quibus

423 1700 562 1755 nihil
600 1718 848 1765 unquam
902 1704 1157 1775 elegans,
1198 1704 1337 1760 nihil
1374 1706 1633 1777 politum,
1684 1721 1757 1762 ne
1810 1715 2004 1763 exacte

2109 606 2232 643 νετο
2262 587 2357 644 καὶ
2388 588 2766 660 ὲνησχόλητο),
2801 589 2863 643 ού
2910 572 3053 646 πάνυ
3086 572 3171 644 τοι
3208 588 3254 622 ’⁵⁷
3311 589 3437 651 τοὺς
3486 588 3698 657 μανθάι

2107 699 2299 747 νοντας
2349 681 2630 753 ὠφελῆσαι
2672 683 2927 753 ἐξίσχυσε
2957 683 3026 753 ⁸⁸,
3058 682 3152 739 τὸν
3185 681 3383 750 θυμὸν,
3432 681 3530 734 καὶ
3592 682 3695 751 τὴν

2107 776 2273 849 ἀλλην
2327 776 2421 830 τοῦ
2466 754 2633 848 ﬁlice;
2686 778 3106 832 ἀκαταστασίαι)
3146 775 3383 845 κώλυμα
3437 775 3480 807 ⁵³
3526 774 3692 845 ἔχων.

2107 871 2219 926 Καὶ
2248 872 2350 942 ὅρα
2377 888 2469 941 μοι
2499 871 2625 934 τοὺς
2662 871 2857 925 τούτου
2902 868 3175 941 μαθητάς.
3227 868 3333 923 Τὸν
3361 867 3697 937 Σολομῶντα

2118 960 2396 1031 Ἰωάννην,
2431 958 2530 1015 καί
2568 979 2724 1025 τινας
2763 961 3003 1024 Ἰασίτας
3067 960 3203 1031 (67),
3252 959 3353 1013 καῖ
3396 958 3694 1027 Σερόλίας,

2106 1055 2201 1108 καὶ
2221 1053 2415 1117 ἄλλους
2436 1053 2579 1124 τάχα
2625 1054 2757 1125 περὶ
2800 1055 2901 1124 τὴν
2947 1053 3192 1123 μάθησιν
3245 1050 3693 1116 ἐσπουδακόταςο

2103 1141 2179 1202 ὧν
2209 1148 2339 1214 τοὺς
2371 1149 2596 1213 πλείους
2630 1148 2783 1220 θαμὰ
2809 1147 3119 1219 φοιτῶντας
3150 1148 3289 1221 πρὸς
3312 1146 3382 1200 τὰ
3417 1145 3695 1217 βασίλεια,

2104 1241 2201 1296 καὶ
2242 1242 2384 1313 αὑτὴ
2449 1242 2777 1313 ἐθεασάμην
2830 1242 3086 1315 ὕστερον,
3131 1240 3387 1313 τεχνικὸν
3438 1240 3611 1311 μηδέν
3642 1258 3698 1295 τι

2105 1332 2251 1388 κατά
2293 1334 2587 1407 ἀκρίϐειαν
2630 1334 2868 1403 εἰδότας,
2921 1334 3446 1406 σχηματιζομένους
3496 1334 3554 1388 δὲ
3603 1333 3698 1389 τὸν

2103 1427 2469 1494 διαλεκτικὸν,
2522 1428 2812 1500 κινήσεσιν
2854 1428 3142 1493 ἀτάκτοις,
3178 1428 3275 1482 καὶ
3335 1429 3550 1498 μορίων
3594 1444 3704 1482 πα-

2107 1519 2372 1592 ραφόροις
2391 1519 2504 1574 τισὶ
2537 1521 2880 1592 μεταφοραῖς
2913 1520 3069 1589 ὑγιὲς
3112 1520 3169 1574 δὲ
3198 1520 3354 1574 οὐδὲν
3383 1519 3699 1590 ἐπισταμέ-

2104 1629 2253 1679 νους,
2303 1613 2787 1684 προϐαλλομένους
2820 1612 2921 1679 τὰς
2962 1613 3111 1678 ἰδέας
3149 1614 3251 1685 ἤδη
3302 1612 3362 1667 δὲ
3389 1613 3437 1646 ⁵⁸
3470 1613 3567 1667 καὶ
3599 1614 3701 1676 τὰς

2107 1703 2565 1777 μετεμψυχώσεις
2594 1707 3082 1779 συνεσκιασμένως
3114 1725 3255 1773 πως,
3288 1708 3384 1761 καὶ
3422 1706 3538 1761 ἀλλ’
3561 1707 3701 1763 ἅττα

420 1794 643 1864 quidem
681 1811 746 1851 ac
787 1797 965 1854 solide
995 1798 1222 1865 scitum,
1271 1798 1663 1855 animadverti.
1721 1800 2000 1857 Imitatio-

421 1900 544 1940 nem
576 1893 791 1940 tantum
821 1886 1158 1942 inconditam
1198 1887 1476 1943 dialectici
1509 1890 1866 1959 praeceptoris
1891 1889 2000 1956 sui,

2104 1798 2463 1871 ὁμοιότροπα,
2519 1799 2615 1853 καὶ
2658 1800 3066 1872 παραπλησίως
3128 1801 3348 1863 τούτοις
3398 1799 3697 1863 ἀλλόκοτα,

2107 1891 2202 1946 καὶ
2235 1891 2321 1958 τίς
2355 1892 2466 1964 γάρ
2517 1891 2682 1963 λόγου
2719 1894 2969 1965 μετέχων
3026 1894 3088 1948 οὐ
3131 1894 3347 1965 παρῆν,
3401 1893 3496 1948 τοῦ
3550 1890 3700 1964 ἱεροῦ

419 1977 579 2047 cujus
614 1990 805 2050 gestus
833 1979 1056 2047 efferus,
1106 1991 1261 2038 vasta
1290 1981 1595 2051 iactatione
1628 1983 2003 2037 membrorum

2109 1985 2344 2055 ζεύγους
2400 1985 2661 2042 τοσοῦτον
2718 1989 2851 2059 περὶ
2883 1986 2985 2057 τὴν
3023 1986 3137 2040 τῶν
3173 1986 3337 2041 θείων
3367 1986 3545 2055 λόγων
3583 1986 3705 2053 ἐξε-

418 2080 606 2127 truces
637 2080 691 2129 et
726 2072 1016 2129 inhumani
1051 2076 1529 2143 repraesentabant
1571 2073 1735 2130 :sani
1780 2075 2004 2144 quidem

2110 2077 2392 2150 ρεύνησιν,
2418 2078 2506 2133 διὰ
2541 2079 2727 2151 πάσης
2753 2058 2952 2144 νυκτὸς
2973 2080 3068 2134 καὶ
3091 2078 3305 2151 ἡμέρας
3325 2058 3731 2145 διαπονουμέοξ

419 2162 746 2218 sentiebant
783 2162 1215 2234 proferebantve
1251 2165 1413 2221 nihil.
1447 2163 1593 2231 Quin
1629 2165 1781 2221 ideas
1813 2164 2004 2235 loque-

2109 2185 2234 2234 νων,
2275 2171 2403 2228 τοὺς
2434 2170 2603 2239 ἐμούς
2635 2150 2783 2242 φημι
2809 2173 3008 2235 τοκέας
3028 2173 3125 2226 καὶ
3150 2150 3417 2242 βασιλεῖς.
3460 2170 3624 2225 Ἀλλά
3643 2150 3722 2224 τι⁸

417 2253 645 2322 bantur,
685 2265 740 2312 ct
777 2257 970 2313 nescio
1016 2257 1149 2328 quid
1193 2258 1263 2314 de
1301 2257 1805 2313 transanimatione
1856 2273 2005 2313 mus-

2109 2261 2309 2332 utxp‘iv
2342 2262 2880 2335 παραδιηγήσομαιο
2924 2263 3095 2318 δίδοσι
3133 2263 3181 2299 ⁸¹
3237 2263 3348 2335 γάρ
3389 2279 3483 2332 μοι
3536 2261 3702 2315 τοῦτο

416 2351 661 2407 sitabant
723 2352 1077 2409 subobscure
1128 2369 1143 2409 :
1203 2354 1570 2424 eiusdemque
1643 2353 1748 2407 alia
1809 2349 2003 2407 farina:

2109 2354 2267 2424 νόμος
2313 2355 2634 2427 ῥητορικός.
3711 2338 3732 2450 ἱ

414 2444 740 2502 Christiano
804 2448 1064 2519 dogmate
1118 2448 1435 2519 proscripta
1502 2448 1835 2504 delirabant.
1888 2446 2002 2503 Nec
2044 2447 2363 2517 mirabitur,
2398 2451 2546 2522 quod
2587 2450 2700 2505 dixi
2748 2450 3160 2522 frequentatam
3198 2451 3268 2507 ab
3338 2450 3425 2506 his
3484 2448 3703 2513 aulam,

415 2538 507 2607 qui
537 2541 880 2609 reputaverit
907 2550 1113 2611 quanta
1150 2551 1204 2598 et
1239 2558 1404 2612 quam
1456 2542 1709 2613 professa
1752 2542 2144 2600 benevolentia
2176 2558 2396 2598 sacrum
2453 2543 2587 2599 illud
2659 2559 2763 2615 par
2824 2542 3121 2616 coniugum
3183 2543 3476 2615 (parentes
3550 2557 3706 2602 meos

416 2634 701 2704 Augustos
729 2634 897 2705 dico)
934 2633 1145 2690 litteras
1171 2645 1224 2691 et
1258 2635 1531 2692 litteratos
1571 2638 2019 2708 amplecteretur.
2061 2636 2178 2703 Qua
2250 2652 2311 2693 re
2370 2637 2509 2693 satis
2553 2637 2772 2708 vulgata
2822 2637 3010 2693 nullus
3066 2637 3296 2693 omnino
3353 2639 3448 2708 qui
3505 2637 3709 2694 litteris

417 2728 671 2785 initiatus
728 2737 899 2795 esset,
956 2746 1070 2785 non
1124 2731 1192 2786 ad
1240 2746 1337 2787 eos
1399 2732 1569 2787 itabat
1634 2731 1999 2787 conﬁdenter.
2079 2730 2256 2785 Porro
2346 2731 2532 2787 studia
2592 2746 2703 2786 non
2770 2730 2896 2785 aliis
2951 2731 3136 2787 fovere
3184 2731 3365 2802 magis
3426 2746 3593 2801 quam
3649 2730 3704 2787 in
3780 2804 3783 2809 ι

416 2823 618 2893 seipsis
647 2835 911 2878 exercere
955 2837 1093 2879 cura
1128 2831 1268 2879 erat.
1305 2823 1799 2880 Consumebantur
1854 2824 1994 2888 dies,
2036 2821 2451 2895 'vigilabantur
2520 2833 2718 2878 noctes
2764 2823 2834 2878 ab
2892 2831 3154 2894 utroque,
3214 2823 3271 2878 in
3331 2824 3699 2881 meditatione

417 2932 705 2973 sacrorum
796 2916 1118 2975 Librorum.
1169 2919 1353 2991 Atque
1418 2920 1509 2977 hic
1604 2920 1736 2975 libet
1795 2919 1875 2976 uti
1934 2916 2195 2974 facultate
2273 2933 2439 2988 quam
2540 2917 2822 2974 rhetorica
2884 2916 3151 2990 indulget,
3213 2917 3458 2975 breviter
3513 2917 3704 2990 digre-

417 3012 625 3069 diendi.

492 3104 719 3161 Memini
781 3105 1096 3177 Augustam
1162 3114 1398 3165 matrem
1477 3124 1654 3164 meam
1714 3123 1819 3164 nec
1875 3121 2001 3163 cum

2109 3099 2481 3172 ῖΜέμνημαι
2533 3103 2637 3172 τῆς
2689 3101 2899 3172 μητρὸς
2952 3100 3050 3155 καὶ
3099 3100 3373 3175 βασιλίδος
3422 3100 3708 3168 πολλάκις,

424 3214 618 3254 mensa
651 3197 832 3268 posita
861 3197 929 3251 ad
963 3211 1179 3253 coenam
1211 3208 1509 3254 vocaretur
1544 3198 1799 3269 potuisse
1831 3198 2003 3268 depo-

2109 3192 2331 3265 ἀρίστου
2392 3190 2790 3263 προκειμένου,
2827 3189 3015 3261 βίϐλον
3075 3191 3135 3245 ἐν
3163 3194 3350 3262 χεροῖν
3405 3189 3703 3261 φερούσης,

418 3306 553 3347 nere
588 3291 654 3345 de
686 3290 949 3345 manibus
968 3306 1109 3359 quos
1130 3290 1455 3346 avidissime
1485 3290 1772 3347 lectitabat
1803 3291 2005 3356 libros,

417 3398 543 3438 cum
577 3382 816 3438 aliorum
842 3391 1162 3438 sanctorum
1199 3381 1423 3438 Patrum
1454 3383 1551 3455 qui
1588 3384 1655 3439 de
1700 3384 1880 3441 sacris
1908 3384 2006 3440 do—

417 3474 699 3544 gmatibus
724 3485 983 3545 egerunt,
1015 3481 1132 3530 tum
1165 3475 1474 3546 praesertim
1535 3476 1715 3532 sancti
1774 3474 2001 3531 Maximi

419 3568 733 3639 pbiIoSOpbi
772 3576 828 3624 et
865 3569 1151 3642 martyris.
1186 3569 1506 3625 Delectabat
1535 3570 1682 3625 enim
1716 3571 1864 3626 illam
1893 3585 2001 3625 non

421 3671 531 3714 tam
576 3662 948 3729 qumstionum
977 3660 1280 3730 explicatio
1310 3661 1675 3727 naturalium,
1724 3676 1889 3732 quam
1923 3662 2007 3716 di-

419 3754 675 3809 vinorum
700 3755 1021 3824 dogmatum
1059 3755 1454 3824 perscrutatio,
1482 3754 1536 3808 in
1571 3770 1811 3825 quorum
1842 3753 2006 3809 intel-

420 3846 645 3916 ligentia
699 3861 890 3901 verum
950 3861 1230 3915 germanae
1289 3847 1581 3917 sapientia:
1651 3847 1895 3903 fructum
1953 3856 2007 3903 et

422 3939 635 3994 sciebat
674 3939 867 4004 situm,
899 3947 953 3993 et
1001 3939 1301 4008 quaerebat.
1367 3936 1604 3995 Mirabar
1651 3955 1714 3996 ea
1773 3951 2008 3998 cernens

420 4047 546 4100 ego,
610 4038 664 4086 ct
714 4030 1017 4101 aliquando
1083 4046 1220 4088 ausa
1267 4031 1398 4103 quid
1440 4033 1702 4089 sentirem
1772 4033 2005 4091 dicere:

421 4125 732 4192 Quomodo,
777 4125 1024 4196 inquam,
1061 4140 1092 4182 e
1134 4127 1297 4197 plano
1333 4126 1387 4181 in
1426 4126 1774 4183 altitudinem
1826 4129 2010 4199 suspi-

424 4235 551 4273 cere
581 4226 634 4273 te
667 4216 869 4288 juvat?
911 4226 1089 4273 tremo
1117 4218 1374 4289 equidem
1417 4234 1521 4290 ego
1553 4220 1807 4287 intuens,
1834 4236 1899 4277 ac
1937 4239 2008 4279 ne

423 4312 654 4367 summis
715 4310 939 4381 quidem
996 4310 1229 4367 auribus
1301 4312 1595 4370 admittere
1670 4316 2008 4372 mentionem

422 4401 600 4479 audeo
656 4416 988 4457 arcanorum
1047 4411 1156 4457 tam
1222 4403 1570 4460 sublimium.
1618 4407 1808 4479 Stylus
1837 4408 2008 4475 enim,

422 4476 683 4553 ut'aiunt,
719 4491 896 4546 sancti
946 4489 1170 4546 Maximi
1228 4502 1455 4549 evectus
1515 4476 1789 4553 altissime
1841 4512 2007 4568 supra

422 4598 586 4637 nsum
619 4590 675 4637 et
700 4591 925 4653 captum
969 4583 1342 4642 humanorum
1387 4601 1682 4651 sensuum,
1742 4597 1797 4643 et
1826 4591 1880 4644 in
1908 4589 2011 4646 eli-

423 4675 774 4745 quatissimis
833 4678 1406 4747 coutemplationibus
1456 4681 1687 4738 assidue
1739 4682 2004 4747 volitans,

2104 3287 2202 3342 καὶ
2244 3286 2372 3348 τοὺς
2425 3284 2623 3354 λόγους
2673 3283 3116 3353 διερευνωμένης
3162 3283 3274 3337 τῶν
3326 3282 3706 3353 δογματιστῶν

2109 3378 2282 3448 ἁγίων
2315 3377 2602 3449 Πατὲρων,
2634 3377 2877 3446 μάλιστα
2910 3375 2969 3430 δὲ
2992 3375 3086 3430 τοῦ
3122 3374 3422 3446 φιλοσόφου
3453 3374 3705 3446 Μαξίμου

2109 3471 2205 3526 καὶ
2243 3469 2544 3542 μάρτυρος.
2611 3467 2975 3525 Ἐσπουδάκει
3037 3469 3148 3542 γὰρ
3182 3469 3244 3523 οὐ
3272 3468 3531 3524 τοσοῦτον
3582 3467 3712 3540 περὶ

2105 3564 2206 3628 τὰς
2234 3564 2473 3632 φυσικὰς
2528 3562 2878 3636 συζητήσεις,
2910 3563 3111 3617 ὁπόσον
3142 3562 3273 3634 περὶ
3337 3562 3408 3617 τὰ
3442 3563 3709 3632 δόγματα,

2107 3657 2206 3728 τὴν
2234 3657 2407 3721 ὅντως
2466 3655 2659 3727 σοφίαν
2701 3655 3056 3727 καρποῦσθαι
3086 3655 3408 3727 βουλομένη.
3467 3656 3582 3710 Καί
3621 3672 3713 3726 μοι

2112 3748 2380 3812 πολλάκις
2440 3748 2748 3819 θαυμάζειν
2784 3748 2966 3821 ἐπῄει,
3016 3746 3114 3801 καὶ
3178 3746 3543 3816 θαυμάζουσα
3574 3748 3717 3817 ἔφην

2109 3843 2246 3897 ποτὲ
2275 3842 2412 3915 πρὸς
2438 3842 2634 3910 αὐτὴν·
2679 3840 2804 3904 Πῶς
2844 3840 3076 3896 αὐτόθεν
3104 3840 3242 3910 πρὸς
3281 3838 3539 3894 τοσοῦτον
3578 3839 3715 3906 ὕψος

2110 3934 2457 4005 ἔπέὸλεψας;
2516 3934 2735 4003 Ἔγωγε
2780 3931 2997 4004 τρέμω,
3045 3932 3140 3986 καὶ
3175 3931 3287 3986 οὐδ’
3335 3931 3529 4003 ἄκρος
3574 3930 3715 3985 ὠσὶν

2110 4026 2407 4098 ἀποτολμῶ
2445 4026 2654 4080 τούτων
2685 4025 2925 4079 ἐπαΐειν.
2955 4023 3030 4077 Τὸ
3065 4023 3176 4095 γὰρ
3202 4024 3346 4079 πάνυ
3370 4021 3715 4094 θεωρητικόν

2109 4139 2171 4176 τε
2200 4122 2297 4177 καὶ
2336 4121 2524 4193 νοερὸν
2559 4120 2654 4174 τοῦ
2710 4120 2924 4193 ἀνδρὸς,
2959 4119 3035 4183 ὥς
3075 4137 3263 4188 φασιν,
3300 4117 3507 4187 ἴλιγγον
3539 4115 3713 4187 παρέ-

2109 4230 2267 4286 χεται
2297 4213 2414 4278 τοῖς
2445 4209 2941 4281 ἀναγινώσκουσιν.
2993 4210 3056 4262 Ἥ
3085 4208 3143 4263 δὲ
3180 4208 3514 4280 μειδιάσασα
3571 4206 3699 4278 ἔφη’

2123 4301 2449 4373 Ἐπαινετὴν
2467 4295 2585 4355 οῖδα
2611 4298 2714 4371 τὴν
2771 4298 2977 4353 δειλίαν
3023 4298 3251 4369 ταύτην*
3283 4299 3380 4351 καὶ
3432 4296 3544 4350 οὐδ’
3573 4295 3713 4367 αὐτὴ

2113 4396 2359 4467 ἀτρέμας
2383 4396 2507 4457 ταῖς
2547 4392 2756 4464 βίϐλοις
2778 4390 3008 4454 ταύταις
3042 4390 3329 4463 πρόσειμι.
3387 4389 3535 4443 Ἀλλ’
3564 4389 3716 4459 ὅμως

2112 4488 2463 4545 ἀποσπᾶσθαι
2511 4485 2719 4539 τούτων
2773 4485 2836 4539 ού
2866 4484 3124 4554 δύναμαι.
3174 4484 3246 4538 Σὺ
3293 4482 3351 4538 δέ
3391 4500 3480 4553 μοι
3517 4481 3746 4554 μικρὸν,

2111 4577 2432 4653 ἀνάμεινον,
2460 4581 2560 4635 καὶ
2583 4581 2701 4642 ταῖς
2732 4579 2926 4643 ἄλλαις
2953 4550 3244 4648 ἐγκύψασα
3270 4550 3480 4648 βίϐλοις
3510 4575 3713 4648 πρότε-
3736 4550 3747 4585 ὶ

2123 4694 2235 4750 ρον,
2265 4678 2363 4730 καὶ
2399 4673 2503 4744 τῆς
2534 4672 2743 4727 τούτων
2788 4670 3093 4739 ἀπογεύσει
3136 4670 3426 4741 ἡδύτητος.
3464 4668 3713 4739 Ἐτρωσὲ

422 4767 759 4838 vertiginem
810 4769 1109 4839 quamdam
1149 4769 1307 4826 aﬂ'ert
1361 4771 1697 4843 legentibus.
1749 4774 1833 4829 Ad
1890 4775 2005 4831 bzcc

2118 4789 2220 4839 μου
2258 4770 2359 4842 τὴν
2386 4767 2617 4837 καρδίαν
2639 4767 2673 4837 ἡ
2696 4766 2806 4819 τῶν
2826 4764 3106 4837 ῥηθέντων
3145 4764 3253 4836 μνῆ
3263 4781 3360 4835 μη,
3394 4761 3489 4816 καὶ
3522 4760 3714 4831 ὥσπερ

427 4857 680 4915 arridens
711 4858 827 4927 illa,
869 4858 1230 4916 Laudabilem
1270 4862 1460 4926 istum,
1495 4863 1593 4928 ait,
1632 4874 1840 4918 metum
1866 4867 2005 4921 scio.

423 4949 620 5019 Neque
645 4964 744 5020 ego
779 4951 899 5005 sine
934 4958 1178 5006 tremore
1223 4951 1290 5005 ad
1326 4949 1489 5023 148
1522 4966 1718 5007 sacros
1757 4953 1859 5009 bos
1918 4966 2010 5008 ac-

427 5040 563 5097 cedo
615 5042 808 5109 libros,
840 5051 1024 5099 tamen
1061 5043 1226 5099 avelli
1259 5043 1329 5098 ab
1362 5045 1446 5099 eis
1495 5059 1712 5116 nequeo
1740 5062 1754 5100 :
1785 5048 1917 5117 quin
1952 5056 2009 5104 tu

2116 4869 2194 4930 είς
2228 4865 2463 4932 πέλαγος
2495 4860 2624 4917 ἄλλο
2646 4861 2693 4894 ⁸³
2720 4858 3083 4929 διηγημάτων
3111 4858 3481 4927 ὲμπέπτωκα.
3552 4853 3636 4907 Ἀ)
3648 4852 3714 4907 λά

2124 4975 2190 5028 με
2227 4955 2427 5027 θεσμὸς
2457 4952 2700 5024 ἱστορίας
2742 4950 3019 5020 ἀπείργει·
3052 4950 3207 5004 ἐνθεν
3241 4968 3324 5004 τοι
3355 4951 3452 5004 καὶ
3475 4949 3614 5018 πρὸς
3644 4947 3717 5003 τὰ

2122 5050 2267 5105 κατά
2295 5053 2386 5105 τὸν
2430 5045 2632 5102 Ἰταλὸν
2664 5044 3014 5116 ἁνατρεχέτω
3049 5045 3077 5096 ὁ
3105 5043 3283 5113 λόγος.

429 5138 566 5193 mihi
608 5139 886 5209 paulisper
916 5145 1201 5209 exspecta,
1245 5146 1300 5194 et
1330 5139 1421 5194 ubi
1450 5137 1577 5205 alia,
1625 5139 1678 5194 iu
1720 5141 1923 5210 quibus
1970 5141 2212 5199 formare
2239 5143 2524 5216 ingenium
2551 5141 2708 5214 prius
2774 5154 2874 5210 par
2913 5149 3020 5205 est,
3063 5139 3204 5195 satis
3225 5138 3429 5208 scripta
3509 5152 3714 5205 cogno-

427 5231 525 5300 ris,
559 5232 752 5289 borum
782 5231 982 5289 deinde
1016 5232 1348 5289 suavitatem
1382 5233 1727 5303 degustabis.
1758 5233 2047 5291 Percussit
2078 5237 2214 5291 mibi
2285 5252 2384 5293 cor
2449 5237 2650 5292 borum
2724 5234 2993 5290 memoria
3060 5232 3385 5299 dictorum;
3440 5240 3496 5287 et
3551 5244 3692 5304 quas

1473 5369 1683 5430 Varias
1715 5370 2025 5433 lectiones
2062 5389 2146 5434 ex
2176 5371 2317 5433 cod.
2353 5370 2624 5433 Coislin.

497 5475 543 5508 ⁸⁷
576 5491 653 5529 τι.
713 5473 761 5508 ³⁸
791 5473 1070 5546 ἐνίσχυσε.

1164 5472 1210 5504 δ’
1235 5472 1520 5545 κωλύμην.
1597 5475 1645 5507 ⁸ο
1678 5475 1889 5531 Desunt
1923 5492 2087 5532 voces
2112 5477 2212 5550 ἤδη
2249 5477 2327 5533 δέ.

2419 5478 2464 5510 ⁸⁸
2496 5476 2701 5533 δίδωσι.
2786 5478 2833 5510 ⁸⁸
2870 5475 3063 5530 ἇλὶων.

1522 5612 1662 5676 Car.
1697 5613 2028 5675 Dufresnii
2056 5614 2156 5674 Du
2185 5613 2411 5693 Cangii
2444 5616 2636 5675 notua.

503 5712 613 5781 (67)
654 5713 930 5780 ‘Iao'i'tac.
964 5711 1193 5770 Jasitam
1229 5713 1418 5770 nescio
1441 5729 1604 5784 quem
1638 5713 1803 5768 habet
1824 5713 2011 5769 Theo-

431 5782 744 5854 pbylactus.
809 5786 977 5852 epist.
1032 5785 1122 5838 33.
1201 5785 1383 5839 Alium
1443 5782 1694 5854 ejusdem
1744 5784 2007 5854 nominis,

434 5849 591 5907 Joan.
625 5849 877 5923 Tzctzes,
914 5854 1045 5912 cltil.
1081 5855 1136 5925 5,
1169 5868 1292 5926 cap.
1350 5854 1443 5923 l7;
1472 5849 1700 5912 'Jobum
1753 5853 2004 5923 Jasitam,

2117 5713 2529 5857 Εἰιξιιέῧξτοε,
2589 5713 2686 5770 lib.
2734 5727 2800 5779 ν,
2858 5725 2981 5784 cap.
3044 5707 3134 5777 l7.
3192 5706 3329 5768 Vide
3380 5705 3580 5766 Notata
3639 5702 3710 5763 ad

2156 5825 2239 5857 .0.
2386 5825 2402 5841 .

2156 5825 2239 5858 ..οι
2276 5825 2402 5841 νυ-.
