4110 6432
495 385 603 449 437

1765 386 2183 449 ALEXIADIS
2222 388 2376 455 LlB.
2413 392 2483 453 V.

2899 329 2947 383 ’θ
3660 399 3791 465 tas

493 504 548 556 in
573 501 720 555 aliud
755 500 1161 558 narraudarum
1195 516 1382 559 rerum
1436 501 1663 573 pelagus
1712 501 1906 559 incidi.
1966 502 2075 562 Sed
2116 505 2337 562 cohibet
2367 518 2422 562 et
2462 523 2799 566 re-‘ocaxunc
2829 512 2914 568 lex
2954 511 3222 567 historia}.
3258 511 3396 569 llinc
3460 511 3635 584 igitur
3695 517 3763 571 ad

490 593 688 649 Italum
719 606 976 649 recurrat
1000 611 1206 652 sermo.

573 689 665 742 Ἐν
700 687 911 751 τούτοις
940 689 1035 743 οὖν
1085 694 1198 754 τοῖς
1228 691 1438 748 ἄνωθεν
1501 693 1748 764 ῥηθεῖσιν
1778 695 1946 749 αὐτοῦ
1988 713 2084 765 μα·
2117 704 2160 758 Α

490 780 684 852 θηταῖς
750 780 1020 851 ἀκμάζων
1067 784 1097 837 ὀ
1129 783 1358 849 Ἰταλὸς,
1406 788 1542 840 πᾶσι
1594 790 2086 857 καταφρονητικῶς

491 874 896 944 προσεφέρετο,
928 875 1059 940 τοὺς
1096 876 1329 942 πολλοὺς
1373 878 1485 931 τῶν
1516 881 1762 952 ἀνοήτων
1791 880 1930 953 πρὸς
1984 884 2084 937 ἀν-

486 966 719 1036 ταρσίας
782 967 1063 1022 ἀνακινῶν
1102 970 1199 1023 καὶ
1239 970 1541 1042 τυράννους
1588 974 1653 1027 ὲκ
1710 973 1818 1025 τῶν
1868 974 2088 1028 οἰκείων

492 1057 840 1127 μαθημάτων
864 1058 910 1091 ⁸³
940 1061 1042 1114 οὐκ
1072 1059 1288 1130 ὀλίγους
1325 1063 1728 1128 ἀποκαθιστάς.
1770 1065 1883 1118 Καὶ
1937 1060 2087 1134 εἶχον

487 1149 725 1212 πολλοὺς
757 1153 1121 1224 προσφέρειν,
1155 1156 1203 1208 εί
1237 1155 1315 1226 μὴ
1343 1159 1371 1210 ὁ
1398 1157 1591 1227 χρόνος
1623 1176 1691 1227 με
1724 1159 1826 1228 τὴν
1863 1159 2087 1229 μνήμην

484 1242 766 1310 ἀφείλετο.
809 1244 973 1299 ’Δλλὰ
1003 1246 1179 1302 ταῦτα
1208 1249 1308 1316 μὲν
1337 1243 1479 1319 ἦσαν
1518 1250 1625 1321 πρὸ
1658 1249 1753 1303 τοῦ
1785 1250 2086 1321 ἀναχθῆναι

486 1333 578 1385 τὸν
605 1334 738 1404 ὲμδν
758 1337 972 1408 πατέρα
997 1341 1079 1403 είς
1094 1340 1195 1410 τὴν
1214 1344 1313 1411 τῆς
1336 1339 1613 1410 βασιλείας
1638 1344 1947 1414 περιωπήνο
1964 1345 2087 1398 ἐπεὶ

487 1425 547 1478 δὲ
569 1426 639 1479 τὰ
668 1427 767 1483 ὡδὶ
798 1430 1051 1494 παιδείας
1074 1426 1483 1504 εὗρενάπάσης
1514 1434 1713 1498 ἐνδεῶς
1743 1435 1960 1507 ἔχοντα,
1989 1437 2086 1491 καὶ

487 1518 685 1589 τέχνης
720 1520 945 1594 λογικῆς
983 1524 1081 1579 τοῦ
1119 1526 1282 1595 λόγου
1333 1527 1525 1599 πόρρω
1557 1546 1660 1584 που
1720 1529 2087 1597 ὰπελαθέντος

486 1612 654 1674 αὐτὸς
680 1614 857 1668 εἵπου
892 1616 1193 1688 σπινθῆρες
1221 1636 1365 1682 τινες
1396 1614 1538 1692 ἦσαν
1580 1620 1772 1675 τούτου
1817 1622 1920 1676 ὑπὸ
1949 1639 2086 1677 σπο-

488 1702 581 1774 διᾷ
633 1707 999 1778 κρυπτόμενοι
1054 1710 1424 1781 ἀναχωννύειν
1465 1713 1748 1783 ἠπείγετο,
1815 1717 1912 1770 καὶ
1958 1717 2085 1781 τοὺς

486 1798 605 1851 ὅσοι
642 1800 865 1867 περὶτὰ
894 1800 1202 1873 μαθήματα
1240 1805 1561 1877 ὲπιρῤεπῶς
1591 1803 1738 1879 εἶχον
1774 1804 1939 1882 (ἦσαν
1960 1810 2085 1883 ξγάρ

486 1905 636 1954 τινες
667 1893 759 1945 καὶ
788 1885 937 1948 οὗτοι
965 1894 1190 1968 βραχεῖς
1217 1899 1314 1953 καὶ
1346 1892 1493 1954 οὗτοι
1524 1901 1688 1972 μέχρι
1707 1902 1816 1956 τῶν
1834 1903 2086 1974 Ἀριστο-

486 1983 721 2038 τελικῶν
747 1985 1044 2057 ἑστηκότες
1069 1989 1407 2063 προθύρων),
1443 1992 1669 2058 τούτους
1712 1996 1850 2067 πρὸς
1906 1998 2085 2070 μάθη-

2264 698 2311 752 Is
2337 698 2623 753 fretusil‘la
2653 714 2820 768 quam
2870 698 3112 754 diximus
3167 699 3325 753 turba
3373 684 3766 766 discipulorum

2189 791 2758 862 despiciebat'prrese
2787 802 3039 856 cunctos,
3073 805 3123 847 et
3151 794 3379 849 insanos
3416 794 3481 847 ad
3512 795 3771 849 rebellio-

2188 902 2288 942 nes
2328 887 2647 941 concitabat
2678 905 2692 941 :
2728 888 2866 942 adeo
2896 895 3084 940 utnon
3128 889 3287 957 pauci
3322 905 3387 942 ex
3425 888 3546 954 ejus
3575 886 3766 939 schola

2188 979 2412 1051 tyranni
2464 981 2753 1049 eruperint
2813 996 2827 1034 :
2889 995 3031 1048 quos
3098 982 3384 1035 concitare
3434 981 3764 1033 nominatim

2189 1083 2464 1143 poteram,
2521 1072 2629 1127 nisi
2687 1073 3062 1141 longinquitas
3114 1056 3385 1140 tetnporis
3443 1072 3765 1137 igtmrabilia

2188 1168 2395 1237 alioqui
2432 1168 2655 1225 nomina
2688 1170 2966 1222 memerita
2993 1169 3367 1225 subtraheret.
3393 1166 3533 1219 baud
3571 1181 3767 1229 magno

2187 1262 2531 1317 narrationis
2569 1262 2733 1335 ltujns
2769 1262 2993 1323 damno,
3027 1278 3147 1330 quae
3173 1261 3226 1314 in
3264 1242 3631 1329 imperio'mei
3670 1272 3765 1324 pa-

2186 1353 2364 1408 rentis
2405 1353 2711 1419 professam
2752 1352 3024 1420 expromit
3078 1367 3324 1419 operam.
3382 1350 3589 1405 Caetera
3646 1364 3767 1414 quae

2187 1443 2325 1499 illttd
2377 1453 2725 1501 antecessere
2754 1445 2936 1515 qualia
2974 1445 3075 1500 ista
3132 1453 3282 1508 sunt,
3341 1459 3451 1498 non
3511 1442 3771 1507 sequitur

2186 1534 2372 1592 anxie.
2406 1534 2570 1590 Pater
2597 1550 2729 1605 ergo
2760 1550 2915 1589 meus
2959 1534 3251 1603 imperium
3312 1545 3610 1599 capessens
3667 1542 3773 1595 pro

2185 1644 2288 1687 suo
2317 1629 2372 1683 in
2409 1629 2623 1684 litteras
2653 1643 2839 1683 amore
2861 1642 3000 1696 quas
3033 1626 3138 1681 coli
3173 1624 3388 1679 videbat
3418 1639 3446 1676 a
3473 1621 3769 1691 perpaucis

2184 1737 2488 1792 veramque
2515 1721 2880 1775 ratiocinandi
2914 1728 3089 1773 artem
3127 1718 3385 1773 exsulare
3433 1731 3459 1768 a
3485 1728 3763 1775 sermone,

2185 1817 2393 1887 ubique
2434 1816 2789 1873 scrutabatur
2836 1815 2883 1869 si
2932 1829 3070 1886 quas
3100 1812 3432 1869 eruditionis
3488 1809 3766 1865 scintillas

2184 1910 2287 1967 sub
2321 1910 2510 1965 cinere
2545 1908 2759 1979 uspiam
2810 1907 3045 1963 latentes
3077 1906 3338 1961 excitare
3364 1904 3418 1957 in
3457 1904 3633 1956 lucem
3666 1917 3768 1970 pu-

2188 2001 2332 2057 blico
2383 2001 2540 2057 urbis
2597 2008 2763 2069 atque
2816 1998 2967 2053 orbis
3023 1997 3172 2052 bono
3222 2003 3428 2066 posset.
3470 1993 3604 2059 Qua:
3639 2006 3769 2060 ergo

493 2090 582 2126 σιν
613 2076 857 2148 ὀτρύνων
909 2081 1011 2134 οὐκ
1043 2060 1305 2149 ἐνεδίδου,
1345 2086 1713 2156 προηγεῖσθαι
1848 2060 1948 2162 την
1977 2060 2083 2145 τῶν

2187 2102 2313 2166 apta
2350 2094 2415 2149 ad
2447 2094 2736 2150 doctrinas
2785 2104 2838 2148 et
2890 2092 2956 2147 ad
3014 2091 3258 2147 studium
3318 2102 3489 2158 prona
3546 2086 3775 2155 ingenia

486 2167 652 2223 θείων
683 2170 884 2240 βίϐλων
918 2173 1153 2244 μελέτην
1175 2175 1276 2247 τῆς
1311 2175 1632 2249 Ἑλληνικῆς
1666 2179 1922 2246 παιδείας
1953 2183 2084 2237 ἑπέ-

482 2280 675 2332 τρεπε.
738 2266 844 2319 Τὸν
904 2265 961 2322 δὲ
1030 2266 1234 2321 Ἰταλὸν
1290 2269 1544 2340 εὑρηκὼς
1600 2272 1848 2344 θορύϐων
1903 2276 2084 2331 πάντα

485 2357 667 2425 μεστὰ
730 2359 1078 2427 ποιούμενον,
1132 2363 1225 2416 καὶ
1267 2362 1501 2429 πολλοὺς
1565 2366 1941 2433 ἐξαπατῶντα,
2000 2371 2093 2442 τῷ

482 2449 958 2521 σεϐαστοκράτορι
1014 2453 1276 2525 Ἰσαακίῳ
1338 2456 1440 2525 τὴν
1496 2458 1691 2512 τούτου
1753 2460 2080 2532 δοκιμασίαν

478 2542 727 2597 ἀνέθετο·
765 2544 908 2615 ἀνὴρ
940 2547 996 2600 δὲ
1014 2540 1168 2611 οὗτος
1197 2549 1656 2620 φιλολογώτατος,
1710 2555 1804 2608 xui.
1842 2557 2080 2625 μεγαλε-

478 2635 893 2707 ττηϐολώτατος.
918 2640 1026 2694 Καὶ
1047 2641 1108 2705 ὃς
1139 2641 1314 2706 οὕτως
1341 2644 1534 2714 ἔχοντα
1573 2646 1664 2699 τὸν
1709 2647 1878 2717 ἄνδρα
1910 2650 2079 2721 εὑρη-

480 2726 597 2789 κὼς
641 2726 883 2800 δημοσίᾳ
936 2730 1130 2801 ἤλεγξε
1182 2735 1544 2804 παραστήσας
1596 2737 1678 2800 είς
1737 2739 1927 2807 μέσον,
1974 2734 2079 2794 εἷθ’

475 2817 624 2872 οὕτω
650 2822 719 2889 τῇ
766 2819 1068 2891 Ἐκκλησία
1099 2825 1438 2896 παρέπεμψε
1487 2829 1629 2881 κατὰ
1670 2829 1922 2884 κέλευσιν
1981 2832 2075 2887 τοῦ

472 2911 711 2980 ἀδελφοῦ
740 2916 835 2966 καὶ
883 2912 1172 2983 βασιλέως.
1236 2918 1389 2970 Ἐπεὶ
1417 2917 1474 2971 δὲ
1505 2918 1606 2990 τὴν
1650 2921 1846 2975 ἑαυτοῦ
1906 2925 2076 2977 ἅπαι-

471 3004 700 3056 δευσίαν
747 3004 1013 3076 κρύπτειν
1061 3009 1162 3079 οὐχ
1188 3003 1301 3072 οἷός
1333 3027 1392 3062 τε
1424 3006 1513 3080 ἦν,
1571 3014 1795 3067 κάκεῖσε
1864 3014 2075 3085 ἔκφυλα

471 3096 574 3166 τῆς
612 3097 945 3165 Ἐκκλησίας
977 3098 1229 3169 δόγματα
1258 3101 1589 3172 ἐξηρεύξατο
1627 3108 1721 3159 καὶ
1754 3107 1835 3170 είς
1872 3109 2074 3178 μέσους

472 3191 604 3253 τοὺς
636 3192 736 3259 τῆς
771 3192 1104 3261 Ἐκκλησίας
1131 3194 1364 3262 λογάδας
1392 3197 1671 3268 κωμῳδῶν
1697 3202 1797 3254 οὐκ
1840 3203 2073 3258 ἐπαύετο

476 3286 572 3337 καὶ
597 3284 715 3339 ἄλλ’
733 3286 872 3339 ἄττα
906 3286 1097 3352 ποιῶν,
1119 3288 1284 3359 ἤθους
1312 3290 1647 3345 ἀπαιδεύτου
1683 3296 1776 3348 καὶ
1799 3294 1864 3365 βα
1876 3297 2070 3366 ρ6αρι-

2186 2188 2413 2245 notabat
2441 2188 2619 2257 (erant
2653 2202 2716 2241 ea
2755 2203 2864 2241 non
2897 2185 3091 2247 multa,
3116 2198 3218 2239 nec
3252 2182 3461 2251 magnis
3486 2193 3767 2233 commcn-

2184 2280 2311 2338 data
2346 2280 2759 2350 progressibus,
2812 2278 3013 2349 quippe
3065 2290 3176 2331 non
3238 2274 3378 2327 ultra
3431 2269 3769 2325 vestibulum

2182 2374 2550 2429 Aristotelicas
2576 2380 2829 2441 provecta
2862 2366 3242 2439 philosophice)
3273 2365 3424 2421 omni
3452 2362 3667 2417 ratione
3695 2360 3773 2414 ad

2182 2466 2432 2523 discendi
2494 2463 2907 2521 contentionem
2959 2458 3244 2516 adhortari
3304 2468 3474 2527 atque
3530 2456 3768 2510 incitare

2184 2573 2294 2613 non
2344 2556 2673 2613 desistebat.
2739 2553 3019 2609 Suadebat
3083 2566 3248 2620 porro
3300 2563 3656 2618 magnopere,
3703 2553 3767 2600 ut

2181 2651 2419 2721 primum
2471 2649 2617 2704 inter
2648 2646 2931 2702 doctrinas
2992 2645 3220 2699 honoris
3275 2650 3328 2695 et
3378 2638 3761 2696 aestimationis

2179 2745 2364 2799 locum
2424 2756 2712 2798 sacrorum
2779 2739 3072 2794 Librorum
3130 2734 3418 2791 meditatio
3472 2730 3700 2785 haberet
3744 2745 3763 2782 :

2180 2844 2304 2906 post
2337 2850 2457 2889 eam
2496 2833 2697 2888 deinde
2747 2838 3066 2886 censeretur
3099 2826 3286 2883 Grrcca
3322 2823 3584 2879 eruditio.
3618 2819 3757 2874 Cum

2177 2938 2360 2984 autem
2392 2927 2756 2996 comperisset
2784 2925 2933 2977 hunc
2980 2922 3177 2976 Italum
3232 2926 3431 2977 cuncta
3491 2914 3671 2969 turbis
3705 2919 3760 2966 et

2181 3018 2511 3075 tumultibus
2568 3017 2824 3077 miscere,
2889 3013 3204 3080 multosque
3261 3004 3765 3078 deciperc,explo-

2177 3111 2337 3167 randi
2365 3126 2555 3166 curam
2589 3107 2832 3162 bominis
2857 3105 3072 3161 lsaacio
3107 3103 3266 3158 fratri
3306 3118 3369 3156 ac
3399 3100 3757 3156 sebastocra-

2179 3203 2284 3258 tori
2321 3202 2751 3265 commendavit,
2820 3200 2938 3254 viro
2990 3198 3058 3252 ad
3098 3197 3148 3251 id
3186 3197 3480 3267 peridoneo
3506 3210 3521 3260 ;
3551 3192 3756 3263 quippe

2174 3296 2269 3367 qui
2302 3304 2359 3351 et
2410 3294 2858 3359 amantissimus,
2892 3300 2946 3347 et
2980 3304 3327 3360 nequaquam
3366 3302 3565 3357 expers
3605 3285 3755 3338 litte-

478 3376 600 3441 κοῦ,
670 3378 955 3449 προέδρου
1017 3379 1170 3444 ὄντος
1229 3383 1331 3451 τῆς
1388 3383 1689 3453 ἐκκλησίας
1760 3390 2069 3458 τηνικαῦτα

2181 3406 2387 3457 rarum,
2423 3388 2611 3443 animo
2643 3394 2788 3443 esset
2828 3385 3096 3457 praeditus
3131 3384 3361 3453 ingenti,
3397 3390 3449 3434 ct
3481 3379 3573 3434 ubi
3626 3392 3755 3434 sus-

487 3469 817 3537 Εὒστρατίου
848 3469 945 3523 τοῦ
982 3470 1323 3543 Γαρυδᾶς⁵⁸’
1359 3475 1417 3539 ὃς
1451 3477 1642 3531 τοῦτον
1682 3484 2072 3554 παρακατέσχε

2181 3484 2419 3555 cepisset
2449 3481 2760 3553 quidpiam.
2801 3488 3001 3535 cuncta
3034 3478 3155 3548 ejus
3191 3472 3542 3545 perpetrandi
3569 3470 3761 3525 obsta-

494 3560 621 3628 περὶ
644 3562 732 3625 τὰς
786 3564 1084 3634 οἰκοδομὰς
1124 3568 1221 3636 τῆς
1266 3569 1528 3638 Μεγάλης
1602 3571 1934 3644 Ἐκκλησίας
1988 3577 2075 3631 ἵνα

486 3655 623 3726 τάχα
660 3658 790 3728 πρὸς
815 3658 876 3713 τὸ
907 3662 1157 3730 κρεῖττον
1191 3664 1648 3735 μεταποιήσαι⁶⁸.
1687 3665 1850 3720 Ἀλλὰ
1870 3671 2073 3739 μικροῦ

478 3752 671 3807 θᾶττον
733 3755 802 3819 ἂν
851 3754 1020 3820 αὐτὸς
1048 3756 1148 3827 τῆς
1205 3759 1419 3813 ἐκείνου
1470 3761 1699 3831 μετέσχε
1759 3763 1983 3833 κακίας,
2038 3765 2070 3837 ἢ

475 3846 750 3913 μετέδωκε
784 3848 1097 3917 κρείττονος
1140 3849 1421 3918 γνώσεως,
1461 3855 1605 3907 κατὰ
1663 3854 1756 3909 τὸν
1803 3857 2068 3927 φάμενον.

485 3938 544 3991 Ὀ
577 3938 687 4010 γὰρ
719 3940 769 3973 ⁵⁸
812 3939 1014 4004 Ἰταλὸς
1044 3941 1135 3995 τὸν
1155 3942 1408 4014 Γαρυδᾶν
1451 3944 1575 3999 ὅλον
1626 3948 1828 4002 ἑαυτοῦ
1874 3951 2069 4021 ἐποιή-

2172 3577 2299 3632 eula
2330 3585 2486 3630 certo
2524 3587 2802 3642 rumpere.
2842 3571 2890 3626 Is
2942 3570 3106 3624 talem
3149 3566 3331 3635 reipsa
3384 3579 3508 3619 esse
3559 3562 3758 3628 depre-

2174 3665 2587 3722 henditltalum
2624 3664 2841 3735 qualem
2895 3669 3014 3718 erat
3060 3659 3375 3728 suspicatus
3426 3655 3753 3724 imperator,

2172 3757 2380 3813 indicio
2448 3756 2609 3811 fatum
2667 3754 2920 3825 publica
2999 3751 3188 3806 Palam
3267 3762 3398 3817 ergo
3473 3744 3757 3800 convincit

2171 3849 2531 3915 nebulonem,
2590 3862 2855 3917 apparere
2885 3860 2947 3901 se
2984 3858 3172 3899 coram
3208 3842 3263 3895 in
3315 3854 3517 3895 corona
3552 3837 3754 3890 multo-

2171 3926 2293 4000 rum
2352 3944 2597 4012 jussum.
2665 3940 2897 4003 Deinde,
2955 3939 3191 4008 idipsum
3240 3934 3468 4004 jubente
3505 3934 3755 4001 Angusta

470 4049 623 4086 σατο.
661 4033 727 4085 Τί
768 4033 828 4086 τὸ
863 4033 1143 4102 ἑντεῦθεν;
1195 4035 1253 4090 '0
1274 4037 1444 4106 δῆμος
1480 4037 1628 4101 ἅπας
1648 4042 1749 4110 τῆς
1773 4043 2067 4096 Κωνστανο

2181 4036 2365 4101 Fratre,
2406 4035 2560 4090 illum
2591 4036 2825 4103 ejusque
2859 4047 3086 4087 causam
3119 4029 3183 4083 ad
3212 4026 3455 4082 tribunal
3485 4023 3752 4079 ecclesia-

468 4126 617 4177 τενου
655 4124 793 4196 προς
823 4126 923 4196 τὴν
963 4127 1263 4196 ἐκκλησίαν
1294 4131 1684 4202 συγκεκίνητο,
1726 4134 1817 4186 τὸν
1866 4135 2068 4189 Ἰταλὸν

2181 4131 2371 4183 sticum
2407 4128 2645 4182 remisit.
2681 4127 2781 4181 [bi
2817 4142 2941 4179 cum
2969 4132 3121 4178 tanto
3156 4122 3330 4190 magis
3366 4120 3529 4173 homo
3562 4131 3751 4170 amens

466 4215 890 4286 ἀναζητοῦντες,
922 4217 1016 4270 καὶ
1045 4217 1185 4287 τάχα
1220 4217 1287 4273 ἂν
1322 4219 1417 4287 ἀφ’
1440 4218 1643 4289 {id/sou;
1663 4221 1744 4283 είς
1765 4223 1930 4291 μέσον
1957 4225 2059 4295 τῆς

2181 4230 2375 4284 rueret,
2408 4227 2462 4274 et
2496 4220 2828 4288 imperitiam
2866 4218 3144 4272 occultare
3178 4213 3414 4282 amplius
3451 4226 3607 4267 suam
3638 4223 3754 4262 non

464 4308 771 4377 ἐκκλησίας
811 4310 1076 4380 ἔρριπτο,
1129 4311 1178 4363 εί
1218 4311 1292 4381 μὴ
1340 4311 1521 4365 λαθὼν
1564 4313 1809 4379 ἐκεῖνος,
1843 4314 1924 4377 είς
1969 4315 2061 4367 τὸν

2181 4312 2381 4376 valens,
2412 4310 2670 4381 dogmata
2724 4309 2975 4363 eﬂ‘utirct
3012 4306 3213 4360 canoni
3248 4304 3370 4359 ﬁdei
3407 4301 3688 4357 contraria
3731 4316 3751 4352 ε

464 4398 666 4467 ὅροςρον
713 4400 930 4453 τουτουῒ
954 4400 1046 4454 τοῦ
1080 4401 1227 4455 θείου
1258 4404 1521 4472 τεμένους
1568 4403 1831 4471 ἀνελθὼν,
1859 4405 1917 4457 ἐν
1951 4422 2056 4459 τινι

2181 4419 2237 4459 ac
2285 4413 2549 4475 praeterea
2609 4417 2797 4456 coram
2854 4400 3154 4453 venerabili
3209 4406 3354 4453 cortu
3420 4396 3642 4449 Patrum
3685 4409 3751 4449 ac

467 4495 665 4567 φωλεῷ
686 4494 881 4549 ἑαυτὸν
903 4496 1297 4564 συνεκάλυψεν.

2181 4497 2458 4566 praesidum
2497 4494 2760 4549 Ecclesia:
2792 4494 2962 4547 multa
2989 4491 3302 4561 nugatorie,
3359 4490 3581 4549 acerbe,
3620 4502 3743 4539 ma-

467 4590 645 4646 ledice
678 4606 745 4646 ac
774 4592 1085 4661 petulanter
1128 4593 1434 4649 declamare
1490 4610 1595 4650 non
1641 4594 1965 4661 desineret;
2000 4594 2217 4665 aliaque
2257 4592 2419 4648 edere
2488 4591 2805 4645 inhumanae
2832 4589 3267 4658 importunusque
3288 4585 3617 4638 documenta
3661 4582 3747 4632 in-

465 4681 634 4749 dolis,
668 4682 953 4738 Eustratio
988 4683 1211 4739 Garidae
1271 4686 1467 4756 synodi
1505 4697 1616 4741 tum
1658 4688 1779 4756 ejus
1845 4695 2021 4744 canus
2057 4697 2111 4743 et
2160 4686 2307 4743 sedis
2356 4685 2578 4756 praesuli
2623 4680 2973 4738 dedocendus
3020 4688 3186 4747 atque
3219 4678 3287 4732 ad
3320 4676 3529 4747 frugem
3584 4672 3747 4728 redu—

466 4775 679 4830 cendus
707 4788 793 4830 est
821 4775 1096 4842 traditus;
1137 4792 1328 4832 verum
1367 4788 1561 4832 contra
1592 4778 1803 4834 evenit.
1830 4778 1964 4834 Nam
1993 4779 2183 4849 paucis
2215 4778 2413 4832 diebus
2443 4778 2644 4846 quibus
2681 4774 2777 4829 fuit
2809 4772 3240 4842 cuijustratio
3272 4772 3326 4824 in
3359 4769 3744 4840 superioribus

465 4868 718 4923 aediliciis
763 4867 943 4940 Magni
997 4869 1235 4939 Templi,
1305 4870 1378 4924 ita
1446 4871 1601 4925 illum
1667 4872 2058 4941 patriarcbam,
2101 4870 2380 4925 hominem
2437 4883 2550 4923 non
2603 4866 3011 4932 doctissimum,
3055 4865 3238 4920 verbis
3281 4879 3343 4919 ac
3389 4863 3745 4931 sepliismatis

466 4962 678 5029 obruit,
707 4970 767 5017 ut
814 4978 845 5018 e
890 4977 1123 5019 censore
1170 4962 1331 5035 149
1398 4980 1501 5019 suo
1558 4979 1625 5021 ac
1687 4966 1872 5036 judice
1911 4967 1964 5021 in
1996 4965 2411 5037 sullragatorem
2450 4980 2702 5020 errorum
2732 4979 2981 5027 suorum,
3017 4965 3212 5032 suique
3259 4976 3325 5017 ac
3372 4961 3525 5015 mala:
3564 4975 3743 5015 causa;

467 5066 763 5125 patronum
796 5066 1031 5113 verteret
1061 5072 1127 5111 ac
1156 5058 1455 5113 vindicem.
1505 5059 1623 5113 llis‘
1647 5062 1885 5130 populus
1925 5060 2133 5115 auditis
2179 5059 2494 5129 indignatus
2523 5059 2813 5113 universus
2854 5058 3197 5112 tumuituoso
3227 5071 3497 5111 concursu
3539 5055 3649 5107 coit
3686 5053 3742 5105 in

462 5149 792 5213 Ecclesiam.
848 5153 1062 5221 magnis
1134 5150 1208 5205 ibi
1258 5152 1591 5207 cla-boribus
1640 5153 1832 5208 Italum
1860 5155 2205 5224 deposcens:
2244 5154 2489 5222 nihilque
2517 5152 2617 5206 fuit
2691 5156 2913 5222 propius
2946 5166 3110 5222 quant
3143 5162 3253 5205 nte
3282 5163 3501 5204 summo
3535 5146 3745 5200 fornice

461 5244 521 5298 in
580 5245 954 5313 pavimentum
1008 5259 1253 5315 prteceps
1306 5245 1684 5316 dejiceretur;
1746 5265 1933 5303 verum
1998 5266 2056 5304 se
2106 5250 2222 5317 ipse
2276 5249 2341 5302 ad
2398 5249 2447 5301 id
2507 5249 2673 5316 quani
2734 5249 2936 5310 sciens,
3000 5259 3308 5300 conscenso
3362 5244 3497 5298 aedis
3570 5257 3741 5297 sacra:

462 5336 737 5392 altissimo
784 5336 1007 5406 fastigio
1063 5352 1124 5391 se
1180 5337 1235 5390 in
1288 5338 1562 5407 quoddam
1623 5341 1967 5409 gurgustium
2006 5340 2236 5405 abdidit,
2269 5343 2415 5408 quod
2456 5341 2692 5395 scrutari
2730 5340 2932 5395 nemini
2970 5340 3115 5393 venit
3142 5340 3194 5392 in
3234 5346 3488 5391 mentem.

546 5428 636 5489 Ὠς
667 5427 724 5479 δὲ
744 5428 816 5481 τὰ
848 5426 980 5497 παρ’
1014 5427 1226 5481 ἐκείνου
1244 5428 1431 5492 κακῶς
1460 5430 1892 5500 δογματισθέντα
1921 5432 2051 5484 πολ-
2082 5484 2083 5489 η

2234 5429 2542 5500 Serpebaut
2568 5446 2729 5501 porro
2752 5447 2849 5502 per
2866 5433 3142 5486 civitatem
3168 5444 3333 5500 prava
3360 5430 3448 5482 illa
3482 5428 3736 5495 dogmata

462 5520 575 5583 λοῖς
594 5520 640 5552 ⁸⁷
672 5520 799 5591 περὶ
819 5520 887 5573 τὰ
909 5520 1186 5591 ἀνάκτορα
1217 5521 1551 5592 ἐθρυλλεῖτο,
1583 5524 1678 5576 καὶ
1724 5526 2051 5593 μεγιστᾶνες

2181 5533 2215 5579 et
2248 5539 2359 5579 non
2390 5539 2596 5594 paucos
2620 5540 2684 5579 ex
2719 5525 2985 5579 comitatu
3043 5523 3160 5594 ipso
3218 5520 3567 5589 imperatoris
3617 5534 3734 5572 ma-

459 5612 566 5667 οὐκ
585 5610 759 5683 ὀλίγοι
786 5612 1161 5685 διεφθάρησαν
1194 5614 1298 5667 ὑπὸ
1336 5614 1382 5647 ⁸⁸
1412 5615 1520 5669 τῶν
1548 5615 1889 5685 φθοροποιῶν
1922 5615 2048 5671 τού-

2181 5628 2351 5686 {nates
2391 5619 2545 5676 viros
2609 5619 2722 5690 jam
2759 5620 3081 5689 corrupisse
3113 5616 3451 5674 ferebantur.
3486 5613 3619 5681 Qua:
3646 5628 3735 5669 res

1503 5729 1704 5792 Varite
1738 5729 2043 5793 lectiones
2086 5750 2169 5794 ex
2213 5732 2356 5795 cod.
2385 5733 2652 5796 Coislin.

523 5854 586 5949 ξ’
615 5855 901 5929 μαθητῶν.
934 5928 947 5935 _
974 5856 1022 5937 ξι
1062 5855 1284 5916 Γαριδᾶ.
1348 5857 1395 5940 ξ⁵⁸
1427 5856 1793 5929 μεταποιήσῃ.
1862 5856 2022 5912 "xui.
2045 5858 2094 5915 ὁ.
2166 5859 2212 5894 ⁵⁷
2250 5857 2466 5925 πολλοῖς
2495 5858 2626 5914 τῶν.
2660 5920 2671 5930 _
2703 5857 2747 5891 "
2779 5858 2910 5914 ἀπό.
