4110 6450
449 402 557 467 445

1745 404 2165 469 ALEXIADIS
2196 409 2348 472 LIB.
2391 410 2471 472 VI

3637 402 3744 465 446

449 519 603 588 αὐτῷ
651 519 888 589 σημεῖον
928 518 1201 587 θεάσοιτο,
1232 518 1539 592 τηνικαῦτα
1567 522 1668 591 τὴν
1704 523 2043 594 ἀκρολοφῐαν

2155 531 2335 587 erant,
2393 522 2584 575 eodem
2638 524 2885 589 tempore
2941 504 3295 574 adorirentur
3338 532 3445 588 quo
3473 517 3592 588 ipse
3618 535 3743 576 cum

452 612 837 669 καταλαϐόντα
887 612 945 678 ἐξ
991 612 1259 667 ὀπισθίων
1308 614 1476 668 αὑτὸν
1529 613 1598 680 ⁸⁸,
1650 617 1747 668 καὶ
1796 614 1887 669 διὰ
1946 616 2046 685 τῆς

451 708 712 775 ἀοικήτου
747 708 845 760 καὶ
873 706 1213 777 ραδιωτέρας
1244 708 1533 762 εἰσελθεῖνο
1561 708 1655 762 καὶ
1686 709 1926 780 ὁπηνίκα
1955 712 2049 766 τὸν

453 802 839 871 αὐτοκράτορα
892 801 1163 871 θεάσηται
1216 801 1326 854 ἀπὸ
1372 803 1472 869 τῆς
1507 803 1705 873 χέρσου
1763 804 1855 857 τὸν
1906 806 2050 875 μετὰ

453 893 561 946 τῶν
615 892 868 946 Λατίνων
932 888 1171 961 πόλεμον
1223 893 1659 961 ἀναδεξάμενον,
1729 896 1826 948 καὶ
1885 895 2048 949 αὐτὸν

463 987 692 1039 σπεῦσαι
726 987 804 1048 ὡς
829 985 1082 1055 δύναμις,
1112 988 1198 1039 ἵνα
1230 986 1303 1055 μὴ
1332 986 1598 1042 ὡσαύτως
1630 989 1770 1060 πρὸς
1805 990 2049 1062 ἑκάτερα

462 1078 735 1147 μάχεσθαι
765 1079 1076 1146 δυνάμενοι,
1113 1078 1230 1131 ἀλλ’
1255 1079 1314 1144 ἐξ
1347 1080 1468 1143 ἐνὸς
1506 1081 1706 1150 μέρους
1734 1085 1830 1135 τοῦ
1890 1083 2046 1137 τόνου

453 1173 552 1237 ei;
600 1173 783 1241 μάχης
840 1172 1201 1241 χαλάσαντες,
1236 1171 1509 1243 ἀλώσιμοι
1540 1172 1849 1243 τηνικαῦτα
1885 1176 1950 1229 ὲκ
2000 1175 2048 1228 τ’

451 1264 626 1315 αὐτοῦ
687 1264 889 1333 μέρους
935 1266 1231 1331 γένωνται.
1272 1264 1332 1318 '0
1387 1266 1486 1333 μὲν
1538 1262 1631 1321 οὖν
1682 1267 2049 1335 Παλαιολόγος

451 1357 732 1425 Γεὼργιος
782 1360 902 1420 ταῖς
970 1360 1166 1420 ἀκταῖς
1211 1356 1308 1412 τοῦ
1367 1358 1470 1430 ἤδη
1534 1359 1797 1429 ῥηθέντος
1856 1358 2047 1430 βουνοῦ

454 1450 857 1519 προσορμήσας
927 1451 992 1515 ⁸⁸,
1052 1451 1422 1521 ὁπλισάμενος
1489 1455 1779 1523 εἱστήκει,
1845 1454 2052 1507 σκοπὸν

452 1541 665 1596 ἄνωθεν
702 1543 1009 1610 ἐπιστήσας
1042 1544 1220 1613 τούτῳ
1250 1545 1347 1597 ἕνα
1387 1561 1472 1598 τοι
1500 1546 1562 1609 δτ,
1600 1546 1661 1599 τὺ
1690 1546 1843 1599 δοθὲν
1900 1544 2051 1617 αὐτῷ

453 1631 611 1701 παρὰ
649 1630 744 1685 τοῦ
803 1633 1072 1703 βασιλέως
1132 1638 1361 1704 σημεῖον
1395 1636 1441 1669 ⁸⁸
1496 1636 1869 1707 ἐπιτηροῦντα
1922 1637 2050 1690 ἰδεῖν

456 1724 734 1793 σύνθημα.
789 1726 883 1779 καὶ
937 1726 1317 1797 παρήγγειλεν
1345 1729 1422 1792 ὡς
1450 1729 1689 1799 ὁπηνίκα
1728 1730 1889 1782 τοῦτο
1923 1730 2052 1783 θεά-

454 1834 629 1878 σοιτο,
673 1814 831 1880 αὖθις
877 1819 1028 1887 αὐτῷ
1058 1819 1155 1872 τοῦ
1186 1821 1247 1872 τὸ
1277 1821 1321 1853 ⁸⁸
1352 1823 1826 1892 ἐπισημήνασθαι.
1865 1824 2049 1889 Αὑγα-

452 1908 662 1977 ζοὺσης
714 1910 771 1961 δὲ
800 1912 899 1980 τῆς
940 1911 1158 1982 ἡμέρας
1196 1913 1322 1981 ἥδη,
1359 1913 1420 1966 τὸ
1451 1914 1699 1968 ἐνυάλιον
1739 1914 2048 1978 ἀλαλάξαν-

450 2016 545 2064 τες
571 2003 623 2054 οἱ
650 2001 745 2055 τοῦ
771 2003 1181 2074 αὐτοκράτορος
1211 2005 1454 2076 πόλεμον
1488 2010 1631 2076 μετὰ
1661 2008 1772 2061 τῶν
1801 2008 2049 2061 Λατίνων

452 2094 566 2145 ἀπὸ
603 2093 701 2161 τῆς
729 2093 925 2163 χέρσου
956 2096 1235 2167 συναίρειν
1267 2098 1588 2167 ἠπείγοντο.
1634 2099 1694 2153 '0
1737 2100 1795 2152 δὲ
1843 2100 2047 2163 σκοπὸς

450 2187 515 2238 τὸ
542 2186 695 2240 δοθὲν
725 2189 955 2255 σημεῖον
991 2187 1348 2259 θεασάμενος,
1382 2191 1449 2244 δι’
1486 2193 1679 2263 ἐτέρου
1747 2201 1980 2263 σημεῖον
2002 2193 2047 2225 ⁷³

450 2278 607 2347 δηλοῖ
648 2279 727 2349 τῷ
766 2281 1146 2351 Παλαιολόγῳ.
1191 2282 1250 2335 '0
1282 2283 1328 2336 δ’
1363 2284 1525 2348 εὐθὺς
1592 2287 1735 2355 μετὰ
1782 2288 1894 2341 τῶν
1950 2288 2049 2341 σὺν

452 2373 606 2442 αὑτῷ
634 2374 733 2441 τὴν
761 2374 1091 2443 ἀκρολοφίαν
1128 2375 1325 2431 θᾶττον
1369 2380 1724 2446 καταλαϐὼν,
1779 2398 2049 2450 συνησπι-

455 2466 567 2529 κὼς
600 2467 808 2521 ἵστατο.
846 2467 959 2537 Τὴν
994 2468 1125 2535 γοῦν
1162 2470 1321 2535 ἐκτὸς
1354 2472 1670 2542 πολιορκίαν
1701 2476 1727 2526 ὁ
1755 2474 2048 2545 Βρυέννιος

456 2560 618 2630 ὁρῶν,
658 2560 753 2612 καὶ
786 2560 881 2613 τὸν
912 2561 1279 2627 Παλαιολδγον
1308 2564 1431 2618 κατ’
1464 2566 1644 2620 αὐτῶν
1676 2566 1949 2639 βρύχοντα
1980 2570 2045 2633 τί,

456 2653 565 2706 οὐδ’
611 2652 789 2714 οὕτως
854 2653 1111 2716 ἐνεδίδου,
1150 2655 1288 2708 ἀλλά
1340 2660 1469 2719 τοὺς
1518 2659 1772 2729 κόμητας
1826 2661 2049 2714 ἐκέλευε

457 2746 838 2815 γενναιότερον
869 2745 1390 2803 ἀντικαθίστασθαι.
1426 2750 1488 2803 Οἱ
1524 2750 1581 2804 δὲ
1632 2753 2051 2824 ἀναισχυντότε-

455 2855 551 2907 ρον
580 2838 734 2908 αὐτῷ
787 2840 1227 2910 προσφερόμενοι
1261 2841 1449 2909 ἔλεγον
1477 2858 1490 2872 ·
1531 2842 1711 2912 Ὀρᾷς
1742 2846 1825 2912 ὡς
1854 2846 2051 2901 κακὸν

452 2930 553 2984 ἐπὶ
630 2929 799 2996 κακῷ
855 2930 1203 2999 ἐστήρικται
1254 2949 1269 2964 ο
1328 2934 1535 2999 ἔξεστι
1601 2937 1753 3007 γοῦν
1813 2938 2052 3007 ἑκάστῳ

452 3020 628 3090 mqu
661 3022 707 3052 ⁷⁸
737 3021 845 3076 τοῦ
876 3023 1094 3077 λοιποῦ
1120 3025 1235 3091 τὴν
1260 3026 1480 3083 ἑαυτοῦ
1513 3032 1821 3099 σωτηρίαν
1851 3051 2049 3105 πραγ-

448 3115 893 3183 ματεύσασθαι.
949 3114 1047 3168 καὶ
1097 3116 1235 3182 τοὺς
1260 3118 1376 3186 μὲν
1405 3120 1484 3185 τῷ
1509 3123 1767 3185 ,βασιλεῖ
1783 3130 2050 3193 προσελ-

2153 616 2277 671 aliis
2308 631 2338 670 e
2367 613 2670 671 continenti
2713 627 2741 667 a
2775 612 2957 667 fronte
2988 615 3138 681 ipsos
3166 621 3408 681 urgeret.
3447 612 3580 667 Tale
3626 629 3744 667 ma-

2152 709 2392 765 chinanti
2428 708 2873 778 perincommode
2928 707 3128 761 accidit
3159 707 3301 776 quod
3352 707 3500 760 nulla
3534 715 3650 761 toto
3678 722 3746 762 eo

2152 814 2347 872 stagno
2397 803 2554 856 navis
2606 801 2728 856 fuit.
2774 800 3018 871 Scaphas
3054 800 3219 868 igitur
3282 798 3438 868 153
3488 800 3747 855 advectas

2152 895 2406 949 curribus
2450 894 2593 948 trahi
2644 908 2738 963 per
2781 892 3120 961 crepidinem
3174 891 3392 959 paludis
3439 893 3747 958 deponique

2153 988 2208 1043 in
2231 1003 2353 1042 eam
2403 988 2589 1058 jussit.
2647 988 2977 1041 Observarat
3031 994 3216 1039 autem
3246 985 3359 1051 jam
3404 994 3529 1037 ante
3557 981 3746 1039 Gallos

2155 1080 2317 1135 facile
2351 1095 2417 1134 ac
2462 1078 2613 1134 brevi
2676 1088 2921 1147 tempore
2971 1077 3270 1132 ascendere
3308 1093 3374 1130 ex
3424 1091 3529 1130 una
3591 1084 3748 1145 parte

2154 1176 2207 1230 in
2252 1173 2470 1242 fastigia
2526 1171 2862 1225 tumulorum
2920 1171 3136 1224 iélorum
3193 1170 3309 1237 qui,
3374 1176 3431 1221 ut
3483 1170 3744 1234 diximus,

2155 1268 2299 1323 istud
2341 1266 2499 1336 quasi
2534 1265 2976 1335 promontorium
3027 1278 3223 1317 versus
3252 1272 3503 1332 stagnum
3557 1260 3749 1314 termi-

2154 1359 2390 1425 nabant;
2450 1373 2547 1427 per
2567 1357 2732 1410 aliam
2792 1372 2924 1410 vero
2976 1356 3305 1410 exteriorem
3354 1354 3398 1408 si
3429 1353 3516 1423 qui
3567 1351 3747 1406 moliri

2153 1452 2480 1506 descensum
2513 1448 2718 1505 vellent
2748 1448 2798 1503 id
2830 1464 2938 1503 non
2970 1448 3074 1502 nisi
3107 1449 3268 1517 longa
3323 1463 3475 1500 mora
3505 1448 3747 1501 contice-

2154 1559 2233 1598 re.
2268 1543 2423 1599 Unde
2446 1544 2682 1612 coniecxt
2705 1541 2964 1611 scopulos
3000 1542 3136 1597 istos
3166 1541 3400 1595 interius
3451 1540 3567 1594 miti
3603 1538 3748 1593 clivo

2155 1637 2520 1708 superabiles,
2590 1637 2660 1691 ab
2709 1636 2885 1691 latere
2946 1636 3203 1705 opposito
3295 1633 3441 1705 quod
3490 1644 3744 1702 stagnum

2155 1728 2437 1799 spectabat
2473 1737 2776 1797 praeruptos
2807 1742 2929 1781 esse
2959 1736 3125 1795 atque
3152 1726 3328 1787 avios,
3361 1741 3423 1779 ac
3452 1732 3747 1793 propterea

2155 1820 2525 1875 verisimiliter
2577 1818 2718 1872 male
2768 1817 3100 1882 custoditos,
3128 1817 3509 1887 praesidiariis,
3566 1826 3623 1868 ut
3665 1816 3744 1880 fit,

2154 1918 2207 1971 in
2243 1916 2351 1969 situ
2388 1914 2493 1968 loci
2554 1914 2785 1968 nimium
2820 1913 3032 1967 fiduciae
3082 1912 3429 1981 ponentibus.
3480 1910 3750 1964 Palaeolo-

2150 2022 2276 2079 gum
2309 2022 2444 2076 ergo
2479 2006 2774 2078 Georgium
2806 2021 2931 2061 cum
2965 2005 3106 2060 lecta
3146 2020 3309 2059 manu
3348 2003 3572 2057 fortium
3597 2004 3750 2059 viro-

2154 2117 2274 2154 rum
2338 2100 2561 2170 scaphis
2614 2099 2873 2170 imponit,
2943 2114 3066 2154 cum
3132 2098 3393 2153 mandato
3451 2106 3509 2151 ut
3556 2113 3650 2151 eas
3681 2097 3750 2152 ad

2150 2206 2303 2246 oram
2374 2191 2555 2261 stagni
2622 2206 2792 2258 prope
2849 2189 3066 2245 radices
3119 2190 3457 2243 tumulorum
3514 2188 3749 2242 istorum

2150 2283 2402 2353 rupieum
2433 2283 2571 2337 clam
2614 2282 2973 2353 appellarent,
3008 2280 3195 2349 ibique
3224 2282 3583 2335 exscensione
3607 2277 3751 2331 facta

2150 2381 2538 2441 exspectarent
2575 2388 2603 2425 a
2657 2388 2718 2427 se
2775 2371 3094 2426 condictum
3152 2370 3372 2438 signqu
3421 2384 3575 2436 :quo
3618 2382 3754 2420 con-

2154 2478 2342 2535 specto
2411 2465 2707 2521 confestim
2764 2479 2862 2534 per
2922 2477 3148 2532 asperos
3209 2460 3470 2528 scopulos
3526 2475 3749 2514 Slll‘sllm

2154 2557 2526 2629 perreptando
2572 2557 2882 2610 niterentur
2922 2568 3100 2622 usque
3167 2553 3235 2607 ad
3291 2551 3419 2622 juga
3465 2551 3753 2608 colliculo-

2151 2668 2309 2716 rum;
2345 2651 2488 2705 unde
2516 2657 2700 2716 postea
2725 2664 2897 2719 prono
2921 2664 3085 2703 cursu
3139 2663 3235 2717 per
3266 2663 3461 2714 purum
3492 2662 3748 2715 campum

2152 2746 2414 2816 nulloque
2443 2744 2675 2799 aedilicio
2705 2745 3076 2813 interruptum
3114 2742 3466 2797 adorirentur
3528 2757 3557 2797 a
3597 2750 3752 2810 tergo

2154 2839 2342 2896 hostes
2383 2848 2498 2894 toto
2531 2840 2758 2909 impetu,
2808 2853 2917 2908 quo
2972 2846 3217 2907 tempore
3263 2836 3510 2890 viderent
3570 2834 3751 2905 ipsum

2155 2932 2544 3002 imperatorem
2587 2948 2711 2987 cum
2757 2932 2974 3002 reliquo
3003 2932 3252 2986 exercitu
3297 2929 3433 2997 ipsis
3470 2928 3751 2998 negotium

2155 3040 2184 3078 a
2209 3024 2389 3079 fronte
2442 3024 2752 3082 facessere:
2790 3024 2870 3080 sic
2909 3024 3057 3078 enim
3150 3022 3293 3077 haud
3327 3021 3490 3075 dubie
3543 3021 3662 3075 fore
3695 3028 3755 3073 ut

2155 3135 2278 3176 cum
2310 3120 2424 3188 pari
2455 3119 2651 3173 robore
2675 3118 2975 3187 utrobique
3007 3117 3286 3172 obsistere
3322 3116 3512 3171 hostes
3551 3113 3747 3184 nequi<

455 3206 599 3269 θεῖν,
630 3204 776 3271 τοὺς
805 3204 874 3258 δὲ
898 3205 999 3258 ἐπὶ
1025 3207 1141 3273 τὴν
1180 3210 1414 3264 οἰκείαν
1442 3215 1704 3282 πατρίδα
1730 3217 2050 3281 ἐπαναζεῦ-

2159 3221 2298 3275 rent,
2326 3227 2387 3267 ea
2417 3219 2571 3280 parte
2610 3212 2662 3265 in
2694 3225 2804 3281 qua
2835 3210 3128 3267 remissior
3184 3210 3265 3265 vis
3306 3209 3550 3279 ipsorum
3605 3213 3756 3262 esset

459 3296 579 3360 Eat.
612 3297 723 3351 Καὶ
772 3297 1119 3367 παραχρῆμα
1158 3300 1321 3371 ἔργου
1358 3302 1655 3374 ἁψάμενοι,
1706 3306 2051 3372 ἐξαιτοῦνται

462 3389 551 3442 τὸν
592 3389 1008 3459 αὐτοκράτορα,
1053 3389 1186 3459 μίαν
1242 3393 1343 3461 μὲν
1378 3396 1626 3465 σημαίαν
1682 3398 1818 3469 πρὸς
1844 3399 1923 3470 τῷ
1958 3398 2049 3454 τοῦ

475 3481 953 3550 μεγαλομάρτυρος
1006 3483 1282 3551 Γεωργίου
1314 3488 1535 3556 τεμένει
1592 3486 1787 3559 στῆναι
1822 3491 2051 3564 (ἔφθασε

480 3572 586 3641 γὰρ
616 3574 696 3625 ἐπ’
727 3573 950 3643 ὀνόματι
986 3574 1181 3629 τούτου
1220 3577 1316 3630 τοῦ
1353 3579 1640 3649 μάρτυρος
1674 3583 1857 3637 ἐκεῖσε
1907 3586 2053 3639 ἀνοι-

474 3664 831 3735 κοὼμηθῆναι
865 3668 895 3719 ὁ
944 3668 1068 3732 ναὸς
1103 3668 1338 3741 οὑτοσὶ),
1395 3672 1495 3743 τὴν
1549 3674 1607 3727 δὲ
1656 3677 1732 3738 ὼς
1790 3676 1927 3746 πρὸς
1961 3676 2053 3731 τὸν

462 3759 703 3825 Αὐλῶνα,
743 3761 807 3813 ἶν’
857 3760 1045 3813 ὁπόσοι
1102 3763 1204 3832 μὲν
1247 3763 1408 3833 ἡμῶν
1470 3770 1535 3838 τῇ
1570 3770 1635 3837 σῇ
1672 3769 1921 3841 βασιλείᾳ
1956 3771 2056 3842 θη-

455 3854 649 3907 τεῦσαι
675 3853 977 3923 βούλοιντο,
1023 3858 1088 3925 τῇ
1122 3856 1258 3923 πρὸς
1287 3857 1347 3911 τὺ
1386 3860 1615 3930 τέμενος
1646 3862 1743 3916 τοῦ
1774 3863 2055 3935 μάρτυρος

454 3948 861 4020 ἀπονενευκυίᾳ
890 3949 1289 4017 προσέλθωσιν,
1314 3952 1505 4007 ὀπόσοι
1531 3955 1587 4007 δὲ
1620 3955 1756 4025 πρὸς
1782 3955 1881 4028 τὴν
1916 3957 2054 4010 ἰδίαν

454 4042 697 4112 πατρίδα
731 4041 1103 4107 ὲπαναζεῦξαι
1144 4046 1211 4114 τῇ
1258 4044 1396 4114 πρὸς
1430 4046 1521 4100 τὸν
1561 4048 1795 4103 Αὐλῶνα
1835 4050 2055 4123 ἀφορώ-

456 4152 540 4187 σει
617 4136 1085 4207 προσχωρήσωσι.
1156 4136 1328 4191 Ταῦτ’
1396 4140 1648 4204 εἰπόντες
1704 4146 2056 4215 παραχρῆμα

456 4228 772 4297 προσῆλθον
828 4228 908 4298 τῷ
965 4229 1201 4298 βασιλεῖ.
1247 4230 1306 4284 Ὀ
1336 4232 1391 4285 δὲ
1444 4233 1738 4303 Βρυέννιος
1802 4240 2056 4303 γενναῖος

455 4321 535 4374 ὢν
566 4323 707 4391 ἀνὴρ
739 4321 1209 4392 προσεληλυθέναι
1244 4324 1345 4394 μὲν
1386 4326 1431 4357 ⁷³
1462 4326 1722 4398 οὐδαμῶς
1777 4328 2051 4396 ἐόούλετο,

456 4414 738 4483 ὲπόμνυτο
761 4416 811 4459 τὶ
839 4416 896 4468 δὲ
934 4415 1209 4484 μηδέποτε
1254 4419 1377 4472 κατ’
1401 4418 1570 4473 αὑτοῦ
1616 4421 1761 4475 ὅπλα
1807 4422 2054 4492 κινῆσαι,

455 4511 507 4561 εἰ
543 4509 706 4577 μόνον
734 4508 853 4586 δοίη
878 4509 1011 4572 τοὺς
1043 4508 1232 4563 τοῦτον
1266 4510 1432 4585 μέχρι
1462 4511 1571 4565 τῶν
1602 4512 1770 4582 ὁρίων
1798 4514 1897 4584 τῆς
1943 4514 2054 4569 τῶν

2154 3314 2570 3372 superarentur.
2614 3301 2824 3358 [lorum
2862 3316 3075 3357 memor
3105 3300 3444 3372 Palmologus
3480 3301 3547 3354 ad
3584 3300 3755 3370 pedes

2154 3396 2375 3451 collium
2462 3395 2686 3466 appellit
2760 3395 2950 3465 ibique
3035 3402 3247 3449 mussat
3322 3394 3529 3448 interea
3625 3394 3755 3447 dum

2154 3490 2491 3560 speculator,
2527 3505 2691 3559 quem
2716 3488 2868 3543 edito
2894 3488 3016 3543 loco
3046 3496 3192 3543 stare
3218 3486 3469 3557 jusserat
3518 3486 3756 3539 intentis

2157 3580 2209 3638 in
2244 3593 2428 3638 castra
2458 3584 2661 3646 oculis,
2692 3583 2811 3637 viso
2847 3581 3199 3651 imperatoris
3226 3578 3757 3649 signosignificaret

2155 3682 2371 3744 tempus
2393 3690 2515 3730 esse
2544 3673 2825 3745 surgendi.
2860 3672 3006 3727 Luce
3044 3671 3266 3726 interim
3300 3671 3477 3740 prima
3520 3668 3755 3724 Romani

2156 3770 2248 3843 qui
2275 3784 2401 3823 cum
2436 3768 2693 3838 Augusto
2730 3769 2783 3821 in
2818 3767 3024 3821 castris
3055 3775 3214 3821 erant
3256 3780 3456 3833 magno
3491 3764 3753 3817 tubarum

2157 3862 2639 3929 classicorumque
2675 3860 2862 3914 sonitu
2891 3856 3083 3911 hostes
3106 3856 3406 3909 admonent
3430 3852 3752 3923 impressio-

2156 3954 2243 4017 nis
2283 3968 2405 4009 mox
2455 3952 2699 4007 futurae:
2739 3950 2805 4005 ad
2834 3965 2996 4019 quam
3056 3949 3132 4001 illi
3194 3946 3578 4002 sustinendam
3623 3946 3755 3999 dum

2158 4055 2275 4103 toto
2332 4047 2518 4101 animo
2544 4061 2604 4102 se
2643 4046 2968 4107 obtirmant,
3027 4040 3341 4113 speculator
3396 4041 3756 4095 constitutum

2158 4142 2376 4211 signum
2408 4140 2620 4195 editum
2653 4138 2863 4193 indicat
2914 4136 3243 4206 P-alaaologo,
3274 4134 3366 4203 qui
3412 4135 3592 4190 statim
3626 4149 3753 4189 cum

2158 4233 2273 4309 suis
2305 4233 2537 4304 impigre
2558 4233 2689 4303 jugo
2714 4236 2975 4300 superato
3006 4230 3078 4285 ibi
3111 4244 3172 4285 se
3204 4229 3262 4283 in
3301 4228 3471 4283 armis
3495 4235 3757 4292 ostentat,

2158 4342 2284 4382 cum
2316 4324 2596 4396 manipulo
2636 4324 2846 4395 clypeis
2877 4322 3148 4378 consertis
3210 4320 3277 4375 ad
3314 4319 3757 4389 promovmdum

2160 4420 2219 4475 in
2274 4419 2461 4473 hostes
2515 4425 2727 4486 parato.
2760 4415 2907 4471 Vidit
2947 4412 3295 4483 Bryennius;
3339 4419 3394 4465 et
3444 4424 3757 4480 quanquam

2165 4524 2467 4581 occupatus
2497 4509 2608 4580 jam
2656 4508 2793 4565 satis
2826 4508 3001 4561 muris
3033 4505 3284 4559 tutandis
3308 4502 3758 4572 repellendis-que

469 4603 771 4670 Ῥωμαίων
821 4602 1105 4673 βασιλείας
1143 4598 1448 4669 ἀκινδύνως
1494 4606 1904 4673 διασώσοντας,
1960 4612 2050 4664 καὶ

2162 4604 2659 4677 oppugnatoribus,
2683 4616 2881 4658 novam
2909 4602 3057 4655 intus
3088 4598 3401 4669 impositam
3442 4595 3757 4653 cervicibus

453 4693 607 4747 οὕτω
639 4695 773 4763 πρὸς
814 4695 914 4765 τὴν
943 4694 1082 4748 ἰδίαν
1111 4695 1388 4750 ἀπολῦσαι
1424 4696 1634 4768 χώραν.
1691 4696 1749 4749 Ὀ
1794 4699 1851 4751 δὲ
1895 4699 2062 4755 αὺτο-

457 4787 689 4856 κράτωρ
744 4786 895 4855 μάλα
942 4788 1158 4858 ταχέως
1189 4788 1435 4860 ἐπλήρου
1473 4790 1535 4843 τὸ
1576 4790 1802 4861 αἰτηθέν
1831 4807 1845 4820 ·
1891 4792 2056 4855 αὐτὸς

456 4880 517 4931 δὲ
567 4880 668 4948 τῆς
714 4884 853 4950 πρὸς
905 4879 966 4934 τὸ
1010 4881 1311 4945 Βυζάντιον
1355 4880 1535 4953 εἴχετο
1564 4885 1798 4956 νικητὴς
1850 4886 2058 4956 ἐπιφα-

464 4988 747 5035 νεστατος.

2157 4700 2287 4755 belli
2319 4699 2519 4753 molem
2568 4704 2844 4760 cerneret,
2895 4703 3142 4764 paratam
3200 4691 3289 4745 ad»
3328 4688 3650 4745 irruendum
3702 4687 3755 4740 in

2156 4807 2380 4849 aversos
2404 4791 2641 4847 validam
2662 4804 2909 4853 manum,
2938 4800 3285 4856 nequaquam
3317 4796 3500 4839 tamen
3521 4784 3756 4852 despon-

2157 4886 2239 4942 dit
2269 4886 2541 4948 animum,
2570 4884 2667 4939 sed
2697 4882 2934 4943 comites
2968 4880 3219 4941 hortatus
3245 4888 3329 4933 est
3352 4877 3419 4932 ad
3455 4875 3757 4945 fortissime

2163 4980 2560 5036 resistendum.
2599 4978 2670 5032 At
2702 4976 2781 5031 illi
2819 4975 3065 5046 periculo
3112 4974 3361 5037 solvente
3385 4969 3751 5027 reverentiam

460 5060 678 5129 imperii
716 5062 883 5116 libera
937 5077 1063 5116 eum
1092 5064 1344 5119 oratione
1384 5064 1713 5121 submovent
1748 5085 1761 5120 :
1808 5066 2041 5139 Licetne,
2081 5069 2415 5138 inquientes,
2459 5068 2791 5122 conclamata
2837 5084 2927 5137 spe
2968 5066 3232 5133 vincendi,
3304 5081 3397 5119 nos
3465 5062 3742 5133 prodigere

458 5153 669 5206 animos
701 5156 727 5209 Ρ
766 5153 919 5209 Vides
952 5154 1186 5223 profecto
1239 5157 1440 5212 malum
1482 5158 1623 5214 malo
1669 5162 1994 5217 cumulatum
2035 5173 2083 5218 et
2114 5163 2525 5230 insuperabitem
2559 5159 2971 5229 magnitudinem
3020 5159 3262 5231 periculi.

3347 5157 3490 5222 Quin
3575 5154 3751 5223 potius

458 5246 565 5299 sibi
596 5246 814 5315 quisque
844 5256 898 5299 ut
939 5246 1151 5301 libuerit
1181 5248 1423 5303 consulat
1457 5264 1476 5302 .'
1517 5260 1564 5304 et
1597 5252 1674 5304 vel
1706 5252 1775 5305 ad
1806 5253 2144 5322 imperatoris
2179 5255 2427 5309 militiam
2461 5261 2718 5312 transeat,
2755 5248 2830 5303 vel
2860 5249 2925 5302 ab
2983 5266 3042 5303 eo
3100 5251 3325 5303 reditum
3399 5251 3453 5302 in
3521 5249 3755 5317 patriam

465 5340 798 5407 paciscatur.
834 5338 1013 5393 Verba
1039 5339 1188 5394 illico
1225 5341 1591 5397 conferuntur
1622 5343 1677 5396 in
1707 5359 1841 5398 rem.
1878 5344 2213 5415 lmpetratur
2246 5347 2316 5400 ab
2357 5346 2607 5413 Augusto
2682 5352 2743 5397 ut
2793 5342 3033 5409 militare
3066 5342 3282 5412 signum
3374 5342 3605 5394 alterum
3683 5340 3752 5394 ad

463 5432 589 5487 Diri
618 5430 837 5503 Georgii
873 5433 1015 5505 (erat
1046 5433 1117 5488 ibi
1148 5434 1410 5505 templum
1448 5435 1608 5490 istius
1636 5437 1815 5492 sancti
1846 5440 2128 5510 martyris)
2202 5439 2472 5495 constitui
2524 5436 2764 5507 juberet,
2816 5435 3049 5489 alterum
3138 5447 3329 5489 versus

3434 5430 3700 5484 Aulonem
3727 5452 3744 5502 ς

1538 5568 1743 5632 Varia)
1766 5566 2080 5633 lectiones
2126 5589 2207 5635 ex
2246 5571 2394 5636 cod.
2427 5567 2700 5631 Coislin.

535 5692 585 5765 ﬁ”
616 5690 817 5765 αὐτῶν.
910 5692 957 5765 f'
981 5694 1385 5765 προσορμίσας.

454 5764 504 5795 ⁷⁸
540 5761 729 5829 ὲατέρου
755 5761 1038 5830 σημεῖον(
1071 5764 1113 5797 '“

460 5852 490 5898 3;
506 5834 533 5885 ί
550 5855 585 5887 κ.
649 5833 693 5864 ⁷³
724 5835 1038 5899 ἐπώμνυτο.

1509 5696 1551 5729 ⁸⁷
1576 5698 1782 5753 Desunt
1817 5715 1982 5755 voces
2000 5699 2177 5770 τούτῳ
2212 5700 2307 5754 ἕνα
2337 5717 2445 5753 τοι.

1147 5766 1355 5823 Desunt
1384 5781 1553 5826 voces
1584 5772 1681 5823 καὶ
1716 5770 1803 5825 τὸν
1838 5766 2207 5839 Παλαιολόγον
2232 5771 2352 5827 κατ’
2378 5770 2560 5827 αὐτῶν
2592 5767 2882 5840 βρύχοντα.

2529 5697 2573 5730 ⁸⁸
2615 5694 2777 5752 Deest
2800 5710 2907 5751 vox
2946 5695 3195 5763 σημεῖον.
3281 5694 3324 5727 ⁶⁹
3348 5692 3514 5755 αὐτὸς
3550 5691 3748 5761 τούτῳ.

2971 5768 3019 5799 ⁷⁸
3042 5766 3222 5836 ἡμῶν.
3291 5764 3337 5797 ⁷³
3368 5763 3527 5823 Deest
3554 5766 3746 5821 vocula
