4110 6460
321 397 424 458 447
1648 398 1875 461 ΑΝΝΕ
1902 400 2290 461 (ΖΟΜΝΕΝιΕ
3482 395 3591 459 448

322 512 614 581 velletque,
641 520 693 567 et
722 510 775 566 iu
810 525 874 563 eo
913 508 1073 563 fidem
1101 522 1256 566 suam
1287 509 1680 580 interponeret,
1712 519 1768 563 ut
1800 510 1893 579 qui
1937 510 2003 563 ad
2041 511 2303 581 templum
2335 511 2520 579 magni
2556 511 2813 584 martyris
2839 524 2898 568 se
2926 508 3242 575 conferrent
3316 508 3422 563 sub
3490 508 3600 563 im-

323 608 474 674 perio
510 608 743 676 Augusti
781 607 1037 677 deinceps
1072 608 1359 672 viverent,
1409 605 1500 675 qui
1553 605 1617 659 ad
1674 605 1903 659 alterum
1947 604 2143 658 Auloui
2179 606 2471 660 obversum
2504 606 2718 675 signum
2760 606 2920 678 155.
2950 604 3248 671 ferrentur,
3322 603 3391 657 iis
3458 602 3601 657 liber

324 702 378 756 iu
439 705 670 772 patriam
726 706 1137 772 permitteretur
1228 702 1456 758 reditus.
1512 699 1607 754 llis
1666 699 1925 767 utrinque
1966 700 2138 769 pactis
2205 700 2484 767 stipulatis
2519 702 2750 757 comites
2812 702 2878 753 ad
2916 698 3264 769 imperatoris
3292 705 3478 766 partes
3508 708 3600 748 ac-

325 800 571 865 cedunt;
613 800 664 854 id
707 799 850 867 quod
903 799 1211 871 Bryennius
1247 795 1613 864 generositate
1648 794 1930 863 indignum
1975 809 2073 848 sua
2107 803 2378 859 statuens,
2418 812 2698 867 nunquam
2733 796 2928 851 adduci
2974 794 3151 864 potuit
3219 801 3278 847 ut
3358 790 3603 845 imitare.

325 901 433 944 tur.
472 889 684 943 Iuravit
712 899 920 944 tantum
962 888 1274 958 imperatori
1298 903 1357 942 se
1381 901 1658 955 nunquam
1733 885 1785 937 in
1844 899 1971 938 eum
2012 894 2289 940 moturum
2328 903 2500 954 arma,
2564 888 2727 943 modo
2778 904 2838 943 se
2887 889 3087 942 idoneo
3132 888 3197 941 ad
3245 884 3594 941 securitatem
3668 936 3671 937 ν

326 984 582 1055 pra'sidio
612 982 804 1037 deduci
831 982 1048 1051 juberet
1080 981 1146 1034 ad
1180 980 1385 1034 limites
1415 978 1652 1047 imperii,
1683 974 1827 1031 unde
1848 988 1907 1028 se
1945 975 2190 1044 recipere
2221 977 2445 1032 domum
2473 991 2691 1050 posset;
2764 978 2910 1051 quod
2948 979 2995 1034 ei
3033 978 3244 1049 prolixe
3305 978 3588 1043 Augustus

324 1075 573 1133 indulsit.
613 1074 832 1143 lterque
863 1089 986 1127 mox
1021 1087 1213 1128 versus
1248 1071 1570 1143 Byzantium
1604 1066 1907 1139 splendida:
1946 1065 2189 1123 victoria:
2222 1084 2447 1137 compos
2474 1071 2726 1140 arripuit.

398 1169 683 1238 lligrediar
718 1169 804 1222 hic
838 1167 1118 1236 paululum
1160 1165 1226 1221 ad
1262 1164 1597 1220 narrandum
1632 1162 1909 1232 quomodo

2083 1162 2298 1234 Μικρὸν
2350 1163 2407 1215 δὲ
2456 1164 2721 1229 ἐνταῦθα,
2750 1163 2851 1235 τὴν
2885 1163 2982 1218 τοῦ
3010 1164 3173 1232 λόγου
3200 1164 3458 1231 διήγησιν
3488 1162 3607 1218 δια-

326 1263 673 1317 Paulicianos
715 1261 862 1314 ultus
891 1260 1173 1329 Augustus
1205 1260 1298 1314 sit.
1337 1256 1663 1314 Delecerant
1710 1256 1811 1321 illi,
1847 1265 1908 1311 ut

326 1356 478 1425 prius
510 1354 718 1408 dictum
754 1361 838 1408 est
860 1392 874 1416 ,
908 1351 1255 1422 pudebatque
1289 1350 1676 1420 imperatorem
1727 1346 1909 1403 redire

326 1448 382 1502 in
414 1447 636 1500 domum
688 1446 892 1515 regiam
949 1444 1271 1513 priusquam
1304 1441 1466 1497 istius
1500 1440 1742 1509 perfidiae
1774 1455 1910 1508 sup-

328 1539 495 1610 plicio
527 1546 837 1603 auctorum,
883 1537 1058 1591 labem
1113 1535 1360 1590 cluisset.
1395 1534 1684 1588 Victoriam
1745 1532 1912 1603 igitur

328 1649 393 1689 ex
427 1634 658 1691 victoria
692 1647 904 1696 serens,
942 1631 1070 1685 dum
1105 1629 1292 1699 gloria:
1316 1629 1619 1699 ejectorum
1659 1627 1909 1683 Castoria

328 1721 612 1776 Gallorum
651 1720 822 1776 decus
855 1719 1080 1775 ultionis
1137 1718 1204 1775 de
1243 1718 1669 1775 Manichaeorum
1709 1726 1912 1772 contu-

331 1811 504 1864 maeia
559 1819 791 1878 sumptae.
823 1809 1093 1881 adjungit,
1150 1810 1458 1865 facinorum
1513 1826 1738 1864 suorum
1786 1811 1913 1864 illu-

330 1902 525 1958 strium
560 1903 749 1957 orbem
790 1918 854 1957 ac
888 1918 1149 1959 coronam
1200 1903 1413 1973 implet.
1453 1903 1567 1958 Nec
1600 1905 1746 1958 enim
1804 1918 1910 1973 qua

331 2004 448 2050 erat
479 1994 797 2049 excelsitate
829 1995 1020 2057 animi,
1062 1995 1173 2064 pati
1209 2003 1426 2066 poterat
1462 1995 1680 2064 tropaeis
1709 1997 1917 2062 magni-

333 2087 434 2142 tice
479 2087 546 2142 de
598 2087 844 2143 occiduis
905 2086 1164 2143 hostibus
1206 2089 1408 2144 erectis
1454 2090 1596 2144 hanc
1647 2091 1913 2144 maculam

334 2181 523 2236 multa:
563 2178 1013 2235 Paulicianorum
1044 2180 1185 2252 fugae
1220 2182 1369 2236 velut
1404 2182 1642 2237 inustam
1674 2193 1916 2244 exstare,

334 2274 401 2329 ad
429 2272 883 2342 interpellandum
928 2274 1355 2343 gratulationem
1399 2274 1697 2342 publicam.
1739 2274 1917 2329 Caete-

336 2381 457 2419 rum
506 2381 620 2420 rem
660 2379 778 2419 eam
829 2363 974 2420 ferro
1012 2380 1075 2419 ac
1109 2365 1279 2421 Marte
1329 2375 1517 2435 aperto
1554 2367 1783 2437 transigi
1822 2383 1921 2422 no-

336 2458 456 2524 luit,
487 2458 738 2528 sanguini
772 2465 886 2512 tum
922 2473 1175 2522 suorum,
1209 2468 1323 2512 tum
1353 2460 1599 2527 ipsorum
1635 2475 1782 2514 nunc
1816 2460 1920 2513 bo-

336 2553 541 2618 stium,
580 2568 703 2606 mox
739 2551 1269 2607 reconciliaudorum
1301 2566 1555 2622 parcens.
1590 2554 1764 2608 Norat
1796 2556 1919 2608 ani-

338 2660 457 2700 mos
486 2645 662 2715 gentis
703 2660 768 2699 ac
795 2653 957 2701 sectae
1002 2645 1304 2715 periclitari
1340 2654 1645 2717 promptos,
1675 2649 1920 2703 indomi-

339 2739 488 2808 tique
541 2738 593 2791 in
640 2738 841 2806 prmliis
886 2737 1128 2809 impetus
1170 2754 1186 2793 :
1235 2752 1338 2793 nec
1388 2755 1510 2793 cum
1561 2741 1629 2796 iis
1684 2751 1922 2813 pugnam

341 2834 463 2886 sine
500 2831 668 2885 multa
716 2829 975 2899 utrinque
1000 2830 1148 2884 caede
1182 2830 1452 2885 committi
1481 2846 1643 2901 posse
1667 2848 1922 2901 comper-

345 2924 618 2979 tissimum
653 2922 907 2977 habebat.
942 2921 1193 2977 Decrevit
1222 2938 1354 2993 ergo
1396 2931 1515 2979 arte
1547 2927 1786 2993 grassari
1810 2967 1825 2989 ,
1861 2942 1925 2982 ac

341 3016 568 3073 sceleris
601 3016 817 3083 quidem
852 3021 1107 3071 auctores
1135 3030 1329 3086 capere
1356 3018 1573 3073 insidiis
1609 3027 1665 3074 et
1708 3021 1923 3090 punire;

344 3108 752 3163 multitudinem
784 3122 1026 3174 servare,
1059 3123 1123 3163 ac
1153 3117 1367 3165 caetera:
1418 3127 1533 3166 sum
1568 3113 1786 3182 corpori
1824 3112 1930 3167 mi-

345 3202 474 3257 litim
506 3200 854 3270 postmodum
901 3200 1164 3256 inserere.
1215 3202 1362 3257 Sane.
1400 3203 1503 3257 viri
1543 3202 1714 3260 fortes
1771 3214 1927 3260 tanto

346 3307 577 3348 numero
600 3291 655 3345 in
682 3290 928 3345 criminis
952 3291 1037 3345 sui
1059 3291 1397 3347 conscientia
1425 3292 1595 3362 quieti
1624 3302 1799 3349 tamen
1828 3296 1927 3349 ad-

348 3389 457 3442 huc
495 3402 662 3455 seque
691 3384 947 3440 domibus
981 3385 1096 3440 suis
1130 3401 1194 3440 ac
1225 3385 1430 3442 ﬁnibus
1466 3386 1587 3444 sine
1620 3388 1928 3444 vicinorum

346 3494 513 3547 noxa,
547 3478 668 3535 sine
685 3477 867 3549 praeda
894 3478 1241 3535 continentes
1267 3486 1473 3536 temere
1496 3479 1798 3537 lacessendi
1822 3500 1929 3539 non

2014 1254 2231 1324 κόψασα
2261 1256 2305 1288 ⁷⁵
2337 1256 2485 1319 ὅπως
2526 1257 2653 1319 τοὺς
2686 1258 3091 1321 Παυλικιανοὺς
3120 1259 3233 1329 (⁸72)
3289 1259 3605 1328 κατηγωνί-

2016 1363 2148 1399 σατο
2202 1347 2566 1417 διηγήσομαι.
2618 1350 2733 1401 Οὐκ
2784 1350 2949 1420 ἔφερε
3002 1350 3138 1419 μηδὲ
3192 1348 3419 1413 τούτους
3477 1350 3606 1411 τοὺς

2015 1441 2330 1504 ἀποστάτας
2377 1441 2859 1509 καταγωνίσασθαι
2924 1441 3030 1511 πρὸ
3093 1440 3187 1494 τοῦ
3233 1442 3303 1495 τὰ
3355 1441 3605 1512 βασίλεια

2015 1532 2366 1599 καταλαϐεῖν,
2425 1533 2542 1586 ἀλλ’
2595 1533 2784 1603 ὥσπερ
2843 1534 2951 1587 ἀπό
3004 1550 3152 1596 τινος
3205 1533 3366 1603 νίκης
3409 1533 3608 1604 ἑτέραν

2014 1625 2173 1691 νίκην
2207 1625 2711 1695 πρυτανευόμενος,
2741 1627 2834 1679 καὶ
2860 1625 2960 1697 τὴν
3028 1624 3239 1696 πληθὺν
3286 1626 3393 1678 τῶν
3426 1628 3609 1681 Μανι-

2015 1718 2190 1787 χαίων
2219 1717 2310 1771 τὸν
2344 1717 2549 1772 κύκλον
2580 1717 3015 1789 συμπληροῦσαν
3040 1719 3148 1771 τῶν
3176 1719 3373 1773 ἑαυτοῦ
3406 1736 3611 1791 κατορ-

2017 1810 2286 1879 θωμάτων
2343 1810 2543 1865 ἐποίει.
2576 1810 2711 1864 Οὐδὲ
2748 1810 2855 1881 γὰρ
2907 1810 3033 1878 ἐνῆν
3065 1810 3143 1879 τῷ
3194 1810 3439 1881 λαμπρῷ
3484 1830 3612 1882 τρο-

2017 1903 2165 1973 παίῳ
2212 1903 2319 1955 τῶν
2358 1902 2628 1973 ἐσπερίων
2681 1902 2979 1975 πολεμίοιν,
3014 1897 3127 1956 οἷον
3160 1901 3349 1955 σπῖλον
3408 1906 3610 1959 ἐνεῖναι

2016 1996 2144 2059 τοὺς
2205 1996 2271 2048 ὲκ
2328 1995 2714 2049 Παυλικιανῶν
2771 1995 3129 2067 ὁρμωμένους
3190 1996 3455 2059 ἐκείνους.
3513 1997 3612 2051 Διὰ

2020 2089 2263 2158 πολέμου
2302 2089 2358 2141 δὲ
2390 2087 2484 2141 καὶ
2539 2091 2718 2160 μάχης
2763 2090 2862 2143 οὐκ
2910 2088 3123 2157 ἤθελεν,
3183 2090 3272 2142 ἵνα
3318 2089 3392 2160 μὴ
3440 2091 3500 2143 ὲν
3544 2092 3611 2163 τῇ

2022 2187 2266 2254 ωμὸολῇ
2306 2185 2401 2238 τοῦ
2435 2185 2676 2255 πολέμου
2734 2184 2919 2237 πολλοὶ
2957 2185 3017 2250 ἐξ
3053 2186 3332 2256 ἑκατέρων
3389 2187 3611 2255 ἀναιρε-

2022 2278 2306 2347 θήσονται,
2368 2278 2538 2331 πάλαι
2596 2276 2820 2340 τούτους
2863 2276 3149 2345 γινώσκων
3208 2277 3615 2348 ὲκθυμοτόιτους

2022 2371 2252 2442 ἄνδρας,
2312 2371 2409 2425 καὶ
2468 2371 2635 2439 δριμὺ
2695 2369 2840 2423 κατὰ
2894 2367 3006 2423 τῶν
3058 2369 3272 2439 ἐχθρῶν
3328 2370 3614 2431 πνέοντας.

2028 2463 2330 2517 Ἐσπευδεν
2356 2459 2450 2517 οὖν
2481 2461 2571 2515 διὰ
2599 2462 2762 2516 τοῦτο
2791 2462 2919 2524 τοὺς
2974 2463 3341 2530 πρωταιτίους
3388 2461 3489 2531 μὲν
3535 2479 3619 2514 τις

2030 2556 2414 2629 μωρήσασθαι,
2443 2556 2571 2619 τοὺς
2599 2555 2658 2608 δέ
2689 2572 2753 2624 γε
2784 2556 3007 2619 λοιποὺς
3039 2557 3117 2625 τῷ
3168 2555 3263 2608 τοῦ
3309 2556 3616 2626 στρατοπέ-

2025 2654 2116 2706 δου
2151 2649 2551 2719 συγκαταλέξαι
2577 2647 2813 2717 σώματι.
2838 2648 3034 2702 Ἔνθεν
3062 2666 3146 2702 τοι
3173 2649 3264 2703 καὶ
3295 2648 3382 2702 διὰ
3410 2648 3618 2719 τρόπου

2025 2743 2216 2797 τούτου
2248 2743 2292 2774 ⁷⁸
2327 2740 2541 2813 μετῄει.
2571 2740 2861 2792 Γινώσκων
2892 2739 2948 2794 δὲ
2982 2740 3044 2792 τὸ
3076 2740 3450 2809 φιλοκίνδυνον
3506 2741 3619 2795 τῶν

2027 2834 2240 2905 ἀνδρῶν
2290 2834 2538 2896 ἐκείνων,
2592 2833 2687 2886 καὶ
2728 2833 2858 2904 περὶ
2907 2833 3035 2896 τοὺς
3067 2832 3342 2902 πολέμους
3387 2835 3482 2887 καὶ
3518 2833 3623 2897 τὰς

2033 2927 2215 2999 μάχας
2260 2926 2583 2987 ἀκάθεκτον,
2622 2926 2812 2978 ἐδεδίει
2846 2925 2920 2996 μὴ
2955 2926 3288 2994 ἀπογνόντες
3343 2925 3526 2996 χεῖρόν
3563 2944 3620 2979 τι

2034 3018 2409 3091 μελετήσαιεν’
2445 3018 2688 3088 ἠρέμουν
2720 3017 2829 3087 γὰρ
2858 3017 2999 3080 τέως
3028 3017 3127 3087 τὴν
3163 3019 3316 3087 σφῶν
3342 3018 3623 3083 οἰκοῦντες

2030 3111 2290 3182 πατρίδα,
2320 3112 2416 3164 καὶ
2451 3111 2607 3163 οὔπω
2648 3110 2784 3180 πρὸς
2814 3108 3109 3178 λεηλασίας
3137 3109 3305 3172 ἄλλας
3352 3109 3447 3163 καὶ
3487 3127 3625 3180 προο-

2031 3207 2200 3276 νομὰς
2232 3203 2598 3275 ἐξετράποντο
2631 3217 2646 3233 ·
2690 3202 3079 3273 μετεπέμπετο
3104 3198 3198 3256 οὖν
3225 3203 3315 3257 διὰ
3350 3203 3620 3273 γραμμά-

2031 3315 2141 3352 των
2168 3296 2391 3359 τούτους
2418 3296 2475 3347 ἒν
2500 3294 2580 3365 τῷ
2612 3293 2751 3364 πρὸς
2780 3293 2841 3347 τδ
2869 3294 3168 3358 Βυζάντιον
3215 3293 3615 3365 ἐπανέρχεσθαι

2035 3393 2261 3464 συχναῖς
2311 3388 2694 3461 ὑποσχέσεσιν.
2728 3391 2792 3442 Οί
2823 3389 2879 3442 δὲ
2919 3390 3018 3459 τὴν
3065 3389 3205 3443 κατά
3254 3389 3364 3442 τῶν
3400 3388 3618 3441 Κελτῶν

2034 3487 2194 3556 νίκην
2221 3484 2387 3539 αὑτοῦ
2428 3482 2814 3553 μεμαθηκότες
2853 3483 3148 3547 ἐδεδίεσαν,
3179 3482 3230 3535 εί
3264 3482 3407 3552 τάχα
3438 3481 3530 3535 καὶ
3555 3480 3627 3535 τὰ

346 3586 525 3640 erant,
564 3581 616 3627 et
649 3581 926 3629 ostentato
951 3580 1162 3629 terrore
1187 3588 1466 3631 armorum
1505 3576 1559 3630 in
1595 3576 1928 3648 desperatio-

2035 3580 2346 3651 γράμματα
2410 3578 2679 3651 χρησταῖς
2736 3576 2936 3639 αὐτοὺς
2992 3575 3207 3630 ἐλπίσιν
3282 3575 3627 3629 ὗπέσαινονο

347 3682 469 3721 nem
511 3666 843 3737 conjiciendi
878 3682 973 3735 per
999 3682 1161 3736 quam
1197 3667 1484 3724 sinistrum
1541 3669 1683 3726 forte
1724 3673 1928 3743 aliquid

2038 3674 2189 3742 ὅμως
2221 3670 2317 3724 καὶ
2365 3668 2441 3741 μὴ
2492 3668 2809 3739 βουλόμενοι
2857 3669 2961 3737 τῆς
3010 3667 3148 3736 πρὸς
3199 3666 3363 3720 αὐτὸν
3393 3667 3631 3737 εἴχοντο.

348 3767 402 3816 et
449 3760 770 3829 reipublicae
806 3759 965 3815 valde
1006 3760 1231 3815 noxium
1285 3772 1513 3829 possent
1562 3766 1928 3823 consciscere.

2052 3766 2290 3826 Ἐκεῖνος
2338 3762 2395 3815 δὲ
2426 3764 2527 3833 τὴν
2557 3760 2973 3816 Μοσυνούπολιν
3000 3757 3116 3830 (75)
3151 3757 3501 3821 καταλαϐὼν,
3532 3758 3634 3811 αὒ-

355 3851 563 3906 Scribit
590 3854 757 3922 igitur
792 3851 857 3905 ad
892 3867 987 3906 eos
1019 3852 1073 3907 in
1101 3853 1221 3922 ipso
1249 3871 1443 3911 versus
1466 3856 1928 3929 Constantinopo-

2038 3855 2543 3928 τόθι-προσέμενεν,
2570 3854 3007 3924 ὑποκρινόμενος
3037 3851 3228 3924 [αὐτοῦ
3264 3848 3392 3921 που]
3418 3850 3487 3902 δι’
3514 3848 3632 3903 ἄλλ’

352 3944 446 3998 lim
483 3944 661 3999 reditu
699 3943 913 4014 magnis
942 3947 1236 4016 promissis
1274 3947 1512 4004 invitans
1546 3960 1608 4005 ut
1637 3953 1703 4006 ad
1736 3968 1797 4009 se
1837 3970 1928 4010 ve-

2036 3948 2177 4003 ἆττα
2204 3948 2588 4017 ἐγκαρτερεῖν,
2607 3945 2667 3997 τὸ
2693 3944 2751 3999 δέ
2774 3961 2838 4013 γε
2870 3944 2991 3997 ὅλον
3013 3944 3112 4015 τὴν
3130 3942 3313 3997 αὐτῶν
3338 3942 3633 4012 ἀναμένων

358 4036 562 4092 nirent.
620 4033 740 4090 Jam
802 4036 928 4091 illos
980 4037 1292 4105 perculerat
1354 4041 1586 4096 nuntius
1642 4055 1928 4113 reportata

2037 4037 2244 4107 ἄφιξιν.
2268 4035 2697 4095 Καταλαόόντας
2715 4034 2760 4068 ⁷⁷
2794 4033 2852 4087 δὲ
2876 4035 3011 4105 ὲσχη
3022 4032 3279 4103 ματίζετο
3309 4031 3634 4103 ἀναθεωρῆ-

354 4126 599 4183 victoriae
644 4127 710 4183 de
734 4127 930 4184 Gallis.
975 4128 1113 4199 Spes
1154 4130 1321 4200 igitur
1354 4134 1820 4202 promissiouibus
1847 4155 1942 4195 ex-

357 4218 521 4275 citata
548 4219 727 4285 novis,
753 4235 878 4275 cum
904 4223 1056 4292 prius
1072 4229 1342 4293 concepto
1366 4224 1565 4281 timore
1591 4230 1938 4301 conspirans,

359 4308 612 4366 homines
661 4310 751 4365 diu
789 4310 1091 4368 reluctatos
1134 4315 1356 4370 tandem
1406 4320 1648 4389 perpulit
1693 4332 1754 4377 ut
1795 4325 1941 4380 viam

359 4402 542 4457 aulam
572 4418 770 4459 versus
801 4414 1180 4476 capesserent.
1220 4406 1484 4465 Substitit
1515 4412 1739 4470 interim
1768 4415 1944 4489 Mosy-

358 4494 542 4563 nepoli
595 4496 857 4563 Alexius,
904 4496 1043 4554 ﬁctis
1072 4502 1369 4555 'morarum
1405 4504 1615 4571 causis,
1657 4521 1849 4564 revera
1884 4516 1946 4564 ut

360 4586 693 4644 Manichaaos
726 4588 841 4644 illic
869 4591 1301 4661 opperireturjli
1335 4602 1396 4648 ut
1433 4595 1732 4654 adfuerunt
1763 4601 1947 4670 priva-

360 4679 458 4733 tim
495 4694 767 4749 quemque
820 4681 1066 4751 ipsorum
1118 4698 1322 4756 cupere
1352 4700 1412 4741 se
1440 4702 1606 4745 nosse
1650 4690 1947 4760 imperator

363 4770 608 4827 simulat.
640 4770 872 4827 Nomina
900 4775 1143 4845 exquirit
1186 4776 1527 4847 singulorum
1571 4787 1627 4835 et
1677 4785 1943 4851 perscribi

360 4859 539 4929 jubet.
576 4859 714 4917 llinc
742 4862 853 4930 jam
890 4875 1112 4934 aspectu
1145 4867 1201 4920 in
1225 4881 1480 4923 severum
1513 4878 1726 4927 mutato
1757 4875 1946 4929 multi-

364 4952 611 5008 tudinem
660 4953 1085 5013 Manichaeorum
1122 4974 1230 5014 non
1283 4958 1351 5014 ad
1397 4975 1456 5017 se
1485 4963 1816 5031 confertam,
1852 4966 1947 5023 sed

2040 4145 2133 4182 σαι
2174 4128 2401 4190 τούτους
2458 4126 2771 4198 βούλεσθαι,
2800 4126 2899 4181 καὶ
2925 4126 3160 4180 ἑκάστου
3194 4126 3297 4196 τὴν
3326 4123 3637 4195 ὀνομασίαν

2041 4219 2425 4293 ἐγγράψασθαι
2456 4218 2525 4286 ’⁸,
2560 4219 2714 4274 ἔνθεν
2743 4235 2827 4272 τοι
2858 4218 2955 4272 καὶ
2999 4217 3230 4290 φοϐερὸς
3260 4217 3633 4288 προύκάθητο,

2043 4316 2140 4371 καὶ
2167 4317 2214 4349 τ’
2249 4315 2309 4370 οὐ
2348 4314 2579 4387 φύρδην,
2610 4313 2749 4367 ἀλλὰ
2790 4313 2885 4367 καὶ
2910 4312 3141 4375 δεκάδας
3164 4312 3292 4375 τοὺς
3320 4311 3556 4377 λογάδας
3580 4311 3631 4343 ⁸ο

2042 4408 2153 4464 τῶν
2184 4407 2511 4478 Μανιχαίων
2543 4405 2821 4460 ποιεῖσθαι
2851 4405 3136 4466 ἐκέλευσε,
3169 4404 3270 4475 τὴν
3292 4403 3403 4456 τῶν
3437 4396 3634 4457 κοινῖὗν

2046 4500 2177 4574 θέαν
2212 4502 2270 4564 ὲς
2300 4501 2480 4555 νέωτα
2528 4499 2927 4570 ὑποσχόμενος,
2969 4493 3095 4570 κᾷθ’
3146 4496 3321 4561 οὕτως
3350 4496 3482 4549 εἴσω
3522 4494 3632 4547 τῶν

2044 4591 2232 4645 πυλῶν
2264 4587 2765 4661 ἀπογραφομένους
2798 4587 3169 4658 είσὲρχεσθαι.
3206 4583 3635 4655 Ἠτοιμασμένοι

2044 4683 2104 4737 δὲ
2132 4682 2287 4746 ὄντες
2310 4683 2361 4735 οἱ
2388 4681 2620 4744 τούτους
2656 4681 2883 4750 δεσμεῖν
2920 4678 3252 4747 ὀφείλοντες,
3282 4676 3411 4740 τοὺς
3432 4676 3638 4739 ἵππους

2050 4775 2149 4829 καὶ
2182 4774 2251 4829 τὰ
2278 4773 2423 4829 ὅπλα
2450 4771 2990 4842 ἀναλαμϐανόμενοι,
3018 4770 3244 4834 τούτους
3278 4770 3338 4823 ὲν
3364 4769 3480 4831 τοῖς
3501 4769 3640 4820 ἀπο-

2050 4870 2416 4941 τεταγμένοις
2477 4866 2762 4940 φρουρίοις
2799 4865 3094 4919 ὲνέκλειον.
3142 4864 3206 4917 0i.
3244 4862 3301 4917 δέ
3327 4878 3391 4930 γε
3437 4859 3642 4931 ἐφεξῆς

2052 4968 2347 5038 ἐρχόμενοι
2373 4963 2616 5035 παντελῆ
2645 4963 2755 5016 τῶν
2807 4961 3205 5035 πραττομένων
3232 4959 3459 5026 ἄγνοιαν
3484 4955 3642 5028 ἔχον-

1445 5098 1645 5160 Varia;
1691 5097 1994 5164 lectiones
2040 5117 2119 5163 ex
2149 5101 2295 5165 cod.
2324 5100 2599 5163 Coislin.

438 5190 484 5264 "F
504 5191 770 5264 τεμοῦσα.

1304 5196 1353 5230 ⁷⁷
1380 5197 1823 5255 καταλαϐόντων.

371 5263 570 5335 γάδας.

881 5195 928 5227 ⁷⁸
958 5193 1203 5259 τούτους.

1928 5201 1976 5235 ⁷⁸
2007 5199 2462 5272 ἀναγράψασθαι.

2560 5198 2606 5231 τ’
2634 5195 2798 5252 κατά.
2903 5192 2952 5228 ⁸ο
2977 5194 3188 5252 Desunt
3209 5208 3371 5251 voces
3399 5191 3523 5256 τοὺς
3554 5190 3645 5246 λο-

1414 5382 1560 5444 Car.
1610 5382 1945 5445 Dufresnii
1994 5387 2093 5448 Du
2125 5386 2348 5469 Cangii
2382 5396 2569 5451 notae.

450 5509 563 5586 (72)
596 5509 1064 5586 Παυλικιάνοιξς.
1102 5507 1451 5586 Paulic'tan‘os
1476 5524 1599 5586 cum
1634 5508 1928 5586 Manichmi

2031 5529 2033 5544 ι
2061 5516 2245 5569 αὐτῶν
2271 5515 2609 5586 βλασφήμων
2657 5513 2798 5586 προς
2825 5512 3115 5586 ἀλλήλους,
3165 5511 3339 5574 οὕτως
3367 5507 3637 5586 -Αετιανοὶ

380 5578 487 5634 hoc
520 5578 641 5635 Ιοςο
668 5582 823 5634 Anna
851 5589 905 5634 et
936 5580 1063 5633 alibi
1090 5594 1234 5647 saepe
1262 5578 1588 5647 confundit;
1618 5590 1776 5633 erant
1800 5584 1948 5633 enim

382 5648 686 5704 Pauliciani
720 5651 1146 5704 Manichaeorum
1180 5650 1426 5719 asseclrc.
1462 5648 1785 5705 Timotheus
1819 5666 1946 5719 pre-

383 5719 590 5803 sbyter,
619 5721 711 5772 lib.
742 5720 897 5803 Περὶ.
917 5720 1026 5774 τῶν
1059 5717 1519 5790 προσερχομένων
1544 5723 1610 5841 τῖὲ
1647 5720 1780 5791 ἁγίᾳ
1821 5717 1950 5773 Ἕκ-

383 5802 621 5841 unctor
652 5788 1026 5841 Γειτονευουσι
1072 5790 1129 5841 δέ
1171 5808 1289 5841 πως
1333 5792 1429 5841 καὶ
1475 5792 1582 5841 ἀγν
1611 5789 1788 5841 θυεοι.
1839 5789 1949 5841 εἰσί

383 5787 632 5860 ιλησίᾳζ
652 5787 1026 5842 Γειτονεύουσι
1072 5787 1129 5843 δέ
1171 5787 1304 5860 πωξ
1333 5787 1429 5842 καὶ
1475 5787 1788 5860 ἀγχίθυροι,
1839 5789 1949 5843 εἰσί

388 5867 532 5917 τινες
568 5855 676 5908 τῶν
707 5860 1021 5929 αἱρετικῶν,
1050 5861 1217 5930 ἧγουν
1266 5859 1323 5915 ἐν
1355 5876 1466 5915 τισι
1509 5855 1619 5916 τῶν
1658 5855 1945 5931 δογμάτων

2059 5587 2137 5655 τῷ
2198 5581 2392 5655 Ἀρείῳ
2411 5581 2430 5649 ,Ἴ
2469 5581 2721 5637 Nudam}.
2765 5581 3159 5655 Σαβϐατιςινῷ,
3197 5612 3266 5621 -
3292 5582 3389 5655 καὶ
3432 5581 3639 5655 Παυλι-

2058 5648 2240 5711 κίανοὶ
2266 5648 2387 5720 ’τοῖς
2419 5656 2775 5723 Μανιχαίοις.
2810 5652 2951 5723 Vide
2990 5648 3188 5723 Notata
3243 5650 3475 5723 adipag.
3509 5648 3637 5723 459.

2130 5729 2241 5797 (73)
2318 5717 2799 5797 Μοσυνύἷτολιν.
2836 5722 3234 5797 δ’ἰῑίίιαηῑιιίηυ
3307 5717 3637 5792 Mosi—Inutile.

2055 5792 2192 5855 Vide
2222 5792 2459 5855 Obscrv.
2490 5806 2708 5852 nostras
2736 5793 2800 5849 ad
2836 5795 2982 5849 hunc
3012 5792 3361 5865 SCl‘iplUI‘CIn.

3687 5328 3719 5366 \
