4110 6456
489 409 599 473 439

1775 406 2192 468 ALEXIADIS
2232 407 2380 467 LIB.
2425 407 2526 467 VI.

3671 414 3777 479 450

488 545 582 589 τες
610 528 869 595 εἰσῄεσαν
904 525 1232 592 ἀγνοοῦντις
1275 524 1335 576 τὸ
1366 523 1789 594 ἀποϐησόμενον
1835 523 2076 594 ἑκάστῳ.

2193 540 2281 593 per
2304 523 2537 580 decadas
2568 524 2837 597 digestam
2875 524 3148 582 introduci
3175 525 3355 595 jubet.
3392 525 3540 581 Velle
3563 544 3620 581 se
3649 544 3778 585 cum

490 619 733 681 Τούτους
765 618 867 687 μὲν
892 613 985 671 οὖν
1006 616 1151 671 οὕτω
1186 616 1443 686 κατέσχε.
1474 619 1568 670 καὶ
1597 614 1697 678 τὰς
1722 615 1902 669 αὐτῶν
1934 633 2089 685 περι-

491 708 685 771 ουσίας
751 707 1022 777 δημεύσει
1089 704 1526 771 καθυποϐαλὼν,
1592 706 1905 776 διενείματο
1974 707 2088 766 τοῖς

497 801 945 869 συγκεκοπακόσι
976 800 1019 832 ⁸⁸
1045 800 1225 871 τούτῳ
1257 801 1316 852 ὲν
1362 802 1485 862 ταῖς
1530 797 1946 869 συμπεσούσαις
1987 799 2089 867 μά-

501 914 637 967 χιις,
672 896 771 948 καὶ
792 897 909 956 τοῖς
942 892 1214 956 κινδύνοις
1242 893 1518 962 γενναίοις
1540 892 1775 955 ἐκείνοις
1812 892 2089 963 στρατιώ-

503 1006 635 1050 ταις.
681 984 966 1039 Ἀπελοὼν
991 986 1099 1039 δὲό
1142 985 1239 1056 τὴν
1266 986 1586 1055 οἰκονομίαν
1625 985 1836 1056 ταύτην
1891 985 2085 1038 ἀναδε-

500 1080 751 1147 ξάμενος,
783 1081 879 1132 καὶ
901 1079 1000 1142 τὰς
1041 1078 1223 1132 αὐτῶν
1269 1079 1536 1145 γυναῖκας
1566 1077 1676 1130 τῶν
1725 1076 1917 1131 οἰκιῶν
1949 1079 2087 1130 ἀπε-

495 1172 691 1235 λάσας,
720 1172 864 1224 κατᾶ
888 1172 988 1239 τὴν
1018 1169 1321 1241 ἀκρόπολιν
1346 1170 1700 1241 ἐμφρούρους
1732 1164 1902 1240 εἶχεν.
1945 1169 2085 1231 Τοὺς

491 1264 551 1315 δέ
585 1281 649 1330 γε
712 1262 1157 1333 κατασχεθέντας
1208 1262 1320 1315 τῶν
1375 1262 1697 1331 Μανιχαίων
1736 1259 2085 1329 συμπαθείας

493 1357 636 1410 κατὰ
672 1355 869 1425 μικρὸν
898 1358 924 1409 ὁ
955 1356 1316 1427 αὐτοκράτωρ
1345 1356 1580 1426 ἠξίωσεν
1605 1370 1618 1384 ⁸
1655 1355 1846 1408 ὁπόσοι
1889 1354 1947 1406 δὲ
1992 1354 2087 1407 καὶ

490 1451 588 1504 τοῦ
627 1451 774 1503 θείου
807 1452 1186 1520 βαπτίσματος
1217 1451 1404 1519 τυχεῖν
1440 1449 1779 1520 προείλοντο,
1808 1448 1929 1501 οὐδὲ
1963 1448 2089 1500 τού-

492 1562 588 1597 του
631 1545 1031 1616 ἀπετύγχανον.
1059 1545 1158 1599 Διά
1186 1546 1451 1609 παντοίας
1478 1545 1535 1597 δέ
1562 1542 1866 1614 περιελθὼν
1884 1543 2085 1605 αὐτοὺς

497 1638 748 1708 μεθόδου,
790 1641 886 1691 καὶ
948 1637 1206 1706 διαγνοὺς
1254 1637 1380 1700 τοὺς
1434 1638 1643 1702 αἰτίους
1684 1637 1784 1706 τῆς
1826 1634 2086 1706 τοιαύτης

492 1732 755 1794 ἀπονοίας
787 1732 845 1785 ἐν
870 1734 1055 1802 νήσοις
1088 1731 1411 1801 περιορίσας
1449 1731 1737 1802 καθεῖρξεο
1770 1732 1889 1793 τοῖς
1922 1730 1980 1783 δέ
2008 1745 2071 1796 γε

493 1824 705 1887 λοιποῖς
732 1824 918 1879 ἄδειαν
939 1823 1214 1892 δεδωκὼς,
1234 1823 1357 1878 ὅποι
1370 1824 1414 1857 θ’
1432 1824 1693 1895 βουλητὸν
1712 1824 1897 1885 αὐτοῖς
1924 1822 2054 1875 ἀπιέ
2069 1853 2080 1862 -

492 1933 583 1967 ναι
608 1915 898 1968 ἀπέλυσεν.
928 1914 994 1971 Οἱ
1023 1916 1078 1969 δέ
1107 1917 1205 1987 τὴν
1230 1917 1610 1987 ἐνεγκαμένην
1636 1914 1748 1988 (Ἠ)
1776 1915 1886 1967 τῶν
1909 1915 2086 1969 ἄλλων

496 2006 973 2074 προτιμησὰμενοι
1039 2007 1236 2060 αὐτίκα
1294 2008 1428 2078 πρὸς
1472 2007 1644 2078 αὐτὴν
1691 2006 2081 2077 ἐπανέτρεχον,

491 2094 573 2159 ὡς
601 2096 719 2149 ἐνὸν
754 2097 823 2150 τὰ
849 2099 969 2152 κατ’
997 2099 1195 2162 αὐτοὺς
1220 2101 1704 2172 οίκονομήσαντες.

2190 616 2257 671 iis
2291 618 2371 671 sic
2408 620 2474 671 ad
2512 615 2776 685 colloquii
2816 614 3137 670 facilitatem
3174 617 3370 673 divisis
3418 618 3582 673 modo
3614 634 3777 689 agere

2188 709 2256 762 de
2312 708 2539 779 privatis
2579 709 2767 775 rebus,
2796 711 2865 765 de
2897 709 3117 779 publica
3159 710 3449 780 legationis
3495 713 3782 768 accersitae

2188 817 2356 857 causa
2407 801 2605 856 deinde
2655 814 2932 855 acturum.
2992 800 3069 855 Ex
3104 801 3207 855 hoc
3250 802 3473 859 decreto
3523 804 3783 856 admitte-

2187 896 2390 950 bantur
2426 895 2568 949 intra
2612 894 2844 963 januas,
2902 894 3062 966 155
3110 911 3347 964 quorum
3410 912 3477 951 ex
3530 899 3781 965 catalogo

2189 987 2414 1043 nomina
2465 986 2877 1052 recitabantur;
2917 988 3218 1043 introducti
3258 988 3467 1056 paratis
3503 1003 3773 1044 occurre-

2190 1080 2319 1133 bant
2366 1079 2456 1145 qui
2517 1094 2618 1133 eos
2663 1080 2824 1147 equis
2875 1079 3156 1148 armisque
3207 1079 3405 1135 ablatis
3460 1081 3676 1135 vinctos
3722 1080 3778 1134 in

2187 1172 2464 1227 custodias
2494 1171 2831 1227 deducerent
2861 1172 3063 1241 cuique
3091 1172 3444 1227 constitutas.
3475 1170 3775 1226 Vocaban-

2190 1274 2279 1319 tur
2309 1281 2430 1318 mox
2459 1264 2550 1318 alii
2581 1265 2829 1319 omnium
2862 1280 2982 1334 quas
3022 1265 3175 1333 prius
3226 1264 3492 1336 ingressis
3526 1266 3778 1333 contige-

2189 1369 2312 1413 rant
2361 1374 2597 1429 quzeque
2656 1359 2767 1414 sibi
2816 1357 2951 1427 ipsis
3006 1359 3387 1428 impenderent
3436 1358 3636 1425 ignari.
3676 1356 3781 1411 Per

2190 1453 2337 1507 hunc
2368 1453 2587 1506 modum
2624 1451 2801 1522 capita
2830 1451 2945 1520 ipsa
2976 1450 3245 1505 tumultus
3277 1450 3445 1520 cepit,
3471 1464 3535 1503 ex
3561 1463 3782 1504 eorum-

2188 1561 2295 1616 que
2331 1545 2624 1615 publicatis
2673 1543 2834 1600 bonis
2885 1543 3055 1598 fortes
3088 1553 3144 1597 et
3182 1540 3372 1597 fideles
3428 1542 3628 1596 milites
3682 1542 3778 1607 qui

2188 1647 2536 1693 constantem
2566 1636 2620 1690 in
2655 1636 2918 1707 periculis
2952 1634 3055 1704 ipsi
3090 1650 3156 1689 ac
3199 1633 3403 1703 praeliis
3435 1642 3489 1688 et
3533 1633 3774 1688 laborio-

2188 1747 2305 1787 sam
2344 1738 2610 1784 navarant
2639 1744 2862 1799 cperant
2886 1724 3273 1783 remuneratus
3303 1736 3409 1782 est.
3436 1726 3583 1782 Misit
3609 1727 3777 1781 etiam

2189 1827 2279 1894 qui
2317 1839 2517 1878 uxores
2544 1824 2890 1878 detentorum
2921 1822 3178 1877 domibus
3203 1821 3492 1888 ejicerent,
3518 1819 3773 1888 bonaque

2190 1917 2378 1973 Omnia
2436 1918 2571 1971 tisco
2617 1915 2958 1970 vindicarent
2991 1930 3006 1967 :
3038 1915 3177 1984 ipsis
3228 1914 3447 1968 interim
3499 1913 3603 1968 sub
3655 1919 3775 1965 tuta

2191 2011 2527 2065 tnunitarum
2553 2010 2760 2070 arcium
2796 2008 3045 2063 custodia
3081 2020 3269 2077 ptenas
3303 2007 3539 2061 desertae
3567 2002 3776 2058 militia:

2191 2104 2489 2167 tuentibus,
2532 2102 2737 2171 quibus
2787 2110 2969 2155 tamen
3019 2101 3365 2170 postmodum
3423 2114 3536 2152 sum
3571 2106 3780 2150 natura:

497 2190 792 2262 indulgens
825 2206 1071 2260 magnam
1106 2192 1366 2262 paulatim
1399 2195 1805 2265 retnlsitpmnzc
1831 2205 2075 2265 partem:
2117 2196 2377 2251 admissis
2418 2196 2584 2250 etiatn
2659 2195 2727 2248 ad
2802 2194 3059 2263 baptismi
3107 2197 3340 2263 gratiam
3390 2198 3662 2259 quotquot
3710 2204 3774 2243 ex

496 2280 632 2350 ipsis
665 2282 729 2333 ad
761 2295 880 2332 eam
915 2280 1131 2335 invitati
1201 2298 1309 2336 non
1383 2294 1710 2340 renuerunt.
1781 2282 2051 2341 Omnibus
2126 2285 2365 2355 denique
2406 2301 2542 2341 usus
2587 2287 2800 2340 artibus
2836 2284 2904 2339 ad
2948 2285 3217 2355 liquidum
3251 2284 3601 2353 explurandm
3629 2282 3777 2336 veri-

498 2372 648 2433 tatis,
683 2387 821 2442 quos
864 2374 1107 2444 ipsorum
1139 2380 1405 2447 comperit
1450 2379 1574 2431 mali
1633 2381 1848 2434 consilii
1900 2381 2071 2434 fuisse
2109 2391 2364 2436 auctores
2391 2396 2484 2436 eos
2516 2381 2666 2435 solos
2691 2380 3072 2450 deportatione
3111 2382 3162 2432 in
3232 2380 3438 2433 insulas
3538 2378 3775 2448 punivit.

496 2464 710 2519 exteris
732 2467 978 2523 dimissis
1001 2477 1324 2538 potestatem
1361 2471 1616 2540 fecitquo
1679 2475 1894 2527 mallent
1966 2473 2154 2527 eundi.
2201 2472 2275 2527 Eo
2327 2477 2402 2527 illi
2457 2476 2688 2529 arbitrio
2743 2475 2815 2527 ita
2859 2474 2940 2527 usi
2976 2483 3106 2526 sunt
3154 2481 3214 2526 ut
3259 2474 3463 2527 nullam
3502 2482 3777 2527 terrarum

498 2573 653 2612 oram
698 2558 1095 2630 praeferendam
1137 2565 1324 2633 patria:
1359 2574 1640 2634 putarent,
1670 2567 1734 2619 ad
1764 2582 1882 2619 eam
1916 2582 2046 2635 ergo
2090 2569 2416 2624 festinarent
2448 2569 2693 2624 universi
2762 2584 2861 2623 sua
2895 2568 3008 2623 illic
3051 2584 3154 2638 pro
3187 2584 3246 2623 se
3311 2568 3549 2638 quisque
3613 2582 3777 2622 cura-

500 2655 635 2707 turi.

586 2745 822 2809 Ἐκεῖνος
839 2746 893 2799 δὲ
914 2747 1049 2817 πρὸς
1070 2748 1164 2820 τὴν
1189 2749 1440 2819 βασιλίδα
1461 2751 1569 2805 τῶν
1588 2753 1794 2807 πόλεων
1817 2752 2087 2808 ἐπάνεισι.

501 2837 618 2892 οὐκ
648 2838 809 2892 ἔλαθε
844 2840 900 2892 δὲ
931 2840 1123 2894 τοῦτον
1154 2844 1221 2895 τὰ
1251 2846 1374 2897 κατ’
1415 2845 1585 2898 αὑτοῦ
1641 2848 1700 2898 ἐν
1742 2846 1978 2918 τριόδοις
2027 2864 2086 2899 τε

502 2932 599 2984 καὶ
655 2931 884 2998 γωνίαις
942 2934 1469 3008 ύποψηθυριζόμενα
1525 2939 1594 2992 ⁸³.
1660 2939 1821 2992 ’Λλλά
1866 2938 2088 2993 ἀκούων

500 3024 868 3094 ἐτιτρώσκετο
896 3025 992 3095 τὴν
1027 3029 1228 3098 ψυχὴν,
1257 3029 1338 3082 ὅτι
1370 3030 1445 3100 μὴ
1483 3030 1738 3084 τοσοῦτον
1768 3031 2092 3102 εἰργασμέ-

501 3135 590 3180 νος
621 3119 1018 3174 πολλαπλασίω
1051 3123 1118 3174 τὰ
1148 3123 1399 3192 στόματα
1439 3124 1546 3178 τῶν
1576 3127 2087 3195 συκοφαντούντων,

502 3207 650 3281 εἶχεν
710 3212 895 3283 ἐαυτῷ
958 3215 1368 3285 περιχαίνοντα.
1443 3217 1681 3281 Ἐκεῖνος
1730 3220 1841 3288 γὰρ
1894 3219 2089 3291 χρείας

504 3303 971 3373 κατεπειγούσης,
1007 3306 1102 3356 καὶ
1134 3306 1402 3375 κοσμικοῦ
1455 3308 1724 3372 κλύδωνος
1761 3308 1819 3376 ἐξ
1852 3310 2088 3381 ἀπορίας

508 3397 615 3447 τῶν
646 3396 946 3467 βασιλικῶν
1005 3398 1272 3467 ταμείων,
1308 3400 1447 3468 πρὸς
1478 3400 1655 3455 ’τοῦτο
1695 3401 1971 3473 ἀπέϐλεψε
1996 3404 2092 3457 καὶ

519 3486 593 3549 ὡς
639 3487 847 3541 δᾶνειον
905 3488 1212 3558 ἐλογίζετο,
1246 3490 1360 3543 ἀλλ’
1388 3494 1484 3564 οὐχ
1514 3493 1589 3556 ὡς
1632 3493 1904 3564 ἅρπαγμα
1932 3496 1966 3566 ἢ
1996 3513 2092 3548 τυ-

529 3584 773 3649 ραννικῆς
801 3582 987 3653 χειρὸς
1038 3582 1362 3654 ἐπιϐουλὴν,
1393 3584 1468 3648 ὡς
1499 3586 1549 3639 οί
1594 3585 2090 3659 διαλοιδορούμενοι

520 3670 744 3735 λέξειαν.
790 3672 954 3727 Ἀλλά
986 3672 1083 3727 καὶ⁵
1150 3673 1378 3745 γνώμης
1409 3675 1582 3740 οὕτως
1643 3675 1789 3747 εἶχεν
1838 3678 1914 3743 ὼς
1952 3682 2092 3749 μετά

511 3766 572 3817 τὸ
598 3765 946 3836 κατορθῶσαι
975 3766 1105 3829 τοὺς
1145 3767 1534 3837 ἐπικειμένους
1568 3768 1838 3840 πολέμους
1876 3772 2091 3825 ἀποδώ-

510 3876 619 3912 σων
643 3862 765 3923 ταῖς
798 3860 1118 3927 ἐκκλησίαις
1141 3861 1236 3913 τὸν
1270 3864 1630 3934 ἀφῃρημένον
1660 3864 1866 3935 κόσμον
1888 3864 2089 3920 αὐτῶν.

508 3953 622 4006 Καὶ
673 3953 775 4005 οὐκ
812 3952 1011 4022 ἔφερεν
1067 3952 1453 4018 ύπαναξεύξας
1503 3955 1550 3986 ⁸⁵
1587 3959 1652 4027 τῇ
1711 3956 1943 4026 βασιλίδι
1986 3959 2094 4012 τῶν

510 4046 727 4098 πόλεων
769 4044 1025 4098 ὑπόθεσιν
1076 4046 1328 4113 γίνεσθαι
1370 4050 1485 4110 τοῖς
1554 4048 1809 4102 ἐθέλουσι·
1863 4050 2091 4122 διασύρ-

508 4155 624 4191 νειν
649 4138 696 4170 ⁸⁸
725 4139 794 4191 τὰ
822 4139 1058 4193 ἐκείνου.
1086 4139 1279 4192 Ἔνθεν
1311 4158 1396 4194 τοι
1425 4142 1521 4194 καὶ
1557 4141 1855 4211 ἐκκλησίαν
1884 4143 2094 4215 κηρύτ-

504 4248 618 4293 τει,
672 4231 770 4284 καὶ
819 4231 1096 4302 συνέδριον
1143 4232 1404 4303 μέγιστον
1441 4234 1520 4297 είς
1559 4234 1629 4287 τὰ
1666 4236 1725 4288 ἐν
1759 4235 2095 4309 Βλαχέρναις

505 4324 813 4395 ἀνάκτορα,
839 4324 1031 4377 ἑαυτὸν
1056 4324 1258 4378 ἐθέλων
1286 4326 1506 4397 πρῶτον
1532 4327 1791 4382 ὑπόδικον
1821 4331 2096 4401 καταστή-

510 4416 737 4482 σασθαι,
770 4419 864 4469 καὶ
914 4415 1059 4470 οὕτω
1088 4418 1158 4471 τὰ
1190 4418 1328 4489 ὑπὲρ
1376 4418 1574 4472 ἑαυτοῦ
1620 4421 2092 4491 ἀπολογήσασθαι.

510 4508 707 4577 Παρῆν
735 4508 791 4561 δὲ
810 4508 912 4579 ἠδη
952 4509 1049 4561 καὶ
1075 4511 1108 4579 ἠ
1136 4510 1444 4580 σύγκλητος
1467 4510 1680 4574 ἅπασα,
1717 4514 1812 4567 καὶ
1840 4515 1901 4567 τὸ
1932 4531 2097 4586 στρα-

2266 2752 2655 2821 Revertentem
2696 2766 2863 2821 porro
2898 2750 3287 2820 imperatorem
3345 2749 3401 2804 in
3451 2751 3640 2804 urbem
3686 2767 3776 2803 re-

2194 2846 2338 2916 giam
2390 2860 2491 2899 nec
2540 2846 2720 2908 latuit,
2770 2860 2870 2898 nec
2915 2858 3107 2912 parum
3167 2845 3471 2897 commovit
3529 2859 3779 2897 murmur

2194 2938 2486 2992 sinistrum
2520 2939 2663 2991 male
2704 2938 2757 2989 in
2791 2938 2972 3005 ipsum
3014 2936 3244 2989 animati
3274 2928 3425 3004 vulgi
3456 2952 3565 3005 quo
3617 2937 3779 2992 trivia

2192 3043 2360 3096 atque
2412 3029 2739 3098 angiportus
2794 3027 3195 3096 personabant.
3253 3025 3549 3082 Enimvero
3586 3028 3782 3082 urebat

2197 3123 2474 3176 hominem
2510 3121 2676 3175 tantis
2708 3119 2872 3172 modo
2917 3120 3176 3189 periculis
3210 3135 3310 3189 pro
3344 3120 3624 3190 republica
3659 3136 3781 3189 per-

2194 3214 2441 3270 functum
2476 3213 2610 3267 nihil
2656 3220 2736 3266 tot
2780 3212 3094 3280 talibusque
3141 3213 3309 3267 rebus
3345 3214 3517 3283 gestis
3575 3214 3779 3267 lucrari

2194 3322 2254 3363 sc
2293 3307 2473 3361 visum
2505 3305 2653 3359 aliud
2679 3304 2786 3359 nisi
2816 3313 2876 3359 ut
2909 3304 3134 3358 illorum
3183 3304 3431 3373 ipsorum
3468 3321 3609 3374 quos
3657 3321 3777 3360 ser-

2194 3410 2380 3456 vasset
2406 3398 2917 3466 ingratissimorum
2954 3398 3159 3452 civium
3190 3405 3344 3453 tanto
3388 3398 3546 3467 plura
3580 3399 3634 3452 in
3662 3398 3781 3466 ejus

2193 3491 2588 3546 contumeliam
2633 3503 2698 3543 ac
2747 3488 3156 3559 sugillationem
3204 3504 3299 3542 ora
3345 3498 3617 3559 paterent.
3669 3494 3778 3553 Su-

2194 3582 2340 3636 surri
2396 3579 2810 3634 mussitantium
2865 3580 2922 3632 hi
2971 3578 3291 3633 ferebantur
3331 3597 3344 3634 :
3388 3572 3657 3649 spoliatas
3710 3581 3781 3634 ab

2194 3675 2538 3743 imperatore
2562 3687 2753 3727 sacras
2801 3670 2947 3726 aedes
2983 3686 3127 3740 quas
3168 3671 3357 3725 ornari
3400 3673 3469 3724 ab
3520 3671 3641 3741 ipso
3684 3687 3782 3727 cu-

2198 3766 2507 3833 tnularique
2547 3772 2899 3834 oportuerat.
2948 3763 3114 3832 Atqui
3159 3762 3346 3818 fatalis
3395 3762 3638 3832 impulsu
3693 3780 3783 3818 ne-

2195 3858 2494 3919 cessitatis,
2533 3854 2599 3909 ad
2632 3855 2972 3924 frangendos
2995 3854 3238 3925 impetus
3272 3854 3609 3911 saevissimos
3646 3870 3782 3924 pro-

2163 4001 2165 4005 .
2195 3948 2347 4003 cella:
2374 3948 2665 4016 cujusdam
2695 3944 3067 3999 ineluctabilis
3095 3959 3160 3999 ex
3195 3943 3385 3998 mundi
3440 3960 3579 4015 pene
3612 3949 3780 4002 totius

2198 4044 2252 4097 in
2282 4058 2450 4097 unum
2479 4039 2789 4095 Romanum
2838 4053 3041 4093 nomen
3073 4039 3494 4107 conspiratione
3518 4040 3777 4095 coorien-

2198 4137 2292 4199 tis,
2328 4135 2525 4189 ultimo
2554 4133 2875 4203 reipublicae
2901 4132 3151 4202 periculo
3175 4139 3424 4198 vocante,
3460 4133 3513 4187 in
3535 4144 3781 4189 extrema

2197 4229 2384 4298 inopia
2440 4227 2560 4281 fisci
2617 4226 2685 4281 ad
2741 4224 2891 4281 istud
2951 4224 3204 4279 ultimum
3261 4226 3437 4281 mutui
3496 4240 3524 4280 a
3566 4229 3782 4298 templis

2198 4318 2454 4374 sumendi
2510 4318 2812 4372 remedium
2867 4326 3091 4371 ventum
3140 4318 3343 4372 fuerat.
3385 4317 3577 4373 Mutuo
3628 4321 3777 4375 enim

2197 4413 2464 4466 duntaxat
2490 4411 2557 4465 ad
2611 4419 2828 4478 tempus
2871 4410 3216 4465 discriminis
3262 4408 3514 4479 urgentis
3562 4411 3652 4463 illa
3689 4425 3783 4463 su-

2199 4504 2489 4559 mebantur
2522 4503 2821 4571 aliquando
2868 4516 2994 4556 cum
3035 4517 3203 4556 usura
3256 4501 3622 4566 rcfundenda,
3671 4517 3779 4556 non

506 4599 735 4665 τιωκὸν,
766 4600 863 4652 καὶ
902 4601 1025 4653 ὅσον
1053 4601 1150 4653 τοῦ
1198 4602 1479 4670 ἱερατικοῦ
1518 4603 1820 4671 καταλόγου
1856 4608 2089 4677 καραδο-

2200 4606 2258 4651 ιιι
2317 4593 2573 4649 maledici
2617 4593 3030 4658 obtrectabant,
3100 4593 3389 4663 tyrannica
3430 4593 3780 4662 grassatione

513 4690 740 4753 κούντες
764 4692 824 4744 τὸ
851 4690 903 4743 τί
925 4691 990 4744 ἂν
1009 4690 1258 4761 βούλοιτο
1280 4694 1313 4763 ἡ
1337 4692 1446 4746 τῶν
1464 4694 1720 4748 ἁπάντων
1757 4696 2090 4762 συνέλευσις.

511 4780 590 4832 Τὸ
619 4780 676 4833 δὲ
726 4776 793 4851 ἦν
840 4780 947 4851 ἄρα
1001 4781 1131 4835 ἀλλο
1158 4781 1331 4849 οὐδὲν,
1361 4782 1394 4855 ἢ
1435 4786 1467 4855 ἡ
1500 4784 1610 4839 τῶν
1642 4785 1783 4840 κατά
1814 4786 1909 4839 τοῦ
1943 4787 2102 4858 βασι-

510 4871 653 4935 λέως
697 4872 1113 4942 θρυλλουμένων
1169 4872 1480 4944 ἀνάκρισις.
1510 4875 1778 4946 Παρῆσαν
1824 4875 1918 4930 οὖν
1946 4896 2099 4947 τηνι-

513 4965 698 5018 καῦτα
731 4965 778 5017 oi
819 4964 927 5016 τῶν
977 4964 1140 5033 ιερῶν
1172 4967 1606 5037 φροντιστηρίων
1659 4968 1954 5038 κηδεμόνες
2002 4971 2098 5025 καὶ

510 5064 587 5108 τα
614 5054 795 5125 βιῦλία
820 5054 878 5117 ἐς
915 5053 1081 5123 μέσον
1117 5055 1424 5124 τηνικαῦτα
1472 5056 1827 5127 προύτίθεντο
1864 5059 1910 5090 ⁸⁵
1948 5059 2096 5131 (βρέ-

516 5149 611 5203 τια
664 5148 774 5219 (75)
828 5147 1004 5201 ταῦτα
1055 5148 1091 5219 ἠ
1152 5148 1410 5219 συνήθεια
1459 5143 1569 5202 οἶδε
1620 5148 1851 5223 καλεῖν),
1905 5153 1963 5204 ἐν
2012 5145 2094 5216 οἷς

2201 4689 2579 4758 rapiebantur.
2610 4688 2689 4742 Ac
2717 4702 3035 4755 quanquam
3074 4687 3179 4741 sibi
3205 4694 3326 4741 erat
3356 4686 3617 4741 conscius
3644 4688 3782 4741 recti

2203 4782 2470 4854 propositi
2503 4796 2613 4852 quo
2644 4789 2765 4851 post
2799 4780 3035 4849 primam
3066 4794 3096 4832 a
3126 4780 3282 4835 bellis
3314 4780 3559 4850 requiem
3584 4779 3781 4835 decre-

2204 4881 2359 4931 verat
2407 4883 2735 4929 ornamenta
2789 4887 2891 4927 sua
2965 4872 3185 4940 templis
3232 4870 3484 4936 reddere,
3532 4887 3639 4925 non
3688 4887 3784 4925 ne-

2206 4970 2378 5038 glexit
2430 4975 2612 5021 tamen
2669 4966 2724 5019 in
2776 4979 3020 5034 prasens
3066 4963 3223 5017 fama:
3280 4979 3395 5019 sua:
3457 4978 3785 5018 succurrere

2209 5059 2505 5123 laboranti,
2550 5066 2604 5113 et
2628 5072 2943 5112 sermonum
2996 5058 3088 5126 qui
3127 5065 3258 5110 tunc
3295 5055 3615 5111 ferebantur
3648 5071 3784 5111 cau-

2205 5169 2321 5210 sam
2345 5153 2530 5223 quoad
2582 5152 2736 5207 licuit
2778 5152 2993 5206 curavit
3027 5152 3242 5207 tollere.
3293 5150 3577 5207 Cunvocat
3620 5151 3784 5222 igitur

1585 5284 1786 5348 Variae
1815 5284 2128 5348 lectiones
2151 5304 2229 5350 ex
2265 5287 2406 5350 cod.
2452 5286 2723 5348 Coislin.

590 5434 636 5467 ⁸⁸
660 5433 1153 5503 συγκεκοπιακόσι.
1228 5434 1275 5467 ⁸³
1307 5436 1437 5507 ὅπη.

1518 5436 1564 5468 ⁸³
1594 5436 2062 5509 ύποῲιθυριζόμεν
2073 5456 2123 5493 1.

2200 5440 2248 5475 ³⁸
2277 5438 2679 5504 ἐπαναζεύξας.
2758 5437 2803 5469 ⁸⁸
2833 5436 3135 5507 διασύρειν.
3210 5435 3258 5468 ⁸⁸
3290 5436 3634 5507 προυτίθετο.

1556 5575 1699 5641 Car.
1739 5577 2068 5642 Dufresnii
2101 5580 2201 5641 Du
2233 5579 2455 5657 Cangii
2504 5587 2697 5641 notua.

596 5708 710 5780 (τι)
758 5707 881 5780 Τὴν
904 5708 1335 5777 ἐνεγκαμένην.
1368 5706 1928 5780 Pliilippopolitanam
1963 5726 2092 5780 pro-

518 5779 786 5851 vinciam.
826 5779 958 5833 Vide
988 5781 1303 5851 infra,7pag.
1333 5779 1432 5832 158
1459 5787 1512 5851 ct
1543 5780 1671 5835 450.

594 5850 711 5924 (735)
743 5852 975 5920 Βρὲσια.
1022 5848 1279 5931 Laudant
1304 5852 1462 5933 hunc
1486 5849 1659 5905 Anna:
1689 5852 1865 5908 locum
1900 5849 2091 5925 Cujac.

2203 5712 2266 5766 ad
2288 5712 2394 5781 leg.
2425 5711 2458 5765 4
2488 5712 2553 5765 de
2578 5712 2946 5767 convenieml.
3001 5712 3116 5766 fisci
3152 5711 3321 5766 dcbit.
3352 5711 3411 5766 P.
3444 5710 3694 5765 Pitbmus
3724 5709 3779 5763 in

2204 5782 2384 5836 Gloss.
2419 5783 2485 5835 ad
2530 5781 2704 5850 Capit.
2740 5782 2867 5835 Car.
2909 5784 3005 5845 lit,
3053 5782 3347 5847 Meursius,
3386 5781 3685 5836 Grctzerus
3728 5789 3783 5834 et

2196 5851 2454 5933 aliiafflst
2488 5861 2670 5929 autem
2706 5852 2909 5922 Brevis,
2962 5854 3355 5924 invenlarium,
3403 5854 3644 5921 rutulus,
3698 5856 3777 5909 vd
