4110 6464
426 403 539 467 455
1742 391 1969 453 ΑΝΝίΕ
2009 392 2045 451 C

2144 389 2320 452 [NEN
2327 390 2390 450 1E
3596 385 3702 449 456

423 519 673 594 ρι’(ῑιδεηίί
715 515 984 570 servitutis
1037 512 1274 582 periculo
1356 510 1698 578 eriperemus,
1783 522 1884 558 non
1922 520 2050 557 casa
2088 503 2301 573 quidem
2324 515 2503 565 sacra,
2553 497 2646 552 sed
2697 497 2956 568 quosdam
3004 506 3225 553 ornatus
3276 506 3324 553 et
3364 494 3694 553 accessiones

433 590 707 667 sacrarum
745 623 944 670 rerum,
976 622 1178 675 paucas
1211 613 1260 658 et
1289 601 1682 670 comparatione
1706 596 2009 650 relictorum
2051 612 2156 648 non
2193 592 2373 663 magni
2410 591 2589 660 pretii,
2631 591 2869 646 mutuati
2912 606 3121 656 sumus,
3174 590 3242 644 ad
3282 590 3519 661 alioquin
3596 592 3709 643 ine-

443 702 657 757 ritabite
688 710 851 754 tanta:
879 699 1109 752 miseria:
1142 696 1426 749 discrimen
1477 693 1868 746 removendum.
1902 686 2072 741 Tanta
2113 688 2168 740 in
2202 686 2297 740 hoc
2331 686 2476 756 facto
2496 701 2590 758 ego
2612 684 2824 756 quidem
2852 683 3190 739 conscientiae
3222 683 3426 752 ﬁducia
3456 685 3601 736 nitor
3644 694 3702 738 ut

430 815 537 851 non
586 794 820 847 dubitem
876 790 1115 863 quamvis
1166 789 1375 858 iniquos
1436 792 1486 839 et
1538 781 1800 851 malignos
1847 780 2003 832 modo
2043 794 2148 833 non
2188 778 2349 847 plane
2391 793 2559 833 cwcos
2612 776 2844 846 experiri
2865 775 3078 844 judice:
3111 791 3131 829 :
3167 778 3302 831 satis
3366 785 3542 832 certus
3589 779 3710 830 nul—

445 889 555 939 lam
591 886 709 940 inde
757 884 966 954 justam
1027 895 1178 950 posse
1234 877 1374 930 trahi
1469 872 1835 943 vituperandw
1892 868 2382 924 administrationis
2466 878 2663 925 nostrte
2720 870 3005 924 rationem.
3068 868 3196 925 llaec
3251 869 3477 925 locutus
3572 882 3701 924 mox

432 980 647 1047 dcjccto
678 980 824 1031 vocis
856 990 994 1031 sono
1019 989 1172 1027 reum
1203 986 1262 1025 se
1294 978 1479 1024 tamen
1545 978 1601 1022 et
1645 981 1821 1037 paena:
1872 965 2173 1020 obnoxium
2204 966 2486 1020 humiliter
2531 963 2821 1036 professus
2865 974 2969 1029 est,
3039 979 3163 1021 sese
3242 965 3361 1036 ipse
3446 966 3712 1021 condem-

440 1086 605 1125 nans.
665 1068 793 1122 Inde
845 1080 1068 1120 rursum
1120 1063 1400 1134 explicare
1483 1059 1679 1116 Brevia
1755 1061 2015 1116 custodes
2056 1060 2278 1114 illorum
2342 1059 2499 1127 jubet
2529 1060 2783 1130 inireque
2830 1060 3259 1115 aestimationem
3298 1074 3363 1115 ac
3434 1075 3707 1115 summam

436 1165 745 1218 ablaturum
781 1174 986 1213 rerum.
1021 1157 1098 1211 Ac
1130 1157 1316 1211 statim
1372 1166 1589 1210 secreto
1665 1154 2051 1223 Antiphonem;
2093 1153 2396 1209 notabilem
2436 1155 2555 1210 auri
2623 1170 2897 1211 summam
2944 1154 2998 1208 in
3050 1168 3227 1208 annos
3278 1154 3526 1225 singulos
3576 1169 3713 1226 pen—

437 1254 676 1309 dendum
706 1267 736 1304 a
772 1250 1120 1304 curatoribus
1147 1247 1265 1303 lisci
1313 1246 1625 1301 constituit.
1653 1245 1810 1311 Quod
1863 1254 1919 1302 et
1961 1246 2017 1301 in
2058 1247 2208 1302 hunc
2230 1246 2374 1302 diem
2424 1257 2693 1319 perpetua
2768 1247 2876 1303 ﬁde
2924 1247 3234 1317 praestitum
3285 1256 3390 1302 est.
3484 1250 3545 1302 In
3606 1249 3715 1303 isto

433 1348 587 1402 enim
659 1345 864 1413 templo
917 1343 1075 1411 prius
1126 1348 1447 1394 memoratae
1537 1338 1909 1407 imperatricis
1970 1347 2091 1393 erat
2127 1338 2375 1394 tumulus
2403 1354 2471 1394 ex
2498 1354 2609 1410 quo
2637 1339 2880 1408 aliquem
2908 1344 3172 1393 ornatum
3201 1352 3419 1394 erasum
3448 1336 3716 1395 diximus.

432 1437 846 1509 Chalcoprateis
879 1450 1009 1489 vero
1037 1450 1279 1488 annuum
1331 1432 1562 1502 vectigal
1594 1434 1716 1485 auri
1763 1431 2129 1488 suﬂecturum
2161 1433 2228 1488 ad
2258 1433 2486 1489 alendos
2520 1448 2618 1491 eos
2689 1448 2886 1489 omnes
2952 1432 3048 1503 qui
3130 1431 3186 1485 in
3238 1431 3342 1486 ista
3384 1430 3480 1486 Dei
3552 1428 3722 1486 Geni-

439 1534 592 1588 tricis
630 1546 787 1584 sacra
843 1528 959 1581 aede
988 1527 1204 1580 divinas
1234 1525 1423 1579 laudes
1452 1526 1731 1580 celebrare
1768 1525 2014 1594 quotidie
2051 1526 2255 1591 solent,
2294 1541 2360 1580 ex
2388 1527 2586 1583 aerario
2614 1527 2767 1597 regio
2799 1526 3139 1597 suppeditari
3166 1524 3354 1593 jussit.

510 1624 625 1676 Sub
676 1622 816 1675 idem
872 1619 986 1673 iere
1035 1627 1255 1688 tempus
1322 1618 1537 1674 detecta
1589 1619 1905 1689 conjuratio
1966 1619 2022 1673 in
2060 1626 2111 1684 Α

432 1718 818 1785 imperatorem
875 1723 981 1767 est.
1031 1712 1443 1767 Consenserant
1486 1715 1541 1767 in
1591 1728 1711 1767 eam
1764 1712 2028 1784 praecipui

434 1811 640 1876 quique
669 1815 956 1861 senatores
988 1820 1053 1859 ac
1098 1805 1291 1868 duces,
1343 1806 1666 1874 tribunique
1707 1805 2029 1870 exercitus;

433 1913 539 1953 nec
571 1876 848 1951 .obscuris
898 1904 992 1949 aut
1047 1894 1444 1950 dubitabilibus
1498 1895 1719 1950 indiciis
1762 1895 2025 1965 vestigata

437 2006 551 2055 res,
578 1990 671 2045 sed
706 1989 962 2058 producti
1000 1996 1355 2044 accusatores
1379 1989 1517 2044 certi
1552 2004 1746 2044 omnes
1788 1988 1857 2042 ad
1894 2003 2034 2058 quos

438 2081 944 2152 quomodocunque
1021 2080 1284 2149 contagio
1352 2081 1574 2151 c03itati
1650 2080 1875 2136 sceleris
1938 2087 2033 2133 aut

437 2175 779 2229 conscientia
828 2173 1181 2243 pervenisset
1237 2172 1367 2238 ulla,
1417 2173 1642 2228 invictis
1695 2171 2037 2243 argumentis

437 2267 725 2321 convictos
762 2265 923 2318 fateri
956 2265 1165 2318 crimen
1215 2273 1539 2334 coegerunt.
1570 2262 1684 2319 Nec
1721 2272 1902 2318 tamen
1930 2262 2036 2318 im-

442 2366 664 2426 perator
724 2356 897 2425 inlligi
953 2370 1145 2425 ptenas
1178 2355 1249 2410 iis
1276 2372 1415 2425 quas
1460 2359 1825 2427 praescribunt
1861 2357 2033 2428 leges,

439 2467 538 2521 pro
577 2464 674 2505 sua
714 2449 1034 2512 clementia,
1073 2464 1275 2519 passus
1303 2458 1423 2515 est;
1467 2450 1832 2520 publicatione
1874 2451 2037 2506 modo

438 2543 713 2596 bonorum
742 2547 797 2593 et
829 2540 1027 2593 exsilio
1060 2539 1507 2596 animadvertere
1539 2542 1596 2596 in
1622 2549 1882 2597 auctores
1905 2556 2034 2596 cono

440 2642 654 2687 tentus.
706 2631 809 2685 Hic
853 2631 976 2685 finis
1025 2632 1453 2701 conspirationis
1496 2634 1658 2689 istius
1704 2634 1826 2688 fuit.
1879 2634 2040 2688 Nunc

442 2727 509 2779 ad
535 2723 894 2788 Manichmos,
927 2723 995 2777 de
1019 2723 1225 2793 quibus
1245 2740 1425 2795 nuper
1453 2725 1693 2795 egimus,
1727 2725 2038 2780 revocanda

440 2817 690 2871 narratio
723 2814 1089 2880 est.Quando
1137 2814 1364 2871 Alexius
1397 2817 1453 2871 in
1507 2818 1692 2885 magni
1748 2815 2041 2873 domestici

443 2913 763 2983 dignitatem
818 2917 1042 2964 evectus
1104 2917 1191 2963 est
1267 2906 1678 2977 a,Nicephoro
1750 2906 2041 2962 Botaniate

443 3006 674 3059 Blaesum
706 3003 1001 3074 quemdam
1046 3001 1404 3056 Maniclncum
1452 3002 1506 3055 in
1548 3001 1901 3056 familiarium
1938 3000 2037 3055 mi-
2067 2976 2116 3036 Β

443 3098 749 3153 nistrorum
793 3109 1085 3148 numerum
1143 3092 1366 3157 ascivit,
1403 3108 1566 3163 quem
1616 3101 1672 3148 et
1723 3107 1883 3147 sacro
1936 3093 2035 3148 ba-

443 3190 698 3259 ptismate
734 3188 1011 3258 dignatum
1052 3187 1141 3241 uui
1198 3201 1265 3240 ex
1309 3186 1681 3257 imperatricis
1722 3186 2039 3242 famulabus

444 3280 798 3335 matrimonio
848 3279 1146 3348 copulavit.
1198 3278 1258 3331 Ei
1299 3278 1418 3332 viro
1469 3286 1711 3348 quatuor
1752 3278 1808 3332 in
1860 3277 2037 3348 patria

445 3389 667 3429 sorores
700 3380 884 3435 erant,
913 3386 1052 3440 quas
1088 3370 1186 3436 illi,
1234 3371 1303 3425 de
1355 3384 1461 3439 qua
1515 3370 1682 3441 paulo
1723 3379 1853 3426 ante
1894 3369 2040 3429 dixi-

445 3481 606 3529 mus,
667 3462 1094 3518 Municlrzeorum
1154 3462 1457 3518 calamitati
1528 3462 1831 3533 implicitas
1909 3479 2036 3518 cum

446 3558 667 3612 caeteris
700 3558 754 3610 in
806 3556 1088 3611 custodias
1145 3554 1341 3609 abduci
1378 3556 1537 3609 bonis
1587 3556 1848 3612 omnibus
1906 3572 2039 3627 spo-

446 3650 608 3704 liatas
669 3664 928 3713 cernens,
996 3649 1262 3717 majorem
1325 3658 1639 3705 commotus
1697 3649 1749 3703 in
1810 3650 2036 3704 modum

447 3746 552 3801 est,
588 3740 876 3808 majusque
931 3739 983 3792 id
1017 3740 1222 3793 malum
1280 3755 1404 3795 esse
1434 3756 1597 3810 quam
1632 3750 1692 3795 ut
1736 3742 1867 3796 ferri
1912 3757 2040 3812 pos-

446 3838 555 3895 set,
614 3831 828 3910 statuit.
887 3828 1383 3901 Circumspiciebat
1438 3833 1607 3903 igitur
1688 3834 2036 3890 occasionem

448 3922 701 3977 elabendi
735 3938 764 3978 e
798 3920 1059 3977 inanibus
1096 3923 1469 3992 imperatoris.
1528 3924 1640 3980 Nec
1676 3924 1874 3981 fefellit
1918 3927 2039 3997 ejus

450 4015 738 4083 conjugem
784 4014 931 4067 haud
967 4014 1153 4068 dubiis
1181 4015 1523 4084 deprehensa
1562 4017 1736 4088 signis
1777 4018 2040 4087 cogitatio

454 4106 763 4174 transfugii.
789 4107 917 4160 Adit
954 4122 1079 4161 eum
1114 4106 1205 4161 cui
1234 4122 1329 4175 per
1363 4107 1416 4161 id
1454 4118 1667 4178 tempus
1701 4107 1863 4179 158
1890 4123 2040 4163 com-

451 4201 620 4255 missa
668 4198 995 4271 gubernatio
1048 4198 1480 4253 Maniclueorum
1529 4208 1671 4265 crat,
1723 4202 1914 4271 illique
1973 4201 2040 4257 de

451 4294 572 4347 viro
620 4308 724 4348 suo
772 4308 896 4362 quae
933 4302 1095 4346 norat
1150 4292 1388 4362 aperuit.
1446 4292 1633 4347 Sensit
1676 4292 1885 4350 Balbus
1921 4310 2037 4349 rem

453 4386 752 4455 proditam,
790 4398 970 4452 eoque
1003 4384 1391 4437 maturandum
1441 4395 1598 4439 ratus
1633 4386 1894 4441 omnibus
1918 4390 2042 4457 qniv

452 4478 683 4533 buscum
717 4478 951 4532 consilia
1008 4476 1339 4540 contulerat,
1385 4478 1597 4549 quique
1643 4478 1721 4532 illi
1782 4479 1865 4533 vel
1910 4496 2046 4535 con-

2221 1621 2314 1675 Ἐν
2357 1621 2566 1685 τούτοις
2600 1621 2866 1692 ἐπιϐουλὴ
2917 1622 2984 1676 ἂν
3028 1621 3202 1693 ἐφάνη
3221 1622 3266 1655 θ’
3296 1621 3411 1693 (79)
3444 1622 3588 1677 κατὰ
3624 1621 3722 1676 τοῦ

2133 1716 2562 1786 αὐτοκράτορος,
2616 1714 2971 1787 μελετωμένη
3007 1715 3159 1787 παρά
3202 1732 3263 1769 τε
3298 1715 3409 1769 τῶν
3439 1716 3539 1787 τῆς
3588 1732 3723 1784 συγ.

2134 1807 2339 1880 κλήτου
2369 1807 2637 1877 λογάδων,
2672 1807 2769 1861 καὶ
2797 1808 2907 1863 τῶν
2945 1807 3040 1861 τοῦ
3083 1807 3317 1877 στρατοῦ
3365 1808 3685 1879 κορυφαίων
3706 1825 3722 1841 ο

2134 1902 2229 1955 καὶ
2261 1900 2564 1972 διεμηνύθη
2615 1900 2921 1972 τηνικαῦτα
2954 1899 3036 1971 τῷ
3086 1899 3477 1970 αὐτοκράτορι.
3519 1901 3630 1954 Καὶ
3673 1902 3724 1953 οἱ

2137 1995 2441 2065 κατήγοροι
2456 1993 2839 2065 παρέστησαν,
2869 1992 3108 2057 καὶτοὺς
3139 1993 3468 2063 συνίστορας
3490 1992 3592 2063 τῆς
3613 2011 3723 2047 τοι·

2137 2086 2310 2158 αύτης
2361 2085 2561 2157 βουλῆς
2598 2086 2913 2157 ἐξήλεγχον.
2966 2084 3228 2156 Ἐκδήλου
3256 2084 3314 2138 δὲ
3353 2085 3453 2157 τῆς
3495 2085 3728 2154 μελέτης

2137 2180 2239 2251 ἤδη
2266 2179 2579 2249 γεγονυίας,
2607 2179 2705 2233 καὶ
2731 2178 2833 2249 τῆς
2864 2178 2975 2233 ἀπὸ
2995 2177 3152 2249 toﬁ!”
3187 2177 3362 2249 ,νόμων
3393 2178 3583 2249 ποινῆς
3605 2178 3728 2232 κατ’

2137 2275 2319 2329 αὐτῶν
2355 2273 2579 2346 βαρείας
2610 2272 2993 2344 ἐπερχομένης
3014 2313 3030 2338 ,
3072 2274 3102 2325 ὁ
3130 2272 3489 2344 αὐτοκράτωρ
3535 2271 3729 2341 ποινὴν

2144 2367 2243 2439 μὲν
2268 2365 2523 2438 οὐδαμῶς
2540 2367 2858 2434 ἐπενεγκεῖν
2883 2366 3068 2429 αὐτοῖς
3092 2364 3498 2436 προτεθύμητο,
3518 2364 3582 2434 δή
3592 2382 3729 2433 μευ-

2141 2478 2226 2514 σιν
2257 2459 2314 2513 δὲ
2353 2459 2517 2531 μόνον
2563 2460 2660 2513 καὶ
2685 2458 3048 2531 περιορισμὸν
3077 2458 3222 2515 κατά
3247 2458 3357 2511 τῶν
3380 2456 3731 2529 πρωταιτίων

2138 2552 2484 2622 ἀπεφήνατο,
2516 2552 2614 2608 καὶ
2653 2551 2816 2624 μέχρι
2845 2552 3038 2605 τούτου
3063 2551 3165 2623 τὴν
3190 2553 3289 2624 τῆς
3314 2552 3577 2621 τοιαύτης
3606 2552 3731 2604 ἐπι-

2142 2645 2339 2714 ϐουλῆς
2367 2644 2716 2709 ὲπεξέλευσιν
2743 2643 2994 2715 ἔστησεν.
3042 2643 3204 2698 Ἀλλά
3228 2644 3338 2715 γὰρ
3362 2645 3391 2697 ὀ
3414 2643 3575 2712 λόγος
3601 2644 3734 2697 ἀνα-

2139 2739 2385 2811 τρεχέτω
2415 2738 2607 2791 δθεν⁹⁹
2646 2737 2924 2811 ἀπερρύη.
2973 2736 3249 2808 Ὀπηνίκα
3291 2737 3320 2790 ὁ
3370 2736 3734 2808 αὐτοκράτωρ

2144 2834 2225 2895 εἰς
2260 2830 2362 2902 τὴν
2411 2830 2505 2885 τοῦ
2549 2830 2947 2901 δομεστικάτου
2985 2828 3098 2901 (80)
3148 2829 3310 2895 ἀξίαν
3359 2828 3514 2900 παρά
3560 2829 3737 2900 Νικη-

2144 2924 2315 2995 φόρου
2371 2920 2465 2976 τοῦ
2515 2922 2880 2976 Βοτανειάτου
2940 2921 3212 2992 ἀνηνέχθη
3238 2963 3252 2989 ,
3306 2921 3544 2992 τραυλόν
3612 2939 3738 2975 τινα

2143 3016 2448 3086 Μανιχαῖον
2483 3014 2933 3085 προσλαϐόμενος
2978 3016 3120 3085 μετὰ
3148 3015 3257 3069 τῶν
3296 3016 3538 3085 γνησίων
3563 3013 3733 3069 αὐτοῦ

2144 3105 2494 3176 θεραπόντων
2538 3101 2904 3174 συγκατὲλεξε
2924 3146 2939 3172 ,
2968 3104 3064 3159 καὶ
3094 3104 3191 3159 τοῦ
3236 3105 3384 3159 θείου
3417 3104 3735 3177 βαπτίσμα-

2142 3214 2234 3260 τος
2280 3196 2544 3263 ἀξιώσας,
2586 3197 2688 3268 μιᾷ
2734 3195 2844 3249 τῶν
2889 3195 2991 3266 τῆς
3026 3196 3299 3267 βασιλίδος
3332 3196 3737 3269 θεραπαινίδων

2146 3288 2490 3355 συνέζευξεν.
2528 3280 2701 3353 Οὗτος
2732 3285 2827 3343 οὖν
2873 3288 3153 3361 τέσσαρας
3195 3287 3433 3357 ἀδελφὰς
3472 3288 3629 3360 ἔχων,
3657 3289 3734 3352 ὡς

2149 3382 2355 3445 ταύτας
2396 3381 2753 3453 ἐμφρούρους
2784 3382 2924 3452 μετά
2954 3381 3061 3436 τῶν
3095 3380 3299 3435 λοιπῶν
3328 3381 3450 3436 τότε
3490 3398 3733 3435 συναπαο

2147 3475 2370 3546 χθείσας
2422 3475 2719 3541 ἐθεάσατο,
2774 3475 2845 3531 τά
2900 3493 2961 3529 τε
3009 3474 3286 3547 προσόντα
3341 3473 3738 3548 ἀφαιρεθείσας

2146 3570 2385 3634 ἅπαντα,
2431 3569 2632 3641 ἤχθετο
2661 3568 2755 3622 καὶ
2789 3566 2980 3637 φέρειν
3007 3569 3111 3623 οὐκ
3142 3564 3316 3641 εἶχεν,
3352 3568 3491 3623 ἀλλά
3526 3569 3743 3623 διεσκο-

2148 3663 2304 3713 mito
2360 3661 2511 3723 ὅπως
2565 3658 2760 3713 ἑαυτὸν
2807 3659 2912 3728 τῆς
2946 3658 3042 3713 τοῦ
3095 3661 3522 3733 αὐτοκράτορος,
3556 3661 3744 3733 χειρὸς

2148 3750 2532 3815 ἀπαλλάξειεν,
2575 3752 2665 3805 Ἐν
2699 3752 2901 3821 γνώσει
2948 3750 3007 3805 δὲ
3040 3751 3250 3806 τούτων
3296 3754 3330 3824 ἡ
3366 3751 3536 3807 αὐτοῦ
3576 3754 3745 3823 ὁμευ-

2147 3843 2291 3907 νέτις
2345 3843 2447 3914 ἠδη
2514 3846 2809 3914 γεγονυῖα,
2868 3844 2965 3898 καὶ
3023 3844 3493 3916 ἀποδιδράσκοντα
3547 3845 3742 3901 τοῦτον

2147 3935 2333 4007 ὁρῶσα
2363 3935 2519 4005 δηλοί
2565 3936 2645 4007 τῷ
2669 3935 2977 4007 τηνικαῦτα
3004 3938 3103 4008 τὴν
3131 3938 3449 4008 οἰκονομίαν
3482 3940 3590 3994 τῶν
3624 3939 3743 3994 Μα-

2148 4028 2377 4098 νιχαίων
2442 4030 2967 4101 ἐμπεπιστευμένῳ.
3030 4032 3105 4084 Οὐ
3157 4031 3371 4085 διέλαθε
3430 4032 3593 4087 τοῦτο
3647 4035 3742 4088 τὸν

2147 4121 2381 4194 τραυλὸν
2406 4122 2499 4176 καὶ
2526 4123 2836 4195 τηνικαῦτα
2856 4126 3077 4189 ὁπόσοις
3101 4124 3309 4194 φθάσαι
3340 4127 3400 4180 τὸ
3426 4127 3744 4200 ἀπόρρητον

2146 4214 2479 4285 ἀνεκάλυψε,
2508 4216 2646 4286 πρὸς
2676 4217 2842 4270 αὐτὸν
2871 4218 3118 4289 ἑσπέρας
3149 4219 3597 4289 μεταπέμπεται.
3631 4221 3744 4273 Καὶ

2149 4308 2337 4362 ὁπόσοι
2379 4308 2436 4362 δὲ
2467 4310 2531 4361 ἐκ
2560 4310 2890 4378 συγγενείας
2916 4307 3059 4383 ἦσαν
3090 4310 3243 4381 αὐτῷ
3280 4315 3652 4384 προσήκοντες
3685 4315 3741 4375 ἐς

2146 4398 2311 4453 αὐτὸν
2346 4398 2775 4470 συνεληλυθότες
2824 4402 3320 4473 καταλαμϐάνουσι
3350 4404 3449 4474 τὴν
3483 4403 3735 4456 Βελιάτο-

2146 4490 2247 4543 6αν
2266 4504 2280 4520 ·
2309 4490 2583 4560 πολίχνιον
2606 4490 2663 4543 δὲ
2693 4489 2853 4545 τοῦτο
2880 4492 3228 4563 διακείμενον
3254 4493 3397 4548 κατά
3432 4493 3532 4564 τὴν
3566 4495 3737 4564 ἀκρο-

453 4574 824 4645 sanguinitate
863 4574 945 4628 vel
974 4572 1079 4626 alia
1109 4573 1524 4628 necessitudine
1566 4575 1748 4644 juncti
1784 4586 1946 4631 erant
1974 4576 2044 4631 ad

2144 4580 2338 4650 λοφίαν
2378 4580 2475 4634 τοῦ
2521 4583 2667 4637 κατά
2700 4584 2933 4655 ταυτηνὶ
2958 4584 3058 4657 τὴν
3088 4584 3420 4641 Βελιάτούαν
3468 4586 3739 4657 τέμπους.

454 4682 513 4721 se
547 4668 742 4737 raptim
762 4668 1081 4721 convocatis
1105 4682 1229 4721 cum
1258 4667 1327 4720 iis
1355 4668 1595 4737 erumpit
1619 4676 1673 4724 et
1702 4668 2043 4725 Beliatobam

454 4767 710 4828 occupat.
757 4758 1088 4828 Oppidulum
1136 4759 1191 4813 id
1242 4768 1328 4813 est
1372 4760 1482 4813 alto
1532 4769 1586 4813 et
1640 4762 1851 4815 munito
1904 4762 2041 4827 situ,

457 4853 657 4922 quippe
685 4851 1002 4921 impositum
1040 4851 1242 4906 montis
1277 4851 1492 4915 vertici,
1526 4859 1581 4907 et
1620 4853 1673 4907 in
1728 4855 2038 4911 convallem

458 4944 579 4997 loco
622 4942 923 5013 subjectam
973 4942 1291 4997 imminens.
1340 4942 1675 4999 Invenerunt
1735 4961 1831 5002 cas
1882 4948 2043 5004 sedes

459 5035 655 5091 incolis
682 5051 909 5101 vacuas,
944 5051 1123 5106 eoque
1161 5047 1420 5106 tanquam
1468 5039 1721 5107 proprias
1766 5055 2045 5111 occupan.

460 5135 564 5195 tes,
604 5127 841 5198 indeque
886 5128 1228 5199 quotidianis
1267 5131 1701 5185 excursionibus
1745 5132 1867 5189 loca
1914 5134 2040 5189 lini-

2145 4674 2366 4726 Ἀοικον
2400 4671 2457 4725 δὲ
2490 4673 2648 4727 τοῦτο
2679 4675 3076 4747 ὲφευρηκότες.
3098 4676 3292 4748 ὥσπερ
3328 4677 3461 4732 ῐδιόν
3494 4696 3545 4732 τι
3577 4679 3743 4750 λάχος

2145 4765 2518 4837 λογισάμενοι,
2551 4768 2609 4821 ὲν
2653 4767 2806 4839 αὐτῷ
2837 4769 2935 4833 τὰς
2979 4772 3227 4842 οἰκήσεις
3258 4772 3571 4827 ἐποιοῦντο.
3605 4768 3745 4829 Εἶτα

2148 4859 2247 4924 τὰς
2282 4860 2407 4914 καθ’
2436 4859 2678 4932 ἑκάστην
2704 4861 2919 4918 ἐκεῖθεν
2950 4864 3229 4936 ἐκδρομὰς
3260 4867 3606 4940 ποιούμενοι,
3649 4867 3745 4922 καὶ

2155 4954 2317 5025 μέχρι
2337 4954 2438 5026 τῆς
2464 4955 2734 5026 σφετέρας
2758 4956 3056 5025 φθάνοντες
3076 4960 3288 5026 πόλεως
3309 4962 3583 5017 Φιλίππου
3607 4962 3743 5035 (81),

2152 5046 2307 5101 λείαν
2339 5047 2544 5118 πολλὴν
2596 5048 3153 5122 ἀναλαμϐανόμ.ενοιι
3198 5054 3636 5126 ἐπανέστρεφον.
3687 5054 3746 5108 '0

2150 5138 2208 5190 δὲ
2239 5139 2467 5210 τραυλὸς
2497 5139 2709 5203 τούτοις
2738 5141 2813 5213 μὴ
2842 5142 3185 5217 ἀρκούμενος
3212 5147 3451 5213 σπονδὰς
3475 5149 3613 5219 μετὰ
3636 5146 3748 5203 τῶν

1508 5244 1713 5306 Variae
1751 5245 2064 5312 lectiones
2098 5269 2177 5315 ex
2210 5252 2359 5316 cod.
2406 5251 2686 5314 Coislin.

526 5346 573 5380 ﬂ
603 5344 872 5417 ἀνεφάνη,
950 5345 995 5376 ³⁸
1018 5345 1150 5399 τῶν.
1223 5344 1268 5376 ⁹⁹
1301 5339 1455 5407 αὖθις
1492 5345 1640 5399 ὅθεν.
1721 5348 1739 5380 ί
1769 5350 2202 5423 ἀναλαϐόμενσι.

1497 5440 1642 5502 Car.
1682 5440 2015 5505 Dufresnii
2043 5446 2146 5510 Du
2183 5443 2409 5523 Cangii
2443 5454 2635 5509 noue.

529 5543 641 5609 (79)

449 5622 675 5673 Alexto.

524 5692 645 5759 (δυ)
712 5683 1177 5759 Δομεστικᾰτου.
1241 5683 1490 5759 Dignitas
1541 5684 1857 5759 domestici,
1923 5703 2049 5759 quae

454 5755 561 5825 νηὶ
599 5758 852 5825 ουοιηρι
881 5771 1099 5807 rursum
1134 5755 1280 5824 apud
1309 5760 1520 5810 Annam
1558 5772 1683 5825 pag.
1711 5756 1813 5825 {68
1840 5770 1893 5815 et
1917 5755 2043 5816 ὅθι.

450 5823 510 5877 1.ι
532 5823 763 5881 Novella
788 5822 1067 5880 Τιιοοᾱοε.
1092 5822 1528 5883 ιιεεριιοιειτίὺυε
1552 5822 1694 5897 apud
1721 5823 2041 5888 Balsamon.

714 5541 922 5611 Βουνίὴ
1004 5543 1315 5612 ἁνεφὰνει.
1383 5543 1585 5600 Confer
1650 5543 1925 5601 Zonaram
1992 5547 2049 5603 in

2155 5550 2398 5649 ari-fiam.
2432 5558 2613 5622 apost.
2677 5560 2734 5607 et
2779 5553 3016 5626 Gregor.
3054 5555 3291 5612 ‘Turon.
3348 5560 3448 5615 lib.
3504 5576 3539 5614 ιι
3578 5561 3744 5624 Μία..

2429 5691 2544 5762 (81)
2575 5694 2907 5751 Φιλίππου.
2945 5697 3108 5760 Πόλις
3161 5698 3454 5763 Φιλίππου,
3509 5717 3617 5756 non
3664 5713 3750 5758 est

2153 5759 2533 5845 ξΙιζιιρβοτυιῄ
2587 5766 2742 5845 urbs,
2797 5768 2891 5821 sed
2919 5759 3372 5845 “Plrilipjmpolis,
3416 5759 3575 5845 cujus
3610 5789 3748 5829 con-

2162 5832 2292 5888 ﬁnia
2324 5834 2644 5891 incolebant
2684 5851 2751 5893 eo
2776 5850 2893 5892 aevo
2918 5832 3245 5895 Pauliciani.
