4110 6396
468 400 580 472 $03

1767 416 1995 477 ANNIE
2033 416 2438 480 COMNENJ‘I.

3621 421 3728 492 {Oi

466 522 750 580 bellandos
801 525 904 579 sibi
969 527 1093 582 unis
1146 527 1323 583 daret.
1373 528 1566 583 Aliena
1599 542 1685 582 res
1722 542 1751 581 a
1813 528 2033 582 militari

2150 529 2431 594 Γατίκιον,
2485 530 2620 598 πρὸς
2667 528 2765 601 τὴν
2814 532 3022 586 οἰκείαν
3071 533 3454 590 παλινοστοῦσι
3504 537 3727 610 παρεμὲ

467 617 761 684 prudentia
807 608 1022 673 Taticio
1064 619 1351 674 videbatur
1390 637 1404 671 :
1441 628 1628 675 tamen
1660 621 1809 689 quod
1841 621 2033 691 augeri

2141 622 2271 691 ϐολὴ
2279 640 2328 676 ν.

468 714 715 781 quotidie
762 715 1146 783 Apelchascmi
1224 718 1528 772 exercitum
1581 718 1739 772 noris
1817 719 2104 786 copiarum
2147 712 2507 774 Turcicarum
2538 722 2955 779 accessionibus
2990 731 3268 790 cerneret,
3305 724 3557 795 periculo
3579 741 3725 781 cone

466 804 650 857 silimn
693 806 947 860 vincente
976 807 1029 859 in
1063 808 1391 861 sententiam
1424 809 1746 864 Latinorum
1784 811 2030 873 transiit,
2070 816 2126 864 et
2196 811 2302 865 sub
2362 821 2545 867 ortum
2580 814 2714 869 solis
2763 816 2883 871 acie
2963 818 3236 873 instructa
3292 833 3530 888 pugnam
3601 834 3727 872 cum

463 892 865 966 Apelchasemo
944 899 1265 968 capessivit.
1312 899 1463 954 Multi
1526 908 1658 954 tunc
1715 902 1843 955 caesi
1918 898 2108 963 Turci,
2154 902 2376 969 plurimi
2406 907 2578 975 capti,
2614 907 2803 977 plures
2831 910 2986 964 obliti
3016 921 3328 967 castrorum
3359 930 3734 983 vasorttmque

465 1004 528 1042 ac
567 990 986 1057 suppellectilis,
1030 992 1227 1047 salutis
1312 1010 1461 1061 spem
1497 995 1548 1050 in
1605 995 1731 1065 fuga
1786 1009 2039 1064 posuere.
2080 995 2200 1065 Ipse
2223 999 2765 1069 Apelchasemusvix
2789 1005 3228 1062 salvusNicatam
3281 1009 3481 1064 tenuit.
3543 1008 3731 1064 Praeda

463 1079 610 1133 Omni
668 1081 828 1148 potiti
873 1081 1141 1136 Taticiani
1177 1086 1401 1155 propria
1471 1087 1525 1141 in
1591 1098 1774 1142 castra
1835 1086 2035 1141 divites
2080 1088 2389 1147 redierunt.

534 1174 632 1231 llis
664 1178 963 1247 imperator
994 1178 1221 1239 auditis,
1250 1194 1349 1249 pro
1396 1194 1493 1235 sua
1551 1180 1840 1250 prudentia
1892 1176 2039 1247 rulgi

460 1276 680 1337 raptum
712 1279 876 1339 atque
904 1286 1065 1324 usum
1099 1270 1421 1337 excedente,
1465 1287 1672 1341 proque
1703 1287 1765 1326 ea
1799 1288 1904 1341 qua
1941 1285 2039 1340 po-

458 1359 742 1418 tissimum
780 1361 1022 1432 pollebat
1048 1364 1242 1432 peritia
1290 1364 1702 1419 tractandarum
1736 1372 2039 1434 quantum.

459 1452 545 1505 vis
582 1453 956 1523 pervicacium
1007 1455 1273 1509 mentium
1300 1467 1353 1510 et
1381 1472 1545 1526 quam
1584 1459 1636 1511 in
1669 1466 1877 1526 partem
1929 1456 2040 1510 vel-

460 1543 537 1600 let
568 1554 787 1615 captato
824 1555 1074 1618 tempore
1134 1548 1618 1617 impellendarum,
1690 1550 2034 1618 inopinatum

457 1636 752 1693 Consilium
814 1639 1092 1709 extemplo
1147 1639 1291 1709 cepit
1345 1641 1683 1711 provocandi
1737 1642 1804 1694 ad
1843 1655 2034 1711 pacem

458 1729 875 1799 Apelchasemi.
939 1730 1149 1787 Scribit
1201 1749 1332 1804 ergo
1365 1735 1739 1806 perhumanas
1790 1735 1855 1787 ad
1913 1748 2036 1786 cum

460 1822 699 1887 litteras,
734 1823 936 1894 quibus
970 1841 1302 1896 magnopere
1336 1836 1531 1883 auctor
1568 1829 1669 1897 ipsi
1692 1836 1779 1882 est
1809 1845 1823 1882 :
1861 1826 2039 1880 absti—

457 1925 588 1970 neat
614 1917 876 1986 deinceps
899 1920 1192 1975 conatibus
1228 1921 1406 1984 vanis,
1441 1936 1574 1975 neve
1618 1920 1651 1974 fa
1671 1928 1821 1974 ustra
1850 1923 2040 1975 verbe-

460 2020 583 2064 rare
616 2020 809 2082 pergat
837 2026 1044 2067 aerem.
1082 2012 1223 2078 Quin
1254 2013 1436 2081 potius
1462 2015 1530 2069 ad
1556 2028 1614 2067 se
1648 2013 2041 2067 Constantino-

462 2104 633 2173 polim
687 2106 901 2170 veniat,
965 2105 1329 2175 amplissimis
1369 2106 1441 2160 ibi
1501 2115 1557 2159 et
1611 2107 1935 2160 muneribus
1985 2114 2040 2158 et

460 2196 773 2252 honoribus
802 2213 831 2250 a
862 2212 923 2253 se
950 2199 1042 2265 qui
1066 2198 1356 2263 scriberet,
1380 2207 1434 2252 et
1457 2197 1612 2251 [idem
1640 2212 1797 2251 suam
1832 2197 2036 2266 regiam

458 2288 529 2343 ad
575 2290 625 2343 id
658 2290 802 2359 quod
843 2290 1170 2345 ostendebat
1228 2289 1601 2357 prmstandum
1641 2289 2037 2359 obstringeret,

458 2383 647 2438 statim
704 2382 1097 2438 eumulandus.
1166 2381 1353 2437 Lectis
1406 2382 1563 2437 hisce
1608 2383 2040 2451 Apelchasemus

460 2476 685 2540 litteris,
721 2475 888 2531 simul
919 2476 1108 2531 eodem
1152 2485 1400 2546 tempore
1424 2473 1772 2530 Prosuehum
1807 2476 2040 2530 audiens

456 2569 790 2637 expugnatis
818 2568 1099 2639 plerisque
1121 2569 1344 2625 arcibus
1378 2583 1517 2637 quas
1549 2577 1784 2636 satrapa:
1814 2566 2038 2636 quidam

459 2669 892 2732 occupaverant,
930 2660 1169 2717 Nicaeam
1217 2663 1329 2732 jam
1369 2661 1668 2716 adventare
1702 2668 1761 2714 ut
1788 2676 1908 2716 eam
1941 2661 2039 2714 ob-

460 2754 677 2810 sidione
704 2756 973 2824 cingeret,
1000 2755 1350 2821 neci-ssitate,
1390 2753 1536 2824 quod
1568 2753 1741 2817 aiunt,
1774 2754 1825 2807 in
1858 2756 2042 2809 ambi-

460 2848 871 2913 tionemversa,
898 2846 1056 2901 tidem
1080 2846 1432 2914 imperatoris
1454 2846 1691 2915 experiri
1713 2847 1999 2901 constituit
2025 2865 2038 2900 :

461 2950 694 3006 sperans
731 2936 899 2991 etiam
939 2936 1043 2991 isto
1066 2950 1369 3007 congressu
1401 2936 1642 3007 penitius
1670 2952 1729 2992 se
1760 2938 2040 3007 introspe—

461 3038 678 3082 cturum
737 3026 972 3100 Augusti
1023 3036 1284 3093 mentem,
1333 3043 1396 3081 ac
1428 3043 1639 3097 pacem,
1668 3028 1713 3083 si
1748 3030 1957 3082 tirmam
1990 3036 2043 3082 cl.

2216 1182 2402 1237 Ταῦτα
2436 1185 2776 1256 μεμαθηκὼς
2804 1188 2831 1239 ὁ
2860 1185 3218 1260 αὐτοκράτωρ
3244 1190 3428 1253 ὁποῖος
3455 1190 3663 1251 ἐκεῖνος
3682 1190 3732 1223 ⁸⁸

2146 1272 2380 1343 θηρᾶσαι
2413 1275 2591 1347 ψυχὴν
2622 1277 2947 1349 ἀνθρώπου.
2981 1280 3076 1333 καὶ
3108 1279 3319 1351 λιθίνην
3355 1280 3592 1349 μαλάξαι
3631 1281 3736 1348 φύ-

2146 1383 2267 1429 σιν,
2310 1369 2531 1439 γραφὴν
2573 1369 2877 1439 τηνικαῦτα
2914 1371 3188 1425 ἐκτίθεται
3230 1374 3367 1442 πρὸς
3409 1372 3499 1426 τὸν
3537 1373 3731 1425 Ἀπελε-

2144 1461 2332 1530 χασὴμ
2352 1503 2366 1527 ,
2402 1462 2787 1532 συμϐουλεύων
2820 1464 3159 1533 ἀποσχέσθαι
3200 1463 3301 1532 μὲν
3333 1464 3442 1516 τῶν
3472 1464 3734 1516 τοιούτων

2144 1555 2316 1607 κενῶν
2347 1557 2820 1626 ἐπιχειρημάτων,
2851 1557 2945 1610 καὶ
2977 1556 3051 1628 μὴ
3078 1559 3157 1620 είς
3186 1558 3323 1628 ἀέρα
3356 1557 3571 1623 παίειν,
3599 1557 3738 1611 ἀλλὰ

2147 1647 2612 1718 προσεληλυθέναι
2647 1667 2704 1702 τε
2743 1650 2892 1720 αι’)τῷ
2929 1652 3023 1704 καὶ
3060 1650 3271 1704 πολλῶν
3304 1653 3568 1719 καμάτων
3604 1650 3735 1701 ἐαυ-

2149 1739 2239 1791 τὸν
2266 1740 2605 1808 ἀπαλλάξαι,
2635 1741 2977 1812 δωρημὰτων
3003 1754 3061 1796 τε
3089 1741 3329 1812 δαψιλῶν
3355 1742 3736 1796 ἐπαπολαῦσαι

2147 1833 2242 1884 καὶ
2275 1834 2459 1902 τιμῆς.
2498 1834 2558 1886 '0
2592 1834 2648 1886 δὲ
2683 1834 3039 1905 Ἀπελχασὴμ
3074 1834 3199 1887 ἐπεὶ
3233 1834 3328 1887 καὶ
3359 1833 3450 1885 τὸν
3486 1834 3737 1902 Προσοῦχ

2146 1922 2418 1990 ἐμάνθανε
2470 1924 2864 1997 πολιορκοῦντα
2910 1926 2979 1980 τὰ
3027 1925 3368 1995 κατεχόμενα
3415 1924 3522 1978 ὑτεό
3570 1940 3736 1976 τινων

2146 2015 2443 2086 σατραπῶν
2489 2016 2733 2086 κάστρα,
2790 2017 2891 2088 ἤδη
2927 2018 2981 2070 δὲ
3016 2017 3112 2070 καὶ
3145 2020 3210 2088 τῇ
3247 2016 3453 2086 Νικαία
3490 2028 3736 2086 προεῖπε⁶

2142 2106 2329 2170 λάζειν
2358 2108 2444 2177 ἐφ’
2469 2101 2512 2175 ᾧ
2544 2108 2903 2178 πολιορκῆσαι
2937 2107 3143 2176 ταύτην
3166 2147 3179 2169 ,
3211 2106 3310 2176 τὴν
3341 2106 3587 2173 ἀνάγκην
3622 2103 3735 2173 (Si)

2146 2199 2459 2270 φιλοτιμίαν
2491 2201 2519 2254 ὃ
2551 2219 2682 2270 φασι
2714 2200 3084 2269 ποιησάμενος
3109 2240 3123 2263 ,
3159 2201 3273 2269 ἆμα
3300 2198 3357 2251 δὲ
3387 2199 3481 2250 καὶ
3509 2197 3609 2266 τῆς
3638 2195 3736 2248 τοῦ

2145 2293 2415 2363 βασιλέως
2446 2294 2673 2365 γνώμης
2706 2292 3294 2363 καταστοχασάμενος,
3328 2290 3423 2343 καὶ
3460 2288 3735 2360 τεθαρῤηο

2144 2387 2259 2449 κὼς
2285 2387 2382 2458 τὴν
2413 2387 2529 2456 μετ’
2555 2385 2721 2438 αὐτοῦ
2752 2386 2978 2456 εἰρήνην
3007 2383 3336 2445 ἀσπάζεται.
3368 2382 3492 2435 Τῶν
3517 2381 3575 2434 δὲ
3604 2382 3735 2433 ἀνα-

2147 2477 2354 2549 μεταξὺ
2389 2477 2684 2549 εἰρηνικῶν
2718 2476 2959 2530 σπονδῶν
2990 2470 3349 2528 τελεσθεισῶν
3373 2515 3387 2538 ,
3425 2474 3735 2544 μελετήσας

2143 2572 2239 2626 καὶ⁸
2268 2571 2454 2642 ἕτερον
2479 2590 2532 2624 τι
2562 2574 2808 2624 συνοῖσον
2838 2572 2865 2624 6
2892 2570 3272 2638 αὐτοκράτωρ,
3303 2569 3425 2621 ἐπεὶ
3453 2569 3545 2622 καὶ
3561 2568 3607 2599 ⁸³
3634 2568 3734 2620 οὐκ

2143 2664 2269 2733 ἐνῆν
2307 2663 2481 2726 ἄλλως
2524 2662 2824 2733 ἀνυσθῆναι
2863 2664 2923 2715 τὸ
2967 2663 3366 2729 σκοπούμενον,
3408 2659 3738 2730 μετακαλεῖ-

2142 2775 2235 2811 ται
2261 2756 2449 2810 τοῦτον
2480 2758 2558 2819 εἰς
2588 2756 2687 2823 τὴν
2721 2754 3135 2826 βασιλεύουσαν,
3168 2753 3252 2822 ἐφ’
3275 2748 3320 2822 ᾧ
3348 2755 3440 2806 καὶ
3470 2753 3735 2822 χρήματα

2143 2849 2347 2915 λαϐεῖν,
2380 2850 2472 2902 καὶ
2501 2849 2714 2919 τρυφῆς
2744 2847 2863 2911 ἅλις
2892 2846 3294 2911 ἐπαπολαῦσαι,
3329 2847 3422 2900 καὶ
3453 2845 3627 2908 οὕτως
3658 2844 3737 2897 οἷ’·-

2144 2943 2274 2995 καδε
2322 2938 2756 3011 ἐπαναστρέψαι.
2811 2940 3069 2994 Πείθεται
3122 2941 3150 2993 ὁ
3190 2938 3588 3008 Ἀπελχασὴμ·
3640 2940 3736 2992 καὶ

2143 3033 2404 3087 εἰσελθὼν
2451 3036 2532 3096 εἰς
2579 3032 2677 3098 τὴν
2731 3032 3124 3103 βασιλεύουσαν
3170 3032 3436 3094 παντοίας
3485 3030 3734 3095 ἀξιοῦται

465 3121 653 3175 utilem
692 3120 809 3176 fore
845 3108 1123 3186 cerneret,
1157 3138 1346 3177 coram
1391 3122 1611 3179 facilius
1649 3139 1812 3191 quam
1849 3123 2039 3193 legatis

2150 3124 2568 3195 φιλοφροσύνης.
2603 3122 2690 3185 Ὠς
2719 3122 2775 3174 δὲ
2801 3122 2900 3193 τὴν
2926 3119 3272 3191 Νικομήδους
3305 3118 3480 3189 (πόλις
3508 3117 3563 3170 δὲ
3595 3116 3736 3187 αῦτη

462 3213 810 3270 intermediis
861 3214 1154 3270 initurum.
1194 3214 1397 3271 Verum
1432 3216 1663 3272 Alexius
1696 3217 1803 3270 alia
1855 3217 2041 3270 omnia

463 3305 893 3361 machinabatur
926 3306 1195 3363 adversus
1226 3307 1502 3363 Barbaros
1528 3308 1860 3378 quibuscum
1892 3309 2043 3363 nulla

462 3396 570 3452 tida
600 3413 708 3468 pax
758 3407 924 3463 esset,
972 3413 1192 3454 omnem
1250 3400 1537 3457 honestam
1596 3417 1720 3457 csse
1770 3402 2043 3457 rationem

463 3492 715 3542 statuens
745 3486 980 3557 publicae
1001 3487 1315 3545 obtinendae
1346 3491 1682 3557 securitatis,
1710 3508 1872 3559 quam
1911 3494 2046 3548 alio-

463 3575 560 3646 qui
606 3577 982 3632 necessariam
1018 3578 1274 3649 imperio,
1329 3589 1511 3636 tamen
1557 3600 1730 3654 neque
1760 3585 1810 3638 vi
1834 3597 2048 3654 aperta.

463 3669 537 3723 ob
570 3677 896 3738 praesentem
932 3670 1010 3725 rei
1042 3669 1311 3728 Romana:
1367 3674 1707 3731 debilitatem
1731 3716 1745 3739 ,
1799 3692 1901 3732 nec
1954 3692 2048 3748 per

463 3759 509 3814 Τ
517 3777 775 3816 urcorum
808 3762 1093 3831 perﬁdiam
1126 3764 1235 3818 ulla
1271 3768 1600 3821 tractatione
1627 3769 1901 3825 conlicerc
1928 3786 2049 3838 pos-

465 3862 572 3907 set.
630 3852 860 3909 Nuntiis
925 3854 1094 3923 igitur
1142 3856 1492 3926 imperatoris
1538 3859 1696 3931 174
1749 3861 2050 3917 liberaliter

465 3943 835 4002 invitantibus
867 3955 928 4001 ut
961 3946 1503 4021 Constantinopolim
1535 3955 1726 4008 venire
1752 3971 1820 4009 ne
1851 3972 2049 4023 grava-

468 4045 648 4101 retur,
686 4038 1191 4112 polliceotibusque
1217 4042 1469 4116 Augusto
1510 4060 1661 4101 curae
1697 4047 1963 4115 futurum,
1992 4062 2052 4106 ut

468 4139 526 4184 et
550 4130 1115 4190 honoriﬁcentissime
1145 4135 1222 4190 ibi
1251 4136 1601 4206 exciperetur
1641 4138 2051 4213 habereturque

469 4229 526 4275 ct
551 4222 929 4293 voluptatibus
948 4241 1014 4281 ac
1036 4229 1368 4298 spectaculis
1399 4230 1578 4285 omnis
1598 4233 1814 4303 generis
1840 4249 2053 4289 recrea-

473 4329 583 4380 tus,
617 4317 1052 4388 uulneribusque
1076 4321 1392 4377 cumulatus
1427 4325 1808 4394 amplissimis,
1831 4327 2050 4382 domum

472 4410 696 4481 quando
728 4412 888 4467 vellet
914 4415 1300 4482 reduceretur,
1336 4431 1602 4473 assensus
1654 4424 1740 4475 est
1781 4421 2050 4491 Apelcha-

2149 3215 2484 3286 μητρόπολις
2520 3212 2795 3282 Βιθυνίας)
2837 3212 3089 3281 κατεῖχον
3150 3209 3337 3281 οίητῆς
3377 3209 3611 3271 Νικαίας
3651 3207 3734 3271 ἐξ·

2146 3309 2405 3378 άρχοντες
2433 3305 2689 3375 Τοῢρκοι,
2720 3304 2931 3357 ἐκεῖθεν
2956 3305 2984 3356 ὁ
3014 3301 3267 3370 βασιλεὺς
3293 3300 3484 3354 ἐλάσαι
3510 3299 3738 3362 τούτους

2148 3398 2469 3468 βουλόμενος
2495 3437 2509 3461 ,
2542 3397 2729 3467 ἕτερον
2761 3395 2914 3465 παρὰ
2942 3394 3214 3448 θάλατταν
3245 3391 3604 3462 οἰκοδομῆσαι
3637 3409 3737 3443 πο-

2146 3489 2349 3560 λίχνιον
2393 3487 2506 3559 (52)
2551 3488 2660 3541 δεῖν
2701 3486 2953 3557 ἔκρινεν,
2999 3486 3059 3537 ἐν
3101 3486 3213 3554 ὅσῳ
3257 3485 3325 3536 τὰ
3370 3483 3468 3553 τῆς
3517 3483 3739 3552 ἀγάπης

2146 3583 2405 3652 ἥδραστο.
2437 3580 2742 3651 Τοιγαροῦν
2777 3582 2835 3633 ἐν
2873 3580 3253 3649 φορταγωγοῖς
3288 3579 3480 3630 ναυσὶν
3517 3577 3736 3632 ἅπαντα

2147 3678 2214 3730 τὰ
2252 3676 2390 3748 πρὸς
2425 3676 2623 3744 χρῆσιν
2659 3673 2898 3744 χρειώδη
2936 3671 3034 3726 σὺν
3074 3671 3258 3735 αὐτοῖς
3292 3670 3598 3739 οἰκοδόμοις
3632 3672 3732 3736 ἐμ.

2151 3767 2331 3822 ϐαλὼν
2361 3767 2713 3834 ἐξαπέστειλε
2736 3805 2750 3829 ,
2777 3766 2876 3836 τὴν
2906 3765 3096 3818 τούτου
3128 3755 3422 3834 δίκοδομὴν
3453 3760 3729 3829 Εὐσταθῖῳ

2148 3861 2227 3929 τῷ
2251 3859 2345 3913 τοῦ
2376 3859 2563 3913 στόλου
2591 3857 2941 3929 δρουγγαρίῳ
2969 3856 3324 3926 ἀναθέμενος,
3354 3856 3444 3909 καὶ
3473 3853 3528 3907 τὸ
3553 3852 3728 3921 ἀπόρ-

2152 3954 2316 4022 ρητον
2359 3949 2664 4019 ἐγκαλύψαι
2687 3949 2733 3980 ³⁸
2774 3949 3085 4016 ἐπισκήψας
3105 3989 3120 4013 ,
3158 3947 3210 3999 εί
3240 3964 3383 4009 τινες
3412 3945 3517 3996 τῶν
3550 3942 3734 4010 Τούρ-

2152 4062 2266 4097 κων
2292 4043 2590 4114 διέρχοιντο
2622 4041 2895 4103 παντοίως
2922 4040 3396 4109 φιλοφρονεῖσθαι,
3426 4037 3522 4089 καὶ
3551 4036 3609 4098 ἐς
3639 4034 3737 4087 κύ-

2157 4156 2249 4209 ρον
2267 4137 2510 4200 διδόντας
2534 4133 2847 4189 ἐπιλαύνειν
2861 4134 2907 4167 ⁸⁵
2929 4133 3038 4186 τῶν
3059 4133 3278 4203 δωρεῶν
3295 4131 3363 4198 ⁸⁸,
3389 4130 3739 4201 προστιθέναι

2154 4237 2210 4288 δὲ
2252 4235 2315 4287 τὸ
2358 4233 2476 4304 μετ’
2506 4233 2766 4303 είδήσεως
2809 4229 2904 4283 τοῦ
2945 4227 3300 4299 Ἀπελχασὴμ
3341 4226 3500 4280 τοῦτο
3541 4224 3745 4279 οἰκοδο-

2161 4330 2316 4400 μεῖν,
2350 4323 2470 4380 εἶτα
2506 4326 2655 4380 ἅπαν
2691 4323 2876 4377 πλοῖον
2912 4321 3172 4392 άπεῖρξαι
3207 4318 3316 4373 τῶν
3348 4322 3447 4389 τῆς
3487 4317 3744 4383 Βιθυνίας

2159 4419 2446 4492 παραλίων
2476 4417 2680 4488 μερῶν,
2710 4416 2786 4479 ὡς
2819 4419 2894 4487 μὴ
2923 4415 3080 4485 δῆλον
3105 4413 3255 4484 αὐτῷ
3285 4413 3543 4482 γενέσθαι
3569 4414 3630 4465 τὸ
3657 4427 3745 4481 γι-

470 4521 657 4562 semus
691 4514 745 4561 et
782 4506 1324 4578 Constantinopolim
1350 4525 1409 4565 se
1434 4514 1717 4568 transtulit
1751 4531 1766 4569 :
1801 4516 1892 4571 ubi
1920 4516 2044 4570 nihil

2162 4514 2408 4582 νόμενον.
2447 4509 2539 4581 Τῷ
2575 4509 2632 4562 δὲ
2667 4507 3023 4579 Ἀπελχασὴμ
3059 4504 3185 4562 καθ’
3209 4504 3450 4577 ἑκάστην
3483 4507 3745 4576 χρήματα

471 4599 663 4652 minus
698 4613 862 4668 quam
888 4608 1211 4669 speraverat
1248 4604 1786 4660 demonstrationum
1821 4607 2053 4663 honoris

474 4703 539 4745 ac
573 4690 894 4746 deliciarum
930 4703 1221 4763 expertus,
1262 4695 1332 4749 iis
1364 4695 1674 4751 fruebatur.
1715 4699 1783 4752 At
1817 4700 2053 4769 impera-

474 4793 585 4847 tor,
616 4783 711 4853 qui
738 4783 963 4840 haberet
989 4785 1043 4839 in
1070 4787 1553 4857 animoexpellere
1579 4789 1899 4847 Nicomedia
1926 4792 2058 4848 Tur-

474 4890 572 4930 cos
607 4875 777 4945 (urbs
823 4891 891 4931 ea
927 4878 1192 4947 primaria
1228 4889 1311 4934 est
1347 4879 1621 4952 Bithynia:
1668 4898 1832 4951 quam
1890 4886 2056 4943 Turci

2157 4607 2333 4669 διδοὺς
2352 4645 2366 4669 ,
2395 4605 2495 4658 οὐκ
2526 4603 2757 4658 ἐνεδίδου
2775 4643 2789 4667 ,
2819 4603 2899 4664 είς
2929 4601 3185 4671 βαλανεῖά
3210 4614 3268 4653 τε
3300 4602 3746 4669 προτρεπόμενος

2159 4700 2253 4754 καὶ
2298 4697 2671 4766 ίππηλασίας,
2716 4695 2813 4750 καλ⁵
2856 4694 3192 4766 κυνηγέσια,
3234 4693 3373 4764 πρὸς
3409 4691 3466 4746 δὲ
3514 4693 3607 4745 καὶ
3647 4690 3746 4753 τὰς

2160 4794 2300 4847 κατὰ
2328 4793 2425 4857 τὰς
2460 4792 2770 4861 λεωιρόρους
2804 4788 3105 4858 ἱσταμένας
3137 4787 3339 4859 στήλας
3367 4785 3702 4855 ἀναθεωρεῖν
3728 4799 3745 4815 ’

2161 4890 2296 4945 ἀλλὰ
2333 4890 2426 4941 καὶ
2463 4887 2689 4941 ἱππικὸν
2726 4884 2913 4955 ἀγῶνα
2944 4882 3013 4937 δι’
3037 4882 3198 4938 αὐτὸν
3235 4880 3601 4941 ἐνστήσασθαι
3633 4883 3749 4945 τοῖς

1536 4995 1732 5060 Varia;
1776 4998 2086 5065 lectiones
2132 5021 2210 5067 ex
2242 5005 2382 5068 eod.
2416 5002 2685 5066 Coislio.

545 5120 592 5151 ⁸³
616 5121 1033 5185 ἐκεῖνοςδεινὸς.
1105 5122 1152 5154 ⁸³
1187 5121 1349 5181 Deest
1391 5122 1575 5178 vocula
1598 5125 1714 5179 καί.
1790 5124 1837 5159 ³⁵
1890 5130 2217 5203 ἐκκαλύψαι.
2293 5127 2341 5165 ⁸³
2393 5128 2819 5185 ἐπαπολαύνειν,
2893 5129 2941 5162 ⁸⁸
2975 5128 3269 5200 χρειωδῶν.

1554 5236 1695 5300 Car.
1723 5226 2055 5306 Dufresnii
2092 5246 2183 5307 Du
2210 5220 2433 5325 ἀξίηςῙὶ
2469 5254 2663 5308 notae.

553 5362 662 5438 (Si)
714 5366 946 5433 Ταύτην
977 5365 1093 5436 τὴν
1146 5366 1445 5436 ἀνάγκην.
1686 5368 2056 5428 Proverbiaiis

479 5432 738 5511 forttiuila,
768 5432 1047 5511 quaénon‘
1112 5432 1283 5511 semel
1343 5432 1759 5511 utitur—Enna,
1788 5441 1884 5511 lib.
1931 5461 2052 5511 xm,

479 5520 513 5579 p
551 5523 603 5577 g.
635 5507 740 5562 599
767 5506 966 5579 εει-402,
996 5510 1213 5579 nostris
1249 5508 1530 5577 frequens,
1569 5506 1729 5563 Fmre
1767 5510 1831 5565 de
1865 5506 2048 5567 neces:

479 5575 581 5631 sité
610 5591 770 5650 ttertu.
804 5575 954 5650 Will.
992 5578 1192 5650 Tyrius
1224 5579 1316 5650 lib.
1352 5575 1409 5643 α,
1438 5594 1550 5650 cap_.
1576 5578 1652 5650 A177
1674 5578 1949 5650 :UFacietts
1992 5583 2055 5638 de

479 5649 785 5701 necessitate
800 5648 1062 5703 virtutem}
1084 5649 1365 5703 Albrrieus
1381 5667 1445 5701 an
1458 5689 1469 5700 .
1490 5648 1648 5702 1062:
1671 5648 2053 5707 Necessitatem

482 5726 684 5788 vertens
712 5717 764 5769 in
794 5721 1136 5788 voluntatem.
1162 5718 1475 5787 Nangiusiu
1504 5717 1647 5772 Phil.
1674 5723 1728 5788 5,
1759 5722 1949 5778 initio:
1980 5724 2053 5777 De

485 5787 791 5838 tteressitate
823 5786 941 5852 fecit
975 5790 1240 5843 virtutem.

557 5854 667 5922 {52)
710 5856 1113 5923 Οἱκοδομῆσαι
1187 5859 1530 5927 πολίχνιον.
1588 5858 1877 5930 Oppidum,
1950 5878 2044 5919 seu

2161 5386 2407 5432 castrum
2439 5375 2599 5435 forte.
2635 5374 2779 5444 quod
2810 5374 3061 5429 Κιὸωτδν
3096 5373 3297 5435 Graeci,
3334 5371 3509 5444 nostri
3540 5366 3742 5444 Civitét

2165 5450 2532 5515 appellarunt,
2579 5442 3103 5500 ξιι’Νἱουιιιοι]ἰυιιςὶ
3165 5442 3743 5515 sinu__ex:edilicatum

2169 5512 2473 5574 ιὼἈιοκίο.
2511 5532 2568 5572 ιιι
2599 5530 2794 5572 auctor
2848 5527 2932 5570 cst
2961 5515 3259 5568 Ordericus
3292 5512 3511 5574 Vitalis,
3542 5512 3639 5567 lib‘.
3670 5528 3747 5573 tv,

2165 5590 2258 5657 qui
2321 5589 2371 5643 id
2429 5585 2698 5653 Varaugis
2759 5586 3177 5640 inhabitantium
3250 5584 3616 5657 ct_tuen_tlum
3678 5583 3749 5634 ab

2164 5652 2355 5713 eodem
2388 5652 2637 5718 Augusto
2671 5672 2993 5711 concessum
3037 5662 3245 5708 narrat.
3283 5654 3418 5708 Vide
3450 5652 3618 5706 Notas
3647 5669 3747 5703 nn-

2164 5738 2310 5784 stras
2343 5731 2406 5781 ad
2466 5726 2730 5781 Villhard.
2774 5743 2828 5780 ιι.
2859 5726 2928 5781 89
2956 5735 3011 5779 et
3057 5724 3184 5777 “2330.
3246 5722 3426 5780 Cthoti
3498 5724 3749 5777 turtutnit

2164 5801 2328 5855 etiam
2364 5800 2745 5871 l’achymeres,
2776 5797 2867 5852 lib.
2897 5812 2971 5863 γι,
3004 5811 3125 5865 cap.
3159 5794 3247 5851 25.
