4110 6394
509 357 616 421 ἵνθῖ

507 562 656 619 dicio
689 567 942 621 nocturni
992 578 1122 622 tunc
1157 573 1340 626 nuntii
1390 578 1677 642 comperit,
1736 592 1860 631 cum
1906 577 2086 633 valido

507 658 755 712 exercitu
787 660 918 714 totis
952 660 1067 730 ipse
1098 662 1421 720 incumbens
1453 667 1664 723 viribus
1718 670 1916 726 Nicmae
1983 687 2086 741 op-

507 749 899 818 pugnationem
927 753 1178 821 urgebat,
1241 756 1292 808 vi
1320 771 1379 810 se
1404 758 1549 811 illam
1579 761 1937 816 subacturum
1987 780 2085 817 au-

508 848 750 903 tumans,
797 857 891 911 spe
922 842 989 897 ad
1019 847 1352 901 trimestrem
1387 847 1499 915 jam
1556 866 1731 918 usque
1769 857 2084 911 contentio-

434 970 443 979 .
506 946 628 984 nem
660 935 943 1002 pertinaci,
972 939 1287 1007 nibilqucin
1313 938 1555 997 futurum
1614 955 1764 1000 certa
1784 950 2081 1006 remittere.

501 1020 732 1089 Jamque
763 1028 914 1082 intus
945 1038 1102 1083 arcto
1131 1029 1252 1085 loco
1281 1046 1371 1087 res
1403 1044 1561 1088 erant
1594 1036 1990 1106 Apelcltasemo
2029 1051 2083 1098 et

505 1119 714 1172 emeris
737 1123 1199 1189 oppugnationem
1218 1140 1343 1180 cum
1372 1126 1493 1196 ipso
1514 1126 1906 1190 tolerantibus.
1937 1132 2081 1205 Ergo

503 1210 574 1263 illi
614 1221 891 1266 maturum
928 1215 1029 1269 rati
1068 1217 1357 1275 consulere
1403 1219 1455 1273 in
1510 1221 1776 1283 medium.
1802 1225 1883 1280 sic
1928 1241 2083 1281 com-

502 1303 741 1357 muniter
775 1313 1090 1361 statuerunt
1121 1326 1136 1363 :
1166 1307 1571 1380 implorandum
1615 1315 1786 1370 videri
1813 1317 2078 1373 auxilium

498 1393 891 1466 imperatoris;
953 1414 1131 1468 neque
1188 1401 1334 1457 enim
1386 1418 1445 1459 se
1494 1420 1658 1475 posse
1716 1417 1807 1461 aut
1869 1409 2080 1466 diutius

500 1487 774 1543 obsistere
804 1487 1087 1547 Prosucbo
1122 1493 1292 1548 armis
1328 1511 1438 1550 rem
1494 1498 1730 1566 gerenti,
1760 1515 1863 1555 nec
1917 1517 2082 1571 porro

496 1589 672 1635 totum
697 1591 790 1636 aut
814 1585 1104 1640 honestum
1134 1586 1332 1644 ducere
1390 1589 1509 1659 ejus
1536 1591 1841 1650 clementia:
1921 1597 2080 1663 cuius

496 1673 632 1727 iram
658 1682 767 1728 tam
797 1677 1048 1732 acerbam
1080 1680 1461 1748 experirentur
1488 1686 1665 1754 capita
1699 1703 1796 1742 sua
1821 1689 2078 1759 credere;

494 1777 867 1836 praestareque
896 1770 1123 1825 omnino
1159 1774 1410 1829 cervices
1434 1777 1800 1846 imperatoriae
1831 1783 2075 1839 servitu-

494 1858 566 1911 tis
587 1857 745 1929 jugo,
781 1876 947 1930 quam
971 1878 1171 1921 manus
1200 1868 1448 1924 victoria:
1474 1869 1741 1928 Prosuchi
1774 1873 1929 1931 dare.
1980 1875 2079 1932 His

496 1951 798 2020 imperator
861 1958 1107 2027 acceptis
1175 1970 1399 2029 repente
1451 1962 1725 2019 Taticium
1769 1983 1894 2021 cum
1949 1968 2081 2025 llore

495 2044 785 2110 copiarum
821 2062 945 2117 quae
977 2057 1094 2104 tum
1133 2050 1276 2107 forte
1299 2053 1363 2107 ad
1395 2069 1619 2110 manum
1657 2057 1829 2122 fuere,
1865 2061 2082 2117 vexillis

496 2143 553 2192 et
592 2139 834 2206 sceptris
862 2151 1092 2211 argento
1150 2146 1385 2202 clavatis
1442 2148 1507 2203 ad
1537 2152 1776 2220 speciem
1822 2152 1958 2222 justi
2013 2169 2080 2210 ac

507 2231 954 2300 regiiexercitus
990 2237 1219 2307 additis,
1289 2242 1576 2311 suppetias
1636 2243 1877 2302 obsessis
1909 2249 2077 2317 misit,

493 2318 640 2375 datis
674 2322 812 2376 clam
846 2326 1143 2396 mandatis,
1195 2336 1254 2385 ut
1287 2341 1622 2390 ostentatum
1682 2339 2079 2409 Apelchasemo

492 2412 762 2467 auxilium
800 2417 986 2485 potius
1025 2434 1094 2474 ex
1136 2431 1322 2479 mente
1373 2426 1732 2497 imperatoris
1780 2440 1947 2502 atque
2010 2452 2079 2491 ex

492 2518 596 2558 usu
623 2507 697 2560 rei
731 2505 1017 2576 Romanae,
1043 2528 1207 2583 quam
1259 2531 1326 2571 ex
1368 2519 1608 2577 utilitate
1651 2532 1745 2578 aut
1790 2525 2077 2585 voluntate

494 2592 669 2663 ipsius
700 2596 1081 2667 Apelchasemi
1109 2604 1541 2663 administraret.
1591 2609 1780 2682 Neque
1809 2615 1957 2669 enim
2017 2633 2078 2674 se

492 2701 825 2756 magnopere
850 2706 1048 2748 curare
1098 2693 1246 2752 hunc
1291 2696 1618 2764 Barbarum,
1685 2704 1882 2758 nedum
1938 2722 2075 2777 quo-

491 2780 577 2836 vis
619 2782 795 2850 ιπειίο
842 2786 1197 2855 periculoque
1238 2790 1440 2858 pacisci
1501 2794 1731 2851 salutem
1771 2796 1890 2864 ejus
1918 2801 2073 2868 velle,

493 2886 683 2926 verum
712 2874 857 2930 allici
894 2884 1072 2932 tamen
1116 2882 1368 2936 eumdem
1405 2883 1749 2944 liberationis
1777 2905 1874 2961 spe
1940 2909 2077 2963 qua-

490 2963 641 3030 dam,
667 2965 812 3021 l‘actu
845 2982 1214 3039 opportunum
1250 2974 1477 3031 ducere.
1519 2977 1790 3043 Quoniam
1858 2984 2075 3043 duobus

493 3056 752 3114 Barbarie
804 3077 962 3131 atque
1011 3063 1276 3122 Romanae
1307 3069 1628 3140 reipublicae
1652 3074 1902 3143 infensis,
1927 3079 2076 3136 inter

1813 371 2038 431 ΔΝΝᾹΞ
2069 371 2458 438 (ΖΟΜΝΕΝᾹζ

490 521 502 537 ,
578 468 843 525 Caeterum
881 468 1403 546 Prosuehus,juxta
1432 480 1486 535 id
1520 482 1664 552 quod
1722 481 1966 540 Taticius
2001 487 2086 540 in-
2123 488 2166 545 Α

2109 1822 2161 1882 Β

3667 378 3767 445 508

2278 486 2337 541 '0
2364 488 2418 541 δὲ
2453 488 2700 560 Προτούχ
2722 490 2896 554 δεινὸς
2924 488 3063 561 μετὰ
3086 488 3371 558 δυνάμεως
3399 489 3475 555 ὡς
3510 491 3772 562 ἠλπίζετο

2190 580 2513 634 καταλαϐὼν
2541 582 2850 653 ἐπολιόρκει
2878 584 2979 653 τὴν
2995 583 3230 637 Νίκαιαν
3253 582 3436 647 καθὼς
3458 583 3486 636 δ
3506 584 3582 654 τῷ
3615 585 3770 637 Τατι·

2189 670 2293 740 κίῳ
2326 675 2520 736 νυκτὸς
2551 674 2974 744 προσεληλυθὼς
3009 676 3130 729 τότε
3166 675 3343 741 ἔλεγε.
3376 675 3488 728 Καὶ
3518 675 3613 728 ἐπὶ
3638 676 3772 745 μησὶ

2190 764 2341 833 τρισὶ
2402 765 2707 834 πολιορκῶν
2758 767 2964 836 ταύτην
2998 767 3098 819 οὐκ
3148 765 3404 820 ἐνεδίδου.
3470 766 3559 819 Ἐν
3601 767 3772 835 στενῷ

2191 854 2247 907 δὲ
2264 857 2454 925 κομιδῇ
2481 858 2548 910 τὰ
2570 859 2687 911 κατ’
2710 859 2909 924 αὐτοὺς
2930 861 2978 913 οί
3003 861 3152 922 ἐντὸς
3167 860 3259 914 καὶ
3276 860 3437 924 αὐτδς
3460 859 3515 913 δὲ
3533 862 3560 913 ὁ
3576 859 3774 914 Ἀπελ-

2194 946 2378 1018 χαςὴμ
2405 950 2731 1018 ἑωρακότες,
2758 950 2956 1021 καὶμὴ
3012 950 3269 1004 ἐπιπλέον
3321 951 3567 1020 ἀντέχειν
3628 952 3771 1020 πρὸς

2191 1039 2282 1091 τὸν
2308 1042 2555 1112 Προσοὺχ
2572 1043 2880 1113 δυνάμενοι,
2897 1042 3339 1113 διαπεμψάμενοι
3360 1043 3495 1114 πρὸς
3513 1042 3604 1095 τὸν
3622 1042 3777 1112 βασι-

2194 1129 2289 1183 λέα
2318 1131 2543 1202 ᾐτοῦντο
2575 1134 2677 1203 τῆς
2708 1133 2768 1199 ἐξ
2801 1133 2968 1190 αὐτοῦ
3000 1133 3256 1207 βοηθείας
3283 1136 3490 1204 τυχεῖν,
3519 1137 3775 1203 κρεῖττον

2190 1224 2444 1292 λέγοντες
2488 1227 2741 1298 ἡγεῖσθαι
2775 1225 2997 1291 δούλους
3030 1226 3197 1281 αὐτοῦ
3222 1226 3588 1296 ὀνομάζεσθαι
3618 1224 3650 1295 ἢ
3688 1224 3775 1295 τῷ

2190 1318 2437 1388 Προσοὺχ
2472 1317 2657 1371 δοῦναι
2683 1320 2893 1389 χεῖρας.
2933 1319 2991 1372 '0
3017 1318 3076 1371 δὲ
3116 1319 3464 1390 παραχρῆμα
3492 1319 3619 1379 τοὺς
3655 1317 3771 1370 τῶν

2188 1404 2615 1477 παρατυχόντων
2636 1407 2924 1479 ἐκκρίτους
2935 1408 3144 1474 διελὼν,
3173 1408 3417 1479 σημαίας
3440 1418 3497 1462 τε
3519 1409 3612 1461 καὶ
3631 1406 3773 1477 σκῆο

2186 1515 2332 1568 πτρα
2372 1498 2694 1572 ἀργυρόηλα
2726 1501 2996 1565 ἐπιδιδοὺς
3023 1503 3104 1565 είς
3137 1500 3364 1573 ἀρωγὴν
3409 1500 3633 1564 τούτους
3673 1501 3771 1551 ὲκ-

2186 1593 2416 1662 πέμπει.
2446 1593 2522 1646 υύ
2567 1594 2676 1664 γὰρ
2716 1596 2982 1668 ἄντικρυς
3015 1593 3228 1663 βοηθῶν
3287 1594 3366 1666 τῷ
3408 1591 3775 1662 ’Δπελχασὴμ

2189 1686 2456 1754 στρατιὰν
2488 1687 2764 1757 ἔπεμπεν,
2807 1688 2945 1741 ἀλλὰ
2976 1687 3047 1742 τὰ
3078 1688 3177 1758 τῆς
3214 1686 3472 1758 βοηθείας
3509 1683 3771 1738 ἐντεῦθεν

2198 1778 2340 1831 κατὰ
2391 1778 2482 1833 τὸν
2512 1779 2637 1833 νοῦν
2664 1780 2757 1835 τοῦ
2788 1780 3196 1851 αὐτοκράτορος
3222 1782 3302 1844 εἰς
3337 1779 3634 1833 κατάλυσιν
3671 1774 3772 1828 τοῦ

2200 1869 2560 1943 Ἀπελχασὴμ
2617 1872 2964 1944 περιίστατο.
3012 1871 3119 1925 Δύο
3150 1871 3261 1944 γὰρ
3307 1872 3444 1942 πρὸς
3500 1868 3774 1937 ἀλλήλους

2188 1965 2517 2035 μαχομένων
2548 1965 2762 2035 ἐχθρῶν
2791 1966 2891 2035 τῆς
2919 1964 3030 2019 τῶν
3091 1964 3388 2034 Ῥωμαίων
3438 1962 3771 2035 ἡγεμονίας.

2184 2055 2292 2112 ἔδει
2328 2056 2405 2128 τῷ
2445 2058 2830 2129 ἀσθενεστέρῳ
2888 2058 3204 2124 συνθέσθαι,
3259 2057 3359 2129 οὐχ
3392 2057 3484 2110 ἵνα
3531 2057 3773 2123 ἐπικρα-

2182 2150 2440 2219 τέστερος
2465 2149 2717 2220 γένηται,
2758 2150 2874 2204 ἀλλ’
2927 2150 3014 2204 ἴνα
3040 2149 3131 2204 τὸν
3191 2149 3289 2221 μὲν
3321 2147 3768 2218 ἀποκρούσηταιν

2183 2240 2279 2310 ἀφ’
2318 2234 2380 2294 οὐ
2412 2242 2469 2295 δὲ
2495 2245 2598 2314 τὴν
2623 2242 2776 2298 πόλιν
2808 2243 3083 2315 ἐξέληται,
3113 2243 3207 2298 καὶ
3241 2242 3339 2315 τὴν
3371 2241 3510 2305 τέως
3546 2241 3620 2310 μὴ
3667 2235 3767 2293 οὖ-

2182 2350 2284 2387 σαν
2315 2333 2420 2387 ὐπὸ
2457 2334 2552 2389 τὸν
2611 2335 2814 2390 κύκλον
2853 2335 3023 2391 αὐτοῦ
3082 2335 3222 2391 ἰδίαν
3278 2335 3602 2406 ποιήσηται,
3666 2332 3769 2386 καὶ

2183 2425 2326 2479 κατὰ
2361 2428 2559 2499 μικρὸν
2590 2430 2653 2481 ἐκ
2678 2427 2886 2500 ταύτης
2916 2429 3111 2500 ἑτέραν
3139 2428 3232 2482 καὶ
3269 2428 3417 2498 μάλα
3446 2426 3614 2496 ἄλλην
3645 2422 3767 2477 ἐλδ-

2184 2534 2348 2588 μενος
2375 2517 2476 2590 τὴν
2500 2517 2610 2572 τῶν
2648 2512 2943 2590 Ῥωμαίων
2972 2518 3150 2589 ἀρχὴν
3208 2516 3547 2586 πλατυτέραν
3600 2513 3767 2584 ποιήο

2182 2612 2469 2680 σηται,είς
2523 2610 2708 2665 στενὸν
2738 2611 2933 2681 κομιδῇ
2980 2610 3356 2673 καταστᾶσαν,
3414 2606 3507 2661 καὶ
3556 2605 3763 2676 μᾶλλον

2178 2702 2366 2768 ἰξότου
2401 2703 2461 2756 τὸ
2482 2702 2591 2758 τῶν
2622 2702 2884 2772 Τούρκων
2915 2701 3043 2774 δόρυ
3081 2699 3547 2770 ὲπικρατὲστερον
3603 2698 3765 2765 γέγο-

2178 2810 2289 2850 νεν.
2348 2789 2459 2847 Ἦν
2496 2791 2598 2863 μὲν
2634 2794 2739 2865 γὰρ
2774 2794 2864 2847 ὅτε
2910 2793 2961 2847 οἱ
3004 2793 3121 2863 ὅροι
3162 2792 3259 2861 τῆς
3289 2789 3398 2843 τῶν
3463 2786 3761 2856 Ῥωμαίων

2178 2891 2481 2962 ἡγεμονίας
2512 2889 2570 2943 αἱ
2606 2888 2922 2959 ἀμφότεραι
2952 2885 3150 2954 στῆλαι
3184 2879 3325 2956 ἦσαν
3354 2881 3626 2951 ἀνατολὴν
3661 2878 3759 2931 καὶ

2177 2983 2329 3037 δύσιν
2361 2981 2800 3053 περιορίζουσαι,
2848 2979 2909 3045 ἐξ
2953 2980 3196 3049 ἑσπέρας
3232 2977 3331 3047 μὲν
3363 2974 3540 3028 αἰτοῦ
3587 2974 3761 3043 Ἤρα-

2181 3074 2353 3137 κλέως
2385 3071 2809 3141 ὀνομαζόμεναι,
2837 3070 2897 3135 ἐξ
2927 3069 3004 3122 ἔω
3034 3068 3092 3121 δὲ
3114 3070 3170 3121 αί
3198 3067 3368 3135 ἀγχοῦ
3401 3082 3503 3118 που
3530 3064 3761 3132 ἱστάμε-

494 3165 555 3206 se
591 3162 702 3208 tum
735 3152 1013 3211 hostiliter
1046 3160 1386 3226 commissis,
1441 3164 1662 3233 politica
1700 3171 1843 3223 ratio
1895 3172 2073 3226 dicta-

2181 3181 2270 3220 ναι
2318 3163 2413 3217 τοῦ
2477 3160 2703 3216 Ἰνδικοῦ
2752 3160 2998 3231 πέρατος
3042 3160 3099 3211 αἱ
3155 3155 3246 3210 τοῦ
3306 3153 3563 3208 Διονύσου
3620 3151 3757 3223 (54).

493 3253 580 3298 ret
647 3244 975 3303 debiliorem
1048 3249 1453 3308 sublevandum
1510 3260 2072 3332 sustentandumque,

491 3350 602 3390 non
637 3343 694 3388 ut
739 3338 902 3407 plane
937 3339 1201 3405 vinceret,
1254 3343 1351 3399 sed
1383 3360 1452 3401 ne
1478 3363 1709 3417 prorsus
1742 3355 2073 3411 succumbe-

490 3437 595 3494 r't,
634 3429 825 3500 sicque
858 3431 1012 3486 illum
1051 3433 1276 3503 quidem
1334 3440 1656 3508 expelleret,
1713 3444 1842 3500 huic
1890 3458 2073 3504 autem

487 3529 732 3587 ereptam
760 3521 946 3576 urbem
969 3521 1159 3577 ditioni
1182 3524 1441 3583 Romana
1460 3532 1790 3601 restitueret,
1812 3552 2071 3595 successu

488 3626 599 3665 non
635 3627 733 3682 per
761 3628 820 3668 se
842 3615 1025 3669 solum
1084 3616 1438 3685 aestimando,
1500 3624 1596 3678 sed
1638 3628 1785 3694 quod
1810 3628 1879 3681 ad
1935 3631 2074 3688 alias

488 3705 733 3774 aliasque
758 3708 1207 3776 recuperationes
1242 3712 1577 3769 amissarum
1622 3702 1842 3773 urbium
1891 3722 2072 3788 regio-

488 3812 732 3865 numque
766 3799 1032 3855 Romanis
1083 3801 1287 3869 gradus
1343 3802 1564 3861 futurus
1619 3817 1788 3864 eSSet.
1842 3811 2070 3867 Multum

488 3890 764 3956 siquidem
812 3894 1027 3961 imperii
1077 3894 1306 3950 Romani
1361 3897 1585 3962 limites,
1645 3916 1709 3954 ex
1739 3917 1848 3971 quo
1903 3898 2069 3960 Turci

488 3986 793 4054 praesertim
827 3986 1198 4053 iuvalueraut,
1231 4002 1261 4042 a
1288 3991 1520 4060 pristina
1570 3991 1867 4048 latitudine
1912 4011 2073 4050 coar-

485 4079 617 4133 ctati
665 4079 912 4135 coierant
936 4080 1078 4136 inter
1103 4096 1223 4137 sese
1258 4097 1324 4139 ac
1395 4097 1457 4138 se
1499 4084 1604 4139 sibi
1670 4087 1904 4144 invicem
1976 4095 2070 4146 ad-

485 4180 795 4229 moverant.
828 4172 1039 4243 Quippe
1065 4188 1189 4228 cum
1240 4175 1369 4229 olim
1398 4177 1574 4232 ambae
1603 4180 1897 4247 columnae,
1944 4200 2069 4254 quae

482 4274 668 4318 ortum
699 4278 1072 4334 occasumque
1104 4264 1325 4331 ﬁniunt,
1356 4268 1528 4324 altera
1566 4271 1632 4325 ad
1663 4272 1842 4330 Gades
1881 4278 1935 4331 in
1970 4295 2068 4332 ex-

484 4364 658 4411 trema
711 4356 867 4425 plaga
914 4357 1147 4412 occidua
1183 4397 1200 4424 ,
1260 4359 1531 4417 Herculea
1581 4364 1748 4430 dicta,
1785 4361 1946 4441 176
2013 4372 2067 4426 in

479 4449 732 4504 orientali
769 4449 945 4504 altera
981 4450 1154 4504 limite
1184 4467 1353 4522 prope
1388 4452 1581 4509 lntlum
1609 4455 1811 4514 flumen
1838 4475 1869 4514 a
1918 4461 2059 4517 Bac-

481 4541 589 4597 cho
618 4543 816 4612 posita,
848 4542 1084 4598 ditionis
1135 4542 1397 4601 Romana;
1441 4548 1844 4620 longitudinem
1901 4556 2062 4609 meti-

482 4646 674 4689 rentur
700 4634 1145 4706 (longitudinem,
1171 4636 1569 4706 iuquam,nam
1616 4642 1849 4699 latitudo
1909 4643 2061 4700 tanta

480 4724 586 4779 fuit
611 4726 827 4795 imperii
861 4725 1118 4793 Romani,
1140 4738 1405 4798 quantam
1433 4732 1523 4785 vix
1553 4734 1847 4803 complecti
1876 4738 2063 4791 oratio

481 4818 784 4885 possitzex
816 4820 1042 4872 australi
1079 4821 1294 4890 quidem
1352 4824 1524 4878 latere
1585 4827 2064 4896 compreltendeus

480 4908 801 4980 Egyptum,
849 4910 1092 4976 Meroen,
1151 4911 1576 4985 Troglodyticen
1639 4919 1954 4974 universam
2008 4931 2063 4976 et

478 5017 575 5055 eas
608 5016 801 5056 omnes
835 5016 955 5071 quae
985 5018 1181 5056 zonam
1207 5004 1472 5058 torridam
1506 5007 1755 5072 proxime
1783 5010 2060 5063 accedunt

480 5093 774 5163 regiones;
814 5108 841 5147 a
869 5094 1294 5164 septentrionali
1330 5111 1458 5151 vero
1483 5106 1637 5166 parte
1669 5098 2063 5156 deeantatissi-

478 5199 622 5238 mam
656 5182 871 5239 Thulen
901 5196 1202 5257 gentesque
1234 5202 1578 5259 quaecunque
1622 5190 1844 5246 boreale
1897 5192 2060 5247 clima

2177 3254 2335 3311 Κατὰ
2371 3255 2481 3323 γὰρ
2542 3252 2746 3316 πλάτος
2806 3252 2910 3306 οὐκ
2969 3250 3118 3304 ἔστιν
3176 3248 3354 3302 εἰπεῖν
3402 3246 3527 3299 ὅσον
3559 3239 3629 3316 ἦν
3658 3243 3759 3312 τῆς

2177 3346 2288 3402 τῶν
2354 3344 2646 3416 Ῥωμαίων
2695 3342 2975 3416 βασιλείας
3047 3343 3109 3396 τὸ
3162 3341 3387 3410 κράτος.
3449 3336 3754 3404 Αῐγυπτοτ,

2178 3442 2273 3496 καλ⁵
2310 3440 2524 3513 Μεροὴ,
2557 3440 2655 3494 καὶ
2707 3436 3124 3511 Τρωγλοδυτικὴ
3161 3435 3336 3497 πᾶσα,
3372 3432 3470 3485 καὶ
3508 3430 3579 3484 τὰ
3609 3432 3758 3483 ἐκεῖ·

2179 3535 2272 3589 θεν
2293 3535 2336 3567 "
2379 3533 2481 3603 τῆς
2514 3532 2987 3603 διακεκαυμένης,
3041 3528 3138 3583 καὶ
3186 3526 3256 3581 τὰ
3310 3522 3370 3592 ἐξ
3414 3523 3605 3596 ἑτέρου
3660 3522 3755 3591 μὲ-

2177 3643 2307 3698 ρους
2358 3626 2391 3696 ἠ
2444 3623 2885 3695 πολυθρύλλητος
2946 3620 3146 3691 Θούλη,
3176 3617 3272 3672 καὶ
3329 3616 3430 3671 ὅσα
3478 3613 3606 3684 εθνη
3665 3612 3753 3683 βό-

2178 3735 2299 3771 σκει
2328 3719 2389 3770 τὸ
2416 3716 2590 3785 κλίμα
2616 3715 2677 3769 τὸ
2707 3713 2954 3782 Βόρειον,
2989 3706 3070 3776 οἷς
3102 3707 3246 3764 κατὰ
3271 3705 3523 3778 κορυφὴν
3566 3704 3599 3756 6
3646 3701 3744 3754 B6-

2181 3825 2325 3879 ρειος
2376 3807 2597 3861 ἵσταται
2654 3804 2839 3868 πόλος,
2899 3802 3044 3856 Ἀλλ’
3086 3801 3173 3855 ἐπ’
3201 3798 3380 3853 ἐκεῖνό
3408 3812 3476 3894 γε
3502 3792 3743 3894 cauit“?-

2178 3897 2276 3969 ροῦ
2304 3900 2368 3951 ἐκ
2404 3897 2504 3967 μὲν
2556 3895 2826 3965 ἀνατολῆς
2853 3895 2881 3948 ὀ
2906 3894 3103 3963 γείτων
3138 3890 3417 3961 Βόσπορος
3448 3887 3592 3958 ὅρων
3631 3887 3742 3935 τῶν

2185 3989 2511 4057 Ῥωμαϊκῶν
2535 3989 2858 4059 σκήπτρων,
2884 3988 2949 4039 ὲκ
2972 3986 3030 4038 δὲ
3056 3986 3155 4055 τῆς
3180 3976 3536 4051 ἑσπέραςνκαὶ
3565 3975 3746 4042 Ἀδρι-

2173 4083 2302 4136 ανοῦ
2336 4082 2635 4136 καθίστατο
2684 4080 2859 4143 πόλις.
2896 4072 3039 4132 ’Δλλ’
3067 4079 3162 4145 ὅγε
3218 4072 3469 4146 βασιλεὺς
3506 4066 3751 4132 Ἀλὲξιος

2173 4176 2363 4246 ὥσπερ
2417 4174 2597 4228 παίων
2642 4173 2802 4245 χερσὶ
2851 4172 2983 4235 τούς
3039 4168 3383 4239 ἑκατέρωθεν
3435 4159 3751 4230 ἐπιτιθεμέ-

2173 4284 2296 4331 νους
2326 4265 2651 4336 Βαρόἀρους
2677 4265 2776 4318 καὶ
2811 4263 3065 4332 καθάπερ
3106 4260 3215 4315 ἀπὸ
3255 4260 3481 4328 κέντρου
3513 4255 3615 4322 τῆς
3643 4254 3750 4307 Βυ-

2173 4359 2420 4425 ζαντίδος
2451 4357 2920 4431 περιορχούμενος
2949 4352 3223 4425 ηὐρύνετο
3261 4353 3353 4405 τὴν
3387 4349 3593 4403 κύκλον
3647 4346 3748 4415 τῆς

2175 4452 2478 4523 βασιλείας,
2508 4451 2603 4504 καὶ
2632 4450 2697 4503 ἐκ
2732 4449 2831 4520 μὲν
2856 4446 3099 4517 ἑσπέρας
3136 4446 3229 4498 τὸν
3273 4443 3589 4511 Ἀδρίαντος
3619 4439 3747 4492 πονο

2168 4559 2260 4598 τον
2286 4542 2439 4596 ἔθετο
2464 4544 2635 4612 ὃριον,
2677 4541 2743 4593 ἐκ
2787 4539 2843 4593 δὲ
2867 4540 2967 4610 τῆς
2993 4535 3264 4605 ἀνατολῆς
3306 4534 3602 4635 ill-baptism
3654 4526 3750 4635 κο).

2170 4636 2441 4706 Τίγρητα.
2492 4632 2605 4689 Καὶ
2655 4633 2736 4695 είς
2758 4631 2858 4702 τὴν
2910 4629 3188 4701 προτέραν
3240 4624 3614 4725 εὐδαιμονίαν.
3649 4624 3750 4725 τὴν

2174 4728 2452 4803 βασιλείαν
2505 4724 2846 4780 ἀνενεώσατο
2892 4722 2960 4776 ἂν
2980 4725 3049 4789 η,
3080 4725 3128 4775 εἰ
3160 4722 3233 4791 μή
3267 4736 3332 4787 γε
3354 4721 3405 4771 oi
3453 4713 3751 4781 ἐπάλληλοι

2172 4824 2382 4892 ἀγῶνες
2427 4821 2521 4874 καὶ
2552 4819 2603 4872 οἱ
2633 4818 2832 4871 πυκνοὶ
2857 4816 3012 4869 πόνοι
3069 4815 3166 4868 καὶ⁵
3215 4813 3456 4867 κίνδυνοι
3517 4804 3606 4878 (ἦν
3642 4805 3752 4875 γὰρ

2176 4916 2272 4970 καὶ
2324 4913 2670 4985 ἀμφοτέραις
2715 4913 2744 4964 ὁ
2787 4908 3158 4980 αὐτοκράτωρ
3189 4900 3650 4976 μεγαλοκίνδυνός
3689 4914 3751 4950 τε

2170 5011 2267 5063 καὶ
2297 5006 2747 5069 πυκνοκίνδυνος)
2787 5002 2978 5055 τοῦτον
3024 5001 3345 5069 ἀπέστησαν
3374 4993 3469 5048 τοῦ
3493 4993 3755 5063 ὁρμήμα-

2169 5119 2284 5164 τος.
2326 5099 2466 5152 Ἀλλ’
2499 5096 2638 5166 ὅπερ
2666 5094 2726 5159 ἐξ
2750 5093 2926 5164 ἀρχῆς
2963 5092 3172 5161 ἔλεγον,
3210 5091 3293 5143 ὄτι
3321 5086 3584 5157 στρατιὰν
3611 5084 3752 5137 ἀπο-

2173 5190 2410 5245 στέλλων
2463 5184 2544 5255 τῷ
2600 5185 2698 5255 τῆς
2757 5183 2995 5246 Νικαίας
3049 5181 3303 5253 τυράννῳ
3365 5174 3750 5246 ’Δπελχασὴμ,

1538 5323 1736 5387 Varia:
1787 5328 2095 5390 lectiones
2136 5318 2214 5389 ex
2247 5323 2388 5388 cod.
2421 5318 2690 5385 Coislin.

546 5426 589 5459 “
641 5426 900 5497 ἐγγύθεν.
977 5418 1023 5461 ⁸⁸
1059 5426 1225 5485 Deest
1252 5426 1444 5482 vocula
1470 5427 1562 5484 ἄν.

1560 5544 1703 5607 Car.
1744 5544 2071 5607 Dufresnii
2104 5546 2199 5606 Du
2239 5539 2462 5620 Cangii
2510 5550 2706 5603 notat.

548 5667 661 5749 (εει)
714 5670 785 5722 At
837 5668 943 5723 τοῦ
1008 5667 1330 5722 Διονύσου.
1396 5665 1703 5739 Dyouysius
1758 5665 1813 5722 in
1871 5664 2057 5723 Perie-

689 5821 748 5858 τε
777 5805 871 5858 καὶ
904 5807 1097 5880 στῆλαι
1126 5806 1511 5879 Θηϐαιγὲ-ιεως
1537 5806 1795 5861 Διονύσου

2184 5666 2462 5726 'Essam.
2493 5681 2563 5716 πυ
2574 5663 2767 5732 μάτοιο
2801 5659 2953 5732 παρὰ
2979 5661 3105 5732 ῥοὺν
3131 5661 3396 5718 ὠκεανοιο

2184 5735 2361 5789 Ἰνδῶν
2380 5735 2718 5788 ὑστατίοισιν
2747 5737 2805 5804 ὲν
2837 5731 3081 5804 οὔρεσιν,
3105 5731 3232 5786 ἔνθα
3264 5748 3322 5787 τε
3358 5733 3582 5804 Γάγγης

2169 5806 2379 5861 Λευκδν
2407 5804 2555 5877 ’ύδωρ
2586 5802 2865 5856 Νυσσαῖον
2893 5802 2989 5855 ἐπὶ
3026 5802 3375 5876 Πλαταμῶνα
3407 5802 3674 5858 κυλίνδει.
