4110 6398
373 407 487 470 £09

1659 412 2083 473 ALEXlADiS
2122 413 2272 474 [ΑΒ.
2313 415 2415 477 Vi.

3546 412 3650 476 5i0

372 523 608 592 Tvrbpq;
638 517 784 594 εἶχεν
818 522 920 594 οὐχ
947 522 1016 577 ἶν’
1041 523 1244 576 ἐκεῖνον
1283 523 1533 592 ἐξέληται
1563 525 1658 578 τοῦ
1687 525 1957 588 κινδύνου,

2076 527 2333 596 incolunt)
2370 547 2383 582 :
2422 536 2476 582 at
2524 526 2627 582 hoc
2663 533 2930 597 tempore,
2978 526 3047 580 ab
3093 533 3216 581 ortu
3248 523 3468 595 quidem
3507 525 3648 579 Bos-

375 617 501 669 ἀλλ’
536 618 685 678 ὅπως
730 613 798 670 ἂν
849 615 1032 684 ἑαυτῷ
1077 617 1175 687 τὴν
1203 615 1362 686 νξκην
1403 617 1855 688 περιποιήσηται.
1887 619 1963 670 Οὐ

378 708 494 776 μὴν
527 709 560 776 ἡ
594 707 731 777 τύχη
768 707 908 778 πρὸς
957 707 1133 778 τούτῳ
1163 709 1527 760 συνέπνευσεν
1552 710 1618 762 ’⁸.
1658 710 1826 778 Ἔσχε
1855 711 1965 779 γὰρ

383 796 529 851 οῦτω
563 796 633 848 τὰ
663 796 786 848 κατ’
812 795 1034 859 αὐτούς.
1073 799 1137 850 Οἱ
1169 798 1280 868 γὰρ
1309 798 1712 860 ἀποσταλέντες
1749 799 1828 869 τῷ
1870 800 1964 852 τοῦ

392 888 580 957 κυρίου
656 888 936 957 Γεωργὶου
1005 889 1411 960 ὀνομαζόμενον
1463 891 1763 944 κατέλαϐον
1812 891 1966 943 πολί-

395 997 557 1048 χνιον.
609 981 674 1032 Οἱ
695 981 752 1032 δὲ
788 981 1025 1050 Τοῦρκοι
1057 985 1396 1052 παραχρῆμα
1437 984 1536 1046 τὰς
1577 984 1752 1047 πύλας
1785 985 1966 1045 αὐτοῖς

388 1072 760 1126 ανεπέτασαν.
811 1076 875 1126 Oi
919 1075 976 1126 δὲ
1028 1075 1235 1128 ἄνωθεν
1273 1077 1372 1138 τῆς
1403 1077 1728 1144 ἀνατολικῆς
1762 1077 1968 1147 πόρτης

385 1165 521 1233 περὶ
556 1167 626 1217 τά
658 1167 943 1236 κρήδεμνα
993 1169 1089 1221 τοῦ
1121 1168 1334 1236 τείχους
1369 1168 1701 1233 ἀνελθόντες,
1735 1169 1836 1231 τὰς
1868 1186 1965 1238 σηο

384 1254 560 1332 μαίας
615 1255 711 1308 καὶ
748 1256 816 1309 τά
864 1256 1120 1326 σκῆπτρα
1149 1259 1326 1310 ἰλαδὸν
1371 1260 1716 1328 κατέστησαν
1763 1260 1968 1314 ἀλαλά-

383 1343 581 1408 ζοντες
602 1345 720 1414 ἅμα
745 1346 838 1399 καὶ
868 1349 928 1400 τὸ
953 1347 1199 1402 ἐνυάλιον
1228 1349 1469 1418 συνεχῶς
1498 1349 1841 1421 ὲνηχοῦντες,
1873 1350 1964 1419 ὑφ’

379 1427 463 1487 ὧν
490 1435 545 1487 oi
568 1437 668 1505 μὲν
695 1436 894 1500 ἔξωθεν
912 1439 1410 1508 ἐκδειματωθέντες
1427 1441 1514 1495 διὰ
1533 1442 1728 1506 νυκτὸς
1758 1442 1966 1494 ἐκεῖθεν

386 1523 628 1594 ᾤχοντο,
661 1527 819 1581 αὑτὸν
842 1529 1164 1599 ἐληλυθέναι
1187 1533 1277 1584 τὸν
1298 1533 1680 1604 αὐτοκράτορα
1709 1533 1968 1603 νομίσαν-

377 1633 478 1674 τες
497 1633 513 1645 ·
544 1618 600 1669 αἱ
638 1619 694 1670 δὲ
723 1621 1034 1688 Ῥωμαϊκαὶ
1059 1622 1320 1692 δυνάμεις
1343 1620 1500 1686 αὖθις
1530 1625 1670 1692 πρὸς
1693 1625 1791 1693 τὴν
1815 1624 1967 1694 βασι-

384 1709 661 1765 λεύουσαν
699 1713 1069 1784 ὑπέστρεψαν.
1099 1717 1172 1769 Οὐ
1197 1717 1303 1785 γὰρ
1329 1713 1471 1786 ἦσαν
1499 1717 1796 1787 ἀξιόμαχον
1828 1717 1966 1785 πλῆ-

385 1802 485 1863 θος
518 1805 655 1872 πρὸς
685 1806 874 1872 ἔφοδον
903 1809 1182 1878 Περσικὴν
1218 1810 1587 1880 ἐλπιζομένην
1637 1813 1700 1864 ὲκ
1732 1809 1828 1863 τοῦ
1880 1809 1966 1880 βά-

2070 618 2298 686 phorus.
2355 619 2425 672 ab
2495 632 2697 673 occasu
2749 625 2929 672 autem
2982 615 3370 684 Adrianopoiis
3419 612 3650 669 ditionis

2071 708 2332 766 Romanae
2395 710 2598 763 limites
2665 717 2844 764 erant.
2890 708 3043 770 Quos
3105 707 3338 762 nimium
3395 705 3649 760 admotos

2070 805 2369 872 imperator
2421 803 2645 857 Alexius
2699 803 2975 870 utrimque
3023 815 3186 854 manu
3244 796 3549 868 propellere
3585 811 3648 851 ac

2069 896 2331 950 diducere
2365 893 2756 950 submoveudis
2787 895 3155 961 undecunque
3202 890 3648 946 incumbentibus

2071 989 2329 1042 Barbaris
2351 1002 2616 1058 generose
2655 987 2816 1041 simul
2854 1001 2918 1040 ac
2967 985 3202 1038 feliciter
3231 998 3547 1052 aggressus,
3581 995 3648 1035 ex

2072 1082 2208 1136 urbe
2250 1082 2513 1150 Byzantio
2560 1080 2716 1149 quasi
2769 1093 2832 1132 ex
2879 1087 3074 1131 centro
3124 1075 3440 1144 prosiliens,
3515 1073 3650 1125 adeo

2071 1171 2397 1235 circumegit
2464 1183 2528 1222 ac
2596 1167 2848 1221 dilatavit
2899 1166 3088 1220 orbem
3140 1163 3378 1232 imperii,
3428 1169 3486 1215 ut
3535 1161 3648 1229 jam

2070 1262 2191 1332 ejus
2255 1261 2484 1317 occidua
2543 1261 2764 1331 quidem
2831 1261 3073 1314 claustra
3127 1257 3238 1312 sint
3302 1253 3644 1308 Adriaticum

2071 1371 2255 1420 mare;
2301 1356 2369 1409 ab
2421 1354 2634 1408 oriente
2679 1367 2808 1408 vero
2835 1350 3042 1422 Tigrim
3097 1357 3261 1419 atque
3314 1347 3648 1414 Euphratem

2073 1462 2170 1516 pro
2205 1446 2361 1501 ostiis
2393 1446 2627 1510 habeat;
2677 1445 2948 1514 planeque
3004 1443 3060 1496 in
3112 1443 3446 1512 primmvum
3496 1438 3649 1491 illntn

2075 1539 2353 1595 felicitatis
2401 1540 2590 1594 liorem
2638 1537 2940 1592 Romanam
2984 1535 3380 1605 rempublicam
3417 1529 3645 1584 restitu-

2072 1640 2231 1684 turus
2255 1629 2562 1694 videbatur,
2604 1630 2705 1683 nisi
2737 1629 2876 1683 bella
2904 1643 2969 1682 ex
3003 1627 3129 1680 aliis
3151 1627 3257 1679 alia
3287 1620 3650 1682 suborient-ia,

2072 1721 2399 1788 laboresque
2426 1736 2487 1775 ac
2521 1720 2763 1790 pericula
2795 1721 2987 1775 crebra
3020 1717 3186 1773 simul
3221 1724 3276 1771 et
3325 1712 3652 1786 gravissima

2074 1812 2222 1883 (nam
2269 1819 2323 1867 et
2372 1827 2572 1882 genere
2619 1822 2672 1867 et
2726 1827 2958 1867 numero
3005 1810 3380 1880 periculorum
3433 1805 3652 1858 fortuna

381 1892 516 1958 θους
540 1896 641 1965 τῆς
683 1898 996 1968 Τουρκικῆς
1019 1900 1066 1932 ³⁵
1088 1901 1338 1966 ἐξουσίας
1360 1897 1514 1962 αὖθις
1546 1901 1872 1955 ὲλεύσασθαι
1897 1902 1963 1955 ’⁸.

2077 1914 2281 1974 patrem
2319 1919 2496 1959 meum
2531 1920 2642 1974 prae
2665 1905 2881 1959 caeteris
2907 1901 3179 1972 exercuit)
3201 1915 3326 1955 cum
3356 1913 3384 1952 a
3415 1894 3653 1967 perfecta

379 1989 466 2042 rei
497 1997 663 2043 tantae
695 1991 1047 2045 assecutione
1072 1991 1464 2047 rctardasseut.
1497 1993 1768 2047 Caeterum
1819 2000 1880 2046 ιιι
1907 2010 1972 2049 eo
2010 1996 2227 2050 redeam
2263 1997 2406 2050 unde
2437 1996 2686 2067 digressa
2737 2011 2881 2066 sum,
2914 2010 2982 2050 ex
3027 1996 3135 2049 isto
3201 1993 3478 2064 praposito
3541 1989 3648 2042 im-

387 2085 531 2152 perii
605 2084 875 2139 dilatandi
951 2086 1212 2142 hauserat
1275 2088 1558 2158 Augustus
1611 2090 1901 2144 censilium
1957 2091 2207 2145 mittendi
2259 2091 2494 2147 Nicaeam
2571 2093 2847 2147 exercitus
2902 2090 3182 2159 suppetias
3236 2084 3652 2156 Apelchasemo,

383 2195 498 2231 non
531 2193 641 2246 quo
669 2177 822 2232 illum
857 2181 1103 2249 periculo
1133 2183 1393 2250 eriperet,
1427 2183 1522 2236 sed
1558 2193 1616 2238 ut
1662 2183 1767 2237 sibi
1799 2184 2087 2238 victoriam
2125 2192 2363 2253 pararet.
2401 2185 2468 2239 At
2541 2187 2690 2240 enim
2743 2200 2851 2238 non
2908 2183 3173 2253 aspiravit
3241 2189 3357 2234 tum
3427 2177 3650 2247 quidem

381 2271 434 2324 ei
468 2284 653 2340 ccepto
712 2274 952 2329 fortuna.
1009 2273 1097 2328 Sic
1125 2277 1272 2330 cnim
1318 2293 1404 2332 rcs
1434 2279 1507 2332 ibi
1553 2286 1666 2332 tum
1715 2288 1868 2348 gesta
1919 2294 1980 2332 se
2017 2280 2230 2335 habuit.
2297 2279 2447 2335 Missi
2501 2282 2704 2336 amilio
2766 2279 2996 2335 Romani
3045 2277 3365 2347 oppidulum
3413 2285 3657 2342 occupa-

385 2372 518 2418 runt
555 2381 583 2418 a
629 2367 852 2421 domino
881 2367 1118 2437 Georgio
1155 2385 1349 2424 nomen
1386 2373 1592 2426 habens
1633 2389 1646 2426 :
1683 2388 1793 2442 quo
1854 2382 2160 2440 comperto,
2227 2373 2317 2443 qui
2374 2374 2769 2428 obsidebantur
2811 2371 3008 2427 Nicaeae
3075 2370 3241 2424 Turci
3297 2376 3484 2438 portas
3559 2381 3658 2418 ex-

382 2450 595 2528 ‘emplo
644 2460 780 2529 ipsis
829 2474 1189 2530 aperuerunt.
1265 2463 1394 2516 Inde
1459 2464 1534 2516 illi
1610 2479 1734 2517 cum
1822 2465 2282 2519 conscendissent
2337 2479 2506 2532 supra
2583 2471 2797 2533 portam
2855 2461 3180 2516 orientalem
3236 2460 3289 2512 in
3351 2458 3548 2525 pinnas
3602 2465 3658 2508 et

385 2554 802 2625 propugnacula
857 2571 1162 2619 murorum,
1192 2556 1457 2626 signaque
1495 2557 1607 2611 illic
1663 2571 1727 2611 ac
1751 2559 1966 2626 sceptra
2013 2558 2068 2612 in
2103 2560 2299 2614 seriem
2331 2559 2566 2612 terriﬁca
2605 2557 3002 2627 proculspecie
3068 2553 3395 2608 statuissent
3465 2557 3655 2603 osten-

387 2650 648 2713 tabundi,
697 2649 860 2704 simul
913 2649 1189 2704 alacribus
1235 2649 1722 2705 vociferationibus
1799 2649 2000 2721 iugiter
2039 2652 2437 2721 minaciterquc
2478 2659 2858 2721 personantes,
2892 2647 3240 2720 perfecerunt
3289 2646 3510 2700 demum
3589 2651 3653 2697 ut

383 2747 479 2813 qtri
509 2743 748 2798 Nicmam
779 2741 1167 2812 oppugnabant
1195 2743 1416 2795 Barbari
1451 2741 1757 2796 Romanum
1785 2742 1960 2810 ipsum
2005 2743 2388 2812 imperatorem
2432 2758 2556 2796 cum
2590 2742 2846 2795 omnibus
2880 2739 2998 2794 suis
3040 2739 3211 2807 copiis
3255 2737 3310 2790 in
3374 2750 3493 2790 eam
3567 2735 3657 2789 in-

383 2850 662 2904 gressum,
699 2844 910 2887 terrore
974 2848 1036 2884 ac
1104 2832 1488 2901 desperatione
1542 2833 1670 2888 inde
1719 2835 1856 2887 ortis
1909 2835 2224 2889 contnrbati
2279 2851 2373 2904 per
2430 2844 2644 2889 noctem
2707 2834 3102 2888 abscesserint.
3158 2830 3284 2884 Post
3363 2842 3484 2896 qua:
3535 2824 3650 2880 Ro-

383 2941 590 2981 manus
612 2923 893 2979 exercitus
914 2923 1445 2992 Constantinopolim
1475 2924 1802 2988 rediit;non
1859 2926 2002 2978 enim
2044 2939 2104 2980 se
2140 2941 2326 2994 parem
2353 2927 2626 2980 sentiebat
2652 2923 3096 2995 cxcipiendis,in
3140 2923 3382 2989 ipsorum
3449 2916 3649 2980 reditu.

385 3018 701 3072 Barbaris:
745 3031 885 3086 quos
913 3016 1048 3070 satis
1084 3015 1371 3070 constabat
1416 3017 1599 3071 animo
1656 3017 1964 3071 revertendi
2005 3018 2302 3073 recessisse
2353 3017 2407 3072 in
2467 3018 2716 3071 intimam
2795 3017 3058 3071 ditionem
3113 3013 3442 3079 Tureicam;
3527 3009 3655 3066 inde

385 3129 515 3165 mox
543 3119 705 3165 aucto
729 3112 973 3165 exercitu
1006 3111 1058 3164 in
1085 3126 1371 3165 numerum
1393 3111 1960 3180 quantummaximum
2034 3112 2275 3166 conllare
2325 3112 2519 3167 ultimo
2548 3120 2747 3166 conatu
2811 3109 3105 3165 Turcicum
3162 3124 3365 3164 nomen
3435 3108 3657 3162 univer-

384 3225 508 3262 sum
561 3207 735 3270 valet,
787 3206 854 3260 ad
905 3205 1248 3275 expulsiouis
1307 3221 1419 3260 suae
1479 3208 1560 3260 vel
1623 3206 1974 3276 ignominiam
2015 3206 2328 3272 eluendum,
2365 3208 2449 3262 vel
2502 3207 2759 3278 injuriam
2844 3205 3219 3261 ulciscendam
3270 3204 3452 3259 denuo
3517 3217 3655 3256 ven-

387 3313 565 3356 ιιιτος.

463 3395 575 3462 Τὴν
601 3394 657 3446 δὲ
690 3394 782 3446 τοῦ
817 3393 1014 3454 Σιαοὺς
1051 3392 1402 3462 ὑποστροφὴν
1432 3395 1458 3446 ὁ
1507 3392 1742 3445 σουλτᾶν
1797 3393 1972 3446 ἀπεκ-
2004 3395 2048 3455 C

410 3487 709 3554 δεχόμενος,
744 3475 874 3537 ἐπεῖ
919 3485 1068 3554 ἑώρα
1109 3486 1295 3538 τοῦτον
1349 3485 1786 3555 ἐμϐραδύνοντα,
1841 3488 1971 3553 έμε-

410 3578 651 3648 μαθήκει
703 3580 755 3633 δὲ
808 3579 880 3630 τὰ
945 3578 1066 3632 κατ’
1128 3579 1317 3640 αὑτὸν,
1357 3579 1433 3640 ὡς
1481 3578 1573 3629 τὸν
1647 3578 1968 3646 Χαρατικὴν

399 3672 544 3739 μετὰ
577 3671 769 3741 τρόπον
799 3671 899 3740 τῆς
927 3669 1177 3742 Σινώπης
1223 3670 1360 3741 (55),
1385 3671 1671 3739 ἀπήλασεν
1693 3669 1786 3722 τοῦ
1827 3670 1973 3722 Θείου

395 3763 783 3832 βαπτίσματος
805 3763 852 3795 ⁸⁸
881 3764 957 3824 ὡς
991 3764 1284 3833 τετυχήκει
1317 3764 1410 3815 καὶ
1439 3763 1579 3814 κατά
1607 3761 1706 3831 τὴν
1735 3762 1976 3829 ἑσπέραν

387 3854 546 3925 παρά
596 3853 687 3906 τοῦ
747 3853 1154 3923 αὐτοκράτορος
1208 3853 1510 3920 ἀπεστάλη,
1577 3852 1676 3922 τὴν
1719 3852 1977 3924 δουκικὴν

384 3946 644 4011 ἐξουσίαν
659 3947 947 4015 Ἀγχιάλου
967 3945 1429 4016 περιζωσάμενος,
1454 3946 1644 4014 ἠνιᾶτο
1664 3947 1760 3998 καὶ
1775 3943 1975 4016 ἤσχαλ-

381 4043 502 4092 λεν.
530 4043 653 4092 Δεῖν
690 4037 787 4093 οἷν
817 4040 1100 4106 ἐλογίσατο
1154 4039 1244 4092 τὸν
1293 4040 1566 4102 Πουζὰνον
1621 4035 1776 4101 αὖθις
1839 4039 1975 4107 μετὰ

384 4131 678 4201 δυνάμεων
706 4131 846 4183 κατά
877 4132 972 4183 τοῦ
1020 4131 1376 4201 Ἀπελχασὴμ
1403 4132 1739 4194 ἀποστεῖλαι,
1776 4131 1890 4199 ἅμα
1917 4129 1973 4180 δὲ.

385 4225 483 4275 καὶ
520 4226 661 4292 προς
695 4223 790 4275 τὸν
823 4223 1206 4291 αὐτοκράτορα
1236 4224 1454 4293 γραφὴν
1476 4223 1606 4291 περὶ⁹
1657 4221 1752 4274 τοῦ
1810 4218 1974 4273 αὐτοῦ

387 4317 593 4385 κήδους
625 4315 1102 4383 διαλαμϐάνουσαν
1127 4313 1278 4382 αὑτῷ
1309 4313 1634 4382 ίγχειρίσαι.
1657 4308 1781 4380 Εἶχε
1817 4311 1871 4364 δὲ
1911 4311 1979 4364 τὰ

384 4410 698 4479 γράμματα
727 4407 902 4470 οὕτως
935 4423 948 4435 ·
1002 4406 1336 4472 Ἠκηιιόειν,
1365 4401 1412 4458 ὦ
1431 4405 1719 4469 βασιλεῦ,
1757 4403 1830 4457 τὰ
1865 4421 1968 4458 κα-

387 4503 460 4556 τὰ
512 4502 586 4556 σὲ
623 4499 720 4553 καὶ
761 4498 920 4564 ὅπως
951 4498 1066 4565 τὴν
1097 4498 1209 4564 τῆς
1251 4497 1575 4562 βασιλείας
1604 4495 1982 4566 ἀναδησάμε-

385 4612 488 4660 νος
537 4591 761 4661 ἀρχὴν,
796 4593 864 4645 ἐκ
891 4590 1205 4659 προοιμίου
1239 4589 1493 4655 πολλοῖς
1533 4588 1762 4657 ἀγῶσιν
1789 4589 1972 4658 ἐμπέ-

2171 3321 2196 3358 /

2154 3391 2373 3446 Interim
2425 3391 2690 3453 sultanes,
2736 3390 2828 3444 diu
2887 3395 3201 3459 exspectato
3236 3385 3443 3448 Siausi,
3499 3400 3656 3453 quem

2077 3484 2320 3546 miserat,
2354 3483 2552 3545 reditu,
2589 3493 2882 3550 postquam
2930 3480 3166 3547 denique
3213 3475 3490 3545 cognovit,
3546 3490 3656 3528 non

2073 3574 2184 3644 jam
2211 3574 2411 3628 morari
2449 3576 2651 3642 ipsum,
2683 3573 2774 3627 sed
2809 3573 2966 3642 plane
2994 3573 3261 3640 migrasse
3299 3575 3356 3621 ut
3389 3569 3441 3620 in
3472 3581 3655 3620 mores

2078 3675 2241 3735 atque
2271 3666 2322 3719 in
2381 3665 2542 3730 ritus,
2574 3667 2646 3718 ita
2673 3664 2837 3718 etiam
2873 3663 2927 3716 in
2957 3672 3135 3716 terras
3181 3661 3651 3718 Christianorum,

2077 3759 2359 3827 eiectoque
2417 3757 2622 3826 Sinope
2646 3754 2938 3810 Cltaraticc
2969 3753 3314 3808 fraudulenta
3343 3749 3658 3805 ostensione

2080 3852 2408 3911 litterarum,
2437 3865 2559 3903 mox
2596 3849 2784 3903 divino
2826 3848 3099 3916 baptismo
3147 3844 3323 3914 palam
3363 3850 3648 3910 suscepto,

2081 3944 2134 3997 in
2187 3943 2450 3998 occiduas
2506 3941 2665 4010 177
2713 3954 2839 3994 oras
2894 3938 2961 3992 ab
3011 3939 3342 4006 imperatore
3399 3935 3654 3996 missum,

2083 4036 2378 4090 fruiturum
2407 4036 2478 4090 ibi
2513 4033 2763 4088 Anchiali
2801 4032 3027 4095 ducatu,
3053 4045 3214 4099 quam
3246 4029 3294 4082 ei
3329 4027 3650 4096 dignitatem

2083 4129 2380 4198 imperator
2428 4125 2570 4180 idem
2617 4124 2674 4179 iu
2729 4125 3010 4195 praemium
3067 4121 3398 4175 attribuerat
3449 4135 3464 4171 :
3517 4117 3654 4180 ham,

2082 4220 2327 4288 inquam,
2381 4219 2626 4272 sultanes
2672 4217 2761 4270 tibi
2812 4213 3066 4284 cognovit
3121 4213 3242 4266 tulit
3297 4211 3554 4280 primum,
3596 4218 3654 4262 ut

2083 4328 2180 4381 par
2215 4319 2352 4375 erat,
2388 4309 2798 4364 molestissime.
2837 4305 3197 4360 Dissimulalo
3223 4313 3399 4357 tamen
3426 4302 3480 4355 in
3509 4317 3649 4367 pra:-

2082 4418 2210 4458 sens
2239 4401 2429 4456 dolore
2456 4409 2616 4469 atque
2667 4401 2771 4462 ira,
2822 4397 3138 4452 faciendum
3193 4395 3298 4450 sibi
3344 4392 3559 4453 statuit,
3597 4400 3664 4445 ut-

2082 4494 2359 4548 Puzanum
2392 4505 2586 4546 rursus
2625 4505 2752 4544 cum
2785 4490 2960 4560 copiis
3001 4489 3269 4541 adversus
3310 4483 3653 4553 Apelchaseo

2085 4602 2230 4642 mum
2272 4586 2533 4646 mitteret,
2558 4583 2848 4651 eidemque
2899 4579 3112 4635 litteras
3141 4577 3207 4631 ad
3263 4577 3665 4646 intperatoret'n-

386 4703 654 4749 πτωκας,
686 4684 783 4736 καὶ
811 4683 893 4747 ὡς
923 4682 1055 4750 ἆρτι
1082 4680 1155 4734 τὰ
1173 4679 1324 4733 κατὰ
1352 4679 1495 4744 τοὺς
1515 4682 1813 4745 Λατίνους
1833 4699 1972 4735 κατ-

2082 4680 2259 4743 daret,
2293 4677 2496 4746 quibus
2530 4673 2808 4728 aiiiuitalis
2852 4687 2974 4727 cum
3012 4688 3078 4724 eo
3122 4669 3511 4725 contrahendte
3553 4682 3660 4721 lle--

385 4777 795 4842 ευνὰσαντος,
837 4778 892 4829 οἱ
922 4775 1145 4829 Σκύθαι
1177 4775 1327 4827 κατὰ
1390 4774 1508 4828 σοῦ
1541 4775 1968 4844 ἐτοιμάζονται,

385 4871 486 4923 καὶ
525 4873 556 4922 ό
608 4870 786 4934 αὐτὸς
825 4867 868 4900 ³⁷
905 4871 937 4920 ό
981 4867 1142 4936 ἀμὴρ
1208 4865 1601 4935 Ἀπελχιισὴμ
1668 4869 1774 4933 τὰς
1823 4867 1974 4936 μετὰ

386 4961 512 5016 σοῦ
543 4961 588 4992 ’⁸
612 4960 718 5014 τοῦ
751 4958 994 5028 Σολυμᾶ
1025 4958 1302 5025 σπονδὰς
1349 4960 1705 5024 καταλύσας
1759 4959 1973 5029 μέχρις

385 5050 585 5119 αὐτῆς
611 5049 928 5119 damust
957 5049 1072 5117 τὴν
1114 5049 1316 5104 Ἀσίαν
1373 5049 1655 5117 ληΐζεται.
1709 5053 1775 5103 Ei
1826 5050 1974 5120 γοῦν

385 5145 604 5209 βούλει
647 5142 879 5195 καὶτὸν
934 5143 1320 5209 Ἀπελχασ-ὴμ
1373 5141 1492 5195 τῶν
1548 5142 1751 5196 αὐτόθι
1779 5142 1978 5210 μερῶν

386 5235 768 5303 ἀπελαθῆναι
797 5233 897 5289 καὶ
954 5232 1072 5300 τὴν
1136 5235 1348 5288 Ἀσίαν
1381 5233 1482 5288 καὶ
1531 5233 1728 5300 αὐτὴν
1763 5234 1839 5300 δὴ
1865 5235 1978 5301 τὴν

2079 4773 2283 4844 gotium
2314 4778 2553 4841 urgeret.
2590 4769 2677 4821 Eae
2710 4768 2906 4820 litterae
2947 4765 3002 4818 in
3046 4765 3192 4818 hunc
3225 4763 3449 4816 modum
3497 4767 3656 4812 erant

2079 4867 2296 4934 scripta:
2333 4883 2346 4918 :
2387 4862 2600 4924 Audivi,
2621 4861 2877 4929 Auguste,
2910 4875 3010 4928 quo
3045 4859 3158 4912 loco
3189 4873 3270 4909 res
3297 4866 3402 4908 tua:
3432 4853 3659 4921 fuerint,

2078 4971 2127 5013 et
2150 4960 2278 5013 sint.
2317 4955 2407 5018 Ut,
2448 4955 2695 5025 inquam,
2720 4954 2903 5006 statim
2950 4951 3014 5004 ab
3050 4949 3217 5004 initiis
3264 4947 3472 5014 imperii
3531 4959 3655 4997 sus-

2081 5051 2211 5119 cepti
2242 5049 2530 5102 certamina
2556 5047 2610 5098 in
2641 5045 2807 5097 multa
2842 5043 3122 5100 incideris:
3162 5051 3319 5108 utque
3366 5039 3519 5092 modo
3568 5051 3659 5090 so-

2080 5145 2189 5210 pito
2232 5140 2424 5194 Latino
2457 5139 2705 5200 tumultu,
2761 5135 2882 5190 belli
2909 5143 2957 5189 te
2974 5150 3136 5188 novus
3165 5133 3568 5198 circumstrepet
3617 5144 3652 5179 α

2083 5234 2294 5305 Scythis
2320 5247 2503 5284 rumor
2542 5227 2929 5290 expeditionem
2968 5229 3021 5280 in
3054 5243 3138 5280 vos
3175 5222 3501 5294 parantibus
3539 5231 3558 5270 :
3591 5225 3648 5268 ut

1452 5353 1651 5414 Variis
1694 5352 1995 5413 lectiones
2038 5368 2116 5412 ex
2150 5351 2290 5411 cod.
2327 5348 2596 5411 Coislin.

457 5459 506 5491 "
526 5455 718 5508 τοῦτον
744 5454 1088 5510 συνένευσεν.

1163 5457 1209 5488 ’⁸
1240 5455 1522 5526 δουκικῆς.

383 5530 430 5561 ⁵³
459 5529 624 5582 Deest
663 5525 854 5581 vocula
875 5542 989 5578 σου.

1597 5455 1642 5488 ⁸⁸
1666 5454 2009 5508 ἐλεύσεσθαι.

2104 5455 2149 5486 ⁸⁸
2180 5453 2320 5506 ὥστε
2352 5451 2506 5522 τύχοι
2541 5449 2636 5502 τοῦ
2675 5448 2823 5503 Οείου
2867 5446 3266 5518 βαπτίσματος.
3343 5443 3386 5474 ⁸⁷
3408 5437 3566 5498 αὐτὸς
3593 5436 3644 5490 ὅ·

1461 5636 1602 5696 Car.
1640 5632 1966 5696 Dufresnii
2003 5637 2098 5696 Du
2132 5634 2352 5714 Cangii
2383 5646 2574 5697 natam

455 5747 571 5819 (55)
610 5745 907 5819 Σινώπης.
939 5742 1206 5819 §inopem_
1278 5742 1676 5819 in__potestate
1740 5739 1910 5819 fuisse
1969 5740 2164 5808 Alcxii,
2214 5759 2339 5799 cun
2393 5743 2564 5796 nostri

379 5808 652 5876 obaer'vat
679 5808 1151 5871 ctiani'Albcrt'us
1182 5814 1284 5884 Aq.
1321 5813 1422 5867 lib.
1457 5824 1572 5876 VIII,
1611 5825 1734 5878 cap.
1764 5808 1853 5862 9.9..

2663 5734 3097 5805 Hierosolymam
3189 5725 3421 5799 profecti
3489 5727 3646 5786 sunt,
