4110 6398
384 295 501 360 513

1697 299 2115 361 ALEXIADIS
2154 301 2226 360 LI
2238 302 2298 361 Β.
2329 301 2433 364 VI.

3564 298 3671 362 δτι

383 404 691 475 προϐῆναι,
727 392 838 458 οὐδ’
872 403 940 459 ἂν
989 404 1070 469 εἰς
1123 403 1306 459 στενὸν
1345 406 1677 478 κατηντήκει
1733 408 1884 477 αὐτῷ
1914 408 1985 460 τὰ

2095 406 2276 460 divina
2307 409 2545 478 sinebat,
2604 417 2659 467 et
2707 417 2971 482 paternus
3027 410 3378 482 imperatoris
3431 410 3500 466 ab
3556 413 3669 480 ipsa

387 499 730 568 πράγματα.
776 499 953 553 Εὐθὺς
984 499 1094 570 γὰρ
1125 499 1220 552 καὶ
1253 499 1396 552 κατὰ
1431 502 1655 571 πρώτην
1705 502 1875 572 ἀκοὴν
1896 501 1989 554 τοῦ

386 589 592 660 γράμμ
605 606 759 654 ατος,
781 589 882 658 τῆς
905 587 1002 642 τοῦ
1027 588 1317 660 Βαρϐάρου
1341 590 1706 657 κατεγέλασεν
1733 590 1988 660 ὀρέξεως,

389 681 922 752 ὑποφθεγξάμενος,
956 682 1039 735 ὅτι
1068 685 1094 735 ὁ
1121 682 1334 752 δαίμων
1357 683 1516 735 τοῦτο
1543 684 1622 746 εἰς
1664 682 1790 735 νοῦν
1818 680 1988 737 αὑτοῦ

395 774 752 828 ἀνεϐίϐασεν.
821 773 959 843 Περὶ
1006 776 1100 826 τοῦ
1155 775 1255 843 μὲν
1317 775 1513 844 κήδους
1571 773 1744 838 οὕτως
1789 776 1992 844 ἔσχενὸ

405 867 792 936 αὐτοκράτωρ
845 864 1028 919 ἐλπίσι
1059 865 1116 918 δὲ
1172 868 1356 929 κεναῖς
1386 866 1476 918 τὸν
1511 865 1603 919 τοῦ
1643 865 1874 921 σουλτᾶν
1907 866 1994 918 λο-

408 959 598 1029 γισμὸν
619 959 927 1028 ἀπαιωρεῖν
944 957 1056 1010 δεῖν
1077 955 1458 1027 λογισάμενος,
1484 958 1992 1028 καταπεμψάμενος

401 1052 492 1104 τὸν
527 1051 865 1123 Κουρτίκιον
893 1050 1016 1122 μεθ’
1035 1051 1240 1121 ἑτέρων
1270 1052 1462 1120 τριῶν,
1493 1051 1816 1104 ἀποστέλλει
1865 1051 1990 1103 τούς

397 1161 525 1205 τους
556 1143 842 1215 πρέσϐεις,
877 1143 976 1197 καὶ
1031 1144 1342 1213 γράμματα
1385 1143 1455 1196 δι’
1500 1135 1574 1196 ὧν
1605 1143 1704 1213 τὴν
1759 1142 1987 1212 εἰρήνην

392 1235 695 1304 ἐνέφαινεν
753 1234 1130 1299 ἀσπάζεσθαι,
1196 1233 1291 1286 καὶ
1338 1233 1475 1302 πρὸς
1535 1235 1601 1286 τὰ
1677 1231 1991 1304 μηνυθέντα

390 1328 753 1394 κατανεύειν,
779 1327 1034 1381 ἀπαιτῶν
1069 1326 1185 1396 ἅμα
1229 1327 1326 1380 καὶ
1365 1326 1549 1390 αὐτὸς,
1583 1325 1720 1381 ἄλλα
1749 1325 1818 1378 τὰ
1847 1327 1868 1356 ³
1898 1325 1990 1378 τοῦ

389 1421 596 1490 χρόνου
618 1421 928 1490 παράτασιν
959 1420 1273 1488 εἰσάγοντα.
1304 1417 1472 1472 οὔπω
1497 1420 1546 1471 οἱ
1569 1421 1633 1474 ἐκ
1661 1419 1755 1475 τοῦ
1781 1418 1992 1483 Βυζανο

390 1515 518 1567 τξου
548 1515 900 1585 πεμφθέντες
933 1512 1196 1584 πρέσϐεις
1225 1511 1318 1564 τὸν
1344 1511 1593 1582 Χοροσὰν
1624 1510 1737 1580 (58)
1760 1511 1992 1564 κατέλα-

391 1606 516 1670 ϐον,
543 1608 640 1659 καὶ
665 1606 764 1678 τὴν
792 1605 888 1660 τοῦ
911 1605 1142 1663 σουλτᾶν
1167 1603 1450 1674 ἀναίρεσιν
1469 1603 1581 1675 (59)
1606 1603 1991 1673 μεμαθηκότες

391 1699 776 1769 ὑπέστρεψαν.
821 1697 934 1751 Καὶ
957 1697 1069 1765 γὰρ
1098 1697 1126 1748 ὁ
1159 1695 1498 1764 αὖτάδελφος
1533 1695 1700 1750 αὐτοῦ
1748 1695 1990 1752 Τουτού-

392 1808 524 1860 σης,
563 1792 702 1860 μετὰ
740 1790 800 1842 τὸ
861 1788 1074 1844 ἀνελεῖν
1109 1789 1199 1842 τὸν
1249 1789 1403 1860 ἀμὴρ
1434 1788 1705 1858 Σολυμᾶν,
1755 1791 1851 1842 καὶ
1895 1788 1988 1842 τὸν

369 1883 535 1938 ιῖδιον
566 1881 818 1952 γαμϐρὸν
857 1882 918 1944 ἐξ
957 1880 1224 1950 Ἀραϐίας
1262 1881 1305 1911 ¹⁶
1326 1879 1450 1936 κατ’
1488 1881 1657 1934 αὐτοῦ
1711 1880 1982 1952 στρατεύ-

393 1991 596 2037 σαντα,
640 1974 940 2041 τυφωθεὶς,
973 1973 1075 2026 καῖ
1116 1973 1208 2024 τὸν
1241 1972 1473 2030 σουλτᾶν
1534 1972 1877 2043 μεμαθηκὼς
1907 1975 1989 2037 εἰς

390 2065 687 2138 εἰρηνικὰς
743 2065 980 2128 σπονδάς
1042 2064 1182 2135 μετὰ
1244 2064 1340 2117 τοῦ
1420 2065 1828 2137 αὐτοκράτορος
1887 2067 1987 2138 ἤδη

389 2157 741 2225 ἐπείγεσθαι,
806 2159 944 2226 πρὸς
996 2157 1086 2210 τὸν
1134 2157 1400 2227 τάδελφοῦ
1470 2158 1630 2228 φόνον
1686 2159 1987 2228 ἀπέϐλεψε.

389 2249 740 2306 Δυοκαίδεκα
775 2249 960 2302 τοίνυν
1017 2249 1258 2310 Χασῐους
1313 2249 1422 2319 (60)
1485 2247 1635 2302 οὕτω
1662 2252 1727 2320 τῇ
1767 2251 1990 2318 Περσίδι

389 2341 667 2410 διαλέκτῳ
687 2340 1068 2408 καλουμένους
1097 2341 1282 2408 φόνιον
1311 2342 1580 2404 πνέοντας
1611 2341 1993 2410 μετακαλεσά-

396 2452 586 2503 μενος,
616 2434 690 2496 ὡς
728 2434 994 2503 πρέσϐεις
1020 2437 1163 2503 τάχα
1182 2434 1319 2504 πρὸς
1341 2434 1432 2486 τὸν
1459 2434 1690 2488 σουλτᾶν
1716 2434 1991 2503 ἐξέπεμψε

393 2525 496 2579 καὶ
544 2525 638 2578 τὸν
679 2525 888 2595 τρόπον
948 2527 1132 2587 αὐτοῖς
1189 2525 1528 2595 ὑποθέμενος
1593 2526 1710 2596 ἅμα
1751 2525 1854 2595 τῆς
1895 2526 1991 2580 τοῦ

392 2617 634 2686 ἀδελφοῦ
717 2619 960 2689 σφαγῆς,
1019 2620 1264 2685 Ἀπιτε,
1321 2620 1584 2690 φάμενος,
1639 2618 1738 2672 καὶ
1790 2618 1994 2687 πρῶτα

389 2711 512 2779 μὲν
547 2711 1070 2780 διακηρυκεύσατε
1107 2711 1188 2776 ὠς
1239 2709 1551 2780 ἀπόῤῥητά
1583 2727 1716 2766 τινα
1739 2711 1993 2780 μέλλειν

391 2803 475 2869 τῷ
507 2803 791 2862 Σουλτᾶν
813 2805 1198 2873 than-smus,
1225 2805 1380 2857 ἐπὰν
1417 2803 1486 2856 δὲ
1525 2802 1995 2872 παραχωρηθῆτε

393 2897 509 2962 τῆς
539 2896 790 2950 εἰσόδου
826 2898 905 2962 ὡς
929 2895 1084 2966 τάχα
1113 2898 1264 2964 πρὸς
1295 2892 1403 2964 οὖς
1433 2895 1592 2961 αὐτῷ
1626 2896 1994 2965 ὡμιληκέναι

385 2992 704 3053 βούλεσθε
734 2989 799 3053 ¹¹,
833 2990 1296 3056 πλησιάσαντες
1321 2989 1688 3058 παραχρῆμα
1717 2989 1822 3042 τὸν
1850 2990 1996 3058 ἐμὸν

2097 498 2273 568 prima
2317 501 2542 558 infausti
2583 505 2821 576 conjugii
2876 506 3054 574 specie
3106 505 3292 559 statim
3339 504 3674 559 abhorrebat

2095 592 2320 645 animus
2357 608 2370 644 :
2404 603 2566 659 atque
2597 605 2651 647 ut
2689 604 2803 646 tum
2839 609 2926 648 res
2955 595 3075 663 ejus
3097 603 3256 650 erant
3289 594 3426 649 satis
3451 609 3514 648 ex
3541 609 3673 648 seu-

2095 684 2266 737 tentia
2333 682 2591 744 ﬂuentes,
2627 685 2775 737 nulla
2811 685 3024 753 imperii
3076 686 3387 739 necessitas
3439 688 3676 756 cogehat

2095 776 2396 829 amicitiam
2460 776 2824 832 Barbarorum
2887 787 2996 831 tatu
3042 779 3196 834 ehari
3241 781 3438 848 capitis
3495 789 3672 848 pretio

2095 881 2302 921 emere.
2342 866 2485 922 Risit
2515 885 2648 938 ergo
2678 883 2828 937 spem
2855 870 3121 925 audacem
3161 869 3341 924 Persa:
3371 872 3547 940 primo
3571 887 3676 925 au-

2095 959 2210 1012 ditu
2242 960 2543 1014 litterarum
2574 963 2717 1028 ejus,
2755 962 3123 1030 subjecitquc,
3168 963 3314 1016 istud
3351 963 3452 1032 ipsi
3482 974 3668 1016 Votum

2096 1052 2298 1104 ainalo
2345 1052 2517 1105 videri
2573 1053 2822 1109 tlretnone
2875 1063 3218 1122 suggestum.
3267 1052 3464 1108 Verum
3525 1055 3670 1108 idem

2098 1152 2282 1196 tamen
2340 1159 2438 1212 pro
2471 1158 2568 1197 sua
2607 1144 2956 1211 puliticarum
2999 1158 3182 1196 rerum
3224 1143 3516 1214 prudentia
3561 1161 3670 1199 non

2097 1233 2312 1302 putavit
2347 1243 2721 1304 opportunum
2753 1234 3064 1306 signiﬁcare
3091 1236 3299 1290 sultani
3329 1245 3672 1306 qttauIOpere

2097 1321 2413 1376 aliinitatem
2468 1323 2587 1392 ejus
2651 1332 3067 1392 aspernaretur.
3124 1325 3268 1390 Quin
3329 1326 3512 1395 potius
3573 1342 3673 1394 spe

2097 1411 2248 1464 inani
2287 1413 2492 1465 laetare
2525 1413 2728 1481 ipsum,
2766 1421 2821 1468 et
2851 1415 2999 1467 velut
3032 1415 3300 1470 trahenda
3335 1417 3675 1472 tractatione

2096 1503 2224 1556 talis
2259 1504 2462 1572 negotii
2495 1513 2682 1560 tenere
2706 1504 2927 1559 interim
2954 1506 3234 1561 hominem
3258 1515 3424 1576 atque
3447 1508 3675 1562 incertis

2095 1597 2528 1666 cogitationibus
2585 1601 2927 1667 suspendere
2984 1614 3211 1654 suarum
3259 1614 3384 1655 esse
3430 1601 3671 1669 partium

2093 1689 2346 1744 credidit.
2390 1689 2922 1761 Curticium'igitur,
2966 1699 3190 1762 tresque
3225 1693 3388 1747 simul
3421 1693 3562 1746 alios
3603 1692 3672 1747 ad

2092 1797 2215 1834 eum
2280 1783 2491 1853 legatos
2545 1784 2717 1847 misit,
2752 1799 2878 1842 cum
2915 1786 3127 1840 mutuis
3161 1784 3405 1842 oﬂiciose
3445 1787 3674 1855 scriptis

2095 1874 2316 1940 litteris,
2352 1875 2557 1945 quibus
2611 1875 2958 1946 signiﬁcabat
2988 1887 3301 1945 pergratam
3365 1878 3470 1932 sibi
3525 1878 3674 1932 acci-

2093 1968 2244 2022 disse
2291 1969 2440 2036 pacis
2476 1969 2695 2022 allatam
2729 1969 2796 2024 ab
2847 1984 2912 2023 eo
2957 1969 3315 2032 mentionem,
3345 1968 3665 2039 liabereqae

2095 2059 2147 2113 in
2190 2063 2374 2113 animo
2425 2061 2718 2128 postulatis
2777 2060 2898 2128 ejus
2932 2075 3200 2123 annuere,
3241 2077 3430 2116 verum
3473 2073 3661 2130 petere

2093 2165 2147 2208 et
2173 2154 2348 2223 ipsum
2371 2153 2552 2222 aliqua
2575 2153 2842 2216 vicissim,
2867 2169 2990 2222 quae
3019 2153 3286 2210 distincte
3311 2153 3670 2219 declarabat;

2095 2261 2200 2300 nou
2235 2261 2332 2316 spe
2363 2245 2717 2315 impetrandi,
2745 2247 2841 2300 sed
2876 2254 2996 2300 arte
3041 2244 3325 2308 eludendi,
3359 2248 3666 2298 extenden-

2095 2338 2258 2408 dique
2294 2337 2538 2392 Barbaz'o
2594 2338 2938 2391 deliberandi
2997 2344 3239 2405 tempus,
3285 2351 3397 2405 quo
3445 2336 3680 2390 durante

2095 2429 2357 2484 innoxius
2389 2428 2436 2482 is
2473 2427 2699 2482 futurus
2762 2435 2910 2480 esset
2945 2424 3211 2479 Romanae
3265 2427 3365 2478 rei.
3404 2425 3676 2480 Caeterum

2096 2521 2420 2591 priusquam
2473 2520 2594 2574 haec
2633 2519 2901 2590 Byzantio
2926 2516 3174 2587 profecta
3234 2515 3439 2586 legatio
3467 2515 3680 2571 Choro-

2096 2626 2294 2663 zanum
2330 2610 2675 2678 pervenisset
2717 2609 2908 2672 audita
2946 2606 3189 2670 sultauis
3221 2608 3396 2660 caedes
3427 2606 3680 2660 Curtieio

2097 2701 2507 2769 Comitibusque
2556 2701 2794 2755 reditum
2830 2700 3030 2755 Suasit.
3093 2697 3204 2752 Nec
3247 2714 3412 2768 porro
3444 2699 3682 2753 sultauis

2097 2805 2380 2848 auctorem
2419 2793 2610 2847 habuit
2643 2809 2809 2861 quem
2860 2792 3087 2844 minime
3139 2791 3386 2860 oportuit
3451 2793 3677 2846 fratrem

2100 2887 2273 2957 ipsius
2309 2885 2579 2939 Tutusen.
2610 2885 2680 2951 Is,
2715 2884 2933 2939 sublato
2973 2899 3158 2938 amere
3210 2883 3457 2954 Solyma,
3513 2898 3684 2955 gene-

2099 2995 2273 3050 roque
2324 2979 2553 3049 insuper
2608 2979 2836 3048 proprio
2887 2992 2954 3032 ex
3003 2977 3208 3033 Arabia
3265 2986 3461 3032 contra
3497 2978 3680 3048 ipsum

391 3080 815 3149 διαμελήσίιτε
871 3082 1164 3150 ἀδελφόν.
1221 3083 1283 3134 Οἱ
1320 3083 1378 3134 δὲ
1435 3082 1696 3152 πρέσϐεις
1728 3082 1760 3152 ἢ
1794 3081 1991 3150 μᾶλλον

2102 3088 2228 3128 cum
2261 3073 2437 3142 copiis
2461 3087 2754 3142 progresso
2785 3071 2934 3126 victo
2966 3069 3226 3126 similiter
3268 3080 3435 3140 atque
3467 3072 3683 3136 occiso,

395 3177 582 3246 φονεῖς
645 3175 899 3244 καθάπερ
931 3177 1012 3237 εἰς
1045 3175 1320 3246 δεῖπνονῆ
1355 3175 1592 3244 εὐωχίαν
1621 3175 1991 3245 πεμπόμενοι,

399 3271 802 3340 προθυμότατα
861 3270 998 3341 πρὸς
1042 3270 1140 3340 τὴν
1178 3268 1272 3322 τοῦ
1317 3268 1546 3324 σουλτᾶν
1595 3270 1814 3340 σφαγὴν
1849 3268 1996 3338 ἀπῄ-

397 3379 554 3418 εσαν.
605 3363 895 3418 Μεθύοντα
951 3362 1140 3415 τοῦτον
1193 3361 1621 3427 καταλαϐόντες,
1665 3363 1790 3416 ἐπεὶ
1843 3363 1994 3415 πᾶσα

408 3456 684 3528 ἐκεχειρία
728 3455 944 3517 τούτοις
992 3455 1216 3521 ἐδίδοτο,
1287 3455 1398 3507 τῶν
1458 3453 1990 3524 ἐμπεπιστευμένων

414 3545 515 3614 τὴν
545 3547 638 3600 τοῦ
674 3550 901 3601 σουλτᾶν
932 3547 1493 3620 φυλακὴν,πόρῤωθεν
1527 3547 1862 3617 ἑστηκότων,
1889 3547 1991 3598 αὐτ

409 3639 498 3691 τοὶ
539 3637 951 3707 πλησιάσαντες,
995 3641 1063 3694 τὰ
1097 3641 1224 3711 ξίφη
1273 3641 1372 3711 τῆς
1425 3640 1601 3710 μάλης
1647 3639 1991 3708 σπασάμενοι

398 3733 779 3800 δῖαμεῖιὶζουσι
819 3734 932 3804 (61)
968 3737 1316 3805 παραχρῆμα
1347 3735 1440 3786 τὸν
1484 3733 1691 3788 ἄθλιον.
1736 3733 1994 3786 Τοιοῦτον

397 3820 512 3889 γὰρ
534 3819 596 3872 τὸ
625 3821 734 3874 τῶν
759 3822 984 3879 Χασίων
1018 3824 1165 3876 ἐστὶν
1189 3823 1388 3892 αἵμασι
1417 3825 1632 3894 χαῖρον,
1657 3824 1754 3876 καὶ
1776 3825 1992 3894 τρυφὴν

393 3907 534 3958 αὐτὸ
581 3909 744 3962 τοῦτο
799 3909 1167 3980 λογιζόμενοι,
1215 3913 1264 3964 εἰ
1311 3914 1472 3982 μόνον
1525 3913 1612 3966 διὰ
1666 3913 1996 3982 σπλάγχνων

394 4000 715 4070 ἀνθρώπων
759 4003 821 4053 τὸ
868 4003 1023 4070 ξίφος
1065 4003 1340 4070 ἐλάσειαν,
1371 4005 1466 4058 τοῦ
1505 4003 1695 4058 λοιποῦ
1729 4006 1771 4036 ²¹
1806 4005 1863 4058 δὲ
1895 4004 1996 4058 κᾶν

393 4109 549 4156 τινες
577 4094 781 4156 αὐτοὺς
813 4095 944 4156 ἴσως
986 4095 1074 4147 ἐπ’
1116 4096 1269 4167 αὑτῷ
1319 4096 1495 4168 τούτῳ
1543 4095 1859 4167 ἐπιθέμενοι
1896 4114 1996 4150 κα-

2102 3167 2266 3220 tamis
2313 3166 2665 3220 successibus
2727 3163 2948 3218 inﬂatus
3019 3163 3274 3233 accipere
3320 3179 3434 3222 non
3503 3169 3685 3234 potuit

2095 3260 2268 3326 :equis
2299 3258 2530 3312 auribus
2563 3254 2711 3327 quod
2745 3256 2812 3308 de
2845 3257 3020 3310 l'ratre
3053 3257 3272 3311 sultane
3302 3256 3482 3312 nuntii
3535 3259 3682 3311 iere-

2096 3353 2231 3408 bant
2259 3367 2302 3401 :.
2329 3351 2474 3405 serio
2507 3364 2634 3405 eum
2685 3350 2751 3403 de
2781 3363 2914 3418 pace
2939 3364 3066 3404 cum
3124 3347 3459 3417 imperatore
3491 3363 3678 3419 agerc,

2099 3446 2444 3512 titullumque
2493 3439 2615 3512 jam'
2671 3452 2984 3511 promotum
3054 3439 3108 3494 id
3190 3443 3469 3510 negotium
3533 3457 3683 3499 esse.

2100 3537 2273 3604 Cujus
2315 3543 2648 3605 praevertere
2683 3534 2986 3590 clausulam
3033 3532 3275 3589 tollendo
3321 3543 3540 3590 mature
3567 3535 3680 3588 fra-

2101 3639 2184 3684 tre
2232 3640 2440 3694 certus,
2471 3628 2762 3682 duodecim
2814 3626 3122 3681 accersitos
3153 3626 3361 3681 caedem
3406 3628 3694 3696 spirantes.

2100 3721 2331 3778 Cbasios
2364 3721 2470 3790 (sic
2529 3719 2717 3788 lingua
2757 3717 2980 3772 Persica
3030 3715 3331 3786 vocantur)
3379 3718 3682 3787 legatorum

2102 3815 2326 3868 nomine
2346 3830 2412 3868 ac
2429 3814 2558 3881 jure
2585 3822 2814 3867 strenue
2842 3824 3070 3880 pergere
3091 3808 3160 3865 ad
3183 3809 3459 3865 sultanem
3481 3809 3682 3880 jussit:

2101 3905 2326 3958 modum
2364 3905 2590 3973 insuper
2624 3903 2854 3956 tradens
2881 3901 3359 3960 circumveniendi
3398 3901 3542 3969 ejus.
3581 3900 3682 3962 Ite.

2100 3999 2383 4068 inquiens,
2427 4008 2476 4052 et
2523 3998 2694 4066 primo
2724 3995 2956 4049 adventu
2997 3976 3108 4061 3.1m:
3155 3992 3301 4048 vobis
3330 3995 3463 4061 [crte
3493 3995 3684 4049 habere

2099 4110 2187 4146 vos
2221 4109 2426 4144 nrt-arta
2459 4106 2576 4159 qua:
2614 4089 2818 4142 suitani
2846 4087 3141 4148 nuntietis;
3171 4087 3246 4140 sic
3276 4089 3500 4142 admissi
3531 4099 3579 4142 et
3602 4105 3686 4143 se-

1476 4211 1678 4279 Varite
1721 4211 2026 4272 lectiones
2060 4227 2136 4269 ex-
2173 4207 2314 4267 cod.
2349 4203 2622 4266 Coislin.

471 4317 494 4347 9
520 4315 660 4369 ἀλλά
695 4331 751 4368 τε
789 4313 879 4367 τά.
958 4314 1000 4345 ¹⁰
1039 4313 1359 4385 ’Λρραϐίας.
1437 4314 1477 4347 ³⁸
1509 4315 1815 4385 βούλεσθαι.

1931 4315 1974 4346 ¹⁹
2007 4316 2213 4368 Desunt
2250 4328 2411 4366 voces
2434 4310 2528 4361 τοῦ
2558 4309 2772 4373 λοιποῦ,
2804 4318 2935 4373 etc.,
2969 4309 3483 4378 καταχορδεύσειαν.

1489 4432 1630 4493 Car.
1665 4431 1986 4494 Dufresnii
2027 4433 2118 4491 Du
2152 4430 2376 4506 Cangii
2417 4441 2604 4496 notio.

478 4535 596 4600 (58)
632 4534 927 4602 Χοροσίὶν.
966 4535 1044 4588 lta
1086 4535 1230 4588 dicta
1277 4533 1460 4604 Persis
1488 4535 1717 4591 interior
1748 4535 1982 4603 seripto-
2019 4538 2059 4591 D
2092 4550 2214 4604 pag.
2254 4533 2342 4587 87.

405 4607 566 4660 ribus
592 4621 772 4657 rerum
804 4607 1012 4658 Orieut.
1057 4606 1286 4670 passim.
1324 4603 1455 4658 Vide
1480 4605 1698 4659 Lennel.
1737 4621 1790 4660 ιι.
1821 4606 1876 4658 lt.

482 4676 600 4741 (59)
639 4675 752 4728 Τοῦ
802 4674 1078 4730 Σουλτᾶν
1111 4675 1452 4743 ἀναίρεσιν.
1481 4675 1709 4745 Toparee
1764 4676 1992 4742 Sullani,

408 4759 470 4800 Ill
503 4762 630 4799 illOX
662 4762 782 4814 pag.
827 4762 942 4815 δίκᾳ.

487 4819 605 4884 (60)
644 4814 930 4880 Χιιονίουξ⁸
991 4814 1224 4870 Chasios
1276 4817 1379 4870 hoc
1441 4815 1560 4870 loco
1617 4825 1778 4870 vorat
1813 4816 1994 4880 Anna,

413 4907 560 4959 quos
595 4891 768 4942 nostri
813 4889 973 4954 vulgo
1009 4887 1335 4950 Assussinos,
1377 4885 1618 4950 Persica,
1653 4889 1856 4959 inquit,
1889 4891 1994 4941 lin-

415 4957 525 5022 eua
560 4976 575 5012 :
611 4972 718 5025 qua
783 4960 1148 5027 appellatione
1197 4960 1370 5011 utitur
1435 4961 1600 5024 etiam
1659 4957 1881 5013 Niectas
1939 4959 1993 5012 in

417 5032 654 5088 lsaacio,
692 5028 785 5082 lib.
819 5045 855 5090 ι,
894 5047 948 5081 n.
974 5027 1026 5089 6,
1055 5029 1187 5080 etin
1226 5030 1434 5091 Alexio,
1472 5029 1564 5081 lib.
1598 5043 1675 5088 ut,
1711 5047 1762 5082 n.
1792 5029 1842 5083 6.
1881 5030 1998 5082 Χα-

419 5102 604 5152 σὺσιοι
634 5101 890 5153 dientttur
944 5097 1143 5152 Joauui
1186 5098 1380 5153 Phoea:
1415 5100 1466 5151 in
1516 5098 1770 5165 Descript.
1820 5099 1997 5153 Terrw

419 5171 658 5231 Snncttt’,
709 5181 827 5238 cap.
881 5170 931 5221 5.
988 5170 1372 5224 Saraceuicam
1437 5169 1608 5223 fuisse
1663 5170 1993 5223 sicariorum

423 5244 662 5294 lalttl'lllll
712 5241 1184 5293 uernent-laturam
1225 5250 1419 5293 auctor
1445 5249 1530 5294 est
1575 5239 1742 5294 etiam
1777 5238 1986 5294 thlel—

424 5328 551 5368 mus
589 5310 810 5381 Tyrius,
855 5311 952 5364 lib.
1008 5325 1100 5381 xxi,
1133 5325 1252 5375 cap.
1283 5311 1372 5363 2i.
1405 5309 1659 5364 Caisinos
1683 5309 1744 5381 in
1791 5310 1993 5381 Arabia

425 5377 698 5436 inemor'at
725 5397 830 5434 non
858 5382 1022 5434 Semel
1056 5379 1443 5449 Theophanes,
1483 5397 1604 5450 pag.
1637 5377 1765 5445 556,
1802 5380 1907 5434 538
1940 5390 1993 5434 et

423 5453 554 5518 555,
589 5454 790 5521 quibus
819 5452 1071 5505 lortassis
1093 5453 1358 5519 originem
1389 5463 1439 5505 et
1467 5468 1662 5504 nomen
1698 5451 1849 5521 dedit
1890 5451 1995 5505 Ca-

425 5529 549 5579 sius
585 5520 675 5577 ille
705 5523 976 5576 lsmaelita
1009 5523 1208 5583 Arabs,
1242 5523 1402 5588 cujus
1440 5522 1692 5574 meminit
1719 5520 1992 5575 Abraham

425 5593 773 5650 Eehellensis
812 5592 867 5645 in
900 5592 1042 5644 Hist.
1076 5592 1332 5655 Arabum,
1358 5607 1478 5660 cap.
1506 5592 1559 5645 3.
1592 5590 1696 5646 Sed
1726 5606 1794 5644 an
1827 5592 1896 5645 ab
1933 5593 1998 5645 iis

423 5671 617 5726 (iliasii
683 5663 1103 5732 appellationem
1154 5663 1384 5715 mutuati
1444 5663 1576 5726 sint,
1640 5677 1747 5732 non
1814 5663 1990 5716 ausim

429 5730 941 5796 aliinearcCVide
1021 5730 1190 5789 Notas
1268 5739 1485 5786 nostras
1566 5733 1631 5786 ad
1719 5731 1986 5786 Joiuvillze

2175 4607 2285 4670 itii)
2322 4602 2755 4672 Διαμελίζοιγσι.
2787 4602 3180 4660 Gc-laloldulum
3202 4602 3480 4656 sultanum
3514 4620 3542 4657 a
3577 4604 3686 4660 Γιτι-

2103 4681 2187 4728 tre
2223 4671 2458 4735 Tutuse,
2481 4671 2590 4729 'sett
2640 4673 2974 4743 Tageoldulo
3010 4675 3279 4727 immissis
3323 4675 3567 4737 Chasiis,
3597 4679 3682 4732 Vel

2102 4746 2435 4809 Assassinis,
2458 4745 2800 4799 interfectum
2846 4745 2935 4798 hic
2986 4743 3152 4797 refert
3186 4746 3364 4811 Anna,
3395 4760 3500 4814 qua
3535 4747 3588 4800 in
3627 4764 3686 4802 re

2105 4831 2229 4887 cum
2262 4831 2442 4870 rerum
2467 4815 2830 4869 Turcicarum
2861 4823 2925 4887 et
2955 4815 3411 4887 Saracenicarum
3437 4817 3686 4887 scripto-

2106 4886 2264 4940 ribus
2313 4902 2422 4939 non
2478 4887 2774 4941 consentit.
2829 4886 3021 4940 Tradit
3072 4885 3272 4953 quippe
3338 4885 3684 4944 El-Macinus

2105 4958 2386 5010 sultauum
2421 4957 2473 5010 in
2509 4958 2646 5011 urbe
2678 4955 3010 5022 Bagdatensi
3047 4956 3160 5008 fato
3195 4957 3434 5013 naturali
3471 4963 3685 5012 exstin-

2105 5035 2254 5080 ctum
2316 5042 2408 5081 an.
2472 5029 2674 5100 hegirie
2735 5027 3143 5100 4875,_Christi
3207 5026 3362 5100 1092,
3427 5029 3686 5100 illiusque

2107 5106 2365 5168 percepta
2384 5109 2573 5169 morte
2616 5097 3008 5166 Tageoldulum
3039 5112 3164 5169 sese
3182 5099 3469 5169 sultanum
3493 5097 3682 5169 appel-

2107 5167 2285 5231 lasse,
2325 5168 2681 5237 mississeque
2708 5169 2772 5223 ad
2790 5169 3126 5236 tilialipham
3150 5167 3680 5236 Muqnetadibillam,

2104 5253 2215 5306 quo
2261 5239 2329 5292 ab
2359 5255 2423 5292 eo
2454 5239 2679 5309 Bagdati
2723 5241 3153 5309 inauguraretur
3189 5255 3203 5293 :
3260 5239 3355 5294 sed
3403 5245 3679 5307 repulsam

2106 5257 2215 5306 quo
2261 5257 2329 5292 an
2359 5257 2423 5292 00
2454 5257 2522 5291 ua
2566 5257 2679 5292 tlall
2723 5257 3153 5309 tuangmaretur
3189 5257 3203 5293 ε
3260 5257 3355 5294 seu
3403 5257 3679 5307 repulsam

2106 5323 2328 5379 passum
2361 5324 2505 5364 esse.
2531 5257 2958 5379 ﬁlereorigitur,
2994 5326 3062 5364 ne
3083 5310 3229 5378 quod
3266 5311 3406 5362 idem
3441 5310 3682 5375 scriptor

2105 5381 2173 5431 de
2202 5377 2532 5433 Chasiorum
2569 5378 2766 5434 lidui-ia
2799 5377 2853 5434 et
2887 5377 3196 5434 temeritate
3224 5381 3418 5448 ingerit
3447 5380 3550 5430 sub
3581 5394 3677 5448 an.

2104 5448 2228 5517 beg.
2281 5449 2446 5521 326
2502 5451 2629 5515 485,
2687 5450 2821 5506 Chr.
2883 5450 3039 5516 l090,
3073 5451 3245 5503 Anna:
3290 5446 3614 5521 imposuerit
3659 5463 3674 5499 :

2101 5533 2214 5588 quo
2267 5517 2788 5576 loeovEl-Maeinus
2831 5521 3044 5574 Batiias
3073 5529 3249 5580 vocat,
3283 5517 3376 5586 qui
3418 5517 3683 5588 aliis__As-

2103 5585 2300 5643 iassirti
2357 5599 2411 5644 et
2459 5590 2644 5646 Clmsii
2722 5596 3032 5657 promiscue
3113 5585 3476 5657 appellantur.
3549 5585 3681 5639 ωε

2101 5663 2353 5718 eumdem
2385 5678 2475 5718 an.
2510 5662 2646 5734 lleg.
2686 5662 2810 5718 495.
