4110 6394
488 380 600 445 523

1796 371 2021 433 ᾹΝΝιΕ
2058 366 2443 430 ΟΟΜΝΕΝῈ

3639 364 3740 428 τοι

493 489 684 544 strium
753 485 1071 543 meminisse
1133 491 1350 557 oportet
1429 482 1789 547 nominatim;
1850 478 2068 534 tametsi

2185 475 2337 545 πῶμα
2369 476 2466 544 τῆς
2500 473 2742 546 ἱστορίας
2771 472 2985 537 τούτοις
3027 471 3498 543 καταμιαίνεται),
3523 474 3616 525 τοῦ
3648 494 3679 542 μ
3715 494 3745 527 ν

498 579 898 633 vocabulorum
950 579 1265 634 istiusmodi
1301 575 1586 631 barbaries
1632 574 1886 627 Historia:
1914 571 2072 641 quasi

498 688 699 743 corpus
742 680 965 732 asperat
995 681 1050 726 et
1106 668 1348 724 maculat
1388 666 1627 738 faciem).
1683 666 1925 731 QIIOl‘lIIII
1961 667 2074 736 prio

501 779 624 819 lllllS
685 764 905 834 quidem
967 762 1192 817 Dristraa
1222 760 1600 829 imperitabat,
1641 759 1780 813 alter
1823 758 2071 823 B.tzin:e,

500 856 592 910 alii
620 856 742 910 aliis
789 856 1002 910 circum
1038 853 1273 907 urbibus
1308 860 1404 905 aut
1450 851 1616 905 locis.
1646 850 1711 904 lli
1742 856 1880 905 satis
1904 853 2076 907 collo-

496 948 613 1002 cuti
648 949 829 1004 fmdus
874 947 1085 1001 feriunt
1121 952 1246 1015 post
1284 943 1431 1014 quod
1468 944 1581 1013 jam
1628 958 1824 997 secure
1861 943 2075 1014 Scythae

506 1039 761 1094 Danubio
788 1038 1025 1107 trajectu
1067 1039 1122 1091 in
1157 1051 1268 1090 ora:
1300 1035 1612 1104 objaceutis
1660 1034 2073 1103 populationem

500 1130 802 1184 incubuere
845 1143 859 1181 :
892 1142 961 1182 ne
1009 1125 1425 1197 oppugnatione
1457 1124 1680 1193 quidem
1716 1134 1808 1176 aut
1834 1138 2075 1191 occupa-

500 1224 649 1275 tione
700 1220 1044 1275 abstinentes
1077 1219 1410 1289 Oppidorum
1445 1218 1569 1286 ejus
1605 1215 1821 1270 limitis.
1867 1214 2077 1270 Deinde

498 1320 682 1364 tamen
737 1309 976 1364 induciis
1016 1308 1351 1378 quibusdam
1408 1307 1596 1371 factis,
1630 1307 1697 1362 ad
1740 1318 1937 1362 terram
1980 1324 2077 1363 ro-

500 1399 718 1454 lendaut
750 1398 917 1461 versi,
952 1398 1090 1451 milii
1143 1398 1427 1468 triticique
1458 1406 1764 1452 sementem
1804 1395 2075 1451 fecerunt.

501 1494 571 1544 At
607 1491 808 1547 Balbus
865 1488 1201 1545 Manicba-us
1234 1504 1341 1544 una
1380 1504 1503 1544 cum
1550 1490 1855 1560 conjuratis
1902 1500 1959 1546 et
1992 1504 2078 1544 se-

502 1584 772 1651 quacibus
823 1584 937 1637 Snis
962 1583 1055 1651 qui
1123 1583 1343 1637 excelso
1385 1582 1553 1637 situm
1617 1583 1738 1637 loco
1786 1582 2079 1637 Beliatobaa

501 1673 764 1742 oppidum
797 1683 1228 1743 occupaverant,
1260 1673 1328 1729 de
1377 1674 1583 1744 quibus
1614 1674 1873 1744 superius
1906 1674 2081 1742 pluri-

502 1762 607 1815 bus
638 1761 878 1833 egimus,
933 1778 1045 1833 quo
1078 1773 1222 1817 statu
1256 1762 1589 1835 Scytharum
1622 1765 1962 1818 advenarum
1992 1782 2080 1822 res

500 1867 708 1921 essent,
736 1860 1006 1913 certiores
1065 1859 1218 1923 facti,
1253 1859 1399 1928 quod
1448 1860 1657 1914 dudntn
1704 1861 2084 1926 parturierant

501 1950 649 2004 enixi
675 1960 808 2005 sunt
840 1951 1099 2021 denique.
1127 1950 1428 2020 Occupatis
1454 1953 1599 2007 enim
1631 1953 1847 2007 semitis
1876 1956 2087 2023 asperis

504 2050 670 2112 atque
723 2045 997 2111 angustis,
1035 2044 1181 2097 viam
1223 2045 1290 2099 ad
1327 2059 1388 2098 se
1434 2059 1531 2114 per
1560 2060 1653 2099 eas
1704 2044 1914 2101 vo'catis
1950 2061 2087 2116 pra:-

500 2132 671 2189 bucre
706 2133 990 2198 Barbaris,
1030 2136 1364 2205 iilorumque
1395 2138 1504 2189 vim
1539 2152 1663 2191 cum
1706 2153 1806 2193 sua
1840 2137 2084 2207 ipsorum

504 2225 851 2281 immanitate
900 2227 1179 2296 junctam,
1225 2227 1279 2281 in
1311 2228 1629 2284 universam
1665 2228 1780 2299 jam
1813 2230 2082 2286 ditionem

502 2318 786 2374 imtnisere
838 2315 1166 2381 Romanam,
1221 2317 1465 2373 assiduis
1506 2333 1623 2372 eam
1668 2320 2086 2378 incursionibus

502 2424 568 2466 ac
624 2408 929 2464 latrociniis
980 2419 1204 2478 agentes
1254 2406 1610 2480 ferentesque
1680 2412 2083 2470 crudelissime.

502 2498 601 2555 Est
629 2500 775 2554 enim
825 2498 1256 2553 Manichaeorum
1306 2514 1480 2569 genus
1544 2509 1741 2554 natura
1789 2502 2088 2570 sanguina-

503 2594 669 2657 rium,
717 2592 1111 2661 fundendoqne
1163 2591 1508 2661 quotidianis
1548 2592 1747 2663 pugnis
1808 2610 1873 2649 ac
1922 2596 2085 2665 quasi

503 2684 812 2753 liguriendo
849 2685 1093 2737 humano
1121 2696 1322 2738 eruere
1357 2682 1632 2737 luxuriari
1663 2699 1855 2739 amans
1883 2699 2086 2738 canino

504 2772 744 2842 quodam
783 2788 985 2845 genere
1017 2775 1368 2829 deliciarum.
1401 2773 1499 2830 llis
1531 2774 1834 2845 imperator
1856 2775 2085 2833 Alexins

506 2861 713 2917 auditis
744 2862 1110 2919 domesticum
1144 2863 1460 2920 Occidentis
1503 2862 1867 2919 Pacuriannm
1896 2866 2083 2935 (quem

508 2966 669 3011 norat
703 2956 1111 3027 peritissimum
1143 2956 1427 3010 exercitus
1467 2954 1709 3011 ducendi
1744 2957 2087 3011 instruendi-

508 3062 617 3120 que
678 3047 746 3103 ad
796 3049 1067 3119 praelium,
1120 3047 1581 3118 gubernandique
1609 3063 1676 3102 ex
1732 3064 1836 3102 usu
1873 3049 2083 3113 omnia,

2174 568 2273 637 τὴν
2303 568 2576 639 Δρίστραν
2602 568 2713 639 (73)
2745 568 3088 637 κατέχοντος,
3134 566 3242 619 τῶν
3273 566 3330 618 δὲ
3359 565 3456 634 τὴν
3495 566 3745 629 Βιτζίναν

2175 658 2289 730 (74)
2316 661 2411 713 καὶ
2445 658 2638 713 τᾶλλα.
2669 658 3032 727 Σπεισάμενοι
3058 656 3189 726 γοῦν
3225 655 3341 727 μετ’
3365 656 3545 709 αὐτῶν
3574 657 3747 719 ἀδεῶς

2174 750 2270 804 τοῦ
2292 752 2482 804 λοιποῦ
2512 750 2881 821 διαπερῶντες
2907 750 2998 802 τὸν
3025 748 3313 813 Δάνουὸιν,
3350 748 3626 818 ἐληΐζοντο
3648 749 3749 819 τὴν

2177 842 2596 911 παρακειμένην
2628 841 2837 910 χώραν,
2863 842 2939 905 ὡς
2971 843 3066 894 καὶ
3099 841 3353 910 πολίχνια
3402 841 3526 894 τινὰ
3579 858 3753 894 κατα-

2178 935 2347 1002 σχεῖν.
2365 931 2673 985 Κάντεῦθεν
2703 933 3012 1004 ἐκεχειρίαν
3039 934 3160 985 τινὰ
3185 935 3429 1002 σχόντες,
3450 931 3754 1002 ἀροτριῶν-

2175 1041 2268 1086 τες
2290 1022 2508 1093 ἔπειρον
2536 1024 2581 1055 ³⁸
2615 1024 2881 1092 κέγχρους
2914 1039 2974 1075 τε
3003 1024 3098 1075 καὶ
3127 1023 3357 1092 πυρούς.
3391 1024 3452 1076 ὐ
3483 1022 3540 1075 δὲ
3571 1023 3755 1094 Τραυ-

2178 1114 2267 1177 λὸς
2292 1115 2404 1183 (75)
2422 1117 2629 1177 ἐκεῖνος
2659 1117 2959 1183 Μανιχαὼς
2991 1116 3129 1183 μετὰ
3156 1115 3266 1167 τῶν
3294 1115 3755 1182 συνεφεπομένων

2179 1207 2348 1275 αὐτῷ,
2377 1208 2471 1258 καὶ
2502 1198 2555 1258 δι
2588 1207 2649 1259 τὸ
2693 1207 2832 1259 κατὰ
2854 1206 2953 1276 τὴν
2982 1206 3318 1277 ἀκρολοφίαν
3344 1205 3444 1276 τῆς
3497 1204 3756 1257 Βελιατό·

2179 1298 2281 1368 6ης
2338 1299 2612 1370 πολίχνιον
2668 1300 3037 1368 κατασχόντες
3097 1298 3404 1368 ὁμόφρονες
3455 1297 3586 1366 περὶ
3620 1290 3696 1349 ὧν
3728 1297 3760 1348 ὁ

2177 1392 2335 1460 λόγος
2396 1392 2611 1462 φθάσας
2651 1392 2856 1457 ἐδίδαξε
2910 1391 3268 1461 πλατύτερον,
3327 1390 3398 1444 τὰ
3447 1390 3593 1443 κατά
3627 1389 3761 1451 τοὺς

2181 1484 2395 1549 Σκύθας
2451 1486 2857 1555 μεμαθηκότες,
2887 1485 2914 1538 ὃ
2940 1485 3104 1539 πάλαι
3128 1484 3342 1549 ὥδινον,
3368 1487 3448 1549 είς
3481 1484 3597 1551 φῶς
3627 1482 3762 1553 ἑξή-

2180 1595 2372 1647 γαγον.
2426 1579 2535 1632 Καὶ
2582 1578 2943 1648 κατασχόντες
3005 1579 3105 1640 τὰς
3164 1578 3428 1647 τραχείας
3473 1576 3627 1636 ὁδοὺς
3662 1577 3763 1629 καὶ

2182 1671 2514 1736 στενωποὺς,
2565 1670 2968 1724 κατεκαλοῦντο
2999 1671 3043 1703 ³³
3071 1671 3199 1733 τοὺς
3245 1668 3478 1733 Σκύθας.
3514 1668 3761 1722 Κάντεῦ-

2183 1757 2275 1813 θεν
2301 1759 2399 1829 τὴν
2428 1759 2645 1813 ἃπασαν
2682 1758 2970 1827 Ῥωμαίων
3018 1760 3296 1830 ἐληΐζοντο
3341 1756 3548 1829 χώραν.
3597 1758 3764 1820 Γένος

2186 1852 2295 1921 γὰρ
2323 1854 2372 1903 oi
2411 1853 2706 1921 θιανιχαίοι
2742 1851 2902 1920 φύσει
2933 1852 3323 1920 μαχιμώτατον
3389 1850 3486 1904 καὶ¹
3524 1850 3764 1917 αἷμασιν

2183 1942 2489 2012 ἀνθρώπων
2516 1944 2811 2011 λαφύσσειν
2843 1942 3154 2012 καθάπερ³δ
3189 1944 3239 1994 οἱ
3299 1941 3461 2015 κύνες
3490 1943 3577 1995 ἀεὶ
3614 1943 3766 2009 ἱμει-

2183 2035 2437 2104 ρόμενον.
2490 2034 2680 2088 Ταῦτα
2732 2034 2761 2086 ὁ
2799 2034 3051 2104 βασιλεὺς
3123 2034 3361 2100 Ἀλέξιος
3420 2032 3763 2103 μεμαθηκὼς

2183 2125 2623 2195 παρακελεύεται
2654 2126 2729 2197 τῷ
2761 2127 3070 2197 δομεστίκῳ
3100 2127 3200 2194 τῆς
3252 2126 3491 2196 ἑσπέρας
3544 2126 3764 2177 Πακου-

2186 2220 2376 2290 ριάνῳ,
2448 2219 2734 2288 γινώσκων
2792 2220 2957 2273 αὑτὸν
3015 2218 3348 2273 ἱκανώτατον
3401 2216 3765 2287 οἰκονομῆσαι

2184 2314 2526 2383 στράτευμα,
2556 2314 2651 2367 καὶ
2674 2314 2815 2367 κατὰ
2836 2313 3097 2383 φάλαγγα
3122 2312 3339 2382 στῆναι,
3368 2312 3465 2364 καὶ
3499 2310 3767 2381 πράγμα-

2182 2422 2252 2459 τα
2276 2405 2323 2436 ³³
2374 2406 2884 2477 διαμηχανήσασθαι
2948 2406 3337 2459 ποικιλώτατον
3360 2406 3405 2443 ³⁸
3456 2405 3554 2458 σὺν
3610 2402 3767 2474 αὑτῷ

2181 2496 2257 2566 τῷ
2302 2496 2486 2568 Βρανᾴ
2538 2498 2706 2567 (ἀνὴρ
2736 2497 2793 2549 δὲ
2847 2499 2941 2550 καὶ
2980 2490 3139 2557 οὗτος
3188 2495 3605 2567 μαχιμώτατος)
3657 2498 3766 2559 τὰς

2183 2590 2447 2659 δυνάμεις
2482 2590 2886 2660 ἀναλαεόμενον
2922 2590 3242 2645 κατάὐτῶν
3273 2589 3548 2643 ἀπελθεῖν.
3584 2590 3769 2640 Κατα-

2185 2681 2366 2739 λαϐὼν
2403 2682 2459 2736 δὲ
2497 2683 2624 2742 τοὺς
2656 2682 2871 2743 Σκύθας
2919 2679 3231 2743 διελθόντας
3271 2680 3395 2743 τοὺς
3448 2679 3768 2742 στενωποὺς

2187 2774 2400 2843 καὶτῆς
2428 2774 2755 2843 Βελιατόὸης
2789 2774 2939 2827 ἔνθεν
2969 2774 3013 2805 ³⁷
3039 2774 3131 2827 τὸν
3153 2772 3371 2844 χάρακα
3389 2772 3765 2843 πηξαμένους,

2186 2865 2392 2934 πλῆθος
2424 2866 2795 2936 ἀναρίθμητον
2826 2866 3051 2928 τούτους
3099 2866 3456 2933 θεασάμενος,
3495 2866 3630 2935 πρὸς
3671 2866 3768 2918 τὸν

2190 2960 2311 3029 μετ’
2339 2959 2521 3012 αὐτῶν
2551 2959 2715 3022 εὐθὺς
2744 2960 3095 3028 ἁπενὰρκησε
3138 2956 3400 3026 πόλεμον,
3438 2956 3646 3013 Βέλτιον
3678 2975 3771 3011 νο-

2191 3050 2367 3121 μίζων
2396 3051 2497 3114 τὰς
2535 3052 2669 3112 ἰδίας
2694 3051 2778 3134 τὸ.
2795 3051 2971 3122 παρὸν
3002 3052 3246 3120 ἀμαχητὶ
3271 3049 3540 3103 διασῶσαι
3599 3050 3769 3103 δυνά-

510 3137 767 3211 praemi
798 3137 1030 3192 consilio
1067 3135 1268 3192 subitis
1296 3133 1586 3190 eventibus
1610 3134 1868 3205 aptanda)
1893 3137 2081 3208 jussit,

2195 3158 2315 3211 μεις
2342 3140 2374 3211 ἢ
2406 3140 2494 3193 τὸν
2522 3141 2659 3210 μετὰ
2678 3140 2788 3192 τῶν
2816 3138 3040 3192 Σκυθῶν
3056 3140 3470 3210 ἀναδυσάμενον
3499 3141 3761 3209 πόλεμον,

509 3230 775 3300 adjuncto
830 3229 933 3284 sibi
992 3227 1192 3295 Brana,
1247 3229 1365 3282 viro
1394 3236 1449 3281 et
1504 3227 1624 3295 ipso
1669 3229 2085 3295 strenuissimo,

508 3325 776 3377 adversus
826 3320 1068 3392 Scythas
1104 3319 1304 3375 vadere
1335 3334 1460 3373 cum
1494 3319 1693 3389 copiis.
1725 3319 1786 3374 Id
1819 3320 1897 3374 illi
1926 3335 2089 3377 exse-

507 3414 619 3470 cuti
668 3415 903 3485 iiupigre
965 3412 1244 3467 Barbaros
1311 3412 1735 3482 deprehendunt
1780 3413 2091 3483 explicatos

508 3509 780 3577 angustiis
807 3514 1073 3563 montium
1098 3512 1237 3559 ultra
1264 3491 1599 3559 Beliatubam
1624 3507 1821 3576 positis
1842 3508 2042 3562 castris
2071 3523 2087 3562 :

508 3612 743 3668 quorum
801 3596 1216 3651 multitudinem
1249 3594 1710 3649 innumerabilem
1745 3593 2089 3650 Pacurianus

507 3688 789 3741 aestimans
818 3686 1019 3752 oculis,
1048 3695 1102 3741 et
1149 3700 1250 3755 pro
1278 3700 1376 3740 sua
1409 3684 1633 3739 militari
1667 3686 1962 3755 prudentia
2002 3703 2093 3740 ve-

509 3793 639 3834 rens
673 3788 732 3832 ut
761 3778 1063 3833 succedere
1109 3777 1359 3856 praelium
1396 3788 1588 3842 posset
1619 3791 1927 3847 paucorum
1960 3792 2089 3829 cum

511 3872 787 3940 plurimis,
836 3885 970 3925 sane
1023 3868 1401 3940 propendebat
1453 3871 1507 3924 in
1566 3869 1805 3924 consilia
1859 3873 2089 3936 tutiora,

511 3975 735 4019 servare
787 3962 909 4015 sine
942 3974 1124 4030 pugna
1176 3961 1368 4030 copias
1406 3959 1655 4030 integra:
1688 3960 1971 4012 arbitrans
2003 3976 2093 4013 su-

513 4055 648 4119 tius,
708 4067 873 4123 quam
903 4054 1304 4123 praecipitando
1364 4056 1668 4108 certamine
1719 4055 2090 4108 temeritatem

512 4162 637 4200 tnnx
680 4146 833 4201 luere
886 4145 1046 4201 clade
1102 4145 1491 4216 plurimorum.
1527 4143 1729 4201 Verum
1775 4148 2093 4202 intercessit

512 4239 721 4295 Salttbti
781 4239 1103 4308 cogitationi
1168 4237 1434 4292 fervidior
1464 4238 1701 4309 impetus
1756 4237 1965 4304 Branae,
2001 4240 2090 4294 cui

512 4332 830 4404 praeferenti
897 4331 1184 4403 magniﬁce
1239 4342 1484 4402 apertam
1532 4334 1667 4399 vim,
1698 4334 1846 4389 etin
1895 4334 2094 4389 alacri.

510 4435 625 4483 tate
667 4424 831 4496 183
870 4439 1205 4496 congressus
1252 4426 1430 4495 prima
1462 4427 1579 4497 ipsa
1619 4428 1915 4483 Occasione
1948 4436 2093 4483 stre.

2193 3236 2289 3287 καὶ
2328 3232 2640 3304 ἡττηθέντα
2716 3231 2948 3295 πολλοὺς
2995 3230 3424 3286 ἀπολωλεκέναι.
3475 3232 3638 3287 Ἀλλὰ
3686 3235 3767 3303 τῷ

2193 3325 2375 3399 Βρανᾷ
2417 3323 2917 3419 φιλοκινδυνοτάτῳ
2947 3341 3006 3377 τε
3060 3324 3157 3377 καὶ
3200 3324 3395 3393 θρασεί
3451 3324 3565 3377 δντι
3596 3325 3767 3379 ταῦ.α

2190 3419 2290 3472 οὐκ
2324 3413 2585 3488 ἧρεάκεν.
2634 3416 2693 3468 ’U
2725 3415 2782 3469 δέ
2825 3431 2888 3482 γε
2916 3413 3262 3481 δομιττικος,
3303 3414 3390 3467 ῐνα
3442 3414 3519 3486 μὴ
3563 3415 3769 3481 δειλίας

2193 3513 2401 3578 ὑποψία
2436 3528 2519 3574 τις
2566 3510 2686 3563 κατ’
2717 3510 2881 3563 αὑτοῦ
2910 3505 3347 3578 ἀναϐαλλομένου
3394 3509 3486 3562 τὸν
3534 3510 3767 3580 πόλεμον

2191 3606 2346 3675 δοθῇ,
2392 3603 2627 3657 ἐνεδίδου
2675 3604 2795 3664 ταῖς
2846 3603 3048 3672 ὁρμαῖς
3071 3601 3165 3655 τοῦ
3199 3602 3406 3673 Βρανᾶ,
3452 3602 3550 3656 καὶ
3586 3602 3764 3672 θωρς-

2193 3698 2388 3766 ξασθαί
2453 3712 2515 3749 τε
2562 3695 2735 3750 ἅπασι
2795 3694 3062 3759 κελεύσας
3114 3694 3212 3749 καὶ
3269 3694 3513 3765 πολέμου
3581 3695 3758 3763 σχῆμα

2191 3792 2562 3854 διατυπώσας,
2597 3789 2739 3843 κατὰ
2765 3791 2875 3842 τῶν
2906 3789 3130 3843 Σκυθῶν
3164 3787 3443 3861 ἐχώρησε,
3473 3788 3534 3844 τὸ
3570 3786 3761 3857 μεσαζο

2193 3900 2354 3937 τατον
2403 3882 2566 3945 αὐτὸς
2614 3883 2816 3936 διέπων
2848 3883 2948 3953 τῆς
2991 3880 3296 3950 φάλαγγος.
3342 3882 3499 3937 Ἐπεὶ
3533 3880 3592 3934 δὲ
3640 3878 3763 3934 οὐδὲ

2193 3974 2253 4028 τὸ
2284 3972 2578 4026 πολλοστὸν
2614 3971 2708 4026 τοῦ
2742 3972 2984 4043 πλήθους
3013 3974 3119 4025 τῶν
3164 3971 3637 4040 ἀντιτεταγμένων
3698 3969 3763 4023 τὸ

2206 4062 2514 4134 Ῥωμαϊκὸν
2553 4062 2723 4127 ἔσωζε
2770 4064 3112 4133 στράτευμα,
3145 4065 3210 4115 ὲκ
3254 4064 3422 4133 μόνης
3468 4061 3643 4130 ὂψεως
3674 4078 3769 4111 πε-

2197 4155 2395 4226 ριδεεῖς
2424 4155 2775 4223 ἐγεγόνεισαν
2801 4155 3068 4217 ἅπαντες.
3099 4154 3507 4226 Προσσαλόντες
3547 4152 3590 4205 δ’
3613 4152 3767 4221 ὅμως

2193 4249 2305 4311 τοῖς
2345 4247 2602 4311 Σκύθαις,
2633 4244 2984 4315 ἀναιροῦνται
3034 4244 3134 4316 μὲν
3176 4243 3365 4299 πολλοὶ
3395 4245 3454 4297 ἐν
3485 4242 3565 4311 τῷ
3595 4243 3764 4313 μάχε-

2197 4339 2343 4406 σθαι,
2380 4338 2570 4392 πίπτει
2605 4337 2665 4390 δὲ
2703 4337 2922 4407 καιρίαν
2954 4338 3183 4408 πληγεὶς
3207 4339 3234 4390 ὁ
3258 4335 3495 4407 Βρανᾶς.
3537 4336 3600 4389 '0
3628 4335 3681 4389 δέ
3700 4353 3767 4400 γε

2197 4430 2544 4501 δομέστικος,
2574 4428 2833 4499 ἐκθύμως
2890 4431 3199 4499 μαχόμενος
3244 4430 3339 4481 καὶ
3396 4427 3635 4496 σφοδρὰς
3673 4431 3772 4490 τὰς

3814 986 3831 1057 i

514 4536 624 4577 nue
656 4522 859 4591 captati
885 4536 1045 4574 omen
1089 4522 1337 4576 victoriae
1376 4529 1592 4575 certum
1640 4524 1961 4593 agnosccnti
1994 4538 2083 4577 su-

2200 4524 2345 4579 κατὰ
2401 4523 2513 4576 τῶν
2561 4523 2823 4577 ἐναντίων
2886 4522 3155 4585 ἱππασίας
3211 4520 3560 4590 ποιούμενος,
3612 4518 3777 4588 φηγῴ

514 4614 822 4684 spicionem
881 4614 1198 4669 timiditatis
1223 4623 1278 4668 et
1326 4613 1487 4668 famae
1536 4614 1716 4669 labem
1750 4615 2083 4672 domesticus

2195 4614 2661 4687 προσκεκρουκὼς
2701 4616 2984 4687 ἀφῄρηται
3032 4615 3382 4686 παραχρῆμα
3426 4613 3526 4683 τὴν
3568 4611 3774 4682 ψυχήν.

517 4713 770 4759 metuens
790 4717 1073 4774 opponere
1100 4719 1257 4759 suam
1288 4705 1617 4775 sapientiam
1650 4721 1759 4760 non
1779 4714 1868 4761 est
1897 4722 2083 4763 ausus.

2195 4709 2268 4762 Τὸ
2304 4708 2362 4761 δὲ
2402 4707 2684 4761 ἐπίλοιπον
2741 4706 2838 4761 τοῦ
2887 4708 3121 4764 στρατοῦ
3177 4706 3337 4770 ἄλλος
3384 4706 3623 4775 ἀλλαχορ
3665 4704 3780 4757 διε-

515 4797 692 4852 .lnssis
714 4812 844 4866 ergo
876 4800 993 4853 suis
1012 4812 1165 4853 arma
1184 4814 1404 4869 capere,
1432 4802 1611 4855 aciem
1641 4800 1763 4871 ipse
1783 4800 2091 4866 instruens,
2196 4801 2513 4872 σπάρησαν.

518 4895 754 4947 medium
792 4894 845 4948 in
882 4908 945 4949 ea
985 4894 1092 4949 sibi
1137 4893 1317 4949 locum
1354 4895 1526 4966 legit:
1564 4910 1692 4950 mox
1721 4905 1870 4952 recta
1903 4898 1958 4952 in
1990 4901 2180 4955 hostes
2221 4899 2398 4952 ducit.
2450 4896 2695 4967 Quorum
2766 4911 2891 4950 cum
2939 4911 3069 4965 pars
3153 4897 3234 4949 vel
3280 4911 3387 4950 una
3458 4897 3525 4952 de
3588 4901 3787 4954 multis

516 4989 674 5058 longe
698 4998 920 5044 nostros
952 5003 1184 5049 numero
1225 4990 1493 5060 vinceret,
1525 4999 1580 5047 et
1611 5006 1674 5047 ea
1708 5000 1858 5049 tanta
1916 4993 2205 5066 imparitas
2235 4995 2612 5049 lioinanornm
2649 4993 2716 5048 ad
2795 5008 3033 5063 pugnam
3103 4996 3349 5047 ctmtiutn
3409 4994 3582 5049 oculis
3650 5011 3785 5051 ce:-

1575 5153 1775 5216 Varim
1818 5154 2130 5219 lectiones
2166 5174 2245 5219 ex
2281 5157 2420 5220 cod.
2459 5155 2758 5219 Coislin..

588 5305 633 5338 “
691 5305 942 5360 ἐσπεοον.
980 5305 1017 5357 Ι.
1044 5302 1322 5373 ἔσπειρον.
1434 5300 1481 5333 ³³
1520 5300 1938 5371 μετεκαλοῦντο.
2010 5303 2060 5336 ⁵⁸
2098 5304 2425 5374 καθαπερεί.
2501 5305 2547 5337 ³⁸
2582 5305 2907 5375 παράταξιν.
2987 5308 3033 5341 ³⁸
3063 5308 3456 5363 ποικιλώτατα.

1628 5396 1770 5458 Car.
1803 5396 2130 5460 Dufresnii
2167 5402 2263 5462 Du
2297 5398 2523 5479 Cangii
2556 5408 2744 5463 notte.

474 5568 480 5575 ι
587 5507 700 5575 (75)
732 5503 1047 5575 Aplo'tpar.
1089 5499 1339 5575 pristra,
1359 5513 1456 5553 seu
1487 5496 1796 5575 Qristatut
1828 5512 1917 5575 est
1948 5503 2083 5575 apud

2202 5571 2212 5575 _
2275 5502 2388 5573 (Ἠ)
2418 5502 2716 5562 Βιτζῗναν.
2744 5504 2996 5560 Occurrit
3022 5507 3075 5558 in
3101 5504 3271 5558 Nntit.
3297 5504 3615 5560 Andronici.
3648 5507 3786 5566 Vide

522 5570 849 5638 Cedrennin,
898 5570 1027 5627 olim
1089 5570 1441 5641 Dorostolutn
1471 5570 1641 5641 dicta,
1688 5570 1891 5624 Mmsiae
1948 5573 2089 5625 infe-
2199 5571 2340 5626 iulra
2370 5570 2495 5641 pag.
2524 5575 2648 5629 195.

523 5651 683 5702 rioris
716 5637 847 5700 urbs
877 5645 947 5718 ad
987 5643 1186 5718 Istrum
1209 5642 1341 5718 sua,
1386 5637 1516 5692 Vide
1548 5638 1783 5718 Notitias
1805 5649 1914 5694 vet.
1938 5643 2083 5718 apud
2270 5637 2468 5718 (75}__'Q
2492 5643 2561 5696 δὲ
2593 5647 2825 5714 Τραυλό
2870 5644 3067 5716 .Cujns
3091 5648 3342 5702 meminit
3363 5647 3517 5701 Anna
3538 5664 3784 5718 rursum,

518 5718 771 5769 (Ini-olunt
816 5729 855 5783 ra
915 5712 973 5767 S.
1010 5710 1179 5783 Paulo
1209 5713 1263 5763 in
1300 5709 1595 5783 Geogrgplt.
1629 5725 1786 5783 {arra
1809 5751 1821 5770 ,
1845 5726 1973 5779 pag.
2012 5711 2083 5764 ‘20
2197 5709 2319 5783 pag.
2358 5709 2479 5768 l57.

520 5794 572 5833 et
600 5784 689 5847 δὲ,
714 5793 766 5836 ct
808 5782 1075 5851 Excerpta
1115 5781 1426 5850 Gengraph.
1466 5778 1598 5832 linit.
1643 5778 1932 5834 Wulranii.

3564 5310 3606 5341 ⁸⁷
3627 5310 3784 5371 ἔνθα.
