4110 6398
412 363 530 427 595
1691 362 2106 425 ALEXIADIS
2145 366 2294 428 LIB.
2338 367 2414 431 VI
2423 415 2438 429 .
3557 375 3680 450 ’526

409 487 664 548 neretnr,
699 481 940 552 perculsi
997 481 1256 539 nimirum
1289 498 1480 540 omnes
1513 491 1734 554 aspectu
1778 493 1927 549 sunt,
1951 493 2006 538 ct
2045 483 2192 540 foedo
2222 486 2396 543 cladis
2463 489 2696 560 augurio
2736 494 3078 549 conturbati.
3124 494 3422 566 Congressi
3494 507 3677 561 tamen

405 588 541 626 cum
597 575 842 646 Scythis,
893 579 1051 634 multi
1086 578 1309 649 quidem
1341 578 1395 632 in
1429 593 1607 648 pugna
1693 578 1819 631 caesi
1900 586 2066 644 sunt;
2106 579 2224 646 ipse
2259 588 2442 636 autem
2481 580 2692 640 Branas
2741 583 2929 642 lethali
2958 588 3186 645 vulnere
3222 591 3449 649 cecidit.
3477 594 3547 648 At
3585 597 3684 650 do-

408 663 690 718 mesticus
733 663 1039 722 fortissime
1075 666 1367 732 dimicans,
1422 667 1730 736 sarpiusque
1759 666 1992 720 collecto
2035 667 2245 737 impetu
2281 671 2519 729 infestus
2543 676 2802 745 equitans
2837 679 2892 732 in
2936 680 3200 738 cohortes
3274 685 3528 754 hostiles,
3589 693 3682 745 de-

417 756 591 824 nique
626 759 693 811 ad
742 758 927 828 fagum
998 774 1164 814 cursu
1238 759 1528 819 offendens
1569 761 1923 814 examinatus
1969 766 2074 813 est.
2117 759 2384 833 Reliquus
2423 768 2700 823 exercitus
2733 785 2843 840 quo
2897 788 3170 844 quemque
3199 791 3325 835 sors
3362 779 3492 835 tulit
3533 765 3683 837 varie

406 921 408 924 Ι
431 844 710 916 dispersus
737 850 1154 923 dissipatusque
1182 863 1284 909 est.

393 927 424 1022 ξ
510 939 670 993 Ταῦτ’
703 942 798 995 οὖν
829 945 1175 1015 μεμαθηκὼς.
1196 948 1224 999 ὁ
1251 947 1612 1018 αὐτοκράτωρ
1639 947 1855 1002 ἐπένθει
1897 946 1985 1017 μὲι

2173 945 2404 1001 Gravem
2429 949 2645 1004 luctum
2697 953 2820 1022 eius
2867 955 3040 1011 cladis
3083 960 3311 1016 nuntius
3360 961 3679 1035 imperatori

422 1034 546 1096 τοὺς
575 1036 941 1099 πεπτωκότας
969 1037 1241 1103 ἅπαντας,
1284 1040 1412 1110 ὶδιᾳ,
1447 1042 1543 1094 καὶ
1573 1040 1698 1093 καθ’
1738 1040 1992 1102 ἕκαστον,

397 1106 506 1176 ’καὶ
536 1125 696 1192 ὁμοῦ.
745 1127 867 1179 Ἐπὶ
911 1127 967 1180 δὲ
1001 1130 1080 1197 τῷ
1117 1129 1209 1182 τοῦ
1261 1106 1583 1197 δομεστίκου
1628 1131 1866 1200 θανάτῳ,
1902 1132 1996 1184 καὶ

409 1218 562 1286 μάλα
598 1218 644 1248 ³⁸
683 1218 984 1282 στενάζων,
1008 1223 1272 1291 κρουνοὺς
1295 1224 1447 1292 ἠφίει
1483 1225 1757 1295 δακρύων.
1791 1225 1995 1292 Ἐιρίλει

404 1311 522 1378 γὰρ
579 1309 783 1380 ἐξόχως
836 1311 929 1364 τὸν
962 1312 1154 1382 ἄνδρα,
1187 1317 1279 1366 καὶ
1311 1315 1416 1384 πρὸ
1468 1315 1569 1385 τῆς
1610 1315 1992 1387 ἀναρρήσεως.

411 1403 492 1454 Οὐ
551 1402 739 1470 μέντοι
813 1403 900 1456 διὰ
956 1405 1129 1458 ταῦτα
1182 1407 1601 1470 ἀναπέπτωκεν,
1644 1407 1779 1460 ἀλλὰ
1829 1425 1996 1477 μετα-

409 1494 779 1563 πεμψάμενος
805 1497 896 1548 τδν
923 1497 1214 1551 Ταττίκιον
1242 1500 1308 1563 π,
1355 1502 1492 1568 μετὰ
1527 1499 1829 1570 χρημάτων
1871 1502 1989 1552 ἱκα-

405 1586 521 1638 νῶν
570 1588 849 1655 ἐκπέμπει
911 1589 1047 1659 πρὸς
1116 1591 1584 1660 Ἀδριανούπολιν,
1640 1593 1729 1661 ἐφ’
1786 1587 1828 1659 ᾧ
1879 1595 1993 1654 τοῖς

408 1678 519 1749 μὲν
577 1680 940 1749 στρατιώταις
989 1680 1116 1743 τοὺς
1159 1684 1440 1747 ἐπετείους
1487 1684 1691 1737 διδόναι
1742 1685 1986 1754 μισθοὺς,

408 1769 700 1835 συλλέγειν
743 1770 799 1822 δὲ
834 1771 1182 1840 ἁπανταχόσε
1227 1772 1510 1841 δυνάμεις,
1549 1774 1635 1826 ἵνα
1671 1775 1990 1844 στράτευμα

404 1863 717 1932 ἀξιόμαχον
745 1863 903 1927 αὖθις
936 1867 1295 1936 συσσήσηται.
1332 1867 1437 1920 Τὸν
1466 1867 1522 1920 δὲ
1555 1869 1988 1939 υύμπερτόπου-

405 1956 501 2008 λον
553 1959 635 2018 εἰς
675 1957 914 2020 Κύζικον
958 1959 1205 2028 φρουρὰν
1247 1960 1544 2030 ἀξιόμαχον
1587 1961 1984 2025 καταλιπόντα,

409 2049 554 2116 μετὰ
591 2047 750 2116 μόνον
801 2049 909 2102 τῶν
951 2051 1195 2116 Κελτῶν,
1232 2053 1310 2114 εἰς
1347 2053 1438 2105 τὸν
1469 2055 1511 2105 Τ
1515 2054 1824 2107 ααιῖτικιονδ⁸
1855 2072 1987 2125 γορ-

406 2138 530 2207 γῶς
557 2138 857 2206 ἐφθακέναι
884 2141 1344 2212 παρεκελεύσατο.
1380 2138 1550 2207 Οὗτος
1573 2145 1629 2196 δὲ
1655 2145 1784 2208 τοὺς
1820 2147 1986 2203 Λατί-

407 2248 543 2295 νους
599 2233 697 2286 καὶ
770 2235 860 2286 τὸν
919 2235 1417 2306 υύμπερτόπουλον
1485 2237 1840 2306 θεασάμενος,
1895 2243 1988 2292 καὶ

2107 1039 2309 1103 attulit,
2336 1056 2480 1095 nunc
2508 1047 2875 1100 communiter
2901 1049 3189 1108 universos
3220 1054 3310 1123 qui
3345 1056 3680 1122 ceciderant,

2106 1146 2252 1186 nunc
2285 1135 2567 1202 sigillatim
2603 1153 3048 1210 unumquemque
3080 1144 3441 1216 lamentanti;
3479 1153 3678 1207 acriori

2105 1230 2285 1276 tamen
2321 1224 2473 1278 illum
2518 1227 2708 1281 urebat
2734 1227 2940 1286 doloris
2969 1247 3131 1288 sensu
3165 1249 3314 1290 mors
3352 1239 3533 1308 magni
3571 1237 3682 1294 Do-

2106 1311 2318 1365 mestici
2356 1327 2516 1380 quem
2545 1324 2599 1369 et
2629 1317 2903 1389 praecipue
2947 1323 3165 1379 amabat
3204 1332 3258 1380 et
3285 1327 3514 1394 dudum,
3564 1329 3679 1400 jam

2105 1413 2216 1456 tum
2243 1420 2307 1458 ex
2339 1420 2404 1459 eo
2435 1407 2644 1464 scilicet
2674 1426 2785 1479 quo
2832 1421 2959 1468 ante
2994 1427 3280 1486 susceptas
3330 1419 3547 1488 imperii
3585 1424 3684 1477 ha-

2101 1496 2272 1554 benas
2332 1501 2430 1555 viri
2493 1504 2612 1572 ejus
2668 1507 2896 1562 virtutes
2958 1515 3356 1572 consuetudine
3416 1516 3679 1574 familiari

2062 1623 2065 1629 ι
2103 1590 2309 1646 militia:
2346 1603 2398 1647 et
2427 1595 2549 1649 vitae
2583 1597 2760 1654 civilis
2809 1616 2909 1655 usu
2962 1618 3336 1674 perspexerat.
3383 1608 3523 1681 Ergo
3569 1628 3680 1667 non

2099 1696 2157 1736 se
2182 1683 2454 1738 continuit
2481 1687 2612 1756 quin
2639 1689 2705 1742 ad
2726 1689 2853 1745 talis
2881 1694 3331 1764 amieijacturam
3365 1710 3418 1754 et
3444 1703 3680 1772 suspiria

2099 1789 2166 1828 ex
2191 1773 2299 1828 imo
2331 1776 2560 1834 duceret
2613 1794 2856 1852 pectore,
2914 1796 2968 1842 et
3020 1787 3166 1844 rivos
3205 1791 3571 1863 lacrymarum
3613 1813 3678 1854 ex

2102 1867 2276 1921 oculis
2340 1869 2613 1926 funderet.
2649 1873 2759 1929 Nec
2805 1885 2985 1932 tamen
3037 1881 3221 1936 animo
3270 1887 3530 1952 concidit,
3584 1899 3681 1944 aut

2102 1957 2156 2010 in
2187 1957 2294 2013 isto
2343 1959 2610 2039 dedecore
2637 1979 2699 2021 ac
2727 1969 2970 2037 periculo
3025 1971 3104 2026 rei
3159 1973 3416 2032 Romanae
3469 1981 3682 2051 ignavis

2099 2044 2318 2118 defungi
2349 2052 2636 2118 questibus
2666 2057 2802 2112 satis
2840 2057 3053 2124 habuit,
3093 2078 3284 2118 verum
3344 2044 3677 2126 accersitum

2099 2139 2376 2195 curriculo
2406 2141 2676 2201 Taticium
2705 2164 2830 2204 cum
2866 2156 3098 2222 pecunia
3126 2158 3296 2214 multa
3329 2161 3678 2230 Adrianopo-

2101 2231 2196 2285 lim
2229 2235 2402 2301 misit,
2437 2252 2619 2294 annua
2662 2242 2772 2297 illic
2805 2243 3078 2315 stipendia
3117 2261 3534 2310 numeraturum
3565 2258 3680 2326 jam

405 2322 777 2392 τεθαρρηκὼς
831 2324 974 2393 (ἐπεὶ
1029 2327 1122 2378 καὶ
1173 2326 1362 2380 ἱκανὸν
1412 2331 1752 2398 προεφθάκει
1805 2329 1985 2383 συλλέ-

2884 2306 2899 2315 .
3263 2306 3272 2308 τ
3382 2306 3678 2326 ο--η

2101 2327 2432 2396 conscriptis
2481 2333 2775 2400 militibus,
2804 2352 3091 2410 novosque
3142 2353 3408 2412 praeterea
3469 2348 3678 2404 circqu

407 2413 614 2478 iaceat
659 2415 1001 2486 στράτευμα)
1047 2421 1284 2474 κατευθὺ
1318 2421 1542 2474 Σκυθῶν
1590 2421 1842 2492 ἐχώρησε
1889 2441 1995 2481 rra—

408 2508 707 2578 ραχρῆαα.
728 2507 1068 2564 Καταλαϐὼν
1101 2509 1157 2562 δὲ
1189 2512 1255 2564 τὰ
1283 2515 1411 2583 περὶ
1442 2513 1539 2584 τὴν
1563 2514 1994 2568 Φιλιππούπολιν

407 2600 565 2670 παρὰ
613 2599 692 2668 τῷ
738 2600 909 2670 χείλει
962 2602 1004 2632 ⁸⁸
1047 2601 1142 2656 τοῦ
1195 2606 1336 2658 κατὰ
1389 2606 1483 2658 τὸν
1544 2607 1772 2661 Σαλῖνον
1803 2607 1846 2639 “
1878 2609 1994 2680 (76)

411 2695 636 2762 ῥέοντος
666 2695 938 2763 ποταμοῦ,
971 2687 1195 2767 χάρακα
1236 2700 1535 2769 πήγνυται.
1577 2701 1747 2756 Ἐπὰν
1777 2703 1831 2755 δὲ
1863 2705 1990 2766 τοὺς

408 2783 630 2844 Σκύθας
697 2784 764 2836 ὲκ
823 2786 1110 2856 προνομῆς
1163 2790 1659 2871 ὲπανερχομένους,
1701 2792 1988 2858 ἐθεάσατο,

409 2876 566 2928 λείαν
624 2876 828 2946 πολλὴν
893 2880 990 2930 καὶ
1058 2877 1439 2949 δορυαλώτους
1509 2887 1991 2956 συνεπαγομένους

406 2970 581 3036 μήπω
609 2969 800 3038 σχεδὸν
831 2971 931 3032 τὰς
971 2971 1175 3036 σκευὰς
1217 2972 1350 3026 εῐσω
1382 2973 1476 3027 τοῦ
1524 2976 1767 3046 χάρακος
1817 2997 1990 3031 κατα·

403 3059 639 3124 θέμενος
689 3061 913 3122 ἱκανοὺς
962 3062 1379 3134 ἀποτεμόμενος
1409 3067 1530 3120 κατ’
1573 3069 1754 3123 αὐτῶν
1784 3071 1994 3140 ἐκπέμ-

403 3166 518 3200 πει.
549 3149 728 3212 Αὐτὸς
758 3149 817 3203 δὲ
845 3151 1233 3223 ὁπλισάμενος,
1261 3156 1354 3207 καὶ¹
1386 3157 1597 3222 πάντας
1629 3159 1986 3230 θωρήξασθαι

401 3239 696 3304 κελεύσας,
727 3241 828 3304 τὰς
862 3244 1153 3314 φάλαγγας
1192 3250 1682 3319 καταστησάμενος
1712 3254 1824 3313 τοῖς
1857 3269 1990 3322 προ-

405 3333 708 3402 πεμφθεῖσι
761 3336 1068 3405 παρείπετο
1119 3339 1505 3408 στρατιώταις.
1537 3341 1890 3410 Θεασάμενος
1930 3344 1988 3396 δὲ

410 3425 541 3480 τοὺς
567 3425 780 3488 Σκύθας
823 3429 966 3495 μετὰ
997 3429 1105 3482 τῶν
1147 3429 1412 3500 λαφύρων
1459 3433 1556 3485 καὶ
1603 3434 1986 3504 δορυαλώτων,

421 3515 504 3578 τῷ
539 3517 794 3587 ἐπιλοίπῳ
843 3520 1221 3590 στρατεύματι
1269 3523 1380 3576 τῶν
1424 3524 1647 3577 Σκυθῶν
1688 3527 1988 3591 ἑνωθέντας

2101 2415 2341 2486 undique
2367 2417 2612 2477 delectus
2647 2423 2962 2482 habiturum
3009 2433 3188 2500 quoad
3224 2434 3500 2492 conflatus
3530 2449 3682 2496 esset

2099 2511 2377 2566 evereitus
2405 2513 2526 2582 ejus
2559 2515 2836 2574 firmitatis
2870 2534 2934 2576 ac
2966 2525 3180 2580 roboris
3215 2534 3274 2580 ut
3299 2537 3420 2584 tuto
3455 2530 3679 2602 Scythis

2099 2601 2297 2668 opponi
2323 2613 2525 2671 posset.
2582 2604 2755 2661 Jussit
2783 2610 2947 2663 etiam
2984 2609 3458 2684 Umpertopulum,
3493 2601 3681 2688 prassi~

2099 2692 2212 2754 dio,
2249 2703 2514 2762 quantum
2559 2699 2850 2766 sufﬁceret,
2900 2702 3086 2774 Cyzici
3137 2707 3349 2774 reliCto,
3396 2725 3517 2764 cum
3547 2715 3678 2770 solis

2098 2784 2270 2842 Gallis
2319 2787 2387 2842 ad
2444 2789 2720 2844 Taticium
2758 2803 2982 2849 strenue
3031 2810 3303 2867 pergere:
3337 2800 3433 2870 qui
3471 2805 3678 2871 paratis

2095 2879 2206 2948 jam
2238 2880 2452 2937 idoneis
2484 2885 2659 2952 cepiis
2702 2885 3085 2957 Umpertopuli
3137 2891 3532 2966 Gallorumque
3581 2898 3678 2954 ad-

2099 2982 2262 3025 ventu
2295 2984 2628 3046 aspectuque
2679 2993 2788 3032 non
2848 2997 3038 3049 parum
3101 2985 3482 3054 confirmatus,
3529 2992 3678 3054 nulla

2093 3059 2206 3127 jam
2239 3064 2473 3131 amplius
2513 3066 2883 3134 expeditionis
2918 3075 3273 3141 capessendae
3329 3093 3480 3132 mora
3531 3079 3678 3138 faeta

2097 3153 2251 3222 signa
2285 3154 2483 3210 infesta
2517 3157 2571 3211 in
2616 3158 2850 3230 Scythas
2885 3173 3090 3218 movet.
3152 3166 3225 3238 Eo
3275 3169 3474 3227 itinere
3529 3174 3678 3228 circa

2097 3242 2516 3313 PhilippOpolim
2553 3248 2826 3315 perlatus,
2873 3250 3004 3304 dum
3042 3263 3224 3308 castra
3274 3260 3452 3310 munit
3509 3275 3677 3328 prope

2099 3335 2242 3401 ripas
2275 3333 2513 3391 fluminis
2536 3336 2757 3395 ﬂuentis
2787 3341 3032 3396 Saiinum
3071 3361 3289 3410 versus,
3312 3350 3460 3405 videt
3489 3367 3675 3408 rever-.-

2098 3434 2275 3480 tentes
2300 3443 2329 3481 e
2353 3429 2692 3496 praedatione
2746 3431 2979 3504 Scythas
3006 3452 3132 3490 cum
3165 3455 3366 3509 magno
3404 3459 3585 3498 rerum
3619 3457 3676 3500 et

2097 3531 2460 3583 personarum
2517 3523 2860 3590 captivarum
2946 3527 3358 3596 impedimento.
3418 3532 3673 3589 Nondum

423 3605 568 3657 κατὰ
598 3607 681 3659 τὸν
708 3610 934 3680 σπιορὸν
960 3611 1007 3642 ⁸³
1033 3612 1214 3682 ὄχθον,
1261 3615 1386 3684 διχῆ
1419 3617 1478 3668 τὸ
1511 3618 1831 3688 στράτευμα
1881 3620 1985 3671 διε-

2098 3619 2225 3657 vasa
2249 3605 2392 3659 intra
2424 3609 2623 3662 vallum
2653 3611 3021 3681 deposuerat;
3055 3623 3235 3670 tamen
3269 3630 3673 3676 momentorum

406 3697 540 3764 λὼν,
573 3701 662 3751 καὶ
694 3701 754 3754 τὸ
781 3701 1035 3755 ἐνυάλιον
1067 3705 1413 3776 ἑκατέρωθεν
1458 3709 1666 3778 ὴχῆσαι
1693 3711 1982 3776 κελεύσας,

402 3789 505 3841 σὺν
538 3789 843 3862 ἀλαλαγμῷ
875 3792 973 3845 καὶ
995 3793 1092 3865 βοῇ
1123 3795 1289 3867 πολλῇ
1325 3800 1654 3867 προσὸἀλλει
1685 3806 1798 3864 τοῖς
1843 3803 1982 3874 Πειρη

396 3882 619 3950 ϐάροις.
682 3885 792 3935 Καὶ
842 3888 1122 3955 καρτερᾶς
1160 3888 1257 3957 τῆς
1306 3889 1485 3965 μάχης
1549 3896 1849 3964 γενομένης
1894 3898 1982 3949 πει

397 3989 600 4028 πτουσι
635 3975 746 4028 τῶν
795 3975 1019 4034 Σκυθῶν
1053 3979 1105 4030 οἱ
1152 3979 1416 4044 πλείονες,
1449 3984 1634 4037 πολλοὶ
1661 3987 1716 4038 δὲ
1748 3989 1842 4040 καὶ
1869 3990 1982 4040 δια-

401 4066 717 4132 σπαρέντες
777 4065 1082 4136 ὲσώθησαν.
1155 4069 1212 4121 ὐ
1288 4069 1344 4122 δὲ
1407 4072 1504 4142 τὴν
1580 4075 1732 4128 λείαν
1801 4080 1984 4132 πᾶσαν

395 4157 843 4226 ἁναλαὸὀμενος,
910 4159 1139 4229 νικητὴς
1193 4163 1291 4230 τὴν
1351 4162 1781 4221 Φιλιππούπολιν
1825 4188 1984 4229 καταο

395 4249 702 4318 λαμϐάνει.
734 4249 892 4303 Κείθι
949 4251 1007 4304 δὲ
1052 4254 1112 4304 τὸ
1145 4253 1370 4307 ὁπλ1κόν
1401 4253 1446 4289 ⁸⁸
1492 4257 1641 4310 ἅπαν
1675 4264 1983 4332 καταθέμε-

394 4359 512 4406 νος,
543 4343 774 4395 ἐσκόπει
819 4344 946 4395 ὅθεν
998 4344 1104 4414 χρὴ
1151 4346 1243 4396 καὶ
1301 4346 1451 4410 ὅπως
1509 4351 1623 4412 τοῖς
1670 4351 1980 4424 Βαρὸἀροις

397 4433 558 4495 αὖθις
613 4433 968 4502 προσϐαλεῖν.
1035 4436 1490 4508 Ἀπειροπληθεῖς
1537 4440 1591 4493 δὲ
1649 4443 1746 4506 τὰς
1801 4447 1977 4499 αὐτῶν

397 4522 686 4590 γινώσκων
733 4522 1019 4591 δυνάμεις,
1062 4526 1298 4587 σκοποὺς
1353 4529 1702 4599 ἁπανταχόσε
1755 4534 1979 4606 ἐξέπεμ-

395 4627 523 4677 πεν,
564 4611 634 4663 ἵν’
681 4613 894 4665 ἐκεῖθεν
926 4612 1039 4683 ἔχοι
1076 4615 1154 4681 τὰ,
1182 4616 1324 4668 κατὰ
1359 4621 1486 4682 τοὺς
1530 4623 1746 4687 Σκύθας
1780 4629 1975 4696 συχνά-

396 4722 486 4766 κις
525 4704 842 4774 μανθάνειν.
887 4705 1506 4778 Ἐπαναδεδραμηκότες
1555 4713 1612 4764 δὲ
1660 4717 1708 4768 οἱ
1753 4723 1970 4785 σκοποὶ,

394 4799 602 4867 πλῆθος
633 4798 934 4868 Βαρϐάρων
968 4799 1154 4867 ἔλεγον
1184 4802 1319 4854 πολὺ
1353 4807 1482 4873 περὶ
1516 4807 1613 4878 τὴν
1645 4811 1973 4869 Βελιάτοεαν

391 4891 781 4960 ὲνδατρίϐειν,
835 4894 926 4944 καὶ
980 4893 1048 4946 τὰ
1100 4894 1258 4962 πέριξ
1303 4897 1606 4966 ληϊζεσθαι.
1641 4904 1804 4959 Καὶὸ
1836 4908 1971 4961 Τατ-

2095 3699 2149 3748 in
2192 3699 2481 3753 occasione
2506 3703 2743 3769 pretium
2774 3703 3076 3771 aestimans,
3128 3709 3369 3766 immittit
3399 3713 3582 3766 statim
3619 3714 3673 3767 in

2094 3788 2330 3860 Scythas
2360 3793 2510 3847 viros
2547 3793 2718 3848 fortes
2751 3810 2780 3847 a
2813 3806 3011 3851 cmtero
3048 3799 3331 3857 abscissos
3385 3805 3671 3874 copiarum

2091 3897 2340 3949 corpore,
2376 3882 2579 3938 idoneo
2609 3901 2860 3942 numero.
2892 3889 3156 3944 Armatur
3211 3893 3324 3963 ipse
3371 3895 3592 3950 interim
3621 3910 3675 3954 et

2089 3976 2346 4030 omnibus
2391 3986 2449 4029 ut
2496 3987 2782 4032 armentur
2816 3980 2984 4034 edicit
3016 3984 3354 4055 structisque
3384 3987 3673 4060 phalangi-

2092 4067 2194 4121 bus
2221 4079 2276 4121 et
2303 4070 2420 4122 acie
2457 4069 2756 4139 descripta,
2794 4081 3018 4140 paratus
3072 4076 3140 4128 ad
3190 4079 3437 4145 praelium
3479 4095 3675 4150 seque-

2087 4160 2251 4212 batur
2305 4161 2493 4216 velites
2527 4163 2860 4230 prazmissos.
2921 4166 3026 4219 Sed
3062 4181 3184 4220 cum
3216 4171 3445 4226 vidisset
3485 4173 3673 4232 hostes

2086 4267 2212 4306 cum
2264 4253 2446 4322 praeda
2501 4263 2555 4307 et
2603 4256 2836 4322 captivis
2895 4272 3017 4311 sese
3067 4259 3389 4328 adiunxisse
3447 4266 3672 4335 reliquis

2090 4344 2418 4414 Scytharum
2455 4347 2627 4414 cepiis
2679 4348 2744 4398 ad
2805 4349 3094 4406 humentes
3155 4354 3302 4423 ripas
3359 4363 3671 4426 stagnantis

2089 4439 2294 4498 amnis,
2353 4436 2470 4506 ipse
2510 4438 2763 4492 bifariam
2821 4441 3010 4496 divisis
3061 4444 3199 4508 suis,
3265 4446 3382 4501 dari
3435 4450 3671 4507 classiCo

2080 4531 2294 4600 signum
2323 4533 2468 4585 ntrin
2493 4547 2578 4596 lue
2595 4533 2781 4602 jussit,
2809 4535 3080 4604 simulque
3103 4553 3224 4593 cum
3247 4541 3482 4598 clamore
3502 4546 3672 4602 alacri

2077 4635 2132 4681 ct
2155 4642 2400 4682 consono
2451 4627 2659 4680 invadit
2695 4627 2858 4704 184
2897 4629 3191 4688 Barbaros.
3229 4633 3413 4705 Pugna
3476 4655 3674 4696 conse-

2080 4721 2218 4774 ritur
2249 4719 2412 4780 acris,
2445 4734 2550 4787 qua
2578 4718 2905 4787 Scytharum
2939 4724 3157 4792 plurimi
3193 4729 3462 4798 cecidere,
3510 4739 3672 4798 multi

2075 4812 2308 4880 dispersi
2360 4809 2486 4880 fuga
2515 4812 2713 4865 servati
2763 4822 2913 4868 sunt.
2969 4813 3233 4887 Taticius,
3282 4828 3466 4894 praeda
3517 4838 3672 4890 omni

2078 4915 2321 4975 recepta,
2361 4904 2537 4956 victor
2570 4901 2987 4975 Philippopolim
3039 4913 3252 4982 tenuit;
3285 4919 3468 4989 ibique
3512 4943 3685 4986 exer-

387 4986 570 5045 τίκιος
634 4982 998 5051 προσδόκιμον
1040 4984 1085 5016 ⁸⁵
1133 4986 1232 5056 τὴν
1267 4988 1376 5041 τῶν
1422 4991 1645 5045 Σκυθῶν
1681 4996 1967 5052 ἐπελευσιν

2093 4999 2190 5052 :itu
2234 4998 2382 5050 omni
2410 4998 2662 5062 collecto,
2691 5016 2848 5068 quam
2897 5021 2961 5060 ex
2993 5012 3214 5078 specula
3250 5017 3574 5078 imminebat
3612 5026 3666 5079 itt

396 5074 562 5140 ἔχων,
621 5077 716 5124 καὶ
763 5075 899 5144 πρὸς
947 5074 1241 5140 τοσούτους
1295 5078 1370 5146 μὴ
1430 5081 1766 5152 ἁποχρώσας
1828 5088 1971 5158 ἔχων

389 5165 655 5234 δυνάμεις
707 5166 768 5218 τὸ
821 5169 953 5228 πᾶν,
987 5167 1236 5221 ἀναλύων
1287 5169 1332 5200 ⁸⁸
1383 5173 1498 5236 τοῖς
1549 5175 1856 5248 λογισμοῖς,
1915 5188 1972 5236 ἐν

390 5259 683 5328 ἀμηχανίᾳ
718 5259 1095 5323 καθειστήκει.
1135 5261 1274 5314 Ἀλλ’
1312 5263 1465 5332 ὅμως
1505 5268 1597 5318 καὶ
1631 5274 1691 5320 τὸ
1731 5275 1971 5346 σιδήριον

2083 5093 2431 5147 occasionem
2493 5112 2712 5151 rursum
2755 5102 3143 5170 congrediendi
3203 5121 3327 5162 cum
3384 5109 3664 5179 Barbaris,

2083 5187 2218 5240 Cum
2290 5198 2470 5242 autem
2521 5191 2918 5248 innumerabile
2990 5197 3232 5264 ipsorum
3311 5206 3667 5262 circumstare

2089 5283 2331 5350 undique
2385 5283 2573 5350 copias
2619 5285 2806 5349 sciret,
2842 5291 3024 5345 minus
3057 5309 3170 5348 sua:
3203 5298 3366 5354 unius
3413 5304 3663 5368 specula-

1458 5386 1656 5447 Varim
1703 5388 2012 5461 lectiones
2054 5418 2133 5462 ex
2164 5399 2304 5459 cod.
2339 5397 2605 5460 Coislin.

460 5477 512 5556 εξ
552 5477 722 5556 μάλα.
800 5481 1136 5556 δι’-Ἰ·ατίκιον.
1163 5483 1252 5537 Sic
1295 5501 1510 5554 semper
1532 5498 1738 5556 postea.

1815 5497 1860 5527 "
1897 5499 2172 5556 Τατίκιον.

382 5549 562 5607 τικόν,
644 5547 689 5578 ⁸⁵
709 5550 1164 5621 προσδοκὴσιμον.
1242 5557 1288 5585 ’⁵⁸
1322 5560 1381 5607 τὸ
1414 5547 1675 5626 παρὰπαν
1704 5547 2161 5640 ἀλύωνξομιὶιιιθ.

2247 5498 2293 5532 ⁸¹
2335 5502 2403 5555 τὰ
2431 5503 2607 5575 χείλη.
2683 5509 2728 5538 δ’
2753 5509 2993 5564 Βλὶσνον.
3072 5515 3358 5584 ὀπιῤῥόν.
3437 5517 3661 5572 “init.-

1461 5650 1614 5714 .Car.
1647 5655 1974 5720 Dufresnii
2019 5666 2112 5724 Du
2138 5666 2356 5744 Cangii
2395 5677 2582 5729 notae.

458 5746 580 5816 (76)
635 5741 918 5801 Etim-rora
979 5744 1204 5805 Rectius
1261 5749 1429 5805 editio
1497 5753 1772 5813 llwschel.
1841 5763 2064 5818 Βλίςνον
2101 5741 2454 5825 habetiVide
2481 5770 2606 5827 Not.
2639 5775 2703 5828 ad
2743 5778 3008 5830 Villhard.
3038 5793 3090 5833 11.
3134 5777 3239 5834 232
