4110 6404
401 368 514 434 533

1651 369 2083 430 ~ALEXIADlS
2114 371 2262 432 LIB.
2290 370 2428 434 VII.

3559 369 3666 437 534

399 486 671 552 πόλεμον.
713 483 952 547 Ἐκεῖνος
985 481 1043 535 δὲ
1097 483 1240 535 κατὰ
1293 481 1385 536 τὸν
1435 484 1834 555 ὑπερκείμενον
1885 488 1983 556 τῆς

2110 488 2184 541 )in
2226 487 2578 542 illucescente
2608 486 2756 540 sistit
2799 501 2927 540 suos
2968 483 3191 556 Tzelgu,
3227 495 3280 542 et
3314 489 3382 542 ad
3429 504 3666 558 pugnant

400 579 656 642 πῖδιάδος
695 577 898 648 αὐχένα
935 577 1134 648 ἀνῆλθε
1171 578 1310 647 μετά
1336 564 1498 631 τινων
1539 578 1803 644 λογάδων,
1856 598 1984 632 σκο-

401 674 601 738 πήσων
630 670 678 703 ⁵³
706 671 804 733 τὰς
852 670 1518 741 βαρὸαρικὰςδυνάμεις.
1588 671 1764 742 Ὁρῶν
1819 673 1874 725 δὲ
1922 673 1986 725 τὸ

409 762 616 831 πλῆθος
645 761 756 815 τῶν
783 763 1033 828 Σκυθῶν,
1067 764 1338 831 ἐσφάδαζε
1380 765 1480 835 μὲν
1528 765 1626 834 τὴν
1660 765 1983 836 συμπλοκὴν

412 853 507 906 τοῦ
537 855 806 924 πολέμου,
841 854 1167 908 ἁνεΰάλλετο
1207 856 1283 919 δὲ,
1315 857 1412 924 τὴν
1452 855 1771 926 Ῥωμαϊκὴν
1823 876 1989 928 στρα-

419 947 537 996 τιάν
577 944 866 997 κατανοῶν
927 945 1066 1014 μηδὲ
1115 947 1175 999 τὸ
1232 947 1521 1001 πολλοστὸν
1561 948 1843 1011 σώζουσαν
1888 951 1987 1018 τῆς

418 1035 524 1086 τῶν
562 1035 866 1106 Βαρϐάρων
908 1036 1212 1106 δυνάμεως.
1262 1037 1600 1093 Ἐπανελθὼν
1623 1040 1678 1094 δὲ
1719 1042 1855 1110 μετᾶ
1878 1041 1987 1094 τῶν

416 1127 680 1193 λογάδων,
741 1126 835 1181 τοῦ
885 1129 1168 1182 ὁπλιτικοῦ
1226 1132 1472 1194 παντὸς,
1520 1132 1614 1185 καὶ
1667 1133 1835 1186 αὐτοῦ
1890 1133 1989 1187 τοῦ

423 1219 750 1290 Ἰωαννιάκη
781 1220 826 1250 ⁸⁵
853 1221 1215 1288 διεσκοπεῖτο,
1265 1225 1313 1275 εἰ
1357 1225 1464 1294 χρὴ
1503 1224 1838 1295 προσὸαλεῖν
1876 1227 1990 1290 τοῖς

411 1309 680 1372 Σκύθαις.
729 1311 850 1364 Τῶν
905 1312 963 1365 δὲ
999 1313 1134 1384 πρὸς
1183 1315 1342 1367 τοῦτο
1388 1316 1820 1386 ὲποτρυνόντων,
1866 1319 1990 1370 ἐπεὶ

412 1405 512 1456 καὶ
539 1403 704 1467 αὐτὸς
743 1405 944 1475 μᾶλλον
964 1406 1102 1476 πρὸς
1133 1409 1292 1460 τοῦτο
1322 1409 1668 1481 κατάρροπος
1702 1406 1790 1481 ἦν,
1825 1410 1990 1481 τριχῆ

410 1495 610 1548 διελὼν
637 1497 734 1559 τὰς
758 1497 1042 1568 δυνάμεις,
1075 1500 1170 1553 καὶ
1194 1501 1255 1552 τὸ
1285 1501 1529 1554 ἐνυάλιον
1553 1501 1758 1572 ὴχῆσαι
1777 1503 1989 1556 ικελεύ-

416 1608 543 1655 σας,
577 1589 950 1661 ξυμμίγνυται
1006 1595 1120 1656 τοῖς
1167 1594 1496 1664 Βαρϐάροις.
1537 1595 1730 1651 Πολλοὶ
1759 1597 1856 1665 μὲν
1897 1593 1990 1651 οὖν

413 1686 722 1752 τηνικαῦτα
781 1686 1083 1756 τρωθέντες
1130 1686 1410 1752 πίπτουσι,
1466 1687 1769 1740 κτείνονται
1813 1687 1870 1740 δὲ
1896 1689 1994 1758 οὐχ

412 1777 641 1846 ἥττους.
676 1778 786 1829 Καὶ
811 1778 972 1840 αὐτὸς
995 1780 1023 1831 ό
1055 1779 1296 1844 Τζελγοὺ
1340 1780 1608 1846 γενναίως
1659 1781 1988 1850 μαχόμενος,

2094 596 2214 631 cum
2265 579 2769 634 Maurocatacalone
2811 595 2932 634 mox
2987 579 3359 634 lacessendam
3423 580 3666 636 instruit.

2093 672 2187 728 llle
2215 689 2334 728 cum
2367 673 2504 728 lecto
2545 673 2804 726 comitatu
2863 671 3206 726 tribunorum
3253 672 3686 726 eminentiorem-

2095 777 2290 820 caelera
2340 765 2564 834 planitie
2598 764 2772 819 locum
2806 772 3046 835 superat,
3083 763 3393 818 barbaricas
3422 764 3546 817 inde
3573 778 3670 818 co-

2095 860 2213 928 pias
2271 859 2649 928 speculatnrus
2694 875 2708 916 :
2754 871 2982 927 quarum
3042 858 3232 927 ingens
3294 858 3676 912 animadversa-

2099 955 2383 1009 multitudo
2413 967 2661 1024 magnam
2687 952 2736 1007 ei
2770 951 3162 1006 dubitationem
3196 949 3395 1018 objecit
3431 966 3445 1001 :
3479 949 3672 1017 ecquid

2096 1062 2126 1098 e
2163 1062 2220 1098 re
2243 1044 2383 1098 foret
2415 1042 2690 1098 Romanas
2726 1057 2846 1112 qua:
2875 1041 2950 1097 ibi
2998 1050 3123 1095 tunc
3153 1049 3308 1094 erant
3337 1039 3581 1109 legiones
3605 1052 3674 1092 ne

2097 1153 2217 1191 cum
2247 1146 2399 1205 parte
2437 1137 2655 1204 quidem
2699 1150 2806 1189 una
2850 1134 2914 1188 de
2974 1134 3161 1188 multis
3215 1131 3460 1202 Scy:hici
3513 1145 3673 1195 quem

2097 1229 2377 1295 speetabnt
2410 1229 2683 1282 exercitus
2731 1240 2956 1280 numero
2980 1223 3398 1293 comparabiles,
3431 1223 3521 1276 tali
3550 1223 3673 1277 loco

2099 1322 2442 1376 cotttntittere
2477 1335 2601 1374 cum
2633 1318 2936 1373 Barbaris?
2982 1315 3146 1372 Multa
3195 1317 3392 1371 dehinc
3439 1313 3676 1369 reversis

2100 1431 2126 1468 a
2163 1412 2493 1482 speculando
2520 1411 2841 1467 deliberatio
2868 1409 2967 1464 fuit
2998 1409 3125 1478 quid
3163 1407 3304 1461 laeto
3326 1417 3469 1461 esset
3498 1421 3632 1475 opus
3656 1423 3672 1468 ;

2101 1507 2326 1560 adlnbiti
2363 1515 2492 1560 sunt
2527 1505 2709 1559 ca’teri
2738 1504 3045 1560 cohortium
3085 1503 3362 1563 ductores,
3396 1499 3448 1552 iu
3480 1499 3677 1567 quibus

2098 1595 2422 1651 Joannaces.
2455 1593 2705 1662 Plerique
2729 1609 2918 1649 omnes
2942 1602 3129 1646 contra
3155 1585 3678 1642 Maurocalacalonis

2099 1688 2450 1750 sententiam,
2487 1702 2590 1741 non
2626 1685 3040 1740 detrectaudnm
3075 1682 3320 1750 prmlium
3353 1679 3674 1739 censebant,

2105 1780 2524 1848 frequentesque
2581 1776 2962 1832 incumbebant
3015 1775 3080 1828 ad
3137 1772 3532 1826 adhortandum
3577 1769 3679 1821 du-

415 1841 514 1921 καὶ
549 1870 680 1932 ὅλας
719 1870 1108 1940 συνταράσσων
1138 1841 1449 1939 φάλαγγας,
1479 1841 1702 1942 καιρίαν
1739 1841 1993 1942 πληγεὶς,

2110 1888 2245 1937 cem,
2305 1872 2609 1941 prudentia:
2658 1870 2889 1934 ratione,
2946 1883 3052 1921 non
3110 1866 3310 1934 frigore
3360 1861 3528 1915 animi
3587 1870 3683 1914 ant-

413 1961 703 2032 αξξ-ᾕρηται
751 1962 846 2032 τὴν
879 1963 1083 2032 ψυχήν.
1135 1963 1198 2016 Οί
1233 1963 1451 2026 πλείους
1477 1961 1533 2016 δὲ
1568 1965 1627 2015 ὲν
1666 1963 1742 2032 τῷ
1768 1967 1995 2032 φεύγειν

417 2052 738 2118 πίπτοντες,
763 2057 843 2118 είς
871 2054 964 2107 τὸν
1002 2056 1316 2124 ἀντιμεταξύ
1364 2055 1456 2108 τοῦ
1489 2056 1826 2124 καλουμένου
1859 2059 1996 2111 Σκε-

415 2143 625 2208 τεινοῦ,
684 2146 778 2199 καὶ
832 2146 924 2200 τοῦ
969 2147 1149 2218 Κούλη
1205 2147 1426 2216 ῥύακα,
1485 2149 1854 2218 ἀπεπνίγοντο
1904 2152 1994 2204 ὑπ’

416 2237 670 2307 ἀὶλήλων
702 2238 1174 2307 συμπατούμενοι.
1204 2240 1480 2311 Λαμπρὰν
1513 2242 1696 2294 τοίνυν
1725 2243 1826 2312 τὴν
1855 2241 1998 2296 κατὰ

414 2323 532 2376 τῶν
593 2325 818 2378 Σκυθῶν
865 2329 1024 2396 νίκην
1084 2330 1351 2399 ἀράμενοι
1393 2329 1443 2382 οἰ
1485 2330 1579 2383 τοῦ
1621 2331 1887 2402 βασιλέως
1929 2333 1997 2400 ⁸⁵,

417 2416 674 2485 εἰσῆλθον
710 2420 790 2482 είς
822 2418 921 2490 τὴν
943 2420 1345 2489 Μεγαλόπολιν.
1380 2423 1602 2490 Δωρεὰς
1629 2424 1802 2478 δὲκαὶ
1835 2427 2001 2495 τιμὰς

419 2507 533 2558 ἀπὸ
589 2506 684 2560 τοῦ
732 2507 1002 2579 βασιλέως
1061 2512 1351 2583 δεξάμενοι
1407 2515 1551 2568 κατὰ
1592 2517 1653 2570 τὺ
1695 2517 2002 2586 ἀνάλογον,

419 2603 778 2675 ὑπέστρεψαν
831 2609 969 2677 μετὰ
1022 2609 1116 2662 τοῦ
1172 2610 1477 2681 τηνικαῦτα
1521 2613 2002 2683 προχειρισθέντος

424 2698 678 2768 μεγάλου
696 2699 1022 2768 δομεστίκου
1056 2702 1155 2771 τῆς
1193 2703 1412 2767 Δύσεως
1459 2705 1739 2776 Ἀδριανοῦ
1777 2709 2000 2778 Κομνη-

425 2790 522 2844 νοῦ
557 2793 654 2846 καὶ
696 2794 1036 2862 αὐταδέλφου
1085 2796 1178 2850 τοῦ
1231 2798 1662 2868 αὐτοκράτορος.
1727 2797 1886 2851 Οὕτω
1945 2798 2002 2852 δὲ

418 2884 534 2936 τῶν
594 2885 738 2937 κατὰ
787 2887 1151 2954 Μακεδονίαν,
1205 2888 1301 2942 καὶ
1346 2890 1779 2943 Φιλιππούπολιν
1819 2890 2003 2960 μερῶν

419 2977 820 3043 ἀπελαθέντες,
856 2979 1007 3048 παρὰ
1040 2979 1219 3052 [περὶ]
1246 2981 1336 3034 τὸν
1366 2983 1579 3054 Ἴστρον
1605 2979 1760 3044 αὖθις
1792 2983 2000 3034 ἐπανα-

418 3068 764 3139 στρέψαντες
797 3070 1105 3139 ηὐλίζοντο.

2102 1969 2330 2038 ignaviae
2369 1967 2497 2021 vitio
2521 1974 2888 2026 cunctantem,
2918 1971 2974 2016 ut
3003 1961 3187 2014 virtuti
3215 1974 3325 2013 suze
3351 1970 3690 2023 suorumque-

2105 2059 2317 2112 lideret.
2355 2057 2492 2124 Quid
2532 2053 2742 2110 multa?
2781 2053 3150 2121 pervicerunt.
3205 2051 3432 2118 Ipseque
3466 2047 3682 2099 Mauro-

2105 2150 2349 2206 catacalo
2389 2149 2619 2218 propria:
2640 2145 3018 2218 generositatis
3052 2146 3310 2213 impetum
3355 2138 3683 2195 commilito—

2106 2259 2235 2298 num
2271 2241 2539 2310 suffragiis
2563 2241 2848 2310 probatum
2885 2246 3075 2293 contra
3106 2251 3217 2291 suae
3245 2234 3422 2304 ipsius
3447 2231 3683 2287 interdi-

2109 2345 2197 2390 cta
2226 2333 2502 2402 sapientia:
2531 2339 2770 2396 secutus,
2806 2327 3072 2383 trifariam
3103 2327 3306 2382 divisas
3324 2325 3510 2394 copias
3536 2322 3682 2377 ducit

2111 2427 2164 2482 in
2195 2426 2487 2488 Barbaros,
2523 2437 2757 2493 aereque
2795 2437 2916 2478 cum
2963 2420 3096 2489 ipsis
3130 2417 3374 2473 conserit
3414 2415 3684 2485 praelium,

2113 2534 2220 2588 quo
2252 2519 2464 2573 illorum
2486 2516 2641 2571 multi
2673 2513 2986 2569 vulneribus
3010 2509 3291 2581 prostrati,
3319 2507 3473 2564 multi
3495 2505 3688 2572 occisi,

2112 2611 2316 2681 Tzelgu
2353 2611 2468 2679 ipse
2518 2609 2626 2663 dux
2687 2607 2898 2662 fortiter
2952 2617 3222 2673 pugnans,
3282 2598 3688 2668 phalangesqne

2112 2703 2444 2762 conturbans
2473 2709 2613 2756 totas
2645 2698 2964 2754 interfectus
3018 2704 3121 2750 est.
3180 2691 3441 2761 Plerique
3474 2703 3572 2759 per
3604 2687 3688 2741 fu-

2111 2792 2231 2865 gant
2264 2793 2524 2863 trepidam
2559 2802 2762 2846 temere
2793 2805 2851 2843 se
2881 2798 3069 2842 mutuo
3095 2788 3436 2842 incurrentes
3461 2778 3689 2835 concul-

2111 2897 2406 2954 cantesqne
2435 2884 2667 2953 indeque
2705 2885 2757 2937 in
2791 2881 3104 2952 voraginem
3142 2878 3320 2958 medio
3346 2876 3487 2929 inter
3515 2870 3692 2927 Scoti-

2112 2995 2240 3032 num
2278 2987 2335 3033 et
2370 2977 2538 3032 Culen
2570 2977 2765 3030 itinere
2809 2975 3047 3028 hiantem
3101 2970 3398 3026 acervatim
3426 2963 3690 3036 prolapsi,

2107 3069 2353 3125 sulfucati
2377 3078 2522 3124 sunt.
2541 3067 2796 3134 Romani,
2821 3066 3114 3139 splendida:
3127 3071 3402 3133 compotes
3430 3056 3690 3121 victoriae,

421 3164 675 3234 Magnam
712 3167 942 3237 ingressi
984 3169 1283 3235 civitatem,
1332 3179 1615 3239 postquam
1646 3169 1805 3224 donis
1838 3167 1910 3224 ibi
1943 3176 1996 3223 et
2037 3166 2336 3223 honoribus
2378 3180 2477 3233 pro
2509 3163 2777 3233 cujusque
2842 3163 3037 3217 merito
3083 3157 3344 3216 cumulati
3415 3162 3562 3218 sunt,
3609 3165 3698 3204 re.

422 3265 576 3319 diere
607 3278 731 3316 cum
764 3279 936 3332 nuper
966 3272 1152 3319 creato
1193 3279 1390 3334 magno
1417 3264 1720 3318 domestico
1781 3261 2094 3318 Occidentis
2154 3259 2398 3314 Adriano
2461 3258 2744 3313 Comneno
2792 3255 3026 3326 Augusti
3067 3253 3256 3308 fratre.
3295 3249 3555 3316 Purgavit
3630 3258 3696 3301 ea

424 3361 655 3415 victoria
692 3360 1062 3418 Macedoniam
1090 3361 1331 3432 Scythis,
1362 3369 1418 3416 et
1449 3361 1700 3431 regiones
1744 3357 2106 3428 Philippopoli
2138 3356 2370 3412 vicinas.
2437 3353 2514 3409 Ex
2578 3353 2776 3423 quibus
2834 3360 2982 3406 retro
3046 3349 3184 3421 pulsi
3237 3349 3381 3401 unde
3439 3349 3698 3400 venerant

432 3453 681 3522 Barbari,
718 3457 928 3511 haesere
958 3465 1140 3511 tamen
1205 3457 1286 3512 cis
1341 3454 1541 3510 lslrum
1568 3495 1586 3522 ,
1642 3466 2042 3525 perrexereque
2115 3450 2276 3506 solita
2314 3449 2534 3503 licentia
2559 3447 2801 3516 undique
2823 3445 3164 3515 obiacentem
3191 3439 3566 3494 Romanorum
3597 3437 3695 3490 in-

441 3563 662 3604 cursare
691 3564 752 3604 ac
784 3551 1084 3632 depraedari
1109 3552 1388 3606 ditionem.

516 3643 691 3698 Ταῦτα
727 3646 772 3678 ⁸⁸
806 3648 834 3699 ὁ
879 3645 1135 3714 βασιλεὺς
1183 3646 1424 3708 ἀκούσας
1457 3645 1556 3700 οὐκ
1584 3646 1868 3716 ἠνέσχετο,
1895 3641 2006 3695 τῶν
2037 3642 2081 3702 C

449 3733 774 3802 Ῥωμαϊκῶν
802 3737 966 3806 ὁρίων
988 3739 1119 3790 είσω
1147 3741 1272 3801 τοὺς
1305 3737 1520 3803 Σκύθας
1558 3740 1866 3809 παροικεῖν,
1900 3738 2018 3804 ἅμα

429 3827 488 3879 δὲ
517 3831 612 3879 καὶ
627 3828 816 3892 δεδιὼς
841 3830 915 3898 μὴ
947 3830 1034 3884 διὰ
1056 3829 1166 3884 τῶν
1194 3832 1487 3884 στενωπῶν
1510 3830 1831 3892 διελθόντες,
1860 3828 2018 3890 αὖθις

428 3919 651 3988 χείρονα
702 3919 812 3972 τῶν
855 3920 1142 3990 προτέρων
1194 3921 1642 3990 ἀπεργάσωνται.
1702 3921 1895 3973 Ἔνθεν
1934 3937 2018 3972 τοι

430 4012 982 4082 παρεσκευασμένος,
1035 4010 1130 4064 καὶ
1185 4013 1365 4073 καλῶς
1417 4010 1708 4075 ὲξοπλίσας
1742 4010 1802 4062 τὸ
1850 4009 2017 4080 στρά-

429 4120 639 4171 τευμα,
671 4101 1090 4171 καταλαμϐάνει
1124 4103 1221 4170 τὴν
1265 4101 1704 4172 Ἀδριανούπολιν
1745 4101 1848 4163 ,καὶ
1877 4101 2022 4153 ἐκεῖ·

432 4196 530 4247 θεν
554 4195 694 4263 πρὸς
718 4193 810 4246 τὸν
868 4193 1118 4262 Λαρδέαν
1169 4193 1282 4261 (83)
1333 4194 1557 4246 ἄπεισιν
1593 4195 1649 4244 ὲν
1703 4173 2020 4261 μεταιχμίῳ

430 4290 538 4357 τῆς
597 4287 933 4355 Δαμπόλεως
963 4284 1072 4356 (84)
1117 4288 1212 4339 καὶ
1266 4285 1466 4354 Γολόης
1497 4284 1608 4355 (85)
1649 4283 2020 4352 διακείμενον.

435 4381 687 4434 Κάκεῖσε
739 4381 1240 4448 προχειρισάμενος
1301 4376 1547 4446 ἡγεμόνα
1601 4374 1876 4444 Γεώργιον
1933 4374 2023 4427 τὸν

438 4469 802 4538 Εὐφορὸηνὺν
831 4469 879 4505 ι’
919 4469 1062 4521 κατὰ
1113 4467 1213 4538 τῆς
1266 4467 1538 4539 Δρίστρας
1576 4467 1884 4519 διαπόντιον
1940 4464 2026 4529 ἐξ·

436 4559 718 4630 ἐπεμψεν.
757 4558 814 4612 '0
844 4559 901 4611 δὲ
934 4558 1288 4628 αὐτοκράτωρ
1319 4559 1412 4610 ἐπὶ
1432 4557 1846 4626 τεσσαράκοντα
1885 4555 2025 4625 ήμέο

442 4668 571 4721 ραις
610 4649 778 4703 αὐτοῦ
828 4667 932 4703 που
981 4650 1334 4720 ὲγκαρτερῶν
1387 4650 1454 4715 ⁵⁸,
1507 4650 1606 4710 τὰς
1649 4647 2027 4717 ἁπανταχόθεν

437 4745 708 4813 δυνάμεις
745 4743 1155 4814 μετεπέμπετο.
1191 4743 1396 4796 Ἱκανὸν
1426 4742 1483 4795 δὲ
1509 4740 1834 4811 συνειλοχὼς
1866 4740 2028 4811 στρά-

437 4851 628 4903 τευμα
657 4834 1002 4895 ἐϐουλεύετο,
1035 4837 1085 4887 εί
1117 4835 1246 4905 χρὴ,
1287 4835 1386 4898 τὰς
1422 4833 1748 4903 κλεισούρας
1778 4831 2029 4900 διεληλυ-

439 4927 600 4990 θότα,
650 4927 750 4996 τὴν
789 4926 928 4995 μετὰ
988 4927 1096 4979 τῶν
1154 4926 1381 4978 Σκυθῶν
1424 4924 1788 4988 ἀναδέξασθαι
1823 4923 2024 4994 μάχην,

2183 3636 2240 3692 1d
2298 3638 2597 3701 imperator
2643 3631 2892 3696 audiens,
2937 3638 2990 3682 et
3030 3643 3144 3683 rem
3201 3625 3478 3696 indignam
3545 3635 3700 3681 ratus

2118 3734 2260 3788 intra
2295 3729 2573 3784 Romanos
2611 3727 2746 3779 lines
2791 3725 2994 3792 injussu
3037 3720 3286 3776 habitare
3321 3718 3587 3789 Scythas;
3621 3717 3699 3771 si-

2121 3826 2231 3880 mttl
2262 3833 2504 3878 metuens
2539 3835 2605 3874 ne
2632 3817 2930 3888 penetralis
2962 3817 3156 3869 iterum
3193 3813 3455 3883 angustiis
3501 3827 3699 3865 novam

2118 3915 2288 3989 priori
2324 3911 2777 3983 periculosiorem
2825 3906 3385 3976 perniciosioremque
3438 3902 3701 3969 irruptio-

2121 4025 2241 4064 uem
2275 4005 2614 4065 molirentur,
2647 3999 2950 4060 exercitum
2975 3997 3344 4064 capiosicsime
3377 3995 3701 4048 instructum

2120 4100 2486 4171 praeclareque
2519 4101 2784 4148 armatum
2821 4093 2934 4161 ipse
2967 4090 3019 4143 in
3061 4104 3157 4143 eos
3189 4087 3391 4142 ducens
3426 4086 3702 4145 Andrino-

2121 4193 2287 4263 pulitn
2315 4187 2582 4259 processit
2612 4203 2628 4239 :
2663 4187 2896 4253 indeque
2941 4196 3138 4234 versus
3194 4179 3458 4232 Lartleam
3513 4178 3700 4240 movit,

2122 4286 2303 4339 locum
2341 4283 2481 4334 inter
2512 4275 2812 4344 Dampolim
2842 4283 2896 4327 et
2929 4271 3136 4326 Golocn
3170 4272 3358 4324 situm.
3412 4269 3564 4323 lllinc
3613 4284 3704 4322 se-

2124 4383 2399 4444 gregatam
2466 4376 2677 4439 partem
2745 4364 3022 4419 exercitus
3092 4362 3229 4415 duce
3294 4361 3394 4429 ipsi
3445 4359 3705 4428 praefecto

2124 4463 2357 4533 Georgio
2380 4458 2757 4529 Euphorbeno,
2783 4453 2914 4507 mari
2939 4453 3161 4508 tendere
3179 4454 3229 4505 in
3247 4451 3504 4505 Drislram
3521 4451 3702 4519 jussit.

2125 4559 2247 4624 Ipse
2288 4567 2437 4608 mora
2475 4547 2837 4621 quadraginta
2874 4545 3082 4599 dierum
3118 4545 3316 4598 ibidem
3369 4552 3541 4597 tracta
3573 4558 3707 4597 con-

2128 4649 2336 4704 vocatis
2364 4645 2744 4712 undecumque
2777 4642 2971 4711 copiis,
3023 4654 3148 4693 cum
3176 4637 3289 4707 jam
3325 4636 3578 4690 idoneum
3605 4650 3706 4689 ex-

2129 4743 2360 4796 ercitum
2390 4743 2793 4806 congregasset,
2822 4731 3182 4793 deliberabat,
3212 4729 3405 4799 ecquid
3430 4728 3709 4797 expediret

2129 4833 2384 4889 claustris
2416 4827 2786 4898 transgressis
2834 4824 3034 4879 adoriri
3073 4821 3324 4895 Scythas,
3360 4822 3484 4876 belli
3535 4823 3711 4875 fortu-

2133 4943 2256 4980 nam
2292 4923 2527 4992 experiri
2554 4919 2764 4990 prazlio,
2799 4918 2853 4971 lu
2885 4917 3045 4986 190
3067 4925 3274 4985 partem
3301 4915 3534 4969 aientcm
3563 4913 3711 4968 haud

439 5017 527 5071 Οὐ
564 5017 692 5090 χρὴ,
723 5018 921 5088 λέγων,
953 5017 1264 5089 ἐκεχειρίαν
1297 5019 1434 5078 ὅλως
1485 5020 1599 5080 τοῖς
1629 5017 1867 5080 Σκύθαις
1895 5017 2005 5070 δίδο

2110 5019 2369 5072 ‘obscura
2405 5024 2524 5069 erat
2557 5012 2838 5067 inclinatio
2879 5009 3132 5080 Augusti,
3167 5009 3464 5064 dictitantis
3503 5010 3715 5062 instan-

1518 5160 1719 5219 Varim
1753 5159 2068 5220 lectiones
2095 5174 2177 5218 ex
2211 5156 2348 5218 cod.
2388 5150 2660 5214 Coislin.

517 5286 566 5319 ⁵³
591 5295 1057 5351 κατασκοπησων.
1133 5283 1180 5314 ⁸⁸
1207 5280 1578 5353 ’lwawaxioy.

1654 5283 1700 5313 "
1745 5284 1952 5336 Desunt
2020 5295 2181 5334 voces
2217 5277 2266 5328 οἱ
2291 5276 2384 5328 τοῦ
2419 5276 2447 5344 β

2457 5273 2706 5344 milia);
2787 5273 2832 5305 "
2865 5272 3177 5344 ηὐλίζοντο,
3203 5279 3298 5344 καὶ
3323 5273 3510 5342 ὥσπερ
3553 5272 3696 5325 ἰδίαν

442 5353 858 5425 τὴνήμεδαπὴν
905 5343 1110 5415 ἆνὲτως
1163 5351 1342 5414 πάντη
1373 5346 1763 5419 παροίκοῦντες
1799 5352 2095 5422 ἐληΐζοντο.
2152 5347 2360 5401 Ταῦτα.
2422 5343 2484 5377 ⁷⁸⁷
2527 5343 2822 5414 Φορϐηνόν.
2887 5343 2947 5375 ⁸³
2981 5343 3288 5413 καρτερῶν.

1500 5495 1636 5556 Car.
1681 5491 2006 5554 Dufresnii
2057 5491 2151 5551 Du
2182 5485 2411 5565 Cangii
2439 5490 2630 5546 notae.

525 5642 641 5712 (83)
673 5642 962 5710 Λαρδέαν.
1002 5641 1258 5696 Occurrit
1290 5642 1445 5697 locus
1472 5645 1575 5697 iste
1618 5642 1759 5712 apud
1794 5640 2037 5697 Nicctam

449 5714 508 5767 in
549 5713 721 5768 Isaac.
751 5715 845 5767 lib.
870 5729 926 5772 tt,
965 5729 1018 5764 ιι.
1061 5713 1114 5765 1.

527 5782 642 5853 (84)
675 5781 1047 5852 Δαμπόλεως,
1081 5783 1380 5853 Dantpolis,
1412 5783 1670 5854 φρύριον
1726 5783 1866 5838 haud
1903 5797 2030 5851 pro-

2150 5639 2241 5693 cul
2276 5636 2344 5690 ab
2373 5632 2759 5704 Adrianopoﬁli,
2789 5629 3042 5703 Sey-litae
3059 5643 3194 5704 _pa_g.
3227 5625 3356 5704 783.

2161 5690 2174 5693 ⁷
2196 5690 2332 5776 ’(85)
2386 5690 2645 5772 Γολόηςῖ
2689 5690 3022 5759 Μοιιιοὶοιυι*
3049 5690 3218 5754 Goloe
3246 5696 3314 5752 ab
3343 5693 3534 5750 eodem
3586 5690 3716 5764 Scy-

2141 5779 2268 5833 litzc
2288 5791 2411 5848 pag.
2438 5774 2559 5829 787.
