4110 6428
392 413 498 474 551

1662 405 2078 469 ALEXIADIS
2107 409 2257 472 LIB.
2287 410 2428 474 VII.

3542 405 3649 472 542

393 525 512 577 σθε
570 522 809 582 παντως
855 517 938 583 ὠς
986 514 1100 584 ἐγὼ
1145 515 1264 584 μὲν
1298 514 1588 570 ’ὕποπτον
1637 514 1838 573 οὖσαν
1867 519 1980 585 τὴν

2112 533 2277 576 ‘entur
2310 523 2592 578 dubitante
2621 537 2684 578 ac
2711 526 2934 578 credere
2952 529 3264 588 cunctante,
3287 519 3459 576 scriba
3496 521 3661 575 etiam

393 612 573 682 ὑμῶν
628 609 956 678 πρεσϐείαν
1002 607 1266 676 εὐλόγως
1308 610 1380 662 οὺ
1433 609 1701 678 δέχομαι.
1744 611 1834 664 ὅτι
1873 614 1985 665 οὐκ

2113 615 2438 684 urejuraudo
2489 617 2810 683 interposito
2849 615 3223 684 perseveravit.
3275 623 3426 667 certo
3459 612 3664 666 certius

397 705 495 756 ἐπ’
518 702 808 768 asinos/aq
825 701 878 753 οι
903 698 1324 769 φαλαγγάρχαι
1354 698 1516 761 ὑμῶν
1540 702 1610 753 τὰ
1640 703 1771 768 περὶ
1829 701 1987 770 εἰρή-

402 813 522 860 νης
545 792 1083 859 διαπρεσϐεύονται
1105 808 1117 821 ·
1152 794 1202 844 εί
1236 791 1289 843 δ’
1315 790 1409 855 οὒ,
1441 791 1777 860 διαμαρτὼν
1805 792 1986 860 αὐτὸς

413 887 518 940 τοῦ
538 883 915 953 στοχασμοῦ,
943 882 1404 952 ἐλεγχθιὶσομαι.
1441 885 1544 936 Δύο
1583 883 1736 936 οὔπω
1775 887 1989 954 παρῆ).-

417 978 507 1030 Θον
526 969 686 1046 ὧραι,
709 977 883 1030 καὶτὸ
907 977 1132 1045 ἡλιακὸν
1154 976 1270 1045 φῶς
1289 976 1650 1041 ἐπιλέλοιπεν,
1673 977 1748 1040 ὡς
1770 977 1988 1045 ἀφεγγῆ

421 1074 504 1123 τὸν
544 1070 665 1121 ὅλον
700 1069 885 1122 δίσκον
921 1069 1200 1136 γενέσθαι,
1247 1069 1666 1138 ὑποδραμούσης
1698 1069 1861 1121 αὐτὸν
1890 1071 1992 1137 τῆς

413 1163 664 1232 σελήνης.
716 1159 822 1214 Καὶ
869 1163 919 1214 οἱ
981 1162 1080 1231 μὲν
1114 1143 1318 1214 Σκύθαι
1368 1161 1672 1231 τηνικαῦτα
1725 1160 1993 1228 ἔκθαμϐοι

409 1254 722 1322 γεγόνασιν·
783 1255 813 1307 ὁ
865 1252 922 1305 δέ
972 1269 1036 1320 γε
1083 1253 1443 1324 αὐτοκράτωρ
1515 1252 1731 1306 δίδωσιν
1789 1252 1992 1314 αὐτοὺς

407 1346 609 1400 Λέοντι
661 1344 739 1414 τῷ
791 1343 1058 1414 Νικερίτῃ
1119 1343 1402 1414 (ἐκτομίας
1443 1344 1500 1396 δὲ
1550 1341 1704 1406 οἶιτος
1755 1345 1991 1407 καὶτοῖς

2089 722 2210 762 esse
2254 709 2396 777 quod
2439 705 2680 761 allcrret.
2746 707 3050 761 Persuasus
3098 708 3395 775 Augustus,
3427 719 3490 757 ac
3538 718 3660 756 mox

2090 814 2188 866 pro
2236 799 2420 852 innata
2482 798 2686 867 ingenii
2743 797 3053 861 velocitate,
3087 798 3281 852 collata
3318 812 3382 849 ex
3422 807 3664 863 tempore

2089 891 2371 944 occasione
2408 891 2459 944 in
2497 891 2573 943 rei
2601 891 2887 956 praesentis
2921 906 3099 954 usum,
3130 889 3242 944 acri
3274 896 3492 956 repente
3518 885 3664 938 vultu

2091 997 2385 1036 conversus
2420 983 2484 1035 ad
2524 983 2756 1052 Scythas
2790 1001 2803 1036 :
2845 981 3029 1047 Deum,
3067 979 3264 1050 inquit,
3301 979 3412 1046 fero
3441 977 3667 1038 iudicem

2095 1083 2288 1127 nostra:
2322 1075 2688 1127 contrauersim
2717 1089 2736 1127 :
2765 1090 2828 1126 ac
2884 1074 2929 1126 si
2975 1073 3183 1142 quidem
3229 1073 3328 1123 hac
3375 1072 3488 1138 ipsa
3542 1068 3671 1119 hora

2091 1169 2298 1236 signum
2329 1184 2355 1220 e
2383 1167 2508 1218 cmfo
2540 1167 2879 1234 manifestum
2907 1165 3183 1227 exstiterit,
3205 1172 3312 1214 tum
3338 1161 3495 1230 193
3518 1160 3672 1228 plane

2093 1261 2268 1315 scietis
2294 1275 2506 1312 causam
2544 1259 2784 1311 idoneam
2816 1257 3062 1310 habuisse
3111 1271 3191 1308 me
3247 1271 3340 1307 cur
3367 1253 3553 1307 merito
3584 1268 3675 1303 su-

2096 1361 2322 1422 spectam
2351 1351 2659 1420 legationem
2688 1359 2911 1402 restram
2939 1347 3229 1416 rejicerem,
3254 1359 3344 1397 nec
3367 1339 3676 1411 persuaderi

407 1441 774 1510 στρατιωκοίς
823 1439 1083 1508 νηπιόθεν
1138 1441 1504 1512 ὲνδιατρίψας,
1565 1442 1658 1494 καὶ
1715 1443 1925 1512 ἀφανὴς
1951 1443 1997 1474 ⁷³

2112 1445 2225 1498 nihi
2251 1446 2474 1497 sinerem
2507 1458 2621 1497 vere
2653 1453 2807 1511 atque
2836 1456 2900 1493 ex
2935 1441 3110 1492 animo
3152 1438 3310 1491 duces
3362 1445 3559 1489 uestros
3611 1431 3675 1483 de

408 1530 831 1601 δοκιμώτατος),
890 1531 1205 1601 ἐπισκήψας
1274 1533 1393 1603 μεθ’
1449 1533 1655 1586 ἱκανῶν
1729 1534 1997 1586 διασῶσαι

2112 1555 2222 1591 vace
2255 1546 2506 1590 tractare.
2543 1534 2698 1599 Quod
2728 1534 2774 1587 si
2804 1531 2940 1585 nihil
2976 1530 3094 1583 novi
3147 1546 3209 1582 ac
3252 1528 3372 1580 miri
3415 1526 3526 1594 fiet,
3574 1539 3676 1574 non

408 1622 640 1686 τούτους
673 1623 832 1692 μέχρι
855 1623 957 1691 τῆς
987 1622 1258 1693 βασιλίδος
1279 1624 1390 1677 τῶν
1420 1625 1651 1678 πόλεων.
1685 1623 1745 1678 ⁸0
1767 1627 1823 1678 δὲ
1851 1626 1996 1694 μάλα

2112 1647 2279 1685 tecuso
2314 1630 2440 1700 quin
2500 1637 2689 1681 temere
2733 1632 2996 1692 conrepta:
3056 1620 3118 1673 de
3169 1618 3310 1672 vobis
3360 1613 3679 1684 suspicionis

408 1715 717 1784 προθύμως
750 1711 849 1783 τῆς
878 1717 1010 1787 περὶ
1041 1715 1140 1784 τὴν
1172 1716 1590 1770 Κωνσταντίνου
1614 1718 1812 1788 ἥψατο.
1848 1719 1909 1771 ΟΞ
1941 1718 1999 1772 δὲ

2112 1740 2218 1778 reus
2251 1737 2496 1792 peragar.
2533 1719 2660 1772 Duae
2686 1717 2924 1771 nondum
2965 1716 3111 1768 liora:
3145 1710 3410 1764 llttxeraut
3442 1722 3564 1760 cum
3595 1719 3680 1758 so-

415 1805 725 1878 Βὰρὸαροι,
778 1807 866 1861 διὰ
903 1809 1106 1870 παντὲς
1151 1807 1252 1876 τῆς
1310 1809 1566 1863 ἐαυτδντδ
1619 1813 2000 1880 φροντίζοντες

2112 1817 2168 1872 iis
2204 1817 2384 1870 lumen
2414 1814 2486 1866 ita
2518 1810 2736 1874 defecit,
2776 1818 2833 1863 ut
2865 1816 3010 1860 totus
3057 1805 3177 1874 ejus
3212 1801 3362 1856 orbis
3413 1797 3682 1852 subeunte

412 1899 756 1969 D.eu0ep£a;,
787 1899 928 1952 ἐπὰν
958 1899 1057 1969 τὴν
1088 1902 1292 1970 μικρὰν
1326 1901 1561 1954 Νίκαιαν
1594 1899 1706 1974 (95)
1733 1903 1997 1971 ἔφθασαν,

2112 1912 2240 1963 lunae
2295 1919 2527 1975 corpore
2580 1900 3030 1957 absconderetur.
3077 1896 3485 1962 Obstupueruut
3528 1887 3593 1940 ad
3626 1884 3681 1938 id

413 1993 612 2052 νυκτὸς
649 1991 940 2063 ἀναιροῦσι
975 1994 1103 2056 τοὺς
1159 1994 1430 2062 φύλακας,
1457 1995 1676 2065 ἀμελῶς
1739 1997 1869 2068 περὶ
1900 1998 2000 2062 τὴν

2112 2000 2470 2072 spectaculum
2503 1995 2740 2067 Scythae.
2775 1993 2845 2046 At
2870 2006 2965 2046 eos
2993 1991 3291 2058 imperator
3319 1981 3486 2038 Leoni
3522 1979 3684 2032 Nice-

413 2082 598 2136 αὐτῶν
623 2082 971 2147 διατεθέντας
1004 2084 1271 2154 φυλακήν.
1305 2085 1415 2140 Καὶ
1447 2085 1536 2140 διά
1564 2103 1727 2139 τινων
1773 2088 2003 2142 σκολιω-

2112 2070 2220 2147 rita:
2245 2091 2564 2161 (eunuchus
2601 2087 2689 2141 hic
2718 2093 2837 2140 erat
2869 2099 2898 2138 a
2941 2097 3110 2152 puero
3143 2077 3438 2133 innutritus
3461 2070 3682 2133 castris,

415 2173 590 2245 τέρων
621 2175 883 2247 ἀτραπῶν
916 2177 1390 2249 ὲπαναστρέφουσι
1415 2178 1551 2248 πρὸς
1579 2179 1706 2242 τοὺς
1742 2178 2002 2250 πέμψαν-

2112 2193 2158 2240 et
2185 2183 2368 2237 multis
2400 2181 2558 2235 rebus
2588 2177 2851 2248 probatus
2887 2175 2970 2228 vir
3011 2171 3295 2242 prmseutis
3328 2163 3530 2235 animi)
3563 2177 3685 2214 cum

417 2278 533 2330 τας.
584 2266 646 2322 ’0
690 2267 746 2321 δὲ
800 2269 1124 2340 Νικερίτης,
1158 2271 1343 2340 ,μόγις
1399 2271 1543 2340 μετὰ
1597 2271 2000 2343 τριῶνσωθεὶς,

2112 2276 2304 2329 idoneo
2342 2270 2597 2342 prresidio
2630 2264 3166 2333 Constantinopolim
3195 2258 3548 2316 deducendus
3579 2265 3690 2308 tra-

417 2360 830 2430 ιιαταλαμῦἀνει
863 2361 954 2415 τὸν
991 2361 1376 2433 αὐτοκράτορα
1410 2365 1490 2426 εἰς
1521 2360 1746 2435 Γολόην.

2112 2367 2267 2420 didit.
2306 2365 2375 2419 Et
2416 2365 2534 2420 .hoc
2567 2362 2762 2432 agebat
2816 2359 2908 2412 ille
2956 2357 3174 2428 quidem
3213 2351 3426 2406 sedulo.
3491 2347 3688 2400 Verum

418 2452 640 2507 Barbari
675 2455 866 2509 attenti
905 2455 958 2508 in
990 2455 1332 2510 Occasionem
1373 2457 1757 2528 recuperanda:
1783 2457 2075 2525 libertatis,
2111 2459 2200 2514 ubi
2271 2460 2338 2513 ad
2413 2471 2636 2526 parvam
2692 2453 2928 2508 Nicaeam
2990 2461 3310 2518 pervenere,
3371 2439 3690 2497 custodibus

418 2549 556 2613 suis,
594 2548 954 2618 negligenlitts
984 2552 1290 2618 agentibus,
1321 2561 1482 2607 noctu
1514 2553 1876 2618 obtruncatis,
1906 2571 2002 2625 per
2040 2555 2286 2626 obliquas
2344 2557 2565 2612 semitas
2608 2554 2678 2610 ad
2739 2568 2834 2608 eos
2903 2549 3113 2606 rediere
3189 2559 3219 2600 a
3284 2543 3482 2614 quibus
3533 2541 3687 2596 missi

417 2644 655 2699 fuerant.
689 2643 930 2700 Nicerita
969 2662 1090 2701 cum
1127 2648 1303 2702 tribus
1331 2664 1474 2719 aegre
1502 2659 1770 2716 servatus,
1799 2653 2003 2708 Goloen
2037 2652 2102 2708 ad
2137 2652 2521 2723 imperatorem
2556 2652 2836 2722 pervenit.

485 2737 674 2790 Ταῦτα
705 2737 1044 2808 μεμαθηκὼς
1087 2740 1114 2792 ὁ
1147 2739 1400 2809 βασιλεὺς
1427 2742 1522 2795 καὶ
1559 2745 1814 2813 πτοηθεὶς
1851 2746 1924 2816 μὴ
1959 2747 2008 2798 οἱ

422 2829 682 2892 πρέσϐεις
712 2830 773 2882 τὸ
811 2829 958 2883 ἆπαν
1004 2828 1269 2885 Σκυθικὸν
1320 2833 1636 2904 στράτευμα
1680 2831 1807 2888 κατ’
1839 2835 2006 2890 αὐτοῦ

422 2926 779 2995 ἐρεθίσαντες
815 2925 1218 2979 ὲπεισπέσωσιν
1265 2923 1436 2997 αὐτῷ,
1483 2930 1582 2982 οὐκ
1631 2931 1843 3002 ὀνείρου
1885 2932 2011 3000 δεη-

421 3017 537 3078 θεὶς
603 3015 741 3084 τρὸς
807 3016 986 3084 μάχην
1051 3016 1214 3069 αὐτὸν
1276 3016 1690 3086 ἐποτρύνοντος,
1754 3019 2006 3091 καθάπερ

425 3109 556 3162 ποτε
615 3111 708 3161 τὸν
778 3105 1018 3178 Ἀτρέως
1082 3108 1509 3178 Ἀγαμέμνονα,
1562 3111 1679 3165 ἄλλ’
1735 3111 2008 3174 ἀναζέσας

2184 2746 2281 2801 llis
2303 2747 2508 2802 auditis
2527 2743 2848 2816 imperator,
2870 2741 3078 2794 veritus
3114 2753 3182 2792 ne
3203 2734 3392 2805 legali,
3419 2727 3692 2785 univerSiS

2114 2842 2335 2914 Scythis
2366 2841 2659 2909 iustigatis,
2692 2853 2751 2893 se
2788 2836 3156 2895 adorirentur,
3191 2845 3301 2884 non
3335 2825 3548 2882 somnio
3569 2837 3666 2892 ege

2113 2911 2230 2999 bat,
2261 2947 2388 3002 quo,
2415 2940 2473 2983 ut
2498 2929 2646 2984 Atrei
2678 2927 2953 2997 quondam
3004 2920 3145 2976 illius
3189 2922 3585 2988 Agamemnon,
3626 2911 3692 2962 al

2113 3040 2347 3095 pugnam
2384 3022 2795 3084 concitaretur;
2853 3017 2986 3088 quin
3033 3017 3216 3086 potius
3262 3014 3405 3065 ultro
3460 3009 3692 3075 flagrans

2117 3117 2418 3185 cupiditate
2470 3113 2663 3183 praelii,
2717 3110 2946 3175 Sidera,
3001 3108 3117 3163 sive
3166 3105 3366 3161 Ferrea
3404 3103 3577 3169 (locus
3612 3107 3691 3152 est

428 3204 562 3272 πρὸς
605 3203 813 3274 μάχην,
853 3207 949 3258 καὶ
980 3203 1082 3271 τὴν
1120 3203 1358 3273 Σιδηράν
1399 3203 1536 3271 μετὰ
1570 3205 1679 3257 τῶν
1707 3208 2005 3274 ταγμάτων

2118 3209 2278 3282 paulo
2302 3208 2551 3277 superius
2583 3205 2922 3269 nominatus)
2955 3216 3078 3256 cum
3102 3197 3408 3267 legionibus
3440 3194 3690 3262 trajectu,

423 3294 674 3359 διελθὼν,
709 3295 801 3347 τὸν
855 3295 1077 3367 χάρακα
1129 3296 1258 3366 περὶ
1307 3295 1407 3367 τὴν
1438 3295 1693 3360 Βιτζίναν
1721 3297 1960 3368 ἐπήξατο
1989 3315 2004 3330 ο

429 3387 672 3457 ποταμὸς
730 3386 786 3440 δὲ
842 3382 1000 3450 οὗτος
1060 3387 1168 3440 ἀπὸ
1220 3387 1329 3440 τῶν
1391 3389 1816 3458 παρακειμένων
1864 3391 2010 3459 ὀρῶν

445 3479 602 3549 ῥέων.
663 3479 859 3533 Πολλοὶ
933 3479 991 3532 δὲ
1044 3479 1350 3548 τηνικαῦτα
1409 3483 1792 3550 χορταγωγίας
1851 3487 2011 3554 χάριν

444 3569 542 3620 τοῦ
584 3570 815 3640 χάρακος
850 3566 1162 3636 ἐξελθόντες
1201 3573 1297 3624 καὶ
1346 3572 1682 3644 πορρωτέρω
1727 3574 2012 3644 γενόμενοι

438 3657 776 3728 ἀνῃρέτησαν
824 3660 895 3724 ⁷⁸,
955 3661 1138 3713 πολλοὶ
1197 3661 1254 3714 δὲ
1305 3663 1400 3714 καὶ
1465 3663 1901 3734 κατεσχέθησαν.
1952 3665 2012 3717 '0

429 3748 489 3800 δὲ
548 3750 910 3823 αὐτοκράτωρ
962 3753 1103 3805 κατὰ
1151 3751 1212 3804 τὸ
1265 3751 1596 3822 περίορορον
1648 3754 1784 3823 ταχὺ
1843 3769 2012 3807 κατα-

427 3839 830 3912 λαμϐάνειτὴν
876 3843 1185 3896 Πλισκὸϐαν
1231 3843 1364 3913 (94),
1424 3846 1681 3898 κάκεῖθεν
1732 3847 1812 3910 εἰς
1843 3848 2011 3917 ἀκρο-

424 3933 627 4002 λοφίαν
665 3934 790 3990 τινὰ
827 3935 929 4001 τὴν
963 3933 1058 3988 τοῦ
1097 3937 1384 4005 Συμεῶνος
1410 3940 1456 3971 ⁷⁸
1492 3938 1838 4009 καλουμένην
1865 3941 2014 3993 ἄνει-

427 4046 539 4094 σιν,
577 4028 613 4100 ἢ
660 4029 757 4083 καὶ
790 4029 1175 4100 βουλευτήριον
1219 4031 1263 4063 ⁷⁷
1315 4031 1422 4084 τῶν
1470 4032 1696 4085 Σκυθῶν
1731 4034 2015 4104 ἐγχωρίαις

423 4119 777 4189 ὠνομάζετο.
830 4120 911 4173 Τὰ
953 4121 1092 4175 αὐτὰ
1137 4121 1194 4174 δὲ
1243 4122 1409 4176 πάλιν
1450 4124 1549 4192 τῆς
1594 4125 1703 4176 τῶν
1738 4125 2014 4195 χρειωδῶν

427 4213 779 4282 συγκομιδῆς
828 4212 992 4284 χάριν
1047 4217 1161 4278 τοῖς
1213 4216 1314 4283 τῆς
1373 4217 1731 4287 παρεμσολῆς
1795 4217 2016 4287 μακρὰν

427 4307 754 4373 γενομένοις
789 4306 1096 4360 συνέϐαινε.
1156 4307 1233 4378 Τῇ
1283 4309 1338 4361 δὲ
1401 4309 1520 4378 μετ’
1575 4311 1744 4379 αὐτὴν
1789 4311 1834 4342 ⁷⁸
1864 4311 2017 4380 παρά

425 4415 558 4452 τινα
593 4398 840 4468 ποταμὸν
872 4398 1090 4469 ἔρχεται
1131 4399 1302 4470 ἀγχοῦ
1338 4400 1437 4470 τῆς
1479 4401 1751 4472 Δρίστρας
1796 4403 2014 4472 ῥέοντα,

2117 3303 2315 3358 vallum
2355 3301 2421 3353 ad
2459 3299 2726 3352 Bitzinam
2755 3296 2885 3366 ﬁgit.
2922 3293 3145 3347 Fluvius
3185 3301 3270 3345 est
3322 3306 3386 3344 ex
3434 3287 3694 3355 adjacen-

2117 3398 2264 3452 tibus
2298 3393 2470 3449 fluens
2528 3393 2824 3446 montibus.
2875 3388 3032 3444 Tunc
3070 3385 3224 3440 multi
3277 3383 3624 3452 pabulatores
3663 3393 3694 3430 e

2119 3488 2326 3544 nostris
2357 3485 2570 3556 longius
2614 3482 2909 3552 progressi,
2945 3478 3196 3532 trucidati
3231 3483 3358 3529 sunt
3389 3489 3417 3525 a
3452 3469 3691 3540 Scythis,

2119 3579 2271 3634 multi
2319 3579 2484 3632 etiam
2520 3576 2687 3644 capti.
2722 3574 2791 3627 At
2840 3574 3141 3642 imperator
3191 3568 3338 3622 circa
3392 3562 3692 3618 dilurulutn

2117 3683 2337 3726 strenue
2373 3666 2682 3722 Pliscobam
2711 3671 2941 3732 occupat
2973 3679 2988 3717 :
3038 3662 3269 3729 illlll'QIle
3300 3658 3354 3711 in
3399 3653 3690 3724 quemdam

2117 3765 2402 3824 verticem,
2438 3763 2746 3833 Symeouis,
2778 3759 3006 3818 dictum,
3040 3752 3306 3814 ascendit,
3339 3749 3431 3818 qui
3471 3758 3525 3800 et
3569 3743 3692 3796 vul-

2116 3858 2229 3927 gari
2282 3855 2460 3922 lingua
2515 3850 2922 3911 Buleuterium,
2980 3847 3095 3900 sive
3147 3842 3308 3897 Curia
3364 3837 3690 3908 Scytharum

2120 3949 2431 4004 nominatur
2465 3948 2531 4000 ab
2567 3943 2855 4014 indigenis.
2891 3942 2991 3995 ilic
3040 3940 3236 3992 iterum
3269 3932 3468 3988 similia
3521 3927 3692 3982 nostri

2120 4041 2265 4112 passi
2299 4048 2448 4103 sunt,
2479 4038 2570 4108 qui
2601 4036 2782 4106 pabuli
2809 4043 3090 4089 caeterazve
3138 4041 3367 4083 annona:
3409 4037 3570 4078 causa
3631 4021 3696 4072 li-

2118 4135 2329 4188 centius
2360 4149 2389 4185 a
2423 4130 2620 4184 vicinia
2650 4137 2954 4182 castrorum
2996 4130 3335 4178 recesserant
3372 4132 3438 4172 :a
3477 4115 3696 4186 Scythis

2121 4222 2374 4277 nimirum
2410 4220 2558 4282 caesi,
2595 4219 2722 4272 item
2757 4226 2815 4270 ut
2867 4217 2900 4269 ii
2947 4227 3178 4283 quorum
3213 4211 3372 4281 paulo
3411 4217 3539 4260 ante
3582 4219 3696 4256 me-

2121 4316 2396 4370 minimus.
2455 4311 2721 4366 Postridie
2769 4318 2991 4364 ventum
3044 4306 3111 4361 ad
3152 4305 3350 4359 (lumen
3399 4311 3482 4356 est
3531 4313 3696 4369 prope

2123 4409 2386 4461 Dristram
2414 4403 2608 4468 ﬂuens,
2637 4418 2738 4456 nec
2766 4401 2886 4468 plus
2917 4401 2982 4452 ab
3021 4413 3082 4451 ea
3118 4397 3326 4450 distans
3372 4407 3532 4460 quam
3578 4399 3693 4442 sta-

429 4491 530 4543 καὶ
597 4489 731 4544 ὡσεὶ
798 4492 1047 4558 σταδίους
1099 4493 1276 4548 εἴκοσι
1343 4495 1480 4565 πρὸς
1537 4497 1652 4554 τοῖς
1712 4495 2005 4568 τέσσαρσιν

2122 4501 2221 4554 diis
2250 4498 2421 4553 ferme
2442 4503 2671 4566 quatuor
2694 4507 2859 4563 supra
2892 4489 3098 4560 viginti.
3134 4487 3213 4542 lbi
3246 4487 3371 4540 dum
3398 4485 3696 4552 imperator

1497 4631 1695 4693 νει-ιω
1727 4631 2028 4694 lectiones
2063 4649 2138 4692 ex
2177 4630 2318 4693 cod.
2353 4627 2622 4691 Coislin.

509 4729 555 4762 ⁷³
577 4731 827 4799 ἀφανιίς.
859 4729 993 4787 fors.
1019 4731 1337 4800 ἀναφανείς.
1411 4732 1456 4766 ⁷⁸
1480 4734 1710 4788 ἑαυτῶν.
1787 4737 1831 4766 ⁷⁵
1857 4735 2224 4807 ἀνῃρέθησαν.

2311 4735 2355 4768 ⁷⁸
2378 4732 2626 4803 Συμεών.
2702 4730 2748 4766 ⁷⁷
2775 4728 3178 4800 βουλευτήριος.
3251 4723 3300 4757 ⁷⁸
3329 4722 3531 4776 αὐτῶν.

1500 4848 1642 4908 Car.
1682 4847 2007 4911 Dufresnii
2042 4849 2138 4912 Du
2177 4846 2400 4926 Cangii
2441 4852 2634 4908 notia.

538 4972 628 5039 93)
670 4974 903 5041 Μικρὰν
956 4973 1234 5028 Νίκαιαν.
1285 4973 1419 5037 Quae
1455 4972 1509 5025 in
1556 4975 1688 5026 edit.
1733 4973 2010 5027 "(BSClleL

436 5045 676 5108 Νικίτζα
707 5044 1149 5112 ὑποκοριστικῶς
1193 5043 1416 5105 dicitur,
1451 5044 1515 5096 ad
1550 5043 1843 5097 discrimen
1916 5043 2012 5096 Ni-

443 5134 573 5172 cmze
607 5117 662 5170 in
692 5115 967 5185 Bithynia,
999 5129 1180 5185 quani
1204 5115 1456 5185 Magnam
1494 5123 1651 5185 vocat
1676 5113 2018 5185 Villhardui-

444 5203 678 5266 mus,_n.
702 5181 1230 5266 257'et_'2.i7.”1'\’iz.
1265 5181 1540 5266 Willelnto
1596 5184 1783 5266 ’ξφ-ὼ,
1819 5183 1921 5266 lib.
1955 5199 2008 5244 ιι,

442 5273 572 5326 cap.
601 5256 654 5309 4.
691 5255 784 5308 Nit
817 5263 870 5306 et
895 5252 1027 5336 {Vita
1057 5254 1230 5334 Odoni
1265 5254 1332 5308 de
1363 5253 1592 5322 Diogilo,
1620 5251 1717 5333 lib.
1753 5270 1810 5314 ιι,
1850 5251 2014 5305 Nissa

445 5329 503 5380 in
563 5324 770 5395 Exped.
819 5323 1039 5395 Friller.
1093 5317 1314 5395 Nissen,
1367 5322 1646 5395 Tagenont
1679 5323 2011 5395 Pataviensi,

444 5395 594 5464 Νίκη
646 5391 751 5464 τῆς
803 5393 1028 5464 Θρᾴκης
1094 5392 1330 5459 Socrati,
1375 5391 1474 5464 lib.
1534 5409 1597 5454 tt,
1663 5409 1787 5460 cap.
1824 5391 1924 5464 5f};
1955 5403 2004 5446 et

445 5467 547 5520 lib.
570 5461 643 5529 tv,
671 5461 795 5532 cap.
829 5461 1300 5527 1’1“.’Ξ“Ιιοοιιοι·ἰιο,
1331 5463 1425 5516 lib.
1470 5478 1526 5525 Il,
1561 5477 1680 5532 cap.
1713 5464 1802 5516 21.
1841 5461 2004 5532 Νιρε-

448 5537 626 5604 phoro
657 5530 796 5604 Gai—1.
823 5535 918 5587 lib.
964 5549 1039 5597 ιχ,
1069 5549 1190 5601 cap.
1214 5533 1302 5585 il.
1345 5530 1644 5601 Procopio,
1677 5533 1748 5587 De
1797 5530 2002 5604 eam.

446 5602 547 5660 lib.
585 5621 660 5658 tv.
694 5602 849 5664 Nice,
885 5604 1177 5657 Ammiano
1201 5604 1298 5656 lib.
1331 5618 1479 5666 xxxi,
1511 5611 1566 5656 et
1592 5604 1814 5656 Auctori
1841 5602 2004 5670 329

451 5675 734 5728 ltinerarii
773 5673 1060 5740 Burdegal.
1109 5672 1314 5734 Ναισδς
1366 5672 1631 5725 Cinnatno
1662 5689 1767 5726 non
1814 5679 2004 5733 semel,

444 5744 658 5798 Matuta
687 5743 1007 5812 simpliciter
1057 5744 1398 5812 Sozomeno,
1435 5741 1532 5812 lib.
1563 5757 1636 5805 tv,
1669 5758 1792 5812 cap.
1830 5742 1918 5801 15,
1951 5750 2004 5795 et

453 5813 704 5869 Aruoldo
742 5809 946 5868 Lubcc.
980 5813 1077 5869 lib.
1124 5829 1186 5881 ιι,
1223 5809 1426 5882 cap.4.
1477 5810 1627 5866 llanc
1673 5809 1826 5885 prius
1861 5812 1992 5867 Usta

2122 4977 2244 5029 dizo
2280 4974 2482 5028 dictam
2544 4978 2802 5025 asserunt
2835 4967 3159 5036 Fragmenta
3216 4969 3275 5022 S.
3317 4967 3527 5039 Hilarii.
3563 4983 3691 5039 pag.

2122 5046 2230 5107 56;
2277 5054 2332 5098 et
2374 5042 2716 5096 mansionem
2771 5049 2979 5092 tantum
3011 5040 3204 5104 fuisse,
3240 5039 3341 5107 hoc
3377 5047 3481 5102 cst,
3509 5038 3690 5091 locum
3787 5103 3789 5105 ι

2125 5106 2402 5168 mutandis
2450 5111 2604 5180 equis
2651 5110 2886 5178 publicis
2917 5111 3186 5180 dicatum.
3238 5106 3693 5180 Exstititpﬁostea

2123 5185 2319 5240 civitas
2367 5178 2604 5251 egregia,
2656 5187 2713 5232 ut
2761 5194 2828 5233 ex
2879 5179 3056 5251 ruinis
3085 5181 3356 5251 cernitur,
3394 5178 3696 5251 sedhodie

2122 5255 2297 5308 instar
2322 5247 2427 5308 vici
2466 5247 2686 5304 redacta
2716 5259 2821 5318 est,
2851 5259 2904 5302 et
2935 5265 2963 5302 a
2993 5249 3186 5303 Turcis
3224 5257 3278 5302 et
3309 5247 3560 5318 Bulgaris
3597 5251 3697 5318 ha-

2120 5325 2312 5385 bitata,
2345 5333 2404 5377 ιιι
2425 5332 2623 5377 auctor
2648 5328 2733 5372 est
2761 5316 2913 5372 Felix
2953 5320 3268 5381 Petancius,
3310 5319 3366 5371 in
3399 5316 3584 5385 libello
3617 5317 3695 5371 De

2114 5384 2349 5448 itinerib.
2407 5387 2748 5462 aggrediendi
2813 5388 3072 5457 Turcum,
3134 5404 3256 5459 cap.
3291 5389 3344 5453 1,
3386 5387 3477 5441 ubi
3513 5384 3692 5440 Nesus

2112 5473 2485 5533 nuncupatur.

2188 5523 2314 5605 (94f
2334 5533 2703 5587 Πλισκόῧαν.
2731 5531 3044 5605 Pliscobam
3090 5525 3449 5605 expugnavit,
3469 5523 3694 5605 Bulgaf

2115 5596 2304 5673 risque
2358 5604 2588 5658 abstulit
2652 5604 2905 5673 Basilius
2949 5596 3693 5673 Bulgarect.__uti“tradunt

2117 5665 2359 5728 Zonaras
2389 5683 2440 5728 et
2473 5673 2758 5743 Scylitzes.
2791 5673 2835 5724 A
2867 5665 3228 5743 Constantino
3258 5665 3328 5723 Μ.
3365 5665 3689 5720 aediﬁcatam

2132 5754 2325 5800 auctor
2353 5751 2436 5801 est
2468 5737 2734 5810 Codinus,
2767 5744 2818 5798 iu
2859 5741 3006 5810 Orig.
3033 5737 3148 5794 Cl’.
