4112 6388
390 288 509 346 {vf-.9

1636 292 2061 354 ALEXIADIS
2099 296 2248 355 LIB.
2274 296 2411 357 VII.

3542 301 3647 361 5'70

386 403 493 456 τοῦ
556 401 825 472 βασιλέως
885 402 1141 468 σπονδὰς,
1195 405 1534 470 ἐξαιτοῦνται
1586 408 1817 462 διελθεῖν
1879 409 1981 472 τὰς

2094 411 2341 469 claustris
2372 415 2670 482 penetralis
2703 429 2946 486 pugnare
2964 430 3087 471 cum
3118 416 3359 489 Scythis.
3402 418 3520 475 Non
3562 436 3663 489 po-

387 492 745 562 κλεισούρας,
805 492 899 546 καὶ
957 493 1286 566 προσϐαλεῖν
1342 501 1456 562 τοῖς
1508 499 1766 565 Σκύθαις.
1816 502 1876 554 '0
1923 501 1980 554 δὲ

388 584 541 656 πρὸς
588 584 743 639 τοῦτο
777 587 1030 642 ἀνένευσε
1071 590 1436 662 προεφθακὼς
1470 592 1802 647 σπείσασθαι
1842 593 1982 663 μετὰ

387 677 508 730 τῶν
540 676 782 743 Σκυθῶν,
803 679 996 748 εἰπὼν,
1032 681 1137 746 ὡς⁸
1160 684 1230 736 Οὐ
1264 685 1420 754 χρεία
1447 684 1506 737 τὸ
1531 684 1703 754 παρὸν
1733 685 1982 756 βοηθείας

394 772 556 839 ἡμῖν,
610 768 870 834 λαϐόντες
922 772 1081 825 ἱκανὰ
1139 774 1615 845 ὲπαναστρέψατε.
1668 777 1777 830 Καὶ
1834 777 1983 845 φιλοο

401 862 808 931 φρονησάμενος
894 865 1019 926 τοὺς
1085 866 1382 935 πρέσϐεις’,
1455 867 1609 937 δῶρά
1669 886 1728 922 τε
1817 868 1982 923 ἱκανὰ

406 952 619 1014 ἐπιδοὺς
672 947 791 1019 μετ’
866 955 1089 1025 εἰρήνης
1150 958 1459 1011 ἀπέστειλε.
1524 958 1697 1012 Τοῦτο
1778 958 1981 1027 θάρσος

918 1049 1172 1109 ἐνέϐαλε.
1239 1051 1335 1102 καὶ
1411 1052 1975 1121 πιρασπονδήσαντες

396 1137 499 1202 τῆς
584 1141 849 1210 προτέρας
917 1141 1315 1212 ἀπανθρωπίας
1386 1145 1595 1214 είχοντο
1665 1146 1981 1216 ληϊζόμενοι

391 1229 499 1288 τάς
562 1234 984 1302 παρακειμένας
1056 1234 1240 1296 πόλεις
1304 1235 1400 1289 καὶ
1454 1235 1659 1307 χώρας.
1721 1236 1983 1291 Ἀστατεῖ

390 1321 511 1392 γὰρ
560 1322 636 1385 ὡς
705 1324 910 1378 ἐπίπαν
978 1328 1126 1382 ἅπαν
1188 1330 1247 1381 τὸ
1310 1328 1607 1400 βάρϐαρον,
1662 1330 1757 1383 καὶ
1820 1347 1981 1383 σπον-

389 1414 496 1476 δὰς
528 1416 817 1483 φυλάττειν
854 1419 916 1471 οὐ
939 1420 1169 1486 πέφυκε.
1202 1419 1371 1473 Τοῦτο
1411 1419 1743 1489 θεασάμενος
1783 1424 1810 1475 6
1841 1422 1981 1476 Συν-

390 1508 549 1571 έσιος
589 1510 955 1579 ἐπανέρχεται
997 1511 1133 1582 πρδς
1178 1513 1270 1565 τὸν
1349 1513 1575 1584 βασιλέα
1604 1516 1982 1584 αὐτεπάγγελ-

391 1618 491 1663 τος
521 1600 930 1673 [αὐτάγγελοςῂ
958 1604 1207 1676 μηνυτὴς
1231 1606 1471 1673 γεγονὼς
1502 1606 1599 1674 τῆς
1622 1607 1730 1661 τῶν
1761 1608 1983 1662 Σκυθῶν

392 1694 795 1764 ἀγνωμοσύνης
828 1698 920 1749 καὶ
957 1697 1345 1765 παραϐάσεως.
1377 1698 1489 1767 Τὴν
1551 1698 1980 1754 Φιλιππούπολιν

403 1048 515 1106 τοῖς
593 1045 825 1111 Σκύθαις

2088 501 2264 556 tnit.id
2295 518 2537 559 annuere
2570 505 2866 573 Augustus,
2905 504 3112 561 findere
3145 508 3307 575 paulo
3356 518 3482 563 ante
3530 508 3665 579 Scy-

2088 592 2231 646 thico
2260 594 2536 650 concluso;
2566 594 2797 663 Legatos
2840 606 3018 651 tamen
3067 595 3440 653 Comanorum
3495 601 3662 655 bene-

2083 684 2202 737 vole
2227 700 2290 739 ac
2331 685 2583 741 muniﬁce
2611 688 2842 758 accepit,
2882 689 3149 757 donisque
3185 701 3442 745 oneratos
3476 694 3653 746 dimit-

2085 783 2225 839 tens,
2277 778 2553 831 mandavit
2586 788 2641 831 ut
2672 794 2773 833 suo
2797 781 3018 834 nomine
3046 782 3305 835 Comanis
3348 783 3619 835 referrent
3648 800 3663 837 :

2087 866 2467 934 imperatorem
2502 867 2554 923 in
2611 885 2852 938 prmsens
2879 870 3094 938 quidem
3133 872 3336 926 habere
3369 872 3502 941 ipsis
3536 888 3666 941 gra-

2087 959 2211 1020 tias,
2257 973 2359 1015 nec
2406 961 2551 1014 enim
2604 962 2805 1017 auxilio
2851 978 3063 1030 egere:
3126 979 3329 1033 cupere
3376 976 3553 1018 autem
3610 975 3667 1017 ut

2086 1051 2185 1119 ipsi
2221 1052 2536 1107 muneribus
2566 1068 2669 1107 non
2723 1056 2903 1121 parvis
2941 1070 3061 1123 qua
3101 1057 3167 1109 ad
3210 1059 3361 1124 ipsos
3400 1058 3669 1112 missurus

2084 1153 2246 1206 esset,
2288 1144 2554 1211 acceptis.
2591 1145 2831 1199 redirent
2874 1147 2926 1199 in
2958 1147 3151 1202 domos
3181 1162 3330 1201 suas.
3366 1147 3443 1200 Eo
3483 1147 3665 1209 facto,

2086 1231 2298 1287 liberati
2341 1246 2487 1289 metu
2536 1236 2771 1307 Scytha,
2807 1237 2956 1292 nullo
2996 1239 3108 1307 jam
3153 1238 3378 1294 [traderis
3412 1249 3673 1308 respectu

2086 1322 2368 1379 audaciam
2404 1326 2829 1392 continuerunt,
2862 1328 2960 1384 sed
3002 1329 3054 1383 in
3098 1329 3387 1385 latrocinia
3427 1341 3488 1385 ut
3515 1333 3667 1400 prius

2085 1416 2239 1473 επιιεί
2283 1418 2493 1473 vicinas
2537 1419 2642 1475 late
2678 1420 2844 1475 urbes
2886 1430 2940 1477 et
2971 1423 3224 1489 regiones
3268 1421 3669 1476 crudelissimis

2088 1510 2518 1581 grassationihus
2566 1509 2794 1568 infestas
2832 1520 2889 1567 et
2930 1513 3430 1579 depraedationibus
3496 1513 3668 1568 habe-

2088 1602 2237 1655 bant.
2275 1600 2676 1671 lnquietissima
2711 1604 2910 1673 quippe
2952 1612 3146 1658 natura
3178 1606 3542 1658 Barbarorum
3562 1614 3669 1667 est,

2090 1694 2442 1764 indocilisque
2472 1695 2707 1750 maxime
2727 1696 2888 1766 203
2913 1697 3121 1752 indoles
3140 1698 3205 1751 ad
3233 1707 3519 1767 pacton
3539 1711 3675 1751 con-

392 1784 456 1837 at
506 1785 710 1839 τούτων
744 1763 1273 1858 καταλαμϐανόντων
1304 1792 1324 1822 ⁹
1348 1830 1363 1854 ,
1400 1763 1558 1844 τοῦτο
1589 1790 1926 1862 μεμαθηκὼς
1958 1794 1984 1845 ὁ

2094 1796 2372 1841 ventorum
2404 1788 2861 1842 observationem.
2907 1789 3065 1843 Redit
3095 1803 3228 1857 ergo
3262 1790 3329 1842 ad
3378 1789 3674 1855 imperato.

398 1875 690 1945 βασιλεὺς,
728 1879 785 1928 ὲν
816 1880 1097 1950 ἀμηχανίᾳ
1132 1870 1449 1945 καθίστατο,
1478 1882 1808 1952 άποχρώσας
1840 1882 1971 1952 πρὸς

394 1965 641 2021 τοσαῦτα
678 1968 852 2040 πλήθη
893 1972 967 2039 μὴ
1008 1971 1147 2041 ἔχων
1192 1972 1472 2043 δυνάμεις,
1524 1973 1666 2027 ὥστε
1699 1975 1835 2038 ὅλως
1881 1977 1982 2045 τὴν

398 2056 526 2126 μετ’
551 2058 735 2112 αὐτῶν
768 2061 949 2130 μάχην
999 2062 1378 2127 ἀναδέξασθαι.
1456 2064 1672 2129 Ὀποῖος
1730 2065 1787 2119 δὲ
1835 2068 1984 2119 ἐκεῖ·

395 2166 493 2212 νος
524 2151 583 2203 ἑν
614 2151 920 2222 ἀμηχάνοις
950 2154 1146 2225 πόρους
1175 2154 1466 2226 εὑρίσκων.
1502 2157 1596 2211 καὶ
1628 2156 1988 2227 μηδοπωσοῦν

406 2242 786 2295 καταπίπτειν
812 2246 871 2295 ὲν
914 2246 1305 2315 περιστάσεσιν
1337 2247 1567 2311 είωθὼς,
1610 2249 1719 2302 δεῖν
1753 2249 1896 2317 ἔγνω
1919 2247 1989 2301 δι’

400 2330 823 2400 ἀκροϐολισμῶν
854 2335 945 2385 καὶ¹
966 2334 1137 2403 λόχων
1165 2336 1264 2405 τὴν
1289 2337 1494 2388 τούτων
1524 2336 1822 2406 μελετῆσαι
1847 2335 1985 2389 καθ-

401 2423 643 2493 αίρεσιν.
722 2423 829 2477 Καὶ
861 2424 1005 2478 οὕτω
1038 2430 1445 2497 στοχασάμενος
1484 2427 1591 2481 τῶν
1625 2429 1829 2486 τόπων.
1886 2428 1984 2481 καὶ

400 2516 514 2569 τῶν
554 2517 788 2581 πόλεων,
836 2517 967 2570 ἔνθα
1025 2519 1472 2589 καταλαμϐάνειν
1528 2521 1728 2572 ἐκεῖνοι
1769 2519 1981 2589 πρωίας

402 2608 658 2679 ἔμελλον,
708 2610 870 2672 αὐτὸς
898 2610 1137 2680 ἑσπέρας
1167 2610 1264 2681 τὴν
1296 2611 1504 2664 τούτων
1535 2610 1993 2683 προκατελάμϐα-

402 2717 498 2753 νεν
530 2699 771 2763 ἐλευσιν,
818 2700 867 2752 εί
911 2699 967 2753 δὲ
998 2700 1238 2769 ἑσπέρας
1264 2700 1489 2763 τούτους
1522 2701 1869 2771 ἐμεμαθήκει
1900 2700 1991 2753 τό-

406 2807 511 2845 πον
540 2791 665 2844 τινὰ
699 2790 1057 2857 καταλαϐεῖν,
1114 2793 1322 2855 ἐκεῖνος
1356 2794 1445 2845 τὸν
1493 2790 1740 2846 τοιοῦτον
1774 2793 1990 2862 πρωῖας

404 2882 822 2952 κατελάμϐανε.
863 2885 969 2936 Καὶ
991 2885 1066 2947 ὡς
1096 2886 1326 2954 δύναμις
1356 2884 1423 2939 δι’
1456 2885 1874 2956 ἀκροϐολισμῶν
1899 2888 1992 2937 καὶ

406 2976 586 3048 λόχων
626 2977 915 3049 πόρρωθεν
966 2977 1103 3047 πρὸς
1156 2979 1354 3040 αὐτοὺς
1408 2979 1748 3049 ἀπεμάχετο,
1803 2977 1879 3042 ὡς
1917 2979 1991 3048 μὴ

2089 1892 2203 1931 rem
2265 1875 2526 1948 Synesius
2575 1878 2822 1932 oculatus
2872 1878 3032 1933 index
3096 1889 3317 1932 mutata:
3373 1878 3677 1933 voluntatis

2089 1978 2253 2037 atque
2323 1968 2721 2038 ingratissime
2779 1968 3024 2038 perﬁdiae
3070 1968 3461 2024 Barbarorum.
3518 1969 3675 2024 Brevi

2088 2070 2274 2128 postea
2318 2060 2598 2114 nuntiatur
2650 2060 2961 2128 pervenisse
3010 2061 3120 2129 jam
3172 2075 3268 2117 eos
3331 2059 3677 2129 Philippopo-

2090 2151 2222 2218 lim;
2269 2167 2387 2217 quaa
2440 2167 2527 2207 res
2578 2167 2766 2206 curam
2817 2152 3088 2219 ingentem
3151 2153 3390 2208 incussit
3438 2153 3675 2220 impera-

2093 2244 2192 2297 tori
2223 2243 2288 2297 ad
2322 2243 2563 2313 praelium
2594 2256 2786 2297 contra
2820 2253 3024 2297 tantam
3060 2244 3465 2298 multitudinem
3504 2244 3675 2297 hand-

2091 2348 2361 2403 quaquam
2431 2333 2640 2387 idoneis
2712 2333 2980 2388 instructo
3046 2336 3241 2403 copiis.
3312 2333 3561 2395 Tamen,
3618 2343 3672 2387 ul

2091 2424 2270 2478 animo
2300 2435 2418 2478 erat
2472 2434 2655 2478 erecto
2694 2438 2910 2494 semper
2950 2440 3015 2479 ac
3054 2426 3339 2496 praesenti,
3366 2442 3537 2493 quem
3576 2441 3675 2481 nec

2091 2518 2313 2571 adversa
2343 2517 2655 2587 dejicerent,
2678 2531 2773 2570 nec
2801 2518 3209 2582 contttrbarent,
3238 2518 3400 2572 dubia
3424 2533 3679 2583 casuum,

2090 2623 2198 2678 quo
2244 2610 2424 2664 minus
2481 2620 2691 2662 certum
2751 2609 2804 2661 in
2869 2607 3033 2662 rebus
3080 2609 3380 2676 quamlibet
3451 2609 3679 2673 incertis

2093 2700 2380 2755 consilium
2408 2700 2711 2767 expediret,
2749 2699 2994 2754 decrevit
3038 2701 3128 2754 tali
3177 2710 3423 2766 tempore
3467 2700 3681 2755 insidiis

2094 2799 2303 2845 tantum
2337 2805 2401 2845 ac
2430 2788 2591 2844 furtis
2625 2790 2770 2853 belli,
2792 2791 3100 2859 subitisque
3124 2791 3533 2845 velitationibus
3565 2806 3677 2843 rem

2095 2884 2407 2953 gerendam.
2448 2882 2555 2937 isto
2589 2883 2724 2936 adeo
2751 2884 2980 2937 consilio
3006 2883 3302 2952 procedere
3339 2883 3504 2937 audet
3550 2898 3678 2934 cum

2096 2973 2283 3043 paucis
2338 2974 2389 3026 itt
2423 2973 2897 3027 innumerabilium
2944 2989 3264 3033 occursum,
3304 2975 3522 3026 obstare
3559 2989 3681 3028 cer-

406 3070 703 3140 ἰγκρατεῖς
750 3069 953 3130 αὐτοὺς
1000 3070 1248 3138 γίνεσθαι
1296 3071 1405 3124 τῶν
1452 3072 1752 3142 φρουρίων.
1803 3070 1988 3126 Κατα-

2103 3076 2189 3121 tus
2264 3067 2645 3135 progressibus
2726 3066 3020 3119 ruentium.
3086 3064 3496 3119 lnlercludebat
3580 3065 3684 3117 iter

400 3162 781 3234 λαμϐάνουσιν
821 3162 876 3215 δὲ
917 3163 1086 3233 ἄμφω
1114 3163 1246 3216 οἵτε
1279 3165 1483 3217 Σκύθαι
1520 3165 1612 3218 καὶ
1665 3166 1693 3218 ὀ
1727 3164 1999 3235 αὐτοκρά-

405 3270 520 3320 τωρ
567 3253 636 3308 τὰ
683 3251 937 3322 meum
976 3254 1076 3323 (7).
1129 3254 1284 3308 Ἐπεὶ
1314 3254 1370 3308 δὲ
1413 3255 1476 3308 τὸ
1504 3255 1860 3325 ἐλπιζόμενον
1902 3272 1994 3325 μι-

414 3344 739 3415 σθοφορικὸν
766 3344 920 3398 οῦπω
948 3344 1237 3409 κατέλαϐε,
1263 3344 1551 3414 γινώσκων
1582 3347 1608 3398 6
1638 3346 1996 3417 αὐτοκράτωρ

419 3434 487 3487 sb
528 3435 843 3506 ὀξυκίνητον
878 3435 988 3488 τῶν
1041 3436 1287 3502 Σκυθῶν,
1353 3437 1446 3489 καὶ¹
1479 3436 1625 3506 ὀρῶν
1664 3437 1863 3499 αὐτοὺς
1892 3438 1996 3509 ἤδη

429 3528 529 3579 καὶ
553 3526 710 3599 αὑτὴν
736 3529 840 3600 τὴν
882 3528 1132 3599 βασιλίδα
1173 3528 1700 3598 καταλαμϐάνοντας
1747 3529 1857 3582 τῶν
1894 3531 1994 3582 πό-

424 3617 566 3672 λεων
592 3617 684 3685 ξὺν
726 3622 886 3691 τάχει
940 3621 1125 3690 πολλῷ
1176 3623 1234 3673 ὲν
1278 3620 1560 3691 ἀμηχανία
1611 3615 1700 3691 ἦν.
1756 3620 1868 3674 Καὶ
1921 3621 1997 3691 μὴ

413 3711 747 3783 ἀποχρώσας
781 3713 1042 3780 δυνάμεις
1079 3712 1215 3783 πρὸς
1249 3712 1487 3767 τοσαῦτα
1521 3712 1702 3783 πλήθη
1736 3713 1899 3781 ἔχων.
1936 3712 1998 3766 τδ

412 3806 491 3875 μή
509 3806 715 3875 χεῖρον,
744 3805 772 3857 ὅ
795 3821 980 3872 φασιν,
1008 3803 1219 3874 βέλτιον
1235 3803 1615 3874 λογισάμενος,
1641 3805 1997 3874 πρὸςείρηνι-

410 3899 517 3961 κάς
548 3892 707 3960 αὖθις
728 3895 923 3950 ἀπεῖδε
945 3895 988 3927 ¹⁰
1014 3896 1270 3958 σπονδάς.
1311 3896 1527 3966 Ἐρωτᾷ
1548 3895 1703 3962 γοῦν,
1738 3896 2000 3966 πρέσϐεις

408 3987 740 4052 ἀποστείλας
775 3987 913 4054 πρὸς
945 3985 1141 4048 αὐτοὺς
1163 3986 1231 4039 τά
1263 3986 1393 4055 περὶ
1431 3988 1683 4057 εἰρήνης.
1738 3987 1801 4038 Οἱ
1830 3986 1876 4037 δ’
1899 3982 1997 4039 αὖ·

410 4082 498 4147 θις
520 4082 596 4151 τῷ
618 4082 712 4135 τοῦ
738 4081 1004 4151 βασιλέως
1035 4078 1263 4142 ὖπειξαν
1288 4078 1576 4148 θελήματι.
1610 4080 1935 4151 Προέφθακι
1956 4080 1997 4112 ¹¹

412 4174 472 4227 δὲ
504 4177 610 4242 προ
634 4173 746 4225 τῶν
781 4171 1075 4242 εἰρηνικῶν
1096 4168 1339 4223 σπονδῶν
1362 4170 1660 4241 αὐτόμολος
1686 4172 1995 4242 παραγενέ-

411 4267 543 4316 σθαι
563 4266 591 4316 ὁ
613 4263 919 4333 Νεαντζης.
946 4260 1429 4330 Πέμπεταιτοίνυν
1454 4263 1482 4315 6
1513 4262 1829 4331 Μιγιδηνδς,
1857 4262 1998 4316 ὥστε

410 4357 759 4428 πανηγύρεις
781 4356 996 4424 ἐξάγειν
1023 4358 1086 4408 ὲκ
1110 4356 1215 4409 τῶν
1239 4355 1667 4425 παρακειμένων
1698 4354 1915 4423 χωρῶν,
1940 4348 2002 4405 οὒ

2104 3158 2340 3213 hostium
2389 3158 2578 3226 positis
2633 3167 2820 3210 contra
2868 3172 3087 3210 suorum
3140 3158 3338 3212 castris
3382 3174 3397 3212 :
3452 3171 3571 3223 quae
3624 3165 3685 3210 ut

2101 3248 2263 3303 ﬁdam
2297 3258 2347 3301 cl
2384 3248 2680 3304 hostilibus
2710 3249 3030 3317 imperviam
3063 3248 3358 3303 assultibus
3384 3250 3680 3301 stationem

2102 3342 2386 3406 haberent,
2440 3341 2539 3396 loci
2591 3342 2801 3394 delectu
2830 3350 2885 3395 et
2945 3341 3072 3394 valli
3130 3342 3434 3394 munitione
3491 3355 3684 3393 consc-

2102 3436 2392 3505 qnebatur.
2429 3435 2570 3488 Hinc
2601 3434 3042 3503 exploratoribus
3083 3446 3523 3504 quoquoversum
3558 3433 3685 3485 mis—

2101 3528 2175 3581 sis
2236 3528 2498 3588 intentus,
2551 3534 2603 3579 et
2657 3542 2753 3595 pro
2787 3540 2846 3580 se
2909 3526 3021 3594 ipse
3056 3525 3170 3577 acri
3203 3524 3385 3591 vigilia
3427 3527 3478 3577 in
3521 3539 3687 3577 omne

2103 3629 2434 3673 momentum
2505 3619 2851 3678 occasionis.
2922 3630 3131 3671 metum
3222 3630 3688 3686 progressuntqne

2101 3714 2375 3768 exercitus
2428 3717 2492 3766 ad
2547 3713 2671 3768 belli
2711 3730 2865 3767 usum
2904 3712 3315 3766 accuratissima
3353 3712 3564 3765 ratione
3596 3726 3689 3777 gu-

2104 3806 2385 3860 bernabat.
2433 3805 2780 3860 Odorahatur
2808 3806 3053 3861 videlicet
3084 3808 3381 3876 sagacitate
3413 3808 3548 3860 mira
3580 3822 3686 3874 quo

2104 3897 2448 3965 potissimum
2510 3897 2813 3964 cogitarent
2890 3896 3143 3966 Scythae;
3229 3912 3294 3950 eo
3362 3908 3684 3966 comperto,

2104 4002 2265 4055 quam
2300 3987 2483 4041 urbem
2526 4002 2756 4054 quemve
2790 3987 2971 4041 locum
3007 3986 3157 4042 adire
3191 3986 3264 4041 illi
3290 3988 3551 4055 postridie
3588 3990 3679 4040 de-

2105 4077 2426 4142 stinassent,
2476 4095 2539 4133 ea
2584 4079 2670 4133 ille
2719 4081 3133 4149 praeoccupabat
3177 4080 3287 4148 jam
3348 4082 3687 4149 praecedente

2104 4188 2328 4241 vespera
2360 4190 2373 4226 :
2411 4188 2599 4225 rursus
2626 4186 2734 4238 quo
2757 4172 2918 4225 iidem
2951 4184 3206 4226 venturos
3239 4189 3299 4226 se
3329 4186 3558 4243 vespere
3588 4188 3684 4237 pn-

2109 4273 2308 4327 tarant,
2339 4278 2404 4315 eo
2434 4263 2730 4330 imperator
2769 4278 2982 4317 summo
3012 4278 3171 4317 mane
3204 4271 3576 4332 praecesserat.
3609 4263 3687 4317 Ad

2109 4356 2222 4409 haec
2248 4356 2674 4425 jaculationibus
2700 4356 2886 4423 procul
2917 4358 3068 4419 tutis,
3098 4356 3407 4424 subitisque
3435 4354 3691 4409 coorien-

411 4456 442 4506 6
484 4453 606 4514 alb;
668 4452 751 4514 είς
819 4450 910 4502 τὸν
967 4450 1233 4517 γεγονότα
1284 4447 1510 4517 ὕστερον
1566 4446 1804 4514 πόλεμον
1861 4444 1988 4497 κατὲ

2110 4448 2242 4500 tittm
2296 4463 2360 4500 ex
2406 4446 2621 4499 occulto
2673 4446 3121 4514 impressionibus
3164 4460 3385 4499 suorum
3433 4445 3692 4510 carpebat

410 4547 510 4597 τὸν
542 4547 556 4565 ⁸
590 4550 606 4567 ·
628 4547 644 4564 '
672 4548 687 4564 ⁹
710 4548 725 4563 ’
773 4543 940 4596 τόπον
972 4542 1139 4605 ὀξέως
1185 4540 1330 4595 κατὰ
1357 4540 1466 4592 τῶν
1517 4539 1878 4603 Πατζινάκων
1907 4539 1988 4607 ὁρ-

2102 4539 2317 4591 sssidne
2356 4536 2645 4601 Barbaros,
2680 4537 3028 4590 successibus
3078 4536 3157 4589 vel
3202 4551 3264 4589 ea
3308 4550 3365 4589 re
3411 4550 3515 4588 non
3564 4549 3695 4589 con-

419 4640 632 4709 μήσας,
687 4638 783 4690 καὶ
823 4635 1163 4706 παρασυρελς
1218 4633 1370 4701 παρὰ
1420 4631 1681 4701 γυναικὸς
1740 4629 1988 4692 Σκυθίδος

2105 4629 2443 4693 temnendis,
2468 4627 2609 4697 quod
2648 4627 2787 4680 nulla
2818 4627 3052 4696 jactura,
3084 4642 3149 4680 ne
3185 4626 3423 4694 periculo
3450 4624 3694 4693 quidem,

416 4732 566 4785 ἑάλω
604 4729 694 4781 διὰ
731 4728 955 4798 σιδηρᾶς
1008 4729 1192 4796 ᾶρπης
1252 4724 1383 4777 εἴσω
1427 4723 1537 4775 τῶν
1570 4722 1797 4805 ἁμαξῶν
1844 4722 1988 4775 ἐλκυ·

2107 4723 2297 4789 empti,
2338 4732 2516 4774 tamen
2562 4720 2629 4773 ad
2666 4720 2983 4772 morandum
3020 4720 3286 4772 victorum
3323 4732 3545 4771 cursum
3586 4718 3693 4768 im-

420 4823 599 4885 σθείς.
636 4816 712 4874 Ob
762 4822 864 4888 τὴν
916 4819 1163 4887 κεφαλὴν
1216 4818 1632 4887 ἀποτμηθεῖσαν
1690 4814 1923 4884 ἐπρίατο
1972 4818 1988 4866 ἐ

2106 4815 2546 4885 pediendumque
2588 4828 2655 4865 tte
2713 4811 2931 4864 arcibus
2979 4810 3209 4876 aliisque
3251 4810 3482 4864 subinde
3544 4808 3697 4861 inva-

418 4913 685 4985 βασιλεὺς
730 4911 790 4976 ἐξ
836 4914 1107 4980 αἰτήσεως
1150 4909 1245 4961 τοῦ
1282 4910 1486 4979 πατρὸς
1526 4906 1716 4962 αὑτοῦ.
1771 4905 1911 4958 Ὑπὸ
1952 4905 1988 4956 δὲ

2116 4903 2313 4958 dendis
2347 4902 2603 4955 ditionem
2647 4899 2945 4952 Romanam
2979 4905 3285 4963 arctarent,
3321 4912 3472 4952 suam
3503 4904 3700 4950 exten-

420 5006 525 5073 τῆς
572 5006 851 5072 ἀφορήτου
887 5002 1123 5070 θλίψεως
1157 5000 1253 5051 ἐπὶ
1291 5003 1441 5070 τρισ)⁸
1471 5000 1838 5070 νυχθημέροις
1884 5001 1988 5051 δια·

2120 5000 2329 5059 derent,
2364 4993 2718 5049 conferebant
2749 4991 3064 5059 plurimum.
3112 4989 3227 5043 Non
3261 4998 3471 5059 poterat
3517 4996 3699 5041 tamen

417 5095 701 5166 χερμάδος
730 5096 776 5127 ¹¹
806 5095 956 5147 λίθου
989 5094 1193 5146 τύπτον
1223 5095 1266 5126 ³³
1293 5094 1354 5146 τὸ
1388 5093 1610 5163 στέρνον
1633 5092 1660 5143 ὁ
1696 5091 1881 5160 πατὴρ
1917 5107 1988 5142 τε·

2117 5090 2278 5158 plane
2318 5087 2437 5139 sisti
2486 5096 2718 5148 torrens,
2748 5084 2877 5152 quin
2910 5083 3140 5135 evolutis
3171 5082 3420 5136 obicibus
3455 5078 3705 5148 quantis-

424 5187 615 5255 λευτᾷ.
908 5188 911 5193 ’
2121 5193 2335 5247 cunque
2376 5181 2475 5229 iret
2528 5190 2743 5244 semper
2772 5184 2827 5228 et
2856 5174 3090 5228 ferretur
3115 5189 3220 5242 quo
3251 5173 3519 5241 pendebat
3560 5185 3697 5239 prm-

422 5297 576 5349 ceps.
616 5281 798 5348 Itaque
821 5278 933 5347 jam
968 5292 1139 5348 usque
1168 5280 1238 5331 ad
1265 5275 1512 5347 Cyspclla
1537 5274 1752 5345 Scytha:
1782 5281 2192 5344 promoverant.
2246 5270 2356 5324 Nec
2401 5265 2571 5321 defuit
2616 5268 2915 5334 imperator
2976 5266 3104 5335 quin
3178 5265 3375 5319 castris
3443 5263 3551 5317 illic
3634 5263 3707 5315 de

1462 5390 1663 5453 Varias
1698 5388 2000 5449 lectiones
2040 5403 2119 5446 ex
2150 5383 2293 5445 cod.
2328 5380 2601 5440 Coislin.

1116 5490 1137 5522 ⁹
1168 5489 1611 5546 καταλαϐόντων.
1692 5490 1734 5520 ¹⁹
1752 5489 1952 5541 ἐπεῖδε.
2034 5486 2076 5517 ⁸⁸
2107 5483 2444 5554 προέφθασε.
2527 5481 2569 5511 ¹¹
2608 5479 2697 5532 διὰ
2726 5478 3021 5549 χερμάδος.

1495 5608 1637 5694 Car,
1671 5607 2002 5670 Dufrcsnii
2038 5606 2133 5665 Du
2167 5602 2393 5681 Cangii
2436 5610 2625 5663 notm.

506 5739 591 5809 {7)
626 5736 934 5803 Κύψελλα.
975 5734 1221 5791 Thraciae
1252 5733 1382 5790 urbs
1417 5734 1482 5787 ad
1515 5731 1777 5799 Hebrum,
1808 5732 1874 5786 de
1901 5746 2007 5801 qua
2047 5726 2338 5800 geographi
2370 5724 2593 5794 passim.

498 5494 522 5526 ⁸
550 5494 715 5549 Deest
730 5490 922 5547 vocula
942 5490 1036 5555 ὡς.
1116 5490 1137 5522 ⁹
1168 5489 1611 5546 καταλαϐόντων.
1692 5490 1734 5520 ¹⁹
1752 5489 1952 5541 ἐπεῖδε.

2107 5483 2444 5554 προέφθασε.
2527 5481 2569 5511 ¹¹
2608 5479 2697 5532 διὰ
2726 5478 3021 5549 χερμάδος.
3104 5477 3146 5508 ¹³
3178 5477 3421 5529 τύπτων.
