4112 6452
496 354 610 416 573

502 464 749 528 Ἀλεξίου
833 462 1067 534 πρώτως
1161 461 1452 533 ἐφεύρητο.

485 554 729 625 ἐχούσης
782 554 883 623 τῆς
936 556 1049 606 τῶν
1092 552 1381 622 Ῥωμαίων
1433 553 1609 625 ἀρχῆς
1653 553 1741 607 διὰ
1793 553 2070 624 ρᾳθυμίαν

482 646 823 703 ἁνέκαθεν¹⁸
855 644 1314 716 αὐτοκρατόρων,
1371 645 1770 714 συλλεξάμενος
1824 646 2073 699 ἅπαντα·

485 741 652 811 κόθεν
676 739 878 801 αὐτοὺς
906 738 1016 792 τῶν
1046 738 1531 792 ἁποπεπτωκότων
1555 738 1908 809 στρατιωτῶν
1940 738 2077 801 υἱεῖς

496 830 780 899 ὲγύμνασέ
818 846 879 882 τε
926 829 1062 899 πρὸς
1118 828 1259 882 ὅπλα
1300 828 1395 882 καὶ
1446 828 1708 897 πόλεμον,
1741 828 1836 881 καὶ
1869 830 2072 897 άρχον-

495 924 774 984 τοπώλους
819 922 1107 989 ὠνόμασεν
1142 921 1342 974 ὡσανεὶ
1386 921 1445 987 ἐξ
1485 921 1762 992 ἀρχόντων
1792 922 1942 983 υἱοὺς
1981 937 2074 987 γε·

498 1018 721 1087 γονότας
754 1016 845 1069 ἵνα
874 1014 965 1069 διὰ
1001 1013 1095 1068 τοῦ
1131 1014 1399 1083 ὀνόματος
1442 1017 1526 1078 εἰς
1572 1016 1672 1084 τὴν
1726 1016 1834 1068 τῶν
1866 1016 2085 1084 γονέων.

489 1108 774 1175 εὐγένειάν
820 1122 880 1159 τε
934 1107 1029 1161 καὶ
1081 1106 1307 1175 ἀνδρίαν
1342 1106 1746 1176 ἀναφερόμενοι
1777 1107 1868 1158 καὶ
1901 1098 2072 1171 οὗτοι,

486 1199 739 1270 θούριδος
777 1199 956 1268 ἀλκῆς
993 1197 1295 1268 μνήσαιντό
1327 1215 1385 1250 τε
1426 1199 1520 1253 καὶ
1566 1199 1940 1268 ἀνδρειότεροι
1974 1199 2072 1267 γέε

484 1309 689 1357 νοιντο,
723 1290 818 1344 τοῦ
855 1290 1049 1360 καιροῦ
1077 1290 1289 1353 τούτοις
1322 1289 1527 1361 τόλμαν
1574 1292 1666 1345 καὶ
1701 1291 1891 1361 ῥώμην
1930 1291 2074 1344 ὑπα-

484 1382 832 1452 γορεύοντος.
880 1381 1136 1435 Τοιοῦτον
1188 1382 1252 1452 δὴ
1337 1383 1399 1436 τὸ
1470 1382 1581 1435 τῶν
1639 1381 2075 1453 ἁρχοντοπὼλων

482 1477 702 1546 τάγμα,
732 1475 807 1539 ὡς
840 1476 898 1529 ἐν
923 1474 1092 1545 ὀλίγῳ
1118 1476 1323 1539 εἰπεῖν,
1345 1474 1426 1538 είς
1453 1472 1546 1526 δύο
1579 1472 1821 1543 χιλιάδας
1859 1490 2073 1539 συμπο-

485 1567 777 1637 σούμενον,
816 1564 1009 1635 ὥσπερ
1041 1566 1179 1619 ποτέ
1217 1566 1314 1619 καὶ
1344 1566 1460 1628 τοῖς
1490 1565 1748 1618 Λάκωσιν
1800 1563 2074 1634 ἐφεύρητο

483 1660 516 1709 ὁ
554 1658 702 1728 ἱερὸς
750 1657 1047 1727 λεγόμενος
1086 1656 1264 1727 λόχος.
1302 1648 1464 1710 Οὗτοι
1500 1657 1681 1710 τοίνυν
1719 1658 1768 1711 οἱ
1799 1658 2073 1710 νεόλεκτοι

483 1751 896 1821 ἅρχοντόπωλοι
940 1749 1260 1816 ἐσταλμένοι
1309 1750 1625 1814 πολεμικῶς
1689 1751 1877 1821 ᾔεσαν.
1913 1752 1978 1804 Ui
2011 1751 2066 1803 δέ

484 1842 741 1897 κάτωθεν
771 1842 867 1896 τοῦ
908 1843 1133 1912 αὐχένος
1188 1842 1606 1913 προλοχίζοντες
1661 1845 1867 1897 Σκύθαι
1892 1843 1934 1874 ¹⁷
1970 1845 2065 1908 τὰς

484 1935 697 1988 τούτων
727 1936 950 2004 ἐφόδους
983 1936 1290 2007 ἐπετήρουν
1314 1952 1327 1967 ’
1362 1936 1455 1989 καὶ
1487 1935 1811 2005 θεασάμενοι
1838 1938 2067 2000 τούτους

484 2028 636 2082 κατά
688 2029 797 2081 τῶν
860 2028 1087 2096 ἁμαξῶν
1139 2029 1576 2100 ἀφωρμηκότας,
1648 2030 1862 2101 ἀσχέτῳ
1920 2030 2070 2103 ῥύμῃ

483 2121 612 2174 κατ’
653 2120 833 2172 αὐτῶν
865 2120 1056 2174 ἵενται.
1095 2120 1208 2173 Καὶ
1242 2120 1564 2190 άγχεμάχου
1601 2121 1700 2190 τῆς
1744 2122 2071 2192 συμπλοκῆς

485 2215 864 2282 καταστάσης,
892 2213 1151 2269 πίπτουσι
1177 2213 1283 2267 τῶν
1308 2214 1738 2284 ἀρχοντοπώλων
1760 2215 1891 2266 ὡσεὶ
1916 2232 2074 2288 τρια-

484 2307 666 2359 κόσιοι
694 2307 950 2376 ἐκθύμως
987 2306 1309 2377 μαχόμενοι.
1343 2309 1479 2376 Περὶ
1501 2301 1578 2360 ὧν
1608 2308 1777 2361 πολὺν
1803 2306 1848 2339 ¹⁸
1880 2309 2072 2377 χρόνον

494 2396 687 2467 βύθιον
718 2397 935 2450 ἔστενεν
967 2400 995 2449 ό
1028 2397 1307 2466 βασιλεὺς,
1330 2397 1542 2469 δάκρυα
1607 2399 1786 2467 θερμά
1843 2400 2070 2469 ἐκχέων,

495 2489 595 2541 καὶ¹
627 2490 891 2558 ὀνομαστὶ
930 2487 1165 2541 ἕκαστον
1203 2490 1457 2560 καθάπερ
1490 2489 1534 2520 ¹⁹
1558 2489 1843 2560 άπόδημον
1871 2492 2075 2543 ἀνακα-

488 2582 782 2652 λούμενος.
852 2582 1221 2651 Ἦττήσαντες
1257 2580 1350 2635 οὖν
1377 2584 1428 2635 οἱ
1460 2582 1798 2646 Πατζινάκοι
1825 2584 1951 2643 τοὺς
1977 2585 2075 2638 άνο

485 2674 942 2744 τιτεταγμένους,
986 2673 1077 2726 διὰ
1125 2674 1226 2743 τῆς
1279 2674 1702 2745 Χαριουπόλεως
1748 2674 2076 2741 διελθόντες,

485 2766 899 2822 ἅπονενεύκασι
930 2766 1066 2837 πρὸς
1091 2766 1180 2821 τὸν
1208 2767 1443 2836 Ἀπρον,
1482 2768 1700 2821 ἃπαντα
1724 2764 2075 2837 ληϊζόμενοι.

484 2862 571 2931 Τῇ
607 2860 742 2928 γοῦν
794 2859 1043 2929 προτέρᾳ
1098 2858 1309 2929 μεθόδῳ
1348 2859 1698 2929 χρησάμενος
1738 2857 1897 2922 αὖθις
1923 2861 1952 2912 ό
1980 2860 2080 2931 βα-

491 2953 692 3016 σιλεὺς
733 2952 1259 3021 προκαταλαμϐάνει
1311 2950 1563 3015 τούτους,
1609 2953 1701 3006 καὶ
1731 2951 1967 3005 εἴσεισιν
1998 2954 2079 3017 εἰς

482 3048 582 3101 τὸν
648 3046 861 3111 Ἀπρον
915 3043 1026 3115 (10)
1061 3060 1075 3075 ο
1110 3044 1172 3098 οὺ
1230 3044 1340 3113 γάρ
1398 3045 1681 3114 προσῆσαν
1740 3044 1891 3115 αὐτῷ
1938 3045 2077 3098 ἀπο-

1716 352 2133 413 ALEXIADIS
2176 350 2322 413 LIB.
2376 350 2509 412 VII.

1549 461 1873 533 Ἀστρατίαν
1957 463 2068 532 γὰρ

2180 464 2441 518 cumdncti
2494 479 2523 517 a
2577 474 2728 535 tergo
2781 465 3014 538 Scythas
3068 468 3410 523 adorirentur
3458 487 3554 529 eos
3600 478 3691 545 qui
3732 498 3763 533 ιε

3656 362 3763 428 574

2181 556 2411 609 summis
2446 556 2732 610 exstabant
2765 558 3040 626 plaustris.
3076 557 3200 614 ibeo
3244 562 3757 633 archontepnlorum

2180 649 2377 703 cohors
2409 648 2688 703 inventum
2722 648 2898 704 Alexii
2935 656 3037 712 est.
3091 651 3291 705 nullum
3342 670 3449 707 non
3501 661 3766 714 moventis

2179 738 2411 809 lapidem
2447 750 2503 793 ut
2535 739 2910 795 labefactatam
2944 757 3007 795 ac
3062 742 3305 797 funditus
3358 748 3618 813 perditam
3669 765 3765 801 su-

2179 833 2451 901 periurum
2484 833 2689 887 desidia
2725 835 3114 903 imperatorum
3164 836 3465 891 Romanam
3514 839 3762 892 militiam

2178 927 2509 988 restitueret,
2543 927 2588 979 si
2618 941 2722 996 qua
2770 930 2980 982 ratione
3026 938 3233 998 posset.
3289 930 3420 983 Illud
3473 933 3539 985 ad
3600 934 3761 986 ismm

2178 1019 2338 1071 linem
2389 1018 2681 1071 utileinter
2702 1019 2805 1072 alia
2853 1020 2901 1072 ei
2955 1021 3239 1075 occurrit:
3275 1022 3506 1076 militum
3573 1023 3764 1077 deiun-

2176 1120 2389 1166 clormu
2425 1109 2565 1165 ﬁlios
2593 1116 2942 1181 congregavit
2971 1113 3209 1181 undique
3237 1152 3252 1176 ,
3314 1114 3764 1184 eonscriptosque

2176 1203 2229 1257 in
2264 1218 2461 1257 novum
2493 1216 2684 1268 agmen
2727 1201 2979 1262 armavit,
3016 1203 3372 1270 exercuitque
3392 1202 3762 1272 diligenterad

2178 1310 2437 1364 pugnam,
2479 1295 2650 1347 indito
2674 1294 3192 1364 archontopolorum
3249 1295 3472 1350 nomine
3531 1298 3625 1350 toti
3676 1296 3764 1351 isti
3847 1342 3852 1348 .

2179 1396 2369 1440 turma:
2401 1386 2643 1456 proprio,
2673 1401 2735 1439 ex
2764 1386 2977 1455 origine
3010 1388 3282 1442 iudicante
3333 1404 3455 1442 esse
3502 1388 3647 1456 ipsos
3705 1389 3765 1441 li-

2177 1482 2280 1535 lins
2324 1481 2667 1535 tribunorum
2700 1479 3193 1549 centurionumque
3240 1493 3333 1534 aut
3383 1481 3639 1534 similimn
3675 1480 3766 1549 qui

2175 1575 2436 1629 ducendis
2467 1574 2747 1628 ordinibus
2797 1589 3016 1641 operam
3076 1574 3215 1628 bello
3282 1585 3618 1628 navassent:
3658 1588 3768 1642 quo

2174 1664 2421 1719 vocabuli
2452 1665 2731 1719 admonitu
2768 1666 3062 1718 verisimile
3111 1675 3228 1720 erat
3280 1677 3640 1735 concepturos
3673 1680 3768 1718 eos

2174 1773 2499 1828 generosum
2533 1759 2868 1825 propositum
2903 1776 3003 1811 non
3044 1759 3405 1827 degenerant“
3462 1775 3489 1811 a
3543 1766 3767 1826 paterna

2174 1851 2395 1913 virtute,
2437 1858 2490 1902 et
2533 1850 2768 1905 heroicis
2815 1854 2865 1901 In
2923 1850 3213 1904 occasione
3264 1849 3599 1904 [minoribus
3642 1865 3769 1901 san-

2175 1943 2355 2012 guinis
2408 1941 2564 1996 ﬁdem
2613 1957 2677 1996 ac
2730 1942 3070 1996 nobilitatem
3131 1941 3462 1995 aﬂirtnandi.
3516 1940 3769 1995 Excrcvit

2175 2036 2321 2091 brevi
2346 2049 2407 2088 ea
2437 2034 2629 2087 cohors
2659 2050 2827 2102 usque
2856 2035 2920 2086 ad
2955 2048 3237 2086 numerum
3285 2033 3447 2085 duum
3480 2031 3705 2083 millium
3746 2046 3762 2082 :

2175 2128 2460 2195 simileqne
2497 2128 2695 2180 habere
2724 2127 3001 2196 quippiam
3044 2127 3156 2179 visa
3209 2136 3292 2179 est
3348 2124 3425 2178 illi
3472 2139 3628 2177 sacro
3679 2138 3772 2190 ag.-

2178 2218 2307 2273 mini
2342 2233 2370 2270 ιι
2400 2217 2705 2274 Laconibus
2735 2218 2862 2271 olim
2906 2219 3214 2286 excogitato
3260 2217 3667 2283 nominatoque.
3704 2213 3768 2268 lli

2178 2326 2307 2379 ergo
2344 2326 2532 2365 recens
2558 2311 2682 2365 lecti
2708 2310 3083 2377 archontopoli
3110 2308 3329 2375 juvenes
3362 2309 3412 2360 in
3445 2308 3689 2378 Scythas
3712 2318 3768 2361 ut

2175 2403 2507 2472 jnbebanlur
2560 2403 2755 2457 armati
2804 2402 3025 2455 vadunt.
3079 2401 3149 2454 At
3222 2399 3445 2453 Barbari
3517 2399 3637 2451 loco
3668 2399 3765 2451 de-

2178 2510 2368 2565 presso
2396 2509 2561 2564 prope
2585 2494 2775 2562 jngum
2805 2509 2871 2549 ex
2900 2509 3008 2561 quo
3046 2493 3397 2557 eminebant,
3426 2491 3639 2545 insidiis
3667 2505 3764 2558 po-

2180 2585 2302 2641 sitis
2330 2586 2555 2640 exitinm
2582 2583 2817 2647 incautis
2842 2583 3299 2637 machinabantur
3331 2600 3344 2635 :
3387 2581 3628 2646 adeoque
3652 2579 3763 2646 jam

2182 2676 2479 2733 commisso
2505 2692 2629 2732 cum
2685 2675 3049 2730 insessuribus
3110 2675 3471 2743 plaustrorum
3524 2673 3764 2726 intentos

2182 2769 2492 2835 certamini,
2524 2784 2553 2822 a
2582 2779 2729 2839 tergo
2766 2783 2979 2823 summo
3004 2768 3209 2835 impetu
3241 2765 3439 2829 adorti,
3482 2774 3768 2820 conserto-

2183 2877 2288 2933 que
2313 2863 2423 2916 acri
2461 2862 2668 2933 praelio,
2709 2873 2983 2916 trecentos
3030 2876 3096 2916 ex
3155 2857 3293 2931 ipsis
3339 2873 3608 2930 generose
3665 2874 3763 2926 pu-

2184 2966 2413 3027 gnantes
2446 2965 2642 3011 necant
2676 2975 2689 3011 :
2725 2971 2862 3025 quos
2892 2957 3051 3025 longe
3085 2963 3330 3023 tempore
3359 2953 3486 3007 altis
3514 2952 3769 3020 suspiriis

2185 3048 2488 3118 calidisque
2515 3047 2768 3118 lacrymis
2794 3054 3112 3112 prosecutus
3134 3046 3429 3113 imperator
3452 3052 3552 3104 est,
3587 3042 3768 3094 nomi-

488 3138 710 3210 χρῶσαι
794 3134 1102 3204 δυνάμεις,
1162 3133 1419 3205 καθάπερ
1495 3133 1762 3198 πολλάκις
1834 3135 2075 3205 εἴρηται,

2185 3140 2355 3193 natim
2382 3152 2828 3207 unumquemque
2860 3136 3181 3202 inclamans,
3208 3146 3462 3202 tanquam
3492 3147 3597 3186 non
3624 3147 3772 3184 mor-

484 3230 628 3302 πρὸς
696 3229 879 3299 μάχην
934 3229 1047 3289 τοῖς
1109 3226 1689 3296 ἀντικαθισταμένοις.
1766 3227 2075 3297 Τοιγαροῦν

485 3321 783 3392 γινώσκων
818 3321 1017 3382 αὐτοὺς
1060 3317 1204 3371 κατά
1233 3319 1332 3380 τὰς
1359 3318 1535 3386 αὐγάς
1571 3319 1726 3389 ἡλίου
1760 3321 1841 3382 είς
1880 3335 2080 3387 προνο-

498 3414 607 3485 μὴν
644 3413 1063 3483 ἐξερχομένους,
1096 3411 1613 3480 μετακαλεσάμενος
1638 3412 1730 3463 τὸν
1762 3410 2075 3475 Ταττίκιον,

507 3500 620 3561 diu
640 3505 797 3575 λόγος
826 3506 886 3558 ὲν
926 3504 1141 3567 πολλοῖς
1176 3504 1476 3574 ἐμέμνητο,
1517 3503 1823 3557 ἐνετείλατο
1856 3520 2081 3571 συμπα-

504 3595 753 3672 ραλσσεῖν
790 3596 911 3666 μεθ’
944 3594 1141 3648 ἑαυτοῦ
1168 3594 1298 3656 τούς
1326 3610 1386 3646 τε
1415 3594 1788 3662 καλουμένους
1817 3593 2081 3662 ἢνδρειω-

496 3689 692 3761 μένους
721 3689 829 3745 τῶν
844 3688 976 3756 ἀγού
987 3706 1094 3758 ρων
1121 3688 1231 3759 (ll)
1250 3689 1345 3742 καὶ
1374 3687 1481 3740 τῶν
1508 3689 1637 3755 περὶ
1655 3688 1751 3757 τὴν
1783 3686 2080 3757 θεραπείαν

490 3780 666 3837 αὑτοῦ
709 3782 1060 3851 οἰκειοτέρων
1092 3781 1215 3842 τοὺς
1256 3778 1489 3846 λογάδας
1520 3778 1770 3841 καὶτοὺς
1813 3777 2077 3840 Λατίνους

496 3876 753 3938 ἅπαντας
797 3875 1056 3928 καὶκατὰ
1080 3874 1143 3925 τὸ
1175 3872 1502 3943 περίορθρον
1532 3872 1628 3934 τὰς
1668 3871 1941 3934 Σκυθικὰς
1990 3872 2083 3924 ὲκ-

487 3968 704 4037 δρομάς
746 3964 1168 4028 διυπνισθέντας
1214 3966 1428 4034 τηρεῖν,
1494 3962 1626 4015 ὥσθ’
1674 3963 1914 4030 ὁπηνίκα
1954 3961 2081 4025 τοὺς

487 4062 711 4124 Σκύθας
762 4060 844 4123 είς
901 4058 1183 4129 προνομὴν
1245 4057 1486 4121 ἐξιόντας
1533 4057 1633 4125 τῆς
1698 4052 1833 4118 ἰδίας
1890 4056 2080 4128 πόρρω

484 4153 749 4223 γενέσθαι
775 4151 1129 4223 παρεμϐολῆς
1155 4149 1525 4220 στοχάζοιντο,
1554 4149 1676 4200 κατ’
1708 4148 1889 4200 αὐτῶν
1915 4164 2071 4216 τηνι-

487 4247 673 4299 καῦτα
701 4244 858 4304 ὅλους
905 4243 1149 4313 ῥυτῆρας
1177 4239 1445 4295 ἐνδοῦναι.
1490 4239 1547 4291 Ὀ
1588 4240 1643 4292 δὲ
1681 4238 1822 4291 κατά
1849 4238 1908 4290 τὸ
1932 4240 2081 4290 ἐντε-

488 4337 765 4406 ταλμένον
824 4333 1164 4406 πεποιηκὼς,
1229 4333 1430 4386 κτείνει
1507 4332 1607 4401 μὲν
1665 4330 2077 4399 τετρακοσίους,

488 4433 716 4495 ἱκανοὺς
750 4431 805 4483 δὲ
845 4429 941 4483 καλ⁵
984 4428 1225 4497 ζωγρίαν
1281 4428 1325 4458 ²⁰
1374 4426 1522 4493 ἄγει.
1555 4425 1619 4477 Τί
1671 4424 1733 4476 τὸ
1780 4422 2075 4490 ὲντεῦθενς

489 4523 1034 4593 Καταλαμϐάνουσιν
1076 4522 1126 4574 οἱ
1159 4521 1252 4575 τοῦ
1300 4521 1343 4551 ¹¹
1376 4520 1627 4589 Φλάντρα
1677 4517 2080 4580 ἀποσταλέντες

491 4621 685 4681 ἱππεῖς
726 4618 974 4687 ἔκκριτοι
1009 4617 1144 4669 ὡσεὶ
1183 4616 1553 4678 πεντακόσιοι,
1621 4615 1867 4684 χάρισμα
1920 4612 2079 4681 κομί-

488 4715 679 4777 ζοντες
710 4710 888 4778 τούτῳ
923 4710 1124 4772 ἵππους
1156 4710 1445 4778 ἐκκρίτους
1486 4708 1578 4761 τὸν
1614 4706 1847 4777 ἀριθμὸν
1882 4705 2080 4759 ἑκατὸν

493 4801 639 4871 πρὸς
662 4804 776 4865 τοῖς
812 4802 1158 4869 πεντήκοντα
1180 4817 1194 4831 ⁸
1232 4800 1368 4854 ἀλλά
1404 4803 1499 4853 καὶ
1528 4801 1686 4862 ὅσους
1720 4800 1817 4867 τῆς
1854 4815 2082 4868 προκει-

492 4901 668 4969 μένης
713 4899 894 4962 αὐτοῖς
920 4897 1108 4970 χρείας
1160 4895 1307 4968 εἰχον
1366 4900 1646 4961 ἐπέκεινα,
1705 4894 2082 4948 ἀποδεδώκασι

486 4991 673 5063 τούτῳ
688 4992 876 5063 τιμῆς.
919 4994 980 5047 '0
1017 4992 1073 5046 δὲ
1111 4992 1368 5063 βασιλεὺς
1409 4989 1650 5054 Ἀλέξιος
1680 4990 2080 5053 δεξιωσάμενος

2186 3242 2328 3298 tuos,
2355 3232 2447 3286 sed
2476 3246 2703 3301 peregre
2746 3229 3020 3298 profectos
3047 3245 3171 3283 cum
3220 3242 3318 3297 spe
3369 3226 3576 3281 reditus
3627 3223 3773 3278 arbi-

2184 3332 2443 3377 traretur.
2488 3322 2733 3400 Victores
2766 3320 3043 3375 Patzinaci
3077 3320 3307 3375 transite
3356 3315 3666 3384 Charinpoli
3703 3316 3772 3369 ad

2182 3417 2388 3486 Aprum
2426 3416 2651 3471 tendunt
2671 3424 2864 3470 cuncta
2885 3414 3063 3467 obiter
3088 3420 3384 3466 vastantes.
3410 3409 3547 3475 Quid
3568 3409 3773 3462 faceret

2184 3508 2480 3577 imperator
2522 3522 2659 3562 nova
2698 3506 2850 3560 clade
2907 3506 3166 3566 domitus,
3216 3504 3322 3557 nisi
3383 3502 3607 3553 audacia
3665 3514 3771 3553 non

2184 3600 2510 3653 succedente
2539 3599 2605 3651 ad
2660 3595 2932 3649 Fabianas
2986 3605 3133 3647 artes
3178 3602 3231 3647 et
3283 3602 3563 3659 expertam
3615 3594 3776 3657 paulo

2184 3701 2309 3746 ante
2339 3692 2537 3745 rediret.
2571 3689 2911 3745 sustentandi
2958 3687 3082 3742 belli
3134 3684 3489 3739 methodum?
3537 3685 3774 3750 Occupat

2183 3800 2314 3855 ergo
2347 3783 2772 3838 destinationem
2826 3780 3190 3835 Barbarorum
3222 3789 3276 3831 et
3306 3793 3427 3829 cum
3463 3777 3577 3831 suis
3601 3778 3773 3842 cupiis

2184 3879 2249 3930 ad
2307 3883 2492 3946 aperte
2552 3872 2920 3943 pugnandum,
2979 3882 3034 3923 ιιι
3080 3886 3220 3938 smpe
3245 3870 3508 3934 diximus,
3544 3869 3771 3921 ιιίιιιὶιιιιι

2183 3971 2398 4038 paucis,
2428 3971 2492 4020 ad
2526 3966 2846 4020 tardandum
2880 3963 3040 4033 205
3093 3964 3363 4016 victorum
3411 3978 3632 4016 cursum
3684 3969 3773 4012 nt-

2184 4074 2399 4128 cunque
2433 4056 2781 4121 sull'cctnris,
2838 4057 3042 4125 Aprum
3105 4053 3407 4121 ingreditur
3457 4053 3773 4120 priusquam

2183 4171 2248 4211 eo
2278 4154 2492 4224 Scytha:
2524 4151 2920 4221 pervenissent.
2948 4147 3146 4201 Eodem
3203 4145 3437 4199 admotis
3506 4143 3776 4197 Barbaro-

2184 4264 2302 4303 rum
2355 4246 2553 4300 castris
2594 4259 2716 4298 cum
2769 4242 3115 4309 cognovisset
3168 4240 3468 4307 imperator
3515 4234 3777 4305 postridie

2181 4343 2280 4397 Sui)
2304 4339 2433 4393 solis
2466 4346 2641 4391 ortum
2672 4335 2981 4402 prodituros
3014 4334 3139 4387 inde
3172 4333 3523 4400 pranlatores,
3561 4344 3755 4382 accer-

2184 4434 2308 4498 sito,
2335 4430 2488 4495 cujus
2517 4442 2657 4496 saepe
2686 4425 3058 4489 meminimus,
3088 4423 3324 4477 Tatticio
3349 4422 3658 4485 mandavit,
3715 4430 3773 4476 ut

2116 4505 2156 4559 θ
2189 4526 2415 4595 smnptis
2480 4537 2663 4577 secmn
2726 4535 2755 4573 e
2810 4518 3121 4589 paedagogio
3172 4516 3308 4570 aula:
3374 4515 3539 4584 regiis
3593 4515 3777 4581 pueris

2193 4619 2333 4672 bello
2365 4616 2476 4686 jam
2512 4613 2738 4667 maturis
2769 4612 2998 4679 (cohors
3031 4620 3149 4663 erat
3199 4624 3229 4661 e
3276 4625 3333 4662 re
3362 4622 3555 4661 nomen
3594 4615 3773 4669 nacta,

2192 4723 2250 4765 ιιι
2278 4709 2610 4777 epheborum
2647 4707 2700 4759 in
2730 4704 2882 4758 virile
2916 4703 3080 4757 robur
3115 4704 3424 4755 adulterum
3471 4699 3769 4769 diceretur)

2194 4800 2469 4856 ﬁdissimis
2523 4813 2739 4866 quoque
2792 4813 2928 4865 quos
2995 4798 3221 4849 haberet
3282 4794 3602 4848 domesticis
3660 4793 3777 4846 suis

2194 4895 2361 4964 ipsius
2387 4909 2449 4947 ac
2484 4892 2721 4954 famulis,
2752 4898 3008 4958 praeterea
3052 4888 3258 4941 Latinis
3285 4887 3576 4952 universis,
3599 4886 3773 4954 primo

2189 4986 2428 5041 diluculo
2500 4982 2795 5037 excubaret
2854 4981 2922 5035 ad
2992 4980 3355 5035 observandas
3424 4978 3777 5032 excursiones

1542 5124 1741 5207 Variae
1790 5146 2103 5208 lectiones
2141 5161 2219 5206 ex
2259 5144 2400 5206 cod.
2430 5142 2702 5207 Coislin.

572 5257 618 5287 ²⁶
676 5255 787 5310 τῶν
826 5253 1115 5311 ἀνέκαθεν.
1189 5254 1230 5285 ³⁷
1274 5254 1433 5309 Deest
1474 5268 1575 5307 vox
1608 5252 1833 5305 Σκύθαι.

1955 5249 1998 5284 ⁸⁸
2023 5252 2115 5303 ἐπὶ
2151 5251 2336 5303 πολύν.

2469 5250 2512 5282 ¹⁹
2541 5246 2871 5318 καθαπερεί.
2945 5248 2994 5278 ¹⁰
3019 5246 3331 5317 ζωγρήσας.
3410 5244 3453 5276 ’ί
3482 5246 3631 5313 παρὰ
3658 5240 3772 5311 τοῦ,

1578 5368 1717 5430 Car.
1770 5367 2090 5429 Dufresnii
2127 5367 2221 5425 Du
2258 5364 2480 5441 Cangii
2515 5371 2710 5425 noue.

568 5480 682 5542 (10)
712 5478 954 5543 Ἀπρον.
1014 5479 1207 5544 Apros,
1234 5473 1485 5527 Thracia:
1522 5469 1675 5544 urbs,
1700 5471 2076 5544 archiepisco-

493 5540 600 5621 pali
660 5540 717 5602 ct
768 5540 1182 5621 metropolitana
1238 5540 1792 5621 dignitale'inosignis,
1856 5542 1922 5593 de
1969 5556 2076 5608 qua

492 5610 957 5678 Cantacuzenns.
978 5618 1069 5671 lib.
1098 5631 1135 5674 ι.
1159 5625 1213 5669 et
1238 5610 1460 5668 Veteres
1485 5610 1720 5665 Netitiae.

569 5689 687 5760 (Η)
731 5676 1071 5754 Ἀτούῥουςο
1113 5684 1226 5740 Hoc
1258 5683 1538 5760 joealtttlo
1580 5683 1820 5760 epltehos
1850 5696 1878 5732 a
1907 5676 2082 5760 Thraf

497 5748 681 5815 cibus,
727 5748 1061 5828 nuncupatos
1127 5770 1191 5811 ex
1257 5751 1546 5808 Eustathio
1614 5748 1825 5822 pridem
1893 5748 2080 5801 docuit

2191 5466 2262 5525 H.
2310 5466 2640 5532 Stephanus,
2692 5482 2794 5531 qua
2839 5464 3031 5527 etiam,
3076 5462 3303 5532 notique
3352 5457 3561 5513 eadem.
3613 5468 3771 5532 usum

2187 5524 2435 5591 Nicetam
2468 5524 2728 5589 observat
2754 5524 3044 5587 Meursius.
3074 5530 3182 5584 Leo
3210 5530 3510 5583 Grammat.
3534 5540 3584 5591 p.
3618 5524 3721 5575 tu)
3752 5537 3767 5575 :

2186 5606 2536 5673 Θεασάμενος
2589 5604 2683 5658 οὖν
2728 5605 2891 5656 αὑτὸν
2955 5605 3286 5673 misyos,on
3356 5594 3452 5648 καὶ
3512 5593 3765 5663 μεγάλην

2187 5667 2435 5747 κεφαλῆν
2473 5667 2689 5745 ἔχοντα,
2725 5672 2997 5742 ἐπέθηκεν
3025 5667 3308 5738 Κεφαλᾶν.
