  <div class='ocr_page' id='page_1' title='image "/cluster/home/n/w/nwhite01/storage/ocr_20150623/131:no.4/coo.31924054870369/300.png"; bbox 0 0 4112 6402; ppageno 0'>
   <div class='ocr_carea' id='block_1_1' title="bbox 390 360 502 422">
    <p class='ocr_par' dir='ltr' id='par_1_1' title="bbox 390 360 502 422">
     <span class='ocr_line' id='line_1_1' title="bbox 390 360 502 422; baseline 0 0"><span class='ocrx_word' id='word_1_1' title='bbox 390 360 502 422; x_wconf 79' lang='grc'><strong>585</strong></span> 
     </span>
    </p>
   </div>
   <div class='ocr_carea' id='block_1_2' title="bbox 1658 353 2435 417">
    <p class='ocr_par' dir='ltr' id='par_1_2' title="bbox 1658 353 2435 417">
     <span class='ocr_line' id='line_1_2' title="bbox 1658 353 2435 417; baseline 0.003 -3"><span class='ocrx_word' id='word_1_2' title='bbox 1658 353 2076 416; x_wconf 81' lang='lat' dir='ltr'><strong>ALEXIADIS</strong></span> <span class='ocrx_word' id='word_1_3' title='bbox 2127 355 2271 417; x_wconf 86' lang='lat' dir='ltr'><strong>LlB.</strong></span> <span class='ocrx_word' id='word_1_4' title='bbox 2300 356 2435 417; x_wconf 71' lang='lat' dir='ltr'><strong>VII.</strong></span> 
     </span>
    </p>
   </div>
   <div class='ocr_carea' id='block_1_3' title="bbox 3534 364 3640 426">
    <p class='ocr_par' dir='ltr' id='par_1_3' title="bbox 3534 364 3640 426">
     <span class='ocr_line' id='line_1_3' title="bbox 3534 364 3640 426; baseline -0.019 0"><span class='ocrx_word' id='word_1_5' title='bbox 3534 364 3640 426; x_wconf 63' lang='grc'><strong>586</strong></span> 
     </span>
    </p>
   </div>
   <div class='ocr_carea' id='block_1_4' title="bbox 382 463 1984 545">
    <p class='ocr_par' dir='ltr' id='par_1_4' title="bbox 382 463 1974 538">
     <span class='ocr_line' id='line_1_4' title="bbox 382 463 1974 538; baseline -0.004 -13"><span class='ocrx_word' id='word_1_6' title='bbox 382 472 486 526; x_wconf 81' lang='grc' dir='ltr'>τοῦ</span> <span class='ocrx_word' id='word_1_7' title='bbox 519 470 711 538; x_wconf 78' lang='grc' dir='ltr'>Τζαχᾶ</span> <span class='ocrx_word' id='word_1_8' title='bbox 734 466 831 538; x_wconf 81' lang='grc' dir='ltr'>τὴν</span> <span class='ocrx_word' id='word_1_9' title='bbox 863 464 1118 538; x_wconf 77' lang='grc' dir='ltr'>Σμύρνην</span> <span class='ocrx_word' id='word_1_10' title='bbox 1145 463 1225 519; x_wconf 73' lang='grc' dir='ltr'>ἔτι</span> <span class='ocrx_word' id='word_1_11' title='bbox 1261 467 1729 536; x_wconf 82' lang='grc' dir='ltr'>περινοστοῦντος.</span> <span class='ocrx_word' id='word_1_12' title='bbox 1767 467 1974 519; x_wconf 80' lang='grc' dir='ltr'>Κάκεῖ-</span> 
     </span>
    </p>
   </div>
   <div class='ocr_carea' id='block_1_5' title="bbox 2092 463 3644 545">
    <p class='ocr_par' dir='ltr' id='par_1_5' title="bbox 2092 466 3644 545">
     <span class='ocr_line' id='line_1_5' title="bbox 2092 466 3644 545; baseline 0.008 -26"><span class='ocrx_word' id='word_1_13' title='bbox 2092 477 2405 537; x_wconf 77' lang='lat' dir='ltr'><strong>sumptaque</strong></span> <span class='ocrx_word' id='word_1_14' title='bbox 2431 466 2612 523; x_wconf 85' lang='lat' dir='ltr'><strong>acrius</strong></span> <span class='ocrx_word' id='word_1_15' title='bbox 2643 485 2802 539; x_wconf 87' lang='lat' dir='ltr'><strong>quam</strong></span> <span class='ocrx_word' id='word_1_16' title='bbox 2840 486 3074 541; x_wconf 82' lang='lat' dir='ltr'><strong>unquam</strong></span> <span class='ocrx_word' id='word_1_17' title='bbox 3119 477 3515 545; x_wconf 74' lang='lat' dir='ltr'><strong>oppugnatione</strong></span> <span class='ocrx_word' id='word_1_18' title='bbox 3551 494 3644 532; x_wconf 86' lang='lat' dir='ltr'><strong>ur-</strong></span> 
     </span>
    </p>
   </div>
   <div class='ocr_carea' id='block_1_6' title="bbox 385 557 1966 630">
    <p class='ocr_par' dir='ltr' id='par_1_6' title="bbox 385 557 1966 630">
     <span class='ocr_line' id='line_1_6' title="bbox 385 557 1966 630; baseline -0.004 -14"><span class='ocrx_word' id='word_1_19' title='bbox 385 563 484 616; x_wconf 85' lang='grc' dir='ltr'><strong>θεν</strong></span> <span class='ocrx_word' id='word_1_20' title='bbox 507 563 841 628; x_wconf 86' lang='grc' dir='ltr'>λειοκύμονα</span> <span class='ocrx_word' id='word_1_21' title='bbox 871 560 974 630; x_wconf 79' lang='grc' dir='ltr'>τὴν</span> <span class='ocrx_word' id='word_1_22' title='bbox 1005 558 1282 612; x_wconf 89' lang='grc' dir='ltr'>θάλασσαν</span> <span class='ocrx_word' id='word_1_23' title='bbox 1311 557 1563 628; x_wconf 82' lang='grc' dir='ltr'>εὑρηκὼς</span> <span class='ocrx_word' id='word_1_24' title='bbox 1588 598 1602 621; x_wconf 91' lang='grc'><strong>,</strong></span> <span class='ocrx_word' id='word_1_25' title='bbox 1639 558 1966 628; x_wconf 79' lang='grc' dir='ltr'>εὐθυπλοιή-</span> 
     </span>
    </p>
   </div>
   <div class='ocr_carea' id='block_1_7' title="bbox 388 649 1965 723">
    <p class='ocr_par' dir='ltr' id='par_1_7' title="bbox 388 649 1965 723">
     <span class='ocr_line' id='line_1_7' title="bbox 388 649 1965 723; baseline -0.004 -16"><span class='ocrx_word' id='word_1_26' title='bbox 388 672 491 716; x_wconf 81' lang='grc' dir='ltr'><strong>σας</strong></span> <span class='ocrx_word' id='word_1_27' title='bbox 525 653 572 686; x_wconf 70' lang='grc' dir='ltr'><strong>ιδ</strong></span> <span class='ocrx_word' id='word_1_28' title='bbox 605 651 743 723; x_wconf 86' lang='grc' dir='ltr'><strong>μετά</strong></span> <span class='ocrx_word' id='word_1_29' title='bbox 777 651 870 704; x_wconf 79' lang='grc' dir='ltr'>τοῦ</span> <span class='ocrx_word' id='word_1_30' title='bbox 906 651 1096 704; x_wconf 85' lang='grc' dir='ltr'>στόλου</span> <span class='ocrx_word' id='word_1_31' title='bbox 1128 649 1327 712; x_wconf 76' lang='grc' dir='ltr'>παντὸς</span> <span class='ocrx_word' id='word_1_32' title='bbox 1360 649 1635 703; x_wconf 77' lang='grc' dir='ltr'>κατέλαϐε</span> <span class='ocrx_word' id='word_1_33' title='bbox 1665 649 1764 718; x_wconf 76' lang='grc' dir='ltr'>τὴν</span> <span class='ocrx_word' id='word_1_34' title='bbox 1791 649 1965 702; x_wconf 65' lang='lat' dir='ltr'><strong>Mrtu-</strong></span> 
     </span>
    </p>
   </div>
   <div class='ocr_carea' id='block_1_8' title="bbox 387 747 583 817">
    <p class='ocr_par' dir='ltr' id='par_1_8' title="bbox 387 747 583 817">
     <span class='ocr_line' id='line_1_8' title="bbox 387 747 583 817; baseline 0.01 -19"><span class='ocrx_word' id='word_1_35' title='bbox 387 747 583 817; x_wconf 67' lang='grc' dir='ltr'>λὴνην.</span> 
     </span>
    </p>
   </div>
   <div class='ocr_carea' id='block_1_9' title="bbox 2080 558 3641 631">
    <p class='ocr_par' dir='ltr' id='par_1_9' title="bbox 2080 558 3641 631">
     <span class='ocr_line' id='line_1_9' title="bbox 2080 558 3641 631; baseline 0.008 -19"><span class='ocrx_word' id='word_1_36' title='bbox 2080 558 2166 612; x_wconf 81' lang='lat' dir='ltr'><strong>bis</strong></span> <span class='ocrx_word' id='word_1_37' title='bbox 2197 561 2338 627; x_wconf 81' lang='lat' dir='ltr'><strong>Chii,</strong></span> <span class='ocrx_word' id='word_1_38' title='bbox 2375 563 2656 630; x_wconf 88' lang='lat' dir='ltr'><strong>murisque</strong></span> <span class='ocrx_word' id='word_1_39' title='bbox 2688 564 2884 618; x_wconf 90' lang='lat' dir='ltr'><strong>iterum</strong></span> <span class='ocrx_word' id='word_1_40' title='bbox 2937 566 3198 631; x_wconf 77' lang='lat' dir='ltr'><strong>subrutis,</strong></span> <span class='ocrx_word' id='word_1_41' title='bbox 3255 583 3374 622; x_wconf 89' lang='lat' dir='ltr'><strong>eam</strong></span> <span class='ocrx_word' id='word_1_42' title='bbox 3427 571 3641 625; x_wconf 85' lang='lat' dir='ltr'><strong>tandem</strong></span> 
     </span>
    </p>
   </div>
   <div class='ocr_carea' id='block_1_10' title="bbox 2078 651 3643 720">
    <p class='ocr_par' dir='ltr' id='par_1_10' title="bbox 2078 651 3643 720">
     <span class='ocr_line' id='line_1_10' title="bbox 2078 651 3643 720; baseline 0.008 -18"><span class='ocrx_word' id='word_1_43' title='bbox 2078 651 2182 704; x_wconf 80' lang='lat' dir='ltr'><strong>sibi</strong></span> <span class='ocrx_word' id='word_1_44' title='bbox 2217 652 2468 720; x_wconf 75' lang='lat' dir='ltr'><strong>subjecit,</strong></span> <span class='ocrx_word' id='word_1_45' title='bbox 2525 653 2730 708; x_wconf 88' lang='lat' dir='ltr'><strong>lrustra</strong></span> <span class='ocrx_word' id='word_1_46' title='bbox 2779 655 2991 709; x_wconf 79' lang='lat' dir='ltr'><strong>&#39;Izaclta</strong></span> <span class='ocrx_word' id='word_1_47' title='bbox 3046 669 3358 714; x_wconf 74' lang='lat' dir='ltr'><strong>ostentante</strong></span> <span class='ocrx_word' id='word_1_48' title='bbox 3409 663 3643 716; x_wconf 88' lang='lat' dir='ltr'><strong>reditum</strong></span> 
     </span>
    </p>
   </div>
   <div class='ocr_carea' id='block_1_11' title="bbox 2075 740 3645 819">
    <p class='ocr_par' dir='ltr' id='par_1_11' title="bbox 2075 740 3645 819">
     <span class='ocr_line' id='line_1_11' title="bbox 2075 740 3645 819; baseline 0.008 -27"><span class='ocrx_word' id='word_1_49' title='bbox 2075 745 2133 792; x_wconf 82' lang='lat' dir='ltr'><strong>et</strong></span> <span class='ocrx_word' id='word_1_50' title='bbox 2163 740 2368 792; x_wconf 75' lang='lat' dir='ltr'><strong>auxilia</strong></span> <span class='ocrx_word' id='word_1_51' title='bbox 2412 741 2524 810; x_wconf 88' lang='lat' dir='ltr'><strong>jam</strong></span> <span class='ocrx_word' id='word_1_52' title='bbox 2561 757 2684 798; x_wconf 85' lang='lat' dir='ltr'><strong>sera</strong></span> <span class='ocrx_word' id='word_1_53' title='bbox 2731 745 2978 816; x_wconf 74' lang='lat' dir='ltr'><strong>Smyrna:</strong></span> <span class='ocrx_word' id='word_1_54' title='bbox 3026 748 3204 802; x_wconf 90' lang='lat' dir='ltr'><strong>adhuc</strong></span> <span class='ocrx_word' id='word_1_55' title='bbox 3250 762 3494 819; x_wconf 83' lang='lat' dir='ltr'><strong>parante.</strong></span> <span class='ocrx_word' id='word_1_56' title='bbox 3543 753 3645 818; x_wconf 81' lang='lat' dir='ltr'><strong>Qui</strong></span> 
     </span>
    </p>
   </div>
   <div class='ocr_carea' id='block_1_12' title="bbox 395 836 3649 910">
    <p class='ocr_par' dir='ltr' id='par_1_12' title="bbox 395 836 3649 910">
     <span class='ocr_line' id='line_1_12' title="bbox 395 836 3649 910; baseline 0.002 -18"><span class='ocrx_word' id='word_1_57' title='bbox 395 841 613 898; x_wconf 73' lang='lat' dir='ltr'><strong>tatidem</strong></span> <span class='ocrx_word' id='word_1_58' title='bbox 655 841 958 894; x_wconf 86' lang='lat' dir='ltr'><strong>instructus</strong></span> <span class='ocrx_word' id='word_1_59' title='bbox 995 837 1153 903; x_wconf 86' lang='lat' dir='ltr'><strong>satis,</strong></span> <span class='ocrx_word' id='word_1_60' title='bbox 1206 847 1260 893; x_wconf 86' lang='lat' dir='ltr'><strong>et</strong></span> <span class='ocrx_word' id='word_1_61' title='bbox 1293 853 1440 892; x_wconf 87' lang='lat' dir='ltr'><strong>mare</strong></span> <span class='ocrx_word' id='word_1_62' title='bbox 1492 836 1824 905; x_wconf 76' lang='lat' dir='ltr'><strong>navigationi</strong></span> <span class='ocrx_word' id='word_1_63' title='bbox 1882 841 2246 902; x_wconf 87' lang='lat' dir='ltr'><strong>opportunum</strong></span> <span class='ocrx_word' id='word_1_64' title='bbox 2277 843 2470 890; x_wconf 88' lang='lat' dir='ltr'><strong>nactus</strong></span> <span class='ocrx_word' id='word_1_65' title='bbox 2519 837 2663 892; x_wconf 74' lang='lat' dir='ltr'><strong>felici</strong></span> <span class='ocrx_word' id='word_1_66' title='bbox 2731 840 3075 910; x_wconf 73' lang='lat' dir='ltr'><strong>navigatione</strong></span> <span class='ocrx_word' id='word_1_67' title='bbox 3139 843 3365 898; x_wconf 81' lang='lat' dir='ltr'><strong>classem</strong></span> <span class='ocrx_word' id='word_1_68' title='bbox 3435 845 3649 899; x_wconf 77' lang='lat' dir='ltr'><strong>univcr-</strong></span> 
     </span>
    </p>
   </div>
   <div class='ocr_carea' id='block_1_13' title="bbox 403 931 1400 1003">
    <p class='ocr_par' dir='ltr' id='par_1_13' title="bbox 403 931 1400 1003">
     <span class='ocr_line' id='line_1_13' title="bbox 403 931 1400 1003; baseline -0.004 -13"><span class='ocrx_word' id='word_1_69' title='bbox 403 953 516 994; x_wconf 86' lang='lat' dir='ltr'><strong>sam</strong></span> <span class='ocrx_word' id='word_1_70' title='bbox 549 950 697 990; x_wconf 85' lang='lat' dir='ltr'><strong>suam</strong></span> <span class='ocrx_word' id='word_1_71' title='bbox 731 933 796 987; x_wconf 89' lang='lat' dir='ltr'><strong>ad</strong></span> <span class='ocrx_word' id='word_1_72' title='bbox 832 931 1140 1003; x_wconf 85' lang='lat' dir='ltr'><strong>Mitylenem</strong></span> <span class='ocrx_word' id='word_1_73' title='bbox 1175 933 1400 1001; x_wconf 88' lang='lat' dir='ltr'><strong>appulit.</strong></span> 
     </span>
    </p>
   </div>
   <div class='ocr_carea' id='block_1_14' title="bbox 472 1023 1971 1098">
    <p class='ocr_par' dir='ltr' id='par_1_14' title="bbox 472 1023 1971 1098">
     <span class='ocr_line' id='line_1_14' title="bbox 472 1023 1971 1098; baseline -0.003 -17"><span class='ocrx_word' id='word_1_74' title='bbox 472 1030 626 1082; x_wconf 74' lang='grc' dir='ltr'>Οὕτω</span> <span class='ocrx_word' id='word_1_75' title='bbox 684 1027 740 1080; x_wconf 79' lang='grc' dir='ltr'><strong>δὲ</strong></span> <span class='ocrx_word' id='word_1_76' title='bbox 805 1030 833 1081; x_wconf 84' lang='grc' dir='ltr'><em>ὸ</em></span> <span class='ocrx_word' id='word_1_77' title='bbox 896 1028 1254 1098; x_wconf 74' lang='grc' dir='ltr'>αὐτοκράτωρ</span> <span class='ocrx_word' id='word_1_78' title='bbox 1307 1026 1376 1080; x_wconf 79' lang='grc' dir='ltr'>τὰ</span> <span class='ocrx_word' id='word_1_79' title='bbox 1425 1026 1566 1081; x_wconf 76' lang='grc' dir='ltr'>κατὰ</span> <span class='ocrx_word' id='word_1_80' title='bbox 1607 1025 1699 1078; x_wconf 81' lang='grc' dir='ltr'><strong>τὸν</strong></span> <span class='ocrx_word' id='word_1_81' title='bbox 1752 1023 1971 1092; x_wconf 81' lang='grc' dir='ltr'>Τςαχᾶν</span> 
     </span>
    </p>
   </div>
   <div class='ocr_carea' id='block_1_15' title="bbox 399 1118 1970 1194">
    <p class='ocr_par' dir='ltr' id='par_1_15' title="bbox 399 1118 1970 1194">
     <span class='ocr_line' id='line_1_15' title="bbox 399 1118 1970 1194; baseline -0.006 -15"><span class='ocrx_word' id='word_1_82' title='bbox 399 1124 740 1194; x_wconf 74' lang='grc' dir='ltr'><strong>διαθέμενος,</strong></span> <span class='ocrx_word' id='word_1_83' title='bbox 775 1122 897 1174; x_wconf 72' lang='grc' dir='ltr'>ἐπεὶ</span> <span class='ocrx_word' id='word_1_84' title='bbox 931 1123 1058 1183; x_wconf 79' lang='grc' dir='ltr'>τοὺς</span> <span class='ocrx_word' id='word_1_85' title='bbox 1081 1124 1290 1182; x_wconf 77' lang='grc' dir='ltr'><strong>Σκύθας</strong></span> <span class='ocrx_word' id='word_1_86' title='bbox 1313 1121 1469 1184; x_wconf 79' lang='grc' dir='ltr'>αὖθις</span> <span class='ocrx_word' id='word_1_87' title='bbox 1493 1122 1554 1174; x_wconf 78' lang='grc' dir='ltr'><strong>τὸ</strong></span> <span class='ocrx_word' id='word_1_88' title='bbox 1592 1120 1833 1173; x_wconf 72' lang='grc' dir='ltr'>Ῥούσιον</span> <span class='ocrx_word' id='word_1_89' title='bbox 1861 1118 1970 1186; x_wconf 60' lang='grc'>(92)</span> 
     </span>
    </p>
   </div>
   <div class='ocr_carea' id='block_1_16' title="bbox 396 1209 1944 1284">
    <p class='ocr_par' dir='ltr' id='par_1_16' title="bbox 396 1209 1944 1284">
     <span class='ocr_line' id='line_1_16' title="bbox 396 1209 1944 1284; baseline -0.005 -16"><span class='ocrx_word' id='word_1_90' title='bbox 396 1214 847 1284; x_wconf 77' lang='grc' dir='ltr'>καταλαμϐάνειν</span> <span class='ocrx_word' id='word_1_91' title='bbox 877 1213 1224 1284; x_wconf 77' lang='grc' dir='ltr'>ἐμεμαθήκει</span> <span class='ocrx_word' id='word_1_92' title='bbox 1247 1253 1260 1276; x_wconf 92' lang='grc'><strong>,</strong></span> <span class='ocrx_word' id='word_1_93' title='bbox 1295 1212 1389 1266; x_wconf 77' lang='grc' dir='ltr'>καὶ</span> <span class='ocrx_word' id='word_1_94' title='bbox 1428 1213 1569 1266; x_wconf 81' lang='grc' dir='ltr'><strong>κατά</strong></span> <span class='ocrx_word' id='word_1_95' title='bbox 1605 1211 1694 1264; x_wconf 73' lang='grc' dir='ltr'>τὸν</span> <span class='ocrx_word' id='word_1_96' title='bbox 1725 1212 1768 1243; x_wconf 77' lang='grc'><strong>⁸⁸</strong></span> <span class='ocrx_word' id='word_1_97' title='bbox 1803 1209 1944 1262; x_wconf 84' lang='grc' dir='ltr'>Πολύ</span> 
     </span>
    </p>
   </div>
   <div class='ocr_carea' id='block_1_17' title="bbox 393 1301 1972 1376">
    <p class='ocr_par' dir='ltr' id='par_1_17' title="bbox 393 1301 1972 1376">
     <span class='ocr_line' id='line_1_17' title="bbox 393 1301 1972 1376; baseline -0.005 -15"><span class='ocrx_word' id='word_1_98' title='bbox 393 1310 557 1361; x_wconf 77' lang='grc' dir='ltr'>ϐοτον</span> <span class='ocrx_word' id='word_1_99' title='bbox 599 1307 710 1376; x_wconf 66' lang='grc'>(25)</span> <span class='ocrx_word' id='word_1_100' title='bbox 745 1305 836 1358; x_wconf 69' lang='grc' dir='ltr'><strong>τὸν</strong></span> <span class='ocrx_word' id='word_1_101' title='bbox 887 1306 1106 1374; x_wconf 84' lang='grc' dir='ltr'>χάρακα</span> <span class='ocrx_word' id='word_1_102' title='bbox 1159 1305 1454 1375; x_wconf 74' lang='grc' dir='ltr'><strong>πήξασθαι,</strong></span> <span class='ocrx_word' id='word_1_103' title='bbox 1505 1302 1840 1372; x_wconf 77' lang='grc' dir='ltr'>ἐξεληλυθὼς</span> <span class='ocrx_word' id='word_1_104' title='bbox 1898 1301 1972 1362; x_wconf 82' lang='grc' dir='ltr'><strong>ὡς</strong></span> 
     </span>
    </p>
   </div>
   <div class='ocr_carea' id='block_1_18' title="bbox 393 1396 1972 1472">
    <p class='ocr_par' dir='ltr' id='par_1_18' title="bbox 393 1396 1972 1472">
     <span class='ocr_line' id='line_1_18' title="bbox 393 1396 1972 1472; baseline -0.007 -17"><span class='ocrx_word' id='word_1_105' title='bbox 393 1403 515 1472; x_wconf 84' lang='grc' dir='ltr'>εἶχε</span> <span class='ocrx_word' id='word_1_106' title='bbox 544 1402 644 1472; x_wconf 78' lang='grc' dir='ltr'>τῆς</span> <span class='ocrx_word' id='word_1_107' title='bbox 673 1397 1087 1452; x_wconf 77' lang='grc' dir='ltr'>Κωνσταντενου</span> <span class='ocrx_word' id='word_1_108' title='bbox 1116 1398 1176 1451; x_wconf 79' lang='grc' dir='ltr'>τὸ</span> <span class='ocrx_word' id='word_1_109' title='bbox 1221 1398 1466 1450; x_wconf 86' lang='grc' dir='ltr'>Ῥούσιον</span> <span class='ocrx_word' id='word_1_110' title='bbox 1515 1396 1808 1450; x_wconf 76' lang='grc' dir='ltr'>κατέλαϐε.</span> <span class='ocrx_word' id='word_1_111' title='bbox 1838 1396 1972 1446; x_wconf 83' lang='grc' dir='ltr'>Συν-</span> 
     </span>
    </p>
   </div>
   <div class='ocr_carea' id='block_1_19' title="bbox 394 1489 1972 1561">
    <p class='ocr_par' dir='ltr' id='par_1_19' title="bbox 394 1489 1972 1561">
     <span class='ocr_line' id='line_1_19' title="bbox 394 1489 1972 1561; baseline -0.003 -15"><span class='ocrx_word' id='word_1_112' title='bbox 394 1495 587 1546; x_wconf 79' lang='grc' dir='ltr'>εἰπετο</span> <span class='ocrx_word' id='word_1_113' title='bbox 614 1493 669 1545; x_wconf 79' lang='grc' dir='ltr'>δὲ</span> <span class='ocrx_word' id='word_1_114' title='bbox 717 1492 894 1561; x_wconf 84' lang='grc' dir='ltr'>τούτῳ</span> <span class='ocrx_word' id='word_1_115' title='bbox 917 1493 945 1543; x_wconf 88' lang='grc' dir='ltr'>ὁ</span> <span class='ocrx_word' id='word_1_116' title='bbox 980 1490 1276 1559; x_wconf 76' lang='grc' dir='ltr'>αὐτόμολος</span> <span class='ocrx_word' id='word_1_117' title='bbox 1298 1490 1602 1559; x_wconf 74' lang='grc' dir='ltr'>Νεάντζης,</span> <span class='ocrx_word' id='word_1_118' title='bbox 1637 1489 1818 1556; x_wconf 80' lang='grc' dir='ltr'>δεινήν</span> <span class='ocrx_word' id='word_1_119' title='bbox 1851 1505 1972 1541; x_wconf 77' lang='grc' dir='ltr'>τινα</span> 
     </span>
    </p>
   </div>
   <div class='ocr_carea' id='block_1_20' title="bbox 395 1580 1974 1655">
    <p class='ocr_par' dir='ltr' id='par_1_20' title="bbox 395 1580 1974 1655">
     <span class='ocr_line' id='line_1_20' title="bbox 395 1580 1974 1655; baseline -0.003 -17"><span class='ocrx_word' id='word_1_120' title='bbox 395 1586 497 1638; x_wconf 77' lang='grc' dir='ltr'>καὶ</span> <span class='ocrx_word' id='word_1_121' title='bbox 530 1583 712 1655; x_wconf 83' lang='grc' dir='ltr'>βύθιον</span> <span class='ocrx_word' id='word_1_122' title='bbox 747 1583 980 1653; x_wconf 79' lang='grc' dir='ltr'><strong>μελέτην</strong></span> <span class='ocrx_word' id='word_1_123' title='bbox 1004 1580 1126 1636; x_wconf 84' lang='grc' dir='ltr'>κατ’</span> <span class='ocrx_word' id='word_1_124' title='bbox 1161 1582 1326 1634; x_wconf 83' lang='grc' dir='ltr'>αὐτοῦ</span> <span class='ocrx_word' id='word_1_125' title='bbox 1362 1581 1804 1651; x_wconf 82' lang='grc' dir='ltr'>τεκταινόμενος.</span> <span class='ocrx_word' id='word_1_126' title='bbox 1833 1583 1974 1652; x_wconf 84' lang='grc' dir='ltr'>Συμ-</span> 
     </span>
    </p>
   </div>
   <div class='ocr_carea' id='block_1_21' title="bbox 401 1671 1976 1745">
    <p class='ocr_par' dir='ltr' id='par_1_21' title="bbox 401 1671 1976 1745">
     <span class='ocr_line' id='line_1_21' title="bbox 401 1671 1976 1745; baseline -0.003 -17"><span class='ocrx_word' id='word_1_127' title='bbox 401 1676 591 1745; x_wconf 78' lang='grc' dir='ltr'>τιαρῆν</span> <span class='ocrx_word' id='word_1_128' title='bbox 622 1675 678 1728; x_wconf 80' lang='grc' dir='ltr'>δὲ</span> <span class='ocrx_word' id='word_1_129' title='bbox 708 1678 804 1726; x_wconf 74' lang='grc' dir='ltr'>καὶ</span> <span class='ocrx_word' id='word_1_130' title='bbox 829 1675 856 1725; x_wconf 84' lang='grc' dir='ltr'>ὁ</span> <span class='ocrx_word' id='word_1_131' title='bbox 889 1671 1172 1737; x_wconf 63' lang='grc' dir='ltr'>Καεθτζοῦς</span> <span class='ocrx_word' id='word_1_132' title='bbox 1224 1673 1317 1724; x_wconf 77' lang='grc' dir='ltr'><strong>καὶ</strong></span> <span class='ocrx_word' id='word_1_133' title='bbox 1363 1676 1390 1726; x_wconf 87' lang='grc' dir='ltr'>ὁ</span> <span class='ocrx_word' id='word_1_134' title='bbox 1438 1675 1739 1742; x_wconf 84' lang='grc' dir='ltr'>Κατράνης</span> <span class='ocrx_word' id='word_1_135' title='bbox 1781 1673 1976 1744; x_wconf 85' lang='grc' dir='ltr'>ἄνδρες</span> 
     </span>
    </p>
   </div>
   <div class='ocr_carea' id='block_1_22' title="bbox 400 1764 1974 1836">
    <p class='ocr_par' dir='ltr' id='par_1_22' title="bbox 400 1764 1974 1836">
     <span class='ocr_line' id='line_1_22' title="bbox 400 1764 1974 1836; baseline -0.001 -17"><span class='ocrx_word' id='word_1_136' title='bbox 400 1768 661 1835; x_wconf 81' lang='grc' dir='ltr'>πολέμων</span> <span class='ocrx_word' id='word_1_137' title='bbox 692 1766 740 1798; x_wconf 68' lang='grc'>⁸⁸</span> <span class='ocrx_word' id='word_1_138' title='bbox 764 1767 1109 1836; x_wconf 79' lang='grc' dir='ltr'>μεμνημένοι</span> <span class='ocrx_word' id='word_1_139' title='bbox 1142 1765 1236 1819; x_wconf 76' lang='grc' dir='ltr'><strong>καὶ</strong></span> <span class='ocrx_word' id='word_1_140' title='bbox 1263 1765 1456 1829; x_wconf 81' lang='grc' dir='ltr'>ζέοντα</span> <span class='ocrx_word' id='word_1_141' title='bbox 1494 1765 1632 1834; x_wconf 79' lang='grc' dir='ltr'>πρὸς</span> <span class='ocrx_word' id='word_1_142' title='bbox 1677 1764 1766 1818; x_wconf 75' lang='grc' dir='ltr'><strong>τὸν</strong></span> <span class='ocrx_word' id='word_1_143' title='bbox 1809 1767 1974 1818; x_wconf 85' lang='grc' dir='ltr'>αὐτο-</span> 
     </span>
    </p>
   </div>
   <div class='ocr_carea' id='block_1_23' title="bbox 2158 1019 3648 1100">
    <p class='ocr_par' dir='ltr' id='par_1_23' title="bbox 2158 1019 3648 1100">
     <span class='ocr_line' id='line_1_23' title="bbox 2158 1019 3648 1100; baseline 0.013 -28"><span class='ocrx_word' id='word_1_144' title='bbox 2158 1019 2255 1073; x_wconf 84' lang='lat' dir='ltr'><strong>llis</strong></span> <span class='ocrx_word' id='word_1_145' title='bbox 2287 1020 2359 1073; x_wconf 88' lang='lat' dir='ltr'><strong>ita</strong></span> <span class='ocrx_word' id='word_1_146' title='bbox 2391 1033 2582 1076; x_wconf 85' lang='lat' dir='ltr'><strong>contra</strong></span> <span class='ocrx_word' id='word_1_147' title='bbox 2617 1019 2891 1077; x_wconf 85' lang='lat' dir='ltr'><strong>Tzacham</strong></span> <span class='ocrx_word' id='word_1_148' title='bbox 2923 1026 3158 1094; x_wconf 84' lang='lat' dir='ltr'><strong>provisis</strong></span> <span class='ocrx_word' id='word_1_149' title='bbox 3194 1028 3492 1100; x_wconf 80' lang='lat' dir='ltr'><strong>Augustus,</strong></span> <span class='ocrx_word' id='word_1_150' title='bbox 3527 1050 3648 1091; x_wconf 88' lang='lat' dir='ltr'><strong>cum</strong></span> 
     </span>
    </p>
   </div>
   <div class='ocr_carea' id='block_1_24' title="bbox 2083 1108 3651 1194">
    <p class='ocr_par' dir='ltr' id='par_1_24' title="bbox 2083 1108 3651 1194">
     <span class='ocr_line' id='line_1_24' title="bbox 2083 1108 3651 1194; baseline 0.011 -31"><span class='ocrx_word' id='word_1_151' title='bbox 2083 1108 2316 1182; x_wconf 80' lang='lat' dir='ltr'><strong>Scythas</strong></span> <span class='ocrx_word' id='word_1_152' title='bbox 2348 1111 2626 1167; x_wconf 76' lang='lat' dir='ltr'><strong>didicisset</strong></span> <span class='ocrx_word' id='word_1_153' title='bbox 2657 1116 2852 1168; x_wconf 88' lang='lat' dir='ltr'><strong>iterum</strong></span> <span class='ocrx_word' id='word_1_154' title='bbox 2893 1117 3114 1173; x_wconf 87' lang='lat' dir='ltr'><strong>tendere</strong></span> <span class='ocrx_word' id='word_1_155' title='bbox 3141 1118 3404 1175; x_wconf 80' lang='lat' dir='ltr'><strong>llhusium</strong></span> <span class='ocrx_word' id='word_1_156' title='bbox 3442 1140 3651 1194; x_wconf 89' lang='lat' dir='ltr'><strong>versus,</strong></span> 
     </span>
    </p>
   </div>
   <div class='ocr_carea' id='block_1_25' title="bbox 2075 1205 3654 1284">
    <p class='ocr_par' dir='ltr' id='par_1_25' title="bbox 2075 1205 3654 1284">
     <span class='ocr_line' id='line_1_25' title="bbox 2075 1205 3654 1284; baseline 0.011 -30"><span class='ocrx_word' id='word_1_157' title='bbox 2075 1205 2298 1273; x_wconf 81' lang='lat' dir='ltr'><strong>jamque</strong></span> <span class='ocrx_word' id='word_1_158' title='bbox 2332 1207 2397 1258; x_wconf 87' lang='lat' dir='ltr'><strong>ad</strong></span> <span class='ocrx_word' id='word_1_159' title='bbox 2429 1205 2744 1276; x_wconf 86' lang='lat' dir='ltr'><strong>Polybotum</strong></span> <span class='ocrx_word' id='word_1_160' title='bbox 2777 1219 2951 1264; x_wconf 88' lang='lat' dir='ltr'><strong>castra</strong></span> <span class='ocrx_word' id='word_1_161' title='bbox 3002 1213 3269 1281; x_wconf 89' lang='lat' dir='ltr'><strong>posuisse,</strong></span> <span class='ocrx_word' id='word_1_162' title='bbox 3306 1227 3508 1284; x_wconf 89' lang='lat' dir='ltr'><strong>quanta</strong></span> <span class='ocrx_word' id='word_1_163' title='bbox 3539 1234 3654 1272; x_wconf 87' lang='lat' dir='ltr'><strong>ma-</strong></span> 
     </span>
    </p>
   </div>
   <div class='ocr_carea' id='block_1_26' title="bbox 2086 1299 3654 1377">
    <p class='ocr_par' dir='ltr' id='par_1_26' title="bbox 2086 1299 3654 1377">
     <span class='ocr_line' id='line_1_26' title="bbox 2086 1299 3654 1377; baseline 0.01 -26"><span class='ocrx_word' id='word_1_164' title='bbox 2086 1299 2227 1351; x_wconf 84' lang='lat' dir='ltr'><strong>xima</strong></span> <span class='ocrx_word' id='word_1_165' title='bbox 2284 1299 2564 1354; x_wconf 79' lang='lat' dir='ltr'><strong>celeritate</strong></span> <span class='ocrx_word' id='word_1_166' title='bbox 2635 1301 2808 1370; x_wconf 91' lang='lat' dir='ltr'><strong>potuit</strong></span> <span class='ocrx_word' id='word_1_167' title='bbox 2867 1299 3331 1375; x_wconf 88' lang='lat' dir='ltr'><strong>Constantinopoli</strong></span> <span class='ocrx_word' id='word_1_168' title='bbox 3379 1309 3654 1377; x_wconf 81' lang='lat' dir='ltr'><strong>profectus</strong></span> 
     </span>
    </p>
   </div>
   <div class='ocr_carea' id='block_1_27' title="bbox 2083 1389 3650 1472">
    <p class='ocr_par' dir='ltr' id='par_1_27' title="bbox 2083 1389 3650 1472">
     <span class='ocr_line' id='line_1_27' title="bbox 2083 1389 3650 1472; baseline 0.007 -27"><span class='ocrx_word' id='word_1_169' title='bbox 2083 1394 2481 1461; x_wconf 66' lang='lat' dir='ltr'><strong>praeoccupavit</strong></span> <span class='ocrx_word' id='word_1_170' title='bbox 2511 1389 2799 1447; x_wconf 81' lang='lat' dir='ltr'><strong>Rbusium.</strong></span> <span class='ocrx_word' id='word_1_171' title='bbox 2835 1393 3181 1463; x_wconf 85' lang='lat' dir='ltr'><strong>Sequebatur</strong></span> <span class='ocrx_word' id='word_1_172' title='bbox 3213 1413 3334 1453; x_wconf 87' lang='lat' dir='ltr'><strong>eum</strong></span> <span class='ocrx_word' id='word_1_173' title='bbox 3371 1401 3650 1472; x_wconf 81' lang='lat' dir='ltr'><strong>transfuga</strong></span> 
     </span>
    </p>
   </div>
   <div class='ocr_carea' id='block_1_28' title="bbox 2083 1482 3652 1558">
    <p class='ocr_par' dir='ltr' id='par_1_28' title="bbox 2083 1482 3652 1558">
     <span class='ocr_line' id='line_1_28' title="bbox 2083 1482 3652 1558; baseline 0.006 -21"><span class='ocrx_word' id='word_1_174' title='bbox 2083 1482 2373 1549; x_wconf 87' lang='lat' dir='ltr'><strong>Neantzes,</strong></span> <span class='ocrx_word' id='word_1_175' title='bbox 2446 1483 2603 1538; x_wconf 87' lang='lat' dir='ltr'><strong>ﬁdem</strong></span> <span class='ocrx_word' id='word_1_176' title='bbox 2655 1485 2801 1538; x_wconf 89' lang='lat' dir='ltr'><strong>vultu</strong></span> <span class='ocrx_word' id='word_1_177' title='bbox 2851 1488 3136 1551; x_wconf 75' lang='lat' dir='ltr'><strong>simulans,</strong></span> <span class='ocrx_word' id='word_1_178' title='bbox 3187 1491 3546 1558; x_wconf 84' lang='lat' dir='ltr'><strong>proditionem</strong></span> <span class='ocrx_word' id='word_1_179' title='bbox 3600 1494 3652 1547; x_wconf 89' lang='lat' dir='ltr'><strong>in</strong></span> 
     </span>
    </p>
   </div>
   <div class='ocr_carea' id='block_1_29' title="bbox 2085 1576 3657 1644">
    <p class='ocr_par' dir='ltr' id='par_1_29' title="bbox 2085 1576 3657 1644">
     <span class='ocr_line' id='line_1_29' title="bbox 2085 1576 3657 1644; baseline 0.008 -16"><span class='ocrx_word' id='word_1_180' title='bbox 2085 1576 2470 1644; x_wconf 87' lang='lat' dir='ltr'><strong>imperatorem</strong></span> <span class='ocrx_word' id='word_1_181' title='bbox 2511 1577 2936 1644; x_wconf 79' lang='lat' dir='ltr'><strong>ingratissimam</strong></span> <span class='ocrx_word' id='word_1_182' title='bbox 2971 1582 3197 1638; x_wconf 88' lang='lat' dir='ltr'><strong>occultis</strong></span> <span class='ocrx_word' id='word_1_183' title='bbox 3234 1585 3657 1640; x_wconf 82' lang='lat' dir='ltr'><strong>ruachinationi-</strong></span> 
     </span>
    </p>
   </div>
   <div class='ocr_carea' id='block_1_30' title="bbox 2085 1666 3655 1732">
    <p class='ocr_par' dir='ltr' id='par_1_30' title="bbox 2085 1666 3655 1732">
     <span class='ocr_line' id='line_1_30' title="bbox 2085 1666 3655 1732; baseline 0.007 -12"><span class='ocrx_word' id='word_1_184' title='bbox 2085 1666 2186 1721; x_wconf 86' lang='lat' dir='ltr'><strong>bus</strong></span> <span class='ocrx_word' id='word_1_185' title='bbox 2215 1666 2464 1721; x_wconf 87' lang='lat' dir='ltr'><strong>moliens.</strong></span> <span class='ocrx_word' id='word_1_186' title='bbox 2501 1667 2740 1722; x_wconf 85' lang='lat' dir='ltr'><strong>Aderant</strong></span> <span class='ocrx_word' id='word_1_187' title='bbox 2771 1679 2826 1724; x_wconf 87' lang='lat' dir='ltr'><strong>et</strong></span> <span class='ocrx_word' id='word_1_188' title='bbox 2876 1670 3116 1727; x_wconf 89' lang='lat' dir='ltr'><strong>Cantzus</strong></span> <span class='ocrx_word' id='word_1_189' title='bbox 3145 1683 3196 1727; x_wconf 91' lang='lat' dir='ltr'><strong>et</strong></span> <span class='ocrx_word' id='word_1_190' title='bbox 3233 1675 3498 1732; x_wconf 89' lang='lat' dir='ltr'><strong>Catranes</strong></span> <span class='ocrx_word' id='word_1_191' title='bbox 3550 1679 3655 1731; x_wconf 88' lang='lat' dir='ltr'><strong>viri</strong></span> 
     </span>
    </p>
   </div>
   <div class='ocr_carea' id='block_1_31' title="bbox 2086 1758 3656 1836">
    <p class='ocr_par' dir='ltr' id='par_1_31' title="bbox 2086 1758 3656 1836">
     <span class='ocr_line' id='line_1_31' title="bbox 2086 1758 3656 1836; baseline 0.007 -24"><span class='ocrx_word' id='word_1_192' title='bbox 2086 1758 2326 1812; x_wconf 85' lang='lat' dir='ltr'><strong>bellicosi</strong></span> <span class='ocrx_word' id='word_1_193' title='bbox 2362 1759 2630 1828; x_wconf 84' lang='lat' dir='ltr'><strong>longeque</strong></span> <span class='ocrx_word' id='word_1_194' title='bbox 2659 1761 2818 1816; x_wconf 87' lang='lat' dir='ltr'><strong>aliter</strong></span> <span class='ocrx_word' id='word_1_195' title='bbox 2867 1763 3085 1831; x_wconf 63' lang='lat' dir='ltr'><strong>alieni;</strong></span> <span class='ocrx_word' id='word_1_196' title='bbox 3118 1767 3317 1836; x_wconf 88' lang='lat' dir='ltr'><strong>quippe</strong></span> <span class='ocrx_word' id='word_1_197' title='bbox 3344 1782 3572 1836; x_wconf 83' lang='lat' dir='ltr'><strong>quorum</strong></span> <span class='ocrx_word' id='word_1_198' title='bbox 3602 1769 3656 1823; x_wconf 89' lang='lat' dir='ltr'><strong>in</strong></span> 
     </span>
    </p>
   </div>
   <div class='ocr_carea' id='block_1_32' title="bbox 401 1851 1984 1928">
    <p class='ocr_par' dir='ltr' id='par_1_32' title="bbox 401 1853 1978 1928">
     <span class='ocr_line' id='line_1_32' title="bbox 401 1853 1978 1928; baseline -0.003 -18"><span class='ocrx_word' id='word_1_199' title='bbox 401 1858 650 1928; x_wconf 86' lang='grc' dir='ltr'>κράτορα</span> <span class='ocrx_word' id='word_1_200' title='bbox 678 1856 843 1909; x_wconf 80' lang='grc' dir='ltr'>πόθον</span> <span class='ocrx_word' id='word_1_201' title='bbox 890 1855 1130 1926; x_wconf 76' lang='grc' dir='ltr'>ἔχοντες.</span> <span class='ocrx_word' id='word_1_202' title='bbox 1159 1853 1498 1926; x_wconf 81' lang='grc' dir='ltr'>Ἀπόμοιραν</span> <span class='ocrx_word' id='word_1_203' title='bbox 1527 1854 1584 1907; x_wconf 84' lang='grc' dir='ltr'><strong>δὲ</strong></span> <span class='ocrx_word' id='word_1_204' title='bbox 1620 1855 1815 1924; x_wconf 76' lang='grc' dir='ltr'>ἱκανὴν</span> <span class='ocrx_word' id='word_1_205' title='bbox 1869 1854 1978 1907; x_wconf 90' lang='grc' dir='ltr'><strong>τῶν</strong></span> 
     </span>
    </p>
   </div>
   <div class='ocr_carea' id='block_1_33' title="bbox 2092 1851 3656 1928">
    <p class='ocr_par' dir='ltr' id='par_1_33' title="bbox 2092 1851 3656 1918">
     <span class='ocr_line' id='line_1_33' title="bbox 2092 1851 3656 1918; baseline 0.008 -16"><span class='ocrx_word' id='word_1_206' title='bbox 2092 1851 2384 1918; x_wconf 75' lang='lat' dir='ltr'><strong>Augustum</strong></span> <span class='ocrx_word' id='word_1_207' title='bbox 2421 1853 2619 1907; x_wconf 83' lang='lat' dir='ltr'><strong>ardens</strong></span> <span class='ocrx_word' id='word_1_208' title='bbox 2662 1853 2899 1908; x_wconf 83' lang='lat' dir='ltr'><strong>studium</strong></span> <span class='ocrx_word' id='word_1_209' title='bbox 2931 1857 3073 1910; x_wconf 84' lang='lat' dir='ltr'><strong>veris</strong></span> <span class='ocrx_word' id='word_1_210' title='bbox 3119 1859 3370 1912; x_wconf 76' lang='lat' dir='ltr'><strong>exsmbat</strong></span> <span class='ocrx_word' id='word_1_211' title='bbox 3420 1860 3656 1916; x_wconf 91' lang='lat' dir='ltr'><strong>indiciis.</strong></span> 
     </span>
    </p>
   </div>
   <div class='ocr_carea' id='block_1_34' title="bbox 398 1945 1977 2019">
    <p class='ocr_par' dir='ltr' id='par_1_34' title="bbox 398 1945 1977 2019">
     <span class='ocr_line' id='line_1_34' title="bbox 398 1945 1977 2019; baseline -0.002 -16"><span class='ocrx_word' id='word_1_212' title='bbox 398 1950 628 2003; x_wconf 82' lang='grc' dir='ltr'><strong>Σκυθῶν</strong></span> <span class='ocrx_word' id='word_1_213' title='bbox 658 1950 850 2019; x_wconf 75' lang='grc' dir='ltr'>πόρρω</span> <span class='ocrx_word' id='word_1_214' title='bbox 881 1949 1246 2018; x_wconf 83' lang='grc' dir='ltr'>θεασάμενος,</span> <span class='ocrx_word' id='word_1_215' title='bbox 1288 1950 1386 2018; x_wconf 83' lang='grc' dir='ltr'>τὴν</span> <span class='ocrx_word' id='word_1_216' title='bbox 1418 1945 1537 2017; x_wconf 85' lang='grc' dir='ltr'>μετ’</span> <span class='ocrx_word' id='word_1_217' title='bbox 1566 1947 1744 2000; x_wconf 87' lang='grc' dir='ltr'>αὐτῶν</span> <span class='ocrx_word' id='word_1_218' title='bbox 1777 1950 1977 2000; x_wconf 79' lang='grc' dir='ltr'>ἐναπο-</span> 
     </span>
    </p>
   </div>
   <div class='ocr_carea' id='block_1_35' title="bbox 400 2036 1978 2112">
    <p class='ocr_par' dir='ltr' id='par_1_35' title="bbox 400 2036 1978 2112">
     <span class='ocr_line' id='line_1_35' title="bbox 400 2036 1978 2112; baseline -0.004 -16"><span class='ocrx_word' id='word_1_219' title='bbox 400 2044 596 2096; x_wconf 82' lang='grc' dir='ltr'>δύεται</span> <span class='ocrx_word' id='word_1_220' title='bbox 646 2043 850 2112; x_wconf 79' lang='grc' dir='ltr'>μάχην.</span> <span class='ocrx_word' id='word_1_221' title='bbox 904 2040 1097 2094; x_wconf 74' lang='grc' dir='ltr'>Πολλοὶ</span> <span class='ocrx_word' id='word_1_222' title='bbox 1145 2041 1244 2110; x_wconf 82' lang='grc' dir='ltr'><strong>μὲν</strong></span> <span class='ocrx_word' id='word_1_223' title='bbox 1285 2036 1379 2092; x_wconf 83' lang='grc' dir='ltr'><strong>οὖν</strong></span> <span class='ocrx_word' id='word_1_224' title='bbox 1425 2037 1537 2091; x_wconf 87' lang='grc' dir='ltr'><strong>τῶν</strong></span> <span class='ocrx_word' id='word_1_225' title='bbox 1597 2037 1884 2107; x_wconf 77' lang='grc' dir='ltr'>Ῥωμαίων</span> <span class='ocrx_word' id='word_1_226' title='bbox 1923 2041 1978 2090; x_wconf 82' lang='grc' dir='ltr'>ἐν</span> 
     </span>
    </p>
   </div>
   <div class='ocr_carea' id='block_1_36' title="bbox 399 2129 1982 2202">
    <p class='ocr_par' dir='ltr' id='par_1_36' title="bbox 399 2129 1982 2202">
     <span class='ocr_line' id='line_1_36' title="bbox 399 2129 1982 2202; baseline -0.001 -17"><span class='ocrx_word' id='word_1_227' title='bbox 399 2133 482 2202; x_wconf 80' lang='grc' dir='ltr'><strong>τῷ</strong></span> <span class='ocrx_word' id='word_1_228' title='bbox 524 2133 801 2202; x_wconf 84' lang='grc' dir='ltr'>μάχεσθαι</span> <span class='ocrx_word' id='word_1_229' title='bbox 853 2129 1138 2196; x_wconf 65' lang='grc' dir='ltr'>πίπτουσι,</span> <span class='ocrx_word' id='word_1_230' title='bbox 1195 2131 1342 2194; x_wconf 79' lang='grc' dir='ltr'>τινὲς</span> <span class='ocrx_word' id='word_1_231' title='bbox 1371 2130 1555 2184; x_wconf 80' lang='grc' dir='ltr'>δὲκαὶ</span> <span class='ocrx_word' id='word_1_232' title='bbox 1601 2131 1982 2201; x_wconf 74' lang='grc' dir='ltr'>ζωγρηθέντες</span> 
     </span>
    </p>
   </div>
   <div class='ocr_carea' id='block_1_37' title="bbox 399 2225 1980 2297">
    <p class='ocr_par' dir='ltr' id='par_1_37' title="bbox 399 2225 1980 2297">
     <span class='ocr_line' id='line_1_37' title="bbox 399 2225 1980 2297; baseline -0.001 -18"><span class='ocrx_word' id='word_1_233' title='bbox 399 2229 565 2297; x_wconf 77' lang='grc' dir='ltr'>παρὰ</span> <span class='ocrx_word' id='word_1_234' title='bbox 595 2227 704 2278; x_wconf 86' lang='grc' dir='ltr'><strong>τῶν</strong></span> <span class='ocrx_word' id='word_1_235' title='bbox 730 2225 955 2278; x_wconf 76' lang='grc' dir='ltr'>Σκυθῶν</span> <span class='ocrx_word' id='word_1_236' title='bbox 989 2226 1295 2280; x_wconf 85' lang='grc' dir='ltr'>κτείνονται</span> <span class='ocrx_word' id='word_1_237' title='bbox 1322 2268 1338 2292; x_wconf 88' lang='grc'><strong>,</strong></span> <span class='ocrx_word' id='word_1_238' title='bbox 1373 2227 1549 2279; x_wconf 73' lang='grc' dir='ltr'>ἱκανοὶ</span> <span class='ocrx_word' id='word_1_239' title='bbox 1579 2226 1635 2278; x_wconf 79' lang='grc' dir='ltr'><strong>δὲ</strong></span> <span class='ocrx_word' id='word_1_240' title='bbox 1660 2227 1753 2278; x_wconf 71' lang='grc' dir='ltr'>καὶ</span> <span class='ocrx_word' id='word_1_241' title='bbox 1787 2229 1980 2296; x_wconf 79' lang='grc' dir='ltr'>μέχρις</span> 
     </span>
    </p>
   </div>
   <div class='ocr_carea' id='block_1_38' title="bbox 401 2315 1982 2387">
    <p class='ocr_par' dir='ltr' id='par_1_38' title="bbox 401 2315 1982 2387">
     <span class='ocr_line' id='line_1_38' title="bbox 401 2315 1982 2387; baseline -0.002 -16"><span class='ocrx_word' id='word_1_242' title='bbox 401 2318 577 2381; x_wconf 57' lang='grc' dir='ltr'>αὐτοῦ</span> <span class='ocrx_word' id='word_1_243' title='bbox 634 2318 889 2370; x_wconf 82' lang='grc' dir='ltr'>Ῥουσίου</span> <span class='ocrx_word' id='word_1_244' title='bbox 939 2316 1286 2387; x_wconf 78' lang='grc' dir='ltr'>κομίζονται.</span> <span class='ocrx_word' id='word_1_245' title='bbox 1350 2316 1512 2370; x_wconf 81' lang='grc' dir='ltr'>Ἀλλὰ</span> <span class='ocrx_word' id='word_1_246' title='bbox 1563 2316 1739 2369; x_wconf 84' lang='grc' dir='ltr'>ταῦτα</span> <span class='ocrx_word' id='word_1_247' title='bbox 1777 2317 1876 2386; x_wconf 71' lang='grc' dir='ltr'><strong>μὲν</strong></span> <span class='ocrx_word' id='word_1_248' title='bbox 1915 2315 1982 2368; x_wconf 73' lang='grc' dir='ltr'>τὰ</span> 
     </span>
    </p>
   </div>
   <div class='ocr_carea' id='block_1_39' title="bbox 403 2407 1982 2480">
    <p class='ocr_par' dir='ltr' id='par_1_39' title="bbox 403 2407 1982 2480">
     <span class='ocr_line' id='line_1_39' title="bbox 403 2407 1982 2480; baseline -0.003 -15"><span class='ocrx_word' id='word_1_249' title='bbox 403 2413 553 2466; x_wconf 81' lang='grc' dir='ltr'><strong>κατά</strong></span> <span class='ocrx_word' id='word_1_250' title='bbox 591 2411 719 2473; x_wconf 80' lang='grc' dir='ltr'>τοὺς</span> <span class='ocrx_word' id='word_1_251' title='bbox 750 2413 1048 2480; x_wconf 83' lang='grc' dir='ltr'>προνομεῖς</span> <span class='ocrx_word' id='word_1_252' title='bbox 1089 2408 1198 2461; x_wconf 87' lang='grc' dir='ltr'><strong>τῶν</strong></span> <span class='ocrx_word' id='word_1_253' title='bbox 1238 2408 1483 2462; x_wconf 82' lang='grc' dir='ltr'>Σκυθῶν.</span> <span class='ocrx_word' id='word_1_254' title='bbox 1517 2408 1576 2460; x_wconf 83' lang='lat'><strong>&#39;0</strong></span> <span class='ocrx_word' id='word_1_255' title='bbox 1619 2407 1674 2460; x_wconf 87' lang='grc' dir='ltr'><strong>δὲ</strong></span> <span class='ocrx_word' id='word_1_256' title='bbox 1727 2407 1982 2478; x_wconf 82' lang='grc' dir='ltr'>βασιλεὺς</span> 
     </span>
    </p>
   </div>
   <div class='ocr_carea' id='block_1_40' title="bbox 400 2499 1985 2574">
    <p class='ocr_par' dir='ltr' id='par_1_40' title="bbox 400 2499 1985 2574">
     <span class='ocr_line' id='line_1_40' title="bbox 400 2499 1985 2574; baseline -0.003 -15"><span class='ocrx_word' id='word_1_257' title='bbox 400 2506 514 2559; x_wconf 82' lang='grc' dir='ltr'><strong>τῶν</strong></span> <span class='ocrx_word' id='word_1_258' title='bbox 557 2499 912 2574; x_wconf 71' lang='grc' dir='ltr'>καλοῦμένων</span> <span class='ocrx_word' id='word_1_259' title='bbox 940 2502 1310 2557; x_wconf 86' lang='grc' dir='ltr'>Μανιακάτων</span> <span class='ocrx_word' id='word_1_260' title='bbox 1353 2502 1468 2573; x_wconf 69' lang='grc'>(24)</span> <span class='ocrx_word' id='word_1_261' title='bbox 1515 2501 1762 2555; x_wconf 80' lang='grc' dir='ltr'>Λατίνων</span> <span class='ocrx_word' id='word_1_262' title='bbox 1817 2519 1985 2555; x_wconf 74' lang='grc' dir='ltr'>κατα-</span> 
     </span>
    </p>
   </div>
   <div class='ocr_carea' id='block_1_41' title="bbox 403 2595 1985 2670">
    <p class='ocr_par' dir='ltr' id='par_1_41' title="bbox 403 2595 1985 2670">
     <span class='ocr_line' id='line_1_41' title="bbox 403 2595 1985 2670; baseline -0.002 -19"><span class='ocrx_word' id='word_1_263' title='bbox 403 2600 706 2664; x_wconf 75' lang='grc' dir='ltr'>λαϐόντων,</span> <span class='ocrx_word' id='word_1_264' title='bbox 742 2596 1049 2670; x_wconf 81' lang='grc' dir='ltr'>θαρσήσας,</span> <span class='ocrx_word' id='word_1_265' title='bbox 1089 2595 1407 2649; x_wconf 80' lang='grc' dir='ltr'>ἐϐουλεύετο</span> <span class='ocrx_word' id='word_1_266' title='bbox 1435 2599 1500 2666; x_wconf 80' lang='grc' dir='ltr'>τῇ</span> <span class='ocrx_word' id='word_1_267' title='bbox 1531 2595 1648 2664; x_wconf 88' lang='grc' dir='ltr'>μετ’</span> <span class='ocrx_word' id='word_1_268' title='bbox 1680 2595 1854 2664; x_wconf 80' lang='grc' dir='ltr'>αὐτὴν</span> <span class='ocrx_word' id='word_1_269' title='bbox 1893 2596 1985 2648; x_wconf 69' lang='grc' dir='ltr'><strong>τὸν</strong></span> 
     </span>
    </p>
   </div>
   <div class='ocr_carea' id='block_1_42' title="bbox 409 2687 1986 2760">
    <p class='ocr_par' dir='ltr' id='par_1_42' title="bbox 409 2687 1986 2760">
     <span class='ocr_line' id='line_1_42' title="bbox 409 2687 1986 2760; baseline -0.004 -16"><span class='ocrx_word' id='word_1_270' title='bbox 409 2691 555 2760; x_wconf 82' lang='grc' dir='ltr'>μετὰ</span> <span class='ocrx_word' id='word_1_271' title='bbox 584 2690 696 2745; x_wconf 87' lang='grc' dir='ltr'><strong>τῶν</strong></span> <span class='ocrx_word' id='word_1_272' title='bbox 727 2689 950 2742; x_wconf 83' lang='grc' dir='ltr'>Σκυθῶν</span> <span class='ocrx_word' id='word_1_273' title='bbox 973 2687 1133 2755; x_wconf 50' lang='grc' dir='ltr'>ξκατά</span> <span class='ocrx_word' id='word_1_274' title='bbox 1182 2688 1452 2759; x_wconf 82' lang='grc' dir='ltr'>συστάδην</span> <span class='ocrx_word' id='word_1_275' title='bbox 1486 2687 1848 2751; x_wconf 83' lang='grc' dir='ltr'>ἀναδέξασθαι</span> <span class='ocrx_word' id='word_1_276' title='bbox 1888 2690 1986 2739; x_wconf 71' lang='grc' dir='ltr'><strong>πί-</strong></span> 
     </span>
    </p>
   </div>
   <div class='ocr_carea' id='block_1_43' title="bbox 405 2779 1986 2856">
    <p class='ocr_par' dir='ltr' id='par_1_43' title="bbox 405 2779 1986 2856">
     <span class='ocr_line' id='line_1_43' title="bbox 405 2779 1986 2856; baseline -0.003 -20"><span class='ocrx_word' id='word_1_277' title='bbox 405 2785 596 2856; x_wconf 85' lang='grc' dir='ltr'>λεμον.</span> <span class='ocrx_word' id='word_1_278' title='bbox 662 2782 821 2836; x_wconf 76' lang='grc' dir='ltr'>Ἐπεὶ</span> <span class='ocrx_word' id='word_1_279' title='bbox 874 2781 924 2834; x_wconf 82' lang='grc' dir='ltr'><strong>δ’</strong></span> <span class='ocrx_word' id='word_1_280' title='bbox 973 2781 1035 2834; x_wconf 91' lang='grc' dir='ltr'><strong>οὐ</strong></span> <span class='ocrx_word' id='word_1_281' title='bbox 1093 2780 1227 2834; x_wconf 81' lang='grc' dir='ltr'>πολὺ</span> <span class='ocrx_word' id='word_1_282' title='bbox 1277 2779 1337 2833; x_wconf 82' lang='grc' dir='ltr'><strong>τὸ</strong></span> <span class='ocrx_word' id='word_1_283' title='bbox 1395 2779 1724 2850; x_wconf 85' lang='grc' dir='ltr'>μεταίχμιον</span> <span class='ocrx_word' id='word_1_284' title='bbox 1779 2782 1986 2849; x_wconf 78' lang='grc' dir='ltr'>ἀμφοῖν</span> 
     </span>
    </p>
   </div>
   <div class='ocr_carea' id='block_1_44' title="bbox 404 2872 1988 2944">
    <p class='ocr_par' dir='ltr' id='par_1_44' title="bbox 404 2872 1988 2944">
     <span class='ocr_line' id='line_1_44' title="bbox 404 2872 1988 2944; baseline -0.004 -14"><span class='ocrx_word' id='word_1_285' title='bbox 404 2879 520 2930; x_wconf 79' lang='grc' dir='ltr'>τοῖν</span> <span class='ocrx_word' id='word_1_286' title='bbox 579 2874 1017 2944; x_wconf 80' lang='grc' dir='ltr'>στρατευμάτοιν</span> <span class='ocrx_word' id='word_1_287' title='bbox 1063 2873 1259 2942; x_wconf 79' lang='grc' dir='ltr'>ἔτυχεν</span> <span class='ocrx_word' id='word_1_288' title='bbox 1313 2872 1394 2940; x_wconf 84' lang='grc' dir='ltr'>ὃν,</span> <span class='ocrx_word' id='word_1_289' title='bbox 1435 2874 1536 2943; x_wconf 77' lang='grc' dir='ltr'><strong>τὴν</strong></span> <span class='ocrx_word' id='word_1_290' title='bbox 1587 2872 1837 2926; x_wconf 80' lang='grc' dir='ltr'>ἐνυάλιον</span> <span class='ocrx_word' id='word_1_291' title='bbox 1885 2873 1988 2924; x_wconf 86' lang='grc' dir='ltr'><strong>οὐκ</strong></span> 
     </span>
    </p>
   </div>
   <div class='ocr_carea' id='block_1_45' title="bbox 409 2966 1987 3039">
    <p class='ocr_par' dir='ltr' id='par_1_45' title="bbox 409 2966 1987 3039">
     <span class='ocr_line' id='line_1_45' title="bbox 409 2966 1987 3039; baseline -0.004 -16"><span class='ocrx_word' id='word_1_292' title='bbox 409 2969 810 3039; x_wconf 76' lang='grc' dir='ltr'>ἀπεθάρρησεν</span> <span class='ocrx_word' id='word_1_293' title='bbox 849 2967 1056 3036; x_wconf 78' lang='grc' dir='ltr'>ὴχῆσαι</span> <span class='ocrx_word' id='word_1_294' title='bbox 1093 2966 1395 3034; x_wconf 80' lang='grc' dir='ltr'>σάλπιγγα,</span> <span class='ocrx_word' id='word_1_295' title='bbox 1436 2966 1605 3019; x_wconf 84' lang='grc' dir='ltr'>θέλων</span> <span class='ocrx_word' id='word_1_296' title='bbox 1628 2966 1987 3035; x_wconf 81' lang='grc' dir='ltr'>προαρπάσαι</span> 
     </span>
    </p>
   </div>
   <div class='ocr_carea' id='block_1_46' title="bbox 405 3057 1987 3132">
    <p class='ocr_par' dir='ltr' id='par_1_46' title="bbox 405 3057 1987 3132">
     <span class='ocr_line' id='line_1_46' title="bbox 405 3057 1987 3132; baseline -0.011 -16"><span class='ocrx_word' id='word_1_297' title='bbox 405 3062 506 3132; x_wconf 78' lang='grc' dir='ltr'>τὴν</span> <span class='ocrx_word' id='word_1_298' title='bbox 533 3063 734 3132; x_wconf 83' lang='grc' dir='ltr'>μάχην·</span> <span class='ocrx_word' id='word_1_299' title='bbox 770 3059 1274 3129; x_wconf 73' lang='grc' dir='ltr'>μεταπεμψάμενος</span> <span class='ocrx_word' id='word_1_300' title='bbox 1302 3057 1397 3112; x_wconf 81' lang='grc' dir='ltr'><strong>οὖν</strong></span> <span class='ocrx_word' id='word_1_301' title='bbox 1418 3058 1515 3110; x_wconf 81' lang='grc' dir='ltr'><strong>τὸν</strong></span> <span class='ocrx_word' id='word_1_302' title='bbox 1542 3059 1672 3130; x_wconf 80' lang='grc' dir='ltr'>περὶ</span> <span class='ocrx_word' id='word_1_303' title='bbox 1690 3059 1737 3090; x_wconf 71' lang='grc'><strong>⁸⁷</strong></span> <span class='ocrx_word' id='word_1_304' title='bbox 1759 3059 1869 3111; x_wconf 82' lang='grc' dir='ltr'><strong>τῶν</strong></span> <span class='ocrx_word' id='word_1_305' title='bbox 1892 3058 1987 3128; x_wconf 80' lang='grc' dir='ltr'><strong>βα-</strong></span> 
     </span>
    </p>
   </div>
   <div class='ocr_carea' id='block_1_47' title="bbox 409 3150 1990 3224">
    <p class='ocr_par' dir='ltr' id='par_1_47' title="bbox 409 3150 1990 3224">
     <span class='ocr_line' id='line_1_47' title="bbox 409 3150 1990 3224; baseline -0.002 -16"><span class='ocrx_word' id='word_1_306' title='bbox 409 3155 638 3208; x_wconf 80' lang='grc' dir='ltr'>σιλικῶν</span> <span class='ocrx_word' id='word_1_307' title='bbox 671 3153 907 3224; x_wconf 72' lang='grc' dir='ltr'>ἱεράκων</span> <span class='ocrx_word' id='word_1_308' title='bbox 939 3152 1051 3223; x_wconf 74' lang='grc'>(25)</span> <span class='ocrx_word' id='word_1_309' title='bbox 1072 3150 1496 3222; x_wconf 72' lang='grc' dir='ltr'>διακονούμενον</span> <span class='ocrx_word' id='word_1_310' title='bbox 1516 3151 1814 3222; x_wconf 85' lang='grc' dir='ltr'>θεραπείαν</span> <span class='ocrx_word' id='word_1_311' title='bbox 1836 3154 1990 3205; x_wconf 82' lang='grc' dir='ltr'>Κων-</span> 
     </span>
    </p>
   </div>
   <div class='ocr_carea' id='block_1_48' title="bbox 410 3245 1989 3317">
    <p class='ocr_par' dir='ltr' id='par_1_48' title="bbox 410 3245 1989 3317">
     <span class='ocr_line' id='line_1_48' title="bbox 410 3245 1989 3317; baseline -0.004 -15"><span class='ocrx_word' id='word_1_312' title='bbox 410 3251 693 3302; x_wconf 87' lang='grc' dir='ltr'>σταντίνον</span> <span class='ocrx_word' id='word_1_313' title='bbox 718 3247 1045 3316; x_wconf 81' lang='grc' dir='ltr'>προστάττει</span> <span class='ocrx_word' id='word_1_314' title='bbox 1068 3245 1354 3316; x_wconf 82' lang='grc' dir='ltr'>τύμπανον</span> <span class='ocrx_word' id='word_1_315' title='bbox 1379 3247 1621 3317; x_wconf 80' lang='grc' dir='ltr'>ἑσπέρας</span> <span class='ocrx_word' id='word_1_316' title='bbox 1650 3245 1989 3315; x_wconf 77' lang='grc' dir='ltr'>ἀναλαϐόμε-</span> 
     </span>
    </p>
   </div>
   <div class='ocr_carea' id='block_1_49' title="bbox 411 3336 1990 3409">
    <p class='ocr_par' dir='ltr' id='par_1_49' title="bbox 411 3336 1990 3409">
     <span class='ocr_line' id='line_1_49' title="bbox 411 3336 1990 3409; baseline -0.001 -15"><span class='ocrx_word' id='word_1_317' title='bbox 411 3359 502 3394; x_wconf 87' lang='grc' dir='ltr'><strong>νον</strong></span> <span class='ocrx_word' id='word_1_318' title='bbox 533 3340 759 3394; x_wconf 82' lang='grc' dir='ltr'>τύπτειν</span> <span class='ocrx_word' id='word_1_319' title='bbox 783 3337 850 3391; x_wconf 88' lang='grc' dir='ltr'><strong>δι’</strong></span> <span class='ocrx_word' id='word_1_320' title='bbox 880 3339 1010 3409; x_wconf 83' lang='grc' dir='ltr'>ὅλης</span> <span class='ocrx_word' id='word_1_321' title='bbox 1036 3339 1232 3401; x_wconf 77' lang='grc' dir='ltr'>νυκτὸς</span> <span class='ocrx_word' id='word_1_322' title='bbox 1274 3336 1706 3409; x_wconf 76' lang='grc' dir='ltr'>περινοστοῦντα</span> <span class='ocrx_word' id='word_1_323' title='bbox 1728 3337 1792 3390; x_wconf 81' lang='grc' dir='ltr'><strong>τὸ</strong></span> <span class='ocrx_word' id='word_1_324' title='bbox 1823 3339 1990 3407; x_wconf 86' lang='grc' dir='ltr'>στρά-</span> 
     </span>
    </p>
   </div>
   <div class='ocr_carea' id='block_1_50' title="bbox 417 3431 1991 3502">
    <p class='ocr_par' dir='ltr' id='par_1_50' title="bbox 417 3431 1991 3502">
     <span class='ocr_line' id='line_1_50' title="bbox 417 3431 1991 3502; baseline -0.001 -18"><span class='ocrx_word' id='word_1_325' title='bbox 417 3449 611 3501; x_wconf 73' lang='grc' dir='ltr'>τευμα,</span> <span class='ocrx_word' id='word_1_326' title='bbox 633 3434 726 3486; x_wconf 72' lang='grc' dir='ltr'><strong>καὶ</strong></span> <span class='ocrx_word' id='word_1_327' title='bbox 740 3431 1168 3502; x_wconf 84' lang='grc' dir='ltr'>διακηρυκεύειν</span> <span class='ocrx_word' id='word_1_328' title='bbox 1192 3431 1604 3501; x_wconf 78' lang='grc' dir='ltr'>ἑτοιμάζεσθαι,</span> <span class='ocrx_word' id='word_1_329' title='bbox 1653 3432 1731 3484; x_wconf 81' lang='grc' dir='ltr'>ὅτι</span> <span class='ocrx_word' id='word_1_330' title='bbox 1756 3448 1991 3501; x_wconf 85' lang='grc' dir='ltr'>περιαυ-</span> 
     </span>
    </p>
   </div>
   <div class='ocr_carea' id='block_1_51' title="bbox 425 3522 1989 3594">
    <p class='ocr_par' dir='ltr' id='par_1_51' title="bbox 425 3522 1989 3594">
     <span class='ocr_line' id='line_1_51' title="bbox 425 3522 1989 3594; baseline -0.001 -18"><span class='ocrx_word' id='word_1_331' title='bbox 425 3523 686 3594; x_wconf 77' lang='grc' dir='ltr'>γαζούσης</span> <span class='ocrx_word' id='word_1_332' title='bbox 708 3525 811 3594; x_wconf 82' lang='grc' dir='ltr'>τῆς</span> <span class='ocrx_word' id='word_1_333' title='bbox 826 3522 1016 3594; x_wconf 77' lang='grc' dir='ltr'>αὔριον</span> <span class='ocrx_word' id='word_1_334' title='bbox 1043 3524 1532 3592; x_wconf 77' lang='grc' dir='ltr'>ἀπερισαλπίστως</span> <span class='ocrx_word' id='word_1_335' title='bbox 1552 3522 1660 3593; x_wconf 78' lang='grc' dir='ltr'>(ῖσ.</span> <span class='ocrx_word' id='word_1_336' title='bbox 1685 3523 1790 3575; x_wconf 87' lang='grc' dir='ltr'><strong>ἀπε</strong></span> <span class='ocrx_word' id='word_1_337' title='bbox 1802 3523 1989 3591; x_wconf 81' lang='grc' dir='ltr'>ρισαλ-</span> 
     </span>
    </p>
   </div>
   <div class='ocr_carea' id='block_1_52' title="bbox 425 3615 1993 3690">
    <p class='ocr_par' dir='ltr' id='par_1_52' title="bbox 425 3615 1993 3690">
     <span class='ocr_line' id='line_1_52' title="bbox 425 3615 1993 3690; baseline -0.001 -22"><span class='ocrx_word' id='word_1_338' title='bbox 425 3616 682 3690; x_wconf 77' lang='grc' dir='ltr'>πὶγκτως]</span> <span class='ocrx_word' id='word_1_339' title='bbox 713 3619 806 3671; x_wconf 69' lang='grc' dir='ltr'><strong>τὸν</strong></span> <span class='ocrx_word' id='word_1_340' title='bbox 831 3618 970 3685; x_wconf 72' lang='grc' dir='ltr'>μετὰ</span> <span class='ocrx_word' id='word_1_341' title='bbox 989 3616 1097 3670; x_wconf 88' lang='grc' dir='ltr'><strong>τῶν</strong></span> <span class='ocrx_word' id='word_1_342' title='bbox 1119 3616 1344 3669; x_wconf 83' lang='grc' dir='ltr'>Σκυθῶν</span> <span class='ocrx_word' id='word_1_343' title='bbox 1370 3617 1398 3668; x_wconf 78' lang='grc' dir='ltr'>ὁ</span> <span class='ocrx_word' id='word_1_344' title='bbox 1423 3615 1784 3688; x_wconf 84' lang='grc' dir='ltr'>αὐτοκράτωρ</span> <span class='ocrx_word' id='word_1_345' title='bbox 1808 3615 1993 3684; x_wconf 86' lang='grc' dir='ltr'>βούλε-</span> 
     </span>
    </p>
   </div>
   <div class='ocr_carea' id='block_1_53' title="bbox 412 3708 1990 3781">
    <p class='ocr_par' dir='ltr' id='par_1_53' title="bbox 412 3708 1990 3781">
     <span class='ocr_line' id='line_1_53' title="bbox 412 3708 1990 3781; baseline -0.002 -18"><span class='ocrx_word' id='word_1_346' title='bbox 412 3727 507 3763; x_wconf 85' lang='grc' dir='ltr'><strong>ται</strong></span> <span class='ocrx_word' id='word_1_347' title='bbox 539 3713 777 3781; x_wconf 70' lang='grc' dir='ltr'>συνάψαι</span> <span class='ocrx_word' id='word_1_348' title='bbox 801 3709 1148 3780; x_wconf 78' lang='grc' dir='ltr'>πόλεμον.Οἱ</span> <span class='ocrx_word' id='word_1_349' title='bbox 1199 3710 1256 3763; x_wconf 82' lang='grc' dir='ltr'>δὲ</span> <span class='ocrx_word' id='word_1_350' title='bbox 1301 3709 1506 3762; x_wconf 84' lang='grc' dir='ltr'>Σκύθαι</span> <span class='ocrx_word' id='word_1_351' title='bbox 1547 3709 1641 3762; x_wconf 83' lang='grc' dir='ltr'>τοῦ</span> <span class='ocrx_word' id='word_1_352' title='bbox 1687 3708 1990 3762; x_wconf 78' lang='grc' dir='ltr'>Πολυὸότου</span> 
     </span>
    </p>
   </div>
   <div class='ocr_carea' id='block_1_54' title="bbox 409 3799 1994 3873">
    <p class='ocr_par' dir='ltr' id='par_1_54' title="bbox 409 3799 1994 3873">
     <span class='ocr_line' id='line_1_54' title="bbox 409 3799 1994 3873; baseline -0.002 -17"><span class='ocrx_word' id='word_1_353' title='bbox 409 3803 731 3872; x_wconf 70' lang='grc' dir='ltr'>ἀπάραντες</span> <span class='ocrx_word' id='word_1_354' title='bbox 768 3800 1370 3873; x_wconf 73' lang='grc' dir='ltr'>προκαταλαμϐάνουσι</span> <span class='ocrx_word' id='word_1_355' title='bbox 1402 3800 1568 3854; x_wconf 85' lang='grc' dir='ltr'>τόπον</span> <span class='ocrx_word' id='word_1_356' title='bbox 1599 3800 1689 3853; x_wconf 79' lang='grc' dir='ltr'><strong>τὸν</strong></span> <span class='ocrx_word' id='word_1_357' title='bbox 1719 3799 1994 3869; x_wconf 84' lang='grc' dir='ltr'>καλούμε-</span> 
     </span>
    </p>
   </div>
   <div class='ocr_carea' id='block_1_55' title="bbox 407 3893 1994 3964">
    <p class='ocr_par' dir='ltr' id='par_1_55' title="bbox 407 3893 1994 3964">
     <span class='ocr_line' id='line_1_55' title="bbox 407 3893 1994 3964; baseline -0.001 -17"><span class='ocrx_word' id='word_1_358' title='bbox 407 3912 500 3947; x_wconf 81' lang='grc' dir='ltr'><strong>νον</strong></span> <span class='ocrx_word' id='word_1_359' title='bbox 534 3895 752 3964; x_wconf 78' lang='grc' dir='ltr'>’ᾼόην,</span> <span class='ocrx_word' id='word_1_360' title='bbox 789 3894 1009 3948; x_wconf 88' lang='grc' dir='ltr'>κάκεῖθι</span> <span class='ocrx_word' id='word_1_361' title='bbox 1043 3895 1136 3946; x_wconf 82' lang='grc' dir='ltr'><strong>τὸν</strong></span> <span class='ocrx_word' id='word_1_362' title='bbox 1193 3894 1412 3964; x_wconf 85' lang='grc' dir='ltr'>χάρακα</span> <span class='ocrx_word' id='word_1_363' title='bbox 1474 3896 1806 3964; x_wconf 82' lang='grc' dir='ltr'>πήγνυνται.</span> <span class='ocrx_word' id='word_1_364' title='bbox 1840 3893 1994 3948; x_wconf 68' lang='grc' dir='ltr'>Οὕτω</span> 
     </span>
    </p>
   </div>
   <div class='ocr_carea' id='block_1_56' title="bbox 410 3984 1995 4063">
    <p class='ocr_par' dir='ltr' id='par_1_56' title="bbox 410 3984 1995 4063">
     <span class='ocr_line' id='line_1_56' title="bbox 410 3984 1995 4063; baseline 0.001 -26"><span class='ocrx_word' id='word_1_365' title='bbox 410 3989 514 4060; x_wconf 76' lang='grc' dir='ltr'><strong>μὲν</strong></span> <span class='ocrx_word' id='word_1_366' title='bbox 543 3984 640 4039; x_wconf 78' lang='grc' dir='ltr'><strong>οὖν</strong></span> <span class='ocrx_word' id='word_1_367' title='bbox 684 3989 712 4039; x_wconf 87' lang='grc' dir='ltr'><strong>ὁ</strong></span> <span class='ocrx_word' id='word_1_368' title='bbox 779 3987 1142 4059; x_wconf 76' lang='grc' dir='ltr'>αὐτοκράτωρ</span> <span class='ocrx_word' id='word_1_369' title='bbox 1206 3987 1267 4051; x_wconf 79' lang='grc' dir='ltr'>ἐξ</span> <span class='ocrx_word' id='word_1_370' title='bbox 1320 3986 1565 4063; x_wconf 81' lang='grc' dir='ltr'>ἑσπέρας</span> <span class='ocrx_word' id='word_1_371' title='bbox 1628 3987 1800 4056; x_wconf 80' lang='grc' dir='ltr'>αὐτῆς</span> <span class='ocrx_word' id='word_1_372' title='bbox 1851 4003 1995 4058; x_wconf 84' lang='grc' dir='ltr'>παρ-</span> 
     </span>
    </p>
   </div>
   <div class='ocr_carea' id='block_1_57' title="bbox 408 4077 1996 4149">
    <p class='ocr_par' dir='ltr' id='par_1_57' title="bbox 408 4077 1996 4149">
     <span class='ocr_line' id='line_1_57' title="bbox 408 4077 1996 4149; baseline 0 -18"><span class='ocrx_word' id='word_1_373' title='bbox 408 4079 761 4141; x_wconf 75' lang='grc' dir='ltr'>εσκευάζετο.</span> <span class='ocrx_word' id='word_1_374' title='bbox 791 4077 1148 4146; x_wconf 77' lang='grc' dir='ltr'>Αὐγαζούσης</span> <span class='ocrx_word' id='word_1_375' title='bbox 1173 4077 1228 4130; x_wconf 82' lang='grc' dir='ltr'><strong>δὲ</strong></span> <span class='ocrx_word' id='word_1_376' title='bbox 1260 4078 1475 4149; x_wconf 84' lang='grc' dir='ltr'>ἡμέρας</span> <span class='ocrx_word' id='word_1_377' title='bbox 1512 4077 1704 4131; x_wconf 87' lang='grc' dir='ltr'>διελὼν</span> <span class='ocrx_word' id='word_1_378' title='bbox 1735 4080 1795 4131; x_wconf 83' lang='grc' dir='ltr'>τὸ</span> <span class='ocrx_word' id='word_1_379' title='bbox 1827 4079 1996 4149; x_wconf 85' lang='grc' dir='ltr'>στρά-</span> 
     </span>
    </p>
   </div>
   <div class='ocr_carea' id='block_1_58' title="bbox 407 4170 1994 4241">
    <p class='ocr_par' dir='ltr' id='par_1_58' title="bbox 407 4170 1994 4241">
     <span class='ocr_line' id='line_1_58' title="bbox 407 4170 1994 4241; baseline 0.001 -17"><span class='ocrx_word' id='word_1_380' title='bbox 407 4189 616 4240; x_wconf 84' lang='grc' dir='ltr'>τευμα,</span> <span class='ocrx_word' id='word_1_381' title='bbox 659 4171 754 4224; x_wconf 73' lang='grc' dir='ltr'><strong>καὶ</strong></span> <span class='ocrx_word' id='word_1_382' title='bbox 797 4173 875 4234; x_wconf 75' lang='grc' dir='ltr'>εἰς</span> <span class='ocrx_word' id='word_1_383' title='bbox 925 4170 1212 4239; x_wconf 79' lang='grc' dir='ltr'>φάλαγγας</span> <span class='ocrx_word' id='word_1_384' title='bbox 1251 4177 1627 4241; x_wconf 68' lang='grc' dir='ltr'>καταστήσας,</span> <span class='ocrx_word' id='word_1_385' title='bbox 1666 4173 1810 4225; x_wconf 85' lang='grc' dir='ltr'>ἵεται</span> <span class='ocrx_word' id='word_1_386' title='bbox 1873 4173 1994 4225; x_wconf 79' lang='grc' dir='ltr'>κατ’</span> 
     </span>
    </p>
   </div>
   <div class='ocr_carea' id='block_1_59' title="bbox 407 4263 1992 4335">
    <p class='ocr_par' dir='ltr' id='par_1_59' title="bbox 407 4263 1992 4335">
     <span class='ocr_line' id='line_1_59' title="bbox 407 4263 1992 4335; baseline 0.001 -19"><span class='ocrx_word' id='word_1_387' title='bbox 407 4264 584 4318; x_wconf 83' lang='grc' dir='ltr'>αὐτοῦ</span> <span class='ocrx_word' id='word_1_388' title='bbox 620 4264 686 4317; x_wconf 73' lang='grc'><strong>⁸³.</strong></span> <span class='ocrx_word' id='word_1_389' title='bbox 721 4263 890 4318; x_wconf 75' lang='grc' dir='ltr'>Οὔπω</span> <span class='ocrx_word' id='word_1_390' title='bbox 911 4264 966 4316; x_wconf 79' lang='grc' dir='ltr'>δὲ</span> <span class='ocrx_word' id='word_1_391' title='bbox 997 4264 1099 4332; x_wconf 76' lang='grc' dir='ltr'>τῆς</span> <span class='ocrx_word' id='word_1_392' title='bbox 1133 4263 1412 4334; x_wconf 75' lang='grc' dir='ltr'>συμϐολῆς</span> <span class='ocrx_word' id='word_1_393' title='bbox 1439 4267 1535 4317; x_wconf 86' lang='grc' dir='ltr'><strong>τού</strong></span> <span class='ocrx_word' id='word_1_394' title='bbox 1565 4265 1807 4335; x_wconf 85' lang='grc' dir='ltr'>πολέμου</span> <span class='ocrx_word' id='word_1_395' title='bbox 1837 4283 1992 4334; x_wconf 85' lang='grc' dir='ltr'>γενο-</span> 
     </span>
    </p>
   </div>
   <div class='ocr_carea' id='block_1_60' title="bbox 412 4356 1998 4428">
    <p class='ocr_par' dir='ltr' id='par_1_60' title="bbox 412 4356 1998 4428">
     <span class='ocr_line' id='line_1_60' title="bbox 412 4356 1998 4428; baseline 0.003 -22"><span class='ocrx_word' id='word_1_396' title='bbox 412 4357 610 4425; x_wconf 77' lang='grc' dir='ltr'>μένης,</span> <span class='ocrx_word' id='word_1_397' title='bbox 643 4357 758 4409; x_wconf 83' lang='grc' dir='ltr'>ἀλλ’</span> <span class='ocrx_word' id='word_1_398' title='bbox 793 4357 1030 4410; x_wconf 76' lang='grc' dir='ltr'>ἑκάστου</span> <span class='ocrx_word' id='word_1_399' title='bbox 1054 4356 1163 4409; x_wconf 83' lang='grc' dir='ltr'><strong>τῶν</strong></span> <span class='ocrx_word' id='word_1_400' title='bbox 1191 4357 1493 4426; x_wconf 85' lang='grc' dir='ltr'>ταγμάτων</span> <span class='ocrx_word' id='word_1_401' title='bbox 1530 4357 1632 4428; x_wconf 74' lang='grc' dir='ltr'>ήδη</span> <span class='ocrx_word' id='word_1_402' title='bbox 1659 4357 1998 4427; x_wconf 84' lang='grc' dir='ltr'>καθισταμέ-</span> 
     </span>
    </p>
   </div>
   <div class='ocr_carea' id='block_1_61' title="bbox 408 4448 1996 4522">
    <p class='ocr_par' dir='ltr' id='par_1_61' title="bbox 408 4448 1996 4522">
     <span class='ocr_line' id='line_1_61' title="bbox 408 4448 1996 4522; baseline 0.002 -21"><span class='ocrx_word' id='word_1_403' title='bbox 408 4466 528 4512; x_wconf 86' lang='grc' dir='ltr'>νου,</span> <span class='ocrx_word' id='word_1_404' title='bbox 566 4450 594 4499; x_wconf 86' lang='grc' dir='ltr'>ὁ</span> <span class='ocrx_word' id='word_1_405' title='bbox 625 4448 934 4518; x_wconf 79' lang='grc' dir='ltr'>Νεάντζης,</span> <span class='ocrx_word' id='word_1_406' title='bbox 971 4449 1115 4502; x_wconf 83' lang='grc' dir='ltr'>κατά</span> <span class='ocrx_word' id='word_1_407' title='bbox 1149 4467 1271 4502; x_wconf 87' lang='grc' dir='ltr'>τινα</span> <span class='ocrx_word' id='word_1_408' title='bbox 1309 4451 1731 4519; x_wconf 83' lang='grc' dir='ltr'>παρακειμένην</span> <span class='ocrx_word' id='word_1_409' title='bbox 1769 4450 1996 4522; x_wconf 82' lang='grc' dir='ltr'>ἀκρολο-</span> 
     </span>
    </p>
   </div>
   <div class='ocr_carea' id='block_1_62' title="bbox 2085 1941 3660 2014">
    <p class='ocr_par' dir='ltr' id='par_1_62' title="bbox 2085 1941 3660 2014">
     <span class='ocr_line' id='line_1_62' title="bbox 2085 1941 3660 2014; baseline 0.008 -20"><span class='ocrx_word' id='word_1_410' title='bbox 2085 1941 2186 1997; x_wconf 85' lang='lat' dir='ltr'><strong>llic</strong></span> <span class='ocrx_word' id='word_1_411' title='bbox 2212 1943 2568 2010; x_wconf 84' lang='lat' dir='ltr'><strong>conspicatus</strong></span> <span class='ocrx_word' id='word_1_412' title='bbox 2601 1943 2902 2014; x_wconf 86' lang='lat' dir='ltr'><strong>imperator</strong></span> <span class='ocrx_word' id='word_1_413' title='bbox 2928 1947 3172 2002; x_wconf 85' lang='lat' dir='ltr'><strong>avulsam</strong></span> <span class='ocrx_word' id='word_1_414' title='bbox 3207 1965 3235 2002; x_wconf 91' lang='lat' dir='ltr'><strong>a</strong></span> <span class='ocrx_word' id='word_1_415' title='bbox 3264 1961 3464 2005; x_wconf 84' lang='lat' dir='ltr'><strong>caetero</strong></span> <span class='ocrx_word' id='word_1_416' title='bbox 3501 1967 3660 2006; x_wconf 80' lang='lat' dir='ltr'><strong>exer-</strong></span> 
     </span>
    </p>
   </div>
   <div class='ocr_carea' id='block_1_63' title="bbox 2085 2036 3658 2116">
    <p class='ocr_par' dir='ltr' id='par_1_63' title="bbox 2085 2036 3658 2116">
     <span class='ocr_line' id='line_1_63' title="bbox 2085 2036 3658 2116; baseline 0.008 -26"><span class='ocrx_word' id='word_1_417' title='bbox 2085 2036 2194 2090; x_wconf 91' lang='lat' dir='ltr'><strong>citu</strong></span> <span class='ocrx_word' id='word_1_418' title='bbox 2261 2052 2480 2089; x_wconf 89' lang='lat' dir='ltr'><strong>manum</strong></span> <span class='ocrx_word' id='word_1_419' title='bbox 2539 2038 2833 2106; x_wconf 88' lang='lat' dir='ltr'><strong>quamdam</strong></span> <span class='ocrx_word' id='word_1_420' title='bbox 2895 2044 3250 2109; x_wconf 67' lang='lat' dir='ltr'><strong>prazdantium</strong></span> <span class='ocrx_word' id='word_1_421' title='bbox 3311 2045 3658 2116; x_wconf 83' lang='lat' dir='ltr'><strong>Scytharum,</strong></span> 
     </span>
    </p>
   </div>
   <div class='ocr_carea' id='block_1_64' title="bbox 2087 2127 3661 2206">
    <p class='ocr_par' dir='ltr' id='par_1_64' title="bbox 2087 2127 3661 2206">
     <span class='ocr_line' id='line_1_64' title="bbox 2087 2127 3661 2206; baseline 0.013 -31"><span class='ocrx_word' id='word_1_422' title='bbox 2087 2127 2266 2182; x_wconf 88' lang='lat' dir='ltr'><strong>missis</strong></span> <span class='ocrx_word' id='word_1_423' title='bbox 2291 2139 2483 2182; x_wconf 87' lang='lat' dir='ltr'><strong>contra</strong></span> <span class='ocrx_word' id='word_1_424' title='bbox 2513 2129 2774 2187; x_wconf 84' lang='lat' dir='ltr'><strong>Romanis</strong></span> <span class='ocrx_word' id='word_1_425' title='bbox 2808 2148 3040 2206; x_wconf 75' lang='lat' dir='ltr'><strong>pugnam</strong></span> <span class='ocrx_word' id='word_1_426' title='bbox 3087 2140 3364 2192; x_wconf 87' lang='lat' dir='ltr'><strong>conseruit</strong></span> <span class='ocrx_word' id='word_1_427' title='bbox 3395 2155 3500 2193; x_wconf 90' lang='lat' dir='ltr'><strong>non</strong></span> <span class='ocrx_word' id='word_1_428' title='bbox 3536 2139 3661 2194; x_wconf 82' lang='lat' dir='ltr'><strong>lau-</strong></span> 
     </span>
    </p>
   </div>
   <div class='ocr_carea' id='block_1_65' title="bbox 2084 2220 3660 2299">
    <p class='ocr_par' dir='ltr' id='par_1_65' title="bbox 2084 2220 3660 2299">
     <span class='ocr_line' id='line_1_65' title="bbox 2084 2220 3660 2299; baseline 0.008 -25"><span class='ocrx_word' id='word_1_429' title='bbox 2084 2228 2223 2274; x_wconf 84' lang='lat' dir='ltr'><strong>stam</strong></span> <span class='ocrx_word' id='word_1_430' title='bbox 2254 2237 2268 2272; x_wconf 90' lang='lat'><strong>:</strong></span> <span class='ocrx_word' id='word_1_431' title='bbox 2304 2220 2429 2275; x_wconf 78' lang='lat' dir='ltr'><strong>caesi</strong></span> <span class='ocrx_word' id='word_1_432' title='bbox 2458 2234 2768 2278; x_wconf 72' lang='lat' dir='ltr'><strong>nosuorum</strong></span> <span class='ocrx_word' id='word_1_433' title='bbox 2802 2226 2854 2280; x_wconf 91' lang='lat' dir='ltr'><strong>in</strong></span> <span class='ocrx_word' id='word_1_434' title='bbox 2887 2241 3181 2297; x_wconf 69' lang='lat' dir='ltr'><strong>congressu</strong></span> <span class='ocrx_word' id='word_1_435' title='bbox 3217 2231 3390 2299; x_wconf 90' lang='lat' dir='ltr'><strong>multi,</strong></span> <span class='ocrx_word' id='word_1_436' title='bbox 3421 2233 3660 2286; x_wconf 91' lang='lat' dir='ltr'><strong>nonnulli</strong></span> 
     </span>
    </p>
   </div>
   <div class='ocr_carea' id='block_1_66' title="bbox 2085 2313 3662 2394">
    <p class='ocr_par' dir='ltr' id='par_1_66' title="bbox 2085 2313 3662 2394">
     <span class='ocr_line' id='line_1_66' title="bbox 2085 2313 3662 2394; baseline 0.01 -28"><span class='ocrx_word' id='word_1_437' title='bbox 2085 2313 2190 2366; x_wconf 87' lang='lat' dir='ltr'><strong>vivi</strong></span> <span class='ocrx_word' id='word_1_438' title='bbox 2216 2314 2359 2384; x_wconf 90' lang='lat' dir='ltr'><strong>capti</strong></span> <span class='ocrx_word' id='word_1_439' title='bbox 2387 2331 2416 2368; x_wconf 89' lang='lat' dir='ltr'><strong>a</strong></span> <span class='ocrx_word' id='word_1_440' title='bbox 2460 2314 2707 2372; x_wconf 84' lang='lat' dir='ltr'><strong>barbaris</strong></span> <span class='ocrx_word' id='word_1_441' title='bbox 2730 2318 2927 2375; x_wconf 89' lang='lat' dir='ltr'><strong>deinde</strong></span> <span class='ocrx_word' id='word_1_442' title='bbox 2946 2322 3202 2376; x_wconf 89' lang='lat' dir='ltr'><strong>trucidati</strong></span> <span class='ocrx_word' id='word_1_443' title='bbox 3227 2334 3374 2390; x_wconf 90' lang='lat' dir='ltr'><strong>sunt,</strong></span> <span class='ocrx_word' id='word_1_444' title='bbox 3400 2325 3662 2394; x_wconf 88' lang='lat' dir='ltr'><strong>plurimos</strong></span> 
     </span>
    </p>
   </div>
   <div class='ocr_carea' id='block_1_67' title="bbox 2107 2410 3665 2482">
    <p class='ocr_par' dir='ltr' id='par_1_67' title="bbox 2107 2410 3665 2482">
     <span class='ocr_line' id='line_1_67' title="bbox 2107 2410 3665 2482; baseline 0.007 -20"><span class='ocrx_word' id='word_1_445' title='bbox 2107 2410 2352 2465; x_wconf 68' lang='lat' dir='ltr'><strong>ibusium</strong></span> <span class='ocrx_word' id='word_1_446' title='bbox 2415 2412 2538 2482; x_wconf 75' lang='lat' dir='ltr'><strong>fuga</strong></span> <span class='ocrx_word' id='word_1_447' title='bbox 2604 2414 2789 2468; x_wconf 87' lang='lat' dir='ltr'><strong>retulit</strong></span> <span class='ocrx_word' id='word_1_448' title='bbox 2841 2413 3160 2471; x_wconf 85' lang='lat' dir='ltr'><strong>incolumes.</strong></span> <span class='ocrx_word' id='word_1_449' title='bbox 3237 2415 3349 2470; x_wconf 86' lang='lat' dir='ltr'><strong>Nec</strong></span> <span class='ocrx_word' id='word_1_450' title='bbox 3402 2419 3665 2473; x_wconf 78' lang='lat' dir='ltr'><strong>deterruit</strong></span> 
     </span>
    </p>
   </div>
   <div class='ocr_carea' id='block_1_68' title="bbox 2087 2505 3662 2580">
    <p class='ocr_par' dir='ltr' id='par_1_68' title="bbox 2087 2505 3662 2580">
     <span class='ocr_line' id='line_1_68' title="bbox 2087 2505 3662 2580; baseline 0.005 -23"><span class='ocrx_word' id='word_1_451' title='bbox 2087 2505 2336 2560; x_wconf 84' lang='lat' dir='ltr'><strong>Alexium</strong></span> <span class='ocrx_word' id='word_1_452' title='bbox 2394 2505 2572 2574; x_wconf 86' lang='lat' dir='ltr'><strong>prima</strong></span> <span class='ocrx_word' id='word_1_453' title='bbox 2607 2520 2670 2560; x_wconf 89' lang='lat' dir='ltr'><strong>ea</strong></span> <span class='ocrx_word' id='word_1_454' title='bbox 2730 2505 2854 2561; x_wconf 89' lang='lat' dir='ltr'><strong>belli</strong></span> <span class='ocrx_word' id='word_1_455' title='bbox 2915 2506 3166 2574; x_wconf 79' lang='lat' dir='ltr'><strong>olTensio,</strong></span> <span class='ocrx_word' id='word_1_456' title='bbox 3229 2511 3518 2578; x_wconf 87' lang='lat' dir='ltr'><strong>quominus</strong></span> <span class='ocrx_word' id='word_1_457' title='bbox 3572 2513 3662 2580; x_wconf 90' lang='lat' dir='ltr'><strong>qui</strong></span> 
     </span>
    </p>
   </div>
   <div class='ocr_carea' id='block_1_69' title="bbox 2088 2598 3665 2668">
    <p class='ocr_par' dir='ltr' id='par_1_69' title="bbox 2088 2598 3665 2668">
     <span class='ocr_line' id='line_1_69' title="bbox 2088 2598 3665 2668; baseline 0.003 -17"><span class='ocrx_word' id='word_1_458' title='bbox 2088 2598 2406 2652; x_wconf 85' lang='lat' dir='ltr'><strong>velitatione</strong></span> <span class='ocrx_word' id='word_1_459' title='bbox 2463 2613 2586 2652; x_wconf 88' lang='lat' dir='ltr'><strong>cum</strong></span> <span class='ocrx_word' id='word_1_460' title='bbox 2639 2599 3035 2668; x_wconf 69' lang='lat' dir='ltr'><strong>pra-(latoribus</strong></span> <span class='ocrx_word' id='word_1_461' title='bbox 3097 2601 3326 2655; x_wconf 83' lang='lat' dir='ltr'><strong>inferior</strong></span> <span class='ocrx_word' id='word_1_462' title='bbox 3362 2613 3665 2656; x_wconf 84' lang='lat' dir='ltr'><strong>recesserat</strong></span> 
     </span>
    </p>
   </div>
   <div class='ocr_carea' id='block_1_70' title="bbox 2092 2691 3665 2762">
    <p class='ocr_par' dir='ltr' id='par_1_70' title="bbox 2092 2691 3665 2762">
     <span class='ocr_line' id='line_1_70' title="bbox 2092 2691 3665 2762; baseline 0.003 -18"><span class='ocrx_word' id='word_1_463' title='bbox 2092 2691 2451 2744; x_wconf 86' lang='lat' dir='ltr'><strong>decretorium</strong></span> <span class='ocrx_word' id='word_1_464' title='bbox 2487 2705 2610 2745; x_wconf 89' lang='lat' dir='ltr'><strong>cum</strong></span> <span class='ocrx_word' id='word_1_465' title='bbox 2651 2701 2760 2745; x_wconf 86' lang='lat' dir='ltr'><strong>tota</strong></span> <span class='ocrx_word' id='word_1_466' title='bbox 2795 2701 2954 2761; x_wconf 74' lang='lat' dir='ltr'><strong>gente</strong></span> <span class='ocrx_word' id='word_1_467' title='bbox 2985 2692 3226 2761; x_wconf 82' lang='lat' dir='ltr'><strong>praelium</strong></span> <span class='ocrx_word' id='word_1_468' title='bbox 3280 2703 3517 2762; x_wconf 84' lang='lat' dir='ltr'><strong>pararet.</strong></span> <span class='ocrx_word' id='word_1_469' title='bbox 3550 2694 3665 2748; x_wconf 85' lang='lat' dir='ltr'><strong>Cu-</strong></span> 
     </span>
    </p>
   </div>
   <div class='ocr_carea' id='block_1_71' title="bbox 2091 2781 3666 2856">
    <p class='ocr_par' dir='ltr' id='par_1_71' title="bbox 2091 2781 3666 2856">
     <span class='ocr_line' id='line_1_71' title="bbox 2091 2781 3666 2856; baseline 0.005 -23"><span class='ocrx_word' id='word_1_470' title='bbox 2091 2782 2320 2836; x_wconf 79' lang='lat' dir='ltr'><strong>mulavit</strong></span> <span class='ocrx_word' id='word_1_471' title='bbox 2368 2781 2621 2836; x_wconf 82' lang='lat' dir='ltr'><strong>ﬁduciam</strong></span> <span class='ocrx_word' id='word_1_472' title='bbox 2680 2793 2788 2836; x_wconf 90' lang='lat' dir='ltr'><strong>tam</strong></span> <span class='ocrx_word' id='word_1_473' title='bbox 2849 2783 3071 2838; x_wconf 87' lang='lat' dir='ltr'><strong>audacis</strong></span> <span class='ocrx_word' id='word_1_474' title='bbox 3125 2786 3281 2850; x_wconf 69' lang='lat' dir='ltr'><strong>caapti</strong></span> <span class='ocrx_word' id='word_1_475' title='bbox 3326 2797 3666 2856; x_wconf 88' lang='lat' dir='ltr'><strong>opportunus</strong></span> 
     </span>
    </p>
   </div>
   <div class='ocr_carea' id='block_1_72' title="bbox 2090 2874 3665 2945">
    <p class='ocr_par' dir='ltr' id='par_1_72' title="bbox 2090 2874 3665 2945">
     <span class='ocr_line' id='line_1_72' title="bbox 2090 2874 3665 2945; baseline 0.003 -18"><span class='ocrx_word' id='word_1_476' title='bbox 2090 2876 2358 2929; x_wconf 84' lang='lat' dir='ltr'><strong>adventus</strong></span> <span class='ocrx_word' id='word_1_477' title='bbox 2436 2874 2753 2930; x_wconf 88' lang='lat' dir='ltr'><strong>Latinorum</strong></span> <span class='ocrx_word' id='word_1_478' title='bbox 2809 2877 2901 2945; x_wconf 87' lang='lat' dir='ltr'><strong>qui</strong></span> <span class='ocrx_word' id='word_1_479' title='bbox 2958 2875 3275 2932; x_wconf 65' lang='lat' dir='ltr'><strong>Maniacatae</strong></span> <span class='ocrx_word' id='word_1_480' title='bbox 3324 2877 3665 2933; x_wconf 83' lang='lat' dir='ltr'><strong>dicebantur.</strong></span> 
     </span>
    </p>
   </div>
   <div class='ocr_carea' id='block_1_73' title="bbox 2093 2967 3669 3038">
    <p class='ocr_par' dir='ltr' id='par_1_73' title="bbox 2093 2967 3669 3038">
     <span class='ocr_line' id='line_1_73' title="bbox 2093 2967 3669 3038; baseline 0.002 -17"><span class='ocrx_word' id='word_1_481' title='bbox 2093 2967 2364 3022; x_wconf 81' lang='lat' dir='ltr'><strong>Promotis</strong></span> <span class='ocrx_word' id='word_1_482' title='bbox 2392 2983 2518 3037; x_wconf 82' lang='lat' dir='ltr'><strong>ergo</strong></span> <span class='ocrx_word' id='word_1_483' title='bbox 2542 2969 2596 3022; x_wconf 89' lang='lat' dir='ltr'><strong>in</strong></span> <span class='ocrx_word' id='word_1_484' title='bbox 2627 2984 2746 3022; x_wconf 87' lang='lat' dir='ltr'><strong>eam</strong></span> <span class='ocrx_word' id='word_1_485' title='bbox 2777 2969 2968 3038; x_wconf 90' lang='lat' dir='ltr'><strong>copiis,</strong></span> <span class='ocrx_word' id='word_1_486' title='bbox 3005 2971 3288 3038; x_wconf 82' lang='lat' dir='ltr'><strong>spatioque</strong></span> <span class='ocrx_word' id='word_1_487' title='bbox 3319 2972 3496 3026; x_wconf 86' lang='lat' dir='ltr'><strong>medio</strong></span> <span class='ocrx_word' id='word_1_488' title='bbox 3525 2972 3669 3026; x_wconf 88' lang='lat' dir='ltr'><strong>inter</strong></span> 
     </span>
    </p>
   </div>
   <div class='ocr_carea' id='block_1_74' title="bbox 2093 3059 3669 3128">
    <p class='ocr_par' dir='ltr' id='par_1_74' title="bbox 2093 3059 3669 3128">
     <span class='ocr_line' id='line_1_74' title="bbox 2093 3059 3669 3128; baseline 0.003 -14"><span class='ocrx_word' id='word_1_489' title='bbox 2093 3059 2230 3116; x_wconf 89' lang='lat' dir='ltr'><strong>duos</strong></span> <span class='ocrx_word' id='word_1_490' title='bbox 2257 3060 2537 3116; x_wconf 79' lang='lat' dir='ltr'><strong>exercitus</strong></span> <span class='ocrx_word' id='word_1_491' title='bbox 2568 3069 2799 3128; x_wconf 88' lang='lat' dir='ltr'><strong>arctato,</strong></span> <span class='ocrx_word' id='word_1_492' title='bbox 2840 3073 2984 3116; x_wconf 91' lang='lat' dir='ltr'><strong>metu</strong></span> <span class='ocrx_word' id='word_1_493' title='bbox 3039 3063 3401 3118; x_wconf 85' lang='lat' dir='ltr'><strong>multitudinis</strong></span> <span class='ocrx_word' id='word_1_494' title='bbox 3453 3063 3669 3120; x_wconf 84' lang='lat' dir='ltr'><strong>hostilis</strong></span> 
     </span>
    </p>
   </div>
   <div class='ocr_carea' id='block_1_75' title="bbox 2093 3155 3670 3227">
    <p class='ocr_par' dir='ltr' id='par_1_75' title="bbox 2093 3155 3670 3227">
     <span class='ocr_line' id='line_1_75' title="bbox 2093 3155 3670 3227; baseline 0.001 -18"><span class='ocrx_word' id='word_1_495' title='bbox 2093 3155 2224 3209; x_wconf 87' lang='lat' dir='ltr'><strong>dare</strong></span> <span class='ocrx_word' id='word_1_496' title='bbox 2273 3155 2487 3224; x_wconf 85' lang='lat' dir='ltr'><strong>signum</strong></span> <span class='ocrx_word' id='word_1_497' title='bbox 2541 3169 2732 3225; x_wconf 77' lang='lat' dir='ltr'><strong>pugna:</strong></span> <span class='ocrx_word' id='word_1_498' title='bbox 2786 3165 3045 3210; x_wconf 85' lang='lat' dir='ltr'><strong>consueto</strong></span> <span class='ocrx_word' id='word_1_499' title='bbox 3095 3156 3322 3212; x_wconf 88' lang='lat' dir='ltr'><strong>classico</strong></span> <span class='ocrx_word' id='word_1_500' title='bbox 3373 3158 3670 3227; x_wconf 83' lang='lat' dir='ltr'><strong>imperator</strong></span> 
     </span>
    </p>
   </div>
   <div class='ocr_carea' id='block_1_76' title="bbox 2093 3246 3668 3318">
    <p class='ocr_par' dir='ltr' id='par_1_76' title="bbox 2093 3246 3668 3318">
     <span class='ocr_line' id='line_1_76' title="bbox 2093 3246 3668 3318; baseline 0.003 -18"><span class='ocrx_word' id='word_1_501' title='bbox 2093 3246 2287 3313; x_wconf 88' lang='lat' dir='ltr'><strong>noluit,</strong></span> <span class='ocrx_word' id='word_1_502' title='bbox 2324 3246 2616 3315; x_wconf 75' lang='lat' dir='ltr'><strong>imparatos</strong></span> <span class='ocrx_word' id='word_1_503' title='bbox 2653 3247 2940 3311; x_wconf 84' lang='lat' dir='ltr'><strong>barbaros,</strong></span> <span class='ocrx_word' id='word_1_504' title='bbox 2966 3249 3010 3302; x_wconf 80' lang='lat' dir='ltr'><strong>si</strong></span> <span class='ocrx_word' id='word_1_505' title='bbox 3040 3248 3156 3302; x_wconf 86' lang='lat' dir='ltr'><strong>ﬁeri</strong></span> <span class='ocrx_word' id='word_1_506' title='bbox 3191 3248 3290 3302; x_wconf 89' lang='lat' dir='ltr'><strong>hac</strong></span> <span class='ocrx_word' id='word_1_507' title='bbox 3319 3260 3436 3305; x_wconf 88' lang='lat' dir='ltr'><strong>arte</strong></span> <span class='ocrx_word' id='word_1_508' title='bbox 3461 3259 3668 3318; x_wconf 87' lang='lat' dir='ltr'><strong>posset,</strong></span> 
     </span>
    </p>
   </div>
   <div class='ocr_carea' id='block_1_77' title="bbox 2093 3339 3669 3410">
    <p class='ocr_par' dir='ltr' id='par_1_77' title="bbox 2093 3339 3669 3410">
     <span class='ocr_line' id='line_1_77' title="bbox 2093 3339 3669 3410; baseline 0.004 -18"><span class='ocrx_word' id='word_1_509' title='bbox 2093 3340 2162 3394; x_wconf 88' lang='lat' dir='ltr'><strong>ab</strong></span> <span class='ocrx_word' id='word_1_510' title='bbox 2193 3339 2505 3408; x_wconf 83' lang='lat' dir='ltr'><strong>improvisis</strong></span> <span class='ocrx_word' id='word_1_511' title='bbox 2533 3340 2645 3394; x_wconf 88' lang='lat' dir='ltr'><strong>suis</strong></span> <span class='ocrx_word' id='word_1_512' title='bbox 2679 3341 2911 3408; x_wconf 88' lang='lat' dir='ltr'><strong>opprimi</strong></span> <span class='ocrx_word' id='word_1_513' title='bbox 2948 3343 3191 3410; x_wconf 90' lang='lat' dir='ltr'><strong>cupiens.</strong></span> <span class='ocrx_word' id='word_1_514' title='bbox 3222 3340 3462 3410; x_wconf 80' lang='lat' dir='ltr'><strong>Vespere</strong></span> <span class='ocrx_word' id='word_1_515' title='bbox 3486 3355 3669 3399; x_wconf 86' lang='lat' dir='ltr'><strong>autem</strong></span> 
     </span>
    </p>
   </div>
   <div class='ocr_carea' id='block_1_78' title="bbox 2092 3419 3670 3501">
    <p class='ocr_par' dir='ltr' id='par_1_78' title="bbox 2092 3419 3670 3501">
     <span class='ocr_line' id='line_1_78' title="bbox 2092 3419 3670 3501; baseline 0.004 -16"><span class='ocrx_word' id='word_1_516' title='bbox 2092 3419 2421 3501; x_wconf 71' lang='lat' dir='ltr'><strong>prmcedenti</strong></span> <span class='ocrx_word' id='word_1_517' title='bbox 2474 3433 2642 3488; x_wconf 86' lang='lat' dir='ltr'><strong>misso</strong></span> <span class='ocrx_word' id='word_1_518' title='bbox 2688 3435 2894 3488; x_wconf 87' lang='lat' dir='ltr'><strong>circum</strong></span> <span class='ocrx_word' id='word_1_519' title='bbox 2964 3435 3264 3489; x_wconf 81' lang='lat' dir='ltr'><strong>exercitum</strong></span> <span class='ocrx_word' id='word_1_520' title='bbox 3310 3435 3670 3492; x_wconf 81' lang='lat' dir='ltr'><strong>Constantino</strong></span> 
     </span>
    </p>
   </div>
   <div class='ocr_carea' id='block_1_79' title="bbox 2095 3526 3672 3599">
    <p class='ocr_par' dir='ltr' id='par_1_79' title="bbox 2095 3526 3672 3599">
     <span class='ocr_line' id='line_1_79' title="bbox 2095 3526 3672 3599; baseline 0.005 -22"><span class='ocrx_word' id='word_1_521' title='bbox 2095 3526 2369 3594; x_wconf 82' lang='lat' dir='ltr'><strong>regiorum</strong></span> <span class='ocrx_word' id='word_1_522' title='bbox 2428 3526 2756 3594; x_wconf 87' lang='lat' dir='ltr'><strong>accipitrqu</strong></span> <span class='ocrx_word' id='word_1_523' title='bbox 2803 3537 3058 3581; x_wconf 87' lang='lat' dir='ltr'><strong>curatore</strong></span> <span class='ocrx_word' id='word_1_524' title='bbox 3109 3537 3162 3580; x_wconf 88' lang='lat' dir='ltr'><strong>et</strong></span> <span class='ocrx_word' id='word_1_525' title='bbox 3212 3538 3522 3597; x_wconf 88' lang='lat' dir='ltr'><strong>tympanum</strong></span> <span class='ocrx_word' id='word_1_526' title='bbox 3574 3545 3672 3599; x_wconf 87' lang='lat' dir='ltr'><strong>per</strong></span> 
     </span>
    </p>
   </div>
   <div class='ocr_carea' id='block_1_80' title="bbox 2097 3616 3671 3685">
    <p class='ocr_par' dir='ltr' id='par_1_80' title="bbox 2097 3616 3671 3685">
     <span class='ocr_line' id='line_1_80' title="bbox 2097 3616 3671 3685; baseline 0.003 -16"><span class='ocrx_word' id='word_1_527' title='bbox 2097 3626 2265 3669; x_wconf 84' lang='lat' dir='ltr'><strong>totam</strong></span> <span class='ocrx_word' id='word_1_528' title='bbox 2295 3625 2508 3671; x_wconf 91' lang='lat' dir='ltr'><strong>noctem</strong></span> <span class='ocrx_word' id='word_1_529' title='bbox 2543 3616 2955 3685; x_wconf 87' lang='lat' dir='ltr'><strong>pulsarejusso,</strong></span> <span class='ocrx_word' id='word_1_530' title='bbox 2989 3618 3124 3670; x_wconf 90' lang='lat' dir='ltr'><strong>satis</strong></span> <span class='ocrx_word' id='word_1_531' title='bbox 3157 3633 3349 3672; x_wconf 90' lang='lat' dir='ltr'><strong>omnes</strong></span> <span class='ocrx_word' id='word_1_532' title='bbox 3374 3619 3671 3673; x_wconf 86' lang='lat' dir='ltr'><strong>admonue-</strong></span> 
     </span>
    </p>
   </div>
   <div class='ocr_carea' id='block_1_81' title="bbox 2098 3709 3672 3781">
    <p class='ocr_par' dir='ltr' id='par_1_81' title="bbox 2098 3709 3672 3781">
     <span class='ocr_line' id='line_1_81' title="bbox 2098 3709 3672 3781; baseline 0.002 -18"><span class='ocrx_word' id='word_1_533' title='bbox 2098 3719 2206 3774; x_wconf 88' lang='lat' dir='ltr'><strong>rat,</strong></span> <span class='ocrx_word' id='word_1_534' title='bbox 2261 3709 2618 3764; x_wconf 88' lang='lat' dir='ltr'><strong>constituisse</strong></span> <span class='ocrx_word' id='word_1_535' title='bbox 2674 3709 3062 3777; x_wconf 89' lang='lat' dir='ltr'><strong>imperatorem</strong></span> <span class='ocrx_word' id='word_1_536' title='bbox 3113 3710 3268 3781; x_wconf 74' lang='lat'><strong>211</strong></span> <span class='ocrx_word' id='word_1_537' title='bbox 3325 3711 3497 3780; x_wconf 87' lang='lat' dir='ltr'><strong>prima</strong></span> <span class='ocrx_word' id='word_1_538' title='bbox 3552 3711 3672 3766; x_wconf 89' lang='lat' dir='ltr'><strong>luce</strong></span> 
     </span>
    </p>
   </div>
   <div class='ocr_carea' id='block_1_82' title="bbox 2094 3801 3675 3874">
    <p class='ocr_par' dir='ltr' id='par_1_82' title="bbox 2094 3801 3675 3874">
     <span class='ocr_line' id='line_1_82' title="bbox 2094 3801 3675 3874; baseline 0.001 -17"><span class='ocrx_word' id='word_1_539' title='bbox 2094 3803 2212 3858; x_wconf 86' lang='lat' dir='ltr'><strong>sine</strong></span> <span class='ocrx_word' id='word_1_540' title='bbox 2246 3801 2352 3856; x_wconf 92' lang='lat' dir='ltr'><strong>ullo</strong></span> <span class='ocrx_word' id='word_1_541' title='bbox 2383 3802 2522 3856; x_wconf 72' lang='lat' dir='ltr'><strong>tuba:</strong></span> <span class='ocrx_word' id='word_1_542' title='bbox 2580 3810 2741 3857; x_wconf 90' lang='lat' dir='ltr'><strong>cantu</strong></span> <span class='ocrx_word' id='word_1_543' title='bbox 2783 3803 3014 3874; x_wconf 85' lang='lat' dir='ltr'><strong>Scythas</strong></span> <span class='ocrx_word' id='word_1_544' title='bbox 3047 3803 3242 3856; x_wconf 82' lang='lat' dir='ltr'><strong>adoriti</strong></span> <span class='ocrx_word' id='word_1_545' title='bbox 3270 3821 3283 3856; x_wconf 91' lang='lat'><strong>:</strong></span> <span class='ocrx_word' id='word_1_546' title='bbox 3333 3804 3576 3873; x_wconf 87' lang='lat' dir='ltr'><strong>velleque</strong></span> <span class='ocrx_word' id='word_1_547' title='bbox 3607 3819 3675 3858; x_wconf 87' lang='lat' dir='ltr'><strong>ae</strong></span> 
     </span>
    </p>
   </div>
   <div class='ocr_carea' id='block_1_83' title="bbox 2091 3895 3675 3966">
    <p class='ocr_par' dir='ltr' id='par_1_83' title="bbox 2091 3895 3675 3966">
     <span class='ocr_line' id='line_1_83' title="bbox 2091 3895 3675 3966; baseline 0.002 -17"><span class='ocrx_word' id='word_1_548' title='bbox 2091 3895 2284 3964; x_wconf 89' lang='lat' dir='ltr'><strong>jubere</strong></span> <span class='ocrx_word' id='word_1_549' title='bbox 2331 3896 2616 3950; x_wconf 86' lang='lat' dir='ltr'><strong>universos</strong></span> <span class='ocrx_word' id='word_1_550' title='bbox 2651 3896 2716 3949; x_wconf 90' lang='lat' dir='ltr'><strong>ad</strong></span> <span class='ocrx_word' id='word_1_551' title='bbox 2772 3896 2822 3948; x_wconf 90' lang='lat' dir='ltr'><strong>id</strong></span> <span class='ocrx_word' id='word_1_552' title='bbox 2878 3897 3040 3950; x_wconf 86' lang='lat' dir='ltr'><strong>duces</strong></span> <span class='ocrx_word' id='word_1_553' title='bbox 3086 3910 3150 3950; x_wconf 89' lang='lat' dir='ltr'><strong>ac</strong></span> <span class='ocrx_word' id='word_1_554' title='bbox 3197 3896 3398 3952; x_wconf 89' lang='lat' dir='ltr'><strong>milites</strong></span> <span class='ocrx_word' id='word_1_555' title='bbox 3443 3912 3675 3966; x_wconf 83' lang='lat' dir='ltr'><strong>pransos</strong></span> 
     </span>
    </p>
   </div>
   <div class='ocr_carea' id='block_1_84' title="bbox 2099 3987 3675 4058">
    <p class='ocr_par' dir='ltr' id='par_1_84' title="bbox 2099 3987 3675 4058">
     <span class='ocr_line' id='line_1_84' title="bbox 2099 3987 3675 4058; baseline 0.001 -18"><span class='ocrx_word' id='word_1_556' title='bbox 2099 3998 2318 4055; x_wconf 83' lang='lat' dir='ltr'><strong>paratos</strong></span> <span class='ocrx_word' id='word_1_557' title='bbox 2351 4002 2410 4041; x_wconf 74' lang='lat' dir='ltr'><strong>se</strong></span> <span class='ocrx_word' id='word_1_558' title='bbox 2449 3991 2707 4057; x_wconf 79' lang='lat' dir='ltr'><strong>praebere.</strong></span> <span class='ocrx_word' id='word_1_559' title='bbox 2756 3988 2824 4041; x_wconf 83' lang='lat' dir='ltr'><strong>At</strong></span> <span class='ocrx_word' id='word_1_560' title='bbox 2859 3988 3071 4058; x_wconf 67' lang='lat' dir='ltr'><strong>Scythae</strong></span> <span class='ocrx_word' id='word_1_561' title='bbox 3102 3987 3356 4057; x_wconf 87' lang='lat' dir='ltr'><strong>Polyboto</strong></span> <span class='ocrx_word' id='word_1_562' title='bbox 3383 3993 3675 4042; x_wconf 82' lang='lat' dir='ltr'><strong>&#39;moventes</strong></span> 
     </span>
    </p>
   </div>
   <div class='ocr_carea' id='block_1_85' title="bbox 2099 4077 3672 4148">
    <p class='ocr_par' dir='ltr' id='par_1_85' title="bbox 2099 4077 3672 4148">
     <span class='ocr_line' id='line_1_85' title="bbox 2099 4077 3672 4148; baseline -0.002 -16"><span class='ocrx_word' id='word_1_563' title='bbox 2099 4089 2485 4148; x_wconf 64' lang='lat' dir='ltr'><strong>pra&#39;occupant</strong></span> <span class='ocrx_word' id='word_1_564' title='bbox 2542 4079 2718 4131; x_wconf 85' lang='lat' dir='ltr'><strong>locum</strong></span> <span class='ocrx_word' id='word_1_565' title='bbox 2774 4077 2958 4132; x_wconf 78' lang='lat' dir='ltr'><strong>(laden</strong></span> <span class='ocrx_word' id='word_1_566' title='bbox 3020 4079 3134 4132; x_wconf 89' lang='lat' dir='ltr'><strong>sive</strong></span> <span class='ocrx_word' id='word_1_567' title='bbox 3184 4079 3382 4132; x_wconf 88' lang='lat' dir='ltr'><strong>Orcum</strong></span> <span class='ocrx_word' id='word_1_568' title='bbox 3447 4079 3672 4145; x_wconf 86' lang='lat' dir='ltr'><strong>dictum,</strong></span> 
     </span>
    </p>
   </div>
   <div class='ocr_carea' id='block_1_86' title="bbox 2099 4171 3676 4240">
    <p class='ocr_par' dir='ltr' id='par_1_86' title="bbox 2099 4171 3676 4240">
     <span class='ocr_line' id='line_1_86' title="bbox 2099 4171 3676 4240; baseline -0.001 -13"><span class='ocrx_word' id='word_1_569' title='bbox 2099 4173 2283 4239; x_wconf 90' lang='lat' dir='ltr'><strong>ibique</strong></span> <span class='ocrx_word' id='word_1_570' title='bbox 2315 4172 2515 4224; x_wconf 88' lang='lat' dir='ltr'><strong>vallum</strong></span> <span class='ocrx_word' id='word_1_571' title='bbox 2575 4171 2764 4240; x_wconf 76' lang='lat' dir='ltr'><strong>ﬁgunt;</strong></span> <span class='ocrx_word' id='word_1_572' title='bbox 2819 4171 2994 4226; x_wconf 82' lang='lat' dir='ltr'><strong>Porro</strong></span> <span class='ocrx_word' id='word_1_573' title='bbox 3045 4171 3396 4226; x_wconf 85' lang='lat' dir='ltr'><strong>illucescente</strong></span> <span class='ocrx_word' id='word_1_574' title='bbox 3436 4173 3540 4238; x_wconf 80' lang='lat' dir='ltr'><strong>die,</strong></span> <span class='ocrx_word' id='word_1_575' title='bbox 3596 4175 3676 4226; x_wconf 91' lang='lat' dir='ltr'><strong>sic</strong></span> 
     </span>
    </p>
   </div>
   <div class='ocr_carea' id='block_1_87' title="bbox 2093 4264 3677 4334">
    <p class='ocr_par' dir='ltr' id='par_1_87' title="bbox 2093 4264 3677 4334">
     <span class='ocr_line' id='line_1_87' title="bbox 2093 4264 3677 4334; baseline 0.002 -18"><span class='ocrx_word' id='word_1_576' title='bbox 2093 4267 2205 4334; x_wconf 85' lang='lat' dir='ltr'><strong>jam</strong></span> <span class='ocrx_word' id='word_1_577' title='bbox 2262 4277 2290 4316; x_wconf 89' lang='lat' dir='ltr'><strong>a</strong></span> <span class='ocrx_word' id='word_1_578' title='bbox 2329 4264 2576 4332; x_wconf 82' lang='lat' dir='ltr'><strong>pridiana</strong></span> <span class='ocrx_word' id='word_1_579' title='bbox 2633 4277 2857 4330; x_wconf 85' lang='lat' dir='ltr'><strong>vespera</strong></span> <span class='ocrx_word' id='word_1_580' title='bbox 2912 4265 3118 4332; x_wconf 89' lang='lat' dir='ltr'><strong>paratis</strong></span> <span class='ocrx_word' id='word_1_581' title='bbox 3167 4264 3466 4332; x_wconf 89' lang='lat' dir='ltr'><strong>imperator</strong></span> <span class='ocrx_word' id='word_1_582' title='bbox 3517 4265 3677 4319; x_wconf 85' lang='lat' dir='ltr'><strong>rebus</strong></span> 
     </span>
    </p>
   </div>
   <div class='ocr_carea' id='block_1_88' title="bbox 2099 4355 3673 4426">
    <p class='ocr_par' dir='ltr' id='par_1_88' title="bbox 2099 4355 3673 4426">
     <span class='ocr_line' id='line_1_88' title="bbox 2099 4355 3673 4426; baseline 0.001 -16"><span class='ocrx_word' id='word_1_583' title='bbox 2099 4356 2359 4412; x_wconf 78' lang='lat' dir='ltr'><strong>describit</strong></span> <span class='ocrx_word' id='word_1_584' title='bbox 2412 4355 2803 4425; x_wconf 87' lang='lat' dir='ltr'><strong>distribuitque</strong></span> <span class='ocrx_word' id='word_1_585' title='bbox 2849 4357 3096 4423; x_wconf 89' lang='lat' dir='ltr'><strong>ordines,</strong></span> <span class='ocrx_word' id='word_1_586' title='bbox 3141 4357 3365 4426; x_wconf 83' lang='lat' dir='ltr'><strong>acieque</strong></span> <span class='ocrx_word' id='word_1_587' title='bbox 3410 4358 3673 4412; x_wconf 83' lang='lat' dir='ltr'><strong>instructa</strong></span> 
     </span>
    </p>
   </div>
   <div class='ocr_carea' id='block_1_89' title="bbox 2099 4447 3674 4521">
    <p class='ocr_par' dir='ltr' id='par_1_89' title="bbox 2099 4447 3674 4521">
     <span class='ocr_line' id='line_1_89' title="bbox 2099 4447 3674 4521; baseline 0.002 -19"><span class='ocrx_word' id='word_1_588' title='bbox 2099 4447 2332 4503; x_wconf 82' lang='lat' dir='ltr'><strong>infestus</strong></span> <span class='ocrx_word' id='word_1_589' title='bbox 2362 4449 2415 4501; x_wconf 89' lang='lat' dir='ltr'><strong>in</strong></span> <span class='ocrx_word' id='word_1_590' title='bbox 2451 4448 2664 4502; x_wconf 87' lang='lat' dir='ltr'><strong>hostem</strong></span> <span class='ocrx_word' id='word_1_591' title='bbox 2699 4450 2870 4508; x_wconf 85' lang='lat' dir='ltr'><strong>ducit.</strong></span> <span class='ocrx_word' id='word_1_592' title='bbox 2907 4447 3108 4505; x_wconf 80' lang='lat' dir='ltr'><strong>Verum</strong></span> <span class='ocrx_word' id='word_1_593' title='bbox 3142 4461 3270 4505; x_wconf 89' lang='lat' dir='ltr'><strong>ante</strong></span> <span class='ocrx_word' id='word_1_594' title='bbox 3317 4466 3674 4521; x_wconf 81' lang='lat' dir='ltr'><strong>congressum</strong></span> 
     </span>
    </p>
   </div>
   <div class='ocr_carea' id='block_1_90' title="bbox 408 4535 1984 4612">
    <p class='ocr_par' dir='ltr' id='par_1_90' title="bbox 408 4535 1984 4612">
     <span class='ocr_line' id='line_1_90' title="bbox 408 4535 1984 4612; baseline 0.003 -21"><span class='ocrx_word' id='word_1_595' title='bbox 408 4543 545 4608; x_wconf 79' lang='grc' dir='ltr'>φὶαν</span> <span class='ocrx_word' id='word_1_596' title='bbox 573 4541 834 4604; x_wconf 81' lang='grc' dir='ltr'>ἀνελθὼν,</span> <span class='ocrx_word' id='word_1_597' title='bbox 866 4543 952 4610; x_wconf 80' lang='grc' dir='ltr'><strong>ἐφ’</strong></span> <span class='ocrx_word' id='word_1_598' title='bbox 992 4535 1035 4608; x_wconf 78' lang='grc' dir='ltr'>ᾧ</span> <span class='ocrx_word' id='word_1_599' title='bbox 1067 4541 1492 4611; x_wconf 75' lang='grc' dir='ltr'>κατασκοπῆσαι</span> <span class='ocrx_word' id='word_1_600' title='bbox 1524 4543 1624 4612; x_wconf 85' lang='grc' dir='ltr'><strong>μὲν</strong></span> <span class='ocrx_word' id='word_1_601' title='bbox 1651 4544 1753 4606; x_wconf 84' lang='grc' dir='ltr'>τὰς</span> <span class='ocrx_word' id='word_1_602' title='bbox 1794 4545 1984 4596; x_wconf 84' lang='grc' dir='ltr'>Σκυθι-</span> 
     </span>
    </p>
   </div>
   <div class='ocr_carea' id='block_1_91' title="bbox 2092 4535 3677 4612">
    <p class='ocr_par' dir='ltr' id='par_1_91' title="bbox 2105 4539 3677 4612">
     <span class='ocr_line' id='line_1_91' title="bbox 2105 4539 3677 4612; baseline 0 -16"><span class='ocrx_word' id='word_1_603' title='bbox 2105 4542 2444 4596; x_wconf 74' lang='lat' dir='ltr'><strong>exercituum</strong></span> <span class='ocrx_word' id='word_1_604' title='bbox 2476 4539 2742 4595; x_wconf 82' lang='lat' dir='ltr'><strong>Neantzes</strong></span> <span class='ocrx_word' id='word_1_605' title='bbox 2769 4543 2981 4612; x_wconf 85' lang='lat' dir='ltr'><strong>specula</strong></span> <span class='ocrx_word' id='word_1_606' title='bbox 3011 4557 3308 4599; x_wconf 86' lang='lat' dir='ltr'><strong>conscensa</strong></span> <span class='ocrx_word' id='word_1_607' title='bbox 3340 4545 3493 4599; x_wconf 86' lang='lat' dir='ltr'><strong>collis</strong></span> <span class='ocrx_word' id='word_1_608' title='bbox 3527 4546 3677 4610; x_wconf 79' lang='lat' dir='ltr'><strong>adja-</strong></span> 
     </span>
    </p>
   </div>
   <div class='ocr_carea' id='block_1_92' title="bbox 409 4630 1990 4706">
    <p class='ocr_par' dir='ltr' id='par_1_92' title="bbox 409 4630 1990 4706">
     <span class='ocr_line' id='line_1_92' title="bbox 409 4630 1990 4706; baseline 0.006 -26"><span class='ocrx_word' id='word_1_609' title='bbox 409 4631 517 4689; x_wconf 82' lang='grc' dir='ltr'><strong>κὰς</strong></span> <span class='ocrx_word' id='word_1_610' title='bbox 586 4630 946 4699; x_wconf 81' lang='grc' dir='ltr'>παρατάξεις,</span> <span class='ocrx_word' id='word_1_611' title='bbox 1021 4631 1096 4694; x_wconf 84' lang='grc' dir='ltr'><strong>ὡς</strong></span> <span class='ocrx_word' id='word_1_612' title='bbox 1174 4632 1386 4700; x_wconf 79' lang='grc' dir='ltr'>ἔλεγεν,</span> <span class='ocrx_word' id='word_1_613' title='bbox 1447 4635 1716 4701; x_wconf 81' lang='grc' dir='ltr'>ἀγγελίαν</span> <span class='ocrx_word' id='word_1_614' title='bbox 1798 4636 1854 4688; x_wconf 83' lang='grc' dir='ltr'><strong>δὲ</strong></span> <span class='ocrx_word' id='word_1_615' title='bbox 1912 4635 1990 4706; x_wconf 81' lang='grc' dir='ltr'>τῷ</span> 
     </span>
    </p>
   </div>
   <div class='ocr_carea' id='block_1_93' title="bbox 408 4723 1988 4798">
    <p class='ocr_par' dir='ltr' id='par_1_93' title="bbox 408 4723 1988 4798">
     <span class='ocr_line' id='line_1_93' title="bbox 408 4723 1988 4798; baseline 0.004 -25"><span class='ocrx_word' id='word_1_616' title='bbox 408 4723 782 4792; x_wconf 83' lang='grc' dir='ltr'>αὐτοκράτορι</span> <span class='ocrx_word' id='word_1_617' title='bbox 823 4724 924 4792; x_wconf 84' lang='grc' dir='ltr'>τῆς</span> <span class='ocrx_word' id='word_1_618' title='bbox 967 4723 1146 4798; x_wconf 80' lang='grc' dir='ltr'>αύτῶν</span> <span class='ocrx_word' id='word_1_619' title='bbox 1205 4725 1596 4789; x_wconf 83' lang='grc' dir='ltr'>καταστάσεως</span> <span class='ocrx_word' id='word_1_620' title='bbox 1632 4728 1988 4798; x_wconf 87' lang='grc' dir='ltr'>συγκομίσαι,</span> 
     </span>
    </p>
   </div>
   <div class='ocr_carea' id='block_1_94' title="bbox 2100 4635 3675 4704">
    <p class='ocr_par' dir='ltr' id='par_1_94' title="bbox 2100 4635 3675 4704">
     <span class='ocr_line' id='line_1_94' title="bbox 2100 4635 3675 4704; baseline 0.004 -12"><span class='ocrx_word' id='word_1_621' title='bbox 2100 4636 2298 4701; x_wconf 87' lang='lat' dir='ltr'><strong>ceutis,</strong></span> <span class='ocrx_word' id='word_1_622' title='bbox 2349 4635 2528 4704; x_wconf 88' lang='lat' dir='ltr'><strong>specie</strong></span> <span class='ocrx_word' id='word_1_623' title='bbox 2589 4637 2804 4702; x_wconf 88' lang='lat' dir='ltr'><strong>quidem</strong></span> <span class='ocrx_word' id='word_1_624' title='bbox 2873 4646 2926 4691; x_wconf 90' lang='lat' dir='ltr'><strong>et</strong></span> <span class='ocrx_word' id='word_1_625' title='bbox 2985 4639 3228 4694; x_wconf 86' lang='lat' dir='ltr'><strong>mendaci</strong></span> <span class='ocrx_word' id='word_1_626' title='bbox 3315 4641 3675 4700; x_wconf 76' lang='lat' dir='ltr'><strong>aliirmatione</strong></span> 
     </span>
    </p>
   </div>
   <div class='ocr_carea' id='block_1_95' title="bbox 2103 4729 3672 4800">
    <p class='ocr_par' dir='ltr' id='par_1_95' title="bbox 2103 4729 3672 4800">
     <span class='ocr_line' id='line_1_95' title="bbox 2103 4729 3672 4800; baseline 0.006 -19"><span class='ocrx_word' id='word_1_627' title='bbox 2103 4731 2320 4799; x_wconf 81' lang='lat' dir='ltr'><strong>perﬁdi,</strong></span> <span class='ocrx_word' id='word_1_628' title='bbox 2377 4739 2434 4782; x_wconf 92' lang='lat' dir='ltr'><strong>ut</strong></span> <span class='ocrx_word' id='word_1_629' title='bbox 2465 4729 2598 4783; x_wconf 89' lang='lat' dir='ltr'><strong>aciei</strong></span> <span class='ocrx_word' id='word_1_630' title='bbox 2635 4729 2903 4792; x_wconf 61' lang='lat' dir='ltr'><strong>Scythicae</strong></span> <span class='ocrx_word' id='word_1_631' title='bbox 2935 4729 3164 4785; x_wconf 85' lang='lat' dir='ltr'><strong>formam</strong></span> <span class='ocrx_word' id='word_1_632' title='bbox 3194 4733 3530 4800; x_wconf 83' lang='lat' dir='ltr'><strong>observaret,</strong></span> <span class='ocrx_word' id='word_1_633' title='bbox 3584 4752 3672 4790; x_wconf 87' lang='lat' dir='ltr'><strong>re-</strong></span> 
     </span>
    </p>
   </div>
   <div class='ocr_carea' id='block_1_96' title="bbox 1444 4823 2589 4888">
    <p class='ocr_par' dir='ltr' id='par_1_96' title="bbox 1444 4823 2589 4888">
     <span class='ocr_line' id='line_1_96' title="bbox 1444 4823 2589 4888; baseline 0.007 -8"><span class='ocrx_word' id='word_1_634' title='bbox 1444 4823 1968 4884; x_wconf 76' lang='lat' dir='ltr'><strong>Variaelectiones</strong></span> <span class='ocrx_word' id='word_1_635' title='bbox 2013 4841 2089 4884; x_wconf 85' lang='lat' dir='ltr'><strong>ex</strong></span> <span class='ocrx_word' id='word_1_636' title='bbox 2141 4825 2282 4886; x_wconf 92' lang='lat' dir='ltr'><strong>cod.</strong></span> <span class='ocrx_word' id='word_1_637' title='bbox 2321 4824 2589 4888; x_wconf 85' lang='lat' dir='ltr'><strong>Coislin.</strong></span> 
     </span>
    </p>
   </div>
   <div class='ocr_carea' id='block_1_97' title="bbox 482 4921 1849 4994">
    <p class='ocr_par' dir='ltr' id='par_1_97' title="bbox 482 4921 1849 4994">
     <span class='ocr_line' id='line_1_97' title="bbox 482 4921 1849 4994; baseline 0.001 -18"><span class='ocrx_word' id='word_1_638' title='bbox 482 4927 532 4958; x_wconf 69' lang='lat'><em>“</em></span> <span class='ocrx_word' id='word_1_639' title='bbox 566 4923 969 4993; x_wconf 75' lang='grc' dir='ltr'>εὐθυπλοὴσας.</span> <span class='ocrx_word' id='word_1_640' title='bbox 1045 4921 1090 4954; x_wconf 67' lang='grc'><strong>⁸⁸</strong></span> <span class='ocrx_word' id='word_1_641' title='bbox 1124 4925 1265 4976; x_wconf 78' lang='grc' dir='ltr'>κατὰ</span> <span class='ocrx_word' id='word_1_642' title='bbox 1297 4925 1378 4977; x_wconf 83' lang='grc' dir='ltr'>τό.</span> <span class='ocrx_word' id='word_1_643' title='bbox 1456 4925 1500 4956; x_wconf 66' lang='grc'><strong>⁸⁸</strong></span> <span class='ocrx_word' id='word_1_644' title='bbox 1553 4925 1849 4994; x_wconf 69' lang='grc' dir='ltr'>πολέμους.</span> 
     </span>
    </p>
   </div>
   <div class='ocr_carea' id='block_1_98' title="bbox 1928 4927 2654 4997">
    <p class='ocr_par' dir='ltr' id='par_1_98' title="bbox 1928 4927 2654 4997">
     <span class='ocr_line' id='line_1_98' title="bbox 1928 4927 2654 4997; baseline 0.006 -20"><span class='ocrx_word' id='word_1_645' title='bbox 1928 4927 1971 4957; x_wconf 71' lang='grc'><strong>⁵⁷</strong></span> <span class='ocrx_word' id='word_1_646' title='bbox 2023 4927 2122 4997; x_wconf 77' lang='grc' dir='ltr'><strong>τὴν</strong></span> <span class='ocrx_word' id='word_1_647' title='bbox 2156 4927 2284 4980; x_wconf 88' lang='grc' dir='ltr'>τῶν,</span> <span class='ocrx_word' id='word_1_648' title='bbox 2363 4927 2409 4958; x_wconf 73' lang='grc'><strong>’⁵⁸</strong></span> <span class='ocrx_word' id='word_1_649' title='bbox 2450 4929 2654 4983; x_wconf 81' lang='grc' dir='ltr'>αὐτῶν.</span> 
     </span>
    </p>
   </div>
   <div class='ocr_carea' id='block_1_99' title="bbox 1487 5022 2598 5102">
    <p class='ocr_par' dir='ltr' id='par_1_99' title="bbox 1487 5022 2598 5102">
     <span class='ocr_line' id='line_1_99' title="bbox 1487 5022 2598 5102; baseline 0.005 -20"><span class='ocrx_word' id='word_1_650' title='bbox 1487 5023 1628 5082; x_wconf 85' lang='lat' dir='ltr'><strong>Car.</strong></span> <span class='ocrx_word' id='word_1_651' title='bbox 1658 5022 1984 5083; x_wconf 81' lang='lat' dir='ltr'><strong>Dufresnii</strong></span> <span class='ocrx_word' id='word_1_652' title='bbox 2021 5025 2116 5084; x_wconf 90' lang='lat' dir='ltr'><strong>Du</strong></span> <span class='ocrx_word' id='word_1_653' title='bbox 2156 5025 2376 5102; x_wconf 74' lang='lat' dir='ltr'><strong>Cangii</strong></span> <span class='ocrx_word' id='word_1_654' title='bbox 2410 5033 2598 5087; x_wconf 66' lang='lat' dir='ltr'><strong>notae.</strong></span> 
     </span>
    </p>
   </div>
   <div class='ocr_carea' id='block_1_100' title="bbox 485 5121 1998 5194">
    <p class='ocr_par' dir='ltr' id='par_1_100' title="bbox 485 5121 1998 5194">
     <span class='ocr_line' id='line_1_100' title="bbox 485 5121 1998 5194; baseline 0.002 -17"><span class='ocrx_word' id='word_1_655' title='bbox 485 5123 599 5194; x_wconf 67' lang='lat'><strong>(2&#39;2)</strong></span> <span class='ocrx_word' id='word_1_656' title='bbox 665 5121 972 5194; x_wconf 63' lang='grc' dir='ltr'>ξΡούο-ιον.</span> <span class='ocrx_word' id='word_1_657' title='bbox 1028 5123 1171 5175; x_wconf 78' lang='lat' dir='ltr'><strong>Busa</strong></span> <span class='ocrx_word' id='word_1_658' title='bbox 1229 5121 1467 5177; x_wconf 73' lang='lat' dir='ltr'><strong>Robcrzo</strong></span> <span class='ocrx_word' id='word_1_659' title='bbox 1517 5125 1800 5180; x_wconf 89' lang='lat' dir='ltr'><strong>monacho.</strong></span> <span class='ocrx_word' id='word_1_660' title='bbox 1865 5123 1998 5180; x_wconf 79' lang='lat' dir='ltr'><strong>Vide</strong></span> 
     </span>
    </p>
   </div>
   <div class='ocr_carea' id='block_1_101' title="bbox 411 5192 926 5249">
    <p class='ocr_par' dir='ltr' id='par_1_101' title="bbox 411 5192 926 5249">
     <span class='ocr_line' id='line_1_101' title="bbox 411 5192 926 5249; baseline -0.014 0"><span class='ocrx_word' id='word_1_661' title='bbox 411 5206 528 5249; x_wconf 84' lang='lat' dir='ltr'><strong>not.</strong></span> <span class='ocrx_word' id='word_1_662' title='bbox 563 5192 626 5246; x_wconf 74' lang='lat' dir='ltr'><strong>:ttl</strong></span> <span class='ocrx_word' id='word_1_663' title='bbox 663 5192 926 5247; x_wconf 70' lang='lat' dir='ltr'><strong>thlltarti.</strong></span> 
     </span>
    </p>
   </div>
   <div class='ocr_carea' id='block_1_102' title="bbox 486 5263 1999 5334">
    <p class='ocr_par' dir='ltr' id='par_1_102' title="bbox 486 5263 1999 5334">
     <span class='ocr_line' id='line_1_102' title="bbox 486 5263 1999 5334; baseline -0.001 -16"><span class='ocrx_word' id='word_1_664' title='bbox 486 5266 599 5334; x_wconf 75' lang='lat'><strong>(25)</strong></span> <span class='ocrx_word' id='word_1_665' title='bbox 631 5265 1002 5318; x_wconf 73' lang='grc' dir='ltr'>Πολύϐοτον.</span> <span class='ocrx_word' id='word_1_666' title='bbox 1040 5263 1330 5333; x_wconf 84' lang='lat' dir='ltr'><strong>Polybotns</strong></span> <span class='ocrx_word' id='word_1_667' title='bbox 1369 5265 1614 5321; x_wconf 69' lang='lat' dir='ltr'><strong>Thracia}</strong></span> <span class='ocrx_word' id='word_1_668' title='bbox 1642 5265 1771 5320; x_wconf 89' lang='lat' dir='ltr'><strong>urhs</strong></span> <span class='ocrx_word' id='word_1_669' title='bbox 1800 5266 1999 5319; x_wconf 83' lang='lat' dir='ltr'><strong>Canta-</strong></span> 
     </span>
    </p>
   </div>
   <div class='ocr_carea' id='block_1_103' title="bbox 415 5335 1993 5404">
    <p class='ocr_par' dir='ltr' id='par_1_103' title="bbox 415 5335 1993 5404">
     <span class='ocr_line' id='line_1_103' title="bbox 415 5335 1993 5404; baseline 0.004 -18"><span class='ocrx_word' id='word_1_670' title='bbox 415 5346 624 5404; x_wconf 63' lang='lat' dir='ltr'><strong>gnzeno</strong></span> <span class='ocrx_word' id='word_1_671' title='bbox 661 5336 880 5397; x_wconf 83' lang='lat' dir='ltr'><strong>dicitur,</strong></span> <span class='ocrx_word' id='word_1_672' title='bbox 915 5335 1009 5388; x_wconf 72' lang='lat' dir='ltr'><strong>lib.</strong></span> <span class='ocrx_word' id='word_1_673' title='bbox 1054 5350 1114 5404; x_wconf 84' lang='lat' dir='ltr'><strong>lt.</strong></span> <span class='ocrx_word' id='word_1_674' title='bbox 1153 5349 1276 5401; x_wconf 84' lang='lat' dir='ltr'><strong>cap.</strong></span> <span class='ocrx_word' id='word_1_675' title='bbox 1311 5336 1396 5400; x_wconf 76' lang='grc'><strong>12,</strong></span> <span class='ocrx_word' id='word_1_676' title='bbox 1425 5347 1478 5390; x_wconf 86' lang='lat' dir='ltr'><strong>et</strong></span> <span class='ocrx_word' id='word_1_677' title='bbox 1511 5339 1601 5392; x_wconf 86' lang='lat' dir='ltr'><strong>lib.</strong></span> <span class='ocrx_word' id='word_1_678' title='bbox 1641 5351 1720 5395; x_wconf 88' lang='lat' dir='ltr'><strong>Ill.</strong></span> <span class='ocrx_word' id='word_1_679' title='bbox 1755 5353 1873 5404; x_wconf 87' lang='lat' dir='ltr'><strong>cap.</strong></span> <span class='ocrx_word' id='word_1_680' title='bbox 1908 5337 1993 5391; x_wconf 82' lang='lat'><strong>&#39;76.</strong></span> 
     </span>
    </p>
   </div>
   <div class='ocr_carea' id='block_1_104' title="bbox 416 5400 1992 5476">
    <p class='ocr_par' dir='ltr' id='par_1_104' title="bbox 416 5400 1992 5476">
     <span class='ocr_line' id='line_1_104' title="bbox 416 5400 1992 5476; baseline 0.006 -24"><span class='ocrx_word' id='word_1_681' title='bbox 416 5400 669 5476; x_wconf 69' lang='lat' dir='ltr'><strong>Ejusdem</strong></span> <span class='ocrx_word' id='word_1_682' title='bbox 717 5406 950 5476; x_wconf 69' lang='lat' dir='ltr'><strong>nominis</strong></span> <span class='ocrx_word' id='word_1_683' title='bbox 991 5405 1042 5456; x_wconf 90' lang='lat' dir='ltr'><strong>iu</strong></span> <span class='ocrx_word' id='word_1_684' title='bbox 1087 5400 1320 5474; x_wconf 77' lang='lat' dir='ltr'><strong>Phrygia</strong></span> <span class='ocrx_word' id='word_1_685' title='bbox 1354 5409 1606 5476; x_wconf 76' lang='lat' dir='ltr'><strong>Oppidum</strong></span> <span class='ocrx_word' id='word_1_686' title='bbox 1639 5400 1837 5462; x_wconf 47' lang='lat' dir='ltr'><strong>statuit&#39;</strong></span> <span class='ocrx_word' id='word_1_687' title='bbox 1863 5405 1992 5461; x_wconf 76' lang='lat' dir='ltr'><strong>Pto-</strong></span> 
     </span>
    </p>
   </div>
   <div class='ocr_carea' id='block_1_105' title="bbox 415 5473 1246 5535">
    <p class='ocr_par' dir='ltr' id='par_1_105' title="bbox 415 5473 1246 5535">
     <span class='ocr_line' id='line_1_105' title="bbox 415 5473 1246 5535; baseline 0.007 -11"><span class='ocrx_word' id='word_1_688' title='bbox 415 5473 630 5535; x_wconf 56' lang='grc' dir='ltr'>θυμίας,</span> <span class='ocrx_word' id='word_1_689' title='bbox 661 5473 713 5524; x_wconf 85' lang='lat' dir='ltr'><strong>in</strong></span> <span class='ocrx_word' id='word_1_690' title='bbox 754 5473 994 5526; x_wconf 79' lang='lat' dir='ltr'><strong>Historia</strong></span> <span class='ocrx_word' id='word_1_691' title='bbox 1027 5473 1246 5530; x_wconf 75' lang='lat' dir='ltr'><strong>arcano.</strong></span> 
     </span>
    </p>
   </div>
   <div class='ocr_carea' id='block_1_106' title="bbox 488 5542 1993 5612">
    <p class='ocr_par' dir='ltr' id='par_1_106' title="bbox 488 5542 1993 5612">
     <span class='ocr_line' id='line_1_106' title="bbox 488 5542 1993 5612; baseline 0.009 -22"><span class='ocrx_word' id='word_1_692' title='bbox 488 5542 602 5605; x_wconf 52' lang='grc' dir='ltr'>(τά)</span> <span class='ocrx_word' id='word_1_693' title='bbox 636 5545 1050 5597; x_wconf 72' lang='grc' dir='ltr'>Μανιακάτων.</span> <span class='ocrx_word' id='word_1_694' title='bbox 1086 5544 1342 5612; x_wconf 74' lang='lat' dir='ltr'><strong>Latinos,</strong></span> <span class='ocrx_word' id='word_1_695' title='bbox 1387 5563 1483 5603; x_wconf 85' lang='lat' dir='ltr'><strong>seu</strong></span> <span class='ocrx_word' id='word_1_696' title='bbox 1532 5548 1870 5603; x_wconf 86' lang='lat' dir='ltr'><strong>Normannos</strong></span> <span class='ocrx_word' id='word_1_697' title='bbox 1912 5551 1993 5603; x_wconf 86' lang='lat' dir='ltr'><strong>in-</strong></span> 
     </span>
    </p>
   </div>
   <div class='ocr_carea' id='block_1_107' title="bbox 417 5611 1992 5678">
    <p class='ocr_par' dir='ltr' id='par_1_107' title="bbox 417 5611 1992 5678">
     <span class='ocr_line' id='line_1_107' title="bbox 417 5611 1992 5678; baseline 0.006 -16"><span class='ocrx_word' id='word_1_698' title='bbox 417 5611 635 5678; x_wconf 76' lang='lat' dir='ltr'><strong>telligit.</strong></span> <span class='ocrx_word' id='word_1_699' title='bbox 670 5614 758 5677; x_wconf 80' lang='lat' dir='ltr'><strong>qui</strong></span> <span class='ocrx_word' id='word_1_700' title='bbox 798 5614 1053 5667; x_wconf 67' lang='lat' dir='ltr'><strong>Mattiacas</strong></span> <span class='ocrx_word' id='word_1_701' title='bbox 1087 5616 1213 5667; x_wconf 87' lang='lat' dir='ltr'><strong>olim</strong></span> <span class='ocrx_word' id='word_1_702' title='bbox 1259 5611 1335 5671; x_wconf 10' lang='lat' dir='ltr'><strong>iur</strong></span> <span class='ocrx_word' id='word_1_703' title='bbox 1377 5621 1524 5672; x_wconf 82' lang='lat' dir='ltr'><strong>Italia</strong></span> <span class='ocrx_word' id='word_1_704' title='bbox 1580 5629 1632 5672; x_wconf 87' lang='lat' dir='ltr'><strong>et</strong></span> <span class='ocrx_word' id='word_1_705' title='bbox 1665 5617 1845 5672; x_wconf 82' lang='lat' dir='ltr'><strong>Sicilia</strong></span> <span class='ocrx_word' id='word_1_706' title='bbox 1881 5636 1992 5672; x_wconf 88' lang='lat' dir='ltr'><strong>Ine-</strong></span> 
     </span>
    </p>
   </div>
   <div class='ocr_carea' id='block_1_108' title="bbox 415 5685 1986 5758">
    <p class='ocr_par' dir='ltr' id='par_1_108' title="bbox 415 5685 1986 5758">
     <span class='ocr_line' id='line_1_108' title="bbox 415 5685 1986 5758; baseline 0.007 -28"><span class='ocrx_word' id='word_1_707' title='bbox 415 5687 664 5758; x_wconf 70' lang='lat' dir='ltr'><strong>ruerant,</strong></span> <span class='ocrx_word' id='word_1_708' title='bbox 696 5685 758 5731; x_wconf 85' lang='lat' dir='ltr'><strong>de</strong></span> <span class='ocrx_word' id='word_1_709' title='bbox 781 5686 1167 5758; x_wconf 66' lang='lat' dir='ltr'><strong>quibussupra</strong></span> <span class='ocrx_word' id='word_1_710' title='bbox 1195 5702 1314 5758; x_wconf 79' lang='lat' dir='ltr'><strong>pag.</strong></span> <span class='ocrx_word' id='word_1_711' title='bbox 1354 5690 1437 5743; x_wconf 82' lang='grc'><strong>11.</strong></span> <span class='ocrx_word' id='word_1_712' title='bbox 1469 5691 1671 5744; x_wconf 80' lang='lat' dir='ltr'><strong>Auctor</strong></span> <span class='ocrx_word' id='word_1_713' title='bbox 1697 5702 1779 5743; x_wconf 82' lang='lat' dir='ltr'><strong>est</strong></span> <span class='ocrx_word' id='word_1_714' title='bbox 1806 5703 1986 5742; x_wconf 85' lang='lat' dir='ltr'><strong>autem</strong></span> 
     </span>
    </p>
   </div>
   <div class='ocr_carea' id='block_1_109' title="bbox 415 5749 1988 5827">
    <p class='ocr_par' dir='ltr' id='par_1_109' title="bbox 415 5749 1988 5827">
     <span class='ocr_line' id='line_1_109' title="bbox 415 5749 1988 5827; baseline 0.006 -25"><span class='ocrx_word' id='word_1_715' title='bbox 415 5749 742 5803; x_wconf 74' lang='lat' dir='ltr'><strong>Laznbertns</strong></span> <span class='ocrx_word' id='word_1_716' title='bbox 779 5749 1136 5821; x_wconf 64' lang='lat' dir='ltr'><strong>Scal&#39;uabufg.</strong></span> <span class='ocrx_word' id='word_1_717' title='bbox 1179 5749 1246 5810; x_wconf 76' lang='lat' dir='ltr'><strong>ad</strong></span> <span class='ocrx_word' id='word_1_718' title='bbox 1264 5749 1486 5813; x_wconf 49' lang='lat' dir='ltr'><strong>vannum</strong></span> <span class='ocrx_word' id='word_1_719' title='bbox 1531 5759 1691 5827; x_wconf 73' lang='grc'><strong>4971,</strong></span> <span class='ocrx_word' id='word_1_720' title='bbox 1723 5759 1988 5815; x_wconf 78' lang='lat' dir='ltr'><strong>Norman-</strong></span> 
     </span>
    </p>
   </div>
   <div class='ocr_carea' id='block_1_110' title="bbox 741 5845 1462 5922">
    <p class='ocr_par' dir='ltr' id='par_1_110' title="bbox 741 5845 1462 5922">
     <span class='ocr_line' id='line_1_110' title="bbox 741 5845 1462 5922; baseline 0.025 -20"><span class='ocrx_word' id='word_1_721' title='bbox 741 5845 1010 5909; x_wconf 74' lang='grc' dir='ltr'>ΡΑτιιοι.</span> <span class='ocrx_word' id='word_1_722' title='bbox 1045 5854 1160 5912; x_wconf 79' lang='lat' dir='ltr'><strong>Gn.</strong></span> <span class='ocrx_word' id='word_1_723' title='bbox 1201 5856 1462 5922; x_wconf 81' lang='lat' dir='ltr'><strong>CXXXI.</strong></span> 
     </span>
    </p>
   </div>
   <div class='ocr_carea' id='block_1_111' title="bbox 2106 5129 3679 5205">
    <p class='ocr_par' dir='ltr' id='par_1_111' title="bbox 2106 5129 3679 5205">
     <span class='ocr_line' id='line_1_111' title="bbox 2106 5129 3679 5205; baseline 0.013 -27"><span class='ocrx_word' id='word_1_724' title='bbox 2106 5144 2203 5181; x_wconf 84' lang='lat' dir='ltr'><strong>nos</strong></span> <span class='ocrx_word' id='word_1_725' title='bbox 2257 5130 2706 5205; x_wconf 72' lang='lat' dir='ltr'><strong>imperatoribus_</strong></span> <span class='ocrx_word' id='word_1_726' title='bbox 2741 5129 3358 5205; x_wconf 77' lang='lat' dir='ltr'><strong>ConstantinOpolitanis</strong></span> <span class='ocrx_word' id='word_1_727' title='bbox 3418 5140 3679 5198; x_wconf 79' lang='lat' dir='ltr'><strong>militasse</strong></span> 
     </span>
    </p>
   </div>
   <div class='ocr_carea' id='block_1_112' title="bbox 2103 5201 3676 5278">
    <p class='ocr_par' dir='ltr' id='par_1_112' title="bbox 2103 5201 3676 5278">
     <span class='ocr_line' id='line_1_112' title="bbox 2103 5201 3676 5278; baseline 0.01 -28"><span class='ocrx_word' id='word_1_728' title='bbox 2103 5208 2226 5251; x_wconf 88' lang='lat' dir='ltr'><strong>ante</strong></span> <span class='ocrx_word' id='word_1_729' title='bbox 2278 5202 2638 5278; x_wconf 41' lang='lat' dir='ltr'><strong>cxslinl‘lll-tlh</strong></span> <span class='ocrx_word' id='word_1_730' title='bbox 2675 5201 3029 5278; x_wconf 57' lang='lat' dir='ltr'><strong>Roliertum,</strong></span> <span class='ocrx_word' id='word_1_731' title='bbox 3062 5201 3180 5274; x_wconf 83' lang='lat' dir='ltr'><strong>post</strong></span> <span class='ocrx_word' id='word_1_732' title='bbox 3233 5211 3389 5278; x_wconf 89' lang='lat' dir='ltr'><strong>cujus</strong></span> <span class='ocrx_word' id='word_1_733' title='bbox 3453 5223 3676 5265; x_wconf 81' lang='lat' dir='ltr'><strong>mortem</strong></span> 
     </span>
    </p>
   </div>
   <div class='ocr_carea' id='block_1_113' title="bbox 2103 5270 3681 5349">
    <p class='ocr_par' dir='ltr' id='par_1_113' title="bbox 2103 5270 3681 5349">
     <span class='ocr_line' id='line_1_113' title="bbox 2103 5270 3681 5349; baseline 0.011 -30"><span class='ocrx_word' id='word_1_734' title='bbox 2103 5279 2315 5348; x_wconf 76' lang='lat' dir='ltr'><strong>constat</strong></span> <span class='ocrx_word' id='word_1_735' title='bbox 2354 5270 2716 5349; x_wconf 39' lang='lat' dir='ltr'><strong>ex.0rd’erico_</strong></span> <span class='ocrx_word' id='word_1_736' title='bbox 2755 5271 2934 5335; x_wconf 81' lang='lat' dir='ltr'><strong>Vitali,</strong></span> <span class='ocrx_word' id='word_1_737' title='bbox 2979 5270 3074 5349; x_wconf 55' lang='lat' dir='ltr'><strong>lib;</strong></span> <span class='ocrx_word' id='word_1_738' title='bbox 3120 5295 3215 5341; x_wconf 85' lang='lat' dir='ltr'><strong>vn,</strong></span> <span class='ocrx_word' id='word_1_739' title='bbox 3263 5270 3441 5348; x_wconf 81' lang='lat' dir='ltr'><strong>plures</strong></span> <span class='ocrx_word' id='word_1_740' title='bbox 3466 5299 3527 5334; x_wconf 85' lang='lat' dir='ltr'><strong>ex</strong></span> <span class='ocrx_word' id='word_1_741' title='bbox 3562 5282 3681 5349; x_wconf 79' lang='lat' dir='ltr'><strong>ejus</strong></span> 
     </span>
    </p>
   </div>
   <div class='ocr_carea' id='block_1_114' title="bbox 2102 5339 3678 5415">
    <p class='ocr_par' dir='ltr' id='par_1_114' title="bbox 2102 5339 3678 5415">
     <span class='ocr_line' id='line_1_114' title="bbox 2102 5339 3678 5415; baseline 0.01 -24"><span class='ocrx_word' id='word_1_742' title='bbox 2102 5341 2364 5415; x_wconf 72' lang='lat' dir='ltr'><strong>comitatu</strong></span> <span class='ocrx_word' id='word_1_743' title='bbox 2434 5340 2484 5393; x_wconf 90' lang='lat' dir='ltr'><strong>in</strong></span> <span class='ocrx_word' id='word_1_744' title='bbox 2544 5339 2812 5415; x_wconf 66' lang='lat' dir='ltr'><strong>Graeciam</strong></span> <span class='ocrx_word' id='word_1_745' title='bbox 2879 5339 3294 5415; x_wconf 31' lang='lat' dir='ltr'><strong>trattsiisse,&#39;e&#39;t</strong></span> <span class='ocrx_word' id='word_1_746' title='bbox 3339 5351 3440 5405; x_wconf 63' lang='lat' dir='ltr'><strong>sub</strong></span> <span class='ocrx_word' id='word_1_747' title='bbox 3501 5339 3678 5407; x_wconf 64' lang='lat' dir='ltr'><strong>Alexii</strong></span> 
     </span>
    </p>
   </div>
   <div class='ocr_carea' id='block_1_115' title="bbox 2102 5409 2704 5476">
    <p class='ocr_par' dir='ltr' id='par_1_115' title="bbox 2102 5409 2704 5476">
     <span class='ocr_line' id='line_1_115' title="bbox 2102 5409 2704 5476; baseline 0.005 -14"><span class='ocrx_word' id='word_1_748' title='bbox 2102 5409 2388 5476; x_wconf 79' lang='lat' dir='ltr'><strong>Stipendiis</strong></span> <span class='ocrx_word' id='word_1_749' title='bbox 2422 5413 2704 5465; x_wconf 85' lang='lat' dir='ltr'><strong>meruisse.</strong></span> 
     </span>
    </p>
   </div>
   <div class='ocr_carea' id='block_1_116' title="bbox 2175 5479 3679 5554">
    <p class='ocr_par' dir='ltr' id='par_1_116' title="bbox 2175 5479 3679 5554">
     <span class='ocr_line' id='line_1_116' title="bbox 2175 5479 3679 5554; baseline 0.01 -23"><span class='ocrx_word' id='word_1_750' title='bbox 2175 5479 2288 5548; x_wconf 71' lang='lat'><strong>(25)</strong></span> <span class='ocrx_word' id='word_1_751' title='bbox 2331 5479 2453 5554; x_wconf 76' lang='grc' dir='ltr'><strong>Τῶν</strong></span> <span class='ocrx_word' id='word_1_752' title='bbox 2477 5481 2823 5554; x_wconf 73' lang='grc' dir='ltr'>,βασιλικῶν</span> <span class='ocrx_word' id='word_1_753' title='bbox 2844 5486 3120 5554; x_wconf 74' lang='grc' dir='ltr'>ἱεράκων.</span> <span class='ocrx_word' id='word_1_754' title='bbox 3154 5490 3277 5545; x_wconf 84' lang='lat' dir='ltr'><strong>Fuit</strong></span> <span class='ocrx_word' id='word_1_755' title='bbox 3306 5491 3434 5544; x_wconf 80' lang='lat' dir='ltr'><strong>olim</strong></span> <span class='ocrx_word' id='word_1_756' title='bbox 3470 5489 3521 5542; x_wconf 87' lang='lat' dir='ltr'><strong>in</strong></span> <span class='ocrx_word' id='word_1_757' title='bbox 3554 5493 3679 5546; x_wconf 84' lang='lat' dir='ltr'><strong>aula</strong></span> 
     </span>
    </p>
   </div>
   <div class='ocr_carea' id='block_1_117' title="bbox 2103 5549 3680 5630">
    <p class='ocr_par' dir='ltr' id='par_1_117' title="bbox 2103 5549 3680 5630">
     <span class='ocr_line' id='line_1_117' title="bbox 2103 5549 3680 5630; baseline 0.008 -29"><span class='ocrx_word' id='word_1_758' title='bbox 2103 5549 2694 5630; x_wconf 50' lang='lat' dir='ltr'><strong>petistantinopoljtana</strong></span> <span class='ocrx_word' id='word_1_759' title='bbox 2728 5549 2959 5630; x_wconf 63' lang='lat' dir='ltr'><strong>dignitas</strong></span> <span class='ocrx_word' id='word_1_760' title='bbox 2987 5560 3080 5612; x_wconf 86' lang='grc' dir='ltr'>τοῦ</span> <span class='ocrx_word' id='word_1_761' title='bbox 3115 5560 3547 5630; x_wconf 84' lang='grc' dir='ltr'>πρωτοῖερακοῠ,</span> <span class='ocrx_word' id='word_1_762' title='bbox 3581 5578 3680 5616; x_wconf 89' lang='lat' dir='ltr'><strong>cu-</strong></span> 
     </span>
    </p>
   </div>
   <div class='ocr_carea' id='block_1_118' title="bbox 2097 5620 3682 5699">
    <p class='ocr_par' dir='ltr' id='par_1_118' title="bbox 2097 5620 3682 5699">
     <span class='ocr_line' id='line_1_118' title="bbox 2097 5620 3682 5699; baseline 0.011 -30"><span class='ocrx_word' id='word_1_763' title='bbox 2097 5620 2469 5699; x_wconf 72' lang='lat' dir='ltr'><strong>jusmodi_est</strong></span> <span class='ocrx_word' id='word_1_764' title='bbox 2515 5621 2584 5676; x_wconf 84' lang='lat' dir='ltr'><strong>M.</strong></span> <span class='ocrx_word' id='word_1_765' title='bbox 2656 5620 2957 5682; x_wconf 76' lang='lat' dir='ltr'><strong>Falconarii</strong></span> <span class='ocrx_word' id='word_1_766' title='bbox 3015 5620 3170 5699; x_wconf 70' lang='lat' dir='ltr'><strong>apud</strong></span> <span class='ocrx_word' id='word_1_767' title='bbox 3216 5620 3557 5689; x_wconf 43' lang='lat' dir='ltr'><strong>noxa-Verum</strong></span> <span class='ocrx_word' id='word_1_768' title='bbox 3595 5635 3682 5687; x_wconf 89' lang='lat' dir='ltr'><strong>hic</strong></span> 
     </span>
    </p>
   </div>
   <div class='ocr_carea' id='block_1_119' title="bbox 2101 5689 3678 5770">
    <p class='ocr_par' dir='ltr' id='par_1_119' title="bbox 2101 5689 3678 5770">
     <span class='ocr_line' id='line_1_119' title="bbox 2101 5689 3678 5770; baseline 0.013 -31"><span class='ocrx_word' id='word_1_769' title='bbox 2101 5689 2283 5770; x_wconf 72' lang='lat' dir='ltr'><strong>agitur</strong></span> <span class='ocrx_word' id='word_1_770' title='bbox 2329 5689 2396 5743; x_wconf 86' lang='lat' dir='ltr'><strong>de</strong></span> <span class='ocrx_word' id='word_1_771' title='bbox 2449 5707 2513 5746; x_wconf 88' lang='lat' dir='ltr'><strong>eo</strong></span> <span class='ocrx_word' id='word_1_772' title='bbox 2570 5710 2735 5764; x_wconf 83' lang='lat' dir='ltr'><strong>penes</strong></span> <span class='ocrx_word' id='word_1_773' title='bbox 2785 5713 2943 5765; x_wconf 88' lang='lat' dir='ltr'><strong>quem</strong></span> <span class='ocrx_word' id='word_1_774' title='bbox 3001 5689 3134 5755; x_wconf 75' lang='lat' dir='ltr'><strong>cdta</strong></span> <span class='ocrx_word' id='word_1_775' title='bbox 3196 5713 3314 5757; x_wconf 85' lang='lat' dir='ltr'><strong>erat</strong></span> <span class='ocrx_word' id='word_1_776' title='bbox 3365 5701 3678 5758; x_wconf 84' lang='lat' dir='ltr'><strong>alendorum</strong></span> 
     </span>
    </p>
   </div>
   <div class='ocr_carea' id='block_1_120' title="bbox 2098 5769 2439 5828">
    <p class='ocr_par' dir='ltr' id='par_1_120' title="bbox 2098 5769 2439 5828">
     <span class='ocr_line' id='line_1_120' title="bbox 2098 5769 2439 5828; baseline 0.015 -18"><span class='ocrx_word' id='word_1_777' title='bbox 2098 5769 2439 5828; x_wconf 68' lang='lat' dir='ltr'><strong>acetptlrum.</strong></span> 
     </span>
    </p>
   </div>
  </div>
