4112 6400
469 319 577 386 581

1751 320 1981 385 ANNIE
2010 319 2396 385 COMNENE

3632 318 3741 385 588

471 442 746 512 ferretque
792 440 1110 509 Imperatori
1150 439 1294 511 quod
1326 438 1382 495 in
1415 453 1564 508 spem
1622 438 1863 494 victoria:
1914 438 2048 492 utile

2161 440 2302 494 Ξιπαν
2360 436 2672 492 τούναντίον
2705 437 2900 490 ἐποίει.
2934 433 3045 490 Καὶ
3069 435 3134 506 τῇ
3177 432 3283 506 ἰδίᾳ
3323 429 3593 508 διαλέκτῳ
3626 440 3739 502 τοῖς

469 541 710 604 putaret.
761 546 950 590 revera
1003 544 1062 586 ut
1103 531 1374 588 contraria
1423 530 1604 587 omnia
1650 530 1880 594 faceret,
1931 530 2046 583 suis

472 626 691 695 Scythis
719 626 938 696 propria
991 625 1233 695 ipsorum
1264 624 1443 694 lingua
1491 639 1555 679 ex
1593 622 1685 679 illo
1719 623 1869 678 edito
1911 622 2047 693 jugo

471 721 700 790 loquens
724 728 913 775 auctor
939 715 1041 771 fuit
1066 725 1123 771 ut
1148 719 1390 785 plaustra
1421 715 1733 773 continuam
1763 714 1818 769 in
1845 716 2046 769 seriem

472 812 734 881 disposita
794 808 1051 864 Romanis
1108 808 1446 877 objiecrent.
1500 820 1599 861 nec
1655 805 2045 876 imperatorem

474 917 802 973 magnopere
836 911 1140 957 metuerent
1169 901 1343 956 adhuc
1369 914 1431 954 ex
1461 913 1666 969 nupera
1695 898 1849 953 clade
1882 900 2051 967 trepi-

470 996 599 1050 dum
634 994 929 1065 fugamque
961 993 1340 1057 meditantem,
1371 990 1462 1061 qui
1518 1006 1617 1046 nec
1664 1004 1793 1047 suos
1848 990 2049 1045 idoneo

469 1102 698 1155 numero
754 1102 850 1141 nec
895 1085 1191 1140 auxiliares
1246 1100 1277 1148 a
1327 1082 1581 1152 gentibus
1623 1084 1787 1138 sociis
1846 1083 2052 1138 milites

473 1181 716 1239 haberet.
752 1177 846 1235 His
872 1179 1031 1233 dictis
1060 1177 1303 1237 attritam
1338 1177 1571 1233 frontem
1602 1178 1683 1231 sic
1709 1176 1775 1230 ad
1809 1176 2050 1245 impera-

471 1282 649 1337 torem
675 1271 1012 1333 descendens
1044 1269 1247 1335 retulit,
1272 1270 1427 1339 quasi
1452 1283 1667 1325 summa
1702 1268 1806 1322 title
1833 1265 2053 1321 functus

467 1364 846 1434 exploratione
890 1362 1054 1419 foret.
1107 1362 1384 1418 Caeterum
1444 1362 1594 1419 misti
1655 1361 1879 1431 quidam
1909 1360 2054 1417 inter

468 1457 717 1513 Graecum
762 1467 811 1510 et
853 1454 1144 1511 barbarum
1178 1453 1418 1523 generis,
1449 1468 1513 1509 ac
1548 1469 1645 1523 per
1691 1452 1792 1508 hoc
1838 1466 1941 1506 non
1973 1451 2054 1505 in-

469 1549 619 1604 scius
651 1548 924 1619 Scytbicae
969 1547 1188 1616 linguae,
1220 1561 1343 1601 cum
1395 1546 1699 1601 orationem
1756 1543 2054 1612 transfuga:

468 1642 691 1696 auribus
735 1639 1028 1704 hausisset,
1065 1638 1364 1693 indicatum
1412 1637 1478 1692 de
1526 1636 1748 1707 perfidia
1801 1635 2055 1706 bilinguis

468 1734 616 1788 ultro
665 1730 732 1785 ad
785 1731 1167 1800 imperatorem
1226 1729 1398 1786 venit.
1446 1726 1630 1784 Sensit
1678 1726 1948 1782 Neantzes
1995 1741 2056 1782 se

2150 529 2388 592 Σκύθαις
2439 527 2747 598 τηνικαῦτα
2803 526 3164 593 συνεϐούλευε
3204 526 3307 590 τὰς
3369 524 3592 596 ἀμάξας
3637 533 3739 599 μὲν

2152 620 2434 691 στοιχηδὸν
2485 618 2853 690 καταστῆσαι,
2905 618 3107 682 αὐτοὺς
3135 617 3192 672 δὲ
3246 616 3323 688 μὴ
3373 618 3612 673 δεδιέναι
3648 619 3742 673 τὸν

2151 713 2558 783 αὐτοκράτορα,
2590 710 2974 782 τετραμμένον
2999 726 3056 763 τε
3085 710 3216 763 ὄντα
3245 709 3347 781 ήδη
3379 711 3443 763 ὲκ
3467 712 3563 781 τῆς
3591 710 3743 782 πρώ-

2150 823 2250 877 της
2280 805 2451 876 ἣττης
2502 807 2597 859 καὶ
2661 805 2798 875 πρὸς
2837 802 3017 874 φυγὴν
3077 802 3326 872 ἕτοιμον,
3377 804 3579 857 σπάνιν
3632 803 3742 857 τῶν

2153 898 2587 969 στρατευμάτων
2619 896 2858 950 καὶτῶν
2914 895 3231 965 συμμάχων
3271 894 3491 965 ἔχοντα.
3548 894 3744 949 Ταῦτα

2153 992 2326 1047 είπὼν
2350 974 2568 1048 κάτεισι
2606 991 2744 1063 πρὸς
2774 991 2866 1043 τὸν
2918 989 3335 1061 αὐτοκράτορα.
3382 974 3745 1060 Μιεοϐάρϐα-

2154 1102 2247 1157 ρος
2277 1086 2337 1139 δέ
2363 1103 2444 1150 τις
2473 1086 2719 1155 είδήμων
2752 1084 2856 1154 τῆς
2903 1083 3182 1150 Σκυθικῆς
3215 1080 3529 1148 διαλέκτου,
3558 1082 3747 1146 συνεὶς

2154 1176 2221 1231 τὰ
2262 1178 2402 1247 πρὸς
2436 1177 2566 1240 τοὺς
2590 1174 2808 1238 Σκύθας
2849 1177 3004 1244 παρὰ
3033 1175 3128 1229 τοῦ
3158 1174 3416 1244 Νεάντζη
3449 1174 3741 1244 λεχθέντα,

2154 1269 2497 1340 ἀπαγγέλλει
2544 1269 2728 1324 πάντα
2781 1269 2828 1300 ⁵⁸
2866 1267 2942 1341 τῷ
2974 1266 3212 1339 βασιλεῖ.
3252 1266 3339 1322 Ἐν
3383 1267 3646 1338 αίσθήσει
3686 1265 3745 1321 δὲ

2154 1361 2346 1416 τούτου
2386 1362 2680 1432 γενόμενος
2709 1362 2735 1414 ὁ
2766 1360 3073 1432 Νεάντζης,
3103 1358 3361 1430 ἀνεζήτει
3383 1360 3473 1413 τὸν
3494 1360 3745 1430 ἔλεγχον

2154 1453 2533 1526 ἀναισχύντως
2578 1453 2624 1507 δ’
2672 1452 2702 1506 ὁ
2741 1453 3157 1524 μιξοϐάρϐαρος
3211 1455 3291 1517 είς
3341 1453 3511 1525 μέσον
3572 1453 3747 1507 ἐλθὼν

2155 1547 2410 1619 ἦλεγχεν.
2458 1545 2702 1610 Ἐκεῖνος
2729 1544 2808 1611 δὲ,
2837 1544 2900 1599 τὺ
2940 1545 3099 1614 ξίφος
3139 1543 3340 1614 ἀθρόον
3367 1544 3746 1614 σπασάμενος,

2156 1636 2404 1709 ἀπέκοψε
2458 1637 2787 1710 τάνθρώπου
2824 1639 2925 1709 τὴν
2983 1638 3256 1708 κεφαλὴν,
3316 1636 3487 1691 αὑτοῦ
3527 1654 3590 1690 τε
3649 1636 3745 1690 τοῦ

2161 1732 2432 1803 βασιλέως
2478 1730 2721 1804 ὁρῶντος
2756 1731 2849 1785 καὶ
2876 1729 3223 1802 ἑκατέρωθεν
3276 1729 3387 1785 τῶν
3444 1728 3747 1800 φαλάγγων

470 1828 762 1888 detectum,
800 1797 900 1878 nec
928 1821 1313 1879 dissimulandi
1346 1830 1528 1876 tamen
1568 1834 1717 1889 spem
1756 1819 1935 1873 adhuc
1962 1828 2055 1873 ant

2162 1797 2491 1896 ίσταμένωψ
2514 1797 2637 1893 καὶ,
2654 1819 2834 1895 οἶμαι,
2856 1824 2957 1895 τὴν
2979 1797 3222 1894 ὑποψίαν
3241 1825 3342 1894 τῆς
3371 1797 3747 1892 συκοφαντίας

469 1916 762 1973 consilium
781 1914 1012 1982 abiecit;
1039 1913 1233 1969 falsum
1264 1912 1487 1983 impingi
1516 1912 1620 1967 sibi
1644 1911 1848 1965 crimen
1870 1910 2057 1979 queri.

471 2020 582 2074 tur,
616 2006 852 2062 indicem
901 2004 1135 2074 proferri
1170 2018 1397 2072 remque
1431 2002 1642 2070 judicio
1668 2000 1871 2058 discuti
1904 1998 2058 2069 ﬂagi-

472 2110 570 2157 tat.
614 2097 871 2154 Procedit
929 2099 1188 2152 audacter
1232 2095 1649 2150 mixobarbarus
1680 2093 1735 2147 in
1787 2090 2053 2154 medium,

470 2194 835 2262 Neantzaeque
898 2191 953 2245 in
987 2205 1049 2245 os
1078 2204 1263 2244 coram
1304 2186 1562 2251 omnibus
1611 2192 1930 2256 perseverat
1956 2200 2056 2240 au-

473 2289 614 2342 ritus
646 2286 799 2341 testis
823 2299 943 2353 qua:
971 2290 1247 2352 comperta
1294 2278 1547 2350 prtesenti
1600 2293 1765 2333 sensu
1815 2279 1883 2337 de
1933 2278 2054 2348 ejus

468 2379 675 2437 scelere
730 2378 988 2433 habebat.
1050 2378 1121 2431 At
1182 2378 1448 2435 barbarus
1507 2376 1701 2432 stri.‘to
1763 2372 2054 2428 confestim

470 2472 615 2535 ferro
670 2483 834 2542 caput
884 2471 1193 2539 amputavit
1238 2471 1467 2537 homini,
1508 2469 1754 2541 Augusto
1794 2476 2056 2523 cernente

471 2564 611 2635 ipso,
641 2576 693 2620 et
730 2564 1088 2635 pbalangibus
1115 2564 1388 2632 utrimque
1437 2563 1747 2621 aStautibus
1781 2580 1795 2617 :
1827 2576 1963 2615 nova
2000 2568 2055 2615 et

474 2658 762 2712 barbarica
794 2657 1135 2715 defensionis
1181 2658 1364 2726 gladio
1392 2665 1666 2727 perorata!
1711 2655 1872 2709 ratio.
1922 2653 2055 2720 Qum

471 2768 649 2819 reum,
685 2766 806 2805 meo
856 2750 1073 2821 quidem
1122 2748 1349 2817 judicio,
1387 2762 1524 2803 nece
1553 2747 1892 2802 accusatoris
1920 2761 2053 2803 con-

472 2844 726 2900 victionis
781 2842 1169 2898 necessitatem
1232 2849 1565 2909 prmvertere
1621 2856 1841 2906 ausum,
1884 2840 2055 2895 multo

473 2937 647 3007 magis
681 2935 891 2991 aﬂinem
925 2932 1225 3004 suspicioni
1273 2934 1455 2991 reddit
1505 2934 1734 2989 sceleris
1766 2947 1894 2987 vere
1936 2949 2055 2988 sus-

472 3029 639 3097 cepti.
702 3026 813 3081 Cur
841 3027 1011 3090 enim,
1045 3025 1091 3080 si
1120 3025 1464 3081 conscientia
1490 3025 1761 3081 niteretur
1792 3026 2055 3080 innocen-

2156 1920 2185 1973 ό
2216 1917 2502 1988 Νεάντζης
2536 1916 2830 1982 ἐκκλίνων,
2858 1916 2925 1970 ὲκ
2958 1916 3060 1986 τῆς
3096 1915 3316 1986 σφαγῆς
3340 1913 3436 1967 τοῦ
3464 1929 3748 1983 συκοφαν-

2155 2011 2381 2074 τοῦντος
2447 2010 2696 2064 ὕποπτον
2749 2007 2955 2079 μᾶλλον
2996 2007 3191 2062 ἑαυτὸν
3222 2006 3483 2079 καθιστᾷ.
3535 2006 3602 2060 Τί
3634 2005 3748 2076 γὰρ

2160 2106 2236 2178 μὴ
2269 2106 2362 2159 τὸν
2394 2104 2623 2176 ἔλεγχον
2671 2104 3044 2175 περιέμενεν;
3090 2101 3236 2157 Ἀλλ’
3267 2104 3343 2167 ὡς
3393 2103 3543 2157 ἔοικε
3571 2100 3750 2169 γλῶτο

2155 2217 2258 2255 ταν
2299 2197 2502 2253 ἐθέλων
2575 2199 2935 2269 προαναιρεῖν
2982 2196 3396 2269 ὲξορχονμένην
3451 2197 3555 2261 τὰς
3625 2196 3750 2253 κατ’

2155 2292 2321 2349 αὑτὸν
2371 2291 2714 2363 δολιότητας,
2778 2290 2955 2362 τολμᾷ
2995 2308 3049 2351 τι
3099 2292 3196 2345 καὶ
3249 2290 3736 2362 παραϐολώτερον,

2158 2386 2397 2453 πρᾶγμα
2427 2384 2666 2453 ποιήσας
2705 2381 3057 2454 βαρϐαρικῆς
3082 2381 3185 2452 μὲν
3210 2381 3393 2452 ψυχῆς
3415 2380 3588 2445 ἄξιον,
3617 2379 3751 2435 ὕπο-

2156 2495 2293 2531 πτον
2321 2477 2379 2530 δὲ
2435 2476 2715 2542 τοσοῦτον,
2776 2476 2903 2528 ὅσον
2940 2474 3038 2528 καὶ
3084 2474 3295 2544 τόλμης
3334 2474 3584 2543 ἐφίκετο.
3669 2472 3747 2528 Οὐ

2160 2570 2269 2643 μὴν
2295 2570 2324 2622 ό
2355 2569 2615 2641 βασιλεὺς
2639 2569 2806 2632 εὐθὺς
2833 2570 3230 2639 ἐτιμωρήσατο
3258 2569 3303 2601 ⁸⁸
3325 2569 3418 2621 τὸν
3444 2564 3746 2638 βάρϐαρον,

2157 2663 2281 2717 οὐδὲ
2310 2660 2583 2732 ὑπεξῆλθε
2613 2663 2682 2726 ⁸⁸,
2723 2662 2845 2715 δέον
2899 2662 2989 2718 όν.
3021 2661 3187 2715 Ἀλλὰ
3239 2666 3341 2731 τὴν
3382 2660 3483 2731 μὲν
3514 2661 3745 2729 καρδίαν

2158 2755 2515 2825 παλλομένην
2545 2757 2627 2819 είς
2663 2754 2839 2824 θυμὸν
2872 2755 2968 2808 καὶ
3018 2755 3194 2828 ὀργὴν
3227 2755 3467 2824 ἐπέσχεν
3515 2752 3734 2813 αὐτίκα,

2158 2849 2247 2902 ἵνα
2284 2848 2359 2919 μὴ
2394 2848 2721 2920 προσοϐήσῃ
2751 2848 2851 2919 τὴν
2885 2847 3061 2919 θήραν
3113 2849 3209 2902 καὶ
3260 2846 3477 2919 ταράξῃ
3507 2844 3601 2908 τὰς
3629 2844 3737 2914 φάο

2158 2943 2377 3010 λαγγας
2405 2958 2419 2975 ’
2456 2942 2781 3011 ὲταμιεύετο
2831 2942 2874 2975 ⁵⁸
2906 2941 2965 2995 δὲ
2998 2944 3093 2995 καὶ
3126 2940 3419 3010 ύπὼρυττε
3446 2942 3547 3009 τὴν
3572 2937 3745 3009 ὀργὴν

2157 3034 2236 3100 τῷ
2264 3034 2517 3108 Νεάντζῃ
2565 3034 2756 3089 τούτου
2805 3034 3096 3103 προδοσίαν
3141 3032 3238 3087 τοῦ
3264 3032 3488 3113 κάνδρὶς
3528 3029 3623 3084 καὶ
3647 3028 3747 3101 τὴν

473 3123 584 3185 ttat,
652 3133 760 3175 non
830 3120 1186 3186 exspectabat
1255 3115 1698 3185 dijudicationcm
1761 3115 2054 3170 criminis?

2161 3129 2503 3181 ἀποστασίαν
2544 3127 2641 3181 καὶ
2682 3128 2793 3181 ἀπὸ
2835 3128 2943 3181 τῶν
2997 3126 3495 3198 προειργασμένων
3538 3125 3635 3179 καὶ
3687 3121 3749 3189 ἐξ

474 3207 676 3279 Nempe
724 3206 879 3277 prius
959 3206 1205 3262 exscindi
1263 3206 1507 3278 linguam
1557 3208 1850 3276 oportebat
1901 3208 2056 3274 cujus

475 3302 760 3361 refutando
819 3300 1137 3359 testimonio
1170 3300 1317 3357 nulla
1352 3315 1449 3370 par
1479 3300 1705 3356 audacia
1741 3300 2057 3357 dissimula-

475 3394 640 3451 tionis
689 3393 945 3463 quamvis
1000 3392 1334 3465 impudentis
1387 3408 1510 3448 esse
1542 3402 1765 3463 posset:
1810 3395 2057 3465 satisque

474 3486 771 3558 apparebat
820 3486 1085 3542 indicium
1145 3495 1202 3541 et
1258 3487 1673 3556 coargutioncm
1726 3502 2055 3541 arcanarqu

474 3582 722 3639 fraudum
754 3581 1010 3638 inusitata
1040 3582 1370 3644 temeritate,
1403 3581 1640 3637 immane
1670 3597 1831 3651 quam
1869 3591 2058 3636 trucu-

474 3677 606 3733 lenti
637 3676 952 3745 atrocisque
986 3675 1246 3731 facinoris
1294 3673 1578 3733 efferatum
1637 3673 1933 3733 barbarum
1980 3674 2060 3728 lu-

473 3769 736 3835 crifacere
782 3778 1064 3827 conatum.
1119 3768 1385 3836 Equidem
1439 3769 1610 3822 miror
1658 3768 1942 3822 continere
1999 3781 2060 3820 se

475 3866 771 3934 Augustum
797 3862 1063 3932 potuisse,
1086 3861 1398 3931 quominus,
1431 3869 1490 3915 ut
1517 3876 1615 3930 par
1642 3870 1785 3925 erat,
1820 3860 2059 3917 ulcisce-

476 3966 627 4010 retur
653 3954 864 4020 statim,
894 3958 951 4008 et
978 3952 1214 4022 discerpi
1247 3953 1466 4022 juberet
1497 3954 1773 4009 crudelem
1825 3953 2061 4008 bomici-

483 4045 834 4101 tam.Verum
860 4044 931 4107 is,
957 4058 1059 4114 pro
1084 4055 1348 4099 consueta
1373 4044 1666 4112 sapientia,
1693 4043 2058 4101 cﬂ'ervescen-

477 4147 585 4194 tem
640 4139 691 4192 iu
749 4137 951 4209 justam
1006 4137 1139 4190 iram
1192 4137 1436 4201 animum
1490 4137 1718 4194 consilio
1773 4138 2059 4209 repressit,

478 4243 692 4300 tempus
740 4229 1171 4299 exspectandum
1233 4238 1518 4300 reputans.
1571 4245 1670 4286 nec
1707 4240 1764 4285 ut
1820 4242 1933 4285 tum
1972 4247 2061 4289 res

477 4332 654 4387 erant,
680 4332 1044 4392 Opportunum
1081 4336 1314 4376 censetis
1349 4321 1402 4376 id
1433 4337 1599 4391 agere
1624 4338 1732 4393 quo
1764 4325 2060 4393 procinctu:

2158 3220 2337 3275 ἄλλων
2368 3220 2917 3290 προμαντευόμενος·
2973 3221 3068 3273 ἐπὶ
3120 3219 3284 3290 ξυροῦ
3310 3219 3420 3289 γὰρ
3452 3216 3641 3286 ἀκμῆς
3666 3216 3747 3268 εἱ-

2162 3316 2361 3384 στήκει
2391 3315 2462 3367 τὰ
2493 3313 2589 3368 τοῦ
2627 3314 2871 3382 πολέμου
2905 3331 2918 3343 ·
2955 3315 3051 3367 κα)⁸
3081 3312 3168 3368 διὰ
3223 3312 3385 3365 τοῦτο
3473 3309 3746 3381 περιυλα-

2166 3405 2408 3461 κτοῦντα
2439 3406 2532 3460 τὸν
2561 3406 2736 3476 θυμὸν
2764 3408 2791 3459 ὁ
2824 3405 3237 3476 βασιλεῖρξτέως
3261 3405 3502 3474 ἐπεῖχεν,
3522 3400 3749 3472 ἀπορῶν

2158 3499 2221 3552 τὸ
2250 3499 2556 3569 τηνικαῦτα
2578 3500 2605 3553 ὅ
2629 3517 2679 3551 τι
2710 3499 2803 3557 καὶ
2826 3500 3107 3568 δράσειεν.,
3145 3496 3204 3552 Ὀ
3225 3498 3410 3569 μέντοι
3439 3494 3749 3564 Νεάντζης,

2163 3593 2302 3661 μετά
2336 3590 2535 3662 μικρὸν
2563 3590 2908 3663 προσελθὼν,
2946 3592 3043 3644 καὶ
3091 3589 3190 3644 τοῦ
3224 3589 3495 3660 σφετέρου
3526 3586 3748 3650 ἀποϐάς

2161 3686 2356 3746 ἵππου,
2388 3686 2551 3740 ἄλλον
2573 3688 2757 3757 ῂτείτο
2776 3686 2867 3738 τὸν
2889 3683 3139 3755 βασιλέα.
3188 3682 3300 3737 Καὶ
3332 3681 3556 3735 δίδωσιν
3597 3678 3752 3748 αύτῷ

2161 3780 2515 3849 παραχρῆμα
2564 3779 2734 3831 ἵππον
2773 3777 2883 3833 τῶν
2916 3777 3197 3847 ἐκκρίτων
3258 3775 3398 3846 μετὰ
3457 3774 3751 3844 βασιλικῆς

2164 3871 2514 3941 ἐφεστρίδος,
2563 3871 2643 3935 είς
2674 3869 2733 3923 ὃν
2764 3868 2993 3933 ἀναϐὰς,
3029 3869 3155 3921 ἐπεὶ
3208 3868 3277 3922 τὰ
3328 3866 3587 3935 τάγματα
3625 3863 3751 3920 κατ’

2160 3964 2406 4035 ἀλλήλων
2427 3963 2516 4021 διὰ
2536 3962 2633 4018 τοῦ
2663 3961 2995 4033 μισαιχμίου
3027 3961 3129 4033 ἤδη
3156 3961 3352 4033 ᾔεσαν,
3382 3960 3572 4031 σχῆμα
3605 3962 3752 4016 κατὰ

2161 4058 2269 4115 τῶν
2311 4056 2538 4113 Σκυθῶν
2602 4055 2873 4118 ἱππασίας
2924 4054 3325 4124 ποιησάμενος,
3381 4052 3483 4123 τὴν
3519 4053 3749 4122 ἁκωκὴν

2159 4148 2257 4203 τοῦ
2285 4145 2510 4218 δόρατος
2555 4144 2783 4200 ὄπισθεν
2815 4144 3084 4216 στρέψας,
3113 4144 3250 4213 πρὸς
3303 4143 3429 4206 τοὺς
3464 4143 3749 4213 ὁμογενεῖς

2163 4240 2348 4311 φοιτᾷ,
2372 4238 2546 4293 πολλὰ
2575 4238 2720 4292 κατὰ
2750 4239 2851 4307 τῆς
2891 4235 3189 4307 βασιλικῆς
3232 4233 3607 4305 παρατάξεως
3637 4234 3740 4287 αύ-

2161 4336 2277 4399 τοῖς
2318 4332 2629 4403 παραινῶν.
2667 4332 2731 4385 Ol
2776 4331 2835 4385 δὲ
2893 4332 3014 4391 ταῖς
3061 4328 3512 4398 ἡποθημοσύναις
3576 4326 3751 4382 αὐτοῦ

477 4418 544 4472 ad
595 4417 843 4487 pralium
900 4415 1109 4470 turbari
1168 4415 1466 4486 phalanges
1514 4427 1755 4486 possent,
1793 4426 1848 4472 et
1877 4417 2056 4487 praeda

2164 4427 2461 4499 χρώμενοι,
2501 4424 2776 4496 καρτερὸν
2807 4422 2947 4495 μετὰ
2966 4424 3012 4457 ⁵³
3042 4422 3140 4477 τοῦ
3175 4421 3588 4491 αὐτοκράτορος
3617 4437 3751 4474 συν-

2181 4524 2192 4532 .
2219 4522 2228 4532 ι
2516 4518 2548 4532 η
2869 4520 2881 4532 ι
3318 4530 3329 4532 _
3352 4514 3367 4532 1
3385 4531 3402 4532 7
3420 4531 3427 4532 κ
3458 4530 3469 4532 ,
3579 4512 3639 4532 Ωιι
3697 4510 3751 4532 βλ

479 4526 603 4566 ,ιιοι
632 4510 905 4566 induenda
932 4508 1181 4564 cassibus
1216 4519 1547 4578 praematuro
1577 4512 1814 4578 strepitu
1836 4510 2056 4565 terreri.

480 4601 621 4675 Ergo
645 4604 711 4659 de
745 4601 1049 4671 proditione
1082 4602 1298 4673 quidem
1330 4601 1608 4667 Neantzaa,
1640 4603 1807 4675 212
1826 4611 2059 4673 eruptuv

482 4712 650 4767 raque
683 4697 834 4749 brevi
866 4705 1052 4764 aperta
1088 4694 1414 4761 defectione,
1455 4705 1568 4750 tum
1618 4698 1703 4751 bis
1750 4696 2064 4752 recentibus

484 4800 595 4842 tum
628 4788 909 4858 prioribus.
931 4787 1089 4855 plane
1111 4803 1404 4857 persuasus
1438 4789 1673 4856 indiciis,
1708 4806 1813 4845 non
1842 4789 2062 4845 dubita-

482 4881 556 4933 vit
589 4882 886 4949 imperator
920 4880 1191 4949 amplius;
1229 4880 1323 4934 sed
1365 4882 1415 4935 in
1446 4881 1564 4935 acie
1594 4881 1821 4949 periculi
1857 4883 2066 4951 positas

483 4987 570 5025 res
600 4982 653 5025 et
683 4979 1016 5024 momentum
1052 4971 1322 5025 lubricum
1355 4971 1613 5041 ancipitis
1650 4972 1701 5026 in
1732 4987 1839 5043 quo
1870 4988 2064 5028 versa-

484 5065 642 5119 batur
668 5063 930 5133 temporis
960 5074 1243 5133 reputans,
1276 5064 1715 5134 sententiamque
1763 5080 1871 5120 non
1902 5081 2067 5135 expc-

482 5160 656 5222 diens,
690 5171 909 5213 cessare
932 5156 1113 5225 potius
1145 5156 1356 5223 habuit,
1392 5156 1769 5227 integramque
1803 5174 1914 5211 rem
1949 5172 2065 5212 ser-

486 5266 634 5316 vare,
694 5248 1071 5317 indignatione
1112 5247 1437 5313 cohibenda,
1491 5262 1654 5316 quam
1714 5248 1947 5303 multum
1996 5246 2066 5303 ‘in

485 5355 708 5413 pectore
737 5343 1053 5405 latrantem,
1087 5341 1347 5395 exaudire
1402 5356 1469 5395 ne
1506 5340 1629 5410 quis
1680 5353 1885 5411 posset,
1921 5343 2069 5398 dedit

484 5451 744 5511 operam;
796 5432 946 5487 vultu
980 5432 1045 5487 ad
1083 5432 1573 5487 dissimulatiOnem
1611 5437 1934 5500 prudentem
1967 5435 2066 5489 do-

486 5531 571 5588 cili
614 5531 695 5587 sic
723 5527 791 5585 ad
817 5526 1094 5589 Neautzen
1126 5540 1282 5592 usus,
1316 5535 1372 5579 ut
1408 5526 1679 5582 barbarus
1710 5529 1912 5584 fiducia
1943 5529 2067 5585 inde

2166 4522 2405 4589 ἅψαντες
2459 4518 2728 4587 πόλεμον,
2788 4520 3052 4589 τρέπουσι
3114 4514 3491 4584 κατακράτος.
3579 4512 3642 4566 ὐ
3693 4510 3754 4565 δὲ

2168 4611 2428 4684 βασιλεὺς
2493 4610 2924 4676 διασπασθείσας
2977 4609 3078 4672 τὰς
3132 4607 3423 4676 φάλαγγας
3476 4605 3621 4677 όρῶν
3658 4605 3754 4657 καὶ

2170 4702 2478 4771 φεύγοντας
2510 4702 2788 4766 ἅπαντας,
2822 4705 2880 4755 ὲν
2910 4700 3196 4771 ἀμηχανία
3222 4696 3536 4767 γενόμενος,
3574 4712 3755 4766 παρα-

2169 4794 2504 4850 κινδυνεύειν
2534 4795 2748 4861 ἀλόγως
2780 4796 2881 4847 οὐκ
2923 4792 3139 4870 ἢθελεν.
3166 4788 3360 4842 Ἔνθεν
3395 4805 3480 4841 τοι
3532 4789 3628 4841 καὶ
3655 4787 3755 4849 τὰς

2170 4886 2330 4959 ἡνίας
2365 4886 2601 4958 στρέψας
2630 4885 2796 4955 μέχρι
2820 4883 2915 4938 τοῦ
2940 4884 3158 4956 ῥέοντος
3192 4879 3441 4951 ποταμοῦ
3467 4881 3637 4947 ἐγγὺς
3660 4877 3756 4931 τοῦ

2182 4979 2429 5035 Ῥουσίου
2468 4977 2909 5047 καταλαμϐάνει,
2933 4977 3197 5030 κάκεῖθεν
3231 4974 3323 5027 τὸν
3354 4971 3579 5042 χαλινὸν
3616 4971 3752 5025 ἀνα·

2172 5073 2438 5145 σειράσας
2479 5071 2620 5143 μετά
2644 5088 2810 5124 τινων
2843 5070 3089 5139 λογάδων
3124 5069 3198 5132 ὡς
3228 5066 3348 5120 ὲνδν
3372 5066 3420 5098 ⁵⁵
3462 5066 3602 5136 πρὸς
3629 5063 3758 5128 τοὺς

2174 5168 2478 5230 διώκοντας
2510 5164 2888 5235 ἀπεμάχοντο,
2918 5162 3189 5225 ἱππασίας
3207 5161 3331 5215 κατ’
3363 5158 3547 5212 αὐτῶν
3573 5156 3759 5212 ποιούο

2178 5276 2357 5332 μενος,
2390 5257 2622 5320 πολλοὺς
2648 5257 2704 5309 δὲ
2734 5255 2781 5288 ⁵⁸
2811 5258 2907 5310 καὶ
2933 5254 3185 5320 κτείνων,
3216 5253 3365 5305 ἔστιν
3388 5243 3452 5304 οὗ
3470 5250 3569 5307 καὶ
3596 5249 3759 5310 αὐτος

2177 5350 2574 5423 πληττόμενος.
2640 5347 2861 5422 Ἐπειδὴ
2916 5348 2973 5402 δὲ
3020 5345 3079 5414 ἐξ
3133 5344 3328 5414 ἑτέρου
3388 5344 3592 5412 μέρους
3663 5336 3757 5389 καὶ

2180 5444 2453 5515 Γεώργιος
2482 5445 2509 5495 ό
2550 5442 2769 5515 Πύρρος
2801 5440 3141 5512 καλούμενος
3189 5435 3412 5505 φεύγων
3457 5433 3548 5488 τὸν
3589 5444 3756 5483 ποτα-

2181 5536 2281 5607 μὸν
2319 5534 2758 5604 κατελάμϐανεν,
2786 5528 3285 5603 ὲμὸριμησάμενος
3306 5523 3505 5580 τοῦτον
3531 5520 3579 5554 ⁸⁸
3607 5521 3635 5574 ὁ
3660 5517 3757 5571 αύ-

484 5724 487 5725 ,
1527 5642 1728 5707 Variae
1757 5644 2068 5710 lectiones
2113 5667 2194 5713 ex
2233 5646 2672 5711 cod.Coislin.

559 5751 606 5784 δ’
644 5750 811 5825 Deest
839 5760 946 5803 vox
975 5745 1177 5802 πάντα.
1256 5747 1303 5781 ⁸⁸
1328 5746 1763 5821 ὲπεπορεύσατο.
1840 5752 1883 5786 ⁵¹
1914 5752 2204 5825 ἐπεξῆλθε.
2280 5757 2327 5789 δ’
2352 5752 2736 5823 ἐταμιεύσατο.
2809 5751 2856 5786 ⁸³
2888 5747 2979 5802 τὸν
3014 5745 3175 5815 μετά.
3253 5745 3298 5779 ⁵⁵
3326 5741 3466 5796 ἐνόν.
3546 5738 3597 5772 ⁸⁸
3635 5737 3756 5812 μέν.

495 5816 540 5852 ⁵⁸
566 5820 764 5884 τούτῳ,
