4112 6404
430 331 535 401 591
1728 327 1951 390 ANN/E
1982 328 2373 391 COMNEN/E
3576 317 3687 382 592

418 452 661 519 possent,
696 457 1054 514 congressum
1107 439 1348 509 experiri
1413 453 1521 496 non
1578 450 1708 496 sunt
1774 440 1895 495 ausi
1962 448 2343 508 steteruntque
2408 437 2463 493 in
2535 436 2672 492 loco.
2740 434 2852 489 Nec
2911 447 3006 488 eos
3071 428 3413 487 lacessendos
3477 427 3688 496 putavit

418 548 720 614 imperator
750 541 947 611 partim
977 539 1047 594 ob
1083 537 1135 591 id
1165 552 1297 608 quo,
1329 552 1389 591 ut
1420 536 1554 602 dixi,
1607 537 1747 590 male
1775 536 2150 607 quatiebatur,
2186 534 2379 589 febrile
2439 533 2631 603 frigus,
2698 532 2919 603 partim,
2995 530 3156 599 idque
3220 528 3506 599 praecipue,
3542 526 3685 595 quod

421 639 660 695 nondum
714 651 905 692 omnes
963 648 1094 689 suos
1140 649 1205 687 ex
1266 633 1389 704 luga
1448 632 1704 687 collectos
1758 632 2003 686 haberet.
2046 631 2341 686 Simulavit
2372 641 2549 686 tamen
2586 629 3022 701 pugnaturientis
3079 626 3363 681 audaciam
3423 637 3688 695 generoso

419 740 586 795 statu,
623 730 957 799 modicisque
987 727 1336 795 procursibus
1364 724 1675 780 crebrarum
1702 723 2124 802 equitatienum.
2154 721 2231 778 Eo
2296 721 2467 776 ferme
2491 723 2946 777 modotransacta
3010 720 3129 774 dies
3189 727 3295 784 est,
3355 715 3687 772 exercitibus

421 824 685 879 ambobus
728 836 849 876 sese
882 821 1103 874 innoxie
1133 833 1304 888 usque
1338 818 1404 870 ad
1438 830 1718 885 vesperam
1786 827 2039 885 spectare
2114 817 2608 886 perseverantibus,
2683 818 2968 886 primaque
3038 822 3195 868 nocte
3263 826 3323 867 se
3387 812 3441 865 in
3508 820 3686 865 castra

422 922 699 991 utrimque
733 916 1162 988 recipientibus;
1216 922 1402 967 mutuo
1431 911 1571 966 alter
1597 911 1823 966 alterius
1854 920 2000 964 metu
2070 928 2098 964 a
2144 914 2337 981 praelia
2391 914 2700 967 invadenda
2771 911 3069 966 retardati:
3129 909 3284 978 cujus
3334 921 3467 962 sane
3522 920 3689 962 causa

415 1019 616 1091 justior
646 1015 902 1071 Romanis
933 1022 1050 1067 erat
1090 1012 1267 1065 adhuc
1301 1025 1328 1063 a
1361 1009 1563 1064 recenti
1598 1007 1753 1063 clade
1784 1009 2063 1094 dispersis,
2094 1024 2325 1078 quorum
2390 1010 2594 1065 sensim
2674 1008 2919 1079 p.erique
2982 1005 3331 1063 conﬂuebant
3396 1003 3689 1069 Rhusium,

422 1113 687 1184 multique
750 1111 806 1165 in
872 1109 939 1164 iis
984 1121 1215 1176 pugnam
1266 1119 1374 1159 non
1426 1104 1661 1173 experti.
1729 1103 1933 1159 Eodem
2009 1112 2252 1173 tempore
2311 1105 2635 1171 Monastras,
2689 1104 2833 1160 Uzas
2888 1112 2943 1158 et
2998 1102 3282 1175 Synesins,
3343 1102 3444 1157 viri
3499 1116 3691 1156 omnes

421 1206 591 1261 fortes
640 1212 697 1259 et
741 1200 1059 1274 peritissimi
1106 1197 1179 1252 rei
1218 1196 1450 1261 bellicas,
1502 1210 1574 1250 ne
1626 1194 1729 1263 ipsi
1780 1194 1999 1263 quidem
2042 1196 2300 1260 postremi
2330 1196 2500 1266 praelii
2537 1197 2854 1266 participes,
2887 1196 3154 1250 Rhusium
3183 1211 3404 1252 venere.

494 1297 592 1351 llic
622 1299 891 1362 Augustus
925 1299 1152 1360 urgente
1178 1302 1338 1357 quem
1379 1287 1489 1341 dixi
1548 1287 1727 1353 rigore
1768 1294 1999 1339 coactus
2032 1290 2076 1345 Α

2066 1316 2076 1345 ι
2191 1288 2252 1341 '0
2273 1288 2331 1341 δὲ
2366 1288 2735 1359 αὐτοκράτωρ
2758 1287 2861 1342 ὑπὸ
2892 1288 2985 1341 τοῦ
3028 1287 3347 1358 συνέχοντος
3397 1286 3580 1352 αὑτὸν,
3612 1286 3690 1353 ὡς

421 1391 676 1448 decubuit
710 1385 987 1457 paululum
1009 1422 1025 1446 ,
1065 1393 1125 1435 ut
1151 1381 1303 1435 brevi
1346 1379 1527 1448 quiete
1557 1393 1680 1434 sese
1724 1378 1996 1432 reﬁceret.

2104 1379 2260 1450 ἔφην,
2288 1381 2475 1450 ῥίγους
2532 1379 2856 1451 βιαζόμενος
2891 1381 3210 1448 κατεκλίθη,
3264 1379 3465 1449 μικρὸν
3496 1381 3690 1433 ἑαυτὸν

422 1484 533 1540 Nec
562 1493 740 1536 tamen
773 1492 831 1533 se
852 1476 997 1532 omni
1027 1472 1149 1528 belli
1177 1486 1308 1526 cura
1341 1470 1423 1525 vel
1459 1469 1510 1524 in
1548 1468 1817 1522 tantillum
1862 1475 1998 1529 tem-3

2104 1474 2570 1544 άνακτησόμενος.
2644 1474 2787 1526 Ἀλλ’
2850 1475 2999 1543 ὅμως
3061 1471 3171 1525 οὐδ’
3240 1471 3413 1535 οὕτως
3470 1473 3691 1543 ἠρέμει,

421 1590 525 1646 pus
553 1574 713 1645 plane
740 1568 1040 1633 relaxavit,
1077 1565 1207 1634 quin
1240 1563 1535 1631 respiceret
1565 1559 2002 1628 disquireretquc

2108 1564 2477 1634 σκεπτόμενος
2504 1563 2554 1615 τί
2588 1562 2656 1616 ἂν
2681 1563 2789 1633 χρὴ
2823 1562 2914 1616 τὸν
2944 1563 2990 1594 ⁸³
3015 1561 3207 1631 αὔριον
3235 1564 3483 1631 ποιῆσαι.
3512 1564 3691 1633 Προσ-

422 1682 609 1724 secum
645 1662 883 1724 interim,
916 1659 1047 1728 quid
1094 1671 1218 1712 cras
1257 1662 1405 1709 esset
1449 1650 1802 1709 faciendum?
1849 1648 1999 1703 Talia

2107 1653 2284 1708 ελθὼν
2318 1655 2376 1707 δ’
2415 1656 2443 1707 ὁ
2486 1655 2778 1725 Τατράνης
2837 1652 3176 1725 [Τραγάνης]
3227 1652 3466 1723 (Σκύθης
3502 1652 3560 1705 δὲ
3594 1647 3690 1706 οὗ·

425 1760 771 1816 meditautetn
802 1751 1056 1809 convenit
1082 1748 1370 1803 Tatranes.
1405 1742 1499 1797 Vir
1523 1744 1612 1798 hic
1632 1750 1750 1797 erat
1776 1740 2001 1810 Scytha,

2102 1764 2193 1812 τος
2222 1750 2251 1801 ὁ
2270 1749 2412 1819 ἀνὴρ
2434 1749 2696 1811 πολλάκις
2725 1747 3108 1818 αὐτομολήσας
3136 1746 3272 1814 πρὸς
3299 1745 3389 1799 τὸν
3416 1746 3692 1814 αὐτοκράο

424 1853 515 1925 qui
560 1849 756 1918 sacpius
801 1845 1011 1901 iteratis
1055 1842 1123 1895 ad
1162 1842 1466 1908 Augustum
1498 1834 1851 1904 transfugiis,
1894 1846 1999 1884 non

2104 1858 2239 1910 τορα
2261 1842 2354 1895 καὶ
2377 1839 2826 1911 παλινδρομήσας
2856 1838 3011 1901 αὖθις
3035 1837 3243 1903 οἴκαδε,
3279 1838 3376 1891 καὶ
3422 1838 3660 1891 τοσαυτά

426 1923 682 2018 pauciora
721 1939 933 1995 violatae
962 1935 1084 1990 ﬁdei
1128 1931 1326 2003 ﬂagitia
1373 1929 1704 1998 snhjccerat,
1740 1924 1899 1980 toties
1935 1923 2000 1976 ad

2106 1949 2192 1993 κις
2218 1932 2262 1964 ⁸³
2279 1936 2409 2003 παρ’
2427 1932 2591 1985 αὑτοῦ
2619 1931 2964 2001 συμπαθείας
2984 1929 3254 1995 ἀξιωθεὶς,
3284 1934 3377 1984 καὶ
3406 1931 3573 1984 πολὺν
3600 1931 3696 1985 τὶν

424 2016 552 2095 suos
595 2032 885 2106 perfidiosa
938 2028 1060 2097 fuga
1095 2037 1370 2080 reversus.
1407 2021 1460 2075 ls
1485 2018 1708 2090 quodin
1745 2024 1824 2072 tot
1858 2016 1999 2070 reci-

2105 2024 2271 2077 πόθον
2300 2027 2379 2086 εἰς
2403 2022 2565 2076 αὐτὸν
2604 2023 2691 2077 διὰ
2723 2023 2821 2092 τὴν
2852 2022 3120 2092 τοσαύτην
3148 2023 3500 2089 ἀνεξικακίαν
3527 2022 3690 2092 ἐσχη-

426 2130 611 2205 procis
633 2126 964 2198 ptenitentire
981 2137 1046 2175 ac
1068 2118 1292 2175 sceleris
1311 2115 1524 2170 vicibus
1545 2127 1760 2181 semper
1790 2110 1999 2166 facilem

2106 2113 2264 2183 κὼς),
2287 2114 2359 2169 τὰ
2416 2114 2555 2187 ὑπὲρ
2616 2113 2785 2168 αὐτοῦ
2836 2112 2934 2185 ὅλῃ
2990 2113 3141 2183 ψυχῇ
3192 2114 3307 2168 ,καὶ
3332 2114 3545 2185 φρονῶν
3596 2112 3695 2167 καὶ

424 2200 477 2279 et
510 2234 682 2277 tutum
711 2218 763 2272 in
808 2211 980 2270 A'lexii
1013 2210 1239 2282 patienti
1271 2207 1560 2263 clementia
1594 2214 1870 2273 receptum
1905 2200 2002 2255 has

2107 2207 2653 2279 πραγματευόμενος,
2685 2205 2790 2276 ἔφη
2816 2221 2830 2237 ο
2870 2206 3075 2272 Ἐλπίς
3105 2206 3243 2261 ἐστι’
3251 2222 3376 2275 μοι,
3400 2202 3692 2269 βασιλεῦ,

424 2316 651 2380 huisset,
689 2309 894 2382 pudore
922 2305 1153 2378 quodam
1174 2302 1351 2358 victus
1379 2312 1565 2353 amare
1597 2297 1740 2353 serio
1767 2304 2004 2363 cmperat

2107 2301 2260 2356 κατὰ
2281 2299 2397 2369 τὴν
2434 2299 2647 2368 αὔριον
2679 2300 2817 2366 τοὺς
2863 2301 3101 2364 Σκύθας
3155 2297 3479 2353 κυκλῶσαι
3513 2296 3697 2366 ἡμᾶς,

426 2408 679 2462 virtutem
718 2412 826 2457 tam
851 2401 1079 2456 licenter
1101 2401 1358 2464 spretam,
1384 2391 1568 2460 etiam
1586 2398 1825 2458 expertae
1851 2388 2007 2443 boni-

2108 2394 2207 2446 καί
2251 2392 2405 2445 οὕτω
2435 2393 2547 2445 τὸν
2577 2392 2711 2459 μεθ’
2740 2390 2911 2458 ἡμῶν
2971 2387 3345 2457 ἀναζητῆσαι
3397 2390 3692 2458 πόλεμον.

429 2500 556 2554 tatis
589 2496 814 2551 domino
846 2502 960 2547 toto
993 2501 1215 2560 pectore
1245 2485 1523 2547 studebat,
1552 2481 1794 2550 adeoque
1816 2496 1843 2535 a
1876 2494 2004 2533 vera

2105 2485 2229 2554 Χρὴ
2258 2487 2473 2540 τοίνυν
2507 2487 2923 2553 προλαϐόντας
2955 2484 3073 2547 ἔξω
3101 2480 3219 2535 τῶν
3245 2480 3460 2550 τειχῶν·
3497 2484 3692 2551 αὐγα-

426 2588 736 2659 imperatori
762 2582 1072 2640 consulendi
1094 2578 1500 2644 voluntateihmc
1517 2575 1658 2643 ejus,
1675 2587 1836 2641 quam
1854 2569 1918 2625 ad
1938 2570 2006 2624 il-
2039 2643 2050 2659 ‘

2069 2577 2330 2659 _(0t§0'nc
2417 2578 2646 2646 ἡμέρας
2711 2576 3189 2646 παρατάξασθαι.
3257 2564 3582 2636 Ἐπαινέσας
3637 2574 3693 2628 δὲ

425 2642 662 2747 luntrium
677 2678 884 2741 habuit,
900 2675 1344 2744 proﬁciscebatur
1362 2668 1567 2721 oratio:
1588 2665 1707 2719 Non
1722 2680 1859 2718 uana
1879 2663 2007 2716 milii
2039 2643 2049 2696 Ῐ

2063 2644 2299 2726 ’τοῦτον
2326 2670 2371 2704 σι
2395 2674 2423 2725 ὁ
2454 2671 2711 2741 βασιλεὺς
2748 2672 2843 2725 και
2890 2670 3299 2739 ἀποδεξάμενος
3335 2668 3437 2738 τῆς
3473 2667 3687 2738 βουλῆς.

430 2772 609 2843 opinio
651 2778 765 2834 est,
793 2768 1054 2836 Auguste,
1089 2761 1315 2831 Scythas
1359 2760 1414 2811 in
1439 2760 1615 2811 animo
1655 2755 1847 2808 habere
1890 2771 2008 2807 cras

2114 2765 2367 2819 συνέθετο
2398 2765 2553 2835 ἡλίου
2578 2765 2900 2833 ἀνίσχοντος
2938 2764 3119 2833 πέρας
3143 2761 3350 2830 ταύτην
3379 2759 3585 2814 λαϐεῖν.
3625 2759 3684 2812 ’0

428 2861 841 2920 εἰτοιιηιείιιασιτε
869 2875 960 2912 nos
995 2868 1040 2909 et
1068 2857 1142 2909 sic
1173 2854 1443 2907 nobiscum
1474 2850 1616 2904 omni
1641 2865 1704 2903 ea:
1725 2856 1877 2917 parte
1906 2848 2011 2901 οξτο

2109 2857 2166 2910 δὲ
2194 2857 2347 2911 ταῦτ’
2378 2857 2572 2923 είπὼν,
2602 2856 2855 2911 ἀπελθὼν
2877 2855 3105 2910 τοιαῦτα
3138 2852 3275 2921 πρὸς
3302 2853 3432 2914 τοὺς
3479 2850 3682 2921 ἡγεμό-

429 2953 715 3010 cuntuentis
743 2948 989 3021 prtelinm
1012 2959 1301 3011 capessere.
1333 2942 1478 3011 Opus
1507 2941 1671 3011 igitur
1699 2948 1775 2994 est
1797 2938 2010 3008 prodire

2110 2967 2208 3012 νας
2254 2950 2661 3019 άπεστομάτισε
2720 2948 2828 3003 τῶν
2880 2947 3140 3000 Σκυθῶν·
3215 2947 3314 3012 Μὴ
3368 2944 3694 3013 ἐπαίρεσθε

428 3062 521 3101 nos
544 3043 794 3099 moenibus
813 3039 1142 3094 illucescente
1163 3036 1269 3101 die,
1291 3045 1335 3089 et
1359 3034 1604 3087 aciemin
1624 3050 1808 3101 campo
1833 3042 2008 3086 struc-

2111 3043 2210 3099 διὰ
2231 3044 2336 3109 τὰς
2348 3042 2875 3113 προγεγενημένας
2900 3041 3080 3111 ἥττας
3102 3040 3210 3096 τοῦ
3224 3038 3693 3110 αὐτοκράτορος,

429 3152 537 3192 tam
558 3137 747 3206 offerre
771 3131 1031 3197 hostibus,
1053 3133 1118 3183 ad
1143 3128 1286 3182 istud
1312 3128 1660 3196 perniciosum
1689 3126 1836 3178 nobis
1869 3125 2008 3193 quod

2107 3136 2263 3208 μηδὲ
2293 3135 2654 3207 όλιγοστοὺς
2690 3134 2947 3203 ὁρῶντες
2988 3134 3150 3202 ἡμᾶς
3210 3132 3325 3201 τὴν
3364 3134 3495 3202 μεθ’
3530 3131 3697 3201 ἡμῶν

428 3231 544 3285 dixi
570 3227 846 3283 consilium
873 3224 1283 3293 prwvertendum
1317 3218 1844 3288 disturbandumque.
1868 3215 2011 3271 Lau-

2111 3227 2365 3296 ἀταθαῖς
2437 3229 2648 3282 ἐλπίσι
2689 3227 2959 3295 θαρρεῖτε
2980 3226 3212 3296 μάχην.
3256 3226 3524 3294 Ἀμαχος
3582 3222 3700 3290 τὴν·

428 3322 579 3379 davit
619 3320 794 3373 virum
846 3316 1161 3383 imperator,
1186 3312 1520 3382 probatoque
1565 3320 1728 3377 atque
1782 3317 2010 3377 accepto

2116 3321 2300 3388 ίσχύν
2326 3320 2499 3374 ἐστιν
2515 3323 2548 3375 ό
2565 3319 2796 3387 κρατῶν
2812 3321 2906 3373 καί
2925 3319 3084 3373 πολὺ
3098 3317 3534 3388 μισθοφορικὸν
3545 3317 3701 3370 ὅσον

429 3414 659 3472 consilio
705 3412 845 3482 ejus,
883 3410 1038 3465 scita
1087 3421 1148 3462 ut
1177 3404 1441 3460 suadebat
1493 3403 1753 3471 postridie
1799 3402 2011 3455 oriente

2113 3412 2230 3482 ἤδη
2264 3410 2563 3474 enarrem:
2593 3412 2972 3467 καταλαϐεῖν.
3031 3412 3139 3467 Καὶ
3170 3412 3221 3466 εί
3250 3411 3337 3480 μὴ
3399 3408 3518 3476 τὴν
3567 3408 3698 3477 μετ’

430 3509 546 3564 sole
566 3505 836 3561 facturum
864 3501 1093 3569 recepit.
1116 3498 1383 3555 Tatranes
1412 3497 1495 3550 his
1517 3496 1677 3550 dictis
1695 3492 2011 3563 auditisque

2113 3505 2305 3559 αὐτοῦ
2376 3505 2633 3574 ειρήνην
2690 3506 3042 3572 σπάσησθε,
3096 3503 3167 3557 τὰ
3216 3502 3464 3571 σώματα
3530 3498 3701 3570 ὑμῶν

433 3601 599 3652 duces
619 3595 945 3666 Scytharum
982 3591 1174 3643 adiens
1202 3588 1469 3669 allocutqs
1504 3586 1556 3641 in
1613 3587 1756 3640 hunc
1790 3584 2010 3638 modum

2112 3598 2312 3651 οἰωνοί
2341 3598 2601 3652 ἔδονται.
2632 3596 2870 3650 Τοιαῦτα
2907 3599 3006 3666 μὲν
3032 3595 3102 3649 τὰ
3133 3595 3230 3649 τοῦ
3260 3595 3519 3666 Ταρτάνη
3559 3593 3701 3664 πρὸς

434 3701 518 3746 est
547 3708 561 3744 :
598 3697 679 3742 Ne
709 3685 1006 3756 efferamini
1033 3693 1240 3753 prapter
1263 3680 1510 3736 victorias
1531 3696 1664 3749 quas
1695 3680 1758 3732 de
1785 3679 2014 3747 impera-

2114 3691 2240 3754 τοὺς
2269 3691 2506 3754 Σκύθας.
2553 3692 2611 3744 ὐ
2632 3691 2689 3744 δέ
2715 3707 2779 3759 γε
2814 3690 3180 3761 αὐτοκράτωρ
3216 3687 3523 3759 μελετήσας
3566 3686 3699 3748 τοὺς

438 3794 550 3838 ὀνο
579 3781 910 3848 Τιρυνίαδιίεν
940 3793 1104 3848 υσθυε
1135 3776 1273 3844 θυοά
1298 3791 1494 3837 ραυτοε
1525 3790 1617 3827 ’³08
1652 3788 1762 3825 εδει
1794 3772 2015 3826 Videam
2118 3782 2260 3836 κατὰ
2287 3782 2512 3835 πεδιάδα
2532 3785 2868 3853 νεμομένους
2891 3782 3096 3845 ἵππους
3121 3780 3305 3834 αὐτῶν
3329 3777 3700 3834 ἀναλαϐέσθαι

433 3887 706 3948 propterea
736 3887 964 3940 pugnant
998 3868 1273 3923 nobiscum
1304 3866 1443 3921 vobis
1478 3868 1547 3919 ad
1578 3866 1853 3918 victorian:
1890 3879 2015 3932 pro-

2118 3869 2286 3943 (ἦσαν
2310 3873 2368 3927 δὲ
2401 3873 2775 3945 παμπληθεῖς)
2816 3873 3157 3944 ληϊζομένων
3182 3871 3454 3942 ὁσημέραι
3483 3870 3582 3932 τὰς
3606 3869 3701 3923 νύ-

435 3983 702 4025 ccssuram
752 3975 892 4019 certa
922 3964 1119 4035 ﬁducia
1156 3961 1481 4031 prtrsnntite.
1521 3957 1650 4014 Cum
1699 3960 2015 4020 imperatore
2041 4008 2059 4065 (

2074 4011 2084 4059 ι
2120 3983 2258 4027 κτοις
2286 3965 2384 4036 τὴν
2419 3966 2707 4037 ήμεδαπὴν
2740 3966 2947 4037 χώραν,
2987 3965 3487 4036 μεταπεμψάμενος
3504 3963 3600 4018 τόν
3635 3979 3698 4017 τε

435 4060 618 4113 inuicti
658 4057 860 4111 roboris
922 4067 1078 4125 atque
1118 4053 1284 4107 animi
1323 4052 1466 4104 vobis
1513 4066 1594 4103 res
1625 4059 1727 4116 est;
1768 4064 1857 4101 nec
1889 4049 2059 4101 duci‘

2075 4049 2084 4059 ’
2119 4058 2298 4121 Οὑςᾶν
2320 4058 2521 4110 καὶτὸν
2541 4059 2893 4128 Μοναστρᾶν,
2913 4057 3193 4127 ἐπέσκηψε
3215 4057 3334 4126 μεθ’
3369 4057 3583 4111 ίππέων
3603 4057 3699 4108 ὲκ-

434 4150 583 4203 milcs
618 4148 806 4201 deerit.
851 4144 1052 4201 Scitote
1080 4144 1217 4197 enim
1262 4144 1493 4212 ingentes
1534 4141 1780 4193 conducti
1830 4141 2015 4194 militis

2118 4150 2323 4219 κρίτων
2358 4149 2418 4214 ἐξ
2443 4149 2713 4203 ὀπισθίων
2768 4151 2878 4203 τῶν
2912 4150 3137 4203 Σκυθῶν
3186 4150 3497 4212 διελθόντας
3556 4129 3701 4202 κατὰ

434 4244 613 4313 copias
645 4242 698 4295 in
725 4240 908 4294 itinere
938 4255 1073 4304 esse,
1105 4236 1250 4290 nobis
1271 4236 1570 4305 propediem
1588 4235 1917 4303 jungendas.
1946 4232 2012 4286 Id

2119 4245 2180 4295 τὸ
2211 4240 2561 4314 περίορθρον,
2614 4243 2713 4305 τὰς
2737 4242 2992 4305 πεδιάδας
3022 4240 3368 4308 καταλαὸεϊν,
3424 4241 3519 4294 καί⁹
3571 4240 3702 4304 τοὺς

433 4345 482 4390 et
513 4348 653 4390 certo
700 4334 799 4389 erit
834 4346 853 4385 :
885 4342 933 4385 et
969 4329 1130 4384 simul
1168 4329 1350 4397 fuerit,
1383 4344 1459 4381 ua:
1484 4328 1659 4392 vobis;
1707 4328 1811 4381 nisi
1867 4327 2017 4391 prius

2122 4336 2323 4399 ἵππους
2357 4336 2603 4398 ἅπαντας
2634 4335 2728 4388 καὶ
2755 4334 2826 4386 τὰ
2848 4332 2983 4388 ἄλλα
3015 4335 3189 4403 κτήνη
3217 4332 3314 4385 σὺν
3365 4332 3549 4395 αὐτοῖς
3615 4348 3705 4384 vo-

435 4444 563 4497 pace
609 4427 900 4488 composita
951 4425 1105 4478 rebus
1149 4421 1332 4474 vestris
1376 4419 1730 4489 provideritis,
1783 4420 2018 4489 profecto

2125 4424 2314 4495 μεῦσιν
2338 4424 2704 4479 ἀναλαϐέσθαι
2730 4422 2920 4494 καὶμὴ
2949 4423 3177 4476 δεδιέναι
3207 4421 3609 4491 παρεκελεύετο
3632 4420 3702 4476 ⁸⁸.

437 4528 611 4574 ucstra
642 4518 899 4570 cadauera
948 4513 1244 4568 vulturibus
1274 4510 1456 4579 epulas
1487 4510 1713 4565 dabunt.
1757 4510 1883 4564 Haec
1911 4508 2019 4564 Ta—

2134 4514 2332 4584 Ἦμῶν
2363 4515 2473 4584 γὰρ
2504 4516 2655 4569 κατὰ
2707 4515 3034 4582 πρόσωπον
3078 4513 3282 4579 αὐτοῖς
3319 4513 3699 4583 μαχομένων,

440 4621 626 4665 tranes
651 4611 718 4662 ad
750 4606 1001 4678 Scythas.
1028 4606 1096 4659 At
1130 4603 1425 4672 imperator
1450 4600 1806 4656 licentissime
1833 4601 2020 4670 palan-

2121 4606 2294 4675 ὑμεῖς
2309 4604 2535 4672 ῥᾳδίως
2557 4604 2624 4657 τὸ
2654 4602 2990 4658 κελευσθὲν
3022 4602 3465 4671 ὲκπληρώσετε.
3529 4602 3703 4656 005a-

440 4715 520 4757 tes
551 4711 661 4756 tota
696 4697 858 4769 214
893 4697 1088 4766 passim
1135 4693 1355 4762 planitie
1391 4691 1817 4747 innumerabiles
1849 4706 2019 4761 equos

2126 4698 2242 4767 μῶς
2275 4697 2329 4748 δὲ
2355 4696 2449 4749 τοῦ
2472 4697 2677 4751 σκοποῦ
2734 4696 3135 4766 διημάρτηκεν.
3183 4696 3242 4749 '0
3276 4696 3387 4766 γάρ
3416 4695 3572 4765 λόγος
3611 4695 3704 4765 ερ-

442 4791 790 4845 hatbarorutn
839 4789 928 4838 diu
960 4794 1232 4851 noctuque
1259 4782 1378 4836 sine
1400 4780 1708 4835 cessatione
1743 4776 1848 4831 ulla
1882 4792 2020 4846 pree-

2123 4804 2218 4854 γον
2247 4787 2408 4851 εὐθὺς
2439 4789 2703 4857 ἐγεγόνει.
2727 4787 2905 4851 Αὐτὸς
2938 4787 2995 4841 δὲ
3047 4789 3149 4860 τὴν
3199 4789 3318 4841 κατ’
3374 4786 3542 4841 αὐτοῦ
3594 4786 3705 4841 τῶν

438 4882 686 4941 dantiqu
718 4877 932 4945 abigere
966 4878 1248 4939 meditans,
1280 4874 1579 4928 accersitos
1615 4868 1780 4925 Uzam
1816 4879 1869 4924 et
1902 4868 2020 4923 Mo-

2124 4880 2350 4933 Σκυθῶν
2400 4879 2687 4932 ἐπέλευσιν
2759 4878 3125 4949 προσδόκιμον
3170 4878 3330 4949 ἔχων,
3380 4879 3481 4931 οὐκ
3532 4876 3704 4931 ἐδίδου

442 4984 680 5029 nostram
702 4971 863 5040 jussit
889 4985 1009 5022 cum
1031 4967 1185 5022 lectis
1209 4966 1487 5035 equitibus
1508 4978 1601 5033 per
1620 4972 1835 5017 noctem
1860 4974 2021 5030 capto

2126 4971 2297 5025 ὕπνον
2323 4974 2433 5034 τοῖς
2462 4971 2789 5041 ὀφθαλμοῖς,
2826 4970 2936 5025 οὐδ’
2980 4973 3358 5034 ὲπινυστάζων
3416 4971 3555 5033 ὅλως
3610 4964 3703 5041 ἦν.

444 5066 672 5121 circuitu
732 5062 962 5133 Scythas
1022 5075 1053 5114 a
1101 5067 1256 5127 tergo
1301 5057 1506 5111 adoriri
1553 5055 1656 5110 sub
1700 5055 2019 5116 diluculum,

2137 5065 2299 5118 Ἀλλὰ
2324 5064 2823 5135 μεταπεμπόμενος
2852 5063 2920 5117 δι’
2948 5062 3077 5133 ὅλης
3112 5065 3308 5127 νυκτὸς
3358 5062 3485 5125 τοὺς
3538 5078 3706 5129 στρα-

445 5156 806 5230 progrcdiqne
841 5154 893 5206 in
930 5152 1235 5220 planitiem,
1265 5150 1418 5217 rqnis
1446 5157 1501 5200 et
1525 5147 1786 5216 jumentis
1811 5161 1933 5215 quae
1970 5146 2021 5198 in

2123 5156 2347 5222 τιώτας,
2391 5156 2505 5229 καὶν
2539 5154 2740 5223 μᾶλλον
2798 5155 2927 5219 τοὺς
2983 5156 3083 5225 τῆς
3109 5154 3331 5219 τοξείας
3389 5154 3705 5224 εἰδήμονας,

446 5268 508 5304 «ιιι
568 5250 859 5318 pascebant
918 5242 1170 5298 erunibus
1224 5255 1330 5294 una
1381 5255 1502 5292 cum
1557 5238 1867 5307 pastoribus
1912 5252 2024 5309 prtc

2127 5248 2299 5302 πολλὰ
2325 5249 2455 5319 περὶ
2505 5247 2616 5300 τῶν
2679 5246 2904 5299 Σκυθῶν
2949 5247 3169 5318 ὡμίλει,
3230 5245 3547 5315 ὲπαλείφων
3592 5242 3710 5300 οἷον

446 5359 505 5399 se
533 5342 762 5396 abactis.
805 5336 918 5391 Nec
969 5336 1032 5388 de
1072 5349 1313 5389 successu
1352 5332 1748 5397 dubitaveritis,
1809 5331 2017 5395 aiebat,
2055 5361 2070 5415 1

2085 5369 2098 5412 ι
2134 5341 2353 5405 αὐτοὺς,
2375 5346 2470 5394 καὶ
2502 5342 2570 5395 τὰ
2602 5339 2927 5394 συνοίσαντα
2951 5340 3088 5411 πρὸς
3112 5341 3213 5411 τὴν
3238 5339 3606 5409 ἐλπιζομένην
3651 5338 3709 5398 ἐς

438 5436 592 5491 nobis
622 5436 757 5488 enim
783 5447 847 5485 ea:
871 5429 1087 5483 adverso
1116 5438 1358 5481 conserta
1375 5442 1552 5496 pugna
1580 5423 1804 5495 Scythas
1827 5443 1857 5477 a
1887 5424 2021 5491 [acie

2132 5435 2313 5489 νέωτα
2345 5434 2526 5503 μάχην
2562 5431 2975 5503 ξυμϐουλεύων,
3008 5434 3156 5496 ὅπως
3173 5432 3257 5485 δεῖ
3295 5431 3449 5498 τόξον
3488 5430 3706 5493 τείνειν,

446 5526 813 5583 distincntt’bus
837 5565 854 5593 ,
906 5538 1008 5577 non
1036 5520 1225 5592 poterit
1267 5536 1371 5573 non
1406 5528 1550 5572 tutus
1603 5533 1714 5571 esse
1739 5535 1801 5571 ac
1839 5517 2017 5584 facilis

2133 5526 2229 5581 καὶ
2260 5525 2390 5597 βέλη
2415 5528 2682 5596 πέμπειν,
2725 5525 2872 5579 ἔστιν
2898 5519 2961 5580 οὗ
2996 5525 3087 5577 καὶ
3124 5527 3252 5587 τοὺς
3319 5523 3524 5587 ἵππους
3576 5520 3709 5575 ἁνα-

1483 5658 1692 5722 Varire
1729 5658 2039 5723 lectiones
2072 5677 2151 5724 ex
2184 5661 2325 5725 cod.
2358 5659 2629 5724 Coislin.

519 5791 565 5821 “
597 5795 720 5847 τήν.
794 5795 840 5827 ⁸³
870 5792 1162 5864 τοσαύτης.
1239 5792 1287 5825 ⁸⁸
1315 5790 1498 5850 τοῦτο.
1557 5791 1625 5868 ,⁸⁸
1656 5789 2124 5861 παρεκελεύσατο.
