4112 6426
518 413 626 475 593
1750 412 2164 474 ALEXIADIS
2196 413 2343 473 LIB.
2371 414 2440 471 Vl
2462 417 2506 476 Ι.

3658 415 3761 477 βαι

505 524 809 594 σειράζειν,
870 523 967 576 καὶ
1023 518 1180 583 αὖθις
1225 522 1486 575 ἐνδιδόναι
1544 522 1633 573 τὸν
1687 521 1926 591 χαλινὸν,
1987 520 2076 572 καὶ

2185 522 2326 576 vobis
2360 522 2583 590 impetus
2618 525 2671 577 in
2707 525 2917 578 eosdem
2949 541 2979 577 a
3026 534 3167 594 (ergo
3212 524 3406 593 factus,
3448 524 3761 593 improvisus

502 612 822 665 ἀποϐαίνειν
864 612 974 664 τῶν
1034 612 1240 679 ἵππων,
1302 614 1348 664 εἰ
1403 615 1497 665 καὶ
1548 612 1707 665 τοῦτο
1737 611 1868 681 χρή.
1920 610 2084 663 Ἀλλὰ

502 704 679 757 ταῦτα
714 706 813 774 μέν
846 705 912 758 τά
942 706 1040 773 τῆς
1066 706 1258 768 νυκτὸς
1288 705 1444 776 ἔργα.
1476 706 1689 777 Μικρὸν
1720 706 1775 759 δὲ
1803 705 2083 771 ὑπνώσας,

505 798 625 849 ἐπεὶ
668 798 767 866 τῆς
799 797 1012 867 ἡμέρας
1059 798 1159 869 ἤδη
1222 798 1627 869 ἐπιφωσκώσης
1662 800 1707 830 ⁸⁸
1757 801 1804 852 οἱ
1863 798 2085 865 λογάδες

510 889 744 951 ἅπαντες
778 888 887 941 τῶν
946 888 1170 942 Σκυθῶν
1220 890 1712 958 διαπεραιωθέντες
1762 890 1855 943 τὸν
1913 906 2082 941 ποτα-

516 982 608 1049 μδν
637 983 702 1037 ⁸⁷.
742 1021 755 1036 .
797 1023 809 1036 .
846 984 937 1035 τὸν
973 985 1207 1054 πόλεμον
1232 984 1521 1052 ἀναζητεῖν
1554 983 1823 1053 ἐῴκεσαν,
1855 984 1949 1035 καὶ
1982 982 2082 1053 ἤδη

508 1072 679 1143 πέρας
730 1073 758 1125 ὁ
813 1073 909 1126 τοῦ
972 1075 1378 1145 αὐτοκράτορος
1439 1073 1711 1144 ἐλάμϐανε
1778 1073 2084 1143 στοχασμὸς

504 1166 701 1235 (δεινὸς
747 1168 856 1237 γὰρ
904 1163 971 1237 ἦν
1030 1168 1350 1239 προϊδέσθαι
1395 1168 1454 1221 τὸ
1519 1169 1732 1237 μέλλον,
1791 1167 2084 1237 ἐμπειρίαν

502 1258 706 1327 πολλὴν
746 1261 810 1327 τῇ
876 1266 1173 1328 πυκνότητι
1231 1261 1341 1312 τῶν
1401 1263 1670 1330 ὁσημέραι
1729 1262 1849 1313 κατ’
1915 1256 2081 1313 αὑτοῦ

502 1349 953 1418 ἐπανισταμένων
981 1351 1231 1419 πολέμων
1259 1350 1460 1411 λαϐὼν)
1496 1352 1691 1413 ἐπιϐὰς
1736 1354 2082 1421 παραχρῆμα

499 1440 597 1493 τοῦ
631 1442 944 1511 ἴππου,τὴν
1006 1443 1257 1496 ἐνυάλιον
1296 1444 1504 1516 ὴχῆσαι
1554 1442 1892 1511 προσέταττε
1957 1443 2085 1495 σάλ-

501 1551 697 1601 πιγγα,
729 1535 822 1587 καὶ
875 1535 974 1597 τὰς
1022 1536 1312 1604 φάλαγγας
1366 1538 1855 1605 καταστησάμενος
1918 1537 2083 1607 αὐτὸς

500 1626 594 1677 ἐπὶ
626 1626 717 1679 τοῦ
754 1626 1008 1695 μετώπου
1039 1628 1304 1697 εἱστήκει.
1346 1627 1521 1699 Ὀρῶν
1574 1627 1629 1679 δὲ
1690 1628 1815 1690 τοὺς
1870 1627 2081 1691 Σκύθας

504 1716 841 1786 ἰταμώτερον
883 1717 913 1786 ἦ
963 1718 1233 1787 πρότερον
1295 1718 1937 1787 ἐπικαταλαμόάνοντχς,
1984 1736 2080 1770 πα-

500 1809 762 1877 ραχρῆμα
793 1809 915 1870 τοὺς
946 1810 1047 1877 τῆς
1079 1809 1292 1872 τοξείας
1316 1810 1610 1877 εἱδήμονας
1649 1810 1925 1877 ἀποϐῆναι
1970 1810 2081 1861 τῶν

498 1902 685 1954 ἵππων
716 1902 809 1953 καὶ
848 1900 1018 1972 βάδην
1054 1904 1175 1954 κατ’
1201 1904 1384 1955 αὐτῶν
1417 1902 1561 1955 ἱέναι
1598 1903 1936 1970 ἐπέσκηψεν,
1983 1903 2078 1956 καὶ

501 1996 699 2062 συνεχῆ
723 1994 790 2046 τὰ
826 1994 954 2057 τόξα
979 1994 1209 2047 τείνειν·
1239 1996 1296 2047 τὸ
1320 1996 1375 2048 δέ
1407 2013 1469 2063 γε
1501 1994 1688 2047 λοιπὸν
1720 1994 2081 2062 παρατάξεως

497 2085 725 2137 κατόπιν
749 2083 951 2137 τούτων
978 2086 1087 2138 ῐ;το
1115 2087 1207 2138 καὶ
1243 2086 1403 2149 αὐτὸς
1428 2088 1455 2139 ὁ
1489 2086 1850 2156 αὐτοκράτωρ
1883 2086 1942 2138 τὸ
1980 2087 2082 2153 μέ-

498 2194 589 2228 σον
612 2177 814 2229 διέπων
841 2176 936 2230 τοῦ
975 2178 1411 2247 στρατεύματος.
1468 2180 1530 2230 Οἱ
1559 2178 1616 2229 δὲ
1666 2180 1779 2238 τοῖς
1837 2177 2079 2240 Σκύθαις

499 2269 640 2337 μετὰ
674 2267 879 2338 τόλμης
910 2268 1266 2337 προσέϐαλον.
1326 2270 1616 2338 Καρτερᾶς
1652 2268 1706 2321 δὲ
1740 2271 1834 2336 τῆς
1899 2270 2079 2338 μάχης

494 2364 807 2431 γεγονυίας,
841 2363 901 2415 τὸ
927 2363 1026 2431 μὲν
1056 2363 1155 2434 τὴν
1188 2364 1504 2434 πυκνότητα
1551 2364 1661 2416 τῶν
1701 2363 1897 2433 βελῶν,
1938 2364 1996 2416 τὸ
2022 2364 2078 2416 δὲ

495 2456 589 2508 καὶ
624 2456 715 2507 τδν
767 2454 861 2508 τοῦ
914 2454 1230 2524 Ῥωμαῖκοῦ
1252 2458 1635 2524 συντάγματος
1692 2457 2076 2524 συνασπισμὸν

493 2548 752 2619 ἐρῶντες,
791 2549 886 2601 καὶ
926 2549 1089 2603 αὐτὸν
1130 2548 1193 2619 δὴ
1255 2549 1347 2601 τὸν
1389 2549 1771 2618 αὐτοκράτορα
1815 2547 2076 2619 ἐκθύμως

497 2643 842 2713 μαχόμενον,
879 2643 1377 2713 ἐκδειματωθέντες
1442 2643 1882 2713 παλιμπόρευτοι
1918 2642 2075 2710 γεγὸ-

492 2755 615 2789 νασι
646 2737 737 2788 τδν
764 2737 1028 2806 ποταμὸν,
1076 2740 1154 2800 εἰς
1193 2737 1443 2790 τούπίσω
1504 2735 1830 2799 σπεύδοντες
1881 2736 2076 2789 διαπε-

493 2832 592 2900 ρᾷν
627 2829 763 2899 πρὸς
788 2830 885 2891 τὰς
920 2829 1067 2898 σφῶν
1100 2829 1436 2900 ἁρμαμάξας
1483 2828 1582 2896 τὴν
1643 2830 1822 2899 φυγὴν
1890 2828 2077 2881 ποιού-

492 2937 669 2987 μενοι.
716 2921 970 2974 Ἐδῖωκον
1014 2921 1121 2993 γάρ
1170 2922 1327 2983 ὅλους
1391 2920 1631 2993 ῥοτῆρας
1692 2922 1736 2952 (⁵⁸
1771 2921 2001 2990 ἀφέντες
2027 2921 2075 2972 οἱ

486 3014 584 3083 τῆς
665 3015 983 3085 Ῥωμαῖκῆς
1029 3016 1073 3048 ⁶⁹
1134 3014 1435 3083 φάλαγγος,
1492 3015 1542 3065 οἱ
1596 3014 1697 3085 μὲν
1729 3016 1841 3077 τοῖς
1888 3014 2075 3083 δόρασι

488 3106 636 3159 κατὰ
664 3107 775 3159 τῶν
804 3106 1162 3179 μεταφρὲνων
1190 3108 1469 3169 παίοντες,
1504 3107 1555 3158 οἱ
1610 3107 1668 3159 δὲ
1718 3109 1830 3170 τοῖς
1891 3106 2074 3176 βέλεσι

2189 616 2305 668 item
2338 626 2385 667 et
2422 619 2709 669 vehemens.
2754 616 2967 671 Dictum
2991 657 3005 681 ,
3054 616 3278 671 factum.
3311 617 3421 671 Nec
3486 619 3764 673 exsecutio

2189 723 2484 778 praecepto,
2516 727 2617 765 nec
2651 715 2865 781 incepto
2889 712 3194 766 destinatus
3223 712 3399 765 exitus
3432 711 3625 765 defuit.
3663 713 3768 765 Ev-

2190 804 2390 873 lemplo
2422 804 2696 874 Angustus
2728 806 2778 857 in
2826 814 3036 873 partem
3064 804 3246 872 operis
3271 805 3374 858 sibi
3425 805 3761 873 desumptam

2188 896 2428 949 intentus
2461 897 2523 948 ad
2561 896 2774 948 fortiter
2793 896 3143 963 excipiendos
3173 910 3312 965 quos
3340 895 3394 948 in
3428 910 3486 948 se
3518 903 3765 950 avertere

2188 1003 2306 1042 cras
2336 989 2560 1059 parabat
2583 988 2814 1059 Scythas
2840 1003 3021 1042 curam
3041 1004 3253 1041 onmem
3280 1004 3340 1042 ac
3359 990 3759 1042 contentionem

2186 1082 2370 1137 vertit.
2407 1083 2665 1138 Somnum
2716 1083 2803 1137 illa
2838 1093 2991 1137 nocte
3022 1099 3125 1135 non
3162 1083 3333 1146 vidit,
3385 1098 3447 1135 ac
3477 1098 3541 1135 ne
3567 1084 3761 1135 conni-

2188 1189 2311 1229 vere
2342 1175 2554 1244 qnidem
2597 1174 2906 1243 palpebram
2935 1190 3122 1242 passus
3154 1184 3272 1240 est,
3306 1182 3450 1228 totus
3495 1174 3548 1227 in
3580 1188 3767 1227 accer-

2187 1266 2370 1322 senilis
2396 1306 2410 1329 ,
2450 1266 2871 1329 confirmandis,
2918 1265 3435 1334 commouendisqne
3464 1265 3763 1327 militibus,

2178 1358 2571 1430 jacnlatoribus
2590 1361 2889 1428 praesertim
2916 1360 3111 1428 quibus
3132 1358 3480 1427 praecipiebat
3506 1358 3668 1409 multa
3697 1357 3764 1409 ad

2186 1467 2339 1503 nsum
2375 1466 2567 1520 pugna:
2601 1453 2852 1504 crastinas
2875 1492 2890 1518 ,
2922 1452 2986 1505 de
3017 1454 3176 1505 modo
3210 1464 3369 1518 quam
3404 1450 3640 1502 maxime
3665 1461 3767 1500 no-

2184 1542 2342 1595 cendi
2388 1542 2650 1605 barbaris,
2680 1542 2852 1610 deque
2888 1541 3088 1610 optima
3128 1542 3339 1594 ratione
3371 1541 3621 1594 tendendi
3681 1554 3769 1592 ar-

2184 1648 2280 1687 cus
2311 1634 2586 1704 jacnlique
2617 1632 2959 1687 collimeandi
2990 1648 3007 1687 :
3038 1650 3137 1687 nec
3160 1632 3380 1687 erudire
3409 1632 3572 1686 verbo
3602 1631 3668 1685 ad
3702 1644 3764 1685 ea

2186 1730 2471 1775 contentus
2531 1720 2691 1775 etiam
2755 1720 3087 1783 exercebat,
3148 1718 3524 1787 formabatqne
3578 1734 3762 1781 manu,

2185 1823 2493 1867 monstrans
2525 1814 2689 1866 etiam
2722 1814 2798 1867 uti
2832 1825 3176 1880 compescere
3212 1812 3484 1865 interdum
3519 1811 3765 1877 angustis

2186 1905 2413 1958 habenis
2439 1920 2500 1958 ac
2529 1905 2805 1958 reﬂectere
2836 1914 3111 1973 oporteret
3145 1918 3364 1973 equum,
3395 1913 3447 1955 ut
3478 1904 3767 1956 admittere

2186 2012 2372 2050 rursus
2418 1996 2613 2048 laxatis
2639 1994 2839 2058 frenis,
2868 2005 2924 2048 ut
2953 1996 3127 2064 perite
3158 1996 3515 2064 expediteque
3548 1995 3598 2047 in
3630 2004 3766 2047 tem-

2182 2104 2315 2159 pare
2356 2090 2594 2143 desilire.
2634 2088 2757 2143 Haec
2794 2089 2937 2141 illam
2977 2098 3187 2142 uectem
3222 2088 3567 2155 imperatoris
3601 2104 3764 2155 opera

2183 2180 2421 2245 fuerunt,
2470 2180 2572 2235 nisi
2619 2181 2758 2248 quod
2793 2179 2894 2233 sub
2948 2178 3187 2247 vigiliam
3220 2190 3517 2233 extremam
3553 2179 3763 2232 modica

2182 2275 2360 2342 quiete
2386 2284 2617 2341 sumpta,
2650 2273 2739 2327 die
2766 2273 3142 2327 illuseescente
3167 2274 3371 2325 audivit
3395 2286 3626 2339 moxque
3652 2272 3766 2337 ipse

2181 2368 2316 2420 vidit
2341 2368 2502 2420 duces
2526 2365 2850 2437 Scytharum
2877 2380 2997 2420 cum
3027 2365 3330 2432 instructis,
3364 2374 3419 2419 ut
3445 2365 3759 2434 apparebat,

2181 2460 2246 2513 ad
2278 2459 2524 2529 praelium
2556 2459 2729 2527 COpiis
2760 2458 2956 2513 vadere
2989 2458 3040 2511 in
3068 2458 3366 2522 Romanos,
3395 2458 3616 2528 jamque
3651 2468 3762 2512 tra-

2174 2554 2375 2624 jecisse
2402 2551 2643 2605 ﬂstvium.
2680 2551 2771 2606 Sic
2798 2550 2941 2620 quod
2976 2551 3272 2619 imperator
3300 2550 3427 2605 υκαι
3451 2551 3765 2604 Monastrar-

2180 2661 2286 2716 que
2309 2644 2547 2698 futurum
2589 2642 2914 2711 praedixerat
2942 2642 3147 2695 evenit.
3192 2641 3255 2694 Et
3286 2657 3482 2696 novum
3510 2641 3560 2694 id
3594 2657 3757 2695 unum

2180 2736 2246 2790 de
2272 2734 2522 2802 plurimis
2552 2733 2983 2802 experimentum
3021 2731 3121 2784 fuit
3153 2732 3369 2786 eximiae
3394 2733 3599 2801 peritim
3632 2748 3762 2787 con-

2180 2827 2421 2895 iectandi
2463 2833 2719 2890 certoque
2761 2822 3152 2890 pronuntiandi
3179 2824 3243 2876 de
3288 2823 3483 2876 futuris
3514 2821 3637 2877 belli
3670 2839 3761 2877 ca-

2180 2921 2331 2975 s’bus
2355 2956 2370 2981 ,
2403 2931 2508 2985 qua
2547 2930 2762 2982 semper
2794 2914 3011 2968 Alexins
3042 2913 3295 2967 cxcelluit
3316 2955 3329 2973 .
3366 2929 3487 2968 eum
3521 2914 3755 2968 fructum

2181 3030 2248 3068 ex
2296 3025 2493 3081 magno
2528 3025 2625 3063 usu
2682 3010 2946 3077 longaque
2997 3017 3051 3063 et
3100 3008 3368 3062 laboriosa
3423 3009 3759 3076 experientia

2184 3120 2362 3159 rerum
2402 3102 2607 3156 militia:
2641 3100 2996 3153 toleratarum
3015 3108 3428 3168 gestarumque,
3464 3098 3608 3153 inter
3629 3098 3762 3155 alios

486 3196 718 3261 τούτους
759 3198 1071 3268 βάλλοντες.
1103 3198 1300 3253 Πολλοὶ
1333 3200 1432 3268 μὲν
1465 3198 1557 3251 οὖν
1590 3199 1699 3270 πρὸ
1764 3199 1862 3252 τοῦ
1918 3199 2072 3270 παρὰ

2182 3197 2432 3266 adeptus,
2494 3193 2795 3261 reputando
2852 3191 3104 3245 videlicet
3155 3191 3661 3260 compar-nudoque,
3710 3200 3765 3244 et

486 3289 549 3341 τὶ
580 3291 754 3359 χεῖλος
786 3291 1087 3357 ἐφθακέναι
1116 3291 1210 3344 τοῦ
1241 3292 1491 3359 ποταμοῦ
1544 3290 1931 3361 ἀναιρεθέντες
1976 3293 2066 3343 πί-

491 3397 703 3447 πτουσι,
738 3383 925 3435 πολλοὶ
981 3383 1036 3436 δέ
1070 3386 1163 3436 καὶ
1203 3383 1308 3436 ἀνὰ
1348 3384 1552 3453 κράτος
1607 3385 1903 3451 φεύγοντες
1949 3388 2069 3448 ταῖς

501 3470 664 3534 eam;
718 3476 1093 3541 ἐμπίπτοντες
1139 3475 1234 3527 τοῦ
1294 3475 1550 3544 ποταμοῦ
1623 3477 2070 3545 παρασυρόμενοι

1001 3569 1400 3638 Ἑκθυμότερον
1426 3569 1481 3621 δὲ
1512 3567 1769 3621 ἁπάντων
1801 3569 1942 3621 κατὰ
1971 3569 2070 3638 τὴν

498 3655 702 3725 ἡμέραν
748 3659 964 3730 ἐκείνην
1023 3661 1074 3712 οἱ
1129 3660 1254 3728 περὶ
1307 3660 1397 3712 τὸν
1455 3660 1833 3730 αὐτοκράτορα
1883 3658 2072 3711 διαπο-

490 3748 740 3818 νούμενοι
766 3752 1102 3822 θεράποντες
1139 3752 1498 3821 ἠγωνίσαντο.
1537 3747 1718 3805 Ἦσαν
1748 3751 1857 3820 γὰρ
1888 3751 2072 3820 ἀκμῆ-

483 3859 579 3906 τες
611 3844 872 3907 ἅπαντες.
893 3848 948 3899 Ὀ
976 3847 1031 3898 δέ
1061 3864 1123 3911 γε
1159 3847 1519 3915 αὐτοκράτωρ
1553 3845 1778 3915 ἔκδηλος
1812 3844 2071 3910 ἀριστεὺς

481 3935 626 3986 κατά
679 3937 909 4005 ταυτηνὶ
978 3938 1076 4008 τὴν
1132 3937 1349 4006 ἡμέραν
1404 3936 1771 4001 ἀναδειχθεὶς,
1834 3935 2066 4006 νικητὴς

479 4027 617 4094 πρὸς
650 4027 749 4096 τὴν
776 4028 911 4079 ἰδίαν
934 4029 1285 4100 παρεμϐολὴν
1314 4028 1674 4098 ὑπέστρεψεν.

508 3564 855 3634 ἀπεπνίγοντο
884 3568 947 3623 ⁷ο.

2171 3289 2488 3344 memoriam
2521 3283 3161 3352 animadversionemqne
3208 3281 3424 3337 cunctis
3469 3284 3756 3337 eventibus

2173 3378 2500 3433 adhibendo.
2540 3376 2689 3431 Tunc
2721 3392 2851 3445 ergo
2878 3377 3060 3431 statim
3087 3391 3230 3446 equo
3257 3390 3557 3430 conscenso
3600 3375 3760 3429 simul

2175 3472 2473 3543 phalanges
2511 3470 2745 3534 ordinat,
2787 3468 3012 3535 acieque
3046 3468 3316 3532 descripta
3356 3467 3472 3534 ipse
3507 3467 3559 3519 in
3587 3468 3763 3520 fronte

2182 3565 2357 3617 locum
2391 3563 2577 3617 sumit.
2614 3562 2743 3615 lude
2773 3560 3216 3614 animadvertens
3244 3559 3478 3612 ferocius
3511 3558 3754 3612 concita-

2179 3661 2396 3724 tiusque
2427 3655 2589 3711 solito
2650 3653 2835 3708 venire
2887 3651 3512 3722 Scythas,jacnlatores
3562 3651 3759 3728 raptim

2178 3751 2514 3806 exsccndere
2536 3763 2599 3803 ex
2637 3746 2983 3817 equisjnbet,
3025 3745 3210 3813 sicque
3241 3742 3533 3813 procedere
3567 3743 3761 3795 adver-

2181 3860 2272 3899 sos
2315 3841 2589 3907 barbaris,
2643 3850 2858 3895 maturo
2890 3839 3082 3906 gradu,
3117 3852 3386 3906 nusquam
3423 3836 3647 3889 remissa
3676 3834 3760 3902 ja-

2183 3937 2489 4000 culatione;
2540 3942 2661 4002 post
2695 3948 2790 3987 eos
2822 3933 3134 3991 universum
3173 3930 3288 3999 ipse
3320 3928 3529 3982 medius
3566 3942 3756 3996 agmen

2184 4027 2432 4079 animans
2460 4024 2666 4078 ductal.
2694 4022 2960 4075 Audacter
2980 4021 3241 4082 imperata
3266 4018 3471 4071 faciunt
3496 4015 3759 4085 prtemissi

478 4124 675 4179 velites
706 4134 758 4177 et
792 4124 906 4179 acri
934 4127 1140 4178 ciiiilius
1166 4126 1455 4179 C0mmisso
1486 4129 1787 4179 certamine
1823 4122 2127 4177 incredibili
2152 4122 2362 4192 ingesta
2385 4118 2728 4174 multitudine
2795 4117 3025 4171 telorum
3094 4115 3343 4169 hostilem
3400 4114 3541 4168 haud
3600 4113 3761 4166 dubie

478 4220 765 4274 retardant
805 4220 1089 4291 impetum.
1127 4220 1306 4275 Semel
1340 4223 1622 4275 concussis
1663 4232 1967 4277 extremum
2000 4227 2065 4275 ad
2107 4228 2374 4274 terrorem
2428 4217 2677 4286 fuga‘que
2762 4214 3052 4269 consilium
3103 4220 3437 4267 momentum
3526 4210 3760 4264 accessit

479 4302 833 4365 formidoiosa
889 4314 1097 4382 species
1158 4315 1419 4368 Romanae
1501 4315 1659 4379 aciei,
1719 4325 2093 4385 consertaeque
2135 4328 2305 4368 nexus
2358 4311 2643 4381 phalangis
2677 4326 2691 4362 :
2729 4323 2891 4377 super
2919 4308 3101 4361 omnia
3150 4306 3317 4359 facies
3344 4306 3463 4373 ipsa
3489 4303 3760 4370 minaeque

476 4401 743 4467 spirantis
781 4418 1043 4471 martem,
1077 4410 1393 4479 ruentisque
1425 4409 1476 4462 in
1506 4410 1805 4479 perniciem
1846 4410 2088 4478 ipsorum
2131 4424 2236 4463 non
2290 4408 2507 4461 dubiam
2564 4403 2926 4474 imperatoris.
2962 4400 3124 4470 215
3176 4400 3316 4471 Ergo
3383 4399 3550 4467 tergis
3618 4399 3758 4452 haud

476 4492 887 4550 dissimulanter
917 4503 1087 4552 versis
1118 4499 1335 4554 ﬂuvium
1373 4502 1600 4571 impigre
1624 4510 1913 4571 repetunt,
1949 4503 2258 4571 iterumque
2300 4500 2607 4568 trajiciunt,
2673 4498 2737 4550 ad
2801 4510 2897 4548 sua
2975 4496 3227 4563 plaustra»
3268 4502 3559 4559 castraque
3631 4506 3757 4559 pro-

477 4594 754 4652 perantcs.
818 4586 989 4643 Instat
1043 4589 1324 4661 fugacibus
1380 4602 1492 4647 t0to
1545 4593 1744 4661 impetu
1790 4593 2031 4647 Renaua
2077 4593 2311 4663 phalanx
2376 4601 2429 4645 et
2483 4590 2679 4661 partim
2751 4588 2924 4641 hastis
2977 4585 3222 4639 cominus
3271 4583 3518 4639 fodiendo
3590 4594 3755 4655 terga.

476 4678 681 4746 partim
738 4680 953 4734 elniuus
1018 4686 1231 4754 sagittis
1288 4684 1520 4756 figendo,
1594 4688 1792 4742 multos
1843 4699 2134 4757 antequam
2181 4689 2246 4741 ad
2301 4701 2514 4739 amnem
2570 4683 2944 4751 pervenissent
2993 4691 3285 4735 sternunt:
3334 4678 3482 4733 multi
3531 4676 3759 4730 ulterius

477 4770 604 4840 fuga
636 4775 807 4827 evecti
844 4776 1140 4832 verticibus
1172 4776 1409 4832 ﬂuminis
1445 4781 1624 4834 hausti
1670 4782 2058 4850 praefocatiquc
2101 4781 2335 4848 periere.
2388 4778 2837 4831 Animadversum
2881 4781 2964 4828 est
3028 4773 3346 4827 inclaruisse
3413 4770 3756 4838 potissimum

475 4868 639 4921 factis
662 4868 894 4923 fortibus
957 4886 1023 4926 eo
1090 4872 1177 4928 die
1248 4876 1502 4929 virtutem
1571 4876 1993 4932 domesticorum
2029 4876 2353 4930 famulorum
2384 4873 2753 4943 imperatoris,
2805 4886 2944 4941 quos
2976 4871 3041 4924 ad
3094 4868 3465 4939 quotidianum
3509 4867 3761 4926 ministe-

475 4963 618 5016 rium
644 4964 935 5018 adhibebat
959 4966 1201 5034 intimos,
1234 4970 1403 5026 lectos
1434 4988 1644 5039 omnes,
1680 4975 1917 5042 etgplcno
1950 4974 2046 5026 aevi
2079 4973 2274 5026 robore
2295 4971 2542 5041 juvenes.
2572 4970 2692 5039 lpse
2734 4969 3006 5037 Angustus
3065 4968 3281 5021 heroica
3343 4966 3542 5021 virtute
3597 4976 3759 5035 atque

474 5058 708 5112 consilio
754 5059 1201 5127 Splendidissimae
1237 5064 1473 5121 victoriae
1524 5083 1745 5135 compos
1793 5068 1890 5122 ista
1938 5067 2053 5121 luce
2094 5065 2268 5120 factus
2302 5067 2351 5119 iu
2383 5073 2564 5119 castra
2594 5080 2651 5118 se
2692 5064 2897 5133 recepit
2928 5077 3049 5118 sua.

546 5158 670 5210 Ἐπὶ
700 5159 846 5227 τρισὶ
877 5158 1005 5225 γοῦν
1035 5161 1269 5229 ἡμέραις
1291 5163 1453 5214 αὑτοῦ
1478 5181 1579 5216 που
1628 5165 2070 5232 διαναπαυσάμε-

2248 5163 2436 5217 Trium
2487 5164 2558 5215 ibi
2616 5162 2827 5216 dierum
2881 5162 3063 5229 quiete
3115 5169 3294 5229 capta,
3350 5160 3642 5214 Tznrulum
3702 5177 3759 5213 se

477 5265 567 5309 νος
605 5248 815 5299 ἐκεῖθεν
861 5247 1078 5319 ἀπάρας
1108 5252 1516 5320 καταλαμϐάνει
1562 5253 1659 5323 τὴν
1707 5252 2066 5323 Τξουρουλόν.

479 5340 771 5407 Σκοπήσας
796 5338 852 5391 δέ
894 5340 968 5402 ὡς
995 5339 1101 5411 χρὴ
1137 5341 1209 5410 μὴ
1241 5342 1448 5412 ταχέως
1476 5345 1680 5397 ἐκεῖθεν
1713 5347 2069 5415 μεταστῆναι,

476 5431 690 5499 τάφρον
738 5432 1064 5500 ἀποχρῶσαν
1112 5433 1246 5502 πρὸς
1293 5434 1354 5486 τὸ
1396 5435 1857 5506 ἀνατολικώτερον
1904 5438 2068 5507 μέρος

476 5519 574 5569 τοῦ
609 5518 882 5587 πολιχνίου
929 5521 1044 5581 ταῖς
1088 5520 1416 5589 προσούσαις
1457 5524 1606 5593 αὐτῷ
1650 5526 1910 5595 δυνάμεσι
1961 5527 2068 5579 διο-

485 5608 689 5676 ρύξας,
741 5611 840 5680 τήν
886 5628 947 5664 τε
999 5611 1283 5682 βασιλικὴν
1343 5615 1547 5685 σκηνὴν
1582 5617 1675 5670 καὶ
1723 5619 1820 5680 τὰς
1872 5618 2071 5681 σκευὰς

2182 5254 2458 5307 transtulit
2501 5271 2515 5306 :
2543 5253 2686 5307 unde
2711 5268 2815 5306 non
2842 5254 2952 5307 cito
2982 5253 3083 5306 sibi
3123 5255 3465 5322 migrandum
3501 5269 3621 5306 cum
3644 5265 3760 5307 sta-

2180 5346 2393 5409 tuisset,
2427 5354 2604 5399 castra
2632 5345 2769 5406 suis,
2802 5359 2923 5412 qua:
2960 5352 3073 5397 tum
3110 5354 3285 5409 erant,
3314 5345 3565 5398 omnibus
3590 5346 3760 5413 copiis

2177 5434 2311 5490 satis
2334 5434 2509 5504 ampla
2542 5435 2818 5504 capiendis
2850 5434 2915 5488 ad
2953 5436 3274 5490 orientalem
3306 5437 3485 5505 oppidi
3525 5448 3758 5492 metatus

2177 5537 2407 5595 partem,
2436 5525 2576 5580 vallo
2622 5542 2683 5579 ea
2736 5528 2993 5594 fossaque
3030 5528 3294 5591 munivit,
3325 5530 3503 5595 quoad
3541 5530 3758 5583 abunde

2177 5626 2290 5671 tuta
2314 5618 2564 5684 credidit,
2592 5628 2647 5671 ut
2674 5618 2759 5684 iis,
2780 5616 2924 5687 quod
2956 5634 3076 5672 mox
3101 5618 3251 5685 fecit,
3271 5619 3564 5691 Augustale
3581 5636 3759 5718 suum,

1528 5729 1733 5790 Variae
1764 5729 2071 5792 lectiones
2114 5747 2191 5793 ex
2223 5733 2364 5795 cod.
2399 5731 2676 5794 Coislin.

561 5846 607 5877 “
648 5847 1088 5921 ἐπιφωσκούσης.
1166 5854 1208 5887 ⁸⁷
1242 5858 1488 5925 ποταμὸν
1541 5858 1633 5911 τὸν
1683 5858 1937 5925 πόλεμον.
2020 5861 2062 5892 ⁸⁸
2099 5858 2361 5928 ῥυτῆρας.
2441 5860 2485 5933 ⁶Ρ
2525 5859 2842 5929 Ῥωμαίων.
2919 5862 2965 5893 ⁷ο
3024 5862 3474 5933 ἐναπεπνίγοντο.
