4112 6448
487 396 597 461 597

1727 390 2142 453 ALEXIADIS
2172 392 2321 453 LIB.
2347 392 2481 454 VII.

3660 389 3765 453 598

484 501 719 572 τροχοὺς
757 502 894 572 μετὰ
931 502 1040 557 τῶν
1090 501 1296 570 ἀξόνων
1350 498 1561 554 ἄνωθεν
1608 498 1757 552 κάτω
1803 515 2078 567 κατακρη-

2191 517 2279 557 ros
2307 516 2507 570 pronos
2543 502 2597 557 in
2651 502 2908 572 impetum
2942 510 3133 560 contra
3167 517 3226 558 se
3255 502 3445 559 ruendi
3478 515 3766 559 cernerent

487 593 803 664 μνίξεσθαι.
853 594 1103 663 Ἐγένετο
1142 594 1315 649 ταῦτα
1363 591 1506 647 κατὰ
1548 590 1609 644 τδ
1666 590 1761 644 τοῦ
1820 591 2086 661 βασιλέως

488 686 888 755 παράγγελμα.
934 688 1045 741 Kal
1094 686 1283 756 ἀθρόοι
1368 685 1469 753 μὲν
1518 682 1896 751 ἐπαράξαντες
1945 676 2087 752 ἦσαν

486 777 540 830 οἱ
570 776 777 831 Σκύθαι
810 779 908 832 σὺν
948 778 1253 848 ἀλαλαγμῷ
1308 776 1628 848 βαρϐαρικῷ
1658 776 1887 829 ἱππόται
1945 773 2087 825 κατὰ

492 870 593 939 τῆς
637 871 934 941 ἡμεδαπῆς
984 870 1369 940 παρατάξεως,
1422 871 1559 941 πεζῇ
1604 871 1698 922 καὶ
1754 869 1923 939 βάδην
1960 868 2082 919 κατ’

500 960 672 1014 αὐτῶν
707 962 939 1029 ἱεμένων
971 961 1213 1025 πάντων,
1272 961 1433 1031 μόνου
1464 961 1518 1014 δὲ
1551 961 1646 1014 τοῦ
1678 961 2086 1031 αὐτοκράτορος

499 1050 691 1119 ἑπόχου
744 1051 1133 1118 συγκατιόντος
1176 1052 1383 1114 αὐτοῖς.
1441 1052 1502 1103 Οἱ
1560 1051 1616 1103 δὲ
1660 1049 1801 1104 κατὰ
1852 1049 1949 1118 τὴν
1989 1048 2083 1101 τοῦ

491 1144 900 1213 αὐτοκράτορος
921 1144 1119 1213 τέχνην
1149 1142 1327 1211 ὀλίγον
1358 1142 1484 1209 γόνυ
1517 1139 1706 1209 γουνὸς
1755 1140 2085 1209 ἀμείψαντες

490 1235 590 1289 καὶ
639 1229 751 1287 οἷον
783 1234 1212 1297 άναποδίσαντες
1255 1233 1640 1303 διεσχίσθησαν
1680 1232 1775 1284 ἀπ’
1814 1232 2082 1300 ἀλλήλων,

489 1327 573 1388 ὡς
606 1326 710 1379 οὐκ
738 1324 804 1379 άν
838 1342 925 1388 τις
981 1325 1230 1396 ἤλπισεν,
1266 1325 1455 1395 ῶσπερ
1505 1324 1677 1394 θύραν
1701 1325 1811 1386 τοῖς
1866 1322 2087 1392 Βαρϐά-

492 1435 614 1488 ροις
674 1417 1023 1487 πλατυτάτην
1087 1421 1170 1480 είς
1217 1417 1315 1488 τὴν
1390 1418 1593 1470 εἴσοδον
1640 1415 1977 1486 άνεῲξαντες
2012 1415 2083 1470 θ’.

492 1511 605 1564 Καὶ
646 1510 765 1581 ἅμα
807 1513 858 1565 οἱ
909 1513 1009 1581 μὲν
1045 1511 1251 1566 Σκύθαι
1299 1511 1430 1563 εἴσω
1472 1508 1567 1562 τοῦ
1611 1508 1657 1541 ⁸⁸
1710 1509 1933 1577 στομίου
1985 1506 2085 1576 τῆς

492 1600 841 1670 ἑκατέρωθεν
875 1602 1158 1669 φάλαγγος
1204 1599 1250 1631 ⁸⁸
1280 1599 1650 1668 ἐγεγόνεισαν,
1685 1598 1735 1651 οἱ
1782 1597 1840 1650 δὲ
1894 1595 2083 1667 τροχοὶ⁴

496 1692 640 1761 μετά
674 1710 817 1754 τινος
862 1692 1045 1763 ῥοίζου
1089 1693 1184 1745 καὶ
1235 1692 1551 1760 καταφορᾶς
1590 1690 1905 1760 ἐνεχθέντες
1942 1688 2083 1759 ὑπὲρ

495 1786 701 1853 πῆχυν,
738 1785 845 1837 ἀπὸ
892 1784 986 1836 τοῦ
1018 1783 1231 1853 τείχους
1281 1783 1516 1846 ἕκαστος
1568 1781 1930 1850 ὲιραλλόμενοι
1982 1779 2027 1812 ⁸⁸
2066 1820 2080 1845 ,

494 1874 595 1929 ἅτε
648 1875 756 1929 τῶν
783 1877 1132 1947 κυρτοτήτων
1188 1876 1425 1928 ἑκάστου
1471 1873 1669 1945 τροχοῦ
1716 1873 1766 1905 ⁸⁸
1807 1875 2083 1941 ἀποκρου-

496 1967 729 2020 σθεισῶν
761 1969 827 2021 ὲκ
874 1967 970 2021 τοῦ
1019 1967 1255 2037 τείχους,
1298 1967 1391 2020 καὶ
1442 1963 1555 2019 οἷον
1590 1962 2082 2034 ἁποσφενδονηθει-

494 2061 643 2126 σῶν,
700 2062 779 2123 είς
840 2062 1038 2131 μέσους
1098 2060 1226 2123 τοὺς
1283 2059 1517 2124 ἱππότας
1589 2057 1699 2110 τῶν
1779 2056 2080 2127 Βαρϐάρων

492 2152 958 2223 έξεκυλίσθησαν,
1020 2151 1201 2223 ῥύμην
1253 2150 1511 2213 λαϐόντες
1578 2148 1949 2218 σφοδροτέραν
2011 2147 2078 2211 ⁸⁷,

490 2248 556 2299 eo
597 2248 696 2315 μὲν
726 2247 820 2299 καὶ
864 2244 973 2298 ἀπὸ
999 2248 1098 2314 τῆς
1145 2243 1347 2313 ἁθρόας
1397 2242 1713 2311 καταφορᾶς
1759 2240 1834 2311 τῷ
1867 2239 2081 2309 φυσικῷ

491 2340 807 2406 πειθόμενοι
867 2338 1022 2408 βάζει
1077 2336 1145 2401 ⁸⁸,
1211 2337 1271 2388 τὸ
1318 2335 1376 2389 δὲ
1437 2334 1532 2388 καὶ
1588 2334 1760 2404 ῥοπὴν
1822 2332 2079 2395 λαϐόντες

488 2431 797 2485 ἀκάθεκτον
825 2431 932 2483 άπὸ
955 2430 1046 2484 τοῦ
1081 2431 1380 2493 κατάντους
1408 2427 1501 2480 τοῦ
1527 2426 1712 2484 ,τόπου
1754 2426 1799 2458 ⁸⁸
1835 2424 2080 2494 σφοδρῶς

488 2542 552 2577 τε
609 2525 722 2586 τοῖς
777 2522 1085 2593 Βαρϐάροις
1131 2522 1421 2573 ἐνέπιπτον
1466 2519 1548 2582 ⁹⁰,
1599 2517 1694 2571 καὶ
1744 2516 2079 2587 πανταχόθεν

490 2615 695 2679 αὐτοὺς
750 2615 1096 2688 περιὲθλιϐον
1149 2614 1217 2667 τά
1269 2613 1436 2682 σκέλη
1484 2612 1594 2664 τῶν
1652 2611 1835 2664 ἵππων
1890 2608 2079 2680 ῶσπερ

489 2708 805 2777 θερίζοντες
870 2708 962 2761 καὶ
995 2705 1281 2775 ἀμφότερα
1328 2702 1669 2772 ἑκατέρωθεν
1718 2702 1826 2755 ἀπό
1863 2718 1920 2754 τε
1969 2700 2079 2753 τῶν

489 2801 851 2870 ἐμπροσθίων
914 2800 1007 2852 καὶ
1074 2798 1336 2850 ὀπισθίων
1401 2795 1582 2866 μερῶν
1639 2795 2075 2866 διατεμνόμενοι,

487 2892 722 2944 ὀκλάσαι
771 2890 899 2951 τοὺς
935 2889 1135 2953 ἵππους
1178 2887 1321 2957 ὲφ’ἃ
1374 2888 1516 2957 μέρη
1564 2886 1664 2958 τὴν
1725 2887 1939 2957 πληγὴν
1993 2888 2080 2940 άν-

488 2983 744 3051 εδέξαντο
770 2984 815 3014 ⁹¹
844 2983 1301 3051 κατηνάγκασαν,
1338 2981 1433 3034 καὶ
1483 2980 1611 3044 τοὺς
1661 2981 1893 3044 ἱππότας
1942 2996 2077 3051 συγ-

485 3074 843 3136 καταϐαλεῖν,
873 3066 948 3126 ὧν
979 3075 1066 3126 ἐπ’
1092 3072 1340 3141 ἀλλήλων
1367 3075 1460 3125 καὶ
1490 3074 1701 3143 συχνῶν
1746 3073 2073 3134 πιπτόντων,

2183 591 2409 660 jamque
2460 593 2526 646 ad
2556 593 2804 647 cominus
2855 593 3219 647 accedendum
3260 594 3538 647 exhortari
3594 607 3767 664 equos

2190 684 2474 745 audirent,
2512 692 2657 754 terga
2690 698 2754 738 ex
2782 686 3083 754 composito
3124 693 3434 752 verterent;
3468 686 3548 740 sic
3580 695 3763 740 tamen

2190 773 2430 829 furosam
2478 777 2656 844 fugam
2691 778 3121 838 moderarentur.
3156 786 3212 831 ut
3244 777 3294 831 iu
3326 778 3485 832 aliam
3515 780 3604 832 alii
3640 794 3767 848 par.

2190 874 2294 917 tem
2342 881 2370 918 a
2432 881 2489 919 se
2544 866 2771 920 invicem
2806 866 3171 933 discedentes,
3221 869 3427 922 hiatum
3481 870 3534 922 in
3588 870 3765 924 medio

2190 967 2461 1027 patentem
2520 960 2673 1026 quasi
2722 960 3006 1029 phalangis
3055 970 3322 1031 perruptae
3370 961 3762 1030 relinquerent,

2188 1065 2284 1115 per
2317 1066 2475 1120 quem
2505 1059 2855 1120 penetrantes
2880 1053 3062 1106 hostes
3093 1052 3444 1106 admoverent
3463 1068 3520 1107 se
3550 1052 3767 1121 propius

2190 1142 2356 1195 muris
2390 1141 2593 1209 oppidi.
2630 1141 2696 1195 Et
2747 1153 3090 1212 erantsupra
3128 1159 3337 1196 murum
3379 1142 3626 1213 dispositi
3673 1144 3762 1212 qui

2191 1232 2241 1284 iu
2274 1234 2324 1285 id
2348 1248 2510 1286 unum
2537 1234 2882 1304 invigilarent
2920 1251 2933 1287 ε
2961 1235 3275 1304 quibusque
3300 1236 3610 1288 mandatum
3646 1244 3762 1289 erat

2189 1333 2244 1376 ut
2283 1322 2370 1377 ubi
2404 1326 2630 1379 scissam
2674 1326 2726 1378 in
2766 1334 2947 1395 partes
2978 1327 3108 1380 duas
3142 1325 3436 1380 Romanam
3479 1327 3649 1381 aciem
3681 1326 3763 1380 in-

2185 1431 2509 1486 gressusque
2570 1432 2665 1487 per
2692 1432 2810 1472 eam
2863 1418 3157 1472 scissuram
3210 1429 3491 1488 provectos
3523 1420 3589 1474 ad
3622 1420 3761 1474 muri

2189 1509 2439 1561 viciniam
2469 1510 2703 1581 Scythas
2729 1521 3039 1575 cernerent,
3073 1512 3263 1581 gladiis
3302 1524 3522 1583 repente
3556 1514 3763 1568 strictis

2189 1600 2342 1653 funes
2375 1600 2571 1668 quibus
2603 1610 2734 1655 rotas
2766 1602 3136 1672 religabantur
3180 1618 3210 1658 e
3239 1604 3417 1673 pinnis
3452 1613 3766 1674 rumperent

2184 1704 2385 1760 easque
2412 1691 2731 1763 coniugatas
2751 1709 2869 1747 cum
2906 1695 3100 1749 axibus
3128 1711 3233 1751 una
3268 1697 3569 1765 praecipites
3602 1698 3765 1751 deor-

2191 1799 2308 1837 sum
2343 1785 2556 1842 darent.
2594 1785 2924 1842 Successere
2954 1790 3131 1842 omnia
3177 1804 3207 1844 e
3238 1792 3507 1845 sententia
3534 1798 3766 1857 votoque

2193 1876 2559 1943 imperatoris.
2612 1876 2744 1930 ltmu
2801 1878 2851 1930 in
2901 1878 3132 1948 Scythas
3183 1878 3326 1932 lento
3362 1880 3616 1943 incessu,
3650 1878 3766 1933 sole

2189 1966 2328 2021 inter
2386 1965 2660 2024 Romanos
2720 1970 2960 2039 Augusto
3010 1973 3284 2039 equitaute
3343 1981 3767 2040 praesentemque

2185 2059 2343 2113 dante
2391 2074 2612 2128 operam
2666 2070 2721 2114 ut
2754 2073 2947 2115 cuncta
2989 2077 3051 2115 cx
3090 2077 3189 2116 usu
3230 2063 3448 2132 cogitati
3500 2071 3767 2131 stratage-

2186 2152 2343 2204 matis
2376 2162 2499 2221 apte
2531 2153 2744 2208 fierent.
2774 2153 2978 2207 Furunt
3007 2165 3195 2208 contra
3226 2156 3459 2226 Scytha),
3499 2154 3766 2223 minisque

2183 2255 2305 2295 eum
2341 2243 2418 2296 ira
2463 2245 2835 2300 crescentibus
2875 2245 3166 2315 expediunt
3211 2245 3446 2301 ferocem
3501 2247 3762 2315 impetum

2183 2347 2277 2399 spe
2313 2350 2435 2388 mox
2469 2335 2787 2391 invadendae
2827 2340 3076 2393 cominus
3128 2354 3317 2408 pugna:
3351 2356 3472 2393 cum
3520 2340 3588 2393 iis
3626 2355 3764 2409 quo-

2184 2440 2300 2479 rum
2331 2425 2661 2494 jaculatioue
2696 2429 2879 2494 procul
2919 2439 3033 2483 tuta
3078 2431 3426 2498 petebantur.
3464 2432 3762 2487 liuentibus

2182 2517 2333 2570 addit
2376 2517 2555 2573 calcar
2587 2517 2707 2589 fuga
2763 2520 3018 2576 simulata
3054 2519 3447 2587 Romanorum,
3474 2523 3764 2577 discessio-

2182 2623 2287 2678 que
2328 2610 2615 2680 phalangis
2667 2612 2963 2680 obliquatis
3009 2625 3300 2684 mutuoque
3334 2615 3539 2669 aversis
3588 2615 3766 2668 artiﬁ-

2182 2702 2329 2756 ciose
2354 2704 2718 2758 recedentium
2743 2706 2992 2772 genibus,
3025 2706 3128 2759 iter
3158 2708 3330 2774 aperit
3350 2706 3541 2761 blande
3562 2706 3760 2773 pellax,

2180 2795 2371 2849 etsiue
2399 2796 3067 2864 suspicioneinsidiosum,
3102 2800 3214 2866 pari
3246 2799 3414 2852 nostri
3452 2807 3759 2866 contemptu

2181 2888 2374 2955 suique
2425 2886 2617 2942 fiducia
2662 2904 2780 2944 sese
2834 2890 3196 2947 inferentibus
3235 2892 3499 2948 barbaris.
3559 2891 3660 2947 Per
3710 2893 3759 2947 id

2182 2979 2334 3048 quasi
2374 2975 2696 3034 latissimum
2722 2980 2945 3045 ostium,
2978 2995 3034 3033 ut
3056 2998 3176 3036 cum
3203 2998 3399 3050 magno
3427 2983 3665 3037 clamore
3696 2998 3759 3035 ac

2180 3071 2428 3124 convicio
2457 3084 2735 3140 cmperant
2769 3075 2967 3140 invehi,
2997 3084 3352 3141 perrexerunt
3382 3074 3590 3143 equites
3620 3071 3755 3143 Scy-

488 3165 552 3231 ἐξ
610 3165 879 3237 ἐκατέρου
925 3164 980 3217 δὲ
1033 3166 1124 3217 καὶ
1153 3164 1261 3217 τῶν
1324 3163 1675 3235 στρατιωτῶν
1732 3157 1854 3217 κατ’
1896 3164 2078 3217 αὐτῶν

2186 3164 2289 3218 thas
2322 3182 2335 3216 :
2372 3165 2542 3219 donec
2573 3167 2622 3219 iu
2653 3179 2747 3219 eos
2792 3166 2979 3221 divisas
3008 3166 3290 3235 phalangis
3330 3166 3478 3222 velut
3518 3165 3761 3223 faucibus

491 3259 748 3329 ἱεμένων,
781 3259 874 3310 καὶ
909 3257 1091 3326 δεινῆς
1117 3257 1216 3325 τῆς
1250 3257 1429 3326 μάχης
1460 3259 1570 3319 τοῖς
1598 3255 1831 3320 Σκύθαις
1869 3274 2074 3310 παντα-

489 3354 652 3425 χόθεν
695 3353 1090 3422 ὲφισταμένης,
1123 3352 1169 3403 οἱ
1228 3350 1327 3420 μὲν
1386 3352 1496 3411 τοῖς
1562 3351 1937 3421 πεμπομένοις
1984 3352 2075 3404 άν-

500 3445 722 3517 ιροῦντο
753 3444 981 3514 βέλεσιν,
1012 3444 1061 3494 oi
1085 3442 1141 3494 δὲ
1170 3442 1257 3493 διὲι
1295 3441 1403 3493 τῶν
1446 3442 1691 3511 δοράτων
1723 3443 2074 3511 ὲπλήττοντο,

508 3536 615 3589 τῶν
639 3536 699 3590 Bk
731 3538 934 3613 λοιπῶν
963 3539 1011 3589 οἱ
1039 3536 1258 3598 πλείους
1289 3536 1394 3587 ὑπὸ
1444 3535 1548 3586 τῶν
1579 3535 1788 3604 τροχῶν
1820 3536 2073 3605 σφοδρῶς

504 3632 958 3701 καταφερομένων
999 3629 1398 3697 συνωθούμενοι
1454 3627 1590 3698 πρὸς
1632 3625 1692 3678 τδ
1754 3627 1931 3698 ῥεῦμα
1981 3626 2074 3680 τοῦ

494 3723 739 3794 ποταμοῦ
773 3724 1181 3794 ἀπεπνίγησαν.
1218 3723 1296 3791 Τῇ
1327 3721 1382 3773 δὲ
1410 3722 1528 3791 μετ’
1563 3720 1733 3789 αὐτὴν
1764 3722 1888 3773 ἐπεὶ
1912 3720 2075 3774 πάλιν

488 3816 616 3880 τοὺς
644 3816 1105 3886 καταλειφθέντας
1153 3818 1366 3877 Σκύθας
1406 3815 1542 3884 πρὸς
1593 3817 1832 3885 πόλεμον
1862 3815 2076 3884 ὁρμῶν-

484 3923 591 3969 τας
642 3906 790 3972 ἐώρα
851 3910 976 3968 τοὺς
1032 3908 1138 3961 ὑπ’
1182 3907 1345 3961 αὐτὸν
1376 3906 1623 3969 ἅπαντας
1666 3906 2075 3976 τεθαρρηκότας

484 4005 858 4072 κατανοήσας,
895 4001 1223 4054 ὁπλίσασθαι
1260 3999 1724 4070 παρεκελεύσατο.
1779 3999 2075 4070 Σιδηροφο-

486 4097 666 4165 ρζσας
689 4094 746 4145 δὲ
784 4095 879 4146 καὶ
911 4093 1070 4156 αὐτὸς
1097 4094 1190 4147 καὶ
1228 4093 1467 4161 πολέμου
1500 4091 1688 4160 σχῆμα
1727 4090 2075 4157 διατυπώσας

484 4190 628 4257 πρὸς
679 4188 739 4240 τὸ
784 4187 988 4257 πρανὲς
1036 4187 1301 4241 κάτεισιν.
1352 4182 1483 4239 Εἶτα
1528 4187 1592 4257 δὴ
1646 4185 1744 4246 τὰς
1788 4186 2076 4256 φάλαγγας

484 4280 830 4350 ἐπισςρέψας
880 4278 1021 4333 κατὰ
1071 4281 1361 4348 πρόσωπον
1414 4282 1524 4344 τοῖς
1569 4281 1805 4346 Σκύθαις
1854 4283 2074 4348 ἵστατο,

486 4371 577 4439 ἐφ’
701 4372 793 4423 τὸν
835 4373 952 4440 μετ’
975 4369 1173 4432 αὐτῶν,
1219 4370 1296 4433 ὡς
1334 4370 1472 4435 ὲνδν,
1528 4372 1765 4441 συνάψαι
1816 4371 2070 4439 πόλεμον.

486 4462 665 4527 Αὐτὸς
715 4464 814 4533 μὲν
859 4459 951 4516 οὖν
995 4462 1087 4515 τὸν
1137 4464 1183 4495 θ’
1233 4464 1403 4534 μέσην
1449 4464 1559 4517 τῶν
1610 4463 1909 4535 ταγμάτων
1959 4459 2071 4534 εἶχε
2103 4498 2153 4564 D

486 4554 714 4626 χώραν’
769 4554 949 4624 μάχης
981 4554 1035 4607 δὲ
1077 4556 1351 4624 καρτερᾶς
1380 4554 1679 4624 γενομένης
1708 4554 1806 4624 τὴν
1832 4554 2072 4607 νικῶσαν

486 4648 796 4719 τηνικαῦτα
844 4646 974 4717 παρ’
1008 4646 1228 4707 ἐλπίδας
1283 4648 1339 4699 αἱ
1402 4646 1714 4715 Ῥωμαϊκαὶ⁸
1772 4640 1919 4715 εἶχον
1964 4646 2070 4713 φάο

488 4751 688 4809 λαγγες
721 4739 815 4793 καὶ
836 4739 1057 4791 ἐδίωκον
1078 4739 1295 4801 τούτους
1325 4739 1600 4809 ἀκρατῶς.
1641 4738 1790 4790 Ἐπεὶ
1812 4737 1855 4789 δ’
1889 4736 2073 4791 ἱκανὸν

487 4836 766 4904 διάστημα
812 4832 1033 4894 τούτους
1085 4833 1231 4901 eam
1276 4831 1571 4891 διώκοντας
1603 4834 1630 4884 ὁ
1661 4831 2069 4902 αὐτοκράτωρ,

488 4924 674 4986 δεδιὼς
710 4926 785 4995 μὴ
813 4922 1078 4993 λοχῶντές
1122 4940 1265 4984 τινες
1312 4922 1595 4990 αἰφνιδίως
1644 4922 2071 4984 ἐπεισπεσόντες

490 5023 604 5081 τοῖς
650 5018 942 5086 Ῥωμαίοις
964 5015 1329 5084 παλίντροπον
1369 5016 1466 5085 τὴν
1488 5014 1602 5067 τῶν
1634 5014 1858 5066 Σκυθῶν
1888 5015 2069 5082 φυγὴν

490 5111 951 5181 άπεργάσωνται,
1005 5106 1103 5159 καὶ
1160 5105 1551 5174 προστεθέν-τες
1605 5104 1817 5166 τούτοις
1879 5105 1970 5156 καὶ
2020 5104 2071 5156 οἱ

491 5204 821 5272 φεύγοντες,
876 5199 1019 5269 μέγα
1066 5197 1129 5249 τὸ
1175 5195 1349 5249 δεινὸν
1398 5199 1463 5267 τῇ
1513 5196 1791 5267 Ῥωμαϊκῇ
1843 5197 2071 5267 στρατιᾷ

490 5290 797 5354 ὲπάξωσιν,
856 5286 1117 5349 ἱππασίας
1174 5285 1385 5349 πυκνὰς
1439 5284 1789 5354 ποιούμενος,
1850 5286 2073 5337 ἀνασει-

491 5382 679 5454 ράζειν
722 5382 851 5443 τοὺς
891 5378 1141 5449 χαλινοὺς
1186 5377 1282 5429 καὶ
1332 5377 1459 5439 τοὺς
1494 5377 1695 5437 ἵππους
1732 5375 2068 5446 ἀναψύχειν,

493 5477 603 5537 τοῖς
658 5471 1024 5542 στρατιώταις
1075 5469 1348 5521 ἐκέλευεν.
1388 5467 1545 5520 Οὕτω
1596 5468 1726 5536 γοῦν
1782 5469 1922 5521 κατὰ
1971 5470 2070 5538 τὴν

2181 3258 2455 3327 utrimque
2486 3258 2698 3313 clausos
2735 3275 2967 3329 superne
3000 3260 3263 3314 devoluta:
3301 3267 3541 3315 rotarum
3571 3261 3760 3315 orbita:

2179 3351 2420 3404 Subitum
2465 3351 2745 3422 ol-jecccre
2800 3362 3082 3407 terrorem.
3127 3352 3246 3405 Alta
3298 3353 3449 3405 ruina
3485 3353 3537 3405 in
3567 3354 3758 3406 durum

2180 3440 2319 3493 allisi
2381 3442 2556 3496 solum
2618 3444 2780 3496 orbes
2848 3441 3009 3509 lignei
3079 3438 3493 3496 t'eflcctebantur
3554 3440 3756 3495 resuitu

2179 3534 2462 3603 plusquam
2494 3534 2739 3599 cubitali;
2789 3544 2897 3587 tum
2930 3535 2981 3587 in
3016 3548 3247 3604 pronum
3281 3542 3587 3601 vergentem
3617 3534 3757 3586 nacti

2179 3628 2570 3691 declivitatem,
2599 3637 2721 3694 apte
2753 3624 2931 3681 librati
2963 3627 3288 3681 transversis
3311 3627 3524 3687 axibus,
3557 3626 3756 3694 impetu

2173 3719 2322 3788 juxta
2361 3720 2521 3789 217
2546 3721 2883 3788 strepituque
2914 3734 2974 3771 ac
3009 3718 3217 3787 fragore
3246 3720 3512 3782 maximis,
3552 3719 3602 3771 iu
3637 3719 3761 3772 bar-

2176 3810 2341 3865 1).ιιόε
2373 3812 2556 3865 intorti
2610 3811 3022 3875 evolvebantur,
3065 3809 3233 3864 nihilo
3282 3810 3455 3865 lenius
3491 3825 3651 3880 quam
3713 3811 3757 3864 si

2181 3905 2474 3959 muralibus
2498 3905 2760 3960 machinis
2782 3920 3010 3961 excussa
3040 3905 3274 3974 pondera
3299 3904 3551 3959 fulminea
3575 3904 3760 3974 perni-

2177 4007 2344 4050 cntate
2371 4008 2551 4051 ruant.
2570 3997 3081 4051 Circumveniuntur
3100 4013 3248 4052 novtc
3272 3997 3507 4066 undique
3535 3996 3757 4066 appulsu

2180 4092 2345 4157 pestis
2373 4090 2607 4160 Scythae,
2641 4105 2802 4143 crura
2821 4107 3082 4160 equorum
3109 4091 3305 4161 quibus
3323 4089 3591 4145 vehebant
3612 4090 3761 4143 varie

2180 4182 2492 4235 demetente
2517 4181 2884 4248 plaustrorum
2914 4181 3146 4250 procella
3178 4199 3191 4235 :
3221 4181 3344 4235 aliis
3379 4180 3445 4233 ab
3490 4179 3759 4233 anteriore

2179 4282 2333 4341 parte
2371 4273 2615 4326 incidens
2652 4273 2852 4326 n'alum
2911 4272 3145 4326 volubile
3195 4273 3359 4338 pedes
3408 4272 3618 4341 priores
3675 4285 3762 4323 ar-

2181 4379 2367 4419 Inosve
2395 4366 2746 4430 contuderat;
2776 4365 2911 4418 alios
2937 4363 3076 4418 forte
3097 4378 3316 4418 aversos
3337 4373 3494 4417 nacta
3520 4371 3757 4417 rotarum

2181 4470 2420 4525 praeceps
2471 4457 2548 4508 vis
2584 4455 2633 4508 in
2688 4454 3079 4524 posterioribus
3129 4455 3341 4509 laeserat
3396 4454 3658 4509 calcibus.
3692 4452 3759 4506 At

2182 4563 2506 4616 qmtcuuque
2563 4560 2715 4615 parte
2752 4547 2947 4600 vulnus
2987 4562 3160 4616 equus
3197 4555 3501 4615 acceperat,
3541 4546 3592 4598 in
3637 4560 3759 4598 eam

2182 4638 2489 4694 necessario
2519 4639 2828 4693 claudicans
2872 4637 3200 4692 exscendere
3237 4639 3463 4708 cogebat
3495 4638 3756 4703 equitem,

2182 4732 2285 4786 nisi
2347 4746 2534 4784 secum
2571 4728 2834 4783 afflictum
2891 4728 3141 4783 trahebat
3196 4729 3248 4783 iu
3274 4744 3480 4783 casum.
3541 4727 3760 4797 Strages

2182 4840 2310 4893 ergo
2345 4825 2504 4878 tiebat
2529 4824 2769 4876 virorum
2812 4835 3208 4891 equorumque,
3246 4821 3299 4875 in
3328 4836 3554 4876 acervos
3579 4836 3637 4876 se
3667 4836 3746 4873 cu-

2184 4918 2396 4972 mulans
2424 4928 2707 4986 grassante
2731 4916 2944 4971 assidue
2972 4916 3232 4985 pernicie,
3260 4931 3365 4971 non
3392 4917 3552 4971 modo
3581 4917 3754 4971 incur-

2182 5024 2243 5063 su
2288 5008 2744 5077 praecipitantium
2781 5017 3055 5074 rotarum,
3088 5006 3182 5062 sed
3212 5006 3323 5074 jam
3363 5009 3526 5061 etiam
3575 5020 3759 5062 mutuo

2183 5101 2341 5154 allisu
2372 5096 2737 5168 impu|suque,
2794 5098 2923 5152 dum
2964 5099 3055 5168 qui
3114 5108 3245 5153 rota:
3290 5102 3759 5167 ruentisincursu,

2181 5195 2459 5257 sternitur,
2486 5193 2737 5246 comitem
2763 5202 2817 5246 et
2842 5193 3267 5247 commilitonem
3294 5208 3451 5247 suum
3490 5195 3631 5249 mole
3659 5210 3758 5248 sua

2183 5285 2233 5338 iu
2266 5300 2453 5339 casum
2495 5294 2839 5339 conununem
2886 5285 3086 5353 abripit
3120 5299 3134 5338 :
3165 5298 3227 5339 ac
3257 5300 3325 5339 ne
3359 5285 3411 5339 in
3457 5286 3560 5341 hoc
3606 5286 3758 5340 ruina

2180 5381 2344 5445 sistit,
2370 5377 2464 5433 sed
2498 5380 2566 5432 ab
2599 5394 2705 5432 uno
2733 5392 2989 5446 percusso
3020 5380 3114 5432 toti
3141 5379 3359 5433 ordines
3382 5394 3599 5450 pessum
3644 5391 3747 5434 tru-

2184 5474 2411 5536 duntur,
2442 5478 2497 5525 et
2523 5468 2786 5525 Romanis
2818 5484 2956 5525 nova
2990 5469 3248 5525 felicitate
3288 5470 3399 5539 ipsa
3429 5468 3752 5541 Scytharum

1538 5625 1747 5688 Variae
1786 5627 2101 5688 lectiones
2148 5646 2224 5689 ex
2254 5628 2399 5690 cod.
2433 5628 2706 5690 Coislin.

560 5764 609 5795 δ’
656 5763 988 5826 ἀνοίξαντες.
1091 5758 1141 5793 ⁸³
1179 5760 1308 5811 τῶν.
1423 5763 1469 5792 ’⁵
1520 5757 1836 5824 φαλάγγιον.

494 5836 533 5867 ⁴⁹
566 5833 755 5886 τόπου.
830 5830 874 5866 ⁸ο
913 5829 982 5882 τὰ
1018 5828 1269 5897 βάρϐαρα
1291 5828 1607 5882 ἁνέπιπτον.
1686 5828 1724 5859 ⁹¹
1754 5826 2019 5893 ἐδέξαντο.

1941 5758 1987 5790 ⁸⁵
2021 5759 2368 5829 ἀφελόμενοι.

2098 5831 2142 5861 91
2172 5831 2288 5899 τήν.

2477 5759 2523 5793 ³⁸
2560 5755 2793 5830 τροχῶν.
2906 5758 2949 5792 ⁸⁷
3003 5759 3395 5830 σφοδροτάτην.
3496 5756 3541 5790 ⁸³
3575 5758 3755 5831 βάρει.
