4112 6444
456 384 565 449 599
1761 388 1986 450 ANNIE
2026 390 2407 451 COMNEN/E
3608 384 3711 450 ὃυί)

453 511 685 568 corpora
711 497 764 552 in
806 495 1040 567 Scythas
1068 496 1242 553 vicem
1275 495 1502 552 telorum
1535 497 1836 568 fungentia,
1879 501 2024 555 mili-
2060 525 2101 578 Α

2149 500 2342 571 ξμέραν
2379 499 2598 570 ἐκείνην
2646 499 2816 568 ἄμφω
2850 498 3147 570 διαστήτην
3191 499 3261 553 τὰ
3298 497 3711 568 στρατεύματα.

449 599 592 645 tant.
617 590 946 646 Cooriuntur
973 591 1115 645 inter
1147 591 1264 645 haec
1291 589 1359 644 ab
1389 600 1618 657 utroque
1655 591 1821 646 latere
1854 593 2022 646 nosui

2149 594 2196 647 Ἃ
2230 593 2330 663 μὲν
2377 592 2484 663 γὰρ
2518 590 2777 660 φυγάδες,
2807 591 2835 643 6
2866 591 2923 646 δὲ
2955 590 3211 662 βασιλεὺς
3242 590 3452 662 χαίρων
3484 590 3720 660 νικητὴς

455 680 822 750 barbarosque
888 681 1177 749 impeditos
1219 692 1275 736 ct
1330 683 1636 752 perculsos,
1680 698 1784 750 qua
1839 684 2028 753 procul

2149 684 2386 754 λαμπρὸς
2438 683 2578 753 πρὸς
2603 684 2702 750 τὴν
2735 681 2874 735 ἰδίαν
2910 681 3266 753 παρεμϐολὴν
3299 682 3604 736 ἐπάνεισιν.
3647 682 3719 734 Οἱ

457 770 794 839 eiaculandis
834 772 1065 843 sagittis,
1092 788 1198 842 qua
1230 773 1478 827 cominus
1509 772 1765 829 fodiendo
1804 787 1899 828 eos
1946 775 2026 827 in-

2149 776 2188 828 se
2262 773 2469 828 Σκύθαι
2534 773 2884 844 κατακρατος
2938 772 3269 844 ἡττηθέντες
3343 770 3553 842 μεταξὺ
3617 770 3718 822 τοῦ

457 864 611 918 festis
652 863 821 918 hastis
872 864 1044 918 otiose
1101 862 1415 919 concidunt.
1466 864 1578 919 Nec
1624 865 1736 918 sola
1789 874 2026 919 rotarum

2149 865 2588 936 Βουλγαροφύγου
2619 864 2835 934 καὶτῆς
2874 843 3080 935 μικρᾶς
3107 856 3345 927 Νικαίας
3376 863 3475 926 τὰς
3507 843 3721 936 σκηνὰς

454 954 965 1023 impellentiumque
997 969 1285 1024 corporum
1313 953 1596 1009 calamitas
1632 953 1732 1008 fuit
1758 971 1773 1020 ;
1798 956 2031 1009 accessit
2132 958 2460 1026 ἐπήγνυντο.

457 1047 511 1101 in
539 1061 746 1118 partem
788 1048 959 1103 cladis
997 1056 1212 1103 torrens
1244 1048 1382 1101 unda
1411 1047 1698 1116 prepinqui
1741 1049 1937 1114 amnis,
1971 1048 2024 1102 in
2066 1064 2225 1117 quem
2250 1048 2401 1103 multi
2436 1057 2734 1104 rotatorutn
2761 1064 2993 1119 superne
3015 1049 3197 1103 axium
3253 1049 3395 1103 mole
3446 1057 3720 1118 metuque

456 1141 691 1207 correpti
738 1141 954 1194 barbari
997 1142 1267 1196 submersi
1312 1150 1457 1195 sunt.
1522 1139 1792 1195 Postridie
1862 1141 2109 1197 residuos
2150 1141 2376 1211 Scythas
2417 1153 2663 1211 repetere
2697 1143 2940 1213 prmlium
2987 1142 3121 1198 velle
3157 1144 3505 1211 conspicatus
3543 1144 3733 1213 impe-

467 1245 636 1299 rator,
667 1250 796 1291 suos
828 1246 882 1291 et
917 1236 1030 1305 ipse
1059 1237 1263 1291 recenti
1299 1250 1554 1291 successu
1579 1234 1812 1291 audaces
1839 1236 2040 1289 armari
2078 1250 2143 1289 ac
2180 1245 2364 1289 contra
2402 1237 2620 1305 prodire
2639 1236 2813 1305 jubet;
2848 1246 2905 1290 et
2943 1236 2999 1289 in
3048 1235 3165 1306 ipsa
3199 1233 3512 1291 declivitate
3578 1230 3728 1290 aciei

455 1327 684 1381 fortnam
721 1331 807 1384 ubi
842 1344 906 1383 ex
937 1338 1053 1381 arte
1087 1326 1394 1395 descripsit,
1425 1328 1635 1398 sibique
1668 1328 1720 1381 in
1753 1343 1814 1382 ea
1852 1329 2028 1383 media
2067 1327 2242 1383 locum
2268 1338 2572 1400 pugnaturo
2595 1328 2844 1396 sumpsit,
2880 1336 3098 1381 vertant
3130 1327 3184 1381 in
3247 1328 3460 1381 hostem
3512 1327 3733 1391 vultus,

454 1437 799 1495 pugnamque
816 1439 941 1478 cum
968 1424 1214 1478 adversis
1238 1432 1547 1490 capessant,
1575 1422 1737 1476 edicit
1757 1423 1891 1478 suis.
1914 1423 2024 1478 Nec
2065 1437 2229 1493 penes
2265 1426 2498 1496 Scythas
2527 1438 2676 1478 mora
2704 1422 2833 1489 fuit;
2877 1421 3139 1479 miscetur
3212 1421 3465 1490 prmlium
3537 1428 3731 1476 atrox.

457 1519 696 1574 Vincunt
725 1528 920 1588 praeter
995 1531 1143 1588 spem
1179 1516 1438 1572 Romana:
1485 1516 1810 1585 phalanges,
1862 1516 2234 1588 barbarosque
2299 1519 2350 1572 in
2416 1517 2597 1589 fugam
2631 1517 3003 1572 incumbentes
3043 1517 3203 1584 longo
3261 1513 3439 1585 spatio
3504 1514 3725 1584 magnis

456 1612 655 1666 animis
702 1618 1019 1681 sequuntur.
1051 1609 1310 1677 Suspecta
1354 1624 1439 1662 res
1504 1610 1926 1677 prudentissimo
1991 1608 2302 1679 imperatori
2362 1611 2482 1677 fuit,
2548 1610 2756 1666 verenti
2782 1625 2845 1664 ne
2899 1625 3010 1679 quo
3056 1609 3199 1665 forte
3249 1611 3303 1664 in
3372 1610 3493 1664 loco
3543 1609 3737 1663 subsi-

457 1704 701 1760 dentium
754 1702 1070 1758 insidiarum
1117 1701 1332 1771 Scythae
1386 1702 1588 1756 conscii
1649 1701 1701 1755 in
1761 1717 1855 1756 eas
1905 1710 2023 1756 astu
2064 1699 2339 1773 Romanos
2378 1703 2657 1773 abreptum
2695 1703 2854 1770 irent;
2924 1704 3113 1774 sicque
3180 1704 3381 1758 nostris
3427 1710 3523 1756 aut
3567 1701 3735 1758 caesis

459 1807 551 1851 aut
579 1795 814 1851 vicissim
854 1793 1183 1864 fugientibus
1215 1794 1556 1850 insidiatores
1596 1809 1719 1849 cum
1754 1794 1902 1862 prius
1950 1793 2232 1863 fugacibus
2257 1810 2490 1865 pugnam
2559 1795 2824 1850 acriorem
2881 1797 3252 1850 instanrarent
3305 1808 3500 1861 magna
3569 1791 3735 1849 clade

468 1891 624 1944 modo
682 1889 1038 1945 vincentium.
1104 1887 1397 1941 Conventis
1454 1901 1580 1956 ergo
1632 1880 1901 1941 laboriose
1953 1902 2049 1956 per
2119 1889 2481 1957 equitationes
2547 1892 2766 1944 crebras
2802 1888 3253 1958 commonitisque
3285 1885 3560 1956 plerisque
3595 1899 3732 1940 suo-

464 1997 603 2044 rum,
630 1993 686 2033 ut
713 1981 894 2036 frenos
916 1977 1541 2048 reflectereutequisque
1559 1979 1796 2047 requiem
1818 1980 2030 2043 darent,
2070 1981 2368 2035 incolumes
2398 1982 2613 2037 reluxit
2648 1983 2948 2037 universos.
2992 1980 3084 2036 Sic
3114 1997 3176 2034 ea
3206 1980 3291 2034 die
3329 1980 3492 2035 ambo
3560 1993 3591 2033 a
3663 1993 3728 2034 se

459 2073 689 2128 invicem
720 2072 996 2128 exercitus
1025 2071 1277 2143 disiuncti
1302 2082 1448 2134 Sunt,
1482 2069 1739 2141 Scythico
1796 2073 1848 2125 in
1918 2072 2094 2141 fugam
2136 2089 2316 2138 verso,
2352 2074 2595 2130 Romano
2622 2090 2746 2130 cum
2780 2091 2878 2132 suo
2939 2077 3269 2145 imperatore
3300 2071 3605 2128 manifesta:
3632 2073 3715 2127 vi—

459 2168 650 2221 atoria:
688 2175 939 2235 compote
993 2165 1045 2218 in
1101 2162 1314 2233 propria
1358 2174 1538 2219 castra
1595 2162 1875 2218 redeunte.
1936 2163 2070 2221 Vieli
2100 2164 2315 2239 Scythae
2355 2178 2410 2225 el
2442 2168 2615 2224 victos
2649 2170 2883 2225 confessi
2918 2168 3397 2239 Bulgarophygum
3440 2169 3586 2221 inter
3656 2180 3722 2221 ac

460 2276 679 2332 parvam
714 2257 948 2313 Nicaeam
985 2257 1334 2312 tabernacula
1366 2258 1555 2310 fixere.
2608 2241 2623 2251 ’

530 2355 724 2410 Adulta
756 2368 919 2424 porro
947 2352 1059 2422 jam
1088 2350 1294 2416 hieme,
1343 2351 1557 2420 putavit
1585 2352 1880 2421 imperator
1911 2366 1941 2406 e
1975 2366 2033 2405 re
2071 2358 2103 2414 ﬂ

2211 2352 2494 2424 Χειμῶνος
2552 2352 2608 2406 δὲ
2660 2323 2779 2423 ἤδη]
2807 2352 3327 2414 ἐπικαταλασόντος,
3356 2350 3469 2404 δεῖν
3520 2348 3665 2418 ἔγνω
3703 2351 3732 2403 6

460 2449 603 2514 fore,
628 2446 675 2502 si
707 2441 1247 2511 Coitstantinopolim
1278 2441 1504 2513 rediret,
1528 2456 1634 2512 quo
1658 2452 1713 2497 et
1742 2457 1801 2497 se
1826 2442 2032 2511 ipsum,

2149 2447 2495 2519 αὐτοκράτωρ
2536 2447 2614 2506 εἰς
2644 2446 2742 2516 τὴν
2766 2443 3154 2514 βασιλεύουσαν
3178 2440 3520 2508 ἐπανελθεῖν,
3562 2439 3652 2510 ἐφ’
3678 2434 3724 2511 ᾧ

463 2550 520 2594 et
549 2537 808 2606 majorem
843 2546 1054 2605 partem
1092 2533 1395 2597 exercitus,
1430 2548 1461 2588 e
1488 2532 1647 2602 longa
1681 2542 1737 2587 et
1767 2534 1913 2587 varia
1963 2542 2041 2587 tot

2149 2538 2333 2591 ἑαυτόν
2360 2553 2417 2589 τε
2442 2535 2537 2589 καὶ
2560 2536 2620 2588 τὸ
2648 2535 2812 2588 πλέον
2837 2534 2928 2587 τοῦ
2971 2534 3336 2604 στρατοπέδου
3371 2534 3480 2585 τῶν
3515 2532 3731 2586 πολλῶν

467 2632 827 2688 certaminum
860 2629 1176 2698 fatigatione
1212 2626 1479 2683 reficeret.
1520 2624 1719 2682 Divisis
1746 2640 1876 2694 ergo
1899 2623 2040 2681 bifa-

2149 2629 2367 2699 ἀγώνων
2404 2627 2914 2697 ὲπανακτήσασθαι.
2967 2626 3287 2697 Διελόμενος
3321 2625 3415 2679 οὖν
3438 2624 3533 2688 τὰς
3572 2624 3730 2678 δυνά-

468 2727 606 2781 riam
635 2723 830 2792 copiis,
867 2722 1007 2791 quod
1036 2733 1220 2775 earum
1250 2718 1422 2786 magis
1460 2725 1704 2788 vegetum
1738 2716 2039 2785 integrum-

463 2830 573 2887 que
605 2815 730 2880 fuit,
765 2813 817 2868 id
863 2810 1245 2881 opponendum
1302 2809 1553 2864 hostibus
1590 2809 1768 2862 adhuc
1816 2805 2042 2862 armatis

464 2909 687 2978 reliquit
738 2906 937 2962 ibidem
981 2903 1083 2958 sub
1130 2917 1262 2958 cura
1332 2902 1526 2956 ducum
1571 2900 1824 2966 duorum,
1875 2900 2043 2970 218

465 3000 692 3058 Joannis
751 3014 949 3068 nempe
997 3005 1054 3053 et
1100 2992 1633 3051 Maurocatacalonis
1692 2990 1928 3058 Nicolai,
1977 2993 2045 3047 de

467 3110 698 3166 quorum
747 3103 979 3162 utroque
1034 3104 1178 3160 saepe
1223 3088 1475 3158 superius
1535 3086 1861 3141 mentionem
1906 3083 2042 3139 feci-

470 3204 614 3252 mus,
649 3190 776 3241 dato
811 3184 944 3254 ipsis
990 3184 1268 3247 mandato,
1303 3181 1726 3252 praeoccupandi
1780 3177 2044 3248 prasidiis

470 3280 685 3337 idoneis
702 3278 900 3349 oppida
919 3275 1154 3346 singula,
1190 3290 1257 3329 ne
1281 3276 1332 3327 in
1362 3272 1690 3344 Scytharum
1716 3278 2044 3340 potestatem

471 3372 665 3429 venire
723 3376 1053 3439 cogerentur
1100 3383 1115 3421 :
1170 3374 1432 3436 prmterea
1483 3360 1815 3418 corradendi
1874 3358 2048 3415 abdu-

477 3463 746 3533 cendique
767 3477 832 3517 ex
881 3460 1101 3531 regione
1130 3457 1386 3513 universa
1427 3455 1636 3526 pedites
1668 3452 1907 3508 rusticos
1940 3467 2045 3506 una

473 3574 598 3612 cum
627 3555 888 3625 plaustris
920 3564 975 3608 et
1005 3554 1180 3608 bobus
1217 3551 1335 3619 ipsa
1380 3548 1747 3605 trahentibus.
1781 3544 1901 3601 Jam
1934 3553 2047 3598 tum

473 3651 617 3704 enim
643 3630 930 3717 providens
954 3644 1181 3715 parabat
1203 3657 1323 3713 quae
1357 3641 1421 3695 ad
1454 3639 1854 3709 expeditiOuem
1905 3636 2050 3689 veris

475 3737 836 3808 insequentis,
861 3750 965 3804 qua
994 3742 1248 3789 conatum
1296 3745 1514 3787 omnem
1544 3728 1833 3783 intendere
1863 3726 2047 3781 decre-

476 3839 627 3884 verat
661 3838 720 3882 ut
768 3826 1005 3899 Scythas
1031 3824 1347 3889 debellaret,
1391 3822 1492 3877 sibi
1541 3819 1826 3890 profutura
1860 3817 2048 3885 opina-

2145 2740 2287 2791 μεις,
2328 2722 2424 2775 καὶ
2464 2725 2545 2783 εἰς
2600 2720 2894 2776 ἀντίπαλον
2953 2722 3149 2790 μοῖραν
3190 2721 3496 2789 ἀποκρίνας
3537 2717 3720 2770 ὀπόσοι

2144 2812 2496 2882 εὐψυχότεροι
2524 2809 2618 2864 τοῦ
2652 2810 2854 2873 παντὸς
2880 2805 3022 2877 ἦσαν
3059 2807 3467 2879 στρατεύματος
3520 2807 3717 2875 ἡγεμό-

2145 2924 2243 2969 νας
2275 2905 2481 2959 τούτων
2508 2906 2599 2959 τόν
2620 2921 2679 2957 τε
2717 2903 2974 2974 Ἰωάννην
3008 2902 3104 2955 καὶ
3156 2901 3249 2954 τὸν
3283 2900 3727 2970 Μαυροκατακα-

2144 2997 2256 3053 λὼν
2278 2997 2548 3051 Νικόλαον
2572 2994 2953 3066 προεϐάλλετο,
2974 2994 3102 3064 περὶ
3123 2986 3197 3047 ὧν
3227 2993 3487 3052 πολλάκις
3514 2989 3730 3059 φθάσας

2146 3093 2174 3145 6
2208 3090 2368 3157 λόγος
2403 3087 2716 3157 ,ὲδήλωσεν,
2753 3085 3133 3155 ἐντειλάμενος
3183 3085 3368 3146 αὐτοῖς
3408 3086 3468 3136 ὲν
3509 3081 3734 3150 ἑκάστῳ

2151 3185 2252 3256 μὲν
2283 3182 2392 3236 τῶν
2418 3180 2711 3251 πολιχνίων
2761 3177 3120 3248 ἀποχρῶντας
3156 3177 3474 3243 εἰσαγαγεῖν
3511 3189 3739 3243 στρατι-

2149 3279 2294 3340 ώτας
2324 3280 2401 3339 si;
2434 3275 2533 3346 τὴν
2573 3272 2752 3328 αὐτῶν
2786 3270 3047 3341 φρουρὰν,
3082 3267 3281 3334 πεζοὺς
3338 3267 3396 3321 δὲ
3418 3265 3477 3330 ἐξ
3510 3266 3739 3334 ἀπάσης

2149 3372 2249 3435 τῆς
2274 3370 2459 3442 χώρας
2490 3369 2625 3438 μετὰ
2659 3364 2881 3436 ἁμαξῶν
2909 3365 3003 3417 καὶ
3036 3362 3145 3416 τῶν
3203 3360 3408 3422 ταύτας
3467 3358 3739 3412 ἑλκόντων

2156 3462 2294 3533 βοῶν
2327 3458 2599 3525 ἐξελάσαι.
2626 3457 2962 3526 Βουλόμενος
2992 3454 3101 3525 γὰρ
3157 3452 3318 3523 ἔαρος
3367 3448 3737 3520 ἐφισταμένου

2152 3555 2252 3623 τῆς
2296 3552 2437 3605 κατὰ
2490 3550 2598 3603 τῶν
2655 3546 2878 3601 Σκυθῶν
2949 3544 3363 3616 καρτερώτερον
3415 3538 3739 3606 ἀνθέξεσθαι

2158 3643 2335 3712 μάχης
2365 3638 2708 3709 προεμελέτα
2741 3652 2799 3689 τε
2847 3637 2941 3688 καὶ
2972 3632 3269 3704 ηὐτρέπιζε
3295 3632 3363 3684 τὰ
3397 3630 3739 3683 συνοίσοντα.

2158 3737 2314 3788 Οὕτω
2349 3731 2479 3800 γοῦν
2511 3729 2729 3784 ἅπαντα
2756 3727 3073 3798 διαθέμενος
3128 3724 3490 3797 ἐπανέρχεται
3519 3718 3653 3790 πρὸς
3680 3717 3741 3770 τὸ

2159 3821 2469 3886 Βυζάντιον.

477 3924 657 3977 batur.
696 3919 851 3974 llunc
875 3918 928 3972 in
965 3917 1184 3973 modum
1218 3915 1498 3985 dispositis
1530 3912 1804 3977 omnibus,
1842 3908 2051 3980 By‘un-

480 4011 613 4066 tium
645 4010 954 4065 revertitur.
1846 4016 1851 4025 '

492 4231 901 4263 ἀτς-π

1294 4217 2756 4248 W

1099 4395 1661 4527 ΑΝΝΗΣ
1737 4386 2080 4519 ΤΗΣ
2156 4367 3120 4510 ΚΟΜΝΗΝΗΣ

1493 4620 2123 4720 ΑΛΕΞΙΑΔΟΣ.
2196 4617 2563 4709 ΛΟΓΟΣ
2602 4612 2721 4702 H'.

2075 4838 2146 4850 ’-

1312 4994 1855 5123 ΑΝΝᾸΕ
1999 4977 2917 5117 ΟΟΜΝΕΝᾸΕ

1389 5244 2041 5341 ALEXIADIS
2116 5238 2467 5329 LIBER
2556 5232 2787 5325 VIII

1807 5605 1973 5680 219
2017 5598 2593 5667 ARGUMENTUM.

497 5824 549 5889 ﬁ
570 5740 970 5880 Debelileturét
1002 5754 1153 5877 lcutln
1181 5735 1431 5817 Scythis
1462 5733 1706 5819 ingenti
1739 5731 1984 5815 praeiio,
2024 5747 2152 5811 quo
2190 5742 2343 5808 gens
2373 5724 2668 5788 universa
2698 5736 2827 5784 uno
2860 5718 2962 5783 die
2994 5714 3204 5779 deleta
3243 5715 3364 5775 est.
3406 5705 3746 5789 Conspira-

552 5837 706 5884 ones
787 5835 883 5881 nec
963 5833 996 5877 e
1027 5835 1097 5880 ec
1127 5832 1204 5881 eo.
2808 5865 2813 5868 .

552 5837 706 5884 01135
743 5832 883 5881 dum
919 5832 1204 5881 detecue.
