4112 6404
549 367 657 430 (03

1853 363 2078 429 ANN/E
2117 363 2498 428 COMNENA!

3701 365 3810 428 604

547 495 646 534 nes
691 481 900 550 lgneus,
930 475 1004 531 ‘et
1035 477 1100 531 ad
1129 477 1310 532 omnia
1342 477 1594 549 quamvis
1623 477 1800 534 subita
1835 494 2111 550 nunquam

2219 477 2588 548 ἐγχειρήσεις,
2645 473 2748 528 κάν
2797 475 2910 538 τοῖς
2960 473 3248 544 αίφνιδίοις
3296 473 3383 528 ἀεὶ
3433 474 3510 539 ὡς
3567 492 3811 546 προπαρ-

546 588 654 624 non
690 579 881 640 parato
912 584 975 624 ac
1018 571 1392 639 praemeditato
1449 569 1681 636 similis;
1728 572 1828 624 etsi
1882 574 2117 626 nondum

543 659 687 713 diem
737 661 1024 727 septimam
1063 659 1113 710 in
1144 657 1279 712 aulte
1311 658 1467 727 regite
1519 657 1702 727 quiete
1759 666 2116 726 transegerat,

543 754 776 808 necdum
803 753 1022 806 balneas
1051 752 1265 813 inierat,
1297 766 1366 805 ne
1395 753 1666 819 pulverem
1692 751 1907 820 quidem
1945 753 2118 807 adhuc

542 844 766 912 nuperis
801 843 1000 912 praeliis
1043 843 1326 896 collectum
1355 850 1697 905 excusserat,
1733 854 1996 898 eonrocat
2032 853 2118 898 ta-

543 949 666 990 men
699 935 984 990 confestim
1027 935 1397 1005 prmsidiarios
1444 937 1614 998 urbis,
1649 944 1702 988 et
1735 944 2002 1005 quotquot
2031 950 2117 990 re-

543 1041 673 1082 cens
703 1027 924 1094 ascripti
966 1027 1188 1082 Jnilitim
1236 1027 1302 1080 ad
1358 1043 1578 1080 manum
1639 1027 1878 1092 fuerunt,
1927 1043 2116 1082 omnes

543 1117 658 1172 fere
684 1134 912 1173 numero
943 1119 1304 1187 quingentos;
1349 1135 1486 1188 quos
1509 1134 1632 1173 eum
1665 1132 1822 1174 nocte
1850 1129 2119 1176 armasset

543 1218 676 1274 tota,
719 1211 863 1264 circa
889 1210 1188 1265 diluculum
1215 1225 1337 1264 eum
1383 1210 1451 1264 iis
1503 1212 1640 1274 exit,
1702 1211 1882 1265 missis
1925 1211 2115 1265 eodem

539 1309 784 1372 tempore
815 1303 928 1370 qui,
959 1303 1226 1371 cognatis,
1263 1303 1616 1371 amnibusque
1644 1305 1758 1357 suis
1795 1319 1857 1357 ac
1884 1318 2116 1358 consan-

539 1394 776 1465 guineis,
809 1403 920 1449 tum
950 1395 1159 1450 caeteris
1187 1410 1402 1464 quoque
1431 1397 1772 1466 magnatihns
1799 1406 1853 1449 ct
1875 1396 2116 1449 evectio-

537 1488 616 1543 ris
641 1488 870 1542 fortuna:
894 1489 1045 1551 viris,
1078 1488 1144 1543 ad
1176 1488 1470 1542 Romanam
1507 1489 1752 1542 militiam
1787 1489 1994 1544 allectis
2019 1504 2117 1543 suo

537 1580 758 1635 nomine
782 1581 1095 1636 nuntiarent
1115 1597 1172 1636 se
1196 1582 1460 1651 proﬁcisci
1489 1592 1674 1636 cootra
1703 1581 1955 1653 Scythas.
1987 1583 2117 1638 Erat

538 1686 602 1725 ea
637 1671 753 1726 dies
781 1673 1083 1729 Parasceve
1115 1675 1409 1729 Dominicze
1459 1691 1620 1743 quam
1659 1687 1857 1730 vocant
1895 1677 2113 1730 Carnis-

2221 567 2626 636 εσκευασμένος
2674 566 3045 636 δεικνύμενος,
3085 568 3250 637 μήπω
3304 566 3540 638 ἑϐδόμην
3591 569 3809 640 ἡμέραν

2223 661 2412 714 ἑαυτὸν
2434 661 2481 693 ⁸³
2517 661 2576 713 ἐν
2605 661 2718 722 τοῖς
2756 658 3047 729 βασιλείοις
3072 659 3608 727 διαναπαυσάμενος,
3669 662 3810 730 μηδὲ

2227 753 2516 824 βαλανείου
2546 751 2749 821 τυχὼν,
2781 751 2917 821 μηδὲ
2971 749 3063 803 τὸν
3093 753 3156 804 ὲκ
3205 751 3314 802 τῶν
3335 751 3383 784 ’δ
3411 750 3650 819 πολέμου
3710 769 3811 806 κο-

2221 843 2436 912 νιορτὸν
2485 841 2975 910 ἀποτινάξάμενος,
3015 842 3358 912 παραχρῆμα
3402 843 3528 904 τοὺς
3568 843 3661 895 ἐπὶ
3704 842 3814 912 τῆς

2221 935 2466 1006 φρουρᾶς
2493 933 2590 1002 τῆς
2612 933 2820 994 πόλεως
2847 933 3239 1001 τεταγμένους,
3291 931 3386 983 καὶ
3407 932 3594 984 ὁπόσοι
3621 933 3814 985 νεόλειο

2221 1043 2361 1088 κτοι,
2385 1023 2830 1095 ἀναλαμϐάνεται
2861 1023 2996 1076 ὡσεὶ
3027 1023 3418 1085 πεντακοσίους
3443 1023 3530 1074 τὸν
3549 1023 3815 1094 ἀριθμὸν,

2219 1119 2316 1171 καὶ
2365 1119 2596 1181 ὁπλίσας
2649 1117 2716 1170 δι’
2765 1115 2894 1185 ὅλης
2942 1116 3162 1180 νυκτὸς,
3201 1117 3340 1169 κατὰ
3374 1117 3435 1168 τὸ
3480 1117 3819 1186 περίορθρον

2218 1209 2405 1275 ἔξεισι.
2429 1207 2746 1279 Τηνικαΰτα
2765 1207 2820 1260 δὲ
2841 1205 3007 1276 δήλην
3027 1205 3318 1274 καθίστησι
3344 1207 3446 1275 τὴν
3471 1205 3636 1259 αὐτοῦ
3670 1207 3821 1276 πρὸς

2218 1304 2346 1367 τοὺς
2367 1303 2579 1365 Σκύθας
2607 1301 2912 1368 ὲξέλευσιν·
2948 1303 3066 1362 τοῖς
3091 1299 3148 1352 δὲ
3177 1300 3236 1364 ὲξ
3266 1301 3501 1369 αἵματος
3532 1300 3627 1353 καὶ
3649 1301 3820 1369 ἀγχι-

2221 1396 2404 1457 στείας
2430 1396 2805 1464 προσήκουσιν
2837 1391 2989 1463 αυτῷ
3037 1393 3391 1459 συγγενέσιν,
3452 1393 3545 1446 καὶ
3577 1396 3689 1454 τοῖς
3717 1393 3824 1445 ἀλ-

2219 1489 2330 1552 λοις
2369 1489 2556 1542 ὁπόσοι
2583 1485 2684 1556 τῆς
2727 1484 2970 1554 μείζονος
3004 1485 3175 1553 τύχης
3199 1479 3360 1554 ἦσαν,
3414 1484 3508 1536 καὶ
3548 1483 3628 1553 τῷ
3677 1482 3823 1536 Ῥω-

2223 1579 2404 1650 μαῖκῷ
2436 1577 2806 1650 στρατεύματι
2865 1575 3392 1644 συγκατειλεγμένοι
3450 1576 3820 1648 (Παρασκευὴ

2217 1672 2273 1724 δὲ
2300 1667 2417 1742 ἦνή
2448 1673 2550 1738 τῆς
2582 1670 2865 1740 Ἀπόκρεω
2889 1666 3028 1740 [‘29],
3049 1669 3210 1721 ταυτὶ
3227 1668 3313 1722 διὰ
3332 1669 3442 1721 τῶν
3467 1667 3821 1722 ἀποστολέων

536 1763 714 1829 privii,
764 1780 868 1832 qua
907 1763 997 1821 die
1059 1767 1407 1834 consignatas
1461 1766 1672 1821 litteras
1752 1769 1818 1820 ad
1852 1782 1944 1823 eos
1981 1783 2111 1837 quos

2218 1762 2787 1834 παρακελευσάμενος·
2811 1761 2883 1822 ὡς
2913 1761 3019 1828 ἄρα
3051 1760 3181 1827 γοῦν
3212 1761 3354 1826 Ἐγὼ
3380 1760 3476 1829 μὲν
3495 1759 3692 1829 ἄπειμι
3711 1759 3818 1830 τὴν

538 1855 646 1909 dixi
680 1871 1120 1926 quoquoversum
1171 1859 1476 1924 dimittens,
1539 1859 1593 1913 in
1659 1860 1778 1928 ipso
1829 1835 2111 1928 procinctu

2226 1856 2335 1908 τῶν
2363 1854 2584 1907 Σκυθῶν
2605 1853 2748 1906 κατὰ
2774 1851 2884 1906 τῶν
2918 1852 3311 1922 Χοιροϐἀκχων
3339 1850 3519 1916 ὀξεῖαν
3555 1849 3818 1920 μεμαθη-

535 1947 902 2015 expeditionis
931 1948 1235 2009 subitaria},
1284 1947 1674 2014 mandarejam
1715 1964 1857 2002 nunc
1883 1966 2116 2017 occupa-

537 2037 628 2100 bat
660 2037 937 2105 (quoniam
969 2039 1254 2105 repentino
1289 2047 1510 2093 coactus
1555 2040 1744 2093 nuntio
1791 2040 2117 2096 incursionis

540 2125 871 2197 Scytharum
919 2129 968 2181 in
1004 2128 1464 2194 Chmrobacchos,
1501 2145 1566 2183 eo
1596 2130 1874 2199 suppetias
1923 2147 2115 2184 accur-

537 2231 664 2271 rens
696 2219 1003 2272 necessario
1028 2217 1310 2273 ablaturus
1342 2219 1505 2286 esset)
1535 2230 1590 2274 ut
1625 2221 1725 2290 ipsi
1776 2236 1992 2291 quoque
2021 2238 2115 2291 per

536 2309 930 2364 hebdomadam
988 2312 1283 2365 Dominieze
1313 2328 1432 2378 qua:
1481 2312 1548 2366 ab
1581 2328 1674 2368 csu
1705 2315 1851 2369 casei
1894 2315 2115 2385 vulgare

533 2399 840 2471 'l‘yrophagi
872 2405 1080 2458 obtinet
1116 2419 1333 2466 nomen.
1363 2406 1467 2460 sibi
1518 2422 1641 2460 eum
1694 2409 1864 2476 copiis
1909 2411 2115 2464 auxilio

531 2496 818 2550 venirent:
854 2493 1208 2551 lutermetlios
1255 2498 1425 2562 enim,
1490 2498 1790 2565 inquiebat,
1854 2501 1951 2554 hos
1996 2502 2112 2557 dies

531 2587 685 2640 vobis
719 2589 783 2640 ad
819 2589 1054 2656 quietem
1095 2587 1365 2656 indulgeo,
1405 2605 1471 2643 ne
1518 2590 1829 2660 importune
1883 2591 2110 2660 rigidus,

531 2693 835 2746 parumque
869 2679 1261 2736 imbecillitatis
1293 2681 1544 2736 humanae
1582 2698 1791 2736 memor
1837 2699 2110 2737 aerumna-

532 2785 652 2824 rum
691 2772 1006 2826 militarium
1048 2774 1401 2828 continuator
1426 2774 1601 2828 videri
1630 2791 1847 2844 queam.
1900 2779 1982 2830 Ab
2028 2778 2112 2835 his

532 2872 678 2920 recta
703 2865 1144 2922 Chtnrobacchos
1175 2868 1368 2931 tendit,
1419 2867 1810 2938 ingressusque
1851 2870 2108 2938 oppidum

529 2959 773 3026 obserat,
803 2959 1099 3028 clavesque
1130 2962 1248 3031 ipse
1292 2962 1499 3029 sumit;
1570 2974 1678 3017 tmn
1730 2979 1867 3032 quos
1923 2964 2111 3018 habuit

530 3047 861 3104 famulorum
901 3049 1194 3106 ﬁdissimos
1227 3067 1325 3123 per
1360 3069 1639 3107 murorum
1674 3055 1964 3109 cirruitnm
2000 3055 2111 3109 dis-

529 3141 731 3212 posuit,
789 3141 973 3197 addito
1023 3145 1170 3213 gravi
1229 3146 1508 3212 mandato,
1557 3161 1621 3198 ne
1658 3144 2107 3202 indormiscereut

529 3236 794 3290 custodiae
817 3237 1057 3302 creditae,
1093 3239 1187 3293 sed
1238 3239 1442 3293 intenta
1472 3240 1651 3304 vigilia
1687 3255 1870 3294 muros
1899 3242 2106 3296 obeun-

531 3336 631 3392 tes,
665 3327 1024 3384 observarent
1057 3339 1443 3400 caverentque,
1508 3346 1574 3385 ne
1625 3330 1746 3400 quis
1793 3346 1858 3386 eo
1902 3331 2105 3386 civium

529 3422 833 3476 ascendens
866 3422 1099 3491 Scythas
1132 3423 1524 3491 alloqueretur.
1572 3422 1800 3479 Oriente
1844 3424 1964 3480 sole
2011 3439 2108 3494 ap-

529 3524 830 3581 paruerunt
860 3503 1162 3584 expectata:
1192 3516 1519 3588 Scytharum
1554 3528 1765 3584 turmae,
1802 3521 1992 3575 collem
2025 3521 2110 3573 in-

527 3603 770 3658 sidentes
807 3604 1338 3661 Chocrobarchorum
1369 3623 1526 3663 mttro
1559 3611 1900 3678 contiguum.
1934 3607 2008 3661 Ex
2045 3608 2110 3663 iis

531 3693 730 3749 ibidem
757 3696 820 3748 ad
849 3711 946 3750 sex
978 3697 1142 3751 millia
1173 3697 1394 3763 divulsi,
1446 3699 1746 3766 prtedatum
1799 3700 1853 3752 in
1891 3713 2108 3751 omnem

530 3785 638 3839 late
665 3787 872 3840 circum
909 3789 1184 3858 regionem
1216 3798 1601 3853 excurrerant,
1635 3805 1808 3860 usque
1849 3791 1914 3844 ad
1952 3789 2108 3843 Deci-

531 3892 712 3942 mum,
745 3877 922 3933 locum
947 3881 1128 3934 decem
1167 3881 1328 3951 222
1365 3881 1476 3936 fere
1507 3883 1699 3938 stadiis
1725 3884 2111 3937 Constantino-

528 3971 637 4040 poli
675 3981 964 4034 remotum,
991 3975 1134 4027 unde
1165 3981 1294 4040 puto
1324 3983 1380 4028 et
1406 3989 1600 4028 nomen
1635 3975 1861 4029 invenit.
1895 3974 2108 4046 Reliqui

532 4063 750 4134 Scythae
780 4064 833 4118 in
862 4080 928 4119 eo
957 4065 1101 4134 quod
1141 4065 1252 4120 dixi
1287 4065 1412 4137 jugo
1439 4077 1781 4121 manserunt.
1828 4070 1898 4120 At
1936 4067 2110 4137 impe-

2220 1947 2332 2009 κὼς
2390 1945 2625 2015 κίνησιν,
2685 1945 2844 2014 ὑμεῖς
2897 1943 2952 1997 δὲ
2997 1942 3132 1999 ἀλλὰ
3193 1943 3333 1997 κατὰ
3388 1944 3490 2014 τὴν
3537 1943 3818 2012 ἑϐδομάδα

2216 2040 2316 2107 τῆς
2375 2038 2702 2110 Τυροφάγου
2770 2038 2923 2108 (50),Ι
2980 2036 3352 2106 στρατεύσατε
3425 2037 3564 2108 πρὸς
3634 2039 3815 2107 ἡμᾶς.

2218 2131 2326 2194 Τὰς
2357 2130 2402 2162 ⁸⁸
2433 2129 2541 2199 γὰρ
2563 2127 2766 2198 μεταξὺ
2791 2131 2885 2198 τῆς
2907 2147 2963 2183 τε
2994 2130 3355 2200 Παρασκευῆς
3388 2129 3485 2200 τῆς
3522 2129 3816 2200 Ἀπόκρεω

2217 2227 2310 2279 καὶ
2351 2226 2452 2294 τῆς
2488 2224 2815 2294 Τυροφάγου
2846 2223 3107 2293 δευτέρας
3161 2224 3376 2293 ἡμέρας
3433 2223 3562 2292 ύμῖν
3611 2225 3812 2293 ἐφίημι

2218 2319 2423 2386 μικράν
2448 2332 2569 2368 τινα
2597 2313 2906 2385 ῥᾳστώνην,
2938 2313 3013 2377 ὡς
3052 2313 3130 2384 μὴ
3160 2313 3332 2384 βαρύς
3389 2331 3473 2377 τις
3531 2314 3628 2367 καὶ
3659 2314 3813 2366 aeta-

2214 2424 2402 2478 κριτος
2423 2407 2658 2476 δόξαιμι.
2679 2406 2921 2468 Ἐκεῖνος
2952 2404 3052 2474 μὲν
3084 2405 3179 2458 οὖν
3201 2405 3546 2475 παραχρῆμα
3569 2405 3808 2458 κατευθὺ

2214 2498 2603 2569 Χοιροϐάκχων
2623 2497 2845 2568 ἦλαυνε,
2882 2495 2976 2550 καὶ
2997 2496 3256 2550 εἰσελθὼν
3279 2495 3448 2550 κλείει
3478 2497 3576 2560 τὰς
3609 2495 3803 2560 πύλας’

2212 2592 2312 2655 τὰς
2343 2592 2399 2645 δὲ
2434 2591 2579 2654 κλεῖς
2619 2591 2782 2652 αὐτὸς
2810 2587 3277 2657 ἁναλαμὸάνεται.
3314 2583 3447 2640 Εἶτα
3469 2589 3594 2650 τοὺς
3617 2586 3805 2650 εὔνους

2213 2686 2459 2746 ἅπαντας
2492 2683 2600 2736 τῶν
2639 2681 2996 2753 θεραπόντων
3043 2681 3174 2750 περὶ
3225 2683 3296 2734 τὰ
3345 2677 3626 2752 κρήδεμνα
3671 2679 3802 2734 καθ-

2215 2777 2393 2846 ίστησι
2431 2775 2525 2828 τοῦ
2554 2777 2787 2846 τείχους,
2813 2773 3236 2843 ἐγκελευόμενος
3269 2774 3316 2805 ’⁸
3364 2774 3440 2842 μὴ
3469 2773 3794 2826 ἀναπεπτωοο

2213 2870 2391 2933 κέναι,
2423 2867 2539 2921 ἀλλ’
2571 2850 3069 2937 ἀπαγρυπνοῦντας
3095 2865 3142 2898 ⁵⁷
3173 2865 3490 2935 περιαθρεῖν
3529 2861 3596 2916 τὸ.
3637 2862 3798 2932 τείχη

2215 2961 2289 3030 μή
2325 2959 2429 3014 πού
2458 2977 2547 3024 τις
2592 2958 2834 3011 ἀνελθὼν
2870 2957 2967 3012 καὶ
3013 2956 3303 3027 προκύψας
3352 2956 3632 3026 ὁμιλήσειε
3689 2955 3802 3017 τοῖς

2211 3051 2468 3115 Σκύθαις.
2529 3051 2868 3119 Ἀνίσχοντος
2899 3049 2954 3102 δὲ
2993 3047 3087 3101 τοῦ
3141 3048 3318 3120 ἡλίου,
3353 3050 3450 3101 καὶ
3485 3048 3535 3100 οί
3581 3045 3802 3111 ἐλπιζό-

2215 3163 2369 3216 μενοι
2396 3144 2505 3198 τῶν
2539 3142 2765 3196 Σκυθῶν
2816 3140 3244 3204 καταλαϐόντες,
3299 3141 3440 3193 κατὰ
3471 3141 3561 3192 τὸν
3596 3156 3801 3208 συγκε-

2210 3237 2546 3306 κολλημένον
2607 3235 2682 3306 τῷ
2743 3235 2912 3304 τείχει
2967 3234 3080 3287 τῶν
3140 3233 3536 3302 Χοιροϐάκχων
3599 3231 3806 3301 αὐχένα

2211 3327 2469 3396 ἔστησαν.
2512 3327 2602 3392 Ἐξ
2646 3323 2720 3379 ὧν
2761 3324 3066 3395 τηνικαῦτα
3105 3326 3519 3395 ἀποκριθέντες,
3564 3323 3701 3378 ῶσεὶ
3746 3322 3806 3390 ἐξ

2211 3421 2475 3491 χιλιάδες,
2513 3421 2592 3482 είς
2631 3419 2916 3490 προνομὴν
2955 3417 3450 3486 διεσκεδάσθησαν,
3501 3417 3806 3486 ὲφθακὸτες

2217 3514 2416 3583 μέχρις
2441 3510 2610 3564 αὐτοῦ
2651 3511 2748 3564 τοῦ
2784 3513 3026 3563 Δεκάτου
3062 3509 3178 3580 (51)
3212 3510 3344 3562 ὡσεὶ
3373 3510 3507 3563 δέκα
3557 3510 3806 3573 σταδίους

2212 3607 2322 3659 τῶν
2354 3606 2556 3675 τειχῶν
2590 3605 2892 3674 ἀπέχοντος
2949 3605 3048 3672 τῆς
3101 3603 3373 3673 βασιλίδος
3419 3599 3526 3655 τῶν
3569 3600 3804 3655 πόλεων·

2216 3699 2276 3766 ἐξ
2328 3691 2414 3763 οὗ,
2451 3694 2631 3766 οἶμαι,
2675 3699 2768 3750 καὶ
2823 3697 2924 3765 τὴν
2957 3697 3274 3766 ἐπωνυμίαν
3324 3695 3617 3766 ἐκτήσατο.
3657 3693 3804 3748 Οίδδ

2213 3791 2393 3844 λοιποὶ
2425 3791 2591 3846 αὐτοῦ
2633 3809 2735 3844 που
2777 3789 3280 3861 διαμεμενήκεσαν.
3345 3789 3405 3842 '0
3444 3789 3501 3842 δὲ
3551 3785 3806 3858 βασιλεὺς

2214 3882 2458 3937 ἀνελθὼν
2489 3883 2577 3937 διὰ
2605 3881 2700 3936 τοῦ
2731 3885 2947 3952 τείχους
2975 3883 3058 3945 είς
3085 3882 3185 3946 τὰς
3215 3881 3474 3946 ἐπάλξεις
3505 3896 3804 3949 περιεσκοο

2217 3993 2308 4031 πει
2341 3976 2441 4041 τὰς
2476 3976 2734 4041 πεδιάδας
2763 3977 2858 4031 καὶ
2883 3979 3010 4040 τοὺς
3045 3979 3288 4048 βουνοὺς.
3316 3979 3369 4032 εί
3389 3995 3490 4031 που
3525 3979 3620 4030 καὶ
3640 3975 3805 4044 ἑτέρα

2215 4069 2449 4139 δύναμις
2478 4068 2526 4101 ⁸⁸
2550 4067 2763 4134 τούτοις
2790 4068 3026 4137 ἔπεισιν,
3055 4071 3108 4125 εί
3134 4087 3236 4124 που
3259 4070 3450 4140 λόχους
3475 4068 3805 4130 καθίσαντες

1587 4203 1800 4266 Variae
1829 4203 2144 4268 lectiones
2176 4223 2255 4267 ex
2277 4208 2420 4270 cod.
2462 4207 2733 4270 Coislin.

607 4302 650 4335 ⁵⁸
678 4300 841 4358 Deest
893 4319 996 4359 vox
1043 4305 1258 4360 ἑαυτόν.
1333 4305 1380 4341 ⁸⁵
1408 4306 1526 4363 τοῦ.
1603 4308 1650 4341 ⁸⁸
1683 4308 1772 4362 τά.
1849 4309 1895 4341 ⁹⁶
1935 4309 2335 4380 παραγγείλας.
2411 4311 2457 4344 ⁸⁷
2488 4310 2997 4380 ὲπαγρυπνοῦντας.
3071 4310 3118 4346 ⁸⁸
3149 4311 3334 4383 ἕτεραι
3366 4310 3649 4381 δυνάμεις.

1609 4430 1745 4491 Car.
1774 4426 2109 4490 Dufresnii
2146 4431 2246 4490 Du
2281 4429 2502 4509 Cengii
2531 4435 2724 4491 nota}.

604 4548 716 4622 (29)
750 4547 1110 4622 Παίαᾳκεζυὴ
1141 4548 1251 4622 τῇς
1285 4551 1606 4622 Ἀπόκρεω.
1652 4549 1808 4606 Feria
1844 4567 1875 4603 ν
1907 4553 2111 4607 hebdo-

2217 4553 2354 4607 alter
2393 4553 2445 4608 in
2489 4553 2726 4619 Zenone,
2764 4553 2908 4622 apud
2952 4552 3202 4609 eumdem
3254 4554 3584 4621 scriptorem
3619 4570 3633 4607 :
3688 4555 3802 4609 Καὶ

531 4620 876 4690 tti:td:£,_t_|tt:e
913 4618 1120 4674 Latinis
1175 4618 1514 4675 "ebdomada
1569 4623 1996 4690 Septuagesimae
2030 4623 2114 4676 di-

533 4695 694 4741 citur.
736 4687 869 4741 Vide
907 4690 1068 4744 Allat.
1101 4690 1175 4744 De
1203 4691 1442 4745 Itebdom.
1481 4687 1716 4748 Grrecor.
1742 4687 1800 4746 et
1833 4693 2110 4747 Petavium

531 4760 598 4812 ad
639 4757 859 4825 Nieeph.
890 4758 995 4813 (ΞΡ.
1190 4811 1193 4814 ι

625 4827 737 4902 (50)
787 4828 1120 4902 Ἑϐδομάδα
1149 4831 1257 4902 ζῆς
1293 4831 1654 4902 Τυροφάγου.
1681 4831 2110 4898 Hebdomadetn,

531 4912 632 5020 3::
677 4897 1064 5020 5S'eptitnanatn
1144 4897 1642 4972 Quinquagesimm.
1714 4902 1852 4957 Vide
1920 4897 2110 4972 supra,

530 4981 651 5034 pag.
677 4981 767 5020 ot.

605 5037 717 5106 (5|)
746 5038 1027 5094 Δεκάτου.
1073 5039 1248 5096 Locus
1306 5043 1404 5097 fuit
1452 5043 1520 5097 ab
1557 5041 1687 5100 urbe
1719 5043 2108 5098 Constantino-

530 5109 768 5184 pulitana
805 5108 871 5184 10
898 5110 1095 5184 stadiis
1128 5113 1565 5184 di_ssitus,_undc,
1603 5117 1678 5168 ait
1706 5117 1882 5184 Anna,
1924 5115 2108 5184 appel-

531 5177 789 5231 lationem
822 5181 1036 5250 videtnr
1069 5181 1312 5236 sortitus.
1347 5181 1516 5250 llujus
1546 5177 1790 5239 meminit
1817 5177 2108 5249 Theopha-

531 5250 922 5323 nes,_an.‘52
974 5249 1290 5307 Iustiniani.
1352 5253 1572 5308 Exstitit
1627 5265 1888 5323 praeterea
1945 5256 2107 5320 alius,

529 5317 774 5391 ejusdem
817 5319 987 5374 ferme
1043 5323 1298 5384 nominis,
1353 5324 1492 5377 intra
1541 5317 1752 5387 urbem,
1804 5327 1905 5380 nisi
1964 5317 2108 5391 quod

530 5403 628 5456 pro
655 5389 914 5464 Δέκατον,
957 5406 1087 5444 voce
1138 5408 1168 5464 ῃ
1224 5393 1376 5445 Latio
1434 5395 1599 5458 dicta,
1629 5397 1864 5464 Δέκιμον
1892 5389 2105 5447 nuncu-

528 5468 692 5532 patur
724 5476 738 5512 :
778 5461 920 5514 unde
953 5471 1104 5532 porta
1141 5461 1341 5516 Decimi
1388 5465 1560 5528 dit-ta,
1606 5461 1776 5531 quem
1816 5466 1869 5518 in
1904 5464 2108 5532 lllppo-

529 5526 781 5598 dromum
843 5526 1266 5598 per—corhleam
1330 5526 1580 5589 ducebat.
1620 5526 1822 5588 Auctor
1856 5526 2107 5588 C/tront'ci

528 5596 825 5674 ᾼίςεεαηάς.
846 5596 1358 5674 tradit_Gratianum
1381 5605 1519 5667 Aug.
1549 5617 1744 5658 cursum
1771 5603 1933 5658 fuiSse
1953 5605 2104 5674 ἐντῷ

529 5666 858 5734 ᾴνέρχεσθαι
905 5671 1072 5723 αὐτὸν
1108 5667 1190 5732 είς
1235 5673 1296 5724 τὸ
1327 5666 1552 5725 ἱππικὸν
1578 5666 2105 5727 Κωνσταντινουπόξ

530 5732 675 5813 huic;
699 5735 976 5813 θεωρῇσαι
1019 5740 1126 5813 petat
1161 5741 1256 5794 τοῦ
1292 5743 1534 5813 -κοχλίου
1593 5743 1735 5796 κατὰ
1772 5745 1872 5812 τὴν
1930 5743 2100 5813 θύραν

538 5803 630 5852 τοῦ
657 5803 950 5872 λεγομένου
999 5810 1256 5881 Δεκίμσυ.
1289 5803 1507 5881 Εκῖιιιο
1561 5814 1675 5868 loco
1722 5803 2100 5869 emcndandus

2219 4625 2435 4694 ἐσφάγη
2470 4625 2550 4678 si:
2587 4624 2646 4677 τὸ
2690 4625 2907 4693 κοχλίον
2955 4623 3048 4677 τοῦ
3079 4624 3342 4676 παλατίου
3378 4623 3523 4676 κατὰ
3549 4624 3610 4694 to
3643 4625 3802 4677 Δέκιο

2223 4711 2346 4762 μον,
2401 4693 2478 4753 ὡς
2527 4694 2855 4764 ἀνέρχεσθαι
2908 4695 2989 4756 είς
3040 4694 3102 4747 τὸ
3157 4695 3382 4747 ἱππικὸν
3435 4693 3719 4762 θεωρῆσαι
3773 4698 3803 4750 ὁ

2217 4765 2382 4828 αὐτὸς
2427 4765 2729 4836 Αὰρμᾴτος.
2762 4765 3054 4836 Perperam
3107 4767 3252 4819 enim
3301 4765 3504 4836 editum
3540 4765 3799 4836 Δόκιμον,

2216 4836 2374 4905 quod
2419 4833 2555 4905 ruga
2605 4835 2876 4887 eruditum
2913 4835 3290 4905 interpretem.
3331 4834 3496 4888 Porro
3546 4833 3694 4888 vicos
3743 4847 3802 4890 et

2214 4903 2413 4972 Oppida
2446 4903 2708 4960 nonnulla
2747 4920 2775 4956 a
2815 4917 3042 4956 numero
3071 4904 3368 4957 stadiorum
3394 4913 3446 4957 et
3481 4905 3798 4959 milliarium

2217 4989 2410 5028 nomen
2451 4976 2750 5042 sumpsisse
2780 4983 2964 5026 notum
3007 4987 3114 5038 eet,
3165 4983 3222 5028 ut
3273 4973 3427 5028 fuere
3459 4973 3797 5028 Hebdomnm

2207 5042 2361 5112 juxta
2397 5043 2947 5110 Constantinopolim,
2979 5053 3032 5097 ct
3077 5046 3216 5098 alius
3262 5045 3502 5112 ejusdem
3555 5045 3799 5099 nominis

2214 5116 2364 5168 locus
2431 5115 2584 5182 juxta
2647 5113 2979 5167 Florentium
3040 5115 3092 5168 in
3160 5113 3412 5172 Etruria,
3475 5113 3562 5167 ubi
3632 5114 3798 5169 hodie

2215 5184 2427 5238 abbatia
2463 5183 2821 5248 Scptimiana,
2882 5193 2937 5234 ttt
2997 5186 3163 5237 tradit
3219 5182 3504 5253 Ugltellus,
3556 5194 3686 5237 tom.
3729 5183 3796 5237 Ill

2215 5253 2346 5308 Ital.
2403 5271 2592 5314 sacrae,
2638 5267 2758 5321 past.
2804 5254 2895 5307 54.
2936 5254 3171 5308 Castella
3206 5257 3311 5306 duo
3343 5253 3528 5316 Quinti
3575 5254 3798 5308 nomine

2216 5325 2510 5391 appellata,
2569 5325 2622 5376 in
2677 5321 2948 5377 Dardania
2996 5341 3181 5389 unnnt,
3213 5325 3264 5378 in
3325 5323 3494 5392 Mysia
3533 5324 3789 5387 alterum,

2215 5409 2445 5462 quorum
2510 5393 2805 5462 Procopius
2875 5396 3157 5460 meminit,
3223 5405 3276 5447 et
3345 5395 3563 5447 tertium
3640 5393 3791 5459 juxta

2214 5464 2641 5524 Alexandriam,
2707 5465 2790 5517 ubi
2861 5464 2919 5519 ὃ.
2973 5465 3261 5518 Anastasia
3314 5464 3542 5532 patricia
3600 5480 3792 5518 mona-

2217 5535 2442 5588 sterium
2495 5536 2786 5595 exstruxit,
2844 5541 2904 5603 ut
2938 5535 3101 5588 estin
3151 5533 3468 5603 Synaxariis
3513 5534 3577 5586 10
3628 5533 3790 5586 Mart.

2213 5603 2465 5658 Occurrit
2511 5613 2772 5671 przeterca
2837 5602 3052 5657 Nonum
3099 5602 3250 5672 juxta
3299 5602 3545 5656 eamdem
3602 5605 3789 5656 urbem

2213 5675 2598 5727 Alexandriam
2628 5672 2772 5739 apud
2802 5673 3080 5728 Moschum
3131 5675 3184 5727 in
3235 5673 3402 5726 Prata
3429 5674 3604 5740 spirit.
3641 5677 3790 5740 quod

2211 5745 2282 5798 ita
2316 5746 2515 5799 dictum
2555 5743 2751 5805 innuit,
2785 5744 2926 5808 quod
2961 5745 3028 5797 ab
3065 5745 3198 5800 urbe
3233 5759 3425 5800 novem
3462 5742 3792 5799 milliat'ibus

2207 5815 2458 5880 distaret,
2493 5813 2689 5879 c.105,
2734 5814 2856 5879 177,
2891 5813 3008 5869 184.
