4112 6470
479 403 582 467 θΟἿ

1750 409 1973 471 ᾹΝΝᾹΞ
2013 409 2392 472 ΟΟΜΝΕΝίΕ

3620 411 3731 475 638

478 529 812 575 conscensus
845 532 907 575 ea
943 504 1021 575 illi
1046 534 1210 578 causa
1253 520 1376 589 fuit,
1408 523 1551 594 quod
1591 534 1867 595 utcunque
1901 539 2057 594 pcro—

2171 522 2315 575 τοῦτο
2371 521 2724 596 ισυνὲψεσθαι
2752 521 2951 595 τούτῳ]
2986 521 3184 589 διέγνω
3224 521 3350 586 τοὺς
3409 525 3528 592 μετ’
3563 524 3732 581 αὐτοῦ

456 617 683 675 'rasset,
716 610 897 667 minus
927 623 1250 682 speraverat
1283 616 1623 683 persuasisse
1651 630 1708 669 se
1728 616 1842 671 suis
1876 623 1934 669 ut
1968 629 2053 669 sc.-

480 720 604 759 cnm
659 719 849 760 omnes
894 707 1141 763 venirent
1175 727 1189 762 :
1222 725 1358 777 quos
1413 711 1457 764 si
1524 710 1811 764 universos
1866 709 2055 762 adesse

484 796 757 862 crederet,
793 797 926 851 nihil
966 809 1213 866 apertum
1241 799 1466 853 Martem
1499 812 1800 855 vereretur.
1824 800 1866 852 Α
1906 810 2056 868 tergo

484 884 653 957 igitur
720 888 772 940 in
825 890 1055 944 mediam
1114 893 1360 945 invectus
1411 893 1700 947 stationem
1748 892 2053 963 Scythicam

481 980 713 1050 primum
744 981 847 1036 sibi
884 992 1259 1037 occurrentem
1290 987 1447 1039 cmdit
1479 1001 1543 1039 ac
1579 989 1808 1053 sternit;
1842 1003 1939 1041 nec
1967 1000 2057 1040 co-

484 1071 642 1125 mites
698 1072 1084 1129 continuerunt
1146 1093 1387 1133 manum.
1441 1078 1664 1148 Strages
1720 1083 1900 1136 editur
1951 1098 2055 1138 non

481 1164 673 1232 exigua
712 1164 1061 1235 Scytharum,
1097 1171 1200 1224 vivi
1234 1173 1394 1225 etiam
1420 1174 1664 1227 nonnulli
1694 1174 2053 1230 abducuntur.

482 1253 582 1310 llic
608 1258 792 1312 animo
824 1260 1012 1315 solerti
1076 1263 1141 1317 ad
1185 1263 1312 1319 belli
1345 1275 1494 1320 artes
1541 1267 1807 1336 cogitatio
1866 1268 2058 1323 incidit

482 1352 733 1407 vertendi
761 1354 932 1423 spolia
964 1371 1230 1414 czesorum
1290 1360 1340 1412 in
1391 1364 1800 1429 stratagematis
1855 1361 2061 1416 instru-

484 1454 771 1512 mentum;
824 1462 924 1503 nec
981 1466 1152 1507 mora.
1210 1451 1486 1509 Romanos
1540 1455 1739 1510 milites
1785 1454 2059 1522 Scythicis

480 1536 660 1592 induit
694 1541 960 1606 vestibus,
996 1541 1371 1614 Scythicisque
1427 1547 1655 1616 imponit
1689 1551 1867 1616 equis.
1922 1545 2061 1602 Sno—

482 1641 600 1681 rnm
630 1645 801 1698 equos
833 1641 886 1686 et
923 1634 1074 1705 signa
1109 1635 1362 1690 militaria
1394 1655 1496 1693 una
1530 1654 1654 1693 cum
1685 1641 1930 1709 praecisis
1967 1656 2061 1694 ca-

484 1720 689 1787 pitibus
717 1723 1044 1793 Scytharum
1086 1742 1182 1797 per
1238 1729 1486 1785 homines
1548 1731 1686 1786 lidos
1746 1735 2060 1789 adveheuda

486 1812 626 1866 intra
659 1816 845 1870 urbem
877 1827 1059 1882 curat,
1110 1820 1238 1875 dato
1268 1824 1482 1890 negotio
1512 1834 1571 1878 ut
1597 1841 1657 1879 se
1689 1825 1800 1881 illic
1834 1838 2063 1894 praesto-

483 1902 754 1962 larentur.
788 1908 908 1977 Ipse
942 1925 1062 1964 cum
1101 1913 1216 1966 suis
1247 1914 1501 1984 Scythica
1538 1918 1735 1972 vexilla
1773 1922 2062 1977 vestimen-

488 2007 648 2068 taque
683 2001 1098 2069 praeferentibus
1128 2007 1412 2062 descendit
1466 2023 1659 2066 versus
1707 2028 1922 2068 amnem
1953 2030 2058 2069 non

485 2093 645 2161 longe
687 2111 715 2148 a
774 2095 1199 2154 Chterobacchis
1240 2099 1518 2169 fluentem,
1574 2120 1680 2174 qua
1739 2106 2065 2177 trajecturos

480 2187 814 2254 ,opinabatur
872 2189 1105 2260 Scythas
1157 2192 1296 2247 alios
1357 2193 1443 2248 ubi
1496 2210 1527 2248 e
1569 2199 1751 2264 praeda
1802 2200 2062 2255 redirent.

487 2275 645 2332 Brevi
678 2288 1009 2336 revertentes
1040 2281 1115 2335 illi
1144 2283 1426 2338 cohortem
1458 2288 1743 2344 intuentur
1771 2291 1839 2345 ad
1871 2292 2064 2347 vadum

488 2369 744 2436 ﬂuminis,
771 2372 863 2427 sed
896 2372 1114 2428 indiciis
1144 2374 1316 2430 delusi
1352 2392 1504 2432 suam
1529 2381 1835 2446 credentes,
1874 2398 2065 2440 secure

488 2477 553 2517 ac
583 2463 881 2522 ludibundo
908 2480 969 2521 se
994 2468 1305 2524 admovent.
1336 2468 1630 2527 Enimvero
1677 2488 1782 2529 non
1815 2474 1892 2529 sic
1917 2479 2067 2532 exci-

488 2559 740 2626 piuntur,
764 2567 819 2613 at
847 2559 1014 2616 vastis
1039 2560 1268 2625 ictibus;
1304 2565 1604 2632 trepidatur
1625 2568 1693 2620 ad
1726 2567 2064 2636 inopinatum

491 2650 715 2707 malum.
751 2650 1048 2708 Caeduntur
1076 2655 1295 2723 partim,
1351 2657 1547 2722 partim
1600 2659 1893 2728 capiuntur
1945 2662 2067 2716 bar-

491 2745 633 2800 bari.
664 2743 778 2799 Sub
816 2760 1096 2815 vesperam
1127 2746 1463 2811 (Sabbatum
1493 2764 1554 2804 ea
1577 2750 1696 2806 dies
1724 2752 1860 2822 fuit)
1890 2770 2070 2811 rever-

490 2837 624 2893 titur
642 2853 761 2892 cum
785 2837 1038 2907 captivis,
1063 2848 1445 2911 posteramque
1470 2843 1647 2899 lucem
1681 2846 1849 2902 hazret
1871 2848 2067 2907 ibidem

492 2936 688 2984 totam.
716 2929 1077 2987 lllucescente
1111 2935 1351 2988 secunda
1382 2932 1519 2990 feria
1544 2944 1728 2993 castro
1757 2941 1892 3006 exit,
1928 2943 2069 2997 bifa-

492 3022 629 3076 riam
665 3021 856 3077 divisis
890 3022 1083 3092 capiis.
1123 3020 1280 3079 Prius
1331 3040 1395 3080 ex
1444 3026 1514 3082 iis
1557 3031 1842 3087 constabat
1874 3050 2065 3105 agmen

490 3112 584 3182 qui
615 3113 771 3177 signa
800 3124 1090 3184 vestesque
1114 3114 1403 3184 Scythicas
1439 3119 1638 3187 quibus
1673 3122 1755 3175 usi
1802 3135 1959 3180 erant
2001 3129 2065 3184 ad

2157 614 2294 684 πρὸς
2334 615 2419 669 τὸν
2444 617 2584 669 κατά
2608 617 2878 685 συστάδην
2918 615 3059 685 μετά
3090 614 3198 667 τῶν
3222 614 3446 668 Σκυθῶν
3472 615 3731 686 πόλεμον.

2156 707 2265 762 Καὶ
2296 707 2512 777 πρῶτος
2535 708 2694 770 αὐτὸς
2721 708 2848 777 δόρυ
2879 707 3248 776 σπασάμενος,
3278 708 3335 768 ἐς
3367 709 3563 778 μέσους
3593 708 3733 762 Σκύ-

2157 799 2256 863 θας
2280 800 2470 853 ἑαυτὸν
2503 798 2705 871 ῶθησε,
2744 799 2945 862 παίσας
2990 800 3084 853 τὸν
3114 798 3343 870 πρώτως
3380 798 3531 869 αὐτῷ
3556 800 3728 854 ὑπαν-

2155 892 2441 946 τιάσαντα.
2487 891 2629 943 Ἀλλ’
2661 890 2768 944 οὐδ’
2820 891 2866 944 οί
2905 890 3002 943 σὺν
3055 891 3205 961 αὐτῷ
3257 891 3588 961 στρατιῶται
3627 893 3728 961 τῆς

2162 987 2343 1056 μάχης
2369 985 2799 1055 ἀπελείφθησαν,
2844 985 3140 1039 κάντεῦθεν
3166 986 3292 1049 τοὺς
3330 986 3428 1054 μὲν
3463 982 3679 1048 πλείοῦς
3712 987 3734 1017 δ

2158 1080 2427 1140 ἔκτειναν.
2482 1079 2605 1141 τοὺς
2655 1078 2711 1132 δὲ
2750 1078 2842 1131 καὶ
2893 1076 3138 1147 ζωγρίαν
3183 1074 3339 1148 ἦγον.
3398 1074 3530 1131 Εἶτα
3575 1079 3737 1131 ὁποῖα

2159 1172 2364 1232 ἐκεῖνος
2388 1170 2734 1242 μηχανᾶσθαι
2774 1169 2976 1234 εἰώθει,
3030 1171 3264 1233 τὰςτῶν
3305 1170 3531 1223 Σκυθῶν
3574 1170 3739 1238 ἐσθῆ-

2160 1283 2257 1328 τας
2297 1264 2407 1335 (54)
2439 1265 2564 1327 τοὺς
2616 1261 2957 1332 στρατιώτας
2988 1263 3312 1332 ἀμφιέννυσι
3342 1264 3436 1316 καὶ
3457 1264 3566 1317 τῶν
3594 1265 3738 1317 Σκυ-

2160 1355 2326 1412 θικῶν
2360 1357 2542 1410 ἳππων
2573 1354 2829 1424 ἐπιϐῆναι
2860 1354 3092 1420 κελεύει,
3135 1355 3262 1416 τοὺς
3307 1355 3362 1408 δὲ
3399 1354 3601 1417 ἵππους
3626 1356 3735 1409 τῶν

2163 1449 2534 1521 στρατιωτῶν,
2560 1450 2655 1503 καὶ
2685 1449 2785 1511 τὰς
2815 1446 3019 1500 τούτων
3045 1448 3309 1518 σημαίας,
3329 1448 3422 1501 καὶ
3448 1448 3547 1511 τάς
3603 1450 3739 1502 ἀπο-

2162 1545 2460 1614 τμητείσας
2492 1544 2511 1575 ⁸
2541 1540 2644 1595 τῶν
2671 1540 2891 1594 Σκυθῶν
2919 1540 3162 1608 κεφαλὰς
3194 1540 3468 1610 παραδούς
3492 1559 3601 1595 τισι
3624 1542 3732 1596 τῶν

2162 1636 2550 1703 εὐνουστέρων,
2599 1634 3017 1705 παραλαϐόντας
3068 1633 3400 1704 προσέταξεν
3466 1634 3599 1686 εἵσω
3642 1633 3735 1687 τοῦ

2162 1727 2401 1795 κάστρου
2460 1725 2715 1793 γενέσθαι
2781 1724 3256 1794 ἀπεκδεχομένους
3312 1724 3499 1779 αὐτόν.
3544 1724 3733 1779 Ταῦτα

2164 1819 2344 1872 τοίνυν
2377 1818 2547 1881 οὕτως
2579 1818 2942 1888 οἰκονομήσας
2972 1819 3183 1879 ἐκεῖνος
3233 1818 3369 1887 μετά
3403 1817 3511 1872 τῶν
3539 1817 3738 1871 Σκυθι-

2171 1911 2282 1965 κῶν
2311 1910 2581 1979 σημαιῶν,
2617 1910 2712 1962 καὶ
2755 1910 2864 1961 τῶν
2892 1908 2962 1960 ca
3008 1908 3250 1962 Σκυθικά
3293 1910 3475 1978 ἄμφια
3523 1909 3747 1979 περιϐε-

2171 2001 2269 2069 ὅλη
2280 2001 2455 2070 μένων
2483 2001 2856 2070 στρατιωτῶν,
2893 2000 3139 2053 κάτεισιν
3165 2000 3240 2063 ὡς
3274 2000 3410 2070 πρὸς
3448 2000 3540 2054 τὸν
3569 1998 3742 2069 ἀγχοῦ

2166 2093 2555 2162 Χοιροϐάκχων
2613 2091 2803 2163 ῥέοντα
2834 2091 3079 2161 πόταμον
3113 2090 3247 2158 (35).
3291 2091 3428 2144 ὅπου
3471 2090 3566 2144 καὶ
3614 2092 3746 2153 τοὺς

2165 2184 2273 2238 ἀπὸ
2305 2183 2403 2251 τῆς
2434 2180 2714 2251 προνομῆς
2758 2179 3201 2248 ὑποστρέφοντας
3262 2176 3474 2239 Σκύθας
3521 2175 3744 2245 ἐνόμιζε

2164 2274 2416 2330 διελθεῖν.
2448 2274 2511 2326 Oi
2530 2273 2587 2342 δὲ
2615 2273 2909 2340 προνομεῖς
2932 2272 3130 2323 ἐκεῖνοι
3154 2269 3484 2334 θεασάμενοι
3518 2268 3746 2330 τούτους

2169 2366 2492 2435 ἱσταμένους
2522 2364 2725 2429 ἐκεῖσε,
2755 2362 2853 2415 καὶ
2895 2362 3218 2430 νομίσαντες
3268 2361 3364 2413 καὶ
3394 2358 3607 2422 Σκύθας
3643 2359 3747 2413 αὒ-

2165 2461 2292 2522 τοίις
2346 2453 2509 2522 εἶναι,
2567 2455 2894 2523 ἀφυλάκτως
2952 2454 3166 2512 τούτοις
3226 2451 3668 2521 προσπίπτοντες
3699 2451 3748 2516 ⁸,

2167 2551 2262 2608 καὶ
2292 2552 2312 2584 ⁷
2360 2551 2412 2604 οί
2441 2549 2541 2621 μὲν
2586 2546 2910 2619 ἀνῃροῦντο,
2959 2544 3111 2598 ἄλλοι
3163 2542 3220 2596 δὲ
3269 2543 3365 2595 καὶ
3408 2542 3741 2613 κατείχοντο.

2180 2642 2453 2714 Ἐσπὲρας
2481 2640 2538 2694 δὲ
2566 2638 2982 2706 καταλαϐούσης
3018 2634 3317 2704 (Σάϐϐατον
3348 2633 3405 2687 δὲ
3437 2628 3550 2704 ἦν),
3581 2636 3746 2687 ἐπανι-

2167 2736 2386 2806 ἐρχεται
2417 2734 2553 2804 μετὰ
2603 2731 2711 2785 τῶν
2738 2727 3117 2800 δορυαλὼτων.
3152 2725 3521 2797 Καρτερήσας
3549 2724 3607 2776 δὲ
3650 2722 3742 2776 καὶ

2165 2827 2265 2899 τὴν
2292 2823 2574 2888 ἐπιοῦσαν,
2603 2820 2949 2890 αὑγαζούσης
2977 2820 3077 2890 ἤδη
3117 2819 3218 2886 τῆς
3245 2813 3742 2887 δευτέραςμὲξῆλθε

2167 2920 2260 2972 τοῦ
2292 2918 2554 2986 κάστρου,
2591 2914 2685 2968 καὶ
2726 2910 2915 2967 διελὼν
2942 2910 3069 2975 τοὺς
3097 2910 3191 2964 ὑπ’
3223 2909 3409 2972 αὑτδν,
3437 2907 3747 2978 ἔμπροσθεν

2173 3011 2272 3082 μὲν
2305 3012 2568 3083 εἰσήγαγε
2597 3008 2724 3072 τοὺς
2750 3006 2849 3068 τάς
2899 3005 3007 3059 τῶν
3034 3002 3256 3057 Σκυθῶν
3321 3001 3560 3073 σημαίας
3612 3017 3750 3054 κατ-

2172 3106 2419 3174 έχοντας,
2469 3100 2693 3155 ὄπισθεν
2718 3098 2775 3152 δὲ
2803 3097 2928 3162 τοὺς
2974 3093 3341 3166 δορυαλώτους
3371 3092 3481 3146 τῶν
3524 3090 3752 3145 Σκυθῶν

492 3206 773 3260 victoriam
816 3182 1062 3262 ferebant
1093 3226 1106 3262 :
1142 3182 1227 3264 bis
1254 3182 1584 3267 accedebant
1611 3215 1813 3284 captivi
1850 3182 2065 3290 Scythae

2173 3195 2324 3268 παρά
2353 3193 2600 3266 χωριτῶν
2641 3192 2872 3246 ἕκαστον
2904 3189 3110 3247 τούτων
3137 3185 3532 3257 κατεχομένους
3564 3184 3605 3236 ⁸.
3638 3182 3749 3290 Τὰς

392 3357 411 3371 ,
468 3295 564 3359 _ab
597 3297 905 3366 agrestibus
937 3299 1207 3370 indigenis
1232 3302 1513 3372 sigillatim
1539 3307 1726 3362 ducti:
1753 3311 2066 3379 sequeban-

494 3398 584 3455 tur
612 3389 678 3443 ad
708 3401 1035 3456 extremum,
1084 3391 1175 3460 qui
1217 3394 1394 3461 capita
1449 3393 1775 3466 Scytharum
1816 3401 2067 3472 adempta

492 3482 699 3538 truncis
726 3483 1056 3554 praeﬁxaque
1100 3484 1273 3555 longis
1310 3486 1480 3543 hastis
1534 3490 1649 3546 alte
1699 3493 2066 3550 ostentabant.

491 3573 623 3629 Post
658 3574 759 3630 bos
798 3575 978 3643 apatio
1024 3577 1258 3647 quodam
1313 3580 1636 3649 interposito
1700 3586 2072 3652 procedebant

492 3668 723 3725 Romani
751 3670 957 3727 milites
987 3687 1110 3727 cum
1142 3672 1319 3729 solitis
1356 3674 1664 3743 insignibus
1694 3680 2067 3753 vestibusque,

492 3761 560 3817 l‘s
589 3763 859 3819 admistus
894 3763 1189 3835 imperator
1221 3768 1511 3824 claudebat
1541 3786 1759 3841 agmen.

562 3854 663 3911 Hic
686 3856 939 3912 incessus
965 3859 1244 3914 redeuntis
1273 3872 1414 3916 erat.
1463 3862 1533 3916 At
1579 3862 1917 3935 Palaeologus
1969 3882 2073 3937 pro

493 3955 693 4002 caetero
721 3946 933 4003 fervore
969 3949 1241 4005 bellicosas
1275 3951 1474 4007 indolis
1497 3968 1680 4008 moras
1704 3957 1908 4025 quietis
1931 3970 2069 4013 con-

494 4054 666 4095 cessas
690 4055 797 4094 non
829 4040 1128 4107 sustinens,
1159 4042 1277 4109 ipso
1322 4043 1426 4111 iam
1481 4044 1724 4101 diluculo
1773 4046 2074 4105 Dominica:

495 4130 849 4200 Carnisprivii
880 4140 1006 4186 ante
1026 4148 1214 4188 omnes
1260 4134 1398 4192 alios
1428 4135 1691 4207 Byzantio
1720 4140 1909 4203 exivit,
1942 4141 2073 4195 iter—

495 4238 602 4292 que
624 4223 801 4280 locum
837 4240 1026 4281 versus
1052 4227 1139 4281 ubi
1172 4237 1292 4283 erat
1328 4229 1625 4299 imperator
1655 4247 1765 4286 non
1796 4233 1916 4288 sine
1941 4248 2073 4288 cura

496 4329 552 4377 et
581 4319 1071 4390 circumspectione
1102 4322 1445 4390 capessebat,
1473 4325 1641 4394 utqui
1659 4335 1919 4396 expertus
1943 4343 2073 4384 nos—

496 4421 605 4477 set.
667 4428 830 4481 quam
887 4413 1098 4470 celeres
1148 4425 1312 4485 atque
1368 4417 1678 4487 improvisa:
1741 4419 2070 4492 Scytharum

496 4508 868 4575 grassationes
905 4517 1111 4565 essent.
1164 4507 1222 4563 ln
1275 4509 1396 4579 ejus
1437 4511 1713 4566 cautionis
1744 4527 1903 4568 usum
1935 4529 2071 4584 prae-

495 4599 691 4653 cedere
721 4597 961 4669 iusserat
992 4599 1205 4657 modico
1240 4600 1524 4658 intervallo
1551 4617 1582 4656 e
1616 4604 1793 4661 servis
1835 4604 2073 4661 familia-

498 4686 650 4741 ribus
682 4687 799 4743 suis
827 4688 1035 4758 aliquot
1081 4689 1100 4758 (
1126 4690 1233 4746 bos
1283 4691 1427 4744 enim
1483 4691 1641 4748 istius
1690 4694 1794 4750 viae
1842 4698 2074 4755 comites

498 4780 772 4855 habebat)
825 4782 1170 4853 lustrareque
1217 4785 1436 4862 curiose
1494 4802 1761 4857 campos,
1821 4804 2070 4860 nemora,

497 4876 725 4930 semitas
765 4891 782 4929 :
811 4889 876 4931 ac
903 4876 949 4931 si
983 4874 1124 4932 forte
1155 4877 1364 4945 uspiam
1400 4878 1564 4951 224
1612 4879 1852 4953 Scythas
1879 4884 2074 4939 obser-

494 4976 712 5033 varent,
773 4967 1048 5024 curriculo
1103 4970 1411 5025 nuntiatum
1474 4972 1577 5041 ipsi
1628 4976 2069 5044 regrederentur.

496 5057 615 5113 Tali
644 5074 777 5115 cura
810 5060 1017 5131 talique
1075 5062 1362 5131 proposito
1424 5063 1529 5119 iter
1581 5066 1866 5134 agentibus
1904 5081 2074 5136 appa-

500 5163 620 5210 rent
652 5157 836 5226 procul
874 5157 930 5210 in
985 5157 1209 5225 planitie
1259 5154 1487 5226 Dimylia
1544 5158 1705 5227 vulgo
1753 5159 1860 5214 dici
1910 5161 2072 5216 solita

496 5262 635 5318 quos
667 5248 901 5304 diximus
940 5248 1290 5319 imperatoris
1322 5249 1525 5306 milites
1560 5250 1803 5307 vestibus
1841 5250 2073 5320 insigni-

496 5341 707 5414 busque
738 5342 1013 5416 Scythicis
1051 5344 1255 5400 ornati.
1289 5343 1679 5415 Exploratores
1732 5344 1877 5400 haud
1915 5345 2067 5398 dubii

2176 3289 2231 3342 δὲ
2265 3286 2676 3356 ἀποτμηθείσας
2724 3282 2968 3350 κεῳαλάς
3012 3280 3203 3350 δόρασι
3246 3274 3576 3347 περιπείρας
3609 3271 3747 3343 παρ’

2175 3381 2380 3450 ἐτέρων
2409 3375 2566 3442 αὖθις
2589 3381 2649 3432 ὲν
2677 3376 2890 3441 τούτοις
2913 3368 3371 3444 ἀπαιωρουμένας
3402 3364 3741 3437 παρεκελεύι

2179 3489 2309 3527 σατο
2361 3471 2505 3526 οὕτω
2556 3471 2659 3541 τὴν
2707 3469 3016 3538 ὁδοιπορίαν
3074 3463 3362 3520 ποιεῖσθαι.
3419 3459 3642 3515 Τούτων
3692 3458 3752 3512 δὲ

2176 3564 2403 3619 ὄπισθεν
2449 3566 2513 3618 ὲκ
2544 3563 2912 3632 διαστήματος
2967 3558 3194 3630 μετρίου
3229 3556 3451 3626 ἀπέχων
3479 3551 3618 3623 μετά
3643 3549 3754 3604 τῶν

2178 3660 2269 3715 ὑπ’
2298 3658 2459 3714 αὑτὸν
2489 3660 2582 3711 καὶ
2608 3656 2719 3715 τῶν
2760 3654 3007 3726 συνήθων
3035 3655 3147 3716 τοῖς
3181 3649 3474 3720 Ῥωμαίοις
3505 3644 3756 3717 σημαιῶν

2177 3752 2445 3823 ἑπόμενος
2487 3745 2577 3820 ἦν.
2999 3816 3005 3821 _

2248 3864 2607 3935 Δὺγαζούσης
2660 3864 2717 3919 δὲ
2761 3864 2861 3933 τῆς
2930 3860 3217 3930 Ἀπόκριω
3272 3854 3557 3927 Κυριακῆς
3620 3849 3753 3924 (56),

2177 3962 2208 4015 ὁ
2266 3958 2632 4025 Παλαιολόγος
2687 3954 3026 4026 θερμουργὸς
3090 3952 3172 4005 ὢν
3235 3952 3364 4018 περὶ
3432 3947 3533 4009 τὰς
3597 3945 3755 3999 πολε·

2184 4049 2350 4121 μικὰς
2410 4050 2639 4119 πράξεις
2693 4046 2801 4117 πρὸ
2863 4045 2972 4099 τῶν
3033 4042 3210 4098 ἄλλων
3285 4037 3599 4109 ἐξεληλύθει
3662 4035 3754 4088 τοῦ

2180 4141 2500 4208 Βυζαντίου.
2564 4141 2637 4195 Τὸ
2693 4139 2750 4193 δὲ
2818 4136 3117 4209 ὀξύρροπον
3177 4133 3288 4188 τῶν
3354 4130 3577 4185 Σκυθῶν
3636 4129 3756 4180 ἐπι-

2181 4235 2478 4304 στάμενος,
2556 4232 2657 4286 οὐκ
2736 4229 3191 4302 ἀπεριμερίμνως
3270 4225 3371 4295 τὴν
3450 4220 3757 4292 ὁδοιπορίαν

2180 4330 2436 4384 ἐποιεῖτο.
2478 4325 2622 4381 Ἀλλ’
2650 4322 2950 4379 ἀποδιελὼν
2979 4322 3089 4376 τῶν
3122 4317 3585 4386 συνεφεπομένων
3611 4311 3758 4383 αὐτῷ

2180 4419 2533 4492 θεραπόντων
2549 4417 2766 4481 ὀλίγους
2792 4414 3236 4486 παρεκελεύσατο
3266 4410 3433 4464 αὐτοῦ
3460 4406 3758 4477 προεκτρέ-

2180 4531 2295 4584 χειν
2324 4512 2619 4582 διάστημα,
2650 4511 2743 4562 καὶ
2775 4508 2874 4571 τὰς
2903 4505 3179 4569 πεδιάδας,
3214 4503 3309 4557 καὶ
3334 4501 3409 4555 τὰ
3456 4500 3615 4568 ἄλση,
3664 4498 3757 4551 καὶ

2180 4606 2281 4670 τὰς
2317 4605 2472 4670 ὁδοὺς
2513 4602 2855 4675 περιαθρείν,
2895 4600 2961 4652 ἵν’
3002 4600 3056 4654 εί
3085 4597 3186 4650 πού
3218 4613 3365 4658 τινες
3392 4594 3504 4647 τῶν
3535 4591 3757 4645 Σκυθῶν

2179 4700 2527 4768 ἀναφανεῖεν,
2559 4696 2697 4767 ταχὺ
2743 4691 3186 4764 ὑποστρέψαντες
3224 4686 3633 4758 ἀπαγγείλωσιν
3657 4686 3755 4737 αύ-

2180 4792 2282 4861 τῷ.
2315 4790 2473 4844 Οὕτω
2493 4789 2624 4859 γοῦν
2658 4787 3039 4858 πορευόμενοι,
3073 4783 3201 4837 ἐπεὶ
3234 4782 3376 4835 κατὰ
3401 4780 3499 4849 τὴν
3535 4777 3759 4833 πεδιάδι

2181 4886 2281 4957 τὴν
2308 4883 2451 4938 οὕτω
2503 4882 2846 4952 καλουμένην
2891 4877 3176 4948 Διμυλίαν,
3237 4875 3361 4939 τοὺς
3394 4874 3462 4929 τὰ
3518 4870 3758 4926 Σκυθικά

2183 4976 2690 5049 περιϐεϐλημένους
2755 4974 2937 5043 ἀμφια
3000 4973 3098 5026 καὶ
3171 4969 3446 5032 Σκυθικὰς
3515 4965 3759 5035 σημαίας

2181 5071 2496 5129 ἐθεάσαντο,
2532 5067 2615 5130 είς
2645 5065 2893 5118 τούπίσω
2939 5062 3409 5133 ἀναστρέψαντες,
3466 5057 3592 5120 τοὺς
3623 5053 3761 5107 Σκύ-

2180 5162 2279 5224 θας
2441 5154 2883 5227 καταλαμϐάνειν
2939 5153 3167 5222 ἔφασαν.
3215 5150 3274 5204 '0
3309 5149 3366 5202 δὲ
3416 5148 3757 5216 παραχρῆμα

2181 5252 2239 5304 ὲν
2270 5251 2381 5313 τοῖς
2400 5248 2588 5309 ὅπλοις
2620 5242 2712 5317 ἦν.
2756 5244 2912 5299 Κατὰ
2954 5244 3120 5307 πόδας
3155 5241 3211 5295 δὲ
3260 5241 3355 5294 καὶ
3382 5239 3569 5309 ἔτερος
3592 5235 3759 5289 ἐλθὼν

2178 5344 2480 5397 διενίστατο
2531 5340 2704 5410 λέγων
2747 5338 2824 5403 ὡς
2858 5337 3127 5392 ’ὄπισθεν
3190 5335 3299 5390 τῶν
3347 5333 3489 5403 τάχα
3535 5329 3760 5384 Σκυθῶν

1532 5461 1736 5523 Varias
1771 5458 2082 5524 lectiones
2123 5476 2203 5522 ex
2227 5457 2371 5520 cod.
2407 5455 2677 5520 Coislin.

569 5569 593 5600 ⁵
625 5566 896 5632 πλείονας.
957 5568 979 5599 ⁸
1011 5564 1444 5638 ἀποτμηθείσας.
1505 5563 1976 5635 ⁸’προσπίπτουσα
2037 5564 2058 5597 ⁷

2171 5573 2250 5619 est
2275 5562 2465 5619 vocula
2494 5562 2608 5616 καί.
2666 5559 3142 5632 ⁸παρεχομένους.
3195 5555 3216 5588 ⁶
3251 5552 3415 5609 Deest
3443 5553 3633 5609 vocula
3660 5554 3755 5617 ὡς.

1581 5658 1717 5719 Car.
1738 5656 2072 5720 Dufresnii
2100 5658 2192 5720 Du
2217 5655 2440 5737 Cangii
2481 5661 2670 5718 notis.

574 5762 687 5830 (τι)
717 5760 966 5819 Σκυθῶν
985 5760 1271 5831 ἐσθῆτας.
1300 5758 1487 5815 Simile
1518 5768 1850 5831 stratagcma
1885 5760 2078 5815 recitat

506 5829 810 5897 Polymnus.
840 5834 937 5886 lib.
964 5848 980 5887 I
1012 5833 1064 5885 in
1097 5829 1333 5886 Cimone.

584 5900 696 5968 (35)
756 5901 997 5957 Ῥέοντα
1046 5900 1333 5971 ποταμόν.
1370 5898 1589 5958 Metam.
1631 5899 1765 5957 Vide
1805 5899 2074 5957 Nicctam.

2185 5828 2228 5885 ν
2256 5758 2692 5887 ἓὸθὲὶἶίπόκρεω
2715 5750 3038 5825 Κυριακῆς.
3068 5749 3353 5809 Dominica
3376 5747 3759 5822 Sexagesima.

2236 5834 2248 5885 i
2290 5846 2319 5887 ε
2435 5830 2626 5884 alium.

2236 5844 2319 5887 NB
2347 5844 2626 5887 Allilllum.
