4112 6444
379 353 490 419 609

1593 346 2009 408 ALEXIADIS
2044 347 2190 408 LIB.
2230 345 2402 408 VIII.

3529 341 3639 405 610

378 467 440 532 ἐξ
475 465 664 519 ἱκανοῦ
707 467 1095 536 omnium-6;,
1141 465 1449 538 Ῥωμαϊκαὶ
1490 466 1836 534 ἀνεφάνησαν
1868 480 1963 532 ση-

2069 469 2363 517 recurrunt
2416 459 2856 529 confirmantque
2913 459 3104 514 adesse
3161 457 3436 529 Scythas;
3492 475 3643 516 arma

382 557 566 627 μαῖαι,
593 556 688 609 καὶ
722 559 1051 622 στρατιῶται
1089 557 1320 612 κατόπιν
1361 557 1594 615 θέοντες.
1637 555 1698 610 OE
1737 556 1834 625 μὲν
1869 549 1962 606 οὖν

377 649 555 702 ταῦτα
613 650 1053 717 ἀπαγγέλλοντες
1107 651 1167 704 τὸ
1220 651 1403 720 μέντοι
1465 650 1822 718 ἐστοχάζοντο
1865 649 1963 714 τῆς

377 740 666 808 ἀληθείας,
695 741 756 793 τὸ
787 741 842 794 δὲ
879 743 974 795 καὶ
1004 743 1496 812 παρεστοχάζοντο.
1537 743 1610 796 T6
1642 743 1739 812 μὲν
1777 743 1820 771 ⁸⁰
1867 757 1964 792 κα-

377 833 540 886 τόπιν
565 833 792 887 ὲλαῦνον
825 839 1161 906 στράτευμα,
1191 839 1268 900 ὡς
1295 836 1508 904 άληθῶς
1543 835 1848 905 Ῥωμαϊκὸν
1869 831 1961 902 ἦν,

381 927 479 979 καὶ
513 926 626 988 τοῖς
661 927 924 996 σχήμασι,
961 929 1057 980 καὶ
1107 931 1218 990 τοῖς
1265 931 1578 998 πράγμασι,
1621 928 1717 981 καὶ
1750 927 1778 979 ὁ
1810 926 1966 996 βασι-

381 1017 508 1079 λεὺς
534 1018 714 1072 αὐτῶν
750 1019 1074 1088 ἡγεμόνευε,
1130 1019 1192 1073 τὸ
1251 1020 1308 1073 δὲ
1343 1020 1822 1091 προπορευόμενον
1870 1019 1964 1070 καὶ

383 1112 661 1174 Σκυθικῶς
720 1112 1048 1183 ἐσταλμένον
1122 1113 1224 1182 τῆς
1295 1114 1610 1182 Ῥωμαῖκῆς
1662 1113 1762 1183 μὲν
1822 1108 1964 1181 ἦσαν

379 1203 621 1266 ἅπαντες
650 1206 932 1273 στρατιᾶς,
962 1206 1232 1268 Σκυθικὰς
1266 1205 1321 1259 δὲ
1350 1205 1540 1268 στόλας
1573 1205 1962 1276 ὴμφιέννυντο,

378 1295 543 1348 τοῦτο
573 1296 672 1363 μὲν
698 1295 792 1347 καὶ
825 1295 999 1358 οὕτως
1033 1298 1330 1366 ἐσχηκότες
1362 1297 1551 1366 ὥσπερ
1577 1293 1718 1367 ἦσαν
1751 1298 1966 1366 ἀμφια-

381 1385 610 1453 σάμενοι
633 1386 840 1449 ταύτας
871 1389 1013 1440 κατὰ
1042 1389 1101 1440 τὸ
1139 1388 1228 1441 τοῦ
1285 1390 1684 1459 αὐτοκράτορος
1743 1390 1963 1458 παράγ-

376 1474 582 1542 γελμα,
639 1477 841 1529 ὁπόταν
893 1477 969 1541 ὡς
1003 1478 1319 1548 φαινόμενοι
1369 1480 1574 1534 Σκύθαι
1628 1483 1756 1543 τοὺς
1790 1481 1964 1546 ὄντως

379 1567 595 1628 Σκύθας
615 1569 1049 1638 ἐξηπατήκασιν,
1089 1572 1164 1633 ὡς
1196 1571 1408 1638 φθάσας
1433 1575 1460 1625 6
1488 1571 1644 1640 λόγος
1679 1573 1918 1642 ἐδήλωσε
1945 1591 1959 1605 ·

380 1657 542 1709 τοῦτο
578 1658 637 1710 δὲ
683 1660 778 1711 καὶ
809 1660 1165 1730 ἀπεχρήσατο
1217 1661 1518 1730 τηνικαῦτα
1547 1666 1574 1715 6
1605 1663 1861 1734 βασιλεὺς
1895 1667 1962 1735 τῇ

385 1749 553 1816 σκευῇ
585 1747 691 1798 τῶν
722 1747 944 1800 Σκυθῶν
982 1750 1119 1819 πρὸς
1141 1751 1240 1819 τὴν
1283 1752 1392 1805 τῶν
1427 1753 1724 1823 ἡμεδαπῶν
1748 1754 1958 1818 ἐξαπά-

382 1854 483 1904 την
511 1855 569 1890 τε
595 1840 688 1892 καὶ
723 1840 987 1911 φενάκην,
1024 1841 1110 1894 ἵνα
1135 1844 1183 1894 οἱ
1215 1845 1745 1914 προεντυγχάνοντες
1775 1849 1960 1910 αὐτοῖς

381 1933 688 2003 ὀρῤωδοίεν,
745 1931 934 2002 ὥσπερ
983 1934 1218 1998 Σκύθαις
1249 1937 1363 1998 τοῖς
1417 1937 1776 2006 στρατιώταις
1805 1939 1961 2010 ἡμῶν

381 2024 780 2093 ἐμπίπτοντες,
829 2025 927 2077 καὶ
957 2025 1072 2093 ἅμα
1103 2026 1336 2096 παρέχοι
1366 2031 1732 2099 στρατηγικόν
1770 2049 1832 2083 τε
1869 2033 1964 2085 καὶ

382 2115 578 2168 ὕπτιον
603 2117 662 2172 ,⁸⁸
695 2118 905 2184 γέλωτα
939 2118 1090 2187 φόϐῳ
1127 2117 1606 2188 ξυμμεμιγμένον,
1655 2122 1826 2194 πρινὴ
1854 2123 1962 2195 γὰρ

381 2208 689 2278 φοϐηθῆναι
731 2211 938 2279 σαφῶς,
992 2210 1282 2282 ἐθάρρουν,
1340 2211 1431 2264 τὸν
1471 2212 1698 2282 βασιλέα
1733 2218 1961 2269 κατόπιν

381 2302 674 2370 θεώμενοι.
708 2304 896 2366 Οὕτως
933 2303 1153 2372 ἀφόϐως
1184 2307 1212 2358 6
1240 2306 1597 2380 αὐτοκράτωρ
1626 2311 1753 2374 τοὺς
1789 2310 1963 2363 ὑπαν-

378 2396 590 2456 τῶντας
623 2397 1078 2468 ὲμορμολύττετο.
1120 2399 1282 2453 Ἀλλά
1313 2401 1450 2469 πρὸς
1487 2401 1587 2470 μὲν
1617 2403 1742 2466 τοὺς
1771 2405 1964 2468 ἄλλους

381 2488 408 2540 6
437 2489 604 2556 φόϐος
632 2484 701 2559 ἦν
741 2492 803 2542 ἐκ
832 2490 938 2542 τῶν
972 2493 1339 2561 φαινομένων,
1369 2493 1398 2543 6
1420 2493 1476 2546 δέ
1503 2511 1566 2562 γε
1597 2496 1962 2567 Παλαιολόγος

383 2580 716 2652 πολυπειρία
780 2584 906 2645 τοὺς
959 2584 1208 2647 ἅπαντας
1262 2584 1641 2654 ὑπερϐάλλων,
1680 2589 1773 2640 καὶ
1807 2590 1962 2654 εἰδὼς

381 2672 582 2734 ὁκοίως
607 2676 756 2726 ἐστὶν
802 2667 1035 2739 ’Άλέξιος
1064 2675 1192 2746 περὶ
1231 2675 1327 2737 τὰς
1349 2679 1594 2746 μηχανὰς
1641 2682 1963 2750 ποριμὼτα-

379 2783 472 2829 τος
505 2765 805 2836 ἐγνώρισεν
839 2768 1065 2834 αὐτίκα,
1119 2771 1202 2821 ὅτι
1237 2768 1475 2833 Ἀλεξίου
1506 2771 1666 2824 τοῦτο
1700 2776 1741 2804 ¹²
1781 2775 1960 2843 μηχά-

381 2879 555 2931 νημα,
605 2861 700 2912 καὶ
731 2861 923 2914 ἑαυτόν
976 2879 1032 2914 τε
1091 2863 1314 2934 θαρρεῖν
1363 2865 1642 2931 ἀνέπειθε,
1699 2867 1793 2920 καὶ
1834 2869 1963 2933 τοὺς

380 2954 577 3017 ἄλλους
606 2954 881 3008 ἐκέλευεν.
938 2956 1079 3024 Ἤδη
1135 2956 1191 3008 δὲ
1229 2957 1322 3009 καὶ
1352 2957 1414 3011 τὸ
1463 2957 1668 3022 πλῆθος
1704 2958 1850 3012 ἅπαν
1899 2960 1962 3014 τὸ

379 3047 616 3101 κατόπιν
643 3048 988 3118 συνέρρωγεν
1019 3047 1386 3120 [συνέῥρεεν],
1431 3051 1494 3104 ὲκ
1522 3051 1629 3103 τῶν
1655 3052 1958 3120 συγγενῶν,

2065 554 2391 623 expediente
2417 552 2722 622 Palmologo
2753 551 2894 608 alius
2919 567 3049 608 ecce
3077 555 3301 610 nuntius
3339 553 3496 609 aﬂ‘ert
3523 564 3647 624 post

2067 647 2300 718 Scythas
2332 647 2524 702 eadem
2556 647 2665 710 via,
2698 645 2989 700 intervallo
3017 647 3253 716 quodam
3288 647 3488 712 medio,
3521 663 3648 702 eon-

2064 739 2202 806 spici
2250 741 2494 792 liomana
2524 739 2677 806 signa
2713 747 2769 792 et
2799 739 3000 791 milites
3051 753 3214 792 cursu
3271 738 3642 808 insequentes.

2065 832 2164 886 llis
2187 833 2347 886 dictis
2373 839 2425 887 et
2459 832 2705 895 creditis,
2745 831 3037 885 trahuntur
3067 833 3402 899 conjecturis
3439 833 3493 886 in
3525 835 3644 901 Opi-

2069 925 2328 978 nationcs
2375 925 2558 978 varias
2595 923 2725 976 hinc
2769 923 2896 976 inde
2943 922 3137 984 animi,
3179 923 3498 991 quihusdam
3536 923 3644 976 alia

2066 1017 2254 1069 omnia
2289 1015 2642 1083 ﬁngentibus.
2679 1014 2956 1068 nonnullis
2998 1028 3108 1066 rem
3138 1029 3239 1068 acu
3277 1015 3644 1083 tangentibus.

2065 1105 2224 1172 Nam,
2254 1116 2311 1161 ut
2347 1107 2790 1176 suspicabantur,
2826 1106 3120 1173 insequens
3145 1120 3336 1175 agmen
3375 1095 3646 1159 uthahitu

2067 1211 2121 1253 et
2146 1201 2350 1268 specie,
2385 1199 2461 1254 ita
2499 1215 2556 1254 re
2591 1212 2810 1268 quoque
2843 1199 2958 1266 ipsa
2993 1198 3294 1252 Romanum
3335 1205 3473 1251 erat.
3534 1195 3646 1249 Duo

2068 1292 2362 1360 etabatque
2397 1292 2530 1346 illud
2564 1292 2863 1361 imperator
2899 1293 3016 1358 ipse
3047 1306 3323 1360 praesens;
3362 1305 3480 1358 quae
3510 1305 3645 1344 vero

2069 1385 2300 1453 praaibat
2331 1385 2554 1450 cohors,
2583 1397 2862 1453 utcunque
2902 1384 3180 1454 Scythicis
3211 1384 3445 1454 insignis
3475 1384 3646 1438 vexil-

2068 1475 2158 1540 lis,
2189 1485 2494 1544 ornataque
2549 1476 2814 1540 vestibus,
2871 1475 3130 1530 Romana:
3183 1488 3366 1529 tamen
3425 1485 3479 1528 et
3532 1476 3646 1542 ipsa

2067 1569 2279 1622 militia:
2314 1584 2442 1637 pars
2473 1579 2614 1636 erat,
2652 1573 2750 1625 sed
2783 1569 2852 1624 iis
2891 1579 3031 1624 tecta
3062 1569 3230 1623 armis
3271 1584 3334 1623 ac
3360 1569 3508 1622 cultu
3536 1583 3646 1638 quo

2069 1659 2306 1715 feliciter
2339 1677 2434 1716 usa
2459 1663 2614 1730 jussu
2640 1661 2991 1732 imperatoris
3023 1663 3090 1716 ad
3128 1662 3400 1718 fallendos
3428 1663 3627 1718 vincen

2067 1753 2275 1823 dosque
2311 1755 2544 1824 Scythas
2569 1754 2772 1819 fuerat,
2807 1765 2968 1824 prout
2994 1757 3366 1811 narravimus.
3400 1756 3529 1824 Quae
3553 1773 3647 1810 ea-

2069 1845 2188 1898 dem
2229 1846 2394 1900 hilari
2449 1847 2715 1902 comitate
2773 1848 2950 1901 \iClOl‘
2991 1851 3270 1916 Augustus
3308 1849 3374 1901 ad
3406 1849 3645 1904 amicum

2037 1985 2040 1988 ί
2065 1951 2212 1990 nunc
2242 1948 2568 2008 gratumque
2601 1954 2825 1994 suorum
2853 1939 3147 1994 ludibrium
3171 1938 3500 2006 adhibebat;
3527 1941 3650 1995 ubi-

2066 2044 2172 2098 que
2205 2030 2517 2085 amabiliter
2547 2032 2893 2101 ingeniosus,
2929 2034 3044 2088 sive
3073 2048 3197 2086 cum
3236 2032 3416 2085 illudit
3469 2033 3648 2087 hosti.

2067 2122 2188 2184 bus,
2232 2121 2347 2176 sive
2379 2138 2504 2177 cum
2543 2123 2716 2178 risum
2745 2124 2861 2179 suis
2889 2133 2943 2178 et
2975 2123 3230 2194 gaudium
3264 2124 3403 2179 miro
3435 2133 3652 2194 specta-

2067 2213 2194 2268 culo
2248 2213 2458 2269 delusis
2509 2225 2706 2281 parat,
2761 2216 3106 2284 jucunditate
3170 2230 3235 2271 eo
3298 2215 3364 2270 ad
3423 2231 3647 2272 sensum

2067 2307 2355 2370 blandiori,
2375 2310 2517 2377 quod
2541 2309 2588 2364 ei
2617 2310 2904 2378 praeiverat
2927 2308 3110 2364 brevis
3135 2324 3235 2363 nec
3259 2323 3418 2362 verus
3449 2320 3648 2364 terror.

2068 2400 2212 2454 Sane
2251 2403 2490 2455 nondum
2528 2417 2623 2456 eos
2681 2402 2824 2455 tristi
2879 2402 3114 2455 hostium
3165 2406 3347 2471 specie
3394 2401 3648 2456 incussus

2068 2493 2232 2561 plene
2295 2495 2544 2548 turbarat
2599 2502 2946 2558 metus,eum
3007 2503 3221 2548 mature
3272 2493 3547 2549 succurrit
3579 2507 3647 2547 cx

2067 2583 2297 2653 Augusti
2335 2593 2628 2654 conspectu
2675 2601 2814 2653 pone
2865 2587 3144 2654 sequentis
3181 2588 3356 2640 audax
3394 2585 3588 2639 fiducia
3629 2604 3646 2641 ;

2067 2677 2144 2732 ita
2179 2687 2539 2746 temperatam
2566 2688 2619 2731 et
2647 2679 3119 2746 quasi-conditam
3152 2680 3347 2732 timore
3377 2678 3649 2733 securita-

2073 2778 2181 2824 tem
2228 2771 2443 2824 insueto
2473 2771 2664 2840 procul
2690 2771 3008 2839 spectaculo
3039 2771 3261 2824 larvatte
3295 2785 3504 2840 pompa:
3533 2769 3648 2824 suis

2067 2861 2292 2917 Alexius
2323 2864 2674 2932 propinabat.
2713 2862 2912 2918 Verum
2943 2865 3084 2918 inter
3111 2863 3503 2918 alternantium
3535 2876 3651 2916 mo-

2071 2964 2156 3010 tus
2199 2964 2252 3008 et
2284 2954 2494 3024 primos
2523 2955 2886 3025 quorutndam
2915 2955 3176 3010 horrores
3200 2965 3410 3010 mature
3440 2954 3650 3010 Palam-

2069 3049 2224 3118 logus
2253 3063 2352 3117 pro
2397 3063 2464 3101 eo
2510 3064 2618 3120 quo
2673 3047 2926 3102 vincebat
2973 3062 3166 3102 omnes
3220 3063 3318 3102 usu
3355 3061 3562 3113 rerum,
3595 3056 3650 3099 et

382 3141 478 3192 καὶ
546 3140 660 3192 τῶν
727 3139 850 3193 καθ’
917 3137 1058 3208 αἷμα
1124 3142 1515 3212 προσηκόντων
1579 3142 1960 3216 ξυγκείμενον.

2069 3143 2348 3197 Alexianaz
2400 3143 2600 3196 indolis
2663 3143 2974 3210 ingeniique
3027 3141 3241 3206 notitia,
3295 3155 3356 3194 se
3404 3139 3648 3207 aliosque

385 3233 690 3286 Ἐσπευδον
721 3234 829 3304 γάρ
858 3233 933 3296 ὡς
989 3231 1159 3303 ᾤοντο
1202 3234 1405 3302 φθάσαι
1434 3237 1527 3288 τὸν
1577 3237 1961 3310 αὐτοκράτορα

381 3323 527 3376 κατὰ
563 3325 633 3376 τά
662 3323 768 3391 πρὸ
790 3324 979 3375 τούτου
1013 3324 1368 3393 συγκείμενα.
1403 3327 1611 3382 (λιθάσαι
1647 3329 1752 3400 γὰρ
1773 3331 1963 3386 τοῦτον

392 3413 673 3466 συνέθεντο
693 3414 832 3483 μετὰ
855 3412 954 3483 τὴν
984 3413 1289 3483 Ἀπόκρεω,
1316 3416 1564 3488 καθάπερ
1586 3420 1800 3490 εἴρηται
1831 3423 1966 3492 πρό-

398 3519 554 3574 τερον
594 3505 648 3555 ἂν
683 3508 754 3575 τῇ
793 3506 1120 3576 Τυροφάγῳ.
1173 3508 1246 3559 Οὐ
1303 3509 1412 3578 μὴν
1467 3508 1712 3579 ἔφθησαν
1767 3515 1964 3567 ἐκεῖνοι

398 3593 770 3667 ἐξεληλυθότες
801 3598 899 3667 τῆς
944 3599 1174 3662 πόλεως,
1203 3600 1298 3652 καὶ
1331 3600 1358 3649 6
1386 3599 1644 3668 βασιλεὺς
1665 3605 1964 3672 τροπαιοῦο

387 3707 485 3760 χος
497 3691 768 3758 ἐπάνεισι,
801 3694 894 3746 καὶ
915 3695 1056 3746 κατὰ
1079 3693 1240 3749 τοῦτο
1259 3693 1632 3764 συμμίξαντες
1659 3696 1832 3766 αὐτῷ,
1865 3699 1966 3751 οὐκ

378 3783 449 3838 ἂν
483 3785 822 3856 ἐπείσθησαν
845 3788 925 3839 ὅτι
956 3787 984 3838 6
1019 3787 1275 3858 βασιλεὺς
1295 3787 1458 3852 αὐτός
1483 3791 1602 3842 ἐστι
1632 3807 1967 3860 τροπαιοφο-

383 3878 498 3948 ρῶν
521 3878 668 3933 οὕτω
700 3879 800 3952 τὴν
825 3882 982 3951 νίκην
1006 3881 1170 3944 ὀξέως
1189 3881 1649 3952 ἐξεργασάμενος,
1688 3885 1736 3936 ει
1769 3883 1844 3953 μὴ
1868 3885 1968 3948 τὰς

382 3975 627 4041 κεφαλὰς
673 3974 784 4027 τῶν
847 3973 1072 4028 Σκυθῶν
1126 3975 1566 4044 ἐμπεπηγμένας
1630 3974 1818 4043 ἐώρων
1878 3977 1963 4028 ἐπ’

382 4069 571 4138 ἄκρων
597 4068 862 4138 δοράτων,
921 4069 1016 4121 καὶ
1048 4067 1174 4129 τοὺς
1223 4066 1540 4131 ἐπιλοίπους
1593 4066 1686 4129 οὒς
1721 4068 1782 4119 τὸ
1815 4068 1966 4136 ξίφος

381 4159 538 4213 οὔπω
593 4159 816 4229 ἐξέτεμε
853 4157 1140 4230 δεσμώτας
1188 4159 1467 4229 ἠγμένους
1515 4161 1611 4212 καὶ
1669 4159 1968 4230 ἐξηγκωνι-

384 4253 640 4321 σμένους,
699 4253 794 4305 καὶ
856 4251 1018 4304 ἄλλον
1073 4251 1159 4304 ἐπ’
1215 4251 1362 4320 ἄλλῳ
1407 4251 1696 4320 ἀγόμενον,
1741 4252 1836 4304 καὶ
1869 4268 1968 4303 συ-

385 4348 636 4416 ρόμενον.
699 4345 772 4397 Τὸ
805 4346 914 4415 γάρ
966 4345 1130 4414 τάχος
1178 4345 1277 4413 τῆς
1331 4343 1666 4413 στρατηγίας
1721 4344 1782 4396 τὸ
1832 4345 1965 4397 θαῦ-

385 4457 464 4506 μα
515 4439 730 4491 ἐποίει·
790 4437 930 4508 πλὴν
980 4438 1236 4490 τοσοῦτον
1286 4437 1544 4507 μανθάνω
1605 4439 1734 4507 περὶ
1786 4438 1968 4507 Γεωρσι

383 4530 506 4597 γὶου
563 4528 658 4581 τοῦ
696 4527 1066 4596 Παλαιολόγου
1131 4528 1202 4597 (οἱ
1252 4529 1361 4597 γάρ
1411 4529 1790 4597 συμπαρόντες
1832 4531 1968 4596 ἡμῖν

383 4621 715 4691 διηγοῦντο),
742 4621 815 4681 ὡς
847 4619 1163 4690 ὲσχετλίαζέ
1199 4635 1257 4672 τε
1307 4620 1401 4672 καὶ
1432 4618 1524 4672 τοῦ
1555 4619 1967 4690 καθυστερῆσαι

381 4715 481 4769 τοῦ
503 4716 742 4784 πολέμου
765 4713 957 4766 ἑαυτὸν
984 4715 1290 4781 ἐμέμφετο,
1320 4715 1412 4764 καὶ
1443 4712 1524 4764 ὅτι
1555 4713 1627 4783 μὴ
1665 4715 1965 4784 συμπαρῆν

385 4808 467 4877 τῷ
514 4809 880 4877 αὐτοκράτορι
939 4804 1097 4868 κλέος
1155 4803 1420 4858 τοσοῦτον.
1463 4805 1726 4874 ἀραμένῳ
1759 4806 1856 4858 ὲπὶ
1900 4807 1966 4877 τῇ

384 4900 781 4970 ἀπροσδοκήτῳ
812 4899 936 4970 νίκῃ
985 4898 1094 4950 τῶν
1139 4897 1438 4966 Βαρϐάρων
1473 4896 1697 4950 τούτων.
1748 4898 1970 4968 Συμμε-

387 4993 612 5060 τασχεῖν
662 4991 771 5060 γὰρ
802 4991 1054 5052 κάκεῖνος
1110 4988 1362 5050 εὐκλείας
1395 4987 1666 5057 τοσαύτης
1702 4990 1796 5042 καὶ
1826 4991 1970 5043 πάνυ

387 5083 661 5137 ὲὸούλετο.
695 5083 832 5152 Περὶ
857 5082 912 5134 δὲ
945 5081 1038 5134 τοῦ
1067 5080 1464 5151 αὐτοκράτορος
1494 5081 1669 5132 ἐκεῖνο
1691 5078 1757 5132 ἄν
1785 5098 1868 5143 τις
1895 5081 1972 5133 εἴ·-

391 5195 485 5230 ποι
512 5177 573 5229 τὸ
601 5173 754 5248 ᾆσμα
787 5175 881 5228 τοῦ
913 5173 1336 5245 Δευτερονομῐου
1367 5177 1491 5226 τότε
1517 5173 1611 5226 καὶ
1646 5173 1972 5243 τελούμενον

383 5272 481 5324 καὶ
511 5269 813 5341 ὁρώμενον
846 5267 979 5334 Πῶς
1016 5265 1289 5330 (Stobi-(stat
1317 5261 1406 5332 εἷς
1431 5267 1692 5333 χιλίους,
1728 5266 1828 5319 καὶ
1861 5266 1973 5322 δύο

383 5363 866 5431 αετακινήσουσι
927 5359 1270 5431 μυριάδας;
1327 5360 1630 5429 Μονονουχὶ
1686 5359 1797 5429 γὰρ
1845 5360 1970 5413 κατ’

384 5458 566 5508 ἐκεῖνο
599 5453 795 5526 καιροῦ
850 5455 879 5508 6
943 5453 1197 5524 βασιλεὺς
1240 5450 1476 5517 Ἀλέξιος
1532 5449 1670 5521 πρὸς
1713 5451 1971 5505 τοσοῦτον

459 5593 476 5623 ³
517 5593 691 5650 Exod.
719 5605 895 5658 χχχιι,
931 5587 1022 5643 50.

2070 3239 2379 3294 inclamans
2410 3237 2758 3294 conﬁrmavit
2789 3253 2802 3290 :
2837 3235 3097 3305 Agnosco,
3128 3233 3404 3302 inquiens,
3441 3229 3648 3295 dolum,

2068 3333 2180 3388 haec
2217 3349 2327 3395 ars,
2347 3333 2444 3384 hoc
2477 3330 2812 3398 imperatoris
2859 3329 3026 3381 nostri
3053 3336 3377 3395 strategema
3408 3334 3481 3376 est
3506 3339 3523 3386 ;
3553 3339 3652 3376 au-

2069 3426 2228 3480 dendi
2277 3425 2640 3495 gaudendique
2688 3439 2933 3484 causam,
2970 3437 3072 3474 non
3116 3420 3356 3486 timendi,
3408 3417 3648 3470 cernitis.

2067 3519 2238 3572 Porro
2265 3517 2377 3585 jam
2413 3516 2567 3569 turba
2593 3524 2790 3569 cratera
2819 3506 3349 3580 consanguineorum
3383 3508 3654 3562 aliinium-

2067 3627 2174 3681 que
2199 3610 2464 3681 Byzantio
2507 3617 2629 3676 post
2659 3606 3022 3673 l’alwologum
3085 3604 3318 3665 exierat,
3369 3598 3649 3666 suppetias

2069 3706 2316 3772 Augusto
2347 3701 2502 3769 juxta
2541 3699 2854 3754 condictum
2885 3696 3086 3750 latura.
3123 3692 3219 3747 Vix
3253 3691 3427 3761 portis
3459 3703 3650 3742 exces-

2071 3805 2282 3861 serant,
2314 3809 2437 3848 cum
2467 3807 2596 3847 ecce
2622 3791 2814 3844 vident
2845 3787 3061 3858 trepaeis
3101 3785 3293 3853 positis
3317 3799 3381 3836 ac
3408 3779 3652 3850 praelatis

2069 3891 2371 3958 Augustum
2402 3885 2600 3941 reverti
2627 3883 2911 3938 victorem.
2953 3879 3066 3934 Nec
3102 3888 3316 3947 tempus
3347 3873 3652 3943 reputanti-

2072 3983 2173 4036 bus
2203 3978 2521 4049 persuaderi
2555 3983 2768 4046 poterat
2825 3988 2946 4028 esse
2991 3980 3312 4040 pugnatum,
3354 3966 3458 4020 nisi
3501 3965 3645 4019 elata

2069 4071 2250 4125 contis
2281 4070 2454 4138 capita
2483 4069 2812 4136 Scytharum
2845 4064 3086 4118 volucris
3113 4059 3356 4114 victoriae
3395 4058 3500 4112 lixa
3532 4069 3654 4108 mo-

2072 4170 2338 4217 numenta
2371 4162 2756 4228 loquerentur,
2791 4170 3028 4224 cumque
3058 4153 3125 4207 iis
3149 4151 3490 4221 captivorum
3519 4160 3651 4217 grex

2070 4257 2324 4319 abactus,
2345 4254 2654 4307 vinctorum
2686 4264 2882 4305 manus
2905 4247 3067 4317 225
3101 4256 3157 4300 et
3189 4239 3348 4310 colla,
3381 4243 3654 4311 longaque

2071 4347 2219 4402 serie
2279 4342 2661 4412 triumphalem
2729 4355 2983 4410 pompam
3049 4336 3464 4407 explicantium.
3542 4331 3653 4385 Nec

2073 4439 2357 4494 omiserint
2405 4437 2549 4506 quod
2582 4435 2758 4489 habeo
2791 4441 3135 4502 compertum
3171 4430 3239 4484 de
3271 4426 3508 4497 Georgio
3544 4423 3650 4478 Pa-

2073 4532 2300 4601 lieologo
2349 4546 2416 4584 ex
2474 4527 2793 4583 narratione
2851 4533 2981 4579 tunc
3031 4522 3422 4593 praesentium:
3466 4515 3652 4569 multis

2072 4638 2196 4678 eum
2253 4630 2307 4676 et
2359 4620 2507 4676 veris
2557 4625 2877 4674 exsecutum
2940 4614 3223 4684 questibus
3276 4609 3647 4664 infelicitatem

2072 4730 2250 4781 suam,
2283 4715 2426 4784 quod
2463 4725 2613 4766 nunc
2643 4711 2861 4764 demum
2889 4720 3045 4761 serus
3078 4705 3251 4758 exiret
3279 4700 3493 4771 negotio
3521 4713 3653 4752 con-

2073 4809 2239 4872 fecto,
2274 4821 2374 4862 nec
2419 4815 2526 4860 tam
2563 4803 2784 4873 gloriosi
2823 4801 3086 4854 facinoris
3141 4799 3386 4867 Augusto
3415 4794 3650 4863 primum

2078 4899 2446 4972 proﬁciscenti
2486 4912 2544 4952 se
2599 4896 2920 4965 participem
2977 4893 3218 4946 futurum
3287 4887 3650 4956 adiunxisset.

2075 4993 2280 5050 Urebat
2317 4989 2717 5046 incredibiliter
2754 4987 2928 5041 laudis
2975 4984 3329 5053 percupidum
3372 4981 3652 5035 hominem

2073 5085 2390 5142 occasionis
2423 5092 2586 5137 tanta
2611 5082 2853 5152 jactura.
2905 5079 2972 5132 At
3004 5081 3142 5132 bene
3176 5077 3338 5131 habet
3377 5075 3523 5144 quod
3559 5089 3652 5128 so-

2075 5179 2245 5233 lidum
2275 5175 2392 5245 ejus
2419 5173 2548 5229 facti
2579 5175 2742 5227 decus
2768 5185 2910 5226 unus
2945 5169 3191 5232 Alexius,
3226 5167 3301 5220 uti
3338 5175 3392 5219 et
3433 5165 3655 5233 pericu-

2077 5268 2212 5333 lum,
2259 5264 2538 5321 tulitzcui
2586 5278 2724 5332 pene
2784 5261 2916 5314 illud
2957 5260 3077 5328 jure
3126 5258 3299 5327 aptari
3330 5271 3360 5308 e
3391 5254 3656 5307 Denter-o-

2076 5357 2262 5412 nomio
2289 5355 2467 5425 potuit
2497 5370 2513 5407 :
2549 5351 2826 5418 Quomodo
2857 5359 3204 5418 persequatur
3242 5362 3375 5400 unus
3406 5343 3572 5409 mille,
3602 5350 3651 5394 et

2073 5449 2178 5505 duo
2209 5449 2388 5521 fugent
2412 5449 2590 5502 decem
2611 5446 2783 5500 millia
2813 5444 2856 5498 ’ἵ
2890 5446 3087 5523 l’arum
3116 5443 3260 5498 enim
3315 5437 3488 5494 abfuit
3519 5435 3654 5504 quin

1437 5675 1636 5737 Varias
1665 5675 1974 5738 lectiones
2015 5691 2094 5738 ex
2119 5674 2262 5738 cod.
2309 5673 2581 5737 Coislin.

467 5792 510 5822 to
541 5787 639 5856 μὲν
678 5783 806 5855 γάρ,
887 5782 928 5815 ἰ
966 5783 1154 5853 ἤπιον.
1230 5775 1446 5832 ¹²τοῦτο
1471 5777 1553 5831 τό.
