4112 6402
483 311 590 380 till

1794 310 2021 372 ΛΝΝᾹΞ
2057 309 2204 369 COM
2217 307 2439 369 ΝΕΝίΕ

3649 303 3754 365 (.12

484 445 672 490 contra
712 431 887 487 nihilo
913 431 1180 486 minorem
1217 423 1622 479 multitudinem
1658 421 1905 476 hostium
1943 435 2066 479 sese

2177 417 2479 487 Βαρϐάρων
2512 415 2716 487 πλῆθος
2736 414 2928 470 ὲαυτδν
2960 414 3457 485 ἁντικαταστήσας,
3481 413 3543 467 τὸ
3591 412 3759 484 βάρος

485 538 610 581 tunc
639 527 934 593 imperator
963 518 1185 576 Alexius
1229 530 1397 569 unum
1435 512 1780 583 opposuerit;
1821 521 2065 567 tantum-

485 633 588 687 que
620 631 682 669 ac
711 627 818 668 tam
857 615 1036 682 impar
1080 611 1132 666 in
1168 625 1226 664 se
1258 620 1476 662 versum
1512 604 1635 659 belli
1667 606 1876 674 pondus
1914 614 2067 660 eate-

487 727 586 763 nus
623 707 1010 762 sustoutaverit
1058 704 1236 772 quoad
1271 714 1563 754 exrttssum
1590 707 1645 752 et
1673 697 1945 766 abiectum
1983 698 2067 749 vi-

487 801 656 854 rtoria
691 800 919 852 consilio
969 806 1156 866 parata
1198 794 1250 847 in
1287 792 1521 862 propria:
1557 791 1859 844 evectionis
1905 806 2065 844 usum

485 894 746 948 calcando
795 899 1055 943 verteret.
1110 886 1220 940 Nec
1261 886 1392 936 mihi
1445 883 1565 953 quis
1622 883 2065 937 commilitonum

488 985 605 1053 ejus
628 985 878 1037 collatam
915 990 1040 1035 tunc
1071 994 1291 1048 operam
1327 978 1412 1030 isti
1448 977 1744 1046 quidquam
1779 977 2068 1030 detrahere

487 1077 672 1144 gloria:
719 1083 979 1129 causetur
1023 1090 1038 1127 :
1099 1082 1268 1126 recte.
1304 1070 1572 1136 siquidem
1639 1069 1910 1137 reputanti
1963 1084 2066 1119 una

489 1166 686 1228 virtus,
724 1182 826 1218 una
867 1165 1086 1218 solertia
1122 1165 1286 1216 unius
1319 1161 1495 1216 Alexii
1525 1177 1646 1215 eum
1679 1161 1828 1227 justo
1864 1175 2068 1229 pugna-

485 1257 631 1311 cium
668 1257 1028 1310 barbarorum
1069 1255 1316 1310 exercitu
1377 1270 1440 1308 ea
1499 1254 1604 1317 die,
1656 1269 1718 1307 ea
1775 1253 2068 1307 occasione

485 1359 824 1422 comparata,
857 1350 1164 1404 confecisse
1193 1349 1464 1416 prmlium,
1495 1359 1549 1401 et
1575 1348 1721 1400 illam
1758 1345 2068 1408 audaciam,

487 1444 631 1496 illaut
669 1440 1070 1497 contumaciam
1099 1437 1466 1492 multitudinis
1506 1437 1788 1492 indomita:
1815 1438 1927 1490 sola
1971 1437 2071 1490 de-

485 1533 719 1588 bellasse
755 1532 1044 1586 videbitur.
1075 1531 1268 1584 Merito
1307 1546 1438 1599 ergo
1476 1542 1589 1585 tum
1625 1529 1874 1600 Byzantii
1910 1530 2068 1599 prin-

485 1623 622 1690 t'ipis
655 1621 736 1675 sui
781 1633 887 1673 tam
943 1621 1228 1691 inepinato
1280 1620 1514 1674 recentis
1571 1617 1816 1672 victoria:
1871 1621 2069 1671 decore

484 1720 598 1765 tum
634 1713 800 1777 aucti,
836 1713 1142 1780 ingressum
1188 1713 1239 1766 in
1271 1712 1460 1766 urbem
1493 1712 1637 1764 omni
1681 1709 2067 1764 celebrandum

2170 511 2293 565 ὅλον
2319 510 2414 564 τοῦ
2451 510 2692 579 πολέμου
2731 509 2895 582 μέχρι
2925 510 3022 564 καὶ⁵
3062 509 3164 580 τῆς
3194 509 3353 579 νίκης
3380 509 3553 578 αὐτῆς
3577 509 3759 572 καλῶς

2169 603 2631 672 διῳκονομήσατο.
2663 601 2726 653 El
2758 600 2867 669 γάρ
2898 617 2981 663 τις
3007 599 3138 663 τοὺς
3169 599 3431 662 συνόντας
3480 599 3760 667 λογίσαιτο

2169 693 2356 746 ὁπόσοι
2379 709 2435 744 τε
2465 688 2610 762 ἦσαν
2651 693 2745 745 καὶ
2767 691 3026 753 ποδαποὶ,
3073 687 3198 744 κᾶθ’
3232 689 3410 753 οὕτως
3451 691 3759 760 ἀντιπαρα-

2171 785 2358 838 ϐάλλοι
2389 785 2456 838 τὰ
2491 785 2586 838 τοῦ
2635 785 3042 853 αὐτοκράτορος
3102 785 3494 853 μηχανήματα,
3549 783 3647 836 καὶ
3698 784 3760 836 τὸ

2170 877 2360 931 τούτου
2393 875 2735 944 πολύτροπον
2769 876 2909 944 μετὰ
2933 877 3031 945 τῆς
3063 875 3256 944 ῥώμης
3279 875 3374 928 καὶ
3395 876 3601 945 τόλμης
3624 877 3761 946 πρ³ς

2169 973 2230 1022 τὸ
2261 969 2595 1040 βαρϐαρικὸν
2621 969 2824 1038 πλῆθος
2847 967 2944 1021 καὶ
2977 968 3078 1036 τὴν
3111 969 3286 1037 ἰσχὺν,
3319 969 3479 1034 μόνον
3508 970 3578 1022 ἂν
3601 970 3761 1038 ἐφεύ-

2174 1079 2257 1132 ροι
2287 1061 2476 1114 τοῦτον
2509 1063 2575 1114 τὰ
2599 1061 2698 1130 τῆς
2738 1061 2896 1132 νίκης
2921 1059 3442 1130 καταπραξάμενον.
3476 1061 3634 1116 Οὖτω
3659 1063 3762 1132 μὲν

2170 1153 2263 1206 οὖν
2283 1151 2586 1223 τηνικαῦτα
2627 1152 2758 1215 Θεὸς
2787 1152 2887 1220 τὴν
2917 1151 3223 1222 παράδοξον
3258 1151 3464 1220 ταύτην
3510 1152 3589 1223 τῷ
3620 1171 3760 1222 κρα-

2170 1246 2354 1299 τοῦντι
2385 1245 2586 1299 δέδωκε
2613 1245 2790 1309 νίκην.
2821 1245 3216 1316 Εἰσερχόμενον
3245 1245 3302 1298 δὲ
3328 1245 3562 1314 ὁρῶντες
3595 1247 3757 1300 αὐτὸν

2171 1343 2220 1394 oi
2255 1338 2541 1403 Βυζάντιοι
2569 1339 2792 1408 ἔχαιρον
2846 1338 3285 1407 ἐκπληττόμενοι
3319 1337 3381 1392 τὸ
3434 1338 3620 1408 τάχος,
3655 1339 3758 1410 τὴν

2171 1432 2398 1502 τόλμαν,
2436 1431 2535 1498 τὴν
2567 1427 2986 1499 περιδεξιότητα
3020 1428 3114 1481 τοῦ
3160 1429 3621 1499 ἐπιχειρήματος,
3663 1431 3762 1482 καὶ

2173 1523 2268 1576 τοῦ
2298 1525 2342 1557 ¹³
2379 1523 2438 1588 ἐξ
2466 1523 2732 1592 ὐπογυῖου
2787 1520 3052 1590 τρόπαιον
3080 1519 3424 1586 ἐπαιάνιζον,
3459 1521 3755 1592 ἐσκίρτων,

2172 1617 2306 1670 Θεὸν
2336 1617 2632 1686 ἁνύμνουν,
2666 1615 2889 1686 σωτῆρα.
2921 1615 3015 1669 καὶ
3048 1613 3349 1686 εὐεργέτην
3383 1613 3627 1669 τοιοῦτον
3662 1618 3762 1670 αὐ-

2172 1714 2286 1776 τοῖς
2308 1711 2601 1766 δεδωκότα.

486 1804 672 1858 Ιειιιίιὶο
718 1813 773 1859 et
824 1805 1189 1874 gratulatione
1230 1815 1577 1874 putaverunt.
1624 1803 1854 1869 Quando
1914 1802 2033 1857 aliis
2074 1803 2176 1856 alia
2212 1804 2266 1856 in
2304 1818 2412 1856 uno
2461 1803 2710 1860 facinore
2767 1803 3094 1859 mirantibus
3142 1805 3318 1858 mista:
3361 1816 3522 1857 voces
3577 1801 3763 1855 audie-

487 1898 688 1950 bantur
721 1897 867 1951 inter
907 1897 1155 1967 publicos
1200 1896 1438 1965 plausus,
1477 1896 1608 1949 hinc
1693 1893 1921 1963 periculi
1971 1901 2344 1962 contemptum
2419 1902 2474 1948 et
2545 1895 3045 1964 magnanimitatem
3110 1894 3281 1950 arduo
3351 1895 3630 1964 probatam
3659 1905 3766 1946 (ω-

484 2009 599 2066 pto,
664 2000 790 2052 hinc
852 1993 1231 2048 dexteritatem
1283 1993 1336 2047 in
1423 2005 1483 2046 re
1545 2000 1656 2046 tota
1713 1990 2089 2061 gubernanda,
2168 1989 2644 2059 temperandisque
2708 1989 2999 2044 momentis
3049 1989 3305 2058 ancipitis
3358 1989 3589 2058 negotii,
3636 1987 3766 2041 h'nc

487 2091 724 2158 denique
751 2100 1060 2143 successum
1097 2086 1576 2155 stratagematiset
1598 2099 1837 2154 praesens
1905 2085 2202 2140 discrimen
2268 2084 2499 2140 extremi
2556 2083 2681 2138 mali
2753 2083 2964 2140 civibus
3029 2083 3084 2138 in
3134 2081 3366 2138 fructum
3424 2082 3664 2138 victoria:
3710 2093 3769 2137 et

489 2187 748 2255 trimnphi
801 2181 1111 2255 panegyrim
1162 2197 1490 2237 conversum
1544 2182 1747 2236 abiisse
1796 2182 2204 2252 gratulantium,
2249 2183 2467 2254 Deoque
2527 2184 2733 2255 gratias
2796 2183 3174 2243 reterentium,
3218 2183 3362 2249 quod
3427 2183 3571 2236 hunc
3630 2181 3764 2250 ipsis

487 2282 760 2347 Sotcrem,
830 2282 974 2334 hunc
1033 2279 1379 2348 Evcrgeten,
1437 2277 1582 2331 hunc
1639 2277 1869 2341 salutis,

487 2386 590 2432 sel.

557 2470 734 2534 Atque
795 2466 990 2520 harum
1067 2465 1523 2520 acclamationum
1591 2467 1782 2521 auditu
1857 2467 2145 2536 aliquid‘B

488 2563 804 2618 humanitus
841 2574 1036 2629 passus
1073 2557 1399 2612 Melisscnus
1430 2557 1773 2627 Nicephorus
1805 2574 1903 2614 nec
1937 2561 2071 2615 satis

488 2656 844 2710 dissimulans
878 2667 1117 2705 morsum
1153 2651 1371 2705 invidiae
1400 2652 1546 2705 intus
1576 2652 1810 2717 urentis,
1845 2660 1936 2705 aut
1987 2663 2072 2706 ta-

483 2745 613 2800 cita
643 2743 1068 2811 comparationis
1095 2741 1248 2808 quasi
1278 2741 1526 2795 convicio
1563 2743 1796 2808 quodam
1831 2750 1985 2795 muto
2012 2756 2073 2796 se

489 2836 768 2890 verberari
808 2849 911 2887 non
948 2832 1181 2900 amplius
1213 2831 1417 2894 ferens,
1447 2832 1526 2885 sic
1560 2833 1844 2901 excepisse
1878 2842 2072 2887 contra

489 2926 593 2981 hoc
621 2925 796 2980 Alexii
835 2925 1048 2980 facinus
1081 2923 1286 2979 dicitur
1323 2941 1336 2978 :
1373 2921 1504 2977 Haec
1534 2924 1762 2976 victoria
1815 2925 2073 2994 gaudium

486 3019 697 3091 quidem
731 3019 841 3072 sine
871 3018 1018 3070 lucro
1051 3015 1241 3081 nobis;
1274 3014 1506 3068 hostibus
1536 3023 1714 3077 autem
1779 3014 1929 3069 dolor
1962 3017 2076 3070 sine

490 3113 686 3166 damno
715 3121 813 3164 est.
845 3109 1084 3163 Favebat
1117 3107 1210 3162 tali
1265 3107 1433 3170 dicto,
1484 3107 1627 3175 quod
1670 3107 1844 3163 nihilo
1892 3109 2074 3163 minus

492 3203 800 3257 insolenter
837 3202 1079 3271 Scythae,
1133 3214 1364 3268 quorum
1418 3199 1741 3253 inexhausta
1783 3198 2077 3254 multitudo

491 3294 694 3348 nullius
721 3293 944 3346 modicae
981 3292 1370 3346 detrimentum
1406 3289 1578 3344 cladis
1595 3290 1802 3345 sentire
1836 3299 2073 3360 poterat,

491 3393 622 3439 tunc
651 3399 772 3438 cuin
807 3383 1045 3436 maxime
1077 3382 1263 3436 omnia
1293 3380 1495 3449 ubique
1549 3395 1645 3450 per
1692 3389 1866 3436 totum
1899 3383 2075 3450 sparsi

487 3477 775 3531 occiduum
810 3475 1034 3528 limitem
1067 3473 1511 3544 populabantur:
1555 3474 1706 3528 nullo
1733 3489 1889 3540 casu,
1929 3474 2078 3528 nullo

487 3567 765 3622 contrario
793 3575 994 3621 conatu
1027 3564 1424 3620 inﬂammatum
1455 3564 1570 3620 fera
1602 3567 1900 3636 cupiditate
1920 3581 2079 3621 saeva:

488 3659 668 3729 gentis
704 3659 962 3727 impetum
990 3657 1219 3712 eluctari
1247 3658 1362 3727 jam
1415 3659 1669 3727 amplius,
1706 3673 1774 3712 ne
1801 3657 2080 3712 retardare

487 3750 730 3817 quidem,
758 3750 992 3802 valente.
1023 3747 1130 3803 Nec
1160 3748 1333 3802 solum
1369 3747 1423 3801 in
1449 3749 1597 3816 agris
1627 3757 1723 3801 aut
1753 3749 1906 3816 pagis
1933 3748 2078 3802 iuer-

489 3844 675 3896 ..ιὶιιιις
711 3841 944 3911 agebant
971 3841 1328 3909 ferebantque
1357 3852 1552 3894 cuncta
1585 3857 1601 3893 :
1638 3839 1731 3894 sed
1783 3850 1839 3893 et
1881 3840 2076 3907 oppida

488 3936 875 4005 expugnabant
927 3933 1378 3999 obtinebantque,
1438 3948 1504 3986 ne
1556 3932 1798 3987 civitatis
1855 3931 2074 4000 quidou

489 4026 759 4094 principis
815 4025 1036 4080 reveriti
1096 4024 1352 4078 viciniam
1410 4039 1521 4090 quo
1574 4023 1755 4078 minus
1813 4023 2078 4077 auderent

490 4119 784 4187 municipia
801 4119 854 4189 ei
881 4117 1128 4187 proxima
1161 4126 1394 4182 tentare,
1427 4115 1877 4186 profundumque
1903 4129 2078 4184 usque

503 4211 569 4264 ad
596 4221 913 4274 torrentem,
949 4211 1030 4265 sic
1057 4211 1218 4281 vulgo
1247 4209 1596 4280 appellatum,
1629 4209 1877 4279 progredi
1911 4207 2076 4264 latr!»

489 4301 750 4365 cinando,
787 4301 965 4356 locum
1021 4303 1094 4356 ita
1147 4300 1628 4372 Constantinopoli
1687 4305 2080 4372 propinquum,

1962 2277 2112 2333 hunc
2188 2280 2458 2334 bonorum
2511 2289 2794 2334 auctorem
2852 2279 3408 2335 beneﬁcentissimum
3461 2277 3765 2332 concessis-

2255 2470 2316 2522 ’0
2343 2469 2399 2522 δὲ
2425 2468 2768 2539 Μελισσηνὸς
2801 2468 3120 2540 Νικηφόρος
3148 2469 3480 2536 δακνόμενος
3513 2469 3603 2522 ἐπὶ
3635 2468 3758 2523 τού-

2172 2580 2308 2625 τοις,
2335 2561 2528 2632 καὶμὴ
2560 2561 2766 2630 φέρων,
2797 2561 2957 2614 ὁποῖα
3003 2563 3071 2614 τὰ
3113 2559 3451 2630 ἀνθρώπινα,
3500 2561 3604 2630 ἔφη
3627 2576 3641 2589 ⁸
3689 2561 3764 2615 Ἦ

2173 2655 2312 2721 νίκη
2341 2653 2492 2721 αὕτη
2531 2653 2684 2720 χαρὰ
2714 2650 2832 2720 μὲν
2861 2650 3144 2719 ἀκερδὴς,
3177 2653 3342 2720 λύπη
3374 2651 3442 2704 δὲ
3485 2652 3749 2720 ἀζήμιος.

2181 2747 2245 2800 υἱ
2279 2745 2466 2815 μέντοι
2493 2743 2702 2798 Σκύθαι
2749 2744 3176 2814 ἅπειροπληοεῖς
3199 2744 3352 2806 ὄντες
3374 2743 3688 2814 ἁπανταχοῦ
3715 2743 3758 2776 ⁸⁸

2174 2837 2272 2905 τῆς
2303 2836 2542 2903 ἑσπέρας
2563 2836 2957 2906 διασπαρέντες
2982 2836 3261 2905 ἐληΐζοντο
3295 2837 3514 2890 ἅπαντα
3548 2837 3642 2890 καὶ
3671 2837 3760 2890 οὐο

2175 2930 2263 2984 διν
2287 2929 2348 2982 τὸ
2381 2930 2642 2997 παράπαν
2675 2928 2786 2981 τῶν
2818 2929 3212 2999 συμπεσόντων
3264 2929 3450 2992 αὐτοῖς
3484 2927 3582 2998 τὴν
3609 2928 3757 2982 ὲκεί-

2176 3038 2282 3075 νων
2303 3021 2602 3074 ἁνάθεκτον
2632 3022 2675 3054 ¹⁵
2707 3020 2975 3074 ἀνέκοπτε
3004 3019 3230 3091 τόλμαν.
3277 3019 3523 3090 Ἐνιαχοῦ
3551 3019 3608 3073 δὲ
3658 3020 3761 3087 τῆς

2179 3113 2418 3182 ἑσπέρας
2484 3111 2576 3165 καὶ
2647 3110 2897 3181 πολίχνιὰ
2957 3127 3082 3164 τινα
3121 3112 3399 3182 κατεῖχον,
3451 3110 3586 3180 μηδὲ
3649 3110 3758 3163 τῶν

2177 3206 2350 3277 ἀγχοῦ
2381 3204 2569 3274 ἀγρῶν
2604 3204 2649 3237 ¹⁶
2681 3205 2781 3274 τῆς
2813 3202 3086 3274 βασιλίδος
3112 3203 3225 3258 τῶν
3258 3204 3466 3257 πόλεων
3498 3201 3755 3270 κωμοπό-

2177 3295 2317 3352 λεων
2346 3297 2675 3368 φειδόμενοι,
2709 3295 3149 3367 παραγενόμενοι
3202 3296 3294 3349 καὶ
3341 3294 3533 3363 μέχρις
3584 3290 3751 3344 αὐτοῦ

2178 3386 2272 3441 τοῦ
2333 3387 2478 3440 οὕτω
2531 3387 2869 3456 καλουμένου
2920 3385 3110 3456 βαθέος
3165 3384 3362 3456 ῥύακος
3413 3381 3550 3453 (57).
3599 3372 3758 3447 Ἐνῷ

2179 3479 2276 3532 καὶ
2312 3480 2370 3532 τὸ
2410 3479 2496 3531 ἐπ’
2530 3478 2762 3549 ὀνόματι
2787 3479 2880 3532 τοῦ
2928 3480 2986 3531 ὲν
3038 3478 3278 3549 μάρτυσι
3323 3473 3588 3546 μεγίστου
3621 3473 3758 3527 Θεο-

2179 3567 2353 3639 δώρου
2387 3568 2617 3638 τέμενος
2673 3567 2786 3637 (58)
2816 3568 3052 3637 ἵδρυται.
3107 3566 3303 3622 Πολλοὶ
3360 3566 3458 3634 μὶν
3517 3562 3629 3634 γὰρ
3665 3563 3765 3617 καὶ

2181 3662 2414 3730 ἐφοίτων
2445 3661 2740 3727 ἐντεύξεως
2794 3661 2890 3713 τοῦ
2921 3659 3081 3726 ἁγίου
3131 3659 3294 3730 χάριν
3333 3657 3455 3710 καθ’
3486 3657 3726 3724 ἑκάστην
3747 3671 3765 3688 ο

2181 3754 2417 3824 ὁπηνίκα
2442 3753 2488 3807 δ’
2521 3753 2552 3820 ἡ
2608 3750 2863 3822 Κυριακὴ
2893 3747 2962 3822 ἦν
2995 3750 3062 3817 ¹⁷,
3094 3749 3379 3820 πάνδημον
3422 3747 3472 3800 οἱ
3520 3746 3767 3808 εὐσεϐεῖς

2104 3810 2149 3873 C
2184 3810 2467 3900 ἐπόιοῦντο
2492 3810 2592 3912 την
2621 3810 2761 3912 πρύς
2789 3810 3016 3915 τίεερὺν
3041 3810 3202 3896 τοῦτο
3231 3810 3527 3911 ¹εἱ¹τέμενος
3551 3838 3763 3892 ἔλευσιν

2185 3939 2472 4008 παννύχιοι
2507 3937 2602 3991 καὶ
2655 3937 2995 4006 πανημέριοι
3032 3935 3219 4004 κύκλῳ
3245 3951 3304 3987 τε
3357 3932 3453 3986 καὶ
3502 3929 3646 3984 κατὰ
3675 3928 3763 3982 τὸν

2183 4030 2515 4100 πρόδρομον,
2539 4029 2634 4082 καὶ
2661 4028 3024 4096 ὀπισθόδομον
3051 4027 3149 4080 τοῦ
3195 4024 3302 4080 νεὼ
3334 4028 3759 4095 προσμένοντες.

2197 4120 2361 4174 Ἀλλὰ
2407 4117 2668 4172 τοσοῦτον
2724 4116 3157 4188 ὐπεσχύρισενη
3211 4115 3322 4169 τῶν
3369 4112 3598 4167 Σκυθῶν
3625 4109 3762 4166 ἀκά-

2182 4213 2375 4275 θεκτος
2409 4210 2576 4282 ὁρμὴ,
2605 4209 2682 4273 ὡς
2708 4208 2844 4280 μηδὲ
2873 4211 2972 4272 τὰς
3013 4208 3186 4270 πύλας
3226 4203 3512 4270 ὑπανοῖξαι
3539 4203 3631 4257 τοῦ
3664 4200 3767 4254 Βυ-

2182 4301 2401 4367 ζαντίου
2446 4300 2654 4370 τολμᾷν
2711 4300 2836 4363 τοὺς
2880 4300 2963 4362 εἰς
2993 4297 3088 4352 τὸν
3113 4298 3367 4370 μάρτυρα
3398 4295 3592 4365 φοιτᾷν
3640 4292 3768 4362 βου-

487 4393 653 4464 226
679 4404 735 4447 ut
759 4397 826 4475 ad
865 4395 936 4449 ibi
967 4393 1132 4448 situm
1167 4395 1390 4450 maximi
1426 4395 1570 4449 inter
1596 4407 1868 4464 martyres
1900 4392 2074 4448 Theo-

2178 4394 2439 4462 λομένους
2470 4392 2558 4446 διὰ
2583 4393 2683 4456 τὰς
2712 4392 2920 4463 ἁθρόας
2946 4391 3172 4460 ἐφόδους
3202 4391 3315 4444 τῶν
3342 4386 3589 4443 Σκυθῶν.

488 4488 605 4539 duri
639 4488 898 4556 templum
933 4487 1287 4557 quotidianus
1320 4503 1390 4543 ex
1423 4488 1559 4543 urbe
1585 4503 1892 4544 concursus
1922 4487 2077 4543 ﬁeret
2124 4488 2408 4559 religionis
2433 4497 2490 4542 et
2517 4486 2934 4556 supplicationis
3006 4499 3171 4540 causa
3208 4483 3381 4539 sancti
3451 4479 3769 4535 memoriam

487 4580 780 4636 visentium
821 4601 835 4638 :

891 4581 1174 4638 Dominica
1231 4599 1363 4638 vero
1408 4586 1672 4639 redeunte
1705 4583 2078 4640 eﬂ‘underetnr
2117 4599 2256 4654 pene
2325 4584 2540 4648 civitas,
2623 4591 2679 4638 et
2732 4581 2806 4650 pii
2851 4581 3051 4652 passim
3093 4595 3285 4635 omnes
3333 4575 3772 4648 peregrinatione

490 4679 803 4733 suburbana
858 4693 1072 4734 sacram
1117 4677 1186 4732 ad
1255 4678 1418 4734 istam
1473 4677 1642 4733 delati
1690 4679 1884 4744 aedem,
1946 4688 2113 4732 totam
2186 4678 2298 4733 illic
2333 4687 2548 4733 noctem
2592 4689 2876 4747 totumque
2911 4677 3053 4732 diem
3105 4677 3188 4731 vel
3227 4678 3433 4732 circum
3472 4677 3763 4732 ambitum.

1519 4841 1719 4903 Variae
1748 4841 2055 4903 lectiones
2095 4857 2180 4902 ex
2222 4842 2368 4903 cod.
2400 4839 2665 4903 Coislin.

568 4968 612 5000 “
649 4969 730 5025 τό.
809 4968 853 5000 ³⁸
903 4967 1070 5022 Deest
1119 4981 1223 5020 vos
1271 4965 1614 5038 ἁπανταχοῦ.

1695 4966 1738 5000 ¹⁵
1777 4967 2104 5022 ἀκάθεκτον.

2185 4967 2230 5000 ¹⁶
2261 4966 2425 5023 Deest
2457 4984 2558 5023 vox
2600 4967 2809 5038 ἀγρῶν.
2888 4968 2932 5000 "
2963 4969 3171 5040 παρῆν.
3252 4969 3296 5002 ⁸³
3337 4969 3551 5025 τούτου.

1578 5129 1722 5192 Car.
1751 5127 2089 5192 Dufresoii
2114 5130 2208 5192 Du
2244 5132 2466 5212 Cangii
2494 5140 2682 5196 noue.

563 5256 678 5327 (37)
712 5253 935 5327 Βαθέος
950 5255 1203 5322 ῥύακος.
1240 5254 1387 5310 Idem
1417 5254 1574 5318 forte,
1617 5257 1706 5326 qui
1731 5258 2074 5327 βαθύκολπος

490 5326 1034 5398 l)ioiiysiojiyaaiitio
1064 5327 1282 5398 dicitur:
1311 5327 1436 5390 Adi,
1472 5326 1743 5398 si'plaeet,
1792 5340 1846 5382 rt
1886 5329 2074 5384 confer

2154 5263 2306 5330 ejus
2369 5264 2589 5317 nomine
2655 5263 3075 5331 appellationem
3139 5267 3372 5331 sortito,
3433 5272 3767 5317 exstructam

2185 5333 2385 5387 habent
2441 5333 2642 5402 passim
2697 5344 3035 5402 scriptori-3:
3076 5338 3177 5390 sed
3236 5335 3338 5389 fuit
3395 5334 3579 5388 haecce
3626 5335 3771 5389 ardes

493 5393 1083 5491 εξεέιξίιηιὲιυοὶξέὶ-..ει
1121 5395 1801 5491 Qﬁ,..'§°‘££r?..-?if"2£‘9a_
1818 5400 2071 5491 9.92-17.-
2108 5393 2535 5491 οέυιιψῖθιιι
2588 5393 2942 5491 ξυνιείειιῖειηιε
2978 5405 3070 5458 “Ia
3106 5421 3254 5491 vsa-2.»
3315 5405 3539 5491 σομαιιε

489 5467 650 5538 341
709 5466 837 5538 Fuit
896 5466 1066 5538 etiam
1144 5465 1282 5538 alios
1343 5465 1587 5538 ejusdem
1643 5465 2073 5538 nomenct'aturae

493 5535 647 5592 locus
669 5538 720 5589 in
749 5536 900 5599 Asia,
928 5535 1070 5606 haud
1093 5536 1279 5606 procul
1309 5535 1678 5606 abplﬂuphrate
1705 5547 1758 5591 et
1782 5537 2071 5606 Tephrica,

491 5608 649 5674 cujus
685 5607 926 5674 meminit
979 5603 1246 5674 Scylitzes
1286 5607 1341 5658 in
1387 5603 1800 5673 Bulgaroctono,
1843 5603 1934 5663 an.
1984 5609 2074 5666 11.

563 5673 675 5745 (38)
729 5673 1063 5745 Θεοδώρους
1093 5673 1358 5742 τεμέγος.
1416 5674 1607 5745 ﬁdem
1661 5676 1724 5730 D.
1785 5675 2076 5734 Theodoro

491 5743 683 5798 Tironi
716 5758 930 5799 sacram
964 5759 996 5798 a
1033 5743 1362 5814 Sophoratio
1401 5744 1530 5801 Cos.
1577 5747 1633 5800 in
1667 5746 1789 5802 loco
1818 5748 1969 5805 urbis
2005 5764 2073 5804 ex

2179 5475 2392 5527 exstitit
2445 5473 2527 5546 in_
2549 5474 3172 5546 suburbanisByzantii.
3207 5475 3315 5546 Nec
3346 5475 3506 5546 aliam
3542 5489 3663 5528 reor
3702 5476 3770 5529 ab

2181 5558 2268 5607 ea,
2302 5557 2463 5614 quam
2500 5542 2818 5612 Procopius.
2855 5542 2990 5614 libit
3023 5543 3099 5596 De
3141 5545 3288 5614 mdif.
3349 5542 3552 5597 Justiu.
3582 5548 3741 5596 condi

2183 5621 2290 5666 tam
2321 5613 2513 5683 scribit
2565 5616 2632 5667 ab
2667 5616 2874 5683 eodem
2898 5613 3163 5683 Augusto,
3195 5613 3255 5668 in
3276 5615 3589 5683 suburbano
3625 5629 3768 5666 nun-

2183 5681 2621 5754 cupatorliaissio
2649 5699 2663 5736 :
2688 5683 2762 5735 Τὸ
2789 5681 2884 5736 τοῦ
2910 5681 3189 5754 Θεοδώρου
3220 5685 3380 5752 ἁγίου
3400 5682 3625 5754 τέμενος
3659 5684 3768 5754 πρὸ

2182 5755 2283 5822 τῆς
2315 5753 2525 5817 πόλεως
2561 5754 2816 5822 κείμενον
2845 5754 2907 5808 ὲν
2932 5751 3764 5826 χώρῳ”καλουμένῳ,Ῥαισσίῳ.
