4112 6462
408 333 518 394 613
1656 334 1994 395 ALEXIAD

2116 334 2264 396 LIB.
2310 334 2480 396 VIII.
3578 336 3686 402 614

410 446 498 497 vel
531 444 585 497 in
625 443 917 508 vestibulo,
956 443 1038 499 vel
1073 444 1122 498 in
1153 444 1359 514 postica
1399 445 1581 515 templi
1619 457 1770 515 parte
1804 445 2061 500 continua
2101 444 2363 514 religione
2433 459 2788 513 perseverare
2856 449 3301 515 consuevissent,
3369 467 3543 523 usque
3613 464 3682 515 ad

412 537 561 590 hunc
598 538 889 594 tumultum
921 538 1235 607 Scythicum
1261 554 1275 591 :
1301 541 1519 608 quando
1577 541 1762 594 audita
1824 541 2063 608 undique
2100 540 2346 610 exerupla
2378 542 2725 610 gliscentium
2756 544 3000 613 quOtidie
3032 544 3285 602 licentius
3309 556 3363 601 et
3393 564 3683 615 quoscum-

414 640 521 693 que
563 627 676 695 jam
726 629 915 684 obices
950 631 1364 686 trausilientium
1409 633 1832 701 grassatiouum,
1884 641 1993 685 tam
2034 646 2201 701 prepe
2232 640 2499 688 terrorem
2527 638 2908 699 admoverunt,
2954 647 3011 691 ut
3076 652 3212 708 quos
3244 651 3516 697 consueta
3593 656 3683 697 re-

413 715 544 783 ligio
573 719 821 774 trahebat
850 721 916 775 ad
949 723 1353 779 venerationem
1388 726 1554 779 vicini
1592 726 1867 794 martyris,
1921 737 1988 779 ne
2065 733 2250 792 portas
2298 725 2515 794 quidem
2570 729 2784 797 aperire
2833 729 3079 801 Byzantii
3130 742 3276 787 metu
3352 732 3681 801 Scytharum

412 810 700 867 auderent.

498 901 660 956 Ἀλλὰ
684 904 856 957 ταῦτα
884 908 982 975 μὲν
1002 910 1070 961 τὰ
1098 907 1157 972 ἐξ
1173 910 1402 976 ἠπείρου
1434 913 1532 981 τῆς
1562 912 1801 981 ἑσπέρας
1828 926 1996 979 προσ·
2025 912 2071 971 Α

416 996 653 1048 πεσόντα
681 998 758 1067 τῷ
787 999 1154 1069 αὐτοκράτορι
1177 1002 1347 1058 δεινά.
1374 1004 1447 1056 Ού
1481 1004 1664 1071 μέντοι
1699 1020 1762 1071 γε
1785 1002 1903 1055 οὐδὲ
1930 1000 1997 1053 τὰ

415 1090 555 1142 κατὰ
578 1089 850 1144 θάλατταν
876 1093 1087 1155 ἁνέτως
1119 1087 1282 1163 εἶχεν,
1318 1094 1452 1148 ἀλλὰ
1498 1094 1591 1147 καὶ
1621 1094 1741 1146 λίαν
1777 1096 1997 1147 ἐπικινο

410 1181 604 1247 ὂύνως,
635 1185 730 1235 τοῦ
757 1182 948 1253 Τζαχᾶ
969 1182 1125 1248 αὖθις
1148 1187 1330 1238 στόλον
1359 1187 1707 1256 κτησαμένου
1730 1186 1794 1248 ¹⁹,
1823 1185 1911 1237 καὶ
1930 1183 1996 1237 τὰ

415 1274 564 1343 παρὰ
589 1273 860 1328 θάλατταν
890 1275 1103 1330 ἅπαντα
1149 1278 1597 1348 κατατρέχοντος.
1629 1276 1755 1331 Ἐπὶ
1786 1277 1997 1340 τούτοις

409 1363 507 1420 οὖν
554 1369 583 1421 ὁ
618 1367 875 1437 βασιλεὺς
924 1371 1112 1438 ἠνιᾶτο
1156 1373 1253 1435 καὶ
1304 1370 1574 1440 ἤσχαλλεν
1618 1370 1998 1439 ἁπανταχόθεν

413 1460 741 1531 βαλλόμενος
758 1464 877 1524 ταῖς
895 1463 1195 1532 φροντίσιν.
1235 1463 1485 1516 Ἐπειδὰν
1502 1463 1546 1516 δ’
1570 1464 1775 1533 ἠγγέλη
1798 1462 1993 1533 τούτῳ,

410 1553 489 1614 ὡς
518 1551 619 1622 ἤδη
652 1553 748 1605 καὶ
772 1553 997 1605 πλείονα
1025 1552 1215 1606 στόλον
1251 1553 1315 1607 ἐκ
1336 1553 1447 1606 τῶν
1472 1553 1756 1624 παραλίων
1791 1553 1998 1622 κερ,σά-

415 1661 599 1712 μενος,
630 1648 659 1697 ὁ
687 1643 931 1714 Τζαχᾶς,
979 1646 1076 1698 καὶ
1106 1645 1202 1709 τὰς
1234 1646 1575 1709 ἐπιλοίπους,
1631 1640 1706 1699 ὧν
1739 1643 1995 1717 προφθά-

412 1750 513 1797 σας
539 1735 772 1805 κατέσχε
798 1738 998 1807 νήσων,
1036 1738 1342 1809 πορθήσας,
1394 1740 1486 1790 καὶ
1520 1738 1664 1791 κατὰ
1694 1738 1804 1790 τῶν
1833 1739 1997 1791 ἐσπε-

414 1827 546 1895 ρίων
571 1828 767 1899 χωρῶν
789 1828 1120 1882 διανοεῖσθαι
1148 1831 1558 1901 ἐπικεχείρηκε,
1590 1830 1682 1883 καὶ
1709 1833 1843 1900 πρὸς
1861 1830 1984 1893 τοὺς

411 1918 623 1983 Σκύθας
662 1920 1136 1991 διαπεμπόμενος,
1193 1923 1548 1976 συνεϐούλευε
1581 1923 1680 1989 τὴν
1714 1922 1998 1993 Χερρόνη-

410 2028 505 2064 σον
530 2013 859 2065 καταλαϐεῖν
880 2032 891 2044 ·
924 2015 985 2066 οὐ
1023 2014 1130 2084 μὴν
1184 2015 1305 2067 οὐδὲ
1333 2015 1393 2068 τὸ
1424 2017 1487 2067 ἐκ
1517 2013 1618 2083 τῆς
1646 2014 1784 2084 ἑῴας
1822 2029 1990 2084 προσ-

408 2103 669 2172 εληλυθὸς
701 2105 778 2173 τῷ
807 2106 1175 2177 αὐτοκράτορι
1208 2107 1629 2175 μισθοφορικὸν,
1677 2106 1782 2160 τῶν
1814 2106 1995 2178 Τούρ.

408 2211 523 2246 κων
549 2195 713 2264 φημὶ,
777 2195 1076 2268 συνεχώρει
1106 2197 1205 2260 τὰς
1237 2198 1375 2268 πρὸς
1406 2197 1571 2251 αὐτὸν
1620 2198 1855 2261 σπονδὰς
1892 2200 1993 2270 ἀρα

411 2290 600 2357 ραγεῖς
626 2290 840 2358 τηρεῖν,
892 2288 1222 2358 ὑποσχέσεσι
1270 2292 1537 2360 χρησταῖς
1572 2289 1907 2356 ὑποσαίνων,
1943 2292 1992 2344 εί

406 2379 501 2432 τὸν
550 2379 932 2449 αὐτοκράτορα
986 2381 1388 2444 καταλιπόντες
1444 2381 1596 2450 αύτῷ
1666 2384 1996 2453 προσχωρὴ-

412 2488 566 2525 σαιεν
598 2472 643 2503 ⁸ο
667 2485 682 2501 °
734 2470 907 2525 ταῦτα
939 2474 1100 2540 γνοὺς
1127 2475 1155 2526 ὁ
1188 2472 1465 2542 βασιλεὺς,
1500 2474 1623 2527 ἐπεὶ
1658 2474 1727 2527 τά
1757 2492 1818 2528 τε
1853 2475 1997 2529 κατά

409 2562 683 2616 θάλατταν
712 2564 780 2617 τά
809 2581 866 2616 τε
899 2565 1039 2617 κατὰ
1068 2564 1166 2634 τὴν
1194 2565 1421 2635 ἤπειρον
1446 2566 1563 2618 λίαν
1606 2567 1796 2632 κακῶς
1843 2566 1995 2639 αὐτῷ

410 2654 695 2718 διετίθετο,
724 2655 820 2708 καὶ
853 2657 879 2708 ὁ
904 2657 1112 2725 χειμὼν
1147 2656 1395 2725 σφοδρῶς
1436 2658 1479 2688 ’⁸
1510 2659 1862 2729 ἐπικείμενος
1894 2663 1994 2724 τὰς

411 2743 624 2805 ἐξόδους
654 2744 1005 2799 παντάπασιν
1058 2744 1288 2811 ἔκλειεν,
1343 2746 1485 2800 ὥστε
1522 2749 1657 2817 μηδέ
1691 2750 1997 2818 ἀποζυγοῦ-

410 2834 538 2887 σθαι
585 2834 684 2896 τὰς
717 2834 823 2888 τῶν
858 2835 1180 2905 οἰκημάτων
1235 2835 1408 2907 θύρας
1442 2838 1531 2891 διὰ
1579 2839 1641 2892 τὸ
1670 2843 1770 2911 τῆς
1816 2841 1995 2911 χιόνος

410 2923 697 2995 ἐπιϐριθές
731 2925 956 2996 (συνέϐη
988 2926 1097 2998 γὰρ
1148 2926 1272 2981 τότε
1321 2928 1522 2999 πολλὴν
1560 2930 1991 3001 ἐπιφορηθῆναι,

408 3019 509 3070 καὶ
538 3019 674 3086 ὅσην
720 3018 892 3082 οὐδείς
924 3038 1012 3073 πω
1043 3021 1311 3089 πρότερον
1348 3021 1635 3092 ἔγνωκεν),
1663 3023 1738 3085 ὡς
1768 3024 1885 3078 ἐνὸν
1905 3024 1994 3081 διὰ

409 3110 760 3179 γραμμάτων
787 3112 1161 3182 ἁπανταχόθεν
1209 3112 1435 3168 ἔσπευδε
1474 3113 1870 3187 μισθοφορικὸν
1902 3135 1995 3188 με·

407 3205 847 3265 τακαλέσασθαι.
906 3207 1015 3263 Τοῦ
1074 3207 1227 3278 ἡλίου
1262 3209 1318 3263 δὲ
1379 3209 1477 3279 τὴν
1531 3211 1755 3280 ἐαρινὴν
1784 3211 1993 3284 τροπὴν

410 3300 619 3369 ἀπάρτι
679 3300 1201 3371 καταλαμϐάνοντος
1268 3301 1417 3372 (ἐπεὶ
1474 3305 1569 3358 καὶ
1602 3305 1630 3357 ὁ
1667 3305 1732 3358 ἐκ
1772 3305 1880 3357 τῶν
1907 3322 1994 3359 νε-

417 3391 531 3458 φῶν
598 3391 996 3463 ἀπειλούμενος
1054 3393 1294 3465 πόλεμος
1349 3394 1527 3466 ᾤχετο
1555 3436 1571 3462 ,
1638 3396 1733 3455 καὶ
1801 3398 1835 3466 ή
1906 3396 1994 3451 θά-

422 3482 586 3536 λαττα
650 3483 747 3538 τοῦ
814 3483 988 3555 θυμοῦ
1057 3486 1422 3557 μετεϐέϐλητο
1473 3488 1577 3559 ²²),
1645 3490 1757 3542 δεῖν
1819 3488 1995 3557 ἐλογί-

2172 908 2297 966 Ilaec
2343 911 2459 966 fere
2504 928 2602 982 per
2645 914 3015 968 continentem
3050 916 3329 968 occiduam
3368 907 3682 985 imperatori
3728 920 3733 931 '

2100 1004 2327 1058 adversa
2358 1005 2662 1075 contigere.
2698 1003 2809 1060 Nec
2854 1020 2985 1059 vero
3018 1023 3107 1060 res
3159 1008 3431 1062 maritima
3487 1013 3683 1065 remis-

2098 1094 2214 1149 sius
2246 1093 2478 1148 habebat
2512 1112 2525 1149 :
2564 1097 2694 1165 quin
2729 1096 2913 1165 potius
2948 1097 3000 1149 in
3045 1098 3214 1150 multo
3246 1101 3488 1154 maximo
3531 1102 3682 1167 peri-

2100 1184 2223 1238 culo
2260 1186 2604 1249 versabatur,
2636 1188 2852 1242 Tzacba
2884 1204 3006 1241 eum
3056 1204 3247 1243 rursus
3282 1191 3547 1245 aediﬁcata
3588 1208 3679 1244 ar-

2099 1287 2349 1346 mataque
2372 1279 2547 1335 classe
2573 1281 2792 1348 impune
2812 1283 2990 1335 omnia
3014 1283 3394 1351 pervolitante,
3416 1300 3681 1353 oramque

2099 1368 2208 1421 late
2231 1385 2446 1424 omnem
2475 1371 2796 1441 insulasque
2821 1388 2883 1427 ac
2913 1385 3106 1443 portus
3139 1376 3385 1443 piraticis
3411 1377 3680 1431 incursio-

2098 1460 2258 1516 nibus
2320 1461 2634 1518 infcsmnte.
2698 1463 3104 1519 Vulnerabalur
3174 1467 3258 1520 bis
3314 1472 3679 1537 undecunque

2098 1549 2446 1606 ailluentibus
2478 1554 2689 1608 nuntiis
2728 1554 3080 1624 imperatoris
3117 1555 3366 1621 animus;
3420 1568 3475 1611 et
3522 1560 3677 1627 quasi

2099 1644 2318 1697 assidua
2353 1647 2499 1700 omni
2534 1661 2599 1701 ex
2634 1656 2789 1714 parte
2814 1646 3157 1716 jaculatione
3192 1649 3403 1717 petitus
3432 1650 3676 1719 gravium

2097 1745 2150 1789 et
2174 1751 2393 1805 semper
2424 1739 2722 1793 recentium
2761 1754 3039 1804 curarmn,
3064 1740 3250 1795 dolere
3287 1748 3461 1812 magis
3495 1753 3548 1795 et
3593 1743 3676 1796 Ia-

2100 1829 2328 1881 mentari
2367 1829 2636 1896 publicam
2673 1838 2899 1896 sortem,
2928 1845 3090 1899 quam
3120 1833 3450 1903 excogitare,
3478 1835 3672 1888 nedum

2100 1918 2316 1979 τίσει-τε,
2360 1919 2660 1972 remedium
2691 1930 2768 1973 tot
2804 1921 2987 1985 malis,
3030 1930 3121 1973 aut
3166 1923 3218 1975 in
3257 1933 3362 1976 tant
3418 1923 3677 1992 impedita

2100 2011 2454 2082 perplexitate
2478 2027 2663 2066 rerum
2706 2013 3086 2086 qualecunque.
3112 2016 3395 2070 consilium
3420 2018 3679 2086 expedre

2098 2113 2344 2174 poterat:
2382 2105 2664 2174 multoque
2713 2106 2894 2159 minus
2941 2118 3227 2179 postquam
3269 2106 3487 2160 allatum
3542 2121 3679 2174 prte-

2099 2204 2245 2251 terea
2282 2206 2388 2257 e51,
2427 2204 2643 2249 auctam
2706 2196 3056 2252 vehementer
3099 2212 3129 2251 a
3184 2198 3397 2251 Tzacba
3448 2196 3675 2251 classem

2098 2286 2440 2354 congregatis
2473 2302 2538 2339 ex
2576 2301 2670 2340 ora
2703 2287 2956 2340 universa
3007 2287 3280 2341 maritima
3320 2289 3523 2354 ingenti
3572 2304 3678 2340 nu-

2097 2394 2247 2433 mero
2303 2378 2459 2431 novis
2516 2377 2788 2444 navibus;
2848 2394 2969 2435 cum
3033 2380 3135 2433 hoc
3187 2380 3563 2447 supplemento
3620 2380 3674 2432 in

2095 2469 2278 2523 animo
2308 2469 2513 2527 habere
2577 2469 2866 2522 barbarum
2926 2470 3177 2539 reliquis,
3230 2485 3369 2539 quas
3433 2473 3676 2523 nomium

2095 2562 2195 2617 sibi
2223 2562 2553 2629 subiecerat,
2580 2562 2773 2616 insulis
2804 2563 3050 2626 vastatis,
3073 2562 3332 2615 occiduas
3366 2562 3675 2629 irruptione

2096 2655 2269 2710 valida
2319 2665 2527 2708 tentare
2572 2655 2862 2723 regiones:
2903 2655 3145 2722 adeoque
3178 2653 3285 2721 jam
3334 2654 3515 2722 egisse
3564 2668 3662 2721 per

2096 2749 2459 2807 internuntios
2486 2763 2609 2801 cum
2648 2747 2867 2817 Scythis
2909 2746 3389 2800 utClicrsonesum
3438 2760 3675 2813 occupa-

2094 2852 2237 2896 rent.
2301 2840 2666 2894 Nuutlabatur
2720 2850 2775 2895 et
2829 2838 2958 2893 illud
3003 2854 3017 2891 :
3077 2840 3433 2893 iutervertere
3487 2837 3674 2892 conari

2094 2934 2364 2991 Tzacham
2432 2934 2681 2987 eumdem
2760 2931 2962 2984 auxilia
3041 2946 3161 3000 qua:
3229 2932 3526 3001 imperator
3605 2930 3675 2984 ab

2095 3027 2317 3082 Oriente
2379 3024 2481 3081 sibi
2553 3024 2823 3091 promissa
2884 3021 3190 3075 Turcorum
3249 3022 3600 3090 exspectabat
3656 3036 3674 3073 :

2094 3121 2566 3186 congregatasque
2596 3112 2706 3181 jam
2741 3113 3062 3167 mercenarii
3100 3112 3287 3167 militis
3320 3113 3509 3182 copias
3533 3110 3676 3164 Tur-

2097 3210 2249 3267 cicas
2302 3209 2590 3279 promissis
2650 3216 2703 3262 et
2748 3208 2952 3274 spebus
3007 3206 3215 3275 magnis
3269 3208 3337 3260 ab
3372 3206 3677 3261 emissariis

2095 3300 2327 3354 Tzacbze
2362 3308 2601 3352 tentatas
2644 3306 2700 3350 ut
2732 3311 2759 3349 a
2795 3296 2999 3350 fcedere
3030 3313 3153 3348 cum
3207 3295 3468 3350 Romanis
3512 3306 3674 3365 pacto

2096 3392 2387 3453 resilirent.
2421 3390 2486 3443 ad
2515 3403 2684 3458 seque
2717 3388 2897 3455 potius
2945 3401 3209 3455 suamque
3257 3386 3533 3448 militiam,
3588 3401 3673 3440 rev

2099 3485 2228 3539 lieto
2289 3484 2649 3552 imperatore,
2702 3494 2763 3535 se
2814 3475 3151 3543 conferrent,
3207 3478 3535 3547 simulatque
3579 3491 3674 3533 co-

432 3590 599 3639 σατο,
656 3576 1002 3647 ἑκατέρωθεν
1069 3577 1176 3631 τῶν
1252 3578 1516 3630 ἐναντίων
1586 3576 1989 3648 ἐπικειμένων,

2100 3578 2237 3647 piam
2270 3575 2450 3646 pabuli
2482 3575 2546 3627 ad
2588 3571 2843 3627 alendum
2883 3572 3182 3639 equitatum
3231 3571 3480 3623 idoneam
3516 3571 3670 3623 insu-

418 3665 486 3719 τὰ
517 3667 654 3722 κατὰ
685 3669 957 3723 θάλατταν
993 3669 1194 3739 μᾶλλον
1229 3669 1583 3738 καταλαϐεῖν,
1617 3670 1703 3725 ῖνα
1732 3670 1869 3741 ὁμοῦ
1893 3670 1991 3725 καὶ

413 3760 525 3822 τοῖς
576 3761 927 3831 ναυσιπόροις
965 3761 1179 3831 ἐχθροῖς
1229 3763 1430 3832 ῥαδίως
1486 3764 1588 3834 ἐχῃ
1619 3762 1665 3793 ’³
1733 3762 1990 3815 ἀντικαθ-

416 3848 687 3916 ίστασθαι,
702 3852 947 3922 καὶπρὸς
961 3853 1085 3914 τοὺς
1102 3853 1160 3918 ἐξ
1178 3854 1409 3923 ἠπείρου
1432 3852 1669 3924 εὐχερῶς
1697 3852 1987 3924 μάχεσθαι.

413 3942 766 4014 Παραχρῆμα
822 3943 1001 3999 τοίνυν
1055 3945 1147 3997 τὸν
1214 3945 1469 4015 Καίσαρα
1535 3945 1851 4016 Νικηφόρον
1899 3944 1991 3997 τὸν

413 4033 755 4105 Μελισσηνὸν
790 4034 1118 4099 ἀποστείλας
1169 4036 1523 4107 μετεκαλεῖτο
1556 4036 1749 4090 θᾶττον
1775 4036 1807 4108 ἢ
1835 4038 1992 4107 λόγος

409 4127 511 4198 τὴν
543 4124 706 4180 Αἶνον
742 4128 855 4198 (59)
885 4127 1237 4182 καταλαϐεῖν.
1280 4128 1523 4196 Ἐφοασε
1551 4129 1658 4200 γὰρ
1688 4129 1775 4182 διὰ
1808 4146 1991 4198 γραμ-

415 4219 606 4289 μάτων
652 4218 900 4289 δηλώσας
951 4219 1312 4285 συλλέξασθαι
1352 4221 1582 4282 ὁπόσους
1618 4220 1988 4290 ἂνλδυνηθείη

410 4310 514 4362 οὐκ
565 4311 673 4363 ἀπξ
720 4308 828 4362 τῶν
889 4310 992 4380 ἥδη
1054 4311 1504 4382 ἐττρατευμένων
1544 4311 1812 4380 (ἐκείνους
1880 4312 1990 4382 γὰρ

412 4400 629 4469 φθάσας
656 4400 732 4462 εἰς
767 4398 866 4462 τὰς
900 4401 1084 4463 πόλεις
1118 4402 1404 4470 ἁπανταχῆ
1456 4401 1552 4471 τῆς
1593 4401 1862 4471 Ἐσπέρας
1909 4401 1991 4457 δι-

410 4493 690 4561 έσπειρεν,
722 4493 806 4561 ἐφ’
830 4485 873 4559 ᾧ
906 4495 1164 4564 φρουρεῖν
1204 4492 1273 4546 τὰ
1322 4492 1633 4563 κυριώτερα
1680 4492 1789 4545 τῶν
1837 4494 1991 4546 πολι-

412 4585 622 4655 χνίων),
645 4586 779 4637 ἀλλὰ
813 4585 955 4638 κατὰ
990 4585 1158 4657 μέρος
1187 4585 1500 4647 νεολέκτους
1526 4584 1841 4651 καταλέγων
1862 4586 1994 4638 ὁπός

412 4692 498 4727 σοι
532 4692 589 4726 τε
627 4676 690 4727 ἐκ
714 4674 1059 4745 Βουλγάρων,
1102 4677 1197 4728 καὶ
1251 4676 1439 4728 ὀπόσοι
1472 4674 1563 4727 τδν
1619 4675 1827 4744 νομάδα
1875 4676 1991 4745 βίον

412 4768 619 4820 εἴλοντο
650 4767 911 4839 (Βλάχους
962 4768 1185 4828 τούτους
1218 4769 1250 4837 ἡ
1295 4767 1451 4836 κοινὴ
1505 4766 1694 4819 καλεῖν
1729 4762 1837 4820 οἶδε
1867 4768 1988 4821 διὰ-

410 4862 625 4932 λεκτος)
674 4862 771 4917 καὶ
830 4866 956 4926 τοὺς
1002 4862 1225 4917 ἄλλοθεν
1261 4863 1319 4928 ἐξ
1366 4862 1592 4915 ἁπασῶν
1639 4860 1748 4915 τῶν
1795 4863 1988 4934 χωρῶν

2094 3671 2288 3734 larum,
2340 3682 2502 3737 quam
2552 3665 2953 3726 meditabatur,
3006 3662 3406 3730 depraedationis
3453 3674 3674 3726 compa-

2094 3772 2290 3817 rasset.
2320 3760 2401 3814 Ad
2442 3761 2589 3813 hunc
2622 3765 2732 3811 tam
2767 3756 3027 3809 miserum
3081 3754 3339 3807 Romana:
3391 3751 3469 3805 rei
3526 3760 3670 3806 terra

2091 3852 2254 3908 sinml
2305 3851 2552 3918 marique
2587 3864 2650 3902 ac
2706 3846 3075 3916 periculosum
3128 3852 3329 3899 statum
3379 3843 3672 3897 accedebat

2093 3946 2491 4001 ἰηροιιιιιιοιιυηι
2531 3940 2778 3995 adversae
2836 3938 3225 4006 tempesmtis:
3279 3935 3671 3989 commercium

2096 4053 2233 4107 pene
2279 4051 2440 4090 omne
2469 4036 2676 4086 viarum
2716 4041 2770 4084 et
2818 4031 3267 4085 commeationcm
3311 4029 3456 4083 ultro
3501 4032 3674 4081 citro-

2092 4146 2199 4200 que
2242 4128 2554 4182 nuntiorum
2586 4125 2889 4181 {mitissima
2916 4131 3030 4176 tum
3065 4123 3243 4176 hieme
3258 4119 3674 4175 vehementibus

2093 4219 2346 4291 procellis
2379 4216 2799 4271 iutercludente.
2829 4214 3073 4268 Tradunt
3108 4228 3213 4265 non
3246 4211 3378 4264 alias
3405 4210 3674 4264 Constan-

2095 4310 2319 4380 tinopoli
2351 4308 2473 4379 plus
2508 4306 2649 4361 nivis
2680 4306 2843 4360 simul
2884 4305 3083 4365 visum,
3115 4304 3190 4356 ita
3225 4312 3282 4355 ut
3333 4302 3449 4370 ejus
3498 4300 3672 4354 inusi-

2094 4412 2206 4457 tato
2264 4401 2505 4471 pondere
2557 4396 2907 4468 prtegravatis
2952 4396 3111 4450 tectis
3169 4392 3390 4454 aedium,
3435 4391 3671 4458 hincque

2094 4503 2372 4563 portarum
2436 4487 2949 4557 superliminaribus
2990 4484 3285 4553 depressis,
3339 4480 3506 4532 valvas
3559 4494 3670 4533 non

2093 4587 2327 4656 amplius
2357 4585 2502 4654 jugis
2534 4584 2803 4637 ostiorum
2834 4579 3097 4633 committi
3146 4573 3503 4644 coaptarique
3544 4585 3670 4640 pos-

2094 4693 2237 4737 sent.
2267 4681 2467 4734 Tamen
2505 4692 2571 4731 ne
2602 4688 2733 4731 tunc
2765 4673 2985 4743 quidem
3036 4668 3276 4722 cessavit
3319 4680 3347 4717 a
3391 4662 3668 4717 mittendis

2095 4785 2310 4825 omnem
2344 4770 2393 4822 in
2424 4776 2631 4837 partem
2665 4762 2873 4819 nuntiis
2907 4775 2969 4814 ac
2998 4756 3218 4822 litteris,
3263 4755 3460 4825 quibus
3493 4760 3673 4805 matu-

2096 4864 2201 4916 rari
2233 4859 2552 4916 eouductitii
2581 4856 2769 4910 militis
2797 4854 3038 4908 delectus
3066 4861 3389 4917 magnopere
3421 4842 3666 4913 urgebat.

412 4957 744 5024 ἐρχομένους
792 4955 990 5017 ἱππέας
1021 4971 1081 5008 τε
1116 4954 1211 5007 καὶ
1254 4951 1475 5016 πεζούς.
1533 4952 1705 5017 Αὐτὸς
1750 4952 1808 5005 δὲ
1862 4932 1988 5017 τοὺς

2097 4952 2286 5007 Postea
2320 4967 2450 5006 vero
2473 4964 2635 5017 quam
2668 4947 2781 5001 sole
2816 4946 2882 4999 ad
2925 4942 3080 4998 verni
3131 4937 3443 5007 tequinoctii
3486 4932 3669 4988 cardi-

411 5047 507 5100 τοῦ
566 5048 811 5117 Φλάντρα
876 5046 1261 5110 πεντακοσίους
1327 5045 1565 5107 Κελτοὺς
1622 5045 1687 5097 ἐκ
1736 5044 1987 5114 Νικομη-

406 5139 558 5199 δείας
611 5137 722 5208 (40)
779 5137 1280 5207 μεταπεμψάμενος
1342 5134 1482 5206 μετὰ
1538 5133 1648 5187 τῶν
1705 5134 1985 5201 συγγενῶν

2094 5060 2217 5099 nem
2269 5057 2554 5113 progresso
2603 5055 2706 5108 pax
2765 5038 2831 5094 ab
2865 5036 3067 5091 aethere
3114 5032 3251 5098 fuit,
3296 5030 3519 5083 nubium
3568 5026 3672 5078 mi-

2094 5138 2214 5202 nis,
2278 5145 2675 5202 ventorumque
2731 5145 2795 5184 ac
2882 5126 3144 5181 ﬂuctuum
3223 5135 3343 5177 sese
3426 5118 3669 5172 tumulti-

1448 5251 1645 5312 Varire
1680 5249 1984 5312 lectiones
2027 5268 2106 5312 ex
2157 5257 2299 5314 cod.
2348 5251 2620 5311 Coislin.

487 5352 531 5384 ¹⁹
584 5352 939 5419 κτισαμένου.

412 5420 558 5476 λετο.
634 5420 679 5451 ’³
729 5420 870 5491 ἔχοι.

1019 5351 1066 5382 ²⁰
1106 5350 1593 5421 προσχωρήσαιεν,
1634 5346 1874 5416 ὁπηνίκα
1915 5347 2011 5410 τὰς
2039 5350 2234 5420 κριθὰς
2265 5349 2565 5405 καταλάϐοι
2591 5366 2604 5380 ·
2632 5346 2829 5402 ταῦτα.

2926 5343 2970 5376 ¹¹
3002 5339 3252 5412 σφοδρός.
3355 5335 3402 5367 ⁹⁹
3432 5330 3668 5404 μετεϐά-

1485 5557 1624 5621 Car.
1658 5554 1989 5618 Dufresuii
2014 5557 2117 5624 Du
2145 5554 2361 5635 Cangii
2396 5560 2591 5617 notaa.

487 5689 599 5760 (39)
626 5682 824 5742 Αἶνον.
858 5686 997 5741 Urbs
1019 5682 1709 5760 Ihraci1'e,_Villhardui-no
1741 5682 1892 5760 Aine.

636 5760 737 5814 Ἐκ
774 5758 1158 5826 Νικομηδίας.
1218 5742 1316 5809 Ubi
1362 5754 1562 5808 milites
1618 5751 1982 5806 Flandrenses

2097 5747 2314 5803 Llocarat
2341 5753 2498 5799 antea
2534 5742 2779 5799 Alexius.
