4112 6396
341 5797 391 5828 ῃ
401 5809 404 5812 .

423 365 532 430 £277

1745 360 1970 430 ANNZE
2010 360 2400 427 CO‘MNENE

3578 357 3685 421 6⁵28

425 485 604 551 iisque
655 495 712 535 se
764 480 975 554 idoneis
1006 494 1228 532 usurum
1277 477 1576 546 sequesttis
1621 483 1908 528 autumans
1942 474 2008 528 ad

2127 473 2325 536 τθαι³³,
2357 472 2436 542 τῷ
2496 472 2593 541 τὴν
2630 471 2915 541 βασιλικὴν
2967 468 3208 541 σημαίαν
3258 469 3539 540 κατέχοντι
3599 473 3698 525 ἐπ-

427 574 662 643 gratiam
712 573 1058 640 imperatoris
1094 568 1533 638 promerendam.
1581 566 1726 620 Vidit
1762 580 1878 619 eam
1919 563 2004 617 fu-

426 683 549 736 gam
600 665 689 735 qui
739 665 928 718 stabat
961 664 1202 716 intentus
1237 661 1289 715 in
1325 660 1510 715 omnia
1541 661 1839 727 imperator
1884 674 1897 711 :
1949 664 2005 710 tt

426 756 791 827 periculosum
825 756 1040 810 censuit
1070 756 1116 811 si
1157 755 1635 824 frequentareutur
1661 753 1870 806 similes
1910 766 2003 805 ac—

429 863 616 903 cessus
648 847 974 918 Scytharum
1026 849 1092 901 ad
1139 849 1431 901 Comanos.
1462 844 1602 910 Quid
1642 843 1686 899 si
1728 843 1874 897 enim
1914 842 2009 896 ad-

430 943 767 995 ducerentur
791 940 843 992 in
869 955 1192 993 consenSum
1228 939 1337 1004 isto
1365 935 1828 992 interutmtiorum
1858 949 2008 989 com-

429 1034 634 1088 mercio
691 1034 975 1102 utriusque
1028 1031 1265 1086 nominis
1320 1030 1580 1085 Barbari:
1638 1043 1906 1097 versoque
1954 1028 2007 1082 in

431 1126 545 1191 ipsa
605 1123 720 1176 acie
777 1124 938 1194 simul
976 1125 1181 1188 animo,
1228 1123 1390 1176 simul
1435 1123 1681 1190 impetu,
1734 1119 2010 1176 Romanos

432 1214 814 1269 communibus
847 1215 1014 1268 armis
1046 1214 1462 1286 opprimerent?
1493 1211 1778 1280 Expedivit
1821 1211 1872 1264 in
1909 1212 2012 1266 hoc

434 1315 580 1360 metu
618 1307 913 1361 consilium
940 1315 1162 1361 strenue
1198 1321 1324 1359 acer
1348 1306 1400 1359 in
1431 1304 1628 1358 subitis
1661 1312 1715 1358 et
1742 1311 2013 1357 momento

431 1399 716 1468 perspicax
771 1399 999 1468 Augusti
1047 1413 1215 1452 mens.
1276 1397 1459 1472 233.
1513 1395 1571 1450 Ei
1619 1395 1890 1465 siquidem
1927 1394 2010 1447 cui

430 1488 572 1558 signi
608 1487 1015 1556 militaris'regii
1051 1487 1258 1543 credita
1285 1483 1342 1541 i'n
1371 1488 1489 1541 acie
1528 1485 1773 1539 custodia
1807 1484 2007 1550 fuerat,

430 1583 710 1651 praecepit,
748 1592 801 1636 ut
825 1597 944 1636 eum
976 1582 1172 1636 vexillo
1201 1583 1344 1651 quod
1381 1582 1486 1633 alte
1518 1580 1795 1634 sublatum
1845 1589 2002 1634 utra-

431 1689 537 1740 qtte
567 1673 818 1742 gestabat
863 1689 1060 1734 malm,
1097 1684 1219 1741 post
1267 1683 1446 1727 castra
1493 1671 1861 1726 Cumanorum
1905 1681 2015 1726 sta-

433 1775 540 1820 ret.
596 1766 688 1818 Sic
719 1765 967 1834 periculo
1009 1764 1242 1832 disiecto
1271 1762 1574 1817 barbarica:
1607 1764 2012 1825 conventionis,

2110 565 2270 633 ἐταξε
2299 565 2504 635 ταύτην
2538 566 2595 618 ἐν
2641 566 2821 634 χεροῖν
2868 563 3086 634 φέροντι
3137 564 3273 631 μετᾷ
3318 563 3417 632 τῆς
3451 563 3560 616 τῶν
3589 565 3699 617 Κ⁰’

2113 658 2298 729 μάνων
2332 656 2526 728 στῆναι
2559 655 2933 726 παρεμϐολῆς.
2969 657 3078 724 Τῆς
3101 654 3377 722 Σκυθικῆς
3409 653 3473 706 δὲ
3497 656 3697 727 ὁμαιχσ

2123 752 2254 820 μίας
2301 749 2696 820 διασπαθείσης
2761 749 2883 820 ἤδη,
2927 749 3017 802 καὶ
3048 749 3576 820 παραχωρησάντων
3604 749 3697 800 ἁλ-

2111 845 2302 914 λήλοιν
2333 845 2450 897 τοῖν
2485 843 2896 916 στρατοπέδοιν,
2935 843 3336 914 ἀνδροκτασίαν
3365 838 3432 912 ἦν
3466 842 3700 896 θεᾶσθαι

2111 934 2443 1003 τηνικαῦτα,
2490 935 2680 989 ὁποίαν
2715 935 2888 997 οὐδεὶς
2921 932 3147 986 πώποτε
3175 933 3458 989 ἐθεάσατο.
3492 934 3614 987 Τῶν
3645 935 3701 988 δὲ

2113 1027 2340 1081 Σκυθῶν
2388 1027 2582 1092 δεινῶς
2646 1025 3176 1096 ἀποσφαττομένων,
3246 1027 3321 1089 ὡς
3377 1027 3704 1095 ὲγκαταλειυ

2114 1118 2360 1186 φθέντων
2412 1120 2515 1190 ἤδη
2573 1119 2679 1172 ὑπὸ
2729 1121 2832 1186 τῆς
2883 1117 3034 1178 θείας
3088 1117 3398 1187 δυνάμεως,
3437 1135 3704 1172 κεκοπιαο

2114 1209 2273 1271 κότες
2319 1212 2367 1264 οἱ
2400 1209 2734 1278 σφάττοντες
2768 1211 2836 1280 τῇ
2873 1209 3084 1281 σφοδρᾷ
3129 1209 3220 1260 καὶ
3270 1211 3451 1280 πυκνῇ
3490 1209 3707 1280 κινήσει

2113 1303 2226 1356 τῶν
2259 1302 2451 1372 ξιφῶν,
2489 1300 2953 1372 λειποθυμοῦντες
2983 1301 3348 1355 ἀνεκόπτοντο
3374 1303 3471 1370 τῆς
3503 1301 3708 1372 ὁρμῆς.

2128 1395 2186 1448 Ὀ
2221 1395 2275 1447 δὲ
2308 1395 2670 1465 αὐτοκράτωρ
2699 1396 2756 1446 ἐν
2788 1393 2977 1463 μέσοις
3010 1399 3127 1456 τοῖς
3154 1394 3440 1463 πολεμίοις
3469 1395 3708 1460 ἐξιππα-

2116 1485 2343 1555 ζὸμενος
2373 1486 2498 1548 ὅλαςΙ
2552 1485 2925 1556 συνετάραττε
2959 1485 3274 1554 φάλαγγας,
3313 1484 3574 1554 πλήττων
3607 1486 3713 1555 μὲν

2117 1579 2244 1639 τους
2277 1576 2844 1645 ὰντικαθισταμένους
2864 1617 2878 1639 ,
2907 1579 3318 1646 καταπτήσσων
3348 1577 3403 1630 δὲ
3441 1579 3535 1629 καὶ
3578 1577 3708 1638 τοὺς

2119 1671 2311 1742 πόρρω
2359 1673 2473 1733 τοῖς
2525 1670 2898 1740 ὲμσοήμασιν.
2957 1669 3114 1722 Ἐπεὶ
3153 1670 3209 1723 δὲ
3257 1670 3348 1722 τὸν
3378 1669 3529 1740 ἥλιον
3580 1669 3716 1738 περὶ

2120 1763 2366 1833 κεφαλῆς
2407 1762 2509 1825 τὰς
2563 1764 2791 1825 ἀκτῖνας
2852 1761 3121 1831 βάλλοντα
3157 1761 3309 1832 ἐώρα
3361 1760 3716 1832 μεσημϐρίας

433 1859 818 1928 constantique
853 1856 957 1913 fide
997 1843 1228 1926 partium
1255 1873 1487 1927 pugnam
1510 1857 1789 1924 utrimque
1814 1857 2014 1910 seriam

2127 1855 2330 1924 ἁπάρτι
2387 1853 2589 1924 οὔσης,
2648 1851 3065 1922 προμηθεύεταί
3111 1869 3164 1904 τι
3217 1852 3485 1905 τοιοῦτον.
3529 1852 3717 1904 Μετα-

435 1957 685 2016 urgente,
718 1949 934 2018 Scytha!
977 1949 1120 2001 inter
1149 1947 1284 2000 duos
1324 1947 1568 2017 apprime
1600 1949 1900 2002 rom-ordes
1920 1947 2016 2001 de-

437 2038 739 2103 prehensi,
771 2037 1080 2100 exercitus,
1107 2028 1376 2105 uihiljam
1412 2037 1516 2090 nisi
1549 2039 1810 2091 atrociter
1845 2038 2018 2107 impn-

438 2143 614 2196 neque
661 2131 1034 2194 caedebantur,
1082 2126 1375 2184 manifesto
1405 2129 1599 2183 divina:
1649 2131 2018 2185 destitutionis

436 2220 660 2274 iudicio.
695 2219 882 2275 Caiefes
911 2229 1031 2273 erat
1060 2228 1320 2290 quantam
1355 2235 1512 2274 nemo
1551 2236 1787 2288 unquam
1823 2219 2020 2273 vidisse

438 2313 578 2367 alias
634 2313 874 2366 dicitur:
924 2313 1060 2367 adeo
1099 2322 1158 2366 ut
1204 2313 1424 2368 actione
1466 2315 1581 2383 ipsa
1624 2313 1930 2368 trucidandi
1967 2323 2020 2366 ct

437 2405 655 2460 assidua
693 2405 996 2474 jactatioue
1029 2405 1406 2471 brachiorum,
1458 2408 1524 2461 ad
1566 2423 1762 2461 novam
1805 2422 2020 2475 semper

438 2497 809 2550 carniﬁcinam
858 2497 1177 2552 abundante
1211 2500 1464 2563 materia,
1503 2499 1814 2553 incredibili
1861 2498 2020 2551 lassi-

441 2588 628 2641 tudine
657 2589 956 2643 deﬁcerent
989 2591 1188 2655 nostri,
1230 2601 1280 2645 et
1316 2591 1470 2659 quasi
1501 2591 1665 2646 messi
1704 2591 2020 2660 colligendae

440 2680 710 2750 impares,
747 2682 1032 2736 victoriam
1087 2682 1370 2737 absolvere
1433 2699 1591 2752 posse
1641 2692 2017 2750 desperantes,

442 2772 700 2840 impetum
740 2774 883 2829 ultro
911 2776 1267 2830 remitterent.
1296 2776 1600 2844 Imperator
1641 2776 1858 2830 interim
1905 2792 2017 2830 mc-

442 2861 566 2915 dios
593 2863 736 2916 inter
781 2866 965 2919 hostes
996 2865 1251 2933 equitans
1286 2866 1582 2937 phalanges
1614 2875 1757 2920 totas
1798 2876 2023 2920 contur—

443 2955 629 3014 habat,
665 2954 856 3010 obvios
896 2957 1110 3012 candens
1140 2959 1410 3022 cominus,
1445 2959 1630 3027 procul
1683 2959 1888 3026 positos
1920 2959 2022 3012 mi-

442 3048 672 3100 nacihus
713 3049 1014 3116 percelli-us
1048 3050 1290 3104 vocibus.
1333 3049 1433 3105 Ubi
1471 3061 1651 3103 autem
1681 3051 2021 3104 animadver-

442 3140 507 3191 tit
546 3141 769 3194 meridic
811 3143 1102 3197 commisso
1151 3143 1508 3197 ferventiores
1540 3142 1669 3197 solis
1721 3141 1904 3196 radios
1936 3157 2025 3210 pu-

2125 1946 2487 2016 πῑμψάμενός
2514 1963 2667 2007 τινας
2698 1943 3019 1998 ἀποστέλλει
3047 1945 3132 2014 ἐφ’
3158 1937 3202 2012 ᾧ
3234 1944 3476 2016 ἀγρότας
3508 1945 3717 2006 ἀσκοὺς

2126 2041 2442 2108 πλήσαντας
2509 2036 2700 2100 ὓδατος
2762 2038 2854 2089 καὶ
2911 2039 3033 2098 ταῖς
3113 2036 3272 2099 ἰδίαις
3323 2035 3724 2101 ἐπεισάξαντας

2126 2128 2374 2196 ἡμιόνοις
2414 2125 2780 2190 ἐξελάσαντας
2813 2126 3064 2192 ἀγαγεῖν.
3097 2125 3331 2188 Τούτους
3363 2125 3419 2178 δὲ
3462 2125 3563 2197 ήδη
3594 2125 3719 2178 θεα-

2127 2219 2356 2283 σάμενοι
2404 2219 2496 2270 καὶ
2527 2219 2576 2269 oi
2618 2221 2692 2286 μὴ
2737 2217 3143 2287 προκληθέντες
3183 2217 3292 2270 τῶν
3319 2217 3719 2288 πλησιοχώρων

2126 2313 2187 2363 τὸ
2216 2311 2347 2363 αὐτὸ
2387 2309 2534 2362 τοῦτ’
2564 2310 2810 2372 ἐποίουν,
2839 2310 2964 2371 τοὺς
2995 2311 3094 2379 τῆς
3135 2310 3318 2378 δεινῆς
3352 2309 3462 2362 τῶν
3491 2308 3719 2362 Σκυθῶν

2127 2405 2308 2472 χειρὸς
2336 2402 2532 2464 αὐτοὺς
2562 2401 3017 2466 ἀπαλλάττοντας
3069 2405 3097 2456 ὁ
3128 2403 3227 2473 μὲν
3248 2403 3318 2456 δι’
3348 2403 3664 2472 ἀμφορέως,
3688 2404 3718 2456 ὁ

2126 2495 2182 2546 δὲ
2215 2494 2282 2548 δι’
2305 2491 2498 2554 ἀσκοῦ,
2522 2494 2550 2545 ὁ
2573 2493 2627 2545 δὲ
2659 2493 2724 2545 δι’
2747 2494 2936 2546 ὁποίου
2971 2493 3186 2564 τύχοιον
3210 2496 3258 2524 ⁵⁵
3292 2495 3720 2569 ἄγγουςάναψύ-

2128 2603 2312 2658 χοντες
2341 2585 2516 2639 ὕδατι.
2543 2586 2608 2637 Ol.
2633 2585 2690 2638 δὲ
2714 2586 2910 2656 μικρὸν
2927 2585 3022 2639 τοῦ
3049 2584 3241 2650 ὓδατος
3261 2587 3541 2656 σπώμενοι
3563 2581 3725 2648 αὖθις

2128 2682 2225 2747 τῆς
2261 2681 2448 2747 μάχης
2479 2678 2813 2748 ἀντείχοντο.
2867 2679 2976 2730 Καὶ
3023 2675 3092 2749 ἦν
3128 2679 3260 2731 ἰδεῖν
3287 2678 3469 2749 θέαμα
3516 2678 3720 2742 καινὸν,

2130 2775 2281 2835 ἔθνος
2311 2773 2431 2825 ὅλον
2469 2773 2530 2824 οὐ
2579 2771 3030 2843 μυριὰνθρωπον,
3071 2773 3185 2825 ἀλλ’
3234 2772 3470 2843 ἀριθμὸν
3508 2773 3724 2824 ᾶπαντα

2131 2867 2457 2938 ὑπερϐαῖνον
2492 2868 2588 2920 σὺν
2622 2866 2841 2934 γυναιξὶ
2863 2868 2957 2920 καὶ
2982 2867 3193 2930 τέκνοις
3231 2866 3402 2936 ἄρδην
3431 2865 3572 2918 κατὰ
3593 2882 3716 2917 ταυ·

2132 2962 2256 3031 την“ι
2287 2960 2384 3030 τὴν
2415 2959 2631 3030 ἡμέραν
2659 2959 2965 3023 ἀπολωλός.
2997 2957 3109 3012 Ἤν
3136 2959 3192 3013 δὲ
3225 2957 3393 3028 μηνὸς
3438 2957 3723 3028 Ἀπριλίου

2132 3050 2351 3121 εἰκοστὴ
2372 3053 2508 3120 πρὸς
2535 3053 2598 3122 τῇ
2628 3052 2828 3124 ὲννάτῃ
2869 3050 3069 3120 ἡμέρα,
3103 3049 3262 3120 τρίτη
3281 3049 3334 3103 δὲ
3360 3049 3459 3119 τῆς
3489 3048 3726 3118 ἑϐδομά-

2131 3143 2241 3204 δος.
2269 3142 2464 3196 Ἔνθεν
2503 3159 2586 3194 τοι
2615 3143 2706 3194 καὶ
2735 3140 3009 3212 παρῴδιόν
3035 3158 3087 3194 τι
3112 3144 3159 3194 οἰ
3198 3140 3481 3204 Βυζάντιοι
3506 3138 3724 3209 ἐπῇδον,

443 3231 726 3294 gnautium
753 3233 1051 3288 verticibus
1084 3234 1422 3298 incumbere,
1445 3233 1626 3287 missis
1650 3241 1872 3302 repente
1904 3246 2018 3286 eer-

2134 3233 2460 3299 φὰσκοντες·
2495 3232 2598 3282 Διά
2619 3233 2770 3298 μίαν
2801 3230 3028 3300 ἡμέραν
3057 3232 3112 3283 οι
3143 3231 3365 3284 Σκύθαι
3393 3228 3502 3281 τὸν
3532 3229 3728 3282 Μαΐου·

445 3320 849 3378 tishomiuihus
871 3324 1151 3377 curavitot
1189 3323 1374 3378 rustici
1400 3321 1757 3391 undecunque
1776 3323 1829 3375 in
1851 3322 2024 3387 ipsam

441 3409 614 3461 aciem
651 3419 815 3479 atque
841 3413 1068 3468 ordines
1101 3415 1427 3468 vincentium
1459 3428 1765 3485 opportuna
1799 3417 2028 3485 refrige-

447 3501 524 3554 ria
546 3501 836 3567 inferrent.
892 3507 1070 3560 mulos
1092 3506 1303 3561 utribus
1325 3507 1516 3577 frigida
1538 3509 1784 3563 distentis
1807 3517 2032 3563 onustos

445 3606 555 3654 ora:
573 3608 631 3648 se
651 3605 896 3664 agentes.
920 3595 1088 3667 Cujus
1110 3597 1187 3650 rei
1215 3598 1377 3652 simul
1396 3600 1629 3667 primum
1657 3615 1686 3653 a
1704 3601 2026 3668 quibusdam

442 3685 522 3737 sic
547 3683 717 3754 jussis
733 3686 1040 3757 exemplum
1069 3697 1155 3743 est
1185 3689 1416 3756 editum,
1448 3689 1537 3744 alii
1566 3705 1689 3744 mox
1717 3691 1860 3744 ultro
1884 3693 2033 3761 agri-

2134 3327 2246 3376 οὐκ
2278 3323 2464 3379 εἶδον.
2510 3323 2668 3376 Ἐπεὶ
2710 3323 2766 3376 δὲ
2811 3325 2838 3376 ὁ
2875 3322 3032 3393 ἥλιος
3073 3321 3209 3391 πρὸς
3242 3321 3478 3390 δυσμαῖς
3507 3321 3608 3390 ἤδη
3635 3315 3725 3390 ἦν,

2138 3420 2235 3470 καὶ
2289 3417 2530 3480 ἅπαντες
2593 3418 2691 3487 μὲν
2757 3416 2928 3486 ξιφῶν
2960 3415 3122 3485 ἔργον
3171 3415 3456 3484 γεγόνασι,
3511 3414 3605 3467 καὶ
3655 3412 3719 3465 τὰ

2137 3511 2306 3562 τέκνα
2347 3509 2493 3579 φημὶ
2531 3509 2626 3560 καὶ
2669 3509 2726 3560 αἱ
2763 3507 3030 3578 μητέρες,
3079 3505 3269 3559 πολλοὶ
3301 3504 3359 3558 δὲ
3395 3505 3490 3558 καὶ
3518 3502 3726 3572 ζωγρία

2140 3599 2479 3670 ἐλήφθησαν,
2515 3599 2574 3652 τὸ
2603 3598 2972 3669 ἀνακλητικὸν
3003 3597 3270 3660 κελεύσας
3299 3599 3328 3649 ὁ
3363 3596 3718 3665 αὐτοκράτωρ

2143 3691 2354 3760 ἦκῆσαι
2387 3689 2523 3760 πρὸς
2554 3689 2752 3743 ἰδίαν⁵⁸
2789 3688 3036 3742 ἐπάνεισι
3067 3684 3443 3754 παρεμϐολήν.

441 3780 575 3832 colae
597 3781 918 3836 liberatores
947 3796 1076 3838 suos
1098 3783 1478 3838 interfectores
1494 3785 1820 3854 Scytharum
1853 3783 1994 3838 facili
2016 3785 2278 3838 beneficio
2299 3783 2589 3852 prosecuti,
2613 3781 2815 3835 aﬂ‘atim
2835 3795 2989 3849 aquae
3011 3778 3304 3835 sitiliuudis
3327 3771 3711 3830 ministrabant.

444 3868 690 3935 utribus,
716 3873 1271 3942 amphoris,aliisque
1306 3877 1449 3930 vasis
1484 3877 1750 3945 cujusque
1781 3875 2018 3944 generis,
2057 3892 2174 3945 qum
2209 3875 2350 3930 forte
2381 3879 2446 3928 ad
2471 3885 2788 3944 praesentem
2815 3888 2972 3926 usum
3005 3885 3167 3925 casus
3201 3867 3491 3922 obtulisset.
3523 3861 3718 3915 Milites

443 3962 638 4016 hausta
669 3956 866 4029 frigida
901 3961 1085 4016 retecti
1119 3963 1428 4028 repetebant
1455 3966 1723 4033 praslium,
1747 3976 1839 4018 aut
1871 3965 2073 4020 eaedem
2102 3965 2282 4035 p0tius
2307 3980 2478 4033 usque
2512 3965 2577 4018 ad
2603 3965 2867 4033 integram
2896 3959 3126 4016 funestae
3158 3957 3427 4027 tragtntliae
3450 3962 3719 4008 catastro-

447 4057 588 4121 phen
629 4073 642 4109 :
691 4071 798 4124 qua
833 4057 964 4125 quis
1025 4059 1160 4110 satis
1215 4056 1458 4126 explicet
1516 4066 1719 4126 quanta
1778 4071 1864 4111 res
1908 4067 2029 4112 aeta
2071 4066 2424 4128 spectataque
2474 4055 2687 4109 fuerit?
2725 4069 2848 4108 cum
2895 4066 3000 4105 non
3085 4049 3197 4120 jam
3248 4049 3542 4105 exercitus,
3621 4036 3712 4096 sed

445 4149 625 4215 gentis
649 4148 876 4220 integrat
908 4147 1198 4204 multitudo
1225 4149 1382 4217 plane
1421 4151 1873 4218 innumerabilis,
1912 4166 2018 4204 una
2063 4150 2174 4214 die,
2210 4165 2314 4203 una
2349 4149 2594 4216 prosperi
2628 4146 2797 4217 praelii
2837 4144 3090 4208 fortuna,
3157 4159 3225 4198 ne
3292 4139 3536 4209 reliquiis
3593 4135 3714 4204 qui-

446 4244 567 4297 dem
620 4243 749 4300 ullis
774 4244 1191 4315 superstitibus,
1237 4244 1332 4299 sed
1367 4245 1500 4299 viris
1533 4245 1740 4316 pariter
1764 4262 1888 4300 cum
1954 4245 2212 4300 uxoribus
2269 4252 2324 4300 et
2369 4243 2560 4298 liberis.
2602 4243 2656 4297 in
2719 4240 2964 4296 eamdem
3021 4249 3260 4309 stragem
3313 4232 3606 4289 contulatis
3649 4230 3715 4282 ad

449 4339 875 4394 internecionem
921 4346 1031 4392 tota
1065 4337 1364 4394 deleretur.
1401 4339 1527 4394 Fuit
1550 4355 1612 4393 ea
1657 4341 1841 4394 fatalis
1880 4340 2024 4409 genti
2070 4338 2337 4410 Scythica:
2376 4340 2494 4394 dies
2534 4351 2675 4391 nona
2733 4345 2788 4390 et
2842 4334 3097 4392 vicesima
3163 4331 3366 4391 mensis
3506 4322 3729 4394 Aprilis,

447 4431 582 4484 feria
645 4433 820 4486 tertia.
878 4429 1033 4486 Unde
1091 4431 1178 4485 illa
1227 4431 1649 4503 Byzantinorum
1709 4435 1893 4488 hetitia
1944 4445 1997 4488 et
2065 4433 2426 4504 gratulatione
2503 4429 2774 4494 cantilena
2825 4429 3097 4484 celebrata
3139 4433 3256 4486 est,
3295 4423 3350 4476 in
3422 4421 3536 4474 hazc
3611 4415 3728 4470 fere

447 4525 624 4579 verba
646 4535 948 4595 concepta:
988 4523 1104 4577 Una
1129 4525 1239 4579 dies
1261 4525 1429 4595 abfuit
1457 4528 1734 4593 quominus
1771 4525 2021 4596 Scythis:
2063 4541 2168 4583 una
2258 4528 2392 4592 dies,
2452 4525 2730 4598 quentibus
2783 4519 2988 4590 Militari
3043 4518 3299 4573 viderem.
3349 4511 3722 4570 Οεοιιωδειηθ

447 4636 611 4690 porro
669 4619 780 4686 jam
835 4618 948 4672 sole
994 4627 1298 4686 perpetrata
1386 4633 1471 4673 res
1513 4629 1654 4684 erat,
1696 4621 1844 4674 nullo
1877 4599 2067 4686 ferme
2132 4599 2460 4690 Scytharum
2509 4633 2612 4684 non
2643 4618 2993 4683 interempto,
3039 4626 3135 4680 per
3157 4618 3391 4661 matrum
3421 4617 3634 4675 quoque
3661 4615 3726 4654 ac

450 4715 800 4783 parvulorum
856 4714 1033 4782 caedes
1079 4723 1409 4784 pervagante
1463 4711 1643 4783 gladio
1682 4719 1878 4777 prazter
1927 4725 2023 4764 eos
2066 4711 2156 4778 qui
2195 4710 2397 4778 captivi
2441 4711 2644 4764 servati
2687 4723 2858 4778 sunt:
2909 4722 3157 4770 numero,
3241 4705 3284 4759 si
3339 4717 3461 4754 cum
3532 4697 3730 4752 accisis

447 4817 818 4876 comparetur,
856 4822 1058 4875 parvo;
1125 4807 1177 4878 si
1244 4822 1340 4878 per
1407 4822 1468 4868 se
1530 4812 1828 4876 spectetur,
1884 4818 1992 4858 non
2049 4802 2282 4859 modico.
2315 4803 2469 4862 Tunc
2495 4804 2730 4872 receptui
2757 4804 2876 4866 caui
2927 4799 3090 4869 jussit
3141 4799 3460 4867 imperator,
3489 4791 3729 4863 punivit-

449 4918 555 4974 que
576 4903 710 4966 suis,
747 4902 798 4954 in
830 4911 1009 4956 castra
1033 4885 1313 4961 revertens
1343 4902 1582 4972 propria.

523 4997 686 5049 Planc
719 4993 984 5048 mirabilis
1007 4995 1095 5049 hic
1123 5004 1348 5048 eventus
1372 4992 1494 5058 fuit,
1527 4993 1824 5061 pra-sertim
1856 5009 2018 5062 repu-

2208 4990 2317 5043 Kat‘t
2355 4986 2422 5061 ἦν
2451 4989 2530 5054 τῷ
2579 4987 2940 5041 κατανοοῦντι
2994 4982 3183 5052 θαῦμα
3232 4978 3458 5038 ἰδέσθαι,
3503 4974 3620 5036 πῶς
3673 4986 3728 5035 οῖ

454 5086 696 5139 tantibus
739 5099 804 5138 ac
853 5086 1179 5152 cogitatione
1232 5086 1594 5155 repetentibus
1644 5085 1852 5137 tristem
1886 5085 2030 5138 illam

453 5177 772 5233 memoriam
825 5177 1104 5232 initiorum
1164 5178 1292 5232 belli
1329 5177 1516 5245 hujus,
1557 5177 1774 5243 quando
1811 5177 1908 5244 qui
1945 5179 2034 5230 ad-

453 5287 643 5323 versus
703 5266 933 5340 Scythas
967 5269 1228 5340 Byzantio
1266 5267 2032 5336 Romamproﬁciscebantur,

455 5372 565 5415 tant
595 5379 780 5419 secura
821 5364 1148 5419 coalidentia
1189 5362 1498 5428 tumebunt,
1543 5371 1601 5414 ut
1641 5360 1795 5416 funes
1823 5375 1885 5414 ac
1921 5361 2033 5413 lora

457 5455 658 5523 quibus
710 5457 953 5525 captivos
1012 5456 1283 5508 vincirent
1336 5453 1604 5506 Barbaros
1649 5453 1838 5505 idonea
1879 5451 2034 5519 copia

455 5559 734 5616 pararent,
787 5548 959 5618 ignari
1010 5562 1172 5616 quam
1211 5559 1402 5615 graves
1437 5558 1626 5613 poenas
1674 5543 1853 5597 daturi
1917 5557 2040 5595 mox

2145 5083 2314 5136 πάλαι
2351 5080 2495 5148 κατὰ
2532 5081 2639 5133 τῶν
2684 5078 2908 5132 Σκυθῶν
2955 5075 3306 5143 ἐξερχόμενοι
3348 5066 3529 5126 κάλως
3576 5062 3664 5115 διὰ
3685 5060 3732 5090 ⁵⁵

2145 5172 2240 5224 τοῦ
2286 5171 2580 5235 Βυζαντίου
2617 5168 2980 5238 ἐξωνούμενοι
3031 5166 3128 5218 καὶ
3173 5165 3407 5232 ἱμάντας
3439 5159 3506 5210 δι’
3551 5148 3625 5208 ὧν
3648 5153 3736 5205 δε-

2148 5265 2372 5334 σμὼτας
2406 5266 2590 5333 ἄγοιεν
2643 5264 2770 5326 τοὺς
2815 5262 2923 5314 τῶν
2960 5258 3183 5312 Σκυθῶν
3225 5251 3560 5320 ἑαλωκότας,
3611 5244 3734 5295 τοῦ-

2150 5357 2362 5409 ναντίον
2417 5353 2753 5407 πεπόνθασιν
2806 5352 2960 5406 αὐτοί
3012 5366 3071 5402 τε
3136 5348 3287 5416 παρὰ
3339 5343 3448 5396 τῶν
3510 5337 3735 5390 Σκυθῶν

2147 5447 2453 5510 ἐαλωκότες
2506 5448 2602 5500 καὶ
2647 5446 2926 5515 δεσμῶται
2972 5442 3277 5512 γενόμενοι.
3347 5435 3504 5489 Ἀλλὰ
3557 5429 3734 5484 ταῦτα

2157 5541 2254 5611 μὲν
2300 5541 2417 5591 τότε
2456 5538 2693 5608 ὁπηνίκα
2731 5537 2873 5591 κατὰ
2915 5537 3013 5606 τὴν
3067 5532 3339 5602 Δρίστραν
3387 5527 3416 5579 ὁ
3452 5523 3589 5595 μετὰ
3625 5519 3737 5573 τῶν

1519 5695 1728 5758 Variae
1766 5694 2092 5776 lectiones.
2126 5713 2201 5756 ex
2233 5694 2380 5754 rod.
2417 5693 2693 5754 C0tslin.

534 5819 582 5853 ⁵³
610 5827 1148 5896 καταστοχασασθαι.
1226 5829 1269 5862 ⁸³
1300 5828 1538 5897 τύχοιεν.
1612 5826 1658 5860 ⁸³
1692 5825 1792 5893 τὴν
1825 5825 1984 5881 ἰδίαν.

2063 5826 2109 5857 ⁵⁸
2153 5823 2418 5878 καλώδια.
