4112 6396
321 410 436 476 637

1539 415 1950 474 ALEXIADIS
1987 415 2138 477 LIB.
2179 416 2350 478 VIII.

3509 416 3615 480 638

319 532 602 587 «repertus
633 523 833 575 dudum
889 523 1097 576 animus
1150 520 1370 577 Bolcani
1419 525 1509 594 qui
1546 541 1610 577 ne
1662 523 1862 591 aliquid
1914 523 2109 593 inﬁdi,
2172 524 2454 593 infestique
2535 523 2745 580 consilii
2816 533 3001 579 contra
3061 539 3154 578 nos
3231 532 3418 594 coquat
3477 525 3620 578 male

325 624 532 669 metuo.
563 615 740 680 Quare
771 626 882 665 tum
912 613 974 666 de
1001 628 1080 678 eo,
1111 630 1179 666 an

1267 614 1450 667 uideris
1491 613 1878 667 conditionibus
1908 629 1961 666 se
2000 615 2304 680 continent;
2351 625 2462 667 tum
2485 615 2550 669 de
2588 616 2702 684 ipsa
2736 615 3029 683 Dalmatia,
3072 617 3190 685 quis
3233 618 3287 670 in
3316 636 3375 672 ea
3433 635 3615 671 sensus

320 708 558 781 populi?
602 709 690 777 qui
720 723 872 772 apum
903 709 1374 772 apparatus?qucc
1418 707 1548 774 ﬁdes
1579 707 2010 760 commerciorum
2053 704 2231 759 doceri
2267 724 2298 760 a
2334 718 2381 759 te
2413 719 2674 776 exspecto,
2721 711 2804 762 cui
2868 710 2998 762 talia
3063 726 3158 778 pro
3229 712 3431 765 ratione
3503 729 3607 764 ma-

317 806 584 872 gistratus
634 808 682 851 et
725 797 915 850 vicinia
951 797 1183 848 locorum
1233 813 1334 865 par
1379 807 1453 849 est
1515 810 1779 863 comperta
1832 813 1962 849 esse.

2037 796 2320 851 Enimvero
2364 798 2506 850 haud
2544 800 2652 852 laeti
2702 801 2821 852 inde
2861 801 2917 852 in
2977 800 3088 854 dies
3140 801 3267 854 mihi
3334 804 3616 860 adveniunt

321 893 782 955 nuntii.Quormn
817 890 1283 942 indiciisnondnm
1338 891 1407 939 ad
1437 890 1901 957 prwjudicunlnm
1946 893 2130 943 trahor
2173 891 2241 942 ad
2297 900 2442 942 tuum
2501 908 2578 944 me
2647 893 2966 959 colloquium
3032 909 3328 957 reservans,
3398 897 3450 945 in
3515 912 3618 962 quo

321 995 438 1054 post
467 983 725 1051 liquidam
755 982 1164 1047 explorationem
1193 980 1410 1046 periculi
1453 992 1544 1032 aut
1609 981 1737 1032 ntali
1793 981 1950 1032 etiam
1995 980 2057 1034 de
2077 981 2379 1046 opportunis
2415 981 2494 1034 vel
2533 983 2866 1035 cautionibus
2902 985 2976 1036 vel
3009 985 3259 1036 remediis
3295 983 3451 1048 facile
3482 985 3620 1036 inter

329 1091 422 1128 nos
481 1082 865 1129 conventurum
913 1086 1168 1139 auguror.
1223 1070 1298 1120 Ac
1340 1072 1586 1138 provideo
1624 1087 1740 1138 1am
1789 1089 1926 1124 nunc
1965 1073 2174 1140 ﬁrmam
2213 1069 2362 1124 illam
2419 1071 2584 1124 videri
2619 1073 2730 1140 fore
2778 1075 2993 1142 gerendi
3053 1075 3210 1142 hujus
3294 1076 3414 1126 belli
3457 1075 3620 1126 ratio-

327 1183 472 1230 nem,
515 1165 561 1218 si
596 1175 645 1218 te
675 1162 903 1231 cognitis
935 1161 1069 1214 satis
1107 1162 1368 1225 omnibus,
1410 1169 1461 1212 et
1521 1167 1632 1212 tum
1695 1160 1989 1222 mandatis,
2028 1173 2134 1214 tum
2158 1162 2320 1230 copiis
2352 1161 2663 1213 instructum
2685 1164 2825 1216 novis
2854 1164 3178 1217 remittamus
3203 1166 3254 1216 in
3302 1165 3611 1232 Il'yricum:

318 1277 432 1331 quo
483 1273 550 1312 ea:
617 1271 838 1325 utroque
888 1255 1074 1320 latere,
1116 1254 1312 1320 impetu
1364 1253 1610 1306 concordi
1662 1270 1823 1306 unum
1872 1256 1923 1307 in
1957 1253 2155 1307 hostem
2197 1255 2477 1319 irruentes,
2505 1256 2640 1308 citra
2662 1257 2977 1323 periculum,
3014 1257 3119 1310 Deo
3179 1258 3424 1326 juvuute,
3501 1259 3614 1311 vin-

319 1374 442 1414 cam
451 1372 526 1408 κε.

397 1452 588 1504 Ταῦτα
612 1451 711 1521 μὲν
732 1449 921 1520 ἡπρὺς
943 1448 1036 1502 τὸν
1062 1448 1322 1518 Ἰωάννην
1346 1448 1536 1518 γραφὴ
1562 1445 1916 1515 διελάμϐανεν
1950 1456 1995 1514 Α

324 1543 363 1612 ἡ
390 1543 449 1596 δέ
481 1558 544 1606 γε
578 1540 712 1609 πρὸς
739 1541 867 1602 τοὺς
897 1539 1128 1606 λογάδας
1174 1537 1284 1590 τῶν
1315 1536 1556 1590 ἐποίκων
1604 1539 1913 1608 Δυρῤαχίου

323 1630 543 1685 τοιαῦθ’
571 1629 912 1699 ὑπηγόρευεν
935 1643 951 1660 ⁸
1002 1627 1164 1682 Ἐπεί
1192 1628 1321 1681 καθ’
1346 1625 1514 1696 ἡμῶν
1526 1626 1792 1696 μελετᾷν
1815 1627 1921 1680 τεν

336 1722 665 1778 Balneis-or
713 1717 887 1787 αὖθις
948 1721 1360 1790 μεμαθηκότες
1409 1719 1521 1789 τῆς
1557 1718 1920 1785 Βυζαντίδος

330 1817 830 1885 ἐξεληλύθειμεν,
859 1815 1458 1884 κατασφαλισόμενοι
1481 1832 1545 1868 τε
1578 1817 1650 1869 τὰ
1680 1817 1750 1868 ἐν
1775 1831 1921 1884 μεσ-

326 1910 555 1978 αιχμίῳ
596 1908 709 1978 τῆς
777 1925 840 1960 τε
890 1906 1211 1977 ἡμεδαπῆς
1274 1907 1376 1960 καὶ
1431 1908 1553 1962 τῶν
1597 1907 1923 1979 Δα.2ματῶν

328 2001 682 2068 διακείμενα
721 1998 940 2067 τέμπη,
981 1998 1102 2067 ἅμα
1129 1997 1198 2050 δὲ
1230 1997 1327 2051 καί
1359 1999 1432 2052 τὰ
1456 2001 1584 2052 κατ’
1607 1999 1796 2052 αὐτὸν
1824 1998 1921 2052 καὶ

327 2091 476 2156 τοὺς
525 2087 838 2158 Δαλμάτας
881 2086 1370 2155 ἀκριϐώσασθαι·
1428 2084 1526 2139 διὰ
1568 2103 1659 2139 τοι
1737 2085 1927 2140 ταῦτα

331 2183 478 2238 δέον
536 2182 860 2252 κρίναντες
894 2179 1429 2248 μετακαλέσασθαι
1473 2179 1582 2233 τὸν
1636 2177 1928 2248 ὑμέτερον

333 2277 526 2333 δοῦκα
587 2273 686 2328 καί
753 2274 1134 2340 ποθούμενον
1186 2272 1448 2340 ἀνεψιὸν
1499 2272 1607 2326 τοῦ
1668 2270 1927 2339 κράτους

331 2370 531 2439 ἡμῶν,
574 2367 817 2421 τουτονὶ
865 2367 974 2419 τὸν
1020 2364 1140 2434 τὴν
1180 2363 1480 2434 ἡμετέραν
1524 2361 1928 2433 ἐγχειρίζοντα

330 2459 481 2532 ὑμῖν
541 2458 786 2530 γραφὴν
855 2457 1381 2524 ἐξαπεστείλαμεν
1449 2454 1643 2508 δοῦκα
1704 2453 1928 2508 τοῦτον

332 2551 890 2624 προχειρισάμενοι.
940 2549 1208 2615 Δέεασθε
1229 2549 1418 2602 αὑτὸν
1459 2546 1559 2602 καὶ
1590 2547 1785 2618 ὑμεῖς,
1830 2546 1930 2601 καὶ

334 2648 418 2710 είς
448 2641 574 2698 πᾶν
595 2641 663 2696 τὸ
689 2642 830 2712 παρ’
860 2641 1047 2695 αὑτοῦ
1077 2640 1606 2709 προσταττόμενον
1629 2640 1927 2694 ὑπείκετε.

334 2735 554 2800 latitat;
611 2731 708 2789 οὖν
753 2734 852 2796 τὰς
881 2733 1103 2803 γραφὰς
1159 2733 1477 2806 ἐγχειρίσας
1528 2732 1608 2803 τῷ
1641 2731 1926 2804 Καρατζᾷ,

2096 1444 2220 1498 II.ec
2256 1443 2442 1496 habuit
2472 1443 2701 1510 epistola
2735 1442 2802 1495 ad
2851 1439 3114 1495 Joannem
3147 1443 3292 1497 data.
3334 1444 3462 1511 Qua:
3495 1463 3620 1500 vero

2022 1537 2302 1605 praeripuis
2373 1537 2690 1606 llyrrliacliii
2713 1536 2921 1589 civibus
2969 1535 3362 1591 inscribeliatnr
3408 1538 3459 1591 in
3507 1541 3624 1596 haec

2021 1626 2134 1680 fere
2169 1629 2331 1682 verba
2357 1638 2613 1698 concepta
2655 1637 2772 1682 erat
2804 1643 2817 1678 :
2861 1625 2992 1680 Cum
3032 1629 3191 1680 τ’αεὶιὶ
3229 1631 3428 1682 nuntiis
3454 1670 3468 1690 ,
3532 1630 3621 1700 qui

2021 1721 2085 1772 de
2116 1717 2345 1772 Bolcano
2367 1719 2612 1788 feruntur
2638 1719 2827 1771 bellum
2864 1720 2920 1772 in
2947 1736 3031 1772 vos
3087 1731 3306 1783 parante
3330 1761 3343 1782 ,
3399 1718 3624 1790 profecti

2025 1812 2286 1883 Byzantio
2325 1813 2595 1865 tendamus
2621 1814 2688 1864 ad
2712 1823 2937 1864 vestrum
2968 1813 3209 1878 limitem,
3237 1816 3426 1887 partim
3470 1832 3627 1868 occu-

2025 1904 2198 1968 paturi
2231 1904 2493 1969 prccsidiis
2530 1903 2766 1955 claustra
2819 1903 3033 1956 vallium
3077 1914 3125 1956 et
3165 1909 3416 1957 montium
3458 1923 3625 1976 anqu-

2026 1993 2158 2047 stias
2189 1995 2278 2064 qui
2312 1992 2576 2047 Romanos
2631 1992 3056 2063 Dalmaticosque
3098 1995 3406 2055 interiacent
3447 1995 3574 2058 ﬁnes
3607 2037 3625 2058 ,

2029 2087 2226 2154 partim
2261 2085 2388 2156 quid
2427 2095 2606 2153 parent
2656 2084 2942 2152 cogitentve
3000 2083 3262 2138 Dalmata:
3314 2087 3504 2139 certius
3562 2102 3627 2139 ea:

2027 2178 2321 2247 propinquo
2357 2176 2682 2244 exploratnri
2707 2216 2722 2239 ,
2751 2177 2821 2228 ad
2855 2192 2914 2228 ea
2942 2175 3192 2228 duximus
3227 2178 3517 2230 conducere
3570 2196 3623 2230 ut

2020 2269 2140 2339 jam
2166 2269 2288 2320 hinc
2336 2268 2404 2320 ad
2439 2284 2530 2319 nos
2561 2283 2896 2320 evocaremus
2930 2267 3110 2319 ducem
3142 2280 3388 2330 vestrum,
3421 2269 3623 2321 charis-

2030 2364 2223 2416 simum
2248 2373 2480 2426 nepotem
2511 2361 2802 2428 maiestatis
2835 2371 3024 2412 nostra:
3048 2365 3222 2429 :quod
3257 2371 3313 2415 ut
3341 2365 3456 2416 sine
3487 2379 3627 2416 noxa

2032 2466 2222 2512 vestra,
2257 2453 2636 2520 provincitvque
2671 2453 2824 2504 istius
2858 2451 2976 2519 ﬁat,
3009 2453 3264 2504 mittimus
3295 2455 3383 2520 qui
3403 2470 3493 2517 per
3508 2454 3623 2521 ejus

2034 2545 2324 2598 absentium
2361 2546 2512 2596 rebus
2558 2544 2708 2597 isthic
2747 2545 2924 2608 pru'sit
2950 2582 2965 2607 ,
3010 2560 3127 2596 eum
3169 2545 3333 2611 ipsum
3365 2545 3454 2613 qui
3493 2547 3629 2598 hunc

2034 2637 2174 2690 vobis
2216 2645 2447 2689 nostrum
2493 2635 2768 2700 epistolam
2807 2637 2984 2687 reddet
3022 2651 3040 2688 :
3095 2636 3180 2686 cui
3219 2645 3488 2699 propterea
3526 2637 3626 2688 ho-

2038 2745 2188 2782 nores
2224 2745 2399 2781 omnes
2423 2729 2512 2794 qui
2550 2728 2671 2780 duci
2717 2737 2881 2779 t-eslro
2925 2728 3176 2779 debentur
3213 2727 3443 2780 exhiberi
3472 2745 3501 2779 (ι
3539 2744 3629 2780 vo-

335 2830 652 2885 ἐνετείλατο
702 2827 1014 2882 ἀπελθόντα
1075 2826 1270 2895 πρῶτα
1332 2827 1432 2897 μὲν
1488 2825 1797 2896 ἐγχειρίσαι
1849 2823 1928 2894 τῷ

2039 2822 2111 2875 bis
2141 2837 2238 2884 par
2263 2832 2365 2879 est,
2397 2829 2445 2872 et
2473 2820 2706 2873 uolumus
2730 2835 2748 2882 ,'
2777 2820 2964 2888 quippe
2993 2819 3160 2883 ipsum
3187 2819 3315 2887 jure
3344 2835 3500 2887 quam
3535 2834 3632 2885 op-

332 2921 567 2994 Ἰωὰννῃ
597 2921 700 2993 τὴν
727 2921 863 2991 πρὸς
886 2919 1049 2974 αὑτὸν
1095 2922 1338 2991 γραφήν.
1369 2921 1477 2972 Καὶ
1511 2921 1559 2972 εἰ
1591 2918 1690 2988 μὲν
1737 2916 1932 2970 αὑθαι·

339 3015 513 3086 picto;
542 3015 760 3076 ἕπεται,
796 3015 1006 3066 ἐκεῖνον
1028 3010 1130 3082 μὲν
1156 3011 1369 3064 ἐκεῖθεν
1394 3009 1512 3079 μετ’
1542 3010 1766 3080 εἰρήνης
1795 3025 1933 3078 προ-

337 3107 576 3176 πέμψαι,
623 3105 790 3158 αὐτὸν
843 3105 900 3157 δὲ
949 3104 1050 3182 τὴν
1105 3102 1353 3173 φρουρὰν
1391 3103 1492 3172 τῆς
1522 3102 1709 3172 χώρας
1738 3099 1930 3154 ἀναδέ-

342 3194 535 3260 ξαπἸαι
566 3194 761 3266 μέχρις
788 3193 854 3247 ἂν
888 3195 1096 3256 ἐκεῖνος
1123 3189 1280 3256 αὖθις
1307 3191 1598 3244 ἐπανέλθοι
1621 3207 1636 3221 ·
1666 3192 1716 3245 εί
1747 3190 1802 3244 δὲ
1832 3193 1931 3246 ἁν-

345 3287 551 3357 τιτεῖνῃ
582 3289 627 3318 ⁷⁸
658 3287 754 3340 καὶ
793 3285 866 3355 μὴ
892 3285 1151 3353 πείθηται
1176 3285 1243 3349 ⁷⁸,
1280 3283 1751 3353 μεταπέμψασθαι
1804 3283 1932 3345 τοὺς

347 3379 714 3449 ὑπερέχοντας
729 3376 836 3430 τῶν
853 3377 1226 3447 Δυῤῥαχιτῶν,
1258 3376 1353 3428 καὶ
1373 3375 1472 3446 τὴν
1491 3376 1684 3447 ἑτέραν
1716 3377 1934 3429 ὑπανα-

352 3469 553 3535 γνῶναι
607 3470 822 3539 γραφὴν
886 3471 970 3538 ἐφ’
1102 3466 1440 3536 συνάρασθαι
1495 3466 1645 3536 αὐτῷ
1721 3467 1816 3520 ἐπὶ
1852 3466 1930 3538 τῷ

355 3554 450 3605 τὸν
483 3550 738 3625 ,Ἰωάννην
761 3558 1080 3624 κατασχεῖν.

2039 2915 2164 2967 timo
2202 2914 2383 2966 (lucem
2422 2911 2740 2982 Dyrrhachii
2768 2927 2877 2963 esse
2897 2911 3168 2980 jubentus,
3214 2911 3634 2978 con/idimusque

2039 3024 2104 3062 ac
2129 3008 2366 3075 cupimus
2401 3017 2454 3058 ut
2485 3009 2530 3059 ei
2559 3023 2645 3059 vos
2678 3007 2731 3058 in
2775 3004 3013 3058 omnibus
3044 3021 3160 3073 qua:
3210 3000 3590 3074 prwscripsei'it
3616 3042 3632 3067 ,

2041 3100 2375 3164 obsequentes
2401 3098 2698 3165 prtcbeatis.
2735 3097 2843 3152 llas
2882 3096 3018 3152 duas
3055 3096 3314 3164 epistolas
3343 3097 3636 3164 imperator

2043 3190 2294 3246 Caratzae
2329 3190 2550 3244 tradens
2574 3189 2622 3243 ei
2653 3189 2948 3253 mandavit,
2981 3197 3040 3241 ut
3068 3187 3464 3257 Dyrrhachium
3504 3202 3632 3258 per-

2041 3280 2209 3346 latus,
2237 3282 2387 3350 prius
2425 3279 2626 3336 Joanni
2671 3281 2923 3335 redderet
2970 3278 3136 3350 238
3186 3294 3306 3332 eam
3357 3295 3477 3348 qua:
3529 3280 3636 3348 ipsi

2041 3386 2157 3429 erat
2208 3373 2490 3444 inscripta.
2529 3375 2606 3429 Ac
2655 3374 2699 3428 si
2758 3387 2819 3428 ea
2858 3373 2995 3427 lecta
3049 3380 3358 3442 promptum
3401 3373 3449 3427 is
3478 3388 3537 3428 se
3564 3372 3636 3427 ad

2041 3467 2435 3535 profectionem
2496 3466 2848 3530 ostenderet,
2907 3465 3165 3520 omnibus
3217 3466 3390 3534 ipsum
3441 3463 3635 3520 oﬂiciis

2042 3568 2205 3626 atque
2237 3557 2534 3614 honoribus
2594 3566 3017 3628 prosequeretur
3042 3596 3058 3622 ,
3102 3555 3366 3624 daretque
3408 3570 3634 3625 operam

348 3635 407 3704 ut
439 3649 558 3703 sine
585 3649 881 3706 oﬂ'ensione
920 3661 1011 3702 aut
1052 3648 1364 3717 su5picione
1417 3650 1520 3704 ulla
1573 3650 1886 3706 discederet
1915 3665 1931 3703 :
1976 3651 2094 3720 ipso
2128 3651 2348 3706 interim
2376 3651 2639 3706 vicariam
2667 3665 2764 3721 pro
2785 3664 2850 3705 eo
2877 3650 3250 3718 praefecturam
3316 3663 3381 3701 ac
3448 3661 3634 3700 curam

341 3741 644 3808 provincia-
705 3757 876 3812 usque
941 3741 1013 3797 ad
1057 3742 1178 3810 ejus
1233 3741 1598 3812 propinquum
1662 3743 1898 3797 reditum
1951 3758 2010 3800 se
2046 3753 2331 3816 gesturum
2357 3742 2670 3814 profitente.
2706 3741 2800 3796 Sin
2835 3749 3014 3794 autem
3051 3738 3411 3791 reluctaretur
3451 3743 3505 3788 ct
3542 3751 3638 3801 pa-

341 3851 464 3891 rere
491 3848 796 3905 recusaret,
830 3850 945 3894 tum
979 3840 1208 3894 Caratza
1244 3839 1537 3908 praecipuis
1570 3839 2055 3907 Dyrracliiensium
2087 3839 2154 3894 ad
2193 3854 2252 3896 se
2282 3839 2497 3895 vocatis
2563 3837 2765 3891 alteras
2831 3835 3038 3889 litteras
3103 3831 3440 3894 ostenderet,
3486 3831 3637 3884 ipso.

340 3941 601 3996 rumque,
627 3929 852 3998 Augusti
889 3930 1108 3984 nomine
1137 3945 1203 3984 ac
1229 3929 1383 4000 jussu
1408 3969 1423 3993 ,
1454 3930 1713 3983 auxilium
1755 3940 2073 3998 esposceret
2104 3933 2168 3985 ad
2202 3930 2466 3986 Joannem
2500 3928 2850 4000 capiendum.

417 4023 613 4076 Ταῦτα
630 4022 948 4081 ὲνωτισθεὶς
972 4025 1000 4077 ὁ
1031 4023 1491 4096 σεϐαστοκράτωρ
1516 4026 1572 4076 ὲν
1594 4026 1937 4078 Κωνσταντι-

343 4113 606 4169 νουπόλει
633 4113 930 4185 διατρίϐων
979 4116 1290 4179 σπουδαίως
1321 4115 1490 4186 ἐξῄει,
1540 4119 1637 4170 καὶ
1666 4119 1758 4170 ἐπὶ
1814 4117 1938 4169 δυσὶ

346 4205 724 4275 νυχθημέροις
806 4206 1223 4274 καταλαμϐάνει
1306 4207 1404 4276 τὴν
1481 4208 1934 4263 Φιλιππούπολιν.

2039 4035 2065 4086 5
2112 4025 2238 4080 llaec
2271 4025 2397 4080 dum
2427 4025 2498 4079 ita
2534 4023 2884 4093 parabantur,
2937 4020 3207 4090 perfertur
3260 4019 3326 4074 ad
3391 4019 3644 4073 sebasto-

2038 4125 2308 4172 cratorem
2341 4114 2581 4184 trepidus
2624 4113 2846 4168 nuntius
2894 4112 2961 4167 de
3010 4111 3322 4182 suspicione
3367 4125 3431 4165 ac
3490 4112 3636 4180 peri—

2039 4207 2162 4262 culo
2194 4207 2245 4262 iu
2279 4207 2477 4276 quibus
2505 4215 2824 4260 versaretur
2853 4202 3092 4258 Joannes
3142 4203 3260 4274 ejus
3313 4204 3476 4258 lilius.
3509 4203 3643 4258 Erat

359 4294 775 4358 ’Υπνώττοντος
807 4296 864 4349 δὲ
897 4295 995 4348 τοῦ
1052 4295 1318 4367 βασιλέως
1343 4297 1477 4352 εἴσω
1514 4299 1617 4368 τῆς
1649 4298 1936 4368 βασιλικῆς

2043 4297 2089 4350 is
2115 4296 2588 4367 Constantinopoli
2622 4308 2638 4354 :
2667 4295 2807 4349 unde
2838 4305 3116 4348 momento
3148 4294 3332 4349 citatis
3355 4295 3510 4363 equis
3534 4295 3642 4348 iter

350 4389 562 4460 σκηνῆς
615 4389 856 4458 ἀψοφητὶ
904 4389 1184 4452 εἰσελθὼν,
1248 4391 1332 4455 είς
1381 4393 1484 4461 τὴν
1519 4393 1718 4464 ἑτέραν
1748 4392 1939 4466 κλίνην

347 4478 448 4532 τοῦ
477 4477 745 4549 βασιλέως
802 4480 898 4533 καὶ
944 4479 1180 4547 ἀδελφοῦ
1219 4480 1574 4544 κατακλιθεὶς
1632 4485 1727 4536 καὶ
1775 4483 1942 4548 αὐτὸς

353 4569 633 4638 ὖπνωττε,
681 4572 812 4636 τοὺς
844 4570 1280 4635 κατευνάζοντας
1299 4572 1392 4628 τὸν
1435 4573 1816 4646 αὐτοκράτορα
1855 4576 1945 4630 διὰ

349 4665 456 4733 τῆς
489 4663 674 4733 χειρὸς
705 4663 1001 4734 ἡσυχάζειν
1025 4663 1312 4727 ἐπιτάξας.
1357 4663 1445 4728 Ὠς
1477 4664 1606 4732 γοῦν
1631 4666 1658 4718 ὁ
1691 4665 1945 4734 βασιλεὺς

355 4755 457 4808 τοῦ
517 4754 688 4808 ὕπνου
739 4755 968 4825 ἀνέθορε
1007 4754 1224 4808 καὶτὸν
1272 4754 1504 4826 ἀδελφὸν
1549 4759 1683 4827 παρ’
1717 4757 1945 4822 ἐλπίδας

349 4846 645 4912 ἐθεάσατο,
673 4845 966 4917 ἡσυχάζων
997 4847 1137 4908 τέως
1169 4842 1258 4917 ἧν,
1299 4849 1546 4912 καὶτοὺς
1592 4849 1944 4919 παρατυχόνο

349 4957 455 5004 τας
484 4939 617 4992 αὐτὸ
644 4939 807 4992 τοῦτο
842 4940 1020 4993 ποιεῖν
1049 4939 1146 4992 καὶ
1174 4938 1337 5004 αὐτὸς
1381 4940 1652 4996 ἐκέλευεν.
1693 4940 1847 4994 Ἐπεὶ
1888 4940 1946 4994 δὲ

318 5019 451 5089 ’καὶ
480 5033 511 5086 ὁ
537 5034 996 5105 σεϐαστοκράτωρ
1022 5035 1250 5099 ἔξυπνος
1284 5035 1582 5106 γενόμενος
1599 5035 1691 5089 τὸν
1717 5036 1946 5105 ἀδελφὸν

350 5130 453 5182 καὶ
487 5127 718 5194 βασιλέα
762 5127 1146 5199 γρηγοροῦντα
1197 5128 1493 5192 ἐθεάσατο,
1541 5129 1793 5193 κάκεῖνος
1861 5131 1948 5182 ὲν-

361 5220 493 5274 ita,»
521 5220 706 5280 αὑτὸν,
742 5218 1138 5290 προσελθόντες
1168 5221 1491 5290 ἀμφότεροι,
1523 5219 1787 5291 ἀλλήλους
1813 5237 1949 5272 κατ-

355 5312 692 5381 ησπάξοντο.
746 5309 880 5364 Εἶτα
917 5313 944 5365 ὁ
1005 5311 1103 5383 μὲν
1181 5311 1435 5381 βασιλεὺς
1493 5312 1824 5367 ἐπυνθάνετο
1895 5311 1949 5366 τι

358 5402 470 5474 ἄρα
501 5405 597 5456 καὶ
627 5403 894 5474 βούλοιτο,
923 5407 1018 5458 καὶ
1048 5404 1138 5467 τίς
1173 5407 1206 5474 ἡ
1243 5405 1392 5459 αἰτία
1433 5406 1534 5476 τῆς
1582 5406 1748 5460 αὑτοῦ
1796 5403 1949 5458 ἐλεύ-

359 5509 523 5556 σεως,
569 5493 808 5556 Ἐκεῖνος
831 5492 911 5559 δὲ,
953 5494 1056 5548 Σοῦ
1079 5493 1264 5559 ἕνεκα,
1317 5493 1445 5566 ἔφη.
1481 5496 1592 5549 Καὶ
1624 5496 1683 5560 ὃς
1703 5512 1716 5527 ⁸
1749 5495 1946 5564 Μάτην

360 5585 593 5641 σεαυτὸν
668 5585 952 5650 συντείνας
1023 5585 1282 5642 τοσοῦτον
1348 5587 1707 5652 κεκοπίακας.
1779 5585 1838 5639 '0
1887 5585 1945 5640 δὲ

2042 4387 2335 4455 arripiens,
2366 4387 2626 4441 continuo
2656 4400 2820 4439 cursu
2847 4385 3010 4437 duum
3053 4385 3264 4438 dierum
3301 4385 3639 4453 totidemque

2046 4481 2315 4544 noctium,
2352 4477 2768 4548 Philippopolim
2805 4477 3050 4547 pervenit
3079 4494 3095 4543 ;
3129 4477 3201 4530 ibi
3235 4477 3416 4531 statim
3453 4476 3643 4546 Augu-

2052 4573 2190 4628 stale
2221 4571 2546 4628 dormientis
2585 4580 2695 4624 tum
2732 4569 2871 4624 forte
2924 4568 3110 4624 fratris
3159 4568 3500 4622 latitiIiariter
3544 4570 3638 4622 iu-

2050 4680 2272 4735 grcssus
2326 4666 2443 4720 sine
2511 4664 2740 4732 strepitu
2774 4702 2788 4728 ,
2847 4662 3003 4731 signo
3057 4677 3246 4713 manus
3311 4660 3644 4714 domesticos

2053 4759 2264 4813 monuit
2300 4767 2360 4812 ut
2392 4758 2758 4827 quiescerent,
2794 4769 2893 4809 nec
2945 4767 3193 4808 somnum
3247 4751 3472 4820 Augusti
3523 4761 3642 4803 lur-

2051 4850 2249 4906 barent
2279 4867 2295 4904 :
2330 4849 2493 4903 simul
2526 4848 2581 4903 in
2612 4847 2844 4902 alterum
2880 4846 3014 4916 regii
3066 4845 3300 4900 οιιιιίειιιί
3355 4845 3545 4897 lectmn
3579 4858 3641 4898 se

2053 4943 2120 4997 de
2147 4943 2230 4996 via
2283 4941 2482 4996 fessum
2513 4941 2838 5008 composuit,
2868 4925 3084 5006 citoque
3129 4936 3480 4990 obdormivit.
3531 4935 3641 4990 Ex-

2054 5045 2340 5106 perrectns
2387 5033 2664 5102 Augustus
2689 5030 2866 5087 cernit
2917 5041 3111 5097 przeter
3160 5044 3311 5098 spem
3373 5033 3425 5082 in
3474 5029 3642 5084 cubili

2056 5128 2303 5197 proximo
2334 5126 2568 5193 sopitum
2605 5140 2618 5177 :
2653 5135 2704 5177 et
2760 5124 2806 5177 ei
2847 5123 3084 5177 vicissim
3142 5123 3254 5190 ipse
3303 5137 3520 5190 quoque
3575 5137 3644 5176 ne

2053 5219 2288 5289 quietem
2321 5223 2625 5280 excuteret,
2660 5215 2978 5282 obstrepere
3014 5212 3356 5280 temperavit,
3409 5227 3642 5277 suosque

2051 5320 2110 5363 ut
2137 5309 2276 5363 idem
2303 5313 2558 5361 caverent
2588 5306 2820 5360 monuit.
2853 5303 3094 5358 Tandem
3163 5303 3434 5356 excitatus
3480 5301 3642 5355 seba-

2049 5410 2322 5459 stocrator
2351 5397 2442 5453 ubi
2468 5400 2768 5468 Augustum
2792 5396 2924 5450 vidit
2973 5393 3326 5465 vigilantem,
3364 5392 3641 5461 sensitque

2048 5494 2119 5550 ab
2159 5492 2276 5563 ipso
2305 5492 2429 5546 item
2459 5505 2518 5544 se
2547 5488 2738 5559 aspici,
2777 5487 3048 5556 progressi
3082 5485 3354 5549 utrimque
3382 5481 3542 5534 ambo
3567 5480 3636 5534 ad

2050 5583 2348 5640 fraternum
2409 5582 2714 5652 amplexum
2777 5592 2898 5636 sese
2973 5574 3344 5632 amantissime
3405 5571 3633 5628 osculati

1443 5726 1640 5788 Variae
1701 5724 2009 5788 lectiones
2055 5740 2134 5786 ex
2163 5723 2300 5786 cod.
2344 5720 2617 5786 Coislin.

431 5849 477 5886 τ’
506 5849 818 5906 ἀντιτείνει.
895 5851 943 5883 ⁷³
975 5850 1246 5908 πείθεται.
