4112 6402
466 396 569 459 653

1734 391 2145 453 ALEXIADIS
2186 388 2471 456 LIB/IX.

3602 403 3710 465 654

465 504 930 576 ἀποταφρεύσας,
990 505 1233 557 ἐπάνεισι
1302 504 1437 572 προς
1504 501 1601 572 τὴν
1653 502 2037 571 μςγαλόπολιν.

2145 504 2387 573 ponique
2428 504 2492 557 ad
2530 512 2706 560 metus
2760 507 3077 562 seruiturum
3104 509 3465 565 obstruendos
3502 511 3667 581 jussit.
3700 537 3714 570 :

479 598 622 650 Ἀλλ’
660 600 687 650 ὁ
726 597 823 667 μὲν
847 598 1003 665 λόγος
1045 597 1234 666 ῥᾳδίαν
1270 596 1401 658 ἷσως
1422 595 1519 665 τὴν
1555 594 1810 663 τοιαύτην
1835 594 2041 645 οἰκονο-

469 688 597 755 μίαν
656 689 766 745 τοῖς
821 689 1118 757 ἀκροαταῖς
1158 688 1534 756 παρίστησινο
1587 685 1785 737 ὁπόσον
1844 683 1900 735 δὲ
1947 683 2038 734 τὸν

467 780 671 848 ἱδρῶτα
696 782 724 832 ὁ
763 782 1119 850 αὐτοκράτωρ
1175 781 1252 850 τῷ
1285 782 1405 833 τότε
1442 781 1655 849 ὑπέστη
1694 778 2037 849 μαρτυροῦσι

467 872 651 924 πολλοὶ
682 874 788 924 τῶν
819 874 937 924 τότε
972 875 1255 943 παρόντων
1286 875 1381 927 καὶ
1418 876 1496 934 είς
1522 875 1604 927 ἔτι
1664 874 1758 927 καὶ
1812 872 1907 924 νῦν
1940 889 2039 923 πε-

468 965 712 1031 ρικεντων.
750 966 890 1017 Ἀλλ’
912 967 973 1017 οὐ
1007 966 1172 1030 πολὺς
1215 967 1583 1037 παρεληλύθει
1611 965 1824 1035 καιρὸς,
1853 965 1948 1017 καὶ
1971 964 2039 1017 τὰ

465 1056 607 1105 κατᾶ
635 1055 726 1107 τὸν
756 1057 975 1125 Τςαλᾶν
1006 1058 1399 1128 ἀκριϐέστερον
1446 1058 1594 1128 αὐτῷ
1643 1057 2033 1126 ἐπηγγέλλετο,

463 1146 538 1209 ὡς
566 1147 716 1200 οὐδὲν
740 1150 849 1201 τῶν
878 1150 1205 1220 συμϐάντων
1232 1152 1378 1219 αὑτῴ
1400 1153 1543 1204 κατά
1566 1169 1623 1203 τε
1641 1150 1739 1221 τὴν
1766 1150 2038 1202 θάλατταν

463 1240 558 1291 καὶ
590 1240 687 1311 τὴν
716 1242 946 1311 ἧπειρον
966 1245 1062 1312 τῆς
1095 1245 1360 1315 πρότερον
1414 1244 1640 1314 γνώμης
1692 1242 2034 1310 ἀπέστησαν,

462 1330 598 1383 ἀλλά
624 1335 736 1393 τοίς
761 1336 1101 1403 προσήκουσι
1127 1335 1408 1403 βασιλεῦσι
1425 1338 1626 1406 χρᾶται
1659 1334 2033 1405 παρασήμοις,

464 1422 690 1491 βασιλέα
720 1427 913 1478 ἐαυτῖν
950 1427 1250 1496 ὀνομάζων,
1303 1429 1397 1481 καὶ
1426 1430 1526 1498 τὴν
1582 1429 1841 1499 Σμύρνην
1871 1427 2037 1479 οἰκῶν

459 1513 773 1585 καθαπερεὶ
810 1516 1058 1585 βασίλειά
1100 1537 1219 1573 τινα
1276 1521 1463 1573 στόλον
1502 1520 1826 1591 εὐπρεπίζει
1880 1518 1963 1585 ἐφ’
1990 1510 2037 1584 ᾧ

461 1606 561 1665 τάς
597 1621 654 1657 τε
686 1607 885 1675 νήσους
948 1608 1102 1670 αὖθις
1130 1608 1442 1682 δῃώσασθαι
1470 1613 1565 1663 καὶ
1628 1610 1823 1679 μέχρις
1868 1607 2035 1661 αὐτοῦ

464 1695 667 1762 ςθάσαι
699 1698 993 1761 Βυζαντίου
1029 1704 1126 1753 καὶ
1165 1704 1245 1764 είς
1274 1702 1445 1772 αὐτὴν
1472 1702 1550 1766 δὲ,
1582 1704 1630 1754 εί
1660 1702 1908 1766 δυνατὸν,
1938 1701 2038 1769 τὴν

460 1790 560 1856 τῆς
623 1789 900 1857 βασιλεῖας
962 1793 982 1822 ³
1032 1792 1391 1861 ἀνενεχθῆναι
1438 1794 1744 1863 περιωπήν.
1794 1793 1977 1845 Ταῦτα
2009 1794 2038 1845 ὁ

2151 598 2251 651 hac
2286 598 2432 648 varia
2456 610 2585 650 cura
2619 612 2778 652 unam
2810 599 2949 654 satis
2986 614 3100 654 rem
3140 614 3447 665 assecutus,
3477 620 3546 658 ne
3579 606 3721 660 irruc

2150 689 2362 757 ptiones
2396 689 2446 742 iu
2479 688 2754 743 Romanos
2786 691 3177 749 meditantibus
3220 695 3483 753 Dalmatis
3516 708 3641 752 nota
3664 708 3722 755 et

2148 780 2304 835 solita
2340 781 2558 849 impune
2600 779 2919 835 diverticula
2956 794 3222 851 paterent,
3265 787 3314 840 in
3352 804 3603 856 magnam
3638 794 3721 846 ci-

2151 866 2372 919 vitatein
2408 868 2683 935 Augustus
2717 871 3031 925 revertitur.
3085 872 3195 929 Nec
3248 892 3375 929 vero
3431 880 3561 933 mihi
3597 884 3720 948 quis

2147 957 2551 1026 expeditionem
2588 962 2748 1016 istam
2798 966 2951 1030 quasi
3004 965 3217 1020 facilem
3252 980 3302 1021 et
3342 986 3370 1022 a
3415 971 3719 1027 ludibundo

2148 1051 2497 1114 conlectam,
2560 1060 3013 1111 contemnendam
3080 1068 3247 1127 putet.
3322 1060 3499 1116 Videri
3557 1066 3718 1118 talem

2149 1156 2305 1208 posse
2330 1142 2504 1196 fateor
2524 1145 2718 1198 otiosis
2751 1149 3091 1203 auditoribus
3120 1168 3230 1205 rem
3264 1163 3416 1207 lauto
3459 1172 3722 1226 compen-

2146 1233 2235 1286 dio
2276 1243 2551 1287 narratam
2591 1252 2606 1289 :
2640 1246 2902 1291 ceterum
2955 1243 3190 1310 spissum
3220 1245 3271 1297 id
3301 1261 3438 1315 opus
3471 1257 3525 1302 et
3553 1254 3721 1305 sudo-

2146 1327 2220 1380 ris
2250 1342 2617 1395 :crumnaaque
2643 1330 2886 1400 Augusto
2922 1332 3089 1388 fuisse
3118 1336 3382 1402 plurimae,
3424 1344 3719 1397 multorum

2146 1416 2326 1471 adhuc
2351 1420 2707 1487 superstitum
2737 1421 2996 1476 comitum
3038 1423 3193 1479 istius
3232 1429 3330 1480 via:
3360 1431 3585 1483 memori
3624 1432 3723 1483 lio-

2144 1510 2340 1577 dieque
2354 1520 2611 1567 constare
2637 1514 3161 1583 testitttoniopmest.
3186 1517 3299 1572 Non
3328 1522 3500 1575 multo
3526 1524 3723 1578 deinde

2146 1619 2268 1673 post
2305 1617 2546 1675 tempore
2601 1609 2995 1663 distinetiorcm
3062 1612 3282 1667 Alexius
3322 1616 3725 1684 eertioremque

2145 1697 2395 1750 notitiam
2420 1699 2618 1765 accipit
2657 1715 2839 1753 rertun
2870 1702 3298 1758 etconsiliorum
3336 1704 3584 1761 Tzachae.
3624 1708 3718 1762 Di-

2147 1790 2280 1844 dicit
2312 1792 2455 1845 enim
2492 1792 2702 1847 idoneis
2732 1795 3046 1849 auctoribus
3076 1797 3211 1850 nihil
3266 1813 3389 1852 eum
3440 1802 3505 1855 de
3550 1804 3722 1871 priori

463 1880 820 1951 αὐτοκράτωρ
865 1882 1254 1954 βεόαιούμενος
1298 1885 1594 1953 ὁσημέραι,
1639 1885 1750 1937 δεῖν
1791 1885 1933 1953 ἔγνω
1963 1886 2037 1955 μὴ

2145 1898 2240 1951 spe
2270 1900 2335 1938 ac
2365 1885 2525 1938 minis
2556 1886 2832 1940 remisisse
2863 1887 2934 1941 ob
2980 1903 3039 1943 ea
3072 1905 3191 1958 quae
3232 1892 3309 1971 illi
3365 1894 3545 1950 minus
3594 1912 3725 1966 pro-

465 1972 789 2025 ἀναπίπτειν
816 1975 949 2043 μηδὲ
972 1976 1368 2044 μαλακίζεσθαι
1398 1978 1532 2044 πρὸς
1553 1978 1619 2030 τά
1643 1976 2044 2047 θρυλλούμενα,

464 2063 602 2116 ἀλλὰ
632 2068 1152 2134 παρασκευάζεσθαι
1188 2070 1275 2123 διὰ
1308 2070 1398 2123 τοῦ
1423 2070 1502 2122 ἔτι
1555 2070 1840 2131 λείποντος
1888 2073 2044 2142 tapi-

462 2154 555 2207 νοῦ
587 2157 801 2224 καιροῦ,
837 2162 928 2211 καὶ
962 2160 1055 2213 τοῦ
1105 2161 1225 2231 μετ’
1274 2162 1439 2215 αὐτὸν
1492 2162 1766 2232 χειμῶνος
1797 2163 1941 2216 κατά
1980 2164 2042 2217 τὸ

462 2246 618 2298 ἐπιὸν
645 2248 745 2317 ἔαρ
782 2251 1069 2320 καρτερῶς
1124 2251 1259 2321 πρὸς
1312 2252 1476 2305 αὐτὸν
1529 2252 1999 2321 ἀντικαταστῆναι
2025 2268 2040 2282 ·

462 2338 557 2389 καὶ
580 2339 809 2392 σπεῦσαι
829 2343 849 2373 ³
870 2342 958 2394 διὰ
981 2344 1161 2411 πάσης
1188 2344 1436 2413 μηχανῆς
1465 2344 1538 2414 μὴ
1568 2343 1727 2412 μόνον
1754 2343 1959 2411 φροῦδα
1976 2343 2045 2396 τά

459 2430 671 2483 ἐκείνου
702 2433 977 2499 ἀναδεῖξαι
1012 2435 1253 2498 ἅπαντα,
1283 2436 1382 2498 τὰς
1416 2434 1632 2505 βουλὰς,
1661 2434 1761 2497 τὰς
1796 2435 2040 2501 ἐλπίδας,

460 2522 561 2583 τὰς
588 2524 951 2595 ἐγχειρήσεις,
979 2528 1116 2579 ἀλλὰ
1141 2528 1235 2581 καὶ
1256 2528 1425 2597 αὐτῆς
1452 2526 1718 2580 ἀπελάσαι
1741 2528 1842 2597 τῆς
1860 2527 2043 2598 Σμύρ-

458 2631 575 2683 νης,
610 2616 703 2668 καὶ
762 2617 859 2670 ὅσα
900 2620 1033 2672 ἄλλα
1075 2621 1396 2691 προξθάσας
1418 2619 1649 2690 κατέσχε
1685 2619 1786 2689 τῆς
1832 2620 2041 2673 ἐκείνου

459 2708 646 2776 χειρὸς
682 2710 971 2778 ῥύσασθαι.

2147 1990 2309 2042 spera
2350 1985 2495 2030 terra
2526 1978 2771 2047 marique
2791 1979 3151 2047 contigerant,
3185 1983 3313 2049 quin
3345 1986 3524 2053 potius
3556 1997 3607 2040 ct
3644 1988 3727 2041 iu-

2143 2066 2391 2134 signibus
2424 2068 2496 2121 uti
2533 2069 2696 2137 regis,
2728 2078 2781 2121 et
2808 2070 2936 2123 illud
2972 2072 3146 2139 ipsum
3182 2089 3447 2141 suprema:
3482 2087 3723 2144 potesta-

2143 2160 2213 2212 tis
2242 2174 2437 2212 nomen
2472 2160 2612 2213 liaml
2643 2162 3051 2217 dissimulanter
3076 2180 3363 2233 usurpare,
3399 2184 3462 2222 ac
3489 2168 3721 2240 Smyrna

2144 2252 2291 2305 velut
2326 2252 2379 2305 in
2419 2252 2568 2321 regni
2603 2254 2946 2322 metrOpolim
2976 2255 3211 2322 delecta,
3247 2259 3320 2313 ibi
3354 2260 3561 2317 classes
3586 2265 3722 2319 aedi-

2143 2344 2309 2397 ﬁcare
2334 2352 2503 2411 atque
2533 2344 2802 2397 instruere
2846 2347 3041 2413 quibus
3072 2357 3127 2400 et
3160 2348 3365 2405 insulas
3410 2368 3601 2409 rursus
3632 2371 3724 2409 va-

2147 2443 2276 2499 stet,
2321 2445 2374 2489 et
2429 2435 2600 2503 ipsam
2640 2450 2811 2503 usque
2861 2438 3393 2509 Constantinopolim
3454 2453 3720 2500 terrorem

2147 2528 2255 2591 sui,
2295 2526 2682 2594 prtedandique
2713 2527 3008 2591 licentiam,
3037 2540 3149 2593 aut,
3180 2532 3224 2585 si
3257 2532 3367 2587 Deo
3390 2535 3584 2602 placet,
3620 2539 3724 2591 im-

2148 2620 2358 2691 perium
2391 2635 2607 2689 quoque
2634 2631 2972 2689 promoveat,
3013 2623 3322 2692 soliumque
3350 2627 3461 2681 illic
3500 2629 3722 2684 invadat

2147 2714 2409 2786 Romana:
2487 2715 2794 2783 potestatis.
2858 2716 2927 2768 Ea
2998 2717 3334 2785 quotidianis
3406 2722 3723 2778 conﬁrmata

462 2802 665 2854 nuntiis
723 2803 1143 2876 haudquaquam
1217 2824 1313 2876 pro
1385 2810 1541 2864 vanis
1621 2811 1925 2880 spernenda
2000 2808 2309 2863 rumoribus
2344 2807 2639 2875 imperator
2682 2816 2950 2875 statuens,
3001 2808 3243 2863 decrevit
3287 2818 3400 2864 tum
3439 2828 3533 2881 per
3578 2829 3723 2869 eam:

459 2910 580 2961 qum
630 2900 842 2954 Ιυοιίἰιτι
902 2912 1208 2969 supererat,
1271 2904 1434 2957 rebus
1494 2905 1593 2956 sub
1645 2904 1734 2957 dio
1785 2903 2040 2972 gerendis
2080 2913 2261 2969 aptam
2320 2911 2741 2968 tempestatem;
2798 2911 2908 2954 tum
2976 2917 3074 2971 per
3106 2920 3526 2976 consequentem
3610 2910 3727 2963 hie-

459 3003 625 3055 mem,
658 3006 751 3043 cos
789 2991 909 3044 belli
940 3004 1232 3061 apparatus
1260 2994 1515 3064 colligere
1546 2996 1748 3063 quibus
1777 3010 1883 3048 non
1909 3004 2117 3047 tantum
2151 2992 2316 3064 246
2366 3008 2514 3061 spes.
2572 2992 2800 3046 consilia
2858 3005 3198 3064 conatusque
3254 2997 3483 3053 Tzacha:
3541 3001 3727 3054 irritos

463 3079 750 3146 redderet,
790 3097 975 3136 verum
1013 3086 1175 3138 etiam
1209 3089 1456 3141 eumdem
1488 3089 1711 3156 pelleret
1737 3088 1886 3155 prius
1915 3087 2203 3156 possessis,
2246 3096 2301 3138 et
2353 3094 2461 3138 tam
2517 3083 2806 3157 Smyrnam
2878 3087 2967 3140 ubi
3037 3089 3316 3157 regnabat,
3391 3108 3550 3161 quam
3619 3092 3723 3147 alia

463 3170 575 3226 loca
608 3188 728 3240 quae
762 3174 1048 3229 latrocinio
1079 3177 1263 3231 invasa
1302 3178 1588 3246 tyrannide
1619 3178 1923 3245 premebat,
1956 3177 2053 3243 ipsi
2094 3177 2351 3244 eriperet.

533 3268 637 3319 ’1ὀῦ
662 3276 931 3337 χειμωνος
962 3270 1018 3323 δὲ
1039 3271 1141 3342 ἤδη
1170 3274 1588 3343 παρ’ρχηκότος,
1613 3274 1735 3324 ἐπεὶ
1767 3288 2037 3342 προσμει-
2066 3277 2108 3331 C

464 3358 589 3412 διῶν
618 3362 717 3431 ἤδη
749 3362 810 3413 τὸ
848 3361 947 3432 ἔαρ
986 3365 1191 3434 παρῆν,
1246 3366 1750 3435 μεταπεμψάμενος
1792 3364 1903 3418 ἀπὸ
1937 3364 2038 3433 τῆς

483 3453 808 3522 Ἐπιδάμνου
843 3456 934 3507 τὸν
990 3458 1424 3527 γυναικάδελφον
1458 3458 1622 3511 αὐτοῦ
1662 3460 1919 3528 Ἰωάννην
1948 3460 2040 3510 τὸν

479 3544 692 3610 Δούκαν,
721 3548 896 3616 μέγαν
925 3547 1102 3601 Δοῦκα
1133 3548 1224 3602 τοῦ
1247 3550 1435 3602 στόλου
1466 3550 1908 3620 προεχειρίσατο.
1930 3549 2041 3602 Καὶ

473 3637 773 3706 ἠπειρώτας
818 3640 875 3693 δὲ
917 3641 1151 3710 στρατὸν
1210 3643 1495 3697 ἑπίλεκτον
1540 3644 1763 3704 ἐπιδοὺς
1799 3660 2041 3713 παρεκε-

470 3726 696 3781 λεύσατο
756 3732 919 3783 αὑτὸν
974 3735 1074 3800 μὲν
1105 3733 1195 3786 δια
1222 3733 1325 3803 τῆς
1364 3735 1593 3805 ἠπείρου
1631 3736 1731 3804 τὴν
1767 3736 1905 3803 πρὸς
1946 3735 2040 3788 τὸν

466 3820 686 3889 Τζαχᾶν
720 3824 947 3891 πορείαν
979 3827 1274 3889 ποιεῖσθαι,
1328 3826 1407 3896 τῷ
1444 3826 1501 3879 δέ
1532 3843 1595 3894 γε
1644 3827 2042 3897 Κωνσταντίνῳ

462 3914 539 3981 τῷ
564 3915 896 3984 Δαλασσηνῴ
925 3915 1024 3987 τὴν
1050 3917 1143 3970 τοῦ
1174 3918 1362 3972 στόλου
1382 3918 1680 3989 ἠγεμονίαν
1708 3921 2040 3988 ἐγχειρίσαι,

464 4006 845 4073 ἐντειλάμενον
888 4006 1031 4060 οὕτω
1089 4008 1186 4078 τὴν
1211 4011 1367 4079 ὴιόνα
1400 4008 1423 4041 ⁸
1452 4009 1770 4075 παραθέειν,
1810 4010 1875 4062 ἶν’
1923 4011 2040 4076 ἅμα

464 4095 563 4164 τὴν
599 4098 908 4168 Μιτυλήνην
934 4100 1327 4163 καταλαϐόντες
1363 4102 1422 4165 ἐξ
1451 4104 1656 4171 ἀμφοῖν
1684 4092 1953 4171 Θαλάττης
1981 4119 2039 4154 τε

465 4189 562 4240 καὶ
590 4190 819 4261 ἠπείρου
858 4192 950 4245 τὸν
986 4192 1124 4261 μετά
1144 4193 1236 4245 τοῦ
1254 4194 1440 4264 Τζαχᾶ
1475 4195 1756 4262 συνάψωσι
1780 4195 2038 4264 πόλεμον.

464 4282 804 4335 Καταλαὸὼν
841 4285 1022 4337 τοίνυν
1067 4286 1164 4356 τὴν
1204 4286 1521 4354 Μιτυλήνην
1559 4288 1585 4338 ὁ
1613 4284 1824 4348 Δούκας
1855 4302 2040 4354 παρα·-

463 4371 651 4442 χρῆμα
682 4374 927 4439 ξυλίνους
958 4374 1330 4427 κατεσκεύασε
1354 4374 1600 4444 πύργους
1626 4374 1722 4426 καὶ
1760 4373 1951 4443 ὥσπερ
1982 4373 2038 4439 ἐξ

463 4464 785 4533 ὁρμήματός
851 4482 993 4528 τινος
1045 4467 1252 4519 ἐκεῖθεν
1317 4466 1585 4535 ἀφορμῶν
1627 4465 2040 4535 καρτερώτερον

463 4557 570 4617 τοῖς
613 4556 920 4626 Βαρϐάροις
958 4556 1402 4611 ἀντικαθίστατο.
1474 4557 1533 4608 '0
1567 4556 1624 4610 δὲ
1669 4556 1891 4625 Τζαχᾶς
1940 4556 2038 4627 την

462 4648 560 4717 τῆς
612 4624 919 4719 Μιτυληνης
970 4650 1215 4719 φρουρὰν
1269 4649 1346 4719 τῷ
1394 4648 1608 4717 ἀδελφῷ
1637 4651 1658 4681 ⁵
1718 4624 2037 4720 Γαλαϐάτζῃ
2078 4624 2116 4676 D

464 4744 930 4812 προαναθέμενος,
978 4746 1101 4796 ἐπεὶ
1145 4747 1219 4813 μὴ
1269 4744 1609 4814 ὲξαρκοῦντα
1646 4743 1838 4796 τοῦτον
1904 4744 2041 4813 πρὸς

466 4838 642 4904 μάχας
698 4837 939 4889 τοιούτου
991 4837 1183 4905 ἀνδρὸς
1229 4838 1519 4904 ἐγίνωσκε,
1580 4834 1776 4889 θᾶττον
1825 4834 2041 4903 φθάσας

464 4932 558 4979 καὶ
597 4930 832 4998 πολέμου
897 4934 1078 5001 σχῆμα
1137 4930 1510 4993 διατυπώσας,
1543 4929 1915 4998 ξυμμίγνυται
1960 4929 2038 4996 τῷ

464 5021 661 5093 Δούκα.
730 5025 1011 5093 Καρτερᾶέ
1055 5024 1111 5077 δὲ
1146 5028 1247 5094 τῆς
1305 5027 1485 5093 μάχης
1535 5021 1836 5092 γενομένης
1870 5022 1902 5090 ή
1942 5022 2037 5083 νὺξ

462 5116 665 5185 ταύτην
693 5118 923 5169 διέλυσε.
956 5116 1203 5168 Κάκτοτε
1232 5118 1261 5169 ὁ
1312 5115 1522 5176 Δούκας
1570 5113 1658 5165 διὰ
1685 5111 1910 5182 τριττῆς
1944 5127 2035 5161 σε-

464 5210 728 5277 ληνιακῆς
773 5212 1073 5279 περιφορᾶς
1120 5209 1219 5260 οὐκ
1256 5207 1489 5260 ἐνεδίδου
1522 5206 1872 5273 καθεκάστην
1899 5203 2038 5271 ὴμέ-

469 5320 568 5370 ραν
602 5303 955 5369 προσϐάλλων
1015 5319 1073 5354 τε
1132 5304 1246 5363 τοῖς
1310 5302 1514 5371 τείχεσι
1565 5299 1882 5368 Μιτυλήνης
1944 5297 2038 5350 καὶ

470 5394 607 5458 μετὰ
637 5393 727 5446 τοῦ
780 5395 967 5463 Τζαχᾶ
1024 5393 1307 5462 λαμπροὺς
1357 5392 1627 5460 πολέμους
1676 5392 1943 5458 συναίρων
1979 5391 2038 5453 ἐξ

465 5482 618 5552 ἡλίου
653 5485 917 5552 ἀνατολῆς
950 5486 970 5515 ⁸
1003 5485 1162 5558 μέχρι
1196 5484 1434 5554 δυσμῶν.
1466 5486 1574 5537 Καὶ
1603 5485 1757 5536 οὐδὲν
1782 5485 1945 5537 πλέον
1970 5480 2039 5553 ἦν

464 5575 545 5646 τῷ
575 5576 753 5647 Δούκξι
778 5577 875 5629 τοῦ
904 5576 1161 5629 τοσούτου
1190 5576 1460 5645 καμάτου.
1492 5578 1669 5645 Ὅπερ
1702 5576 1988 5645 μανθάνων
2011 5578 2038 5627 ὁ

2216 3271 2457 3324 llilierno
2485 3271 2649 3339 igitur
2682 3272 2793 3324 fere
2829 3282 3072 3341 tempore
3125 3284 3429 3337 transacto,
3481 3275 3584 3330 sub
3616 3280 3727 3347 pri-

2148 3361 2350 3415 mulum
2386 3363 2531 3416 veris
2570 3372 2821 3415 exortum
2877 3362 3099 3417 fratrem
3160 3365 3415 3434 Augusta:
3461 3364 3723 3422 Joannem

2149 3453 2348 3507 DuCam
2380 3454 2684 3522 Epidamno
2712 3455 2777 3506 ad
2809 3455 2859 3508 id
2894 3463 3169 3519 vocatum,
3212 3471 3470 3525 magnum
3524 3459 3720 3513 classis

2146 3546 2355 3600 creavit
2390 3545 2619 3610 ducem;
2659 3544 2820 3613 eique
2850 3560 2918 3598 ex
2950 3546 3267 3600 continente
3309 3548 3506 3601 lectam
3558 3559 3728 3603 tem--

2144 3650 2314 3693 strem
2351 3638 2600 3691 militiam
2631 3638 2883 3691 attribuit
2935 3638 3235 3707 egregiam,
3266 3654 3390 3693 cum
3423 3656 3595 3710 eaque
3639 3645 3727 3697 igi-

2145 3747 2278 3786 nere
2315 3731 2561 3784 terrestri
2598 3730 2798 3783 vadere
2844 3729 2895 3782 in
2927 3728 3201 3783 Tzacham
3236 3731 3391 3799 jubet
3426 3748 3439 3785 ι
3475 3734 3727 3803 assigna-

2146 3833 2309 3890 taque
2341 3823 2705 3877 Constantino
2739 3822 3037 3876 Dalasseno
3069 3824 3169 3876 sub
3200 3823 3427 3878 Joannis
3455 3828 3721 3893 auspiciis

2143 3915 2341 3971 classis
2395 3917 2683 3969 ductanda:
2743 3916 3089 3983 praefectura,
3148 3930 3270 3969 eum
3320 3919 3578 3987 prmecpit
3641 3921 3725 3973 sic

2143 4024 2294 4063 oram
2331 4008 2531 4075 legere,
2572 4008 2650 4062 sic
2682 4020 2887 4061 metum
2935 4022 3391 4078 progressumque
3426 4010 3720 4074 moderari,

2144 4110 2201 4153 ut
2238 4101 2399 4153 ambo
2441 4101 2631 4175 eodem
2682 4110 2928 4168 tempore
2982 4102 3264 4154 terrestris
3310 4104 3724 4172 maritimosque

2142 4192 2416 4245 exercitus
2447 4187 2759 4261 Mitylenem
2813 4194 3187 4259 pervenirent,
3236 4201 3292 4246 et
3325 4192 3526 4248 bellum
3560 4196 3723 4249 siiuul

2142 4298 2265 4336 cum
2290 4282 2507 4337 'l‘zaclia
2539 4290 2906 4351 capesserent.
2945 4280 3013 4336 Ut
3042 4283 3272 4350 primum
3304 4285 3480 4339 Ducas
3510 4288 3723 4356 Mityle-

2145 4390 2267 4428 nem
2298 4375 2490 4437 tenuit,
2522 4384 2700 4428 castra
2742 4382 2828 4427 est
2866 4383 3103 4427 ructatus
3132 4374 3325 4442 ligneis
3355 4380 3574 4447 egregie
3606 4396 3724 4431 iuu-

2145 4466 2254 4519 uita
2308 4475 2661 4533 protectaque
2708 4464 2967 4528 turribus,
3019 4466 3163 4518 unde
3202 4478 3266 4519 ex
3316 4475 3431 4520 tuto
3484 4470 3720 4536 quodam

2144 4559 2346 4627 oppido
2376 4558 2428 4611 in
2478 4572 2666 4610 omnes
2716 4555 3057 4624 erumpendi,
3115 4559 3485 4626 oppugnandi,
3538 4560 3722 4629 reique

2148 4650 2527 4715 Cujuslibetex
2559 4663 2657 4702 usu
2713 4646 2963 4715 gerendae
3005 4650 3325 4704 occasiones
3385 4651 3720 4707 immineret.

2145 4742 2213 4797 At
2247 4742 2492 4796 Tzacltas
2525 4741 2808 4810 Mityleues
2851 4742 3155 4795 custodiam
3195 4742 3367 4795 -l'ratri
3404 4757 3509 4797 suo
3561 4744 3724 4799 Gala-

2148 4837 2320 4889 batzze
2367 4834 2767 4888 commiserat:
2805 4848 2991 4887 verum
3049 4842 3109 4886 ut
3159 4848 3284 4888 eum
3343 4835 3487 4888 haud
3535 4851 3720 4903 parem

2146 4927 2497 4997 apparatibus
2531 4935 2587 4980 et
2618 4927 2908 4979 conatibus
2940 4926 3107 4980 tantis
3123 4926 3419 4980 adversarii
3441 4935 3548 4979 tam
3573 4927 3720 4981 acris

2143 5018 2303 5072 facile
2336 5018 2531 5081 sensit,
2571 5033 2676 5071 non
2712 5016 2922 5069 distulit
2953 5030 3246 5071 occurrere
3284 5030 3471 5071 contra
3506 5018 3645 5086 ipse,
3668 5028 3724 5072 et

2146 5111 2196 5162 in
2228 5109 2429 5163 laboris
2460 5124 2524 5161 ac
2553 5108 2780 5175 periculi
2814 5118 3023 5175 partem
3057 5123 3118 5163 se
3152 5124 3370 5178 quoque
3405 5110 3554 5177 digni
3602 5123 3725 5176 pro-

2146 5215 2358 5269 perare.
2394 5200 2507 5268 Age
2539 5214 2669 5252 sane
2719 5213 2893 5267 pugna
2952 5200 3335 5265 committitur,
3387 5216 3549 5269 quam
3610 5217 3719 5254 nox

2144 5292 2392 5356 diremit,
2421 5301 2614 5345 neutro
2650 5307 2710 5345 se
2742 5290 2945 5344 victum
2986 5302 3233 5360 putaute.
3287 5291 3354 5344 Et
3410 5307 3537 5346 vero
3586 5294 3721 5344 adeo

2145 5395 2334 5439 neutra
2363 5399 2489 5452 pars
2534 5383 2844 5452 prdaemiali
2877 5398 2945 5438 eo
2974 5385 3276 5438 certamine
3322 5386 3465 5438 vlrcs
3493 5387 3719 5437 absum-

2144 5480 2271 5549 psit,
2304 5486 2362 5530 ot
2391 5477 2456 5529 ad
2492 5477 2710 5530 tertium
2766 5476 2963 5530 abhinc
2996 5490 3234 5531 mensem
3269 5477 3510 5543 quatidic
3545 5474 3720 5527 Dura~i

2146 5583 2238 5625 aut
2291 5568 2576 5639 Mitylenes
2635 5582 2823 5622 muros
2874 5576 3145 5637 quateret,
3197 5576 3290 5619 aut
3336 5567 3601 5635 eXplicata
3665 5568 3716 5617 in

1505 5713 1699 5774 Varia:
1734 5714 2045 5775 lectiones
2086 5727 2163 5771 ex
2198 5706 2336 5770 cod.
2371 5703 2639 5766 Coislin.

536 5847 554 5875 ²
586 5844 881 5915 βασιλείου.
982 5844 1000 5873 ³
1038 5842 1297 5905 σπεύσας.
1396 5838 1416 5870 ⁸
1443 5840 1594 5911 ᾐόνα.

1673 5839 1693 5869 ⁸
1728 5837 1939 5905 ἁδελφῷ
1969 5835 2154 5888 αὐτοῦ.

2231 5832 2251 5861 ⁸
2271 5828 2561 5885 ἀνατολῶν.
