4112 6422
459 380 574 443 655

1787 367 2012 440 ΑΝΝίΕ
2050 368 2430 430 (ῖοΜΝΕΝεΕ
2505 326 2507 328 ’

3606 365 3722 429 63.6

459 501 728 555 'l'zaeham
755 496 890 555 acie.
923 509 1043 548 cum
1092 506 1156 546 eo
1195 490 1416 544 minime
1459 496 1753 542 cunctante
1788 483 2030 554 praelium

2143 484 2506 554 αὐτοκράτωρ
2561 483 2752 552 ἠνιᾶτο
2785 483 2876 536 καὶ
2917 483 3206 555 ἤσχαλλεν.
3253 486 3640 558 Ἐπερωτήσας
3663 491 3719 542 ὁέ

459 599 799 652 consereret,
835 604 863 640 a
891 587 1065 655 primo
1097 583 1204 638 diei
1233 592 1353 639 ortu
1388 581 1502 634 fere
1532 580 1582 632 in
1626 592 1912 646 vesperam
1938 576 2032 631 du-

461 701 612 741 rans.
643 685 817 750 Atque
850 681 951 734 hac
983 687 1091 731 tam
1125 674 1391 744 pertinaci
1423 671 1774 726 contentione
1802 667 2029 724 laboris.

456 780 536 834 sic
573 783 749 833 semet
779 772 1015 826 Joannes
1051 770 1250 838 ipsum,
1291 769 1368 820 sic
1404 764 1706 818 exercitum
1762 761 2032 816 exhause-

457 883 563 936 rat,
604 883 661 926 nt
703 869 838 925 nihil
880 866 986 922 sibi
1027 865 1137 933 jam
1186 863 1300 916 fere
1331 861 1600 929 reliquum
1628 859 1694 912 ad
1725 867 2029 912 extremam

457 964 828 1019 lassitudinem
882 957 1124 1012 fecissit.
1160 955 1278 1020 Quo
1311 953 1608 1022 imperator
1649 949 1858 1012 audito,
1913 954 2028 1000 tmn

455 1055 806 1110 miseratione
837 1047 1116 1119 praesentis
1148 1044 1502 1107 incommodi,
1535 1054 1645 1095 tum
1676 1051 1823 1096 metu
1849 1039 2029 1094 innui-

454 1149 635 1202 nentis
665 1143 816 1200 exitii
850 1154 1096 1205 suorum,
1133 1140 1458 1208 angebatur.
1492 1134 1803 1190 Proiectum
1836 1148 1966 1202 ergo
1999 1148 2029 1186 c

452 1233 648 1287 castris
681 1231 932 1294 militem,
963 1243 1074 1298 quo
1109 1213 1183 1280 ibi
1227 1227 1342 1279 loco
1380 1240 1468 1280 res
1501 1233 1691 1279 essent
1734 1231 2028 1294 perconta-

452 1337 558 1384 ttls,
592 1321 798 1374 audivit
832 1335 898 1373 ex
924 1334 989 1372 eo
1021 1331 1259 1386 pugnare
1284 1314 1554 1369 Joannem
1589 1316 1846 1369 omnibus
1880 1315 2030 1368 horis

453 1415 597 1469 nulla
633 1411 956 1468 remissione
989 1419 1081 1464 aut
1127 1424 1301 1462 mora.
1339 1408 1586 1474 Quonam
1631 1422 1763 1460 vero
1811 1407 2031 1476 (Augu-

420 1525 424 1528 ·
451 1518 569 1561 stus
597 1505 709 1573 ait)
746 1512 988 1570 tempore
1021 1515 1142 1554 cum
1172 1499 1388 1553 Tzacha
1440 1496 1542 1552 init
1575 1496 1888 1566 quotidiana
1924 1497 2028 1549 ista

423 1597 749 1652 'certatnina
783 1609 903 1664 quat
930 1593 1104 1647 dicis?
1139 1590 1252 1646 Sub
1275 1591 1406 1646 solis
1437 1598 1712 1653 exortum,
1745 1590 2029 1658 respondit

452 1689 629 1743 miles.
670 1686 807 1740 Tum
869 1676 1164 1755 imperator
1209 1702 1225 1742 :
1274 1683 1388 1738 Utri
1438 1693 1621 1736 autem
1671 1682 2027 1754 pugnantium

447 1786 712 1838 obversus
745 1781 798 1834 in
830 1792 1007 1834 ortum
1034 1778 1216 1832 vultus
1251 1777 1450 1831 habent
1479 1777 1502 1830 ?
1533 1775 1728 1830 Noster
1757 1775 2029 1829 exercitus

2145 593 2275 630 ποτε
2306 577 2398 631 τὸν
2435 577 2647 630 ἐκεῖθεν
2676 579 2901 631 ἐλθόντα
2943 580 3293 650 στρατιώτην
3328 581 3426 634 καὶ
3464 582 3722 651 διαγνοὺς

2141 669 2406 734 ὡςόύδὲν
2444 673 2573 726 ἄλλο
2611 673 2686 742 τῷ
2721 673 2902 743 Δούκᾳ
2933 675 2964 742 ἢ
3005 677 3177 745 μάχαι
3227 695 3286 729 τε
3322 677 3417 730 καὶ
3468 677 3720 746 πόλεμοι,

2143 765 2236 814 καὶ
2272 765 2401 833 περὶ
2449 765 2544 818 τοῦ
2588 766 2784 837 καιροῦ
2833 769 2996 837 ἤρετο
3055 771 3180 821 καθ’
3226 771 3418 823 ὁποίαν
3473 768 3624 839 ὥραν
3666 773 3722 823 αἱ

2145 856 2285 923 μετά
2323 857 2417 909 τοῦ
2458 858 2648 928 Τζαχᾶ
2701 860 2871 930 μάχαι
2933 861 3310 916 συνίστανται.
3360 860 3467 914 Τοῦ
3501 862 3559 914 δὲ
3591 863 3724 932 περὶ

2141 946 2310 1008 αὑτὰς
2343 948 2444 1010 τὰς
2478 948 2568 1001 τοῦ
2604 949 2755 1018 ἡλίου
2803 951 2981 1018 αὐγὰς
3036 952 3346 1022 εἰρηκότος,
3386 953 3414 1004 ὁ
3464 951 3722 1021 βασιλεὺς

2138 1035 2292 1099 αὖθις
2319 1055 2330 1068 ·
2375 1040 2484 1091 Καὶ
2522 1040 2666 1102 τίνες
2704 1042 2809 1093 τῶν
2867 1042 3194 1111 μαχομένων
3259 1043 3397 1112 πρὸς
3453 1042 3720 1102 ἀνατολάς

2140 1130 2512 1184 ἀποϐλέπουσι
2535 1148 2549 1198 ;
2577 1134 2688 1187 Καὶ
2709 1135 2738 1187 ὁ
2767 1135 3127 1204 στρατιώτης,
3167 1136 3240 1187 Τὸ
3269 1135 3562 1204 ἡμέτερον,
3590 1134 3720 1201 ἔφη,

2143 1220 2481 1292 στράτευμα.
2510 1223 2699 1288 Ξυνεὶς
2732 1225 2823 1278 οὖν
2856 1225 3158 1296 τηνικαῦτα
3190 1226 3289 1296 τὴν
3323 1228 3505 1280 αἰτίαν
3534 1229 3719 1286 ὁποῖος

2138 1312 2342 1376 ἐκεῖνος
2361 1317 2419 1368 ὲν
2445 1317 2706 1388 ἀσκέπτῳ
2723 1319 2902 1388 χρόνῳ
2926 1321 2986 1372 τὸ
3013 1320 3131 1374 δέον
3156 1321 3451 1390 εὑρίσκων,
3473 1321 3716 1391 γράμμα.

2138 1406 2274 1476 πρὸς
2301 1407 2389 1460 τὸν
2418 1408 2627 1462 Δούκαν
2660 1411 2930 1479 σχεδιάζει
2959 1411 3345 1480 ξυμϐουλεύω-ν
3387 1413 3406 1442 ⁷
3444 1409 3718 1477 ἀποστῆ-

2136 1515 2236 1554 ναι
2264 1498 2375 1567 τῆς
2439 1502 2589 1554 κατὰ
2647 1504 2754 1568 τὰς
2814 1504 3004 1570 αὐγὰς
3051 1504 3156 1557 τοῦ
3210 1503 3391 1569 ἡλίου
3419 1503 3570 1570 μετὰ
3611 1500 3720 1554 τιῦ

2143 1589 2350 1659 Τζαχᾶ,
2381 1595 2604 1660 μάχης,
2635 1593 2733 1645 καὶ
2766 1591 2851 1660 μὴ
2901 1593 3012 1646 ἕνα
3040 1593 3189 1659 πρὸς
3227 1593 3336 1646 δύο
3395 1593 3718 1661 μάχεσθαι.

2137 1681 2244 1749 τὰς
2299 1683 2560 1750 ἡλιακὰς
2618 1684 2868 1751 ἀκτῖνας
2931 1684 3172 1752 δηλαδὴ
3203 1685 3302 1738 καὶ
3351 1686 3538 1737 αὐτόν
3612 1685 3720 1734 τ’ν

2141 1772 2395 1842 Τζὶιχᾶν·
2414 1775 2570 1828 ἐπὰν
2590 1775 2658 1828 δὲ
2679 1778 2711 1830 ό
2733 1775 2906 1842 ἣλιος
2925 1775 3032 1828 τὸν
3057 1772 3464 1843 μεσημϐρινὸν
3486 1774 3720 1826 κύκλον

416 1901 423 1905 -
447 1875 638 1946 (miles
663 1873 899 1943 inquit).
927 1871 1168 1928 Pervidit
1189 1885 1254 1926 ex
1285 1871 1452 1926 verbo
1468 1885 1689 1924 causam
1723 1869 1906 1923 statim
1933 1883 2030 1938 pro

2133 1867 2387 1920 διελθὼν
2445 1868 2596 1935 πρὸς
2673 1869 2912 1938 δυσμὰς
2987 1869 3312 1936 ἀποκλίνῃ,
3386 1867 3719 1934 τηνικαῦτα

413 1984 548 2023 ~sua
583 1966 933 2037 rapidissima
970 1963 1264 2018 velocitate
1306 1961 1529 2026 mentis,
1561 1961 1631 2016 ob
1680 1977 1841 2028 quant
1893 1961 2031 2014 infe-

448 2062 626 2114 riores
655 2074 685 2112 e
712 2055 902 2125 prtelio
937 2056 1182 2110 redirent
1217 2054 1324 2119 sui,
1380 2051 1704 2120 litterasque
1734 2051 1930 2118 raptim
1963 2049 2031 2102 ad

421 2150 714 2205 "Joannem
769 2147 1024 2217 scriptas.
1085 2144 1284 2215 quibus
1347 2144 1604 2198 unonebat
1653 2161 1666 2198 :
1726 2142 1809 2195 Ne
1865 2142 2029 2195 aciem

417 2251 669 2298 -:trueret
705 2255 856 2293 mane
895 2238 1064 2292 radiis
1110 2236 1367 2299 adversis,
1412 2251 1538 2289 neue
1574 2251 1707 2288 unus
1742 2234 2028 2288 obstinaret

410 2358 418 2363 ·
446 2351 679 2406 pugnant
710 2343 896 2387 contra
925 2331 1056 2385 duos
1092 2330 1270 2395 simul,
1321 2319 1588 2383 Tzaclta'm
1619 2336 1666 2381 et
1703 2328 1862 2382 solem
1889 2369 1902 2389 ,
1939 2327 2028 2381 sed

445 2441 563 2500 post
601 2437 990 2495 transgressum
1033 2424 1390 2478 meridianum
1452 2422 1708 2476 circulum
1754 2423 1924 2475 sidere
1973 2422 2027 2474 in

415 2535 692 2573 cerasum
730 2531 919 2586 prono,
951 2525 1216 2569 certamen
1268 2523 1584 2580 capesseret,
1624 2512 1780 2564 militi
1839 2522 1922 2566 sta
1952 2513 2026 2565 im

447 2611 599 2666 dedit
625 2611 802 2663 redire
827 2607 1077 2661 celeriter
1108 2604 1174 2658 ad
1202 2604 1502 2658 exercitum
1528 2602 1708 2671 jusso,
1741 2601 2029 2669 verbisque

439 2705 636 2760 eadem
669 2702 924 2756 mandata
952 2698 1317 2768 frequentavit
1352 2711 1474 2765 quae
1510 2696 1826 2765 praescripta
1859 2695 2030 2748 tradiv

411 2797 641 2851 aderat:
677 2794 756 2847 sic
789 2793 856 2847 ad
893 2802 1198 2846 extremum
1234 2787 1396 2860 247
1419 2786 1656 2854 graviter
1685 2787 1904 2841 edicens
1925 2829 1939 2851 ,
1971 2784 2026 2841 Si

441 2889 534 2942 die
579 2887 632 2941 in
669 2901 923 2941 occasmn
971 2882 1270 2938 inclinante
1316 2895 1554 2951 pugnam
1607 2895 1728 2934 cum
1779 2880 2028 2935 hostibus

447 2975 740 3038 iiiiveritis,
786 2974 971 3029 statim
1009 2972 1263 3027 vincetis.
1321 2969 1448 3025 llaec
1495 2969 1658 3025 simul
1711 2969 1890 3024 Ducas
1931 2985 2027 3039 per

407 3105 412 3116 ι
450 3068 676 3124 militem
709 3066 944 3134 accepit,
983 3063 1189 3134 alioqui
1219 3063 1411 3118 solitus
1441 3063 1496 3116 in
1521 3060 1778 3117 omnibus
1810 3076 1876 3116 ex
1922 3062 2028 3115 im-

452 3160 720 3228 peratoris
759 3168 888 3211 nutu
922 3156 1158 3225 pendere
1184 3198 1200 3222 ,
1233 3156 1630 3224 consiliumque
1665 3156 2028 3224 quodcunque

400 3284 406 3290 -
452 3254 627 3322 ipsius
701 3251 917 3303 addicta
957 3247 1040 3301 vel
1104 3247 1159 3301 in
1212 3247 1376 3301 rebus
1432 3248 1672 3303 minimis
1725 3248 2025 3303 reverentia

453 3347 596 3400 velut
639 3344 845 3398 editum
887 3340 1115 3394 oraculo
1156 3339 1382 3403 sectari,
1442 3348 1663 3407 postera
1718 3339 1834 3408 ipsa
1882 3339 2027 3403 lure,

450 3453 574 3494 cum
607 3452 664 3492 se
688 3450 840 3490 more
860 3435 1021 3489 solito
1043 3441 1268 3503 paratos
1296 3432 1362 3486 ad
1389 3445 1622 3500 pugnam
1649 3431 2028 3501 excipiendam

395 3539 634 3590 whostes
694 3530 1066 3591 obtulissent,
1136 3525 1434 3596 phalangas
1489 3524 1764 3580 Romanas
1825 3524 2029 3579 armari

447 3626 782 3696 prodireqne
810 3621 1008 3684 vetuit,
1043 3618 1242 3674 Turcis
1274 3617 1486 3688 ignaris
1517 3619 1598 3672 rei
1630 3617 1818 3672 feriati
1846 3633 1914 3672 eo
1943 3616 2031 3672 die

397 3741 400 3743 -
439 3720 682 3786 «ntiquea
709 3728 886 3784 pugna
914 3709 1182 3764 Joannem
1222 3708 1362 3763 velle
1386 3708 1801 3763 autumantibus
1825 3724 1842 3774 ;
1876 3707 2029 3763 ideo-

446 3823 556 3878 que
596 3807 766 3859 armis
810 3804 924 3857 iliic
975 3801 1190 3872 positis,
1228 3799 1648 3855 considentibus
1692 3813 1906 3855 secure.
1962 3801 2032 3852 At

447 3915 578 3956 ecce
611 3899 662 3954 in
693 3897 816 3953 caeli
855 3897 1117 3950 verticem
1167 3893 1438 3948 altissime
1465 3893 1714 3962 subjecto
1746 3893 1883 3957 sole,
1912 3893 2032 3948 suis

457 3995 638 4045 Ducas
671 3987 837 4044 edicit
888 3994 947 4039 ut
992 3992 1322 4038 armentur:
1355 3997 1422 4038 ac
1466 3983 1624 4053 paulo
1674 3993 1796 4052 post
1839 3984 2030 4040 eodem

448 4081 628 4134 sidere
670 4077 782 4145 jam
818 4076 871 4129 in
917 4089 1152 4145 pronum
1206 4073 1580 4143 despectante,
1629 4073 1803 4126 aciem
1857 4075 2033 4142 perite

449 4171 783 4239 descriptam
833 4182 956 4220 cum
1010 4164 1176 4219 alacri
1229 4176 1286 4219 et
1339 4180 1585 4219 consona
1638 4164 2033 4220 voeiferatione

397 4290 404 4296 ι
438 4272 774 4317 ultimorum
809 4259 1040 4313 educit:
1085 4269 1152 4311 ne
1185 4255 1264 4310 sic
1315 4255 1537 4324 quidem
1577 4255 1882 4324 imparatus
1936 4260 2032 4311 de-

443 4357 715 4427 prehendi
738 4352 918 4424 potuit
939 4349 1207 4404 Tzachas.
1238 4347 1450 4404 Prodiit
1480 4359 1675 4406 contra
1706 4361 1760 4405 et
1791 4352 1908 4420 ipse
1938 4368 2034 4405 ar-

398 4465 400 4468 '
442 4457 632 4502 matus
685 4446 1099 4510 instructusque
1132 4440 1311 4494 valide
1351 4453 1450 4494 nec
1491 4455 1698 4494 moram
1758 4442 2028 4512 pugnandi

2131 1961 2544 2028 προσϐάλλειν
2600 1960 2725 2027 τοῖς
2781 1962 3104 2027 ἐναντίοις.
3153 1961 3502 2032 Ἑγχειρίσας
3532 1959 3623 2013 οὖν
3657 1962 3719 2011 τὸ

2130 2056 2368 2125 γράμμα
2405 2055 2483 2124 τῷ
2517 2053 2826 2125 στρατιώτῃ
2870 2059 2963 2107 καὶ
3013 2053 3276 2116 πολλάκι;
3331 2054 3459 2124 περὶ
3517 2051 3716 2103 τούτου

2131 2147 2538 2216 παραγγείλας,
2595 2147 2750 2208 τέλος
2813 2145 3206 2213 άποφαντικῶς
3243 2146 3348 2214 ἔφη
3377 2160 3389 2173 ·
3441 2144 3566 2196 Ἐάν
3603 2142 3720 2195 κλί-

2130 2258 2316 2304 νοντος
2345 2240 2440 2293 τοῦ
2473 2240 2621 2312 ἡλίου
2677 2239 3044 2309 προσϐαλεῖτε
3079 2240 3192 2298 τοῖς
3241 2236 3528 2298 ἐναντίοις,
3558 2251 3717 2302 νικη-

2129 2338 2222 2386 ταὶ.
2261 2334 2610 2404 παραχρῆμα
2665 2330 2876 2384 ἔσεσθε.
2939 2330 3130 2384 Ταῦτα
3172 2328 3268 2382 τοῦ
3299 2328 3477 2381 Δούκα
3497 2326 3588 2380 διὰ
3617 2328 3713 2379 τοῦ

2093 2471 2096 2474 τ
2132 2425 2469 2496 στρατιώτου
2505 2423 2920 2494 μεμαθηκότος,
2983 2422 3078 2475 καί⁵
3109 2421 3382 2491 μηδέποτε
3422 2418 3514 2472 τοῦ
3556 2419 3718 2472 αὺτο-

2131 2516 2399 2586 κράτορος
2449 2513 2589 2582 μηδὲ
2643 2514 2742 2582 τὴν
2773 2513 2867 2564 ἐπὶ
2897 2511 2975 2581 τῷ
3005 2511 3227 2580 τυχόντι
3261 2504 3709 2577 παραϐλεψαμέ-

2129 2625 2224 2661 νου
2257 2605 2592 2678 συμϐουλὴν,
2618 2605 2696 2674 τῷ
2731 2604 2753 2636 ⁸
2784 2603 2905 2674 μετ’
2938 2603 3108 2673 αὐτὴν
3147 2601 3291 2654 κατὰ
3314 2599 3374 2652 τὸ
3402 2597 3633 2665 σύνηθες
3663 2595 3715 2646 οἱ

2131 2697 2404 2768 Βάρσαροι
2445 2695 2826 2764 ὁπλισάμενοι,
2865 2694 2989 2746 ἐπεὶ
3023 2693 3134 2745 τῶν
3187 2689 3506 2759 ἁντιμάχων
3539 2685 3716 2746 οὐδεὶς

2131 2792 2387 2860 ἐφαίνετο
2440 2789 2703 2860 (ἠρέμουν
2757 2787 2870 2858 γάρ
2949 2787 3005 2840 αἱ
3080 2782 3387 2854 Ῥωμαϊκαὶ
3429 2780 3711 2849 φάλαγγες

2132 2884 2274 2940 κατὰ
2298 2885 2399 2948 τὰς
2437 2881 2534 2936 τοῦ
2563 2880 2973 2950 αὐτοκράτορος
3022 2876 3353 2947 ὑποθήκας),
3393 2875 3492 2946 τὴν
3527 2875 3712 2944 μάχην

2132 2976 2508 3048 ἀπηλπικότες
2540 2978 2685 3028 κατά
2735 2973 2835 3042 τὴν
2867 2971 3084 3042 ἡμέραν
3132 2969 3374 3036 ἐκείνην,
3411 2965 3577 3019 αὐτοῦ
3610 2982 3716 3016 που

2138 3072 2516 3144 μεμενήκασιν
2549 3068 2620 3122 τὰ
2669 3067 2814 3121 ὅπλα
2861 3065 3220 3134 ἀποθέμενοι.
3268 3063 3408 3117 Ἀλλ’
3443 3063 3472 3114 ὁ
3503 3060 3716 3121 Δούκας

2057 3191 2099 3248 C
2134 3166 2236 3219 οὐκ
2275 3165 2499 3235 ἠρέμει.
2542 3162 2638 3224 Εἰς
2677 3159 3077 3231 μεσονράνημα
3127 3158 3236 3226 γὰρ
3274 3154 3368 3208 τοῦ
3417 3155 3567 3225 ἡλίου
3608 3154 3710 3222 ἤδη

2137 3258 2458 3328 ὲφθακότος,
2485 3256 2648 3317 αὑτός
2679 3273 2738 3307 τε
2776 3255 2871 3307 καὶ⁸
2900 3253 2960 3305 τὸ
3011 3251 3415 3321 στρατιωτικὸν
3443 3248 3590 3303 άπαν
3623 3249 3718 3301 ἐπὶ

2132 3355 2247 3414 τοῖς
2276 3351 2461 3415 ὅπλοις
2496 3347 2585 3420 ἦν.
2614 3348 2725 3403 Καὶ
2752 3347 3031 3410 κλίνοντος
3080 3347 3184 3416 ἤδη
3222 3345 3319 3398 τοῦ
3361 3345 3519 3416 ήλίςυ
3552 3341 3713 3397 πολέ-

2137 3461 2239 3514 μου
2287 3443 2444 3507 τάξιν
2503 3440 2899 3505 διατυπώσας,
2956 3440 3053 3493 σὺν
3107 3439 3418 3507 ἀλαλαγμῷ
3476 3439 3566 3489 καὶ
3614 3437 3711 3506 βοῇ

2134 3538 2306 3606 πολλῇ
2331 3534 2592 3605 αίφνηδὸν
2618 3532 2762 3586 κατά
2797 3534 2906 3585 τῶν
2939 3530 3242 3601 Βαρϐάρων
3277 3532 3438 3583 ἵεται.
3475 3531 3547 3582 Οὐ
3589 3528 3718 3598 μέν·

2132 3647 2216 3683 τοι
2259 3629 2368 3682 οὐδ’
2399 3629 2428 3681 ὁ
2489 3624 2710 3694 Τζαχᾶς
2766 3624 3056 3691 ἀνέτοιμος
3132 3621 3330 3691 ἐφάνη,
3390 3621 3507 3675 ἀλλ’
3557 3622 3718 3684 εὐθὺς

2133 3722 2421 3794 καρτερῶς
2448 3720 2814 3787 ὁπλισάμενος
2845 3716 3184 3786 συμμίγνυσι
3220 3717 3340 3778 ταῖς
3377 3712 3716 3784 Ῥωμαϊκαῖς

2135 3812 2423 3882 φάλαγξιν.
2478 3810 2822 3872 Πνεύσαντος
2877 3809 2935 3861 δὲ
2992 3808 3304 3874 τηνικαῦτα
3357 3808 3452 3860 καὶ
3508 3810 3715 3874 ἀνέμου

2135 3904 2367 3976 σφοδροῦ
2394 3903 2492 3958 καὶ
2519 3904 2654 3971 ἀγχε
2665 3901 2844 3972 μάχου
2867 3900 2969 3968 τῆς
3000 3900 3184 3972 μάχης
3209 3899 3521 3968 γεγονυίας,
3556 3899 3584 3948 ὁ
3613 3913 3679 3947 κο
3702 3928 3708 3934 -

2134 3994 2390 4057 νίσσαλος
2451 3995 2511 4056 ἒς
2553 3993 2789 4063 οὐρανὸν
2823 3993 2990 4045 αὐτὸν
3025 3988 3185 4063 ἦρτο.
3226 3994 3336 4045 Καὶ
3371 3990 3431 4042 τὸ
3481 3989 3578 4058 μέν
3620 4004 3707 4038 τοι

2134 4087 2277 4140 κατὰ
2307 4087 2602 4158 πρόσωπον
2637 4087 2728 4139 τόν
2765 4086 2920 4154 ἥλιον
2947 4085 3234 4153 λάμποντα
3257 4083 3493 4154 ἔχοντες,
3524 4081 3585 4134 τὸ
3604 4081 3624 4112 ⁹
3651 4079 3709 4131 δέ

2081 4223 2088 4230 .
2132 4197 2184 4232 τι
2212 4183 2306 4232 καὶ
2345 4179 2438 4232 τοῦ
2465 4178 2670 4247 ἀνέμου
2709 4180 2806 4241 τὰς
2839 4177 2992 4246 ὄψεις
3029 4179 3116 4230 διέι
3147 4178 3245 4247 τῆς
3276 4177 3478 4238 κόνεως
3510 4174 3711 4244 τρόπον

2077 4306 2086 4312 —
2133 4271 2255 4325 τινὰ
2299 4269 2920 4336 κατασϐολοῦντος,τῶν
2947 4288 3006 4322 τε
3039 4269 3330 4338 Ῥωμαίων
3367 4267 3719 4337 καρτερώτε-

2138 4380 2228 4434 ρον
2252 4365 2407 4434 εῐπερ
2439 4363 2570 4416 ποτὲ
2597 4363 3013 4432 προσϐαλόντων
3042 4363 3110 4425 ¹⁰,
3139 4360 3454 4432 ήττήθησαν
3480 4360 3549 4412 τὰ
3571 4358 3716 4410 νῶτα

2135 4457 2451 4518 δεδωκότες.
2495 4455 2605 4507 Καὶ
2647 4453 2791 4507 οὕτω
2829 4453 2905 4524 μὴ
2929 4455 3116 4523 φέρων
3143 4455 3170 4506 ό
3210 4452 3437 4522 Τζαχᾶς
3486 4452 3584 4519 τὴν
3622 4450 3718 4502 ἐπὶ

451 4541 602 4593 μηοίι.
643 4537 966 4605 implicuere
1006 4548 1065 4590 se
1093 4533 1354 4601 utrinque
1395 4532 1544 4588 acies
1585 4533 1800 4600 magnis
1835 4534 2030 4588 animis

2139 4549 2302 4600 πλέον
2331 4545 2672 4617 πολιορκίαν,
2713 4547 2809 4599 καὶ
2862 4545 2999 4615 πρὸς
3030 4546 3127 4615 τὴν
3173 4543 3496 4597 ἀδιάστατον
3539 4542 3720 4612 μάχην

447 4629 886 4698 canalibusque;
926 4641 1110 4680 verum
1156 4633 1323 4679 vento
1369 4626 1435 4679 ab
1479 4633 1602 4680 ortu
1645 4623 1813 4679 ﬂante
1866 4625 2032 4680 vehe-

451 4723 641 4784 menti,
667 4737 792 4774 emn
817 4717 996 4788 pulvis
1015 4717 1239 4786 pedibus
1265 4718 1540 4772 excitatus
1559 4719 2031 4782 concurrentium,

453 4813 616 4868 simul
650 4827 772 4865 cum
809 4810 1022 4865 infestis
1047 4809 1504 4864 inclinatae-lucis
1535 4810 1724 4871 radiis,
1759 4811 1812 4862 in
1845 4810 2037 4865 oculos

453 4905 747 4974 vultusque
812 4901 1116 4957 Turcorum
1183 4901 1631 4972 impingeretur,
1697 4901 2037 4973 Romanique

452 4997 704 5067 vegetius
732 5009 893 5062 quam
927 5009 1162 5063 unquam
1201 4993 1442 5048 antehae
1506 4993 1798 5057 instarent,
1840 5013 2033 5066 magna

455 5089 663 5141 Turcos
691 5088 990 5140 necessitas
1025 5096 1172 5152 terga
1213 5096 1428 5138 vertere
1454 5086 1658 5154 coegit.
1697 5085 1886 5141 Sensit
1918 5091 2033 5141 [υτ-

458 5193 642 5233 mnam
701 5179 940 5246 partimn
995 5185 1258 5231 muta-tam
1313 5175 1560 5233 Tzachas
1601 5193 1885 5247 :cumque
1932 5195 2074 5237 nec.

457 5274 645 5325 urbem
689 5271 800 5339 jam
843 5269 1236 5339 oppugnationi
1275 5269 1636 5335 sustinenda,
1693 5286 1794 5326 nec
1854 5287 1913 5328 se
1969 5275 2033 5327 ad

443 5379 689 5432 pugnam
738 5377 896 5431 sequo
958 5376 1151 5430 campo
1210 5363 1598 5430 capessendam
1651 5377 1842 5432 parem
1893 5366 2033 5420 ultra

454 5461 726 5518 cerneret,
766 5453 908 5507 facili
938 5453 1258 5508 conditione
1307 5468 1498 5522 pacem
1551 5453 1817 5520 licitatus,
1855 5457 2036 5527 impe-

443 5547 618 5601 travit
668 5562 697 5599 a
753 5547 897 5601 Duca
936 5544 1081 5615 quod
1131 5561 1302 5608 unum
1337 5548 1518 5616 petiit,
1551 5555 1611 5602 ut
1641 5549 1744 5603 sibi
1777 5564 1874 5618 per
1904 5566 2028 5605 eum

2140 4641 2214 4711 μὴ
2244 4638 2495 4708 ἐξαρκῶν
2519 4639 2619 4704 τὴν
2664 4639 2795 4708 περὶ
2841 4638 3068 4707 εἰρήνης
3120 4637 3397 4707 ἐπερωτᾷ,
3429 4635 3592 4687 τοῦτο
3622 4634 3718 4686 καὶ

2143 4732 2302 4802 μόνον
2348 4729 2733 4799 ἐξαιτούμενος
2808 4728 3193 4799 ἐκχωρηθῆναί
3251 4731 3300 4780 oi.
3350 4726 3562 4796 ἀϐλαϐῆ
3629 4726 3723 4776 τον

2140 4820 2280 4891 πρὸς
2311 4822 2412 4891 τὴν
2457 4821 2714 4892 Σμύρνην
2766 4823 3078 4874 ἀπόπλουν.
3149 4821 3406 4874 Πείθεται
3462 4818 3640 4887 τούτῳ
3693 4816 3724 4869 ὁ

2139 4912 2370 4978 Δούκας,
2403 4917 2496 4966 καὶ
2523 4912 2707 4966 λαϐὼν
2735 4913 2984 4983 ὁμήρους
3017 4914 3110 4966 δύο
3153 4913 3261 4966 τῶν
3307 4913 3584 4981 ἐκκρίτων
3621 4927 3720 4962 σαι

2137 5004 2390 5075 στρατῶν,
2423 5003 2551 5056 ἐπεὶ
2577 5004 2832 5064 κάκεῖνος
2858 5001 3013 5068 αὖθις
3043 5005 3235 5067 ἄλλους
3259 5005 3444 5076 ᾐτεῖτο
3473 5003 3563 5055 τὸν
3589 5000 3726 5052 Δού-

2142 5112 2266 5160 καν,
2309 5095 2395 5163 ἐφ’
2424 5087 2468 5162 ᾧ
2499 5095 2590 5147 τὸν
2625 5095 2725 5164 μὲν
2770 5097 2975 5165 μηδὲνλ.
3024 5099 3134 5149 τῶν
3178 5097 3562 5166 Μιτυληναίων
3604 5096 3722 5146 ἁδι-

2139 5187 2308 5255 κῆσαι
2354 5185 2713 5255 ἐξερχόμενοι)
2744 5185 2776 5256 ἦ
2812 5190 3298 5257 συνεπαγαγέσθλι
3359 5189 3712 5240 ἀποπλέοντα

2139 5277 2275 5347 πρὸς
2306 5274 2590 5345 Σμύρνην,
2623 5275 2716 5329 τὸν
2753 5278 2794 5307 ¹¹
2825 5277 2881 5330 δὲ
2927 5279 3259 5348 διατηρῆσαι
3284 5279 3447 5331 αὑτὸν
3478 5276 3716 5344 ἀϐλαϐῆ,

2137 5374 2231 5420 τ’,ν
2257 5368 2330 5430 ὡς
2364 5367 2499 5435 πρὸς
2541 5367 2797 5438 Σμύρνην
2830 5370 3115 5422 ἀπόπλουν
3140 5372 3488 5440 ποιούμενον,
3519 5369 3720 5421 δέδωκε

2141 5462 2317 5529 τούτῳ
2347 5459 2438 5512 τόν
2463 5477 2519 5512 τε
2547 5460 2895 5530 Εὐφορϐηνδν
2928 5462 3300 5532 Ἀλέξανδρον,
3335 5461 3431 5515 καὶ
3463 5461 3724 5530 Μανουὴλ

2143 5555 2233 5605 τὸν
2252 5552 2630 5621 Βουτουμίτην
2657 5555 2696 5583 “
2718 5566 2730 5579 '
2768 5553 2961 5623 ἄνδρες
2989 5548 3135 5606 οὗτοι
3164 5553 3520 5624 φιλοπόλεμοί
3545 5568 3603 5606 τε
3625 5553 3726 5604 καὶ

1490 5687 1695 5750 Varius
1736 5688 2042 5754 lectiones
2091 5711 2168 5756 ex
2214 5692 2356 5754 cod.
2404 5692 2670 5753 Coislin.

517 5807 544 5839 ’
583 5807 964 5875 ξυμϐουλεῦον.
1041 5813 1062 5844 ⁸
1089 5816 1178 5883 τῇ.
1252 5816 1272 5847 ⁸
1311 5815 1417 5870 τόν.
1535 5818 1578 5849 ⁸ο
1623 5819 2030 5888 προϐαλόντων.

2111 5823 2148 5854 ι’
2200 5819 2318 5875 τοῦ.
2402 5821 2442 5852 ¹¹
2471 5819 2830 5889 Βοντομὶτην.
2897 5818 2988 5874 Sic
3023 5835 3241 5888 seraper
3271 5828 3477 5890 postea.
