4112 6396
442 377 548 440 667

1763 358 1990 422 ΑΝΝΕ
2017 357 2402 419 ΟΟΜΝΕΝιΕ

3596 342 3705 406 668

447 489 647 542 iterum
681 481 921 539 vastavit
964 480 1250 537 ditionem.
1301 476 1549 546 Cumque
1582 486 1677 545 per
1722 473 1775 527 id
1811 482 2022 537 tempus

2142 467 2197 519 '0
2240 467 2298 520 δὲ
2353 462 2622 527 Βολκὰνος
2669 461 2796 526 τοὺς
2818 461 3078 533 ’ὁμήρους
3126 457 3555 527 ἀπαιτούμενος,
3604 455 3709 507 οὑκ

449 592 558 632 non
587 576 889 631 destitisset
921 573 1224 641 imperator
1249 568 1513 624 refricare
1543 565 1645 635 ipsi
1678 580 1775 634 per
1801 560 2026 617 crebras

449 669 667 723 litteras
743 667 1065 722 memoriam
1122 673 1405 734 pactorum
1463 667 1882 720 conventorum,
1937 654 2027 709 ille

450 770 636 814 tamen
673 760 909 828 superba
948 755 1299 811 eontttmacia
1322 748 1386 808 se
1433 751 1733 813 involvens,
1768 749 1822 802 in
1852 746 2026 802 obsti-

453 853 673 906 natione
721 850 948 921 negandi
995 846 1303 903 obﬁrmavit
1349 845 1613 899 animum.
1650 841 1813 911 Igitur
1841 842 2027 907 Augu-

452 952 572 998 stus
598 943 736 997 bello
759 941 996 1010 experiri
1023 950 1264 1003 coactus,
1285 937 1548 992 Joannem
1578 932 2028 989 sebastocratoris

454 1034 642 1087 fratris
679 1034 760 1088 sui
788 1033 957 1085 tilium
989 1030 1056 1085 ad
1086 1045 1146 1084 se
1171 1028 1497 1083 accersitum
1525 1024 2030 1090 sntliricntihnsque

452 1122 778 1177 instructum
816 1121 989 1190 c0piis
1015 1121 1281 1174 adversus
1308 1118 1605 1172 Bolcanum
1645 1117 1812 1170 misit.
1852 1116 2029 1170 Caete—

455 1229 577 1268 run:
630 1212 890 1279 Joannes,
942 1214 1146 1282 quippe
1200 1212 1512 1278 inexpertus
1555 1209 1678 1262 hclli
1727 1207 1943 1278 juvenis
1977 1214 2032 1260 ct

453 1302 630 1359 calida
687 1304 982 1372 cupiditate
1030 1302 1326 1373 pugnandi,
1374 1315 1663 1355 successus
1711 1300 2031 1370 plerumque

453 1395 769 1450 cunctantis
799 1410 984 1449 moras
1014 1402 1331 1463 exspectare
1380 1409 1485 1447 non
1516 1395 1812 1460 sustinens,
1844 1394 2029 1446 statim

455 1488 743 1558 Lipeuium
778 1488 1056 1559 profectus
1085 1502 1355 1556 amneque
1383 1487 1505 1543 illac
1550 1486 1754 1541 ﬂuente
1800 1487 1866 1541 ad
1910 1484 2029 1555 Jugi

456 1582 673 1636 radices
723 1581 980 1649 lrajeclo,
1059 1582 1309 1651 proxime
1367 1579 1792 1650 Spln-ntzanium
1851 1590 2031 1633 castra

453 1675 655 1741 posuit.
685 1673 802 1729 Non
828 1675 986 1729 latuit
1015 1674 1309 1730 Bolcaunm
1342 1676 1558 1744 quicum
1595 1674 1670 1728 illi
1726 1690 1813 1728 res
1842 1683 1987 1728 esset
2014 1689 2028 1738 ;

456 1765 715 1822 frustrari
775 1783 907 1838 ergo
947 1768 1245 1836 iuvenilem
1302 1768 1701 1838 impatientiam
1753 1766 2030 1837 pr:t:liatt:li

456 1862 723 1930 optimum
790 1864 1019 1926 ducens,
1085 1864 1489 1919 adolescentem
1546 1877 1612 1918 ex
1675 1871 1792 1917 tuto
1851 1863 2032 1917 missis

456 1954 671 2008 nuntiis
707 1969 806 2023 per
863 1955 1217 2010 tractationes
1256 1964 1506 2010 versutas
1542 1956 1879 2025 aggreditur.
1934 1955 2036 2008 Pa-

456 2056 579 2097 cem
608 2043 751 2098 ultro
804 2059 1056 2115 poscens,
1125 2061 1285 2114 quam
1349 2060 1411 2101 se
1475 2044 1733 2113 deinceps
1767 2061 1888 2098 cum
1932 2045 2037 2100 title

457 2134 730 2189 culturam
811 2136 1187 2204 pollicebatur,
1246 2138 1608 2205 daturumque
1662 2136 1878 2191 obsides
1904 2152 2039 2204 quos

461 2235 586 2278 ante
617 2228 965 2292 promiserat.
1000 2227 1178 2283 Verba
1214 2230 1329 2283 haec
1359 2239 1520 2283 erant
1551 2238 1605 2283 et
1636 2228 2035 2284 luditicationes

458 2331 645 2382 mene,
678 2333 784 2386 quo
806 2334 1082 2375 aversosa
1113 2336 1242 2377 cura
1293 2321 1444 2386 belli,
1497 2331 1552 2376 et
1610 2321 1680 2376 ab
1732 2322 2036 2379 attentione

457 2396 717 2462 custodite
762 2409 829 2464 ad
885 2411 1321 2479 intempestivam
1368 2411 1617 2467 ﬁduciam
1666 2415 1924 2469 remissos
1970 2429 2035 2468 ex

457 2495 756 2563 improviso
807 2500 1029 2555 adortus
1073 2501 1430 2570 opprimeret.
1490 2502 1652 2573 253
1726 2503 1871 2559 Sane.
1921 2505 2039 2574 ipse

458 2584 748 2656 linit-anus,
782 2592 906 2645 dum
959 2593 1025 2648 de
1079 2594 1166 2650 his
1197 2593 1440 2650 Joannes
1489 2595 1844 2662 deliberabat,
1872 2612 2034 2666 quam

460 2674 874 2744 diligentissime
901 2689 1163 2750 armatus,
1198 2683 1249 2738 in
1280 2683 1556 2752 procinctu
1585 2686 1650 2738 ad
1681 2684 2034 2754 irruptiouem

461 2768 702 2823 subitam
737 2784 875 2828 erat.
922 2773 1183 2844 Adeoque
1206 2775 1319 2843 jam
1355 2775 1476 2846 ipso
1506 2776 1886 2845 proﬁciscente
1918 2794 2036 2834 cum

461 2856 745 2914 instructis
771 2863 943 2931 copiis
962 2864 1026 2917 ad
1047 2865 1325 2920 Romanos
1354 2866 1491 2921 nihil
1515 2867 1694 2922 minus
1721 2869 2037 2939 cogitantes,

465 2964 812 3014 praecurrens
866 2957 1167 3011 monachus
1227 2958 1495 3028 quispiam
1577 2959 1783 3015 iudicat
1842 2960 2041 3018 Joanui

462 3041 760 3094 adventare
789 3043 1018 3111 bouem,
1052 3047 1209 3116 idque
1235 3058 1556 3105 constanter
1587 3050 1838 3105 allirmat.
1867 3050 2039 3118 Quem

2128 559 2301 613 ἐδίδου
2324 557 2570 620 τούτους,
2601 551 2718 608 ἀλλ’
2747 552 2963 626 ήμέραν
2998 552 3058 618 ἐξ
3080 551 3299 624 ἡμέρας
3328 547 3704 618 ὑπερετίθετο.

2141 646 2425 703 Ἐνιαυτοῦ
2477 661 2537 699 τε
2564 645 2733 716 μήπω
2768 643 3163 715 παρῳχηκότος
3222 640 3378 703 ὅλου,
3420 634 3579 701 αὖθις
3625 637 3710 700 εἰς

2130 739 2412 812 προνομὴν
2455 738 2565 791 τῶν
2623 736 2949 806 Ῥωμαϊκῶν
2993 734 3188 805 χωρῶν
3233 730 3567 799 ἐξεληλύθει.
3596 729 3712 782 Καὶ

2128 830 2419 901 διαφόρους
2443 829 2664 900 γραφὰς
2706 826 2796 881 τοῦ
2829 825 3230 894 αὐτοκράτορος
3257 822 3547 889 δεξάμενος
3572 819 3711 872 ἀνα-

2134 922 2540 994 μιμνήσκοντος
2564 919 2729 975 αὑτὸν
2748 919 2857 971 τῶν
2898 916 3184 985 συνθηκῶν
3223 915 3322 968 καὶ
3361 912 3711 982 ὑποσχέσεων

2129 1013 2197 1076 ἃς
2242 1011 2458 1082 φθάσας
2501 1010 2641 1082 πρὸς
2693 1007 2857 1064 αὑτὸν
2902 1005 3221 1074 ἐποιήσατο,
3279 1002 3388 1055 οὐδ’
3421 1000 3592 1062 οὕτως
3638 999 3712 1050 τέι

2133 1104 2491 1175 ὑπεσχημένα
2544 1102 2762 1157 τελέσαι
2812 1099 2993 1172 ἢθελε.
3050 1093 3565 1164 Μεταπεμψάμενος
3614 1088 3713 1143 οὖν

2131 1195 2160 1248 ὁ
2190 1194 2444 1266 βασιλεὺς
2488 1194 2740 1263 Ἰωάννην
2778 1190 2870 1244 τὸν
2917 1190 3031 1242 υἱὸν
3062 1186 3158 1241 τού
3207 1182 3716 1253 σεϐαστοκράτορος

2133 1288 2228 1341 καὶ
2265 1286 2602 1355 αύταδέλφου
2656 1282 2821 1338 αὑτοῦ
2869 1281 3007 1337 κατ’
3038 1279 3204 1334 αὑτοῦ
3251 1276 3527 1344 ἐξέπεμψε
3571 1271 3716 1343 μετὰ

2133 1378 2464 1450 ἀποχρώσης
2503 1378 2805 1443 δυνάμεως,
2837 1376 2865 1428 ὁ
2907 1373 2965 1426 δὲ
3004 1367 3094 1426 οἶα
3134 1368 3571 1441 ἀπειροπόλεμος
3619 1363 3716 1417 καὶ

2136 1471 2427 1541 σςοαδάζων
2476 1471 2551 1534 ὠς
2591 1469 2709 1531 νέος
2759 1466 2896 1539 πρὸς
2938 1466 3140 1537 μάχας,
3191 1461 3444 1518 ἀπελθὼν
3487 1460 3583 1513 καὶ
3619 1458 3713 1512 τὸν

2131 1565 2227 1619 τοῦ
2262 1563 2519 1619 Λιπενίου
2555 1560 2802 1631 ποταμὸν
2845 1559 3039 1622 διαϐὰς
3085 1556 3215 1627 περὶ
3264 1556 3393 1616 τοὺς
3432 1552 3717 1623 πρόποδας

2132 1654 2228 1710 τοῦ
2289 1651 2464 1719 Ζυγοῦ
2513 1650 2748 1706 κατευθὺ
2802 1648 2895 1702 τοῦ
2952 1644 3313 1713 Σφεντζανίου
3364 1642 3455 1696 τὸν
3493 1642 3717 1712 χάρακα

2136 1746 2397 1818 ἐπήξατο.
2448 1747 2565 1799 (lim
2612 1742 2771 1797 ἔλαϐε
2825 1743 2873 1777 ³⁸
2915 1740 3075 1794 τοῦτο
3122 1739 3214 1792 τδν
3258 1736 3548 1792 Βολκάνον.
3601 1736 3720 1789 Καὶ

2067 1812 2109 1866 Β
2136 1812 2299 1893 πάλιν
2344 1838 2474 1909 περὶ
2509 1837 2734 1909 εἰρήνης
2783 1834 2878 1888 καὶ
2924 1832 3062 1903 πρὸς
3105 1831 3270 1886 αὐτὸν
3319 1829 3540 1900 ἠρώτα,
3591 1826 3721 1879 ὑπι-

2139 1931 2470 2003 σχνούμενος
2502 1932 2597 1984 καὶ
2634 1930 2761 1993 τοὺς
2787 1926 3203 1999 ὑπεσχημένους
3254 1924 3500 1993 ὁμήρους
3528 1920 3718 1973 δοῦναι

2137 2025 2234 2078 καὶ
2264 2023 2511 2095 καθαρὰν
2536 2023 2637 2094 τὴν
2680 2024 2905 2095 εἰρήνην
2940 2021 3080 2092 μετὰ
3126 2022 3238 2071 τῶν
3289 2015 3581 2086 Ῥωμαίων
3620 2012 3718 2067 τοῦ

2137 2116 2326 2171 λοιποῦ
2352 2117 2610 2187 τηρῆσαι.
2637 2115 2799 2170 Ἀλλὰ
2838 2114 3021 2169 ταῦτα
3067 2112 3164 2184 μὲν
3197 2113 3256 2164 ὲν
3304 2108 3494 2181 μόναις
3535 2105 3721 2176 ψιλαῖς

2140 2208 2525 2280 ὑποσχέσεσιν,
2558 2208 2719 2272 αὑτδς
2774 2207 2833 2261 δὲ
2858 2204 3191 2275 ἐξωπλίζετο
3225 2200 3520 2270 ἀγνώστως
3568 2196 3721 2252 αὑτῶ

2139 2270 2650 2371 προσϐαλεῖνίῐὴλ,
2688 2270 2790 2370 τῆς
2829 2270 2966 2371 προς
3004 2297 3094 2351 τὸν
3127 2294 3388 2363 Ἰωάννην
3440 2270 3739 2361 φερούσηί

2138 2396 2231 2449 τοῦ
2262 2392 2536 2449 Βολκάνου
2565 2390 2851 2462 ἁψαμένου
2891 2388 3123 2461 μοναχός
3166 2403 3248 2448 τις
3285 2379 3722 2454 προκαταλαϐὼν

2138 2486 2201 2539 τὸ
2231 2483 2607 2556 μελετώμενον
2648 2479 2982 2549 ἀπαγγέλλει
3004 2478 3083 2548 τῷ
3126 2475 3364 2544 Ἰωάννῃ,
3403 2472 3496 2525 καὶ
3544 2486 3721 2524 κατα-

2138 2578 2436 2650 λαμϐάνειν
2463 2577 2555 2630 τὸν
2600 2573 2793 2646 ἐχθρὸν
2817 2574 2917 2646 ήδη
2956 2571 3337 2641 διισχυρίζετο.
3375 2566 3437 2620 '0
3484 2563 3542 2618 δὲ
3584 2560 3724 2633 μετὰ

2143 2671 2318 2742 θυμοῦ
2348 2669 2541 2723 τοῦτον
2571 2665 2961 2737 ἀπεπέμψατο,
2999 2663 3241 2735 ψεύστην
3281 2658 3375 2713 καὶ
3420 2656 3722 2712 ἀπατεῶνα

2140 2763 2454 2819 ἀποκαλῶν.
2501 2761 2663 2815 Ἀλλὰ
2717 2760 2776 2814 τὸ
2823 2759 3004 2831 ἔργον,
3044 2757 3137 2810 τὸν
3174 2755 3333 2822 λόγον
3373 2749 3722 2825 προέφθασεν

2143 2852 2539 2909 π;στώσασθαι.
2585 2850 2799 2912 Νυκτὸς
2839 2846 2947 2919 γὰρ
2989 2846 3328 2901 ἐπεισπεσὼν
3378 2841 3547 2911 αὑτῷ,
3585 2838 3724 2891 πολ-

2139 2950 2267 3013 λοὺς
2299 2948 2397 3017 μὲν
2428 2946 2535 3001 τῶν
2578 2943 2929 3016 στρατιωτῶν
2960 2940 3109 3004 ἐντὸς
3136 2939 3245 2993 τῶν
3275 2935 3484 2991 σκευῶν
3516 2932 3721 2996 ἀνεῖλε,

2145 3042 2330 3097 πολλοὶ
2368 3041 2425 3095 δὲ
2455 3041 2550 3093 καὶ
2580 3038 2886 3109 ἀνακράτος
2915 3035 3209 3105 φεύγοντες
3252 3032 3371 3091 ταῖς
3409 3028 3581 3090 δίναις
3610 3024 3723 3079 ’τοῦ

464 3129 560 3185 ille
590 3147 711 3185 cunt
745 3137 1024 3191 Stomacho
1080 3154 1180 3193 ncc
1229 3139 1347 3194 sine
1402 3142 1727 3197 contumelia
1763 3155 1819 3197 ιιι
1865 3144 2035 3199 levent

2142 3134 2294 3188 κάτω
2334 3133 2544 3204 ῥέοντος
2577 3129 2824 3201 ποταμοῦ
2860 3126 3270 3201 παρασυρέντις
3311 3120 3719 3190 ἀπεπνίγησαν.

462 3229 519 3274 et
550 3224 808 3291 ttngacem
839 3226 1148 3296 onlliusque
1182 3229 1303 3284 lidci
1344 3231 1618 3285 hominem
1675 3232 1877 3299 rejicit.
1932 3235 2057 3301 Sed.

470 3328 593 3367 mox
632 3314 789 3369 ﬁdem
828 3320 1075 3373 monachi
1112 3335 1197 3375 res
1224 3320 1354 3391 ipsae
1384 3335 1700 3378 sanxerunt.
1749 3324 1966 3381 lrruunt
1992 3327 2044 3381 in

466 3401 709 3460 Romana
739 3417 921 3463 castra
956 3425 1050 3478 per
1081 3422 1292 3466 noctem
1335 3414 1593 3469 Dalmatze
1620 3415 1757 3470 duce
1789 3416 2045 3484 Bolcano,

465 3497 753 3552 caeduntur
780 3500 920 3554 intra
952 3502 1308 3558 tabernacula
1343 3505 1598 3575 imparati
1632 3507 1877 3577 plerique
1908 3509 2046 3564 mili-

471 3594 606 3655 tum,
635 3588 722 3643 alii
778 3592 986 3661 trepida
1036 3604 1254 3650 ruentes
1308 3594 1454 3665 fuga,
1508 3600 1559 3651 in
1609 3602 1914 3669 proximum
1953 3616 2050 3670 per

464 3694 705 3735 errorem
739 3693 793 3736 et
826 3685 1088 3753 impetum
1139 3688 1354 3758 abrepti
1406 3688 1608 3745 ﬂumen
1656 3693 1816 3761 aquis
1865 3693 2048 3749 hausti

465 3772 696 3838 periere.
730 3773 889 3829 Pauci
921 3778 1117 3844 quibus
1149 3780 1369 3850 aliquod
1407 3782 1574 3837 robur
1595 3784 1763 3837 animi
1799 3796 1855 3839 et
1883 3785 2048 3841 oﬂicii

466 3860 727 3927 COgitatio
759 3866 1261 3937 superfuit,raptitn
1295 3887 1390 3940 per
1417 3871 1669 3927 tenebras
1701 3875 2052 3933 tabernaculo

464 3947 689 4007 Joannis
720 3957 970 4024 quaesito,
996 3974 1092 4028 pro
1120 3974 1187 4014 eo
1213 3971 1436 4016 strenue
1468 3974 1804 4031 pugnarunt,
1829 3975 2053 4022 eatenus

470 4044 689 4110 quidem
732 4057 793 4100 ut
826 4049 1016 4103 ducem
1052 4054 1240 4122 utique
1264 4069 1422 4109 suum
1454 4070 1484 4108 a
1517 4056 1663 4110 cattle
1695 4067 1789 4110 aut
1821 4057 2056 4112 servitu-

472 4147 532 4188 te
589 4135 962 4196 liberaverinl.
1015 4142 1109 4197 Sic
1165 4144 1440 4215 dissipatis
1493 4146 1787 4202 maximam
1844 4158 2052 4220 partem

474 4224 739 4285 Romanis
785 4234 982 4301 copiis,
1023 4234 1290 4292 Bolcanus
1335 4238 1452 4293 suis
1493 4242 1810 4294 convocatis
1857 4240 2052 4310 Jugnm

468 4319 685 4375 rediens
738 4338 861 4379 cum
921 4327 986 4381 iis
1034 4330 1358 4385 conscendit
1405 4346 1573 4401 prope
1628 4331 2052 4402 Sphentzauium

470 4408 755 4469 insistens.
787 4414 890 4471 Eos
920 4418 1100 4473 intuiti
1137 4421 1229 4490 qui
1279 4437 1404 4478 cum
1459 4421 1671 4479 Joanne
1721 4437 2051 4493 supererant

2161 3223 2492 3278 'Orcdam-Gs
2543 3221 2948 3292 σταθηροτέρας
3003 3218 3231 3287 γνώμης
3281 3210 3420 3284 ἦσαν
3479 3210 3576 3280 τὴν
3624 3204 3722 3260 τοῦ

2149 3317 2396 3371 Ἰωάννου
2426 3314 2867 3385 ἀναξητήσαντες
2910 3309 3112 3382 σκηνὴν
3141 3307 3396 3377 ἐκθύμως
3428 3300 3727 3373 μαχόμενοι

2147 3408 2354 3479 ταύτην
2380 3407 2474 3461 ἐπὶ
2510 3403 2709 3460 ταυτοῦ
2740 3404 2896 3475 μόγις
2936 3402 3286 3472 διετήρησαν.
3313 3395 3472 3453 Οὕτω
3496 3391 3629 3463 γοῦν
3665 3388 3727 3443 τὸ

2152 3506 2253 3577 μὲν
2276 3503 2526 3557 πλεῖστον
2547 3499 2643 3555 τοῦ
2680 3495 2987 3568 Ῥωμαῖκοῦ
3016 3493 3424 3566 στρατεύματος
3450 3490 3646 3560 ῷχετο.
3664 3485 3725 3540 '0

2149 3596 2205 3649 δὲ
2253 3594 2520 3656 Βολκάνος
2553 3592 2679 3654 τοὺς
2719 3591 2880 3653 ἰδίους
2918 3587 3317 3657 ἀναλεξάμενος
3351 3584 3445 3638 καὶ
3483 3579 3726 3637 ἀνελθὼν

2150 3687 2245 3742 τοῦ
2284 3686 2462 3754 Ζυγοῦ
2495 3685 2640 3739 κατὰ
2682 3684 2742 3737 τὸ
2786 3680 3148 3752 Σφεντζάνιον
3194 3677 3346 3748 ἔστη,
3384 3676 3447 3730 Οἱ
3490 3674 3533 3727 δ’
3580 3672 3723 3743 ἀμφὶ

2151 3780 2240 3833 τδν
2266 3779 2332 3832 ’Ia
2351 3780 2519 3849 άννην
2555 3775 2781 3839 τούτους
2825 3773 3185 3842 θεασάμενοι,
3231 3769 3401 3834 ὀλίγοι
3438 3765 3591 3828 ὄντες
3632 3762 3730 3817 καὶ

2157 3871 2232 3943 μὴ
2288 3871 2429 3944 μετά
2476 3869 2747 3925 τοσούτων
2801 3863 3068 3937 μάχεσθαι
3114 3861 3423 3930 δυνάμενοι,
3466 3853 3724 3944 ἐϐουλεύ-

2156 3981 2319 4018 σαντο
2338 3963 2420 4025 εἰς
2448 3960 2691 4014 τούπίσω
2715 3957 3046 4027 διαπεράσαι
3087 3952 3177 4006 τὸν
3210 3948 3476 4021 ποταμόν.
3513 3941 3718 3998 Τούτου

2154 4057 2211 4111 δὲ
2257 4052 2546 4124 γεγονότος
2588 4051 2636 4083 ⁸⁸
2690 4048 3170 4120 καταλαμϐάνουσι
3203 4043 3262 4096 τὸ
3301 4041 3553 4096 Λιπένιον
3594 4034 3725 4088 ὡσεὶ

2152 4146 2360 4200 δώδεκα
2395 4142 2641 4205 σταδίους
2666 4141 2855 4196 τούτου
2901 4138 3099 4209 άπέχον
3130 4137 3196 4200 δ’,
3228 4132 3481 4188 ὲπιπλέον
3511 4128 3555 4183 δ’
3598 4128 3728 4182 άντ-

2155 4241 2299 4310 ἐχειν
2322 4279 2338 4301 ,
2383 4236 2509 4300 τοὺς
2572 4235 2856 4298 πλείστους
2895 4228 3275 4295 ἀπολωλεκὼς,
3308 4226 3383 4297 μὴ
3413 4225 3731 4291 δυνάμενος,

2154 4334 2253 4401 τὴν
2289 4329 2425 4401 πρὸς
2455 4330 2499 4361 “
2529 4329 2630 4398 τὴν
2675 4324 3069 4398 βασιλεύουσαν
3104 4321 3409 4390 ἀνεζήτησε
3435 4339 3448 4351 ·
3493 4315 3616 4389 κᾷθ’
3642 4312 3733 4367 οὔ·

2156 4441 2264 4486 τως
2295 4418 2650 4494 τεθαρρηκὼς
2680 4418 2709 4470 ὁ
2740 4417 3030 4480 Βολκάνος,
3059 4414 3133 4479 ὡς
3178 4413 3251 4483 μή
3281 4427 3425 4474 τινος
3448 4408 3545 4463 τοῦ
3579 4408 3730 4461 ἀντι-

470 4506 749 4573 perpauci,
805 4523 903 4563 nee
956 4511 1062 4564 ulla
1095 4512 1207 4582 jam
1237 4527 1305 4567 ex
1334 4523 1489 4584 parte
1543 4517 1610 4571 ad
1653 4484 2040 4572 conserendum

2158 4484 2562 4583 καθισταμένου
2609 4509 3075 4581 περιλειφθέντας,
3114 4504 3359 4575 ἐληῒζετο
3407 4504 3503 4566 τὰς
3550 4516 3732 4571 παραο

473 4608 595 4647 cum
633 4595 844 4666 integro
874 4608 930 4655 et
960 4603 1168 4658 victore
1227 4604 1497 4678 longeque
1537 4610 1919 4666 numerosiore
1952 4611 2053 4667 ho-

472 4694 559 4739 ste
588 4692 832 4755 praetium
864 4707 1046 4761 pares,
1079 4696 1219 4751 nihil
1273 4713 1335 4753 se
1366 4700 1536 4755 tutius
1578 4715 1737 4770 posse
1769 4703 2054 4760 consulere

476 4784 757 4859 putarunt,
815 4796 975 4849 quam
1030 4794 1091 4840 nt
1160 4785 1383 4852 ﬂumine
1434 4788 1662 4859 traiecto
1714 4793 2052 4850 recederent.

476 4858 750 4922 Promotis
779 4886 907 4940 ergo
937 4878 1003 4929 ad
1030 4865 1417 4934 duodecimum
1470 4858 1760 4952 arLipeuio
1814 4886 2052 4939 studium

475 4958 674 5014 castris
721 4961 961 5021 Joannes
1031 4981 1288 5038 reputans
1334 4987 1458 5027 cum
1510 4973 1593 5028 his
1653 4974 1726 5028 ita
1768 4976 2054 5032 ditninutis

472 5050 645 5117 copiis
693 5058 1028 5122 provinciam
1082 5078 1244 5133 quam
1297 5074 1514 5135 gereret
1569 5065 1818 5122 obtinere
1865 5085 1926 5122 se
1960 5069 2053 5122 tali

2158 4606 2418 4677 κειμένας
2454 4604 2637 4666 ⁴πόλεις
2677 4602 2770 4657 καὶ
2804 4603 3005 4670 χώρας.
3062 4600 3168 4653 Καὶ
3192 4597 3300 4651 τῶν
3333 4594 3580 4648 Σκοπίων
3632 4592 3734 4659 τὴν

2158 4700 2264 4764 ἔξω
2292 4696 2474 4769 χώραν
2505 4695 2726 4758 τελείως
2759 4693 3030 4765 ήρίπωσε,
3062 4690 3121 4742 τὸ
3145 4689 3204 4743 δέ
3233 4706 3287 4741 τι
3317 4687 3412 4741 καὶ
3451 4697 3731 4740 κατεκαυ·

2161 4809 2275 4856 σεν,
2308 4789 2366 4844 ού
2424 4790 2584 4863 μέχρι
2625 4787 2684 4841 δὲ
2727 4785 2938 4847 τούτου,
2971 4782 3109 4837 ἀλλὰ
3158 4781 3254 4835 καὶ
3299 4779 3391 4832 τὸν
3427 4775 3660 4831 Πόλοϐον
3683 4771 3732 4807 ⁸³

2161 4887 2252 4937 καὶ
2292 4885 2423 4955 ἄχρι
2475 4879 2713 4953 Βρανέας
2754 4878 2803 4912 ⁸⁸
2834 4876 3049 4945 φθάσας
3096 4875 3192 4928 καὶ
3238 4871 3455 4944 δῃώσας
3493 4869 3732 4933 ἅπαντα,

2162 4974 2365 5044 πολλήν
2387 4989 2447 5025 τε
2480 4970 2631 5024 λείαν
2662 4967 2873 5022 ἐκεῖθεν
2896 4964 3247 5036 ἀφελόμενος,
3278 4965 3357 5027 είς
3385 4964 3484 5031 τὴν
3519 4959 3732 5014 οίκείαν

2163 5048 2470 5133 ὑπέστρεψε
2504 5063 2710 5131 χώραν.

474 5149 718 5241 lempore
749 5165 852 5205 non
905 5168 1084 5222 posse,
1123 5155 1646 5224 Constantinopolim
1703 5164 2035 5215 sccoutulit.
2079 5159 2216 5214 Tum
2257 5157 2526 5212 liolcauus
2579 5162 2735 5208 aucta
2789 5150 3143 5213 conﬁdentia,
3179 5149 3292 5217 jam
3379 5160 3508 5201 cura
3598 5142 3739 5197 liber

474 5234 810 5338 innuineutis
839 5242 1036 5310 hostis,
1090 5249 1289 5315 praedis
1355 5249 1580 5320 agendis
1668 5252 2118 5322 incursatnlisqne
2159 5250 2512 5306 licentissime
2559 5246 2815 5299 Rotuanre
2867 5244 3085 5299 ditionis
3143 5242 3293 5312 pagis
3348 5249 3405 5296 et
3441 5238 3586 5310 agris
3647 5251 3743 5308 per

472 5330 644 5430 οιῖυιιι
674 5330 960 5391 incubuit:
999 5353 1065 5392 ac
1114 5342 1389 5411 regionem
1421 5344 1647 5412 quidem
1699 5345 1913 5414 Scopiis
1960 5345 2407 5413 circumpositatu
2476 5340 2709 5395 vastavit
2797 5342 2956 5405 plane
3005 5351 3224 5390 omnem
3275 5344 3331 5389 et
3418 5332 3745 5388 deformavit

484 5420 663 5474 τυῖηίδ
697 5434 861 5488 θυμω
916 5426 1204 5493 incendiis,
1257 5431 1395 5485 ultra
1452 5433 1585 5503 quin
1641 5435 1807 5488 etiam
1879 5435 2083 5491 crudeli
2163 5435 2393 5488 avaritia
2431 5440 2718 5500 provectus
2751 5429 3009 5485 Polnhntn
3061 5430 3318 5484 sttuiliter
3367 5430 3746 5492 destruxit,et

480 5522 651 5578 usque
685 5510 926 5571 Braueas
954 5532 1149 5573 cuncta
1181 5520 1483 5578 l.tll‘0cittiis
1514 5526 1787 5594 exhausit,
1841 5531 2129 5597 prxdaquc
2156 5538 2386 5580 onustus
2418 5523 2638 5578 domum
2675 5523 2854 5577 rediit.

1574 5663 1771 5724 Varias
1830 5662 2139 5724 lectiones
2170 5679 2248 5724 ex
2283 5661 2426 5722 cod.
2469 5660 2741 5721 Coislin.

595 5776 642 5809 ³⁹
665 5775 847 5836 ἔλαθε.

951 5785 993 5818 ⁵ο
1022 5789 1336 5859 γενομένου.
1416 5790 1454 5822 ⁸¹
1478 5792 1791 5863 ἀπέχοντος.
1888 5793 2023 5856 "dt;
2051 5794 2209 5864 πρός.
2306 5791 2607 5846 δ’Πᾶλοϐον
2638 5790 2982 5846 καταλαϐών.
3058 5792 3107 5824 ⁵³
3144 5790 3400 5861 Βρανίας.
