4112 6424
373 387 485 451 673
1622 385 2044 449 ALEXIADIS
2080 387 2234 449 LIB.
2273 386 2380 446 IX.
3527 394 3637 458 (.74

369 500 471 554 καὶ
510 497 782 567 ἀσύνηθες
818 496 909 551 τοῦ
957 495 1170 550 νεανίου
1219 498 1336 548 τότε
1391 495 1624 565 πρώτως
1652 497 1752 565 τῆς
1787 499 1944 563 ἐνεγ-

2066 508 2232 552 :ontra
2264 515 2460 552 morem
2489 507 2537 551 et
2571 498 2658 566 {as
2681 514 2800 552 cum
2837 499 2940 554 telo
2969 500 3157 556 subis?
3197 511 3395 568 tempus
3441 504 3634 572 balnei,

371 591 622 662 καμένης
683 591 821 659 πρὸς
881 589 1214 660 ἐκστρατίαν
1279 590 1325 621 ⁵⁸⁵
1382 589 1788 659 ἐξεληλυθότος.
1847 583 1957 643 Ἦν

2066 607 2164 644 non
2193 591 2420 655 itineris,
2450 607 2615 659 neque
2638 592 2926 646 venationis
2957 605 3047 646 aut
3071 610 3260 664 pugna!
3281 598 3378 650 hoc
3404 605 3502 650 est.
3543 595 3638 652 Sic

370 687 483 754 γὰρ
532 682 826 755 μονογενὴς
854 686 920 753 τῇ
954 683 1152 754 μητρί’
1188 684 1282 735 καὶ
1311 683 1340 734 ὁ
1364 683 1723 751 αὐτοκράτωρ
1752 683 1961 753 σφόδρα

2066 695 2120 736 re
2155 680 2357 734 infecta
2393 682 2651 735 recedere
2695 682 2945 750 cogitur;
2979 698 3168 751 verum
3219 699 3324 738 non
3357 686 3474 741 sine
3520 687 3635 740 acri

369 777 469 828 τοῦ
507 777 793 828 νεανίσκου
828 775 1148 844 κηδόμενος,
1179 778 1362 846 πάσης
1392 775 1630 838 ἀνέσεως
1667 775 1962 845 συνεχώρει

2066 771 2425 826 sollicitudine
2452 771 2592 837 quod
2621 786 2680 825 se
2702 771 2814 839 jam
2847 773 2988 826 haud
3030 773 3194 828 dubie
3229 775 3634 844 deprehensum

371 868 748 922 ἐπαπολαύειν
804 867 968 920 αὑτὸν
1021 867 1118 918 σὺν
1172 869 1237 937 τῇ
1305 866 1538 935 βασιλίδι
1601 866 1789 936 μητρὶ,
1847 866 1963 934 ἅμα

2066 863 2413 930 intelligeret.
2463 861 2666 930 Fugam
2713 878 2840 934 ergo
2896 863 3365 936 circumspiciens,
3421 883 3532 937 quo
3576 885 3638 926 se

370 963 427 1014 δὲ
456 963 552 1013 καὶ
577 962 652 1023 ὡς
687 960 814 1012 ίδιον
847 959 1053 1027 ἀπάρτι
1084 959 1274 1010 τέκνον
1305 956 1506 1027 ἐξόχως
1541 957 1710 1027 φιλῶν
1750 955 1962 1011 τοῦτον.

2067 966 2306 1010 verteret
2337 956 2698 1010 deliberabat.
2738 957 3007 1012 Petebant
3036 958 3234 1028 eﬂttgio
3270 959 3406 1014 villas
3452 961 3640 1031 impe-

373 1053 597 1106 ratrieis
630 1052 808 1105 Maria:
843 1067 961 1120 quae
997 1051 1061 1103 ad
1095 1050 1482 1118 Christopolim
1519 1061 1670 1113 sunt,
1706 1051 1788 1103 vel
1860 1047 2120 1102 Pernicus
2168 1048 2250 1102 vel
2321 1049 2595 1112 Peritzus,
2633 1050 2778 1104 unde
2832 1059 3015 1119 posset
3098 1065 3195 1120 pro
3244 1067 3425 1106 rerum
3503 1052 3640 1106 inci-

372 1147 616 1200 dentium
694 1145 957 1199 varietate
1010 1144 1113 1200 sibi
1165 1159 1230 1198 ex
1282 1159 1384 1198 usu
1441 1145 1742 1198 consulere.
1800 1144 1954 1198 Hunc
1989 1143 2132 1198 enim
2183 1143 2473 1212 Diogenem
2561 1144 2672 1214 jam
2725 1153 2851 1198 ante
2913 1145 3015 1198 sibi
3063 1145 3385 1216 adjunxerat
3469 1147 3636 1202 Maria

373 1243 638 1308 Augusta,
693 1237 1096 1290 necessitudine
1127 1236 1477 1301 conciliante,
1528 1238 1672 1307 quod
1748 1238 1796 1291 is
1861 1234 2111 1290 uterinus
2187 1234 2356 1288 frater
2418 1246 2562 1290 esset
2600 1236 2699 1288 viri
2754 1234 2920 1305 ipsius
2955 1253 3126 1306 nuper
3172 1239 3490 1308 imperantis
3536 1239 3638 1294 Mi.

369 1330 578 1382 chaelis
613 1329 790 1392 Ditem,
851 1343 915 1380 ex
949 1328 1162 1390 eadem,
1219 1328 1472 1396 inquam,
1521 1339 1695 1384 matre
1761 1344 1826 1383 ex
1872 1345 1974 1397 qua
2019 1331 2108 1383 ille
2144 1337 2326 1393 natus,
2363 1329 2458 1382 sed
2487 1342 2552 1382 ex
2583 1327 2827 1396 patribus
2858 1328 3111 1383 diversis.
3179 1329 3446 1384 Cancrum
3512 1331 3638 1385 Ale~

376 1422 498 1473 xius
529 1421 692 1473 tertio
727 1419 812 1470 die
849 1416 1208 1472 Constantino
1238 1418 1357 1472 Vale
1392 1419 1576 1473 dicens
1640 1435 1762 1473 eum
1826 1420 2024 1474 ibidem
2067 1421 2120 1474 in
2160 1435 2254 1474 sua
2287 1420 2410 1474 villa
2443 1422 2681 1475 residere
2712 1420 2904 1482 voluit,
2941 1423 3331 1486 necessariam,
3367 1433 3424 1476 ut
3473 1437 3636 1494 puta-

377 1511 487 1573 bat,
523 1512 665 1564 aetati
700 1521 916 1572 teneras,
953 1521 1206 1565 necante
1253 1511 1468 1565 labores
1495 1512 1721 1568 bellicos
1755 1521 2018 1581 expertae,
2071 1513 2456 1567 remissionem
2514 1513 2656 1567 hanc
2707 1513 3012 1582 injttngens,
3063 1514 3149 1567 vel
3235 1516 3454 1567 tnatris-
3511 1512 3631 1580 ejus

376 1606 549 1672 gratia
585 1603 672 1672 qui
707 1603 925 1656 unicum
961 1620 1082 1656 eum
1121 1604 1286 1657 filium
1321 1604 1594 1672 habebat,
1699 1608 1785 1661 vel
1866 1607 2124 1675 peculiari
2200 1605 2351 1674 pueri
2387 1620 2539 1671 cura,
2589 1621 2750 1675 quem
2788 1621 2914 1659 vera
2947 1606 3238 1670 eharitate,
3313 1619 3411 1659 nec
3441 1606 3634 1662 minori

377 1705 471 1750 aut
503 1701 680 1750 minus
719 1705 902 1750 tenera
956 1711 1114 1762 quam
1171 1698 1392 1752 filiolum
1463 1699 1762 1768 proprium,
1815 1697 2300 1768 complectebatur.
2353 1696 2448 1751 His
2481 1700 2546 1753 de
2612 1699 2792 1753 causis
2873 1699 3236 1765 expeditionis
3294 1699 3344 1752 ei
3417 1701 3637 1768 reliqum

377 1788 605 1856 gratiam
662 1786 891 1850 faciens,
931 1788 1154 1858 reliquit
1207 1789 1276 1842 ibi
1327 1803 1450 1842 eum
1506 1790 1557 1844 in
1616 1790 1735 1844 sinu
1789 1800 1952 1859 atque
1986 1790 2321 1860 indulgentia
2352 1791 2566 1854 matris,
2603 1792 2834 1846 ulterius
2867 1806 3168 1861 properans
3201 1791 3448 1847 Alexius.

461 1880 604 1934 Ἀλλ’
650 1880 736 1933 ἵνα
792 1882 867 1952 μὴ
915 1882 1322 1952 συγκεχυμένος
1370 1883 1398 1934 ὁ
1446 1883 1605 1950 λόγος
1652 1884 1844 1953 προΐῃ,
1889 1884 1958 1936 τὰ
1990 1891 2032 1945 Β

377 1970 520 2022 κατᾶ
555 1971 645 2021 τὶν
676 1972 938 2040 Διογένην
975 1972 1290 2042 Νικηφόρον
1326 1973 1384 2038 ἐξ
1416 1975 1584 2041 αὐτῆς
1613 1975 1784 2044 ἀρχῆς
1814 1975 1956 2026 ἱστο-

381 2061 566 2130 ρείτω.
596 2061 780 2124 Ὅπως
815 2063 914 2131 μὲν
941 2063 968 2114 ό
1002 2063 1190 2115 τούτου
1226 2064 1406 2133 πατὴρ
1446 2063 1724 2134 Ῥωμανδς
1753 2067 1832 2128 εἰς
1858 2065 1958 2134 τὴν

380 2154 655 2223 βασίλειον
705 2153 914 2224 ἀνήχθη
957 2155 1245 2225 περιωπὴν
1290 2157 1383 2209 καὶ
1424 2157 1612 2209 ὁποῖον
1642 2157 1797 2221 τέλος
1828 2157 1956 2228 ἔσχε

377 2245 445 2295 sit
479 2243 594 2295 κατ’
647 2243 834 2307 αὑτὸν,
867 2244 1144 2316 διαφόροις
1195 2245 1304 2299 τῶν
1351 2247 1787 2317 ἱστοριογράφων
1830 2249 1958 2319 ἐμέ-

377 2337 510 2404 λησε
537 2354 551 2367 ·
584 2337 840 2388 κάκεῖθεν
878 2334 1096 2399 ἐξέσται
1124 2337 1192 2390 τὰ
1223 2337 1351 2405 περὶ
1379 2339 1570 2391 τούτου
1594 2339 1958 2407 ἀναλέγεσθαι

377 2433 492 2492 τοῖς
517 2429 888 2498 βουλομένοις.
935 2431 1063 2485 Ἑπί
1098 2432 1255 2484 παισὶ
1297 2431 1353 2484 δὲ
1393 2432 1543 2502 ὅμως
1581 2433 1957 2503 τετελευτήκει

377 2520 456 2589 τῷ
483 2538 541 2572 τε
572 2521 760 2574 Λέοντι
807 2523 901 2574 καὶ
935 2522 1014 2592 τῷ
1043 2523 1366 2592 Νικηφόρῳ.
1413 2525 1472 2576 Ὀ
1501 2524 1556 2576 δέ
1595 2525 1956 2596 αὐτοκράτωρ

391 2610 629 2676 Ἀῗκέξιος
660 2613 722 2664 ἐκ
746 2615 1050 2682 προοιμίων
1079 2614 1176 2681 τῆς
1199 2613 1365 2665 αὐτοῦ
1391 2615 1748 2686 ἀναρρήσεως
1776 2632 1960 2682 παρα-

376 2701 560 2754 λαεὼν
599 2701 823 2764 τούτους
868 2703 1084 2766 ἰδιώτας
1125 2705 1189 2756 ἐκ
1231 2702 1500 2772 βασιλέων
1543 2705 1656 2768 (καὶ
1696 2705 1805 2774 γὰρ
1842 2705 1960 2774 ἅμα

378 2793 475 2844 τοῦ
503 2793 551 2823 ⁸⁵
580 2793 680 2861 τῆς
710 2793 990 2862 βασιλείας
1030 2794 1313 2863 ἐπιϐῆναι,
1341 2798 1368 2846 ὁ
1405 2796 1626 2864 Μιχαὴλ
1667 2797 1760 2849 καὶ
1789 2796 1835 2827 ⁵⁸
1860 2796 1958 2850 αὺ-

378 2885 638 2952 τάδελιρος
667 2885 865 2948 αὐτῶν,
899 2885 1096 2947 αὐτοὺς
1130 2885 1227 2954 μὲν
1254 2885 1365 2938 τῶν
1385 2888 1630 2956 ἐρυθρὼν
1655 2889 1964 2958 ἀπογυμνοῖ

380 2976 636 3038 πεδίλων,
679 2977 772 3029 καὶ
799 2975 865 3028 τὰ
897 2979 1068 3048 στέφη
1097 2978 1306 3032 τούτων
1347 2979 1458 3050 (77)
1493 2982 1833 3051 ἀφαιρεῖται,
1865 2983 1961 3034 καὶ

381 3068 685 3138 ὑπερορίαν
717 3067 810 3131 ξὺν
843 3071 908 3137 τῇ
956 3071 1125 3138 μητρὶ
1160 3070 1340 3122 αὐτῶν
1374 3076 1439 3140 τῇ
1475 3069 1766 3144 βασιλίσσῃ
1801 3072 1964 3124 Εὔδο-

382 3161 480 3228 1:eq
521 3160 599 3220 εἰς
632 3159 734 3226 τὴν
777 3158 943 3228 μονὴν
970 3159 1064 3211 τοῦ
1104 3159 1429 3232 Κυπερούδη
1467 3161 1958 3233 καταψηφίζεται),

2137 1884 2338 1938 Verum
2370 1899 2439 1938 ne
2466 1885 2595 1954 quid
2628 1885 2680 1938 in
2708 1885 2938 1939 decursu
2988 1885 3252 1941 institutae
3307 1886 3636 1940 narrationis

2061 1980 2343 2035 effundere
2375 1978 2628 2033 tenebras
2659 1977 2848 2031 lectori
2879 1987 3062 2047 queat,
3093 1992 3157 2032 ex
3184 1979 3317 2047 ipsis
3337 1979 3643 2048 originibus

2058 2070 2354 2137 repetenda
2386 2067 2646 2120 memoria
2685 2074 2771 2120 est
2810 2066 2973 2134 hujus
3014 2080 3122 2134 quo
3156 2067 3223 2120 de
3255 2081 3464 2136 agimus
3508 2067 3641 2124 Dlo-

2061 2161 2215 2232 genis
2249 2159 2560 2228 Nicephori.
2619 2157 2896 2213 Romanus
2931 2168 3084 2227 pater
3110 2159 3228 2228 ejus
3266 2162 3536 2229 quomodo
3584 2161 3639 2216 in

2059 2253 2269 2319 apicem
2325 2251 2538 2321 imperii
2573 2251 2643 2306 sit
2673 2265 2916 2315 evectus,
2949 2267 3220 2322 quemque
3265 2254 3424 2309 finem
3457 2255 3640 2325 digiti-

2061 2343 2186 2395 tatis
2221 2350 2276 2396 et
2308 2343 2432 2396 vitae
2467 2342 2742 2407 habuerit,
2777 2343 2942 2396 variis
2968 2343 3036 2396 ab
3069 2344 3419 2399 historiarum
3447 2347 3639 2400 condi-

2064 2434 2271 2488 toribus
2299 2441 2386 2488 est
2411 2436 2686 2487 memoriae
2706 2437 3038 2488 mandatum.
3066 2433 3309 2504 Suntque
3325 2437 3393 2490 ad
3421 2451 3638 2491 manum

2059 2522 2208 2586 libri,
2241 2538 2306 2576 ex
2337 2523 2538 2588 quibus
2574 2536 2904 2591 cognoscere
2952 2522 3184 2593 singula.
3224 2523 3316 2590 qui
3354 2523 3517 2588 volet,
3547 2540 3646 2593 po-

2065 2617 2210 2669 terit.
2239 2615 2404 2685 256
2437 2616 2589 2680 Quod
2617 2616 2686 2669 ad
2720 2631 2832 2670 rem
2864 2623 3106 2670 nostram
3140 2613 3292 2679 facit,
3327 2630 3496 2669 unutu
3542 2616 3646 2669 ad-

2063 2707 2284 2761 modum
2317 2708 2423 2761 hoc
2453 2716 2537 2762 est
2569 2724 2584 2762 :
2618 2708 2974 2762 decedentem
3009 2721 3132 2761 eum
3165 2707 3305 2762 duos
3350 2707 3643 2775 reliquisse

2063 2799 2388 2868 superstites
2445 2799 2619 2864 filios,
2667 2798 2904 2852 Leonem
2949 2805 3002 2852 et
3055 2797 3449 2867 Nicephorum,
3499 2812 3640 2865 quos

2065 2890 2360 2960 imperator
2404 2891 2628 2946 Alexius
2677 2889 2832 2945 initio
2880 2890 3332 2960 proclamationis
3371 2905 3482 2943 sua:
3529 2890 3642 2958 pri-

2067 2993 2220 3037 vatos
2257 2998 2321 3036 ex
2359 2983 2696 3051 principibus
2747 2984 2975 3037 invenit.
3017 2979 3322 3051 Redegerat
3357 2983 3500 3035 enim
3546 2997 3645 3036 eos

2068 3074 2120 3127 in
2143 3075 2389 3129 ordinem
2423 3074 2650 3128 Michael
2703 3074 2982 3144 Augustus
3027 3075 3197 3127 frater
3240 3073 3502 3142 ipsorum,
3547 3075 3640 3142 qui

2067 3174 2121 3218 et
2158 3166 2448 3220 rubrornm
2476 3182 2575 3222 usu
2617 3166 2948 3232 calceorum,
2988 3174 3044 3221 et
3077 3165 3378 3236 gestatione
3414 3181 3645 3220 corona—

386 3255 644 3316 παντοίας
690 3252 990 3322 θεραπείας
1017 3252 1191 3322 ἠξίου,
1224 3254 1285 3305 τὸ
1331 3255 1430 3323 μέν
1467 3270 1520 3306 τι
1567 3254 1635 3307 δι’
1671 3255 1700 3307 ὃ
1739 3255 1958 3308 πεπόν-

2066 3272 2183 3310 rum
2221 3257 2353 3325 ipsis
2390 3257 2773 3312 interdixerat.
2818 3257 2961 3322 Quin
2995 3255 3160 3309 etiam
3197 3255 3449 3310 exsulare
3496 3257 3643 3319 ipsos

385 3348 541 3400 θασιν
574 3346 860 3412 οἰκτείρων
885 3346 1180 3410 αὑτοὺς,τὺ
1203 3347 1258 3398 δέ
1283 3365 1334 3398 τι
1367 3347 1458 3399 καὶ
1486 3347 1614 3410 τοὺς
1639 3348 1790 3412 νέους
1816 3349 1959 3420 όρῶν

389 3439 528 3490 κατά
575 3455 636 3490 τε
690 3438 942 3508 σώματος
999 3437 1148 3508 ὤραν
1193 3439 1286 3490 καὶ
1341 3438 1561 3508 Ῥώμην
1600 3439 1960 3510 διαφέροντας

394 3527 503 3581 τῶν
538 3529 758 3592 πολλῶν,
795 3527 1118 3598 χνοάζοντας
1167 3529 1264 3597 μὲν
1292 3533 1384 3581 καὶ
1413 3530 1702 3597 ἀρτιφυεῖς
1746 3529 1807 3582 τὸ
1853 3531 1959 3598 γέ-

392 3636 552 3684 νειον,
582 3621 812 3690 ὑψηλοὺς
856 3623 948 3672 καὶ
1003 3622 1322 3690 ίσομέτρους
1372 3620 1564 3692 ὥσπερ
1611 3623 1716 3676 ὑπὸ
1757 3625 1959 3678 κανόνα

385 3714 449 3766 τὸ
491 3713 743 3782 μέγεθος,
786 3715 881 3766 καί
917 3714 1048 3766 αὐτὸ
1089 3716 1151 3765 τὸ
1201 3715 1479 3783 νεοτὴσιον
1511 3716 1610 3786 ἤδη
1655 3718 1960 3785 ἐκφύοντας

382 3805 565 3870 ἄνθος,
597 3807 654 3870 ἐξ
691 3807 858 3873 αὐτῆς
895 3821 954 3856 τε
1002 3804 1178 3872 ὅψεως
1214 3804 1275 3856 τὸ
1324 3804 1606 3874 θυμοειδὲς
1646 3805 1827 3858 αὐτῶν
1866 3809 1960 3858 καὶ

381 3901 630 3964 γενναῖον
659 3901 769 3959 τοῖς
799 3897 874 3972 μῂ
901 3897 987 3948 διὰ
1036 3895 1205 3958 πάθος
1251 3896 1657 3965 τυφλώττουσιν
1690 3897 1962 3967 ἀριδήλως

384 3989 772 4057 ἐμφαίνοντας,
800 3991 892 4040 καὶ
929 3987 1205 4056 σκύμνους
1233 3982 1345 4040 οἷον
1371 3987 1614 4051 λέοντος⁹
1649 3988 1746 4041 καὶ
1787 3989 1963 4052 ἄλλως

383 4083 442 4134 δὲ
471 4083 655 4143 ὁποῖος
689 4083 899 4142 ἐκεῖνος
942 4081 1016 4150 μὴ
1060 4078 1396 4141 ἐπιπολαίως
1449 4080 1612 4149 ὁρῶν,
1655 4081 1792 4151 μήτε
1825 4081 1961 4150 πρὸς

385 4173 485 4242 τὴν
523 4173 780 4243 ἀλήθειαν
821 4171 996 4240 μύων,
1040 4171 1175 4240 μηδὲ
1204 4170 1434 4223 πάίιεσιν
1462 4169 1823 4238 ἁλισκόμενος
1847 4172 1962 4222 ἐπι-

385 4265 600 4331 ψὸγοις,
634 4263 768 4316 ἀλλὰ
799 4261 1144 4315 ταλαντεύων
1174 4260 1233 4312 τὸ
1269 4259 1328 4312 ὃν
1359 4261 1416 4312 ἐν
1440 4260 1713 4331 ἰσορρόπῳ
1746 4259 1961 4330 στάθμῃ

383 4353 484 4421 τῆς
524 4353 902 4422 συνειδήσεως,
943 4350 1039 4403 καὶ
1072 4349 1134 4402 τὸ
1178 4348 1310 4418 ὕψος
1340 4351 1396 4413 ἐξ
1431 4343 1600 4416 οὗπερ
1636 4347 1962 4400 ἐπεπτώκει

389 4461 489 4496 σαν
514 4445 868 4512 λογιζόμενος
890 4440 1281 4512 ἐνηγκαλίζετο
1309 4442 1398 4494 ῐσα
1431 4440 1528 4493 καὶ
1553 4440 1765 4502 τέκνοις
1789 4438 1962 4501 ἰδίοις,

2063 3361 2186 3399 cum
2224 3354 2400 3400 matre
2425 3347 2665 3413 ipsorum
2695 3347 2930 3400 Endocia
2955 3346 3222 3416 Angusta,
3262 3346 3396 3400 etin
3448 3360 3641 3400 mona-

2063 3437 2229 3490 sterio
2253 3435 2550 3507 Cyperudre
2583 3438 2769 3506 procul
2798 3439 2866 3491 ab
2891 3438 3011 3492 aula
3040 3439 3261 3492 clausos
3301 3439 3484 3492 vivere
3527 3439 3645 3506 jus-

2063 3539 2234 3582 serat.
2264 3529 2428 3583 Movit
2481 3530 2914 3585 misericordiam
2968 3531 3142 3584 Alexii
3202 3530 3376 3584 tristis
3423 3531 3642 3584 fortuna

2064 3622 2369 3675 florentium
2411 3622 2541 3676 olim
2595 3621 2882 3691 juvenum,
2936 3623 3026 3690 qui
3089 3622 3258 3676 forma
3306 3633 3362 3676 et
3419 3624 3644 3678 robusto

2066 3718 2252 3782 \igore
2293 3729 2581 3783 corporum
2612 3712 2772 3768 facile
2800 3714 3165 3782 impetrabant
3194 3729 3222 3766 a
3251 3715 3441 3783 quovis
3477 3715 3644 3771 obvio

2069 3805 2360 3858 ntamisso
2384 3805 2528 3871 digni
2581 3804 2698 3858 loco
2741 3813 3084 3874 putarentur.
3135 3804 3308 3858 Ambo
3350 3805 3643 3873 puberilus

2069 3892 2304 3960 majores
2335 3893 2590 3959 primatva
2617 3893 2874 3961 lanugine
2895 3893 3181 3962 signabant
3220 3895 3412 3964 malas,
3454 3910 3646 3962 proce-
3742 3898 3750 3904 ’

2067 3987 2234 4040 ritate
2264 3996 2378 4041 tum
2412 3986 2570 4055 plena
2598 3985 2900 4056 dignitatis,
2924 3994 3039 4038 ttttn
3072 3986 3213 4038 inter
3239 3997 3530 4054 utrumque
3563 3989 3643 4042 sic

2065 4086 2305 4143 aequata,
2345 4085 2400 4128 ut
2429 4074 2496 4129 ad
2532 4090 2694 4129 unam
2739 4075 2982 4143 regulam
3022 4076 3254 4129 dimensi
3304 4076 3644 4132 viderentur.

2065 4166 2184 4219 .latn
2217 4166 2370 4220 vultu
2413 4175 2577 4235 atque
2613 4166 2788 4221 oculis
2825 4181 2920 4221 eos
2974 4168 3188 4221 animos
3234 4168 3538 4237 spirabant,
3585 4178 3646 4223 ut

2068 4256 2232 4310 facile
2273 4259 2316 4310 si
2354 4257 2552 4323 quibus
2600 4256 2726 4309 odio
2772 4271 2876 4308 non
2925 4259 3218 4313 excaecatis
3268 4269 3644 4324 occurrerent,

2068 4361 2191 4399 sese
2227 4344 2475 4413 generosi
2514 4342 2686 4396 leonis
2719 4357 2824 4396 non
2861 4343 3160 4412 degeneres
3191 4345 3400 4399 catulos
3448 4348 3646 4414 proha-

2075 4447 2216 4491 rent.
2263 4437 2392 4502 Quae
2422 4437 2720 4504 imperator
2749 4436 2813 4487 iis
2847 4435 3068 4491 intuens
3101 4438 3276 4491 oculis
3301 4439 3391 4506 qui
3440 4454 3645 4507 nequa-

385 4535 440 4586 τί
473 4537 574 4604 μὲν
603 4537 664 4589 οὺ
707 4536 903 4601 λέγων,
937 4536 991 4586 τί
1026 4535 1081 4587 δὲ
1121 4534 1186 4586 οὐ
1235 4534 1491 4602 πράττων
1534 4532 1738 4601 ἀγαθὸν
1778 4533 1836 4593 ἐς
1868 4531 1956 4585 αὐ·

2071 4545 2230 4598 qnatn
2256 4526 2545 4596 superficie
2569 4525 2809 4579 contenti
2837 4526 3096 4580 medullas
3121 4527 3264 4594 ipsas
3284 4529 3644 4595 penetrabant

386 4630 538 4693 τοὺς,
573 4629 703 4681 τίδὲ
735 4630 795 4681 οὐ
831 4626 1354 4697 προμηθευόμενος;
1401 4623 1506 4678 κᾶν
1533 4627 1561 4677 ὁ
1593 4623 1786 4694 φθόνος
1827 4624 1963 4694 βάλ-

388 4719 499 4770 λων
533 4720 727 4781 αὐτοὺς
757 4721 868 4782 τοῖς
893 4718 936 4748 ⁵⁷
964 4715 1296 4785 τοξεύμασιν
1318 4716 1418 4767 οὐκ
1437 4716 1599 4769 ἀνίει.
1635 4715 1730 4768 Ἐκ
1753 4714 1965 4768 πολλῶν

391 4811 502 4882 γὰρ
539 4812 659 4863 κατ’
687 4810 870 4863 αὐτῶν
911 4808 1294 4880 ἐρεθιζόμενος
1325 4809 1352 4860 ὁ
1387 4807 1768 4877 αὐτοκράτωρ,
1805 4809 1968 4869 αὐτὸς

401 4905 603 4975 μᾶλλον
658 4904 840 4972 πάσης
897 4902 1095 4964 αὐτοὺς
1145 4899 1472 4969 ἐπικουρίας
1529 4899 1720 4967 ἠξίου,
1783 4900 1969 4968 ἱλαρὸν

395 4993 722 5057 ἐνατενίζων
745 4992 835 5044 ἀεὶ
861 4991 907 5022 ⁸³
943 4991 1038 5043 καὶ
1065 4989 1497 5060 ἐνωραῖζόμενος
1520 4981 1634 5040 οἷον
1663 4990 1756 5040 ἐπὶ
1783 4993 1969 5052 αὐτοῖς

392 5083 780 5154 ξυμϐουλεύων
824 5100 884 5134 τε
931 5081 1225 5143 διαπαντὸς
1268 5084 1337 5133 τὰ
1387 5081 1722 5133 συνοίσοντα.
1773 5081 1968 5145 ’Ἄλλος

394 5180 495 5248 μὲν
524 5180 632 5249 γὰρ
665 5178 794 5241 ἴσως
841 5175 937 5230 καὶ
979 5176 1254 5236 ὑπόπτους
1302 5174 1368 5226 ἂν
1409 5173 1694 5240 ἐλογίσατο
1743 5174 1968 5235 τούτους

392 5271 487 5324 καὶ
515 5267 756 5324 ἐκποδὼν
794 5269 883 5320 διά
918 5265 1178 5328 παντοίας
1212 5264 1439 5333 μεθόδου
1482 5266 1543 5329 ἐξ
1579 5267 1753 5336 αὐτῆς
1786 5269 1963 5338 ἀρχῆς

2064 4639 2268 4689 rerum,
2305 4626 2470 4677 homo
2503 4631 2558 4674 et
2585 4621 2652 4675 ad
2687 4622 3021 4674 cernentium
3061 4636 3246 4674 verum
3281 4621 3392 4674 acti
3435 4622 3644 4690 pollens

2070 4717 2270 4769 mentis
2294 4714 2431 4778 acie,
2457 4722 2511 4768 et
2541 4712 2704 4768 nullis
2723 4712 3014 4780 impeditus
3039 4712 3312 4767 illaudatis
3335 4711 3642 4780 affectibus,

2070 4807 2362 4875 quominus
2389 4821 2541 4876 aequa
2575 4806 2708 4861 recti
2730 4805 2920 4875 judicii
2951 4816 3177 4867 statera,
3228 4806 3482 4860 libratam
3532 4823 3649 4859 mo-

2071 4911 2252 4954 mento
2284 4899 2656 4963 couscienlim,
2689 4909 2744 4953 et
2771 4899 3002 4968 sapienti
3031 4900 3254 4954 arbitrio
3287 4908 3645 4967 temperatam

2069 4993 2285 5046 consilii
2317 4992 2530 5046 lancem
2564 4993 2916 5061 expenderet.
2949 4990 3061 5046 llac
3111 4991 3204 5045 illa
3257 4991 3648 5046 moderationis

2072 5083 2361 5153 inculpatae
2417 5083 2626 5136 ratione
2681 5099 2862 5136 secum
2917 5095 3175 5151 reputans
3222 5098 3286 5136 ex
3331 5097 3441 5152 quo
3491 5083 3648 5149 apice

2073 5176 2384 5240 splendoris
2435 5175 2487 5227 in
2545 5185 2745 5228 statum
2802 5175 3048 5228 obscurae
3099 5189 3162 5228 ac
3213 5174 3434 5242 privatae
3481 5173 3648 5227 sortis

2077 5269 2439 5328 decidissent,
2497 5265 2874 5322 adolescentes
2927 5266 3174 5333 nobiles,
3240 5265 3493 5321 omnibus
3552 5278 3646 5318 eos

1472 5382 1680 5443 Varie;
1723 5387 2029 5444 lectiones
2075 5401 2152 5444 ex
2185 5384 2329 5444 cod.
2374 5380 2641 5444 Coislin.

472 5480 517 5511 ⁸⁵
541 5478 922 5548 ἐκστρατείαν.
1001 5477 1046 5508 ⁵⁸
1070 5477 1218 5538 τούς.

1293 5477 1338 5507 ⁸⁸⁸
1361 5476 1408 5528 ό.
1485 5478 1530 5508 ⁵⁷
1558 5477 1720 5533 Deest
1761 5483 1952 5537 vocula
1983 5485 2116 5546 τοῖς.

2194 5485 2240 5515 ⁸⁸
2279 5484 2486 5548 αὐτοῖς.

1471 5590 1610 5655 Car.
1656 5593 1984 5656 Dufresnii
2015 5597 2112 5658 Du
2140 5598 2360 5678 Cangii
2387 5605 2576 5659 notas.

471 5723 585 5796 (Π)
618 5720 724 5772 Kal
753 5716 826 5771 τὰ
862 5716 1056 5784 στέφη
1089 5716 1343 5796 τούτων.
1373 5713 1708 5796 Nicephorns
1736 5720 1878 5772 enim
1908 5730 1966 5796 et

399 5791 511 5849 Leo
543 5795 812 5862 Diogenes
838 5804 865 5841 a
896 5797 1049 5856 patre
1097 5791 1472 5852 imperatores,
1502 5791 1686 5840 statim
1716 5799 1877 5858 atque
1908 5793 1960 5844 itt

2075 5724 2248 5776 lucem
2307 5722 2457 5785 editi,
2513 5724 2800 5794 renuntiati
2859 5723 3115 5777 fuerant:
3152 5724 3300 5794 Anna
3352 5723 3461 5794 hoc
3517 5725 3642 5794 ipso

2075 5795 2212 5859 loco,
2245 5793 2584 5865 παραλαϐὼν
2613 5793 2837 5857 τούτους
2877 5796 3091 5858 ἰδιώτας
3125 5797 3188 5846 ἐκ
3221 5793 3510 5863 βασιλέων.
