4112 6408
500 354 608 417 675

1783 349 2008 411 ΛΝΝινΕ
2050 344 2433 409 ΟΟΜΝΕΝΕ

3653 342 3763 408 θῖϐ

503 465 696 520 ofﬁciis
725 480 791 519 ac
817 461 1125 530 beneficiis,
1152 461 1265 518 imo
1292 461 1558 518 charitate
1586 474 1650 515 ac
1674 458 1956 515 blanditiis
1984 475 2062 529 pa-

2183 456 2412 527 ποιῆσαι
2439 452 2774 511 ἐσπούδασεν
2816 453 2884 509 ἄν
2905 470 2918 486 ο
2948 446 3105 518 οὗτος
3127 451 3185 507 δὲ
3206 451 3232 504 ὁ
3261 451 3618 524 αὐτοκράτωρ
3653 454 3758 517 τὰς

503 557 680 611 ternis
708 555 857 609 velut
887 554 1139 625 proprios
1167 553 1306 608 filios
1331 553 1763 623 amplexabatur.
1791 550 1908 617 Quo
1933 551 2075 605 enim

502 661 615 701 non
652 647 799 715 ipsos
836 646 1075 715 henigno
1096 645 1268 711 dicto,
1297 660 1404 714 quo
1437 660 1542 698 non
1576 644 1720 699 facto
1766 641 1977 697 liberali
2013 657 2079 698 ac

502 738 770 793 benevolo
802 738 1073 794 consolari
1099 748 1330 794 conatus
1356 739 1475 792 est?
1505 753 1667 804 quam
1700 737 1939 806 denique
1971 753 2075 790 non

507 832 577 885 de
608 834 773 886 rebus
814 847 877 884 ac
926 832 1232 886 commodis
1261 842 1449 884 eorum
1484 831 1880 899 providentiam
1925 842 2075 883 sum-

505 923 650 990 psi't?
676 924 839 991 quue
863 938 986 977 cum
1026 938 1300 991 nunquam
1344 921 1544 977 invidia
1592 932 1843 977 cessaret
1889 936 1917 973 a
1965 920 2079 975 suis

505 1015 559 1067 in
586 1028 680 1067 eos
708 1013 1040 1081 cjaculandis
1070 1013 1212 1067 telis.
1253 1012 1449 1066 Verum
1483 1028 1592 1082 quo
1629 1013 1801 1082 magis
1855 1013 1907 1065 id
1956 1026 2076 1079 age-

504 1104 638 1159 bant
667 1104 1088 1157 calumniatores
1117 1115 1174 1157 ut
1209 1103 1445 1160 assiduis
1490 1103 1544 1158 in
1572 1118 1669 1158 eos
1718 1102 2078 1157 delationibus

505 1197 854 1265 imperatoris
886 1197 1127 1249 animout
1152 1197 1568 1261 exacerbarent,
1597 1205 1750 1252 tanto
1781 1196 2077 1265 imperator

498 1285 616 1356 ipse
651 1286 842 1354 majori
870 1285 1093 1341 eosdem
1115 1286 1318 1341 auxilio
1349 1301 1413 1341 ac
1438 1287 1689 1355 praesidio
1723 1286 2072 1357 dignabatur,

501 1377 761 1432 blandum
808 1392 1026 1446 semper
1052 1379 1119 1432 iis
1157 1378 1390 1455 arrisum
1426 1393 1786 1449 serenamque
1828 1395 1892 1433 ac.
1930 1379 2077 1432 reni-

497 1468 717 1523 dentem
745 1468 1009 1524 exhibens
1040 1468 1254 1533 faciem,
1296 1470 1563 1540 planeque
1616 1486 1726 1539 prae
1770 1487 1831 1527 se
1870 1472 2074 1534 ferens,

500 1573 623 1614 sese
656 1560 964 1614 rationibus
993 1563 1236 1628 ipsorum
1272 1570 1437 1631 atque
1483 1563 1822 1618 ornamentis
1869 1573 2074 1618 attenta

498 1665 717 1718 semper
758 1651 1091 1719 cogitatione
1117 1655 1451 1723 prospicere.
1481 1655 1637 1711 Alius
1683 1657 1904 1724 quidem
1952 1658 2074 1714 istis

495 1741 671 1794 editos
706 1740 999 1805 natalibus,
1042 1742 1165 1798 istis
1213 1746 1468 1813 praeditos
1518 1747 1737 1801 dotibus
1791 1758 2075 1815 suspectos

2181 548 2288 603 τῶν
2322 547 2536 601 πολλῶν
2568 546 2712 601 κατὰ
2748 547 2859 599 τῶν
2891 546 3032 600 νέων
3074 545 3397 615 είσηγήσεις
3436 543 3566 613 παρ’
3606 544 3762 598 οὐδὲν

2180 640 2406 701 ἐτίθετο,
2433 638 2634 709 ἐξόχως
2672 637 2895 698 τούτους
2932 635 3126 706 φιλῶν,
3175 635 3274 705 τὴν
3321 634 3504 705 μέντοι
3543 634 3761 706 μητέρα

2179 732 2389 786 τούτων
2422 732 2692 786 Εὐδοκίαν
2727 734 2820 784 καὶ
2847 730 3066 800 δωρεῶν
3105 727 3273 794 ἀξιῶν
3322 729 3417 781 καὶ
3463 729 3630 798 τιμῆς
3656 726 3761 795 τῆς

2183 822 2571 892 προσηκούσης
2603 820 2939 891 βασιλίσσαις
2977 821 3052 890 μὴ
3090 818 3432 890 ἀποστερῶν,
3478 819 3573 872 καὶ
3608 817 3762 886 αὐτῴ

2178 915 2235 967 δὲ
2277 915 2356 984 τῷ
2403 913 2707 985 Νικηφόρῳ
2769 913 2868 984 τὴν
2920 914 3017 983 τῆς
3070 913 3236 981 νήσου
3296 911 3522 982 Κρήτης
3582 907 3761 981 ἀρχὴν

2180 1004 2403 1058 ἀνέθετο
2425 1007 2505 1066 είς
2533 1003 2857 1073 ἐνδιαίτημα
2902 1003 3054 1055 ἴδιον.
3084 1001 3247 1056 ’Δλλὰ
3282 1001 3457 1054 ταῦτα
3487 1000 3584 1070 μὲν
3612 1004 3640 1053 ὁ
3668 999 3765 1070 βα-

2181 1096 2387 1156 σιλεύς.
2421 1096 2640 1151 Τούτων
2665 1095 2720 1149 δὲ
2753 1097 2780 1149 ὁ
2813 1095 2913 1164 μὲν
2942 1096 3094 1149 Λέων
3140 1097 3491 1164 φρονήματος
3521 1092 3597 1144 ὣν
3627 1091 3760 1159 ἀγα-

2181 1187 2278 1242 θοῦ
2304 1189 2401 1243 καὶ
2415 1188 2640 1259 γνώμης
2662 1188 2978 1258 ἐλευθέρας,
2999 1187 3144 1258 ὁρῶν
3163 1187 3220 1240 δὲ
3246 1187 3341 1240 καὶ
3366 1186 3465 1257 τὴν
3490 1184 3758 1256 βασιλέως.

2179 1283 2257 1344 εἰς
2286 1280 2484 1341 αὐτοὺς
2515 1279 2825 1349 εὐμένειαν,
2862 1279 3089 1349 ἔστεργε
3127 1279 3226 1348 τὴν
3264 1275 3537 1347 λαχοῦσαν
3560 1279 3762 1329 ἐπανα-

2180 1371 2487 1442 παυόμενος
2529 1364 2643 1423 οἷον
2690 1371 2780 1423 ἐπὶ
2812 1375 2925 1433 τοῖς
2955 1369 3189 1440 παροῦσι
3218 1369 3357 1424 κατὰ
3376 1369 3467 1422 τὸν
3492 1368 3719 1420 εἰπόντα
3742 1380 3757 1394 ·

2178 1461 2432 1533 Σπάρταν
2474 1461 2688 1533 ἔλαχες,
2720 1462 2925 1516 ταύταν
2958 1461 3004 1493 ⁸³
3038 1462 3254 1530 κόσμει.
3299 1461 3358 1512 ’0
3392 1460 3447 1512 δέ
3484 1476 3548 1528 γε
3586 1458 3763 1527 Νικη-

2179 1554 2346 1627 φόρος
2379 1553 2645 1624 δύσοργος
2667 1554 2762 1607 καὶ
2785 1553 3095 1625 βαρύμηνις
3121 1550 3198 1605 ὢν
3223 1552 3316 1606 καὶ
3340 1549 3760 1622 βυσσοδομεύων

2177 1648 2318 1700 κατὰ
2353 1646 2449 1700 τοῦ
2493 1646 2927 1716 αὐτοκράτορος,
2966 1647 3061 1698 καὶ
3100 1645 3463 1714 τυραννήσειν
3516 1640 3760 1710 μελετῶν

2178 1739 2278 1793 οὐκ
2306 1738 2542 1791 ἐπαύετο
2572 1737 2641 1792 ⁶⁰.
2676 1738 3041 1810 ’Υποσρύχιον
3081 1736 3138 1791 δὲ
3177 1737 3325 1807 ὅμως
3354 1731 3468 1804 εἶχε
3501 1733 3599 1804 τὴν
3640 1731 3762 1802 βου-

499 1832 781 1888 habuisset
837 1834 1108 1900 homines,
1163 1845 1219 1890 et
1265 1836 1415 1891 velut
1467 1852 1571 1892 non
1619 1838 1811 1893 dubios
1860 1841 2062 1909 imperii

2179 1834 2300 1907 λήν.
2327 1835 2467 1907 Ἤδη
2498 1835 2555 1888 δὲ
2586 1834 2681 1889 καὶ
2715 1833 2810 1888 τοῦ
2833 1835 2994 1904 ἔργου
3022 1833 3435 1903 ἀπαρξάμενος,
3466 1828 3759 1898 γνησιώτε-

496 1929 726 1984 temulos
757 1930 947 1984 tollere
975 1931 1039 1984 de
1061 1932 1239 1985 medio
1255 1933 1368 2001 jam
1388 1937 1455 1988 ab
1488 1935 1607 2003 ipso
1636 1936 1900 2005 principio
1927 1936 2073 1991 omni

495 2029 616 2074 arte
648 2034 714 2074 ac
744 2031 938 2075 conatu
969 2022 1286 2079 studuissn.
1333 2023 1405 2077 At
1448 2024 1538 2078 hic
1595 2027 1893 2095 imperator
1940 2030 2076 2083 adeo

498 2113 706 2168 nullum
737 2129 972 2183 unquam
1000 2129 1067 2169 ex
1097 2128 1159 2169 se
1188 2116 1294 2170 tale
1316 2118 1605 2187 concipere
1645 2120 1933 2174 consilium
1977 2137 2075 2190 poo

497 2206 623 2266 tuit,
651 2214 798 2258 utne
835 2205 1186 2260 suadentium
1224 2209 1443 2276 quidem
1488 2209 1720 2265 subinde
1779 2212 1905 2265 talia
1936 2214 2074 2267 mul-

496 2307 676 2350 torum
709 2312 947 2366 unquam
994 2300 1298 2353 orationem
1338 2302 1644 2367 admiserit,
1689 2318 1904 2374 semper
1942 2321 2073 2360 con-

491 2399 644 2441 stans
696 2388 748 2441 iu
805 2392 1258 2458 repraesentandis
1308 2392 1499 2448 oﬂiciis
1552 2396 1768 2452 eximite
1823 2399 1876 2452 in
1918 2401 2064 2468 ipsos

491 2478 916 2546 benevolentia;
980 2482 1119 2536 adeo
1185 2484 1403 2553 quidem
1459 2495 1520 2540 ut
1576 2497 1803 2543 matrem
1854 2506 2071 2561 quoque

493 2570 734 2637 ipsorum
766 2570 1062 2627 Eudociam
1099 2584 1152 2628 et
1183 2577 1341 2630 donis
1390 2592 1817 2647 prosequeretnr
1871 2584 2070 2641 libera-

488 2661 655 2727 libus,
721 2674 774 2717 et
826 2664 971 2718 nulla
1032 2666 1254 2722 honoris
1303 2679 1456 2735 parte
1500 2672 1593 2739 qui
1633 2672 1832 2727 deferri
1870 2676 2070 2732 soleret

488 2751 931 2822 impcratricibns
990 2756 1418 2812 defraudaudant
1465 2762 1729 2830 voluerit;
1764 2764 2068 2835 Nicephoro

494 2844 624 2911 quin
654 2844 818 2898 etiam
853 2847 976 2901 huic
1004 2846 1109 2917 ipsi
1156 2864 1263 2919 quo
1316 2850 1385 2906 de
1430 2854 1642 2922 agimus
1691 2858 1741 2910 in
1793 2862 2064 2928 propriam

486 2950 552 2989 ac
579 2936 906 3004 peculiarem
946 2941 1344 3008 possessionem
1407 2954 1463 2998 et
1508 2945 1851 3005 domicilium
1889 2953 2067 3009 Creta:

485 3026 678 3080 insulae
720 3030 1079 3096 principatum
1125 3033 1514 3103 assignaverit.
1558 3037 1723 3110 257
1772 3041 1949 3113 Atque
1998 3061 2062 3100 ex

2181 1929 2273 1998 ρόν
2297 1945 2407 1981 τισι
2441 1927 2803 2001 προσωμίλει.
2833 1929 2946 1981 Οὐκ
2980 1926 3241 1982 ἐλάνθανε
3268 1924 3427 1979 τοῦτο
3454 1924 3584 1985 τοὺς
3612 1920 3759 1973 πλείω

2179 2036 2374 2084 στουςο
2413 2021 2482 2074 δι’
2513 2015 2587 2074 ὧν
2619 2021 2714 2073 καὶ
2757 2022 2838 2083 είς
2872 2019 2971 2082 τὰς
3020 2021 3189 2082 ἀκοὲίς
3226 2017 3426 2086 ἔφθανε
3471 2015 3565 2070 τοῦ
3602 2014 3759 2085 βασι-

2175 2110 2334 2175 λέως.
2380 2111 2438 2164 '0
2476 2110 2534 2164 δὲ
2581 2110 2836 2181 βασιλεὺς
2868 2113 3051 2164 καινόν
3075 2128 3127 2162 τι
3176 2108 3346 2162 ποιῶν
3391 2108 3757 2180 μεταπεμπό-

2179 2221 2343 2275 μενος
2377 2204 2606 2267 τούτους
2656 2205 2715 2257 ἐν
2765 2204 2978 2273 καιροῖς
3028 2201 3314 2273 ἀρμοδίοις
3364 2201 3463 2253 οὐκ
3504 2199 3755 2269 ἐνέφαινε

2177 2296 2278 2365 μὲν
2309 2297 2366 2348 τὸ
2393 2294 2685 2361 ἀκουσθέν,
2719 2295 2935 2363 εὐφυῶς
2971 2293 3026 2346 δὲ
3065 2294 3300 2366 παρῄνει
3343 2293 3439 2346 καὶ
3468 2292 3535 2345 τὰ
3564 2291 3756 2344 εἰκότα

2176 2386 2558 2441 συνεϐούλευε.
2609 2388 2720 2441 Καὶ
2781 2386 2894 2456 ὅσῳ
2953 2383 3154 2456 μᾶλλον
3206 2386 3304 2455 τῆς
3356 2383 3649 2454 amcam;
3693 2386 3755 2436 ὲν

2172 2481 2375 2551 γνώσει
2442 2480 2690 2549 ἐγίνετο,
2745 2478 2986 2534 τοσούτω
3053 2477 3256 2548 μᾶλλον
3322 2475 3754 2547 ἐλευθερώτερον

2172 2574 2311 2645 πρὸς
2354 2573 2552 2633 αὐτοὺς
2609 2571 2894 2636 διετίθετο,
2951 2570 3093 2624 ὀῦτω
3146 2570 3469 2640 βουλόμενος
3524 2567 3751 2631 τούτους

2172 2662 2456 2733 κερδάνειν
2485 2662 2552 2717 ⁸³.
2585 2661 2725 2716 Ἀλλ’
2749 2665 2777 2714 ό
2799 2661 2994 2731 Αἰθίοψ
3023 2662 3125 2714 οὐκ
3150 2659 3511 2713 ὲλευκαίνετο.
3544 2659 3752 2727 Ἔμενε

2171 2759 2278 2827 γὰρ
2318 2759 2346 2809 ό
2381 2757 2542 2819 αὐτίς
2575 2757 2667 2807 καὶ
2705 2755 2984 2825 μετεδίδου
3036 2754 3135 2823 τῆς
3172 2753 3350 2822 λύμης
3406 2752 3625 2812 ὁπόσοις
3677 2751 3752 2803 ἂν

2171 2847 2577 2918 προσεπέλασε,
2612 2846 2738 2907 τοὺς
2772 2844 2872 2911 μὲν
2900 2844 2968 2898 δι’
3009 2846 3211 2915 ὅρκων,
3254 2843 3381 2906 τοὺς
3419 2841 3474 2894 δὲ
3517 2839 3584 2893 δι’
3615 2840 3752 2892 ὐπο-

2171 2938 2411 3008 σχέσεων
2462 2937 2945 3008 σφετεριζόμενος.
3001 2936 3108 2990 Τοῦ
3164 2937 3264 3005 μὲν
3294 2930 3388 2988 οὖν
3434 2931 3618 2987 κοινοῦ
3650 2932 3747 2985 τοῦ

2173 3030 2407 3099 στρατοῦ
2448 3032 2508 3084 οὐ
2569 3029 2824 3084 τοσοῦτον
2875 3028 3070 3098 ἔμελλε
3127 3028 3206 3098 τῷ
3253 3028 3591 3099 Νικηφόρῳ’
3643 3025 3747 3095 ἥδη

486 3120 640 3175 hisce
674 3120 935 3177 fratribus
965 3123 1122 3191 alter,
1157 3128 1249 3194 qui
1282 3126 1392 3182 Leo
1423 3130 1734 3197 vocabatur,
1782 3136 2059 3201 placidiori

2169 3122 2278 3193 γὰρ
2325 3124 2566 3185 ἅπαντες
2604 3123 2743 3192 πρὸς
2795 3123 2961 3177 αὐτὸν
2995 3119 3395 3175 ἀποεθενεύκασι
3420 3135 3434 3148 ·
3477 3117 3591 3172 ἀλλ’
3624 3118 3748 3181 ὅλος

484 3210 647 3264 ﬁctus
692 3212 895 3276 indole,
948 3214 1313 3286 ingenuoque,
1350 3234 1450 3275 nec
1499 3220 1677 3277 hebeti
1723 3226 1789 3278 ad
1843 3242 2060 3282 sensum

482 3304 675 3371 gratia:
704 3305 959 3372 praeditus
1011 3308 1216 3373 animo,
1253 3310 1524 3366 sinceram
1561 3315 1697 3369 inse
1737 3318 2059 3375 charitatem

482 3390 831 3458 imperatoris
876 3406 931 3450 et
983 3394 1144 3453 facile
1197 3401 1439 3470 agnovit,
1499 3414 1553 3458 et
1591 3418 1780 3481 mutuo
1830 3424 2062 3478 pensare

480 3483 691 3537 studuit
719 3482 914 3539 affectu
949 3503 963 3540 :
998 3488 1464 3560 acquiescensque
1510 3496 1765 3562 prarsenti
1804 3496 2058 3565 fortunae,

479 3591 643 3643 quam
676 3588 792 3631 erat
828 3577 1078 3648 Spartam
1108 3592 1320 3649 nactus,
1352 3583 1405 3638 in
1437 3599 1523 3651 ea,
1548 3585 1704 3655 juxta
1748 3599 1902 3645 vetus
1936 3607 2060 3646 rer-

480 3669 634 3730 hum,
684 3674 1000 3725 exornanda
1049 3686 1276 3728 securus
1327 3675 1661 3734 elaborabat.
1720 3677 2060 3750 Nicephorns

477 3760 724 3815 ferocior
754 3771 973 3826 natura,
1021 3765 1608 3836 impotentioribusque
1651 3782 1894 3828 aestuans
1946 3790 2062 3830 mo-

481 3849 652 3911 tibus,
692 3850 968 3905 volutabat
1004 3850 1222 3921 semper
1268 3858 1453 3911 animo
1498 3861 1851 3926 cogitationes
1904 3864 2058 3917 inva-

473 3936 667 3991 deuda:
702 3940 1027 4009 tyrannidis,
1077 3954 1133 3995 et
1177 3943 1541 3999 defectionem
1598 3948 2058 4019 rebellionemque

474 4030 738 4085 adversus
788 4031 1171 4102 imperatorem
1226 4036 1528 4090 machinari
1580 4053 1685 4093 non
1732 4041 2055 4102 desistebat.

476 4120 579 4173 Diu
644 4130 824 4175 tamen
895 4139 1155 4177 arcanum
1212 4125 1401 4181 habuit
1451 4129 1758 4186 consilium.
1814 4130 2052 4187 Tandem

476 4220 748 4267 tnaturum
801 4227 975 4279 ratus,
1013 4231 1297 4286 capessere
1323 4233 1460 4288 opus
1497 4229 1553 4274 et
1601 4222 1677 4276 rei
1715 4239 1923 4293 magna:
1967 4226 2055 4280 in-

469 4305 704 4360 formare
733 4322 922 4361 orsutn
953 4323 1262 4379 aggressus,
1280 4312 1641 4368 tamiliariora
1695 4316 1855 4371 solito
1888 4318 2056 4387 erepit

469 4397 723 4452 affectare
735 4399 1100 4466 colloqnicutn
1121 4401 1286 4457 certis
1305 4404 1819 4473 hominibus,ftrmis
1845 4411 2053 4464 scilicet

2168 3212 2303 3283 πρὸς
2336 3214 2461 3275 τοὺς
2497 3217 2832 3282 μεγιστᾶνας
2868 3216 2910 3244 ⁶²
2951 3210 3358 3276 ἁπονενευκὼς,
3384 3210 3494 3263 τῶν
3517 3226 3578 3261 τε
3609 3209 3748 3277 ἡγε-

2168 3304 2347 3373 μόνων
2378 3304 2475 3359 καὶ
2511 3304 2619 3357 τῶν
2674 3307 2739 3375 τῇ
2790 3304 3083 3375 συγκλήτῳ
3124 3301 3745 3372 κατειλεγμένων’προ-

2165 3398 2369 3467 κρίτων
2415 3397 2627 3469 ἀνδρῶν
2675 3397 2876 3469 πολλὴν
2932 3397 3188 3469 φροντίδα
3244 3396 3569 3466 ποιούμενος
3610 3396 3745 3449 ὐπο-

2162 3494 2374 3546 ποιείτο
2405 3492 2450 3524 ⁸³
2482 3490 2703 3554 αὐτούς.
2726 3487 2836 3543 Ἦν
2873 3491 2983 3562 γὰρ
3015 3491 3115 3563 τὴν
3146 3491 3317 3561 φρένα
3355 3489 3746 3574 μὲνρξύτερος

2161 3585 2512 3657 ἀμφιστόμου
2546 3583 2733 3653 ξίφους
2785 3584 2921 3652 (78),
2964 3584 3230 3653 στάσιμος
3273 3582 3329 3636 δὲ
3372 3581 3648 3652 οὐδαμῶς,
3693 3581 3745 3634 εί

2165 3679 2242 3750 μὴ
2269 3679 2395 3731 ὅσον
2437 3677 2574 3749 πρὸς
2620 3676 2681 3729 τὸ
2731 3678 3091 3747 τυραννήσειν
3141 3676 3201 3729 τὸ
3269 3676 3606 3745 ἀμετάθετον
3662 3676 3743 3725 ἐν·

2180 3767 2458 3821 εδείκνυτο
2482 3782 2496 3796 °
2526 3766 2784 3837 μελιχρὸς
2812 3769 2869 3821 ὲν
2901 3765 3099 3834 λόγοις,
3134 3767 3189 3817 ἐν
3208 3767 3667 3837 συνανοστροφαῖς
3695 3762 3743 3795 ⁸⁸

2160 3859 2329 3930 ἡδὺς,
2380 3858 2888 3929 ταπεινοφροσύνην
2957 3858 3055 3927 μὲν
3117 3858 3191 3919 ὡς
3257 3854 3550 3925 ἀλωπεκῆν
3603 3870 3741 3906 ποτε

2159 3948 2643 4020 περιϐαλλόμενος·
2674 3949 2821 4002 ἔστιν
2852 3949 2945 4002 οὖν
2973 3949 3069 4003 καὶ
3097 3949 3155 4002 τὸ
3173 3948 3452 4019 θυμοειδὲς
3482 3943 3733 4014 καθάπερ

2158 4040 2297 4093 λέων
2328 4042 2613 4110 ἐμφαίνων
2646 4041 2802 4102 ποτὲ.
2832 4042 3115 4112 ῥωμαλέος
3160 4042 3256 4095 καὶ
3303 4041 3440 4112 πρὸς
3473 4038 3733 4107 γίγαντας

2156 4131 2580 4202 ὲγκαυχώμενος
2617 4133 2977 4203 ἁμιλλᾶσθαι,
3012 4133 3299 4203 σιτὸχρους
3331 4133 3433 4205 τὴν
3467 4132 3610 4202 ὄψιν,
3646 4129 3741 4182 εὐ-

2157 4225 2258 4296 ρὺς
2296 4228 2366 4278 τὰ
2406 4225 2629 4296 στέρνα,
2667 4227 2993 4297 ὑπερωμίας
3030 4230 3141 4279 τῶν
3182 4226 3303 4279 τότε
3337 4224 3532 4295 καιροῦ
3562 4223 3738 4277 ὄντων

2154 4318 2385 4389 ἀνδρῶν.
2419 4319 2483 4372 Εἰ
2535 4319 2592 4373 δὲ
2633 4319 2991 4391 σφαιρίζοντα
3035 4319 3225 4374 τοῦτον
3281 4313 3389 4371 εἶδέ
3442 4335 3548 4381 τς,
3589 4317 3639 4368 εἰ
3679 4315 3738 4370 δδ

2158 4410 2555 4481 ίππαζόμενον,
2587 4413 2638 4465 εί
2674 4412 2732 4465 δὲ
2776 4412 2955 4466 ὀϊστὸν
3002 4410 3313 4481 πέμποντα,
3350 4411 3397 4463 εί
3437 4410 3564 4480 δόρυ
3596 4426 3736 4477 κρα-

470 4488 813 4557 adjutnribus
847 4489 1109 4546 facinoris
1148 4492 1384 4562 futuris;
1418 4512 1537 4565 quae
1582 4514 1669 4554 res
1712 4511 1765 4554 et
1800 4505 2047 4557 animad-

2167 4502 2427 4565 izlvovra,
2461 4508 2556 4557 καὶ
2601 4505 2873 4568 ἱππασίας
2926 4504 3272 4573 ποιούμενον,
3330 4504 3515 4573 θαῦμα
3560 4503 3735 4555 ἐδόκει

471 4596 629 4635 versa
661 4585 843 4635 Statim
873 4591 927 4636 et
962 4595 1212 4652 Suspecta
1268 4588 1365 4640 fuit
1417 4589 1683 4655 plurimis.
1716 4594 1861 4648 unde
1897 4593 2047 4648 brevi

470 4676 534 4723 ad
588 4676 936 4739 imperatoris
984 4690 1146 4729 aures
1200 4679 1427 4733 occulta
1460 4683 1734 4737 coitionis
1790 4685 2046 4741 iudicium

468 4767 741 4823 pri-venit.
771 4767 831 4814 At
873 4764 963 4816 ille
999 4781 1137 4818 nova
1169 4768 1404 4834 quadam
1437 4772 1668 4832 ratione,
1707 4787 1806 4827 nec
1836 4778 2046 4831 caeteris

467 4870 518 4902 tu
560 4854 651 4904 Lall
688 4870 818 4907 casu
854 4865 1050 4908 usnuta
1100 4858 1461 4926 principibus,
1496 4874 1556 4913 se
1618 4864 1804 4929 gessit.
1839 4866 2043 4922 Accer-

464 4946 590 4995 sivit
652 4949 717 4999 ad
772 4962 831 5000 se
887 4963 1078 5016 netnpe
1139 4951 1461 5017 coujuratos
1516 4952 1781 5022 singulos.
1833 4956 2040 5015 idoneis

463 5044 734 5097 quemque
774 5038 1137 5102 temporibus,
1166 5051 1370 5105 eosque
1398 5040 1450 5092 iu
1480 5055 1693 5093 summa
1727 5044 2039 5103 dissimula-

2148 4595 2338 4649 καινὸν
2381 4596 2633 4663 θεᾶσθαι,
2662 4600 2910 4668 ἐκεχήνει
2949 4616 3008 4651 τε
3053 4601 3147 4653 καὶ
3184 4601 3342 4666 μόνον
3373 4599 3434 4652 οὐ
3467 4595 3735 4666 πεπηγὼς

2144 4682 2233 4759 ἦν.
2264 4689 2363 4743 Διά
2395 4690 2553 4744 τοῦτο
2583 4693 2679 4745 καὶ
2706 4692 2908 4760 μᾶλλον
2937 4695 3038 4762 τὴν
3068 4692 3178 4747 τῶν
3208 4693 3420 4745 πολλῶν
3453 4692 3733 4743 ἐπεσπᾶτο

2145 4781 2382 4836 εὔνοιαν.
2410 4784 2675 4838 Τοσοῦτον
2699 4785 2757 4838 δὲ
2780 4786 2841 4838 τὸ
2871 4785 3312 4857 σπουδαζόμενον
3337 4786 3489 4857 αὐτῷ
3512 4786 3729 4857 προῄει,

2143 4874 2219 4937 ὡς
2257 4877 2349 4927 καὶ
2381 4876 2545 4929 αὐτὸν
2575 4876 2621 4909 ⁸⁸
2656 4876 2743 4929 ἐπ’
2777 4879 2979 4949 ἀδελφῇ
3012 4878 3109 4932 τοῦ
3144 4878 3549 4950 αὐτοκράτορος
3582 4896 3730 4947 γαμ-

2148 4964 2280 5035 ϐρὸν
2310 4967 2531 5038 Μιχαὴλ
2563 4968 2654 5021 τὸν
2691 4970 3011 5040 Ταρωνίτην
3055 4970 3132 5041 τῷ
3160 4971 3255 5024 τοῦ
3301 4973 3731 5042 Πανυπερσεὸἀ-

2149 5071 2276 5108 στου
2308 5058 2622 5128 τιμώμενον
2648 5061 2925 5129 ἀξιώματι
2953 5063 3420 5135 ὑποποιήσασθαι.

464 5123 608 5176 ιίυηθ
667 5124 838 5178 audi”
901 5128 1074 5180 ""“lii
1106 5142 1173 5181 διο
1216 5128 1547 5185 ευεοίοῖοηῖε
1601 5145 1735 5196 5033.
1780 5139 2045 5205 appositis
2080 5150 2426 5202 sernmuibus
2458 5150 2523 5203 ad
2561 5150 2796 5205 cilicium
2835 5152 3102 5224 fidemque
3178 5123 3523 5223 hortabatur,
3590 5171 3726 5212 cou-

1555 5222 1760 5285 Varite
1803 5224 2113 5296 lectiones
2157 5253 2234 5298 ex
2275 5242 2416 5300 cod.
2451 5243 2721 5304 Coislin.

534 5316 578 5346 δ’
611 5314 821 5380 ἔλαὸες,
848 5317 1074 5385 ταύτην.

456 5389 714 5439 εποιεῖτο.
794 5391 837 5417 ⁵⁸
858 5393 1343 5461 συναναστροφαῖς.
1420 5391 1464 5422 ⁸⁵
1492 5389 1655 5446 αὐτὸν
1677 5389 1793 5449 τόν.

1152 5319 1195 5350 ⁵ο
1225 5324 1916 5395 τυραννεῖνσυμμελετῶν
1960 5335 2061 5388 οὐκ
2108 5339 2408 5395 ἐπαύσατο.

3551 5351 3595 5383 σε
3615 5351 3723 5403 ὑπ,

2506 5343 2550 5375 ⁶¹
2586 5344 2889 5415 κερδανεῖν.
2981 5350 3024 5380 θ’
3058 5351 3440 5419 μεγιστάνους.

1543 5487 1682 5546 Car.
1714 5488 2047 5554 Dufresnii
2084 5497 2182 5556 Du
2215 5497 2434 5576 Cangii
2461 5509 2649 5562 notes.

532 5580 643 5664 (7.8)
695 5582 1011 5664 Ὀξύεερος
1040 5583 1418 5664 ἀμφιστόμου
1446 5586 1682 5664 ξίφους.
1707 5592 1868 5664 347
1898 5592 2034 5664 Tra-

461 5651 549 5725 «lit
569 5651 807 5725 iloanm-s
836 5651 1099 5725 \lillanus3
1130 5651 1243 5707 lib.
1284 5651 1335 5715 ν,
1362 5671 1483 5725 cap.
1510 5651 1621 5722 ⁷56,
1641 5651 1852 5717 ἐῖιῆιῖιῖ
1895 5662 2030 5718 Gui-

462 5720 610 5798 doni,
640 5736 669 5773 a
718 5738 824 5798 quo
866 5725 1009 5798 conti
1058 5722 1216 5778 Ouidi
1264 5720 1446 5779 Italici
1488 5720 1749 5798 originem
1800 5736 2026 5797 ducunt,

466 5784 750 5845 Bisacutw'
790 5794 1013 5847 inditum
1087 5809 1427 5864 cognomen,
1499 5784 1716 5869 propter

2140 5601 2269 5682 ejus
2294 5604 2665 5682 llilllllpllf'til-ll.
2727 5583 2819 5658 list
2851 5616 3029 5661 autem
3068 5612 3309 5682 buccula
3334 5613 3716 5682 ,ἀμφίστομος

2137 5680 2189 5793 ft
2219 5670 2471 5742 δίστομος
2526 5673 2707 5745 ἀξίνη,
2759 5684 2817 5729 ut
2840 5692 3006 5747 supra
3054 5693 3085 5732 a
3133 5680 3291 5736 nobis
3319 5670 3419 5738 est.
3450 5670 3713 5740 abstersa:

2160 5756 2268 5792 um.
