4112 6392
408 369 518 430 r77
1663 321 2080 428 Acamanta
2113 367 2260 427 Lm.
2303 367 2411 430 Ix.
3577 375 3686 436 ms

408 479 640 544 sitiaquc
668 475 902 528 salubria
935 477 1134 544 quietis
1180 475 1497 530 atlaotand-e
1534 473 1729 541 dabat;
1777 487 1829 529 et
1881 490 1988 543 quo
2026 474 2315 528 clariorem
2349 475 2405 528 in
2452 473 2570 528 dies
2605 475 3028 542 conspirationis
3092 477 3310 534 illorum
3373 495 3562 538 contra
3635 503 3695 540 te

416 575 662 624 notitiam
697 573 1116 640 assequebatur,
1146 588 1210 624 eo
1255 587 1378 625 cum
1448 571 1529 626 eis
1591 571 1956 624 contidentius
2006 582 2056 624 et
2101 571 2379 625 liberalius
2407 572 2620 640 agebat,
2654 574 2734 628 sic
2767 573 3035 628 demereri
3071 578 3284 634 animos
3333 580 3574 645 ipsorum
3608 583 3690 638 si-

410 666 571 732 bique
602 665 894 718 conciliare
924 669 1165 718 studens.
1196 665 1300 719 Sed
1327 663 1644 733 Ethiopetn
1675 673 1732 716 ttt
1762 665 1987 716 multum
2030 663 2228 718 laveris
2264 666 2402 718 haud
2438 666 2618 718 album
2675 665 2868 722 facias.
2919 668 3049 723 Erat
3117 687 3333 742 semper
3404 676 3542 729 idem
3603 677 3693 733 Ni-

407 763 701 828 cephorns,
781 773 878 810 nec
913 759 1102 811 vitium
1181 757 1232 809 iit
1286 774 1344 811 se
1395 772 1550 811 suum
1600 756 1900 818 cohibens,
1963 755 2069 809 late
2112 757 2441 824 propagabat
2503 761 2884 828 contagiouem
2933 766 3221 831 quamdam
3270 770 3587 824 rebellionis
3637 773 3691 825 in

409 869 762 920 quoscunque
796 853 1262 912 accederet.atios
1299 852 1582 920 promissis
1619 851 1976 920 simplicibus,
2055 850 2188 904 alios
2264 851 2680 920 interpositione
2739 854 3172 923 juramentorum
3222 861 3322 913 sibi
3372 863 3690 930 adjungens,

411 952 484 998 Λι-
521 962 570 996 in
608 945 951 997 multitudine
980 943 1192 1012 quidem
1227 943 1442 995 militari
1472 952 1525 995 et
1561 958 1789 1011 corpore
1857 942 2133 995 exercitus
2158 943 2272 997 suis
2309 944 2558 1011 partibus
2587 948 2906 1010 asserenda,
2983 965 3086 1002 non
3158 952 3388 1004 multum
3475 959 3689 1018 t-tltaltal

411 1040 788 1091 laborandum.
822 1035 938 1089 Jam
978 1040 1123 1090 enim
1155 1036 1294 1090 haud
1324 1037 1483 1090 dubie
1507 1052 1698 1089 omnes
1733 1039 1783 1089 itt
1805 1037 1987 1106 ipsum
2033 1037 2462 1103 propendcbant.
2515 1037 2569 1090 In
2616 1053 2681 1092 eo
2711 1049 2854 1093 totus
2885 1051 3004 1094 erat
3033 1054 3088 1094 ιιι
3173 1057 3456 1112 ntagnates
3528 1048 3695 1115 ipsos.

412 1142 520 1183 tam
556 1131 642 1194 qtti
683 1129 1032 1196 dignitatibus
1071 1129 1395 1182 militaribus
1446 1128 1500 1181 in
1541 1129 1737 1182 castris
1769 1130 2100 1192 eminebant,
2175 1144 2338 1197 quam
2407 1131 2498 1197 qui
2573 1133 2928 1201 magistratus
2977 1135 3348 1204 amplissimos
3401 1139 3452 1191 in
3534 1156 3695 1208 l‘t'pll-

415 1229 547 1278 lilica
591 1238 842 1292 gererent
882 1235 934 1278 et
989 1226 1248 1278 eximium
1300 1226 1639 1279 auctoritatis
1690 1225 1739 1276 itt
1792 1235 1983 1276 senatu
2026 1222 2200 1275 locum
2241 1225 2572 1290 obtinerent,
2623 1227 2724 1279 sibi
2764 1227 2912 1280 omni
3000 1244 3129 1280 cura
3185 1232 3561 1286 demereretur
3632 1252 3695 1291 ac

412 1324 713 1375 devinciret
767 1322 904 1385 Ergo
935 1337 1028 1375 eos
1063 1321 1269 1374 nullum
1303 1319 1462 1374 linem
1497 1319 1788 1389 prensandi
1824 1317 2078 1372 faciebat.
2115 1318 2178 1370 Et
2209 1319 2444 1374 habebat
2517 1331 2748 1374 mentem
2821 1323 3116 1376 acutiorem

413 1421 505 1471 sed
531 1414 780 1470 'instaltili
813 1433 1031 1485 semper
1073 1415 1291 1469 levitate
1338 1417 1601 1469 volitabat
1635 1433 1648 1468 :
1684 1415 1885 1467 nullam
1915 1413 1981 1466 ad
2024 1411 2186 1466 aliam
2219 1413 2334 1470 fere
2357 1415 2742 1484 cogitationem
2779 1433 2900 1470 cum
3004 1418 3180 1485 aliqua
3232 1427 3534 1475 (‘Ottstattlia
3605 1444 3693 1490 ap-

423 1513 628 1579 pelletis
665 1513 925 1571 animum,
958 1525 1321 1579 praeterquam
1352 1512 1416 1563 ad
1497 1507 1846 1563 ambitionem
1913 1507 2241 1575 occupandae
2299 1512 2621 1579 tyrannidis.
2716 1509 2887 1565 llomo
2945 1523 3063 1564 erat
3138 1531 3391 1568 scrmot-e
3444 1517 3671 1570 blandus

410 1605 803 1658 consitetudine
825 1604 997 1655 comis
1031 1601 1309 1656 modestia:
1332 1617 1390 1655 se
1417 1603 1734 1670 plerumque
1758 1599 1988 1668 quadam
2026 1599 2225 1664 specie,
2273 1612 2530 1670 tanquam
2586 1603 2723 1672 pelle
2775 1604 2990 1670 vulpina
3060 1603 3342 1670 obtegens,
3430 1611 3522 1660 sed
3586 1626 3691 1663 non

411 1712 536 1750 raro
566 1694 1013 1748 inoccasionibus
1038 1692 1464 1748 excandescendi
1533 1707 1650 1745 sese
1733 1687 2057 1744 exercebant
2125 1688 2295 1743 leonis
2355 1707 2560 1760 ungues
2609 1703 2662 1745 et
2719 1695 2920 1748 rabies.
2964 1693 3148 1746 Robur
3202 1707 3320 1748 erat
3386 1696 3522 1752 fastu
3577 1705 3691 1765 pitti

408 1790 780 1856 coiijunclum,
815 1787 1015 1853 quibus
1049 1801 1108 1840 se.
1139 1785 1342 1852 giganti
1375 1783 1664 1854 quantovis
1691 1799 1874 1852 parem
1927 1783 1978 1834 itt
2019 1781 2392 1848 belligerando
2421 1785 2772 1854 gloriabatur.
2807 1786 3072 1842 'l'riticeus
3141 1789 3288 1841 eolor
3323 1792 3454 1850 oris,
3521 1794 3685 1845 latum

411 1896 632 1952 pectus;
668 1883 791 1934 totis
818 1883 1058 1935 humeris
1093 1881 1368 1932 eminebat
1400 1895 1560 1943 supra
1589 1889 1850 1933 staturam
1891 1893 2078 1931 eorum
2116 1878 2207 1946 qui
2274 1887 2402 1931 tunc
2469 1891 2626 1934 erant
2681 1881 2982 1934 hominum.
3056 1882 3226 1936 Porro
3273 1884 3386 1938 sive
3453 1885 3555 1948 pila
3613 1885 3686 1936 lu-

409 1981 582 2037 deret,
619 1991 712 2027 seu
747 1989 945 2042 equum
979 1975 1288 2039 domitaret,
1337 1990 1432 2028 seu
1487 1974 1730 2043 jaculnm
1764 1974 2049 2042 expediret
2089 1973 2143 2026 itt
2183 1989 2432 2044 scopum,
2487 1991 2583 2029 seu
2643 1977 2855 2030 hastam
2913 1987 3184 2046 quateret,
3237 1995 3332 2032 seu
3386 1981 3677 2032 simularra

409 2075 581 2128 cieret
640 2069 912 2138 equestris
960 2084 1176 2140 pugnze,
1209 2068 1556 2123 admirationi
1622 2070 1996 2139 spectantibus
2033 2077 2174 2136 erat,
2213 2070 2346 2124 nihil
2377 2072 2477 2126 nisi
2516 2072 2667 2125 hiare
2703 2088 2766 2126 ae
2837 2083 3058 2142 stupere
3146 2074 3469 2130 valentibus.
3521 2078 3688 2146 258

415 2167 496 2222 Ea
530 2183 614 2222 res
645 2166 1044 2219 incredibiliter
1065 2165 1236 2219 valuit
1272 2167 1336 2219 ad
1372 2164 1608 2220 favorem
1637 2165 1998 2220 multitudinis
2036 2166 2139 2234 ipsi
2198 2167 2624 2221 conciliandam.
2682 2167 2791 2222 Nec
2852 2169 3022 2236 plebis
3079 2171 3236 2222 modo
3329 2172 3440 2224 haec
3507 2174 3684 2224 studia

409 2271 607 2326 erant;
647 2261 914 2330 siquidem
951 2257 1180 2312 Michael
1207 2257 1467 2312 Taronita
1539 2275 1698 2327 quem
1763 2259 2062 2330 imperator
2103 2259 2588 2328 panhypersebasti
2654 2260 2916 2328 dignitate
2977 2269 3230 2312 ornatum
3283 2278 3310 2312 a
3353 2278 3409 2316 se
3466 2264 3682 2330 propria

411 2353 513 2422 ipsi
547 2368 733 2406 sorore
767 2351 817 2405 in
867 2350 1276 2404 matrimonium
1309 2350 1485 2402 danda
1538 2351 1850 2405 devinxisse
1889 2351 1990 2404 sibi
2033 2349 2344 2403 arctissime
2391 2349 2696 2414 ridebatur,
2746 2350 2830 2404 his
2885 2350 2984 2403 viri
3067 2351 3287 2404 dctibus
3373 2352 3690 2419 artibusque

3203 1326 3426 1392 ancipiti
3493 1331 3694 1397 gladio,

409 2445 670 2516 pellccms
717 2443 835 2512 ejus
890 2452 1072 2512 partes
1141 2442 1456 2497 domesticis
1510 2441 1791 2498 affectibus
1849 2441 2110 2511 prtetulit.

517 2536 638 2588 Αλλ’
670 2535 1010 2588 ἐπανακτέον
1040 2533 1132 2587 τὸν
1176 2534 1333 2602 λόγον
1370 2533 1522 2596 αὖθις
1552 2535 1674 2588 ὅθεν
1711 2533 1986 2605 ἀπερρύη.

2167 2533 2238 2588 Ut
2271 2532 2434 2602 igitur
2464 2549 2529 2586 eo
2564 2534 2855 2588 reducatur
2893 2537 3034 2589 unde
3061 2535 3305 2605 diti"essa
3340 2542 3517 2592 ⁰Γ³¹ί⁰
3561 2556 3670 2609 es"

413 2627 513 2680 καὶ
545 2626 666 2680 καθ’
701 2626 890 2695 εἱρμὸν
931 2626 1119 2678 ὲκτέον
1162 2627 1261 2694 τῆς
1307 2626 1634 2696 διηγήσεως.
1680 2626 1737 2680 '0
1773 2627 1872 2698 μὲν
1903 2624 1997 2681 οὖν

411 2718 802 2788 αὐτοκράτωρ,
839 2719 952 2780 τοῖς
997 2717 1280 2787 λογισμοῖς
1337 2719 1653 2789 ἀνατρέχων
1712 2717 1770 2782 ἐξ
1823 2712 1996 2788 οὗπερ

409 2809 512 2882 τὴν
541 2810 663 2864 καθ’
695 2808 888 2861 ἑαυτοῦ
929 2807 1021 2862 τοῦ
1054 2809 1343 2876 Διογένους
1384 2809 1620 2880 μελέτην
1661 2811 1994 2876 ἀνέγνωκεν,

413 2904 510 2956 καὶ
549 2903 696 2964 ὅπως
743 2900 804 2965 ἐξ
841 2901 1015 2972 ἀρχῆς
1055 2901 1223 2970 αὐτῆς
1271 2901 1371 2969 τῆς
1419 2901 1584 2954 αὑτοῦ
1636 2903 1997 2974 ἀναρρήσεως

415 2995 618 3064 ἀμφοῖν
647 2994 920 3064 ἐχρήσατο
947 2995 1062 3045 τοῖν
1093 2991 1367 3060 ἀδελφοῖν,
1412 2993 1618 3060 ὁπόσης
1649 3010 1707 3046 τε
1736 2993 1996 3064 φιλοφρο-

417 3086 584 3155 σύνης
621 3087 715 3138 καὶ
763 3085 1090 3152 κηδεμονίας
1137 3085 1228 3137 ἐπὶ
1267 3085 1546 3147 τοσούτοις
1580 3083 1756 3139 ἐτεσιν
1794 3086 1995 3148 αὐτοὺς

417 3177 568 3248 ἠξίου
602 3177 706 3229 κᾶν
731 3175 885 3228 οὐδὲν
915 3175 1120 3228 τούτων
1149 3175 1246 3246 τὴν
1282 3175 1374 3229 τοῦ
1414 3175 1732 3247 Νικηφόρον
1765 3177 1994 3246 γνώμην

417 3272 510 3324 ἐπὶ
548 3271 608 3323 τὸ
669 3269 880 3338 βέλτιον
941 3268 1362 3338 μετηλλοίωτεν,
1413 3270 1493 3332 εἰς
1541 3271 1857 3339 ἀμηχανίαν
1905 3272 1996 3324 ὲν-

424 3366 667 3414 επιπτεν.
693 3354 969 3429 Ταῦτ’,οὖν
990 3361 1017 3412 ὁ
1045 3359 1299 3429 βασιλεὺς
1323 3360 1781 3430 ἀναλογιζόμενος
1811 3361 1992 3416 πάντα

424 3455 518 3506 καὶ
555 3455 699 3516 ὅπως
755 3453 895 3523 μετὰ
945 3451 1005 3504 τὸ
1059 3451 1331 3520 σφαλῆναι
1385 3450 1542 3514 αὖθις
1594 3451 1794 3521 εἰσῄει,
1842 3452 1990 3516 ὅπως

423 3543 644 3614 dmi:ch
695 3545 848 3614 παρὰ
891 3543 986 3596 τοῦ
1031 3544 1290 3596 Τατικέου
1343 3545 1437 3596 καὶ
1477 3541 1641 3612 γνοὺς
1661 3543 1705 3575 ⁸⁸
1741 3543 1890 3606 ὅπως
1929 3543 1991 3594 τὸ

417 3636 714 3705 φονουργδν
746 3634 986 3704 σιδήριον
1019 3633 1201 3704 Οήγων
1228 3633 1350 3688 κατ’
1370 3633 1558 3698 αὑτοῦ,
1585 3633 1813 3703 αῖμασιν
1834 3632 1988 3685 ἀναι-

410 3726 546 3788 τίοις
574 3726 792 3778 σπεύδει
835 3727 1034 3796 χρὰναι
1084 3725 1180 3789 τὰς
1228 3727 1438 3796 χεῖρας,
1481 3723 1574 3778 καὶ
1613 3727 1640 3777 ὁ
1679 3725 1818 3788 τέως
1862 3727 1990 3793 ἐφε-

409 3818 617 3888 δρεύων
676 3819 770 3870 καὶ
823 3817 1014 3880 νυκτὸς
1070 3817 1161 3871 τὸν
1215 3817 1374 3886 φόνον
1439 3815 1717 3889 ἐπιτηρῶν
1768 3817 1988 3872 τελέσαι

2101 2627 2383 2694 seriesque
2439 2625 2682 2680 historia:
2714 2628 2987 2692 reddatur,
3020 2629 3236 2696 collegit
3287 2647 3346 2685 se
3388 2632 3688 2701 imperator

2100 2718 2187 2772 his
2217 2733 2338 2788 qua;
2373 2719 2660 2772 retulimus
2693 2721 3008 2787 compertis,
3060 2733 3112 2776 et
3150 2738 3213 2776 ex
3253 2740 3357 2777 una
3403 2739 3557 2791 parte
3595 2746 3683 2784 re-

2101 2821 2304 2878 putans
2335 2825 2497 2880 quam
2530 2810 2792 2864 benevole
2819 2826 2878 2866 se
2917 2827 2945 2865 a
2973 2813 3243 2882 principio
3282 2832 3553 2885 quamque
3601 2822 3684 2874 in-

2098 2901 2383 2970 dulgenter
2407 2917 2470 2956 ac
2502 2911 2729 2972 paterne
2760 2903 2949 2956 ambos
2980 2905 3029 2956 in
3064 2903 3266 2960 fratres
3291 2909 3572 2975 gessisset,
3605 2922 3684 2966 tot

2100 2990 2260 3042 annis
2300 2988 2644 3044 familiariter
2698 2989 2821 3042 illos
2867 2990 3155 3057 adhibens,
3197 2997 3684 3065 amantissimcqne

2096 3082 2243 3148 ipsos
2283 3097 2507 3146 curans,
2548 3097 2711 3150 quam
2750 3081 2884 3135 nihil
2939 3091 3117 3136 tamen
3175 3085 3279 3138 ista
3325 3086 3683 3154 profecissent

2095 3173 2162 3228 ad
2192 3173 2557 3228 deliniendum
2607 3173 2766 3242 hujus
2800 3174 3040 3228 aninmm
3094 3173 3404 3246 Nicephori,
3455 3159 3681 3236 iteratas

2098 3264 2365 3328 insidias,
2424 3265 2932 3336 deprehensamque
2987 3278 3306 3322 nocturnam
3376 3273 3580 3336 sicam,
3624 3286 3681 3329 et

2092 3358 2383 3427 tlisjcctum
2418 3357 2614 3412 Taticii
2662 3374 2892 3413 occursu
2942 3361 3354 3429 sanguinarium
3406 3364 3675 3433 inceptum

2092 3452 2466 3520 expeditarum
2518 3452 2586 3504 ad
2637 3451 3301 3520 parricidiummanuum,
3363 3469 3428 3508 eo
3487 3457 3678 3523 majori

2093 3541 2282 3595 dolore
2311 3557 2408 3595 suo
2441 3541 2846 3605 recordabatur,
2874 3555 2982 3609 quo
3011 3541 3190 3594 minus
3235 3541 3336 3594 sibi
3370 3553 3488 3594 erat
3538 3559 3673 3596 ron-

2094 3634 2240 3688 scius
2265 3633 2392 3687 facti
2426 3633 2592 3688 ullius
2618 3633 2816 3686 dictive
2845 3647 2954 3700 quo
2990 3635 3164 3701 ipsum
3193 3633 3441 3688 laesisset.
3471 3633 3618 3688 'l'anr
3643 3653 3676 3690 n

2095 3735 2213 3778 crat
2263 3724 2658 3780 occurrendum
2715 3723 3034 3778 denuntiato
3086 3724 3324 3791 periculo
3373 3730 3678 3793 grassantis

2093 3817 2317 3870 sceleris
2347 3833 2361 3870 :
2391 3826 2445 3871 et
2476 3831 2598 3869 cum
2631 3815 2766 3871 satis
2795 3826 3070 3869 coostaret
3099 3814 3383 3869 immittere
3411 3819 3673 3885 peatidum

410 3910 899 3978 ἀπαρακαλύπτως
956 3908 1146 3962 τοῦτον
1197 3910 1297 3981 ἤδη
1362 3910 1718 3975 ὲπισπεύδει,
1770 3910 1988 3973 πολλοῖς

2095 3919 2222 3964 tunc
2251 3910 2647 3964 cummaxime
2697 3919 2968 3962 nocturna
3019 3909 3323 3978 diurnaque
3372 3913 3676 3966 attentione

410 4001 741 4071 ἐκυμαξνετο
770 4001 1072 4070 λογισμοῖς.
1115 4000 1312 4053 Ἤθελε
1355 4002 1456 4071 μὲν
1481 4000 1574 4054 οὖν
1614 4001 1865 4072 οὐδαμῶς
1895 4003 1988 4057 τὸν

410 4095 673 4164 Διογένην
707 4093 1130 4163 μετελεύσεσθαι
1161 4093 1227 4146 δι’
1251 4092 1310 4147 ὃν
1331 4094 1470 4163 πρὸς
1500 4095 1664 4147 αὑτὸν
1698 4095 1988 4165 ἐγκάρδιον

409 4189 677 4255 ἐκέκτητο
719 4186 906 4250 πόθον,
940 4186 1143 4255 ἐξόχως
1177 4185 1268 4237 τὸν
1323 4185 1492 4256 ἄνδρα
1541 4185 1734 4253 φιλῶν.
1777 4184 1984 4251 ’Λίπαξ-

403 4281 596 4341 cat-:16);
641 4280 697 4333 δὲ
751 4278 966 4331 ἅπαντα
1019 4277 1254 4331 συνελὼν
1283 4277 1389 4345 ὅπη
1430 4294 1487 4328 τε
1547 4275 1884 4346 προϐήσεται
1925 4276 1987 4328 τὺ

405 4371 579 4423 δεινὸν
608 4371 826 4433 ἐννοῶν,
873 4371 995 4422 ἐπεὶ
1023 4371 1115 4421 τὸν
1161 4368 1293 4439 περὶ
1337 4369 1518 4439 ψυχῆς
1562 4368 1808 4420 κίνδυνον
1835 4366 1987 4437 αὐτῷ

409 4465 773 4531 ὲςςιστέμενον
809 4461 952 4528 ἔγνω
984 4461 1284 4532 πλήττεται
1327 4462 1425 4528 τὴν
1471 4459 1722 4528 καρδίαν.
1759 4459 1871 4512 Καὶ
1906 4461 1985 4523 εἰς

408 4555 465 4605 ἓν
507 4556 566 4606 τὸ
606 4555 712 4605 πᾶν
757 4552 1101 4619 συναγαγὼν,
1149 4552 1259 4603 δεῖν
1305 4551 1520 4621 ἔκρινεν
1556 4553 1853 4620 κατασχεῖν
1895 4549 1986 4602 τὸν

407 4647 740 4716 Νικηφόρον.
782 4645 1012 4708 Ἐκεῖνος
1042 4644 1098 4698 δὲ
1132 4644 1222 4696 τὸν
1245 4644 1622 4714 μελετώμενον
1645 4643 1986 4696 ἐπισπεύδων

407 4740 650 4810 ἓρισμὸν
681 4739 774 4791 καὶ
812 4737 1136 4808 βουλόμενος
1169 4737 1364 4797 νυκτὸς
1397 4739 1494 4805 τῆς
1538 4734 1674 4805 πρὸς
1717 4735 1987 4804 Χριστουο

410 4833 619 4893 πόλεως
650 4831 924 4900 φερούσης
970 4829 1236 4898 ἅψασθαι,
1271 4830 1512 4898 ἑσπέρας
1547 4827 1874 4890 ἀποστείλας
1906 4827 1985 4890 εἰς

408 4925 500 4976 τὸν
527 4924 1046 4994 Πορφυρογέννητον
1075 4923 1484 4974 Κωνσταντῖνον
1521 4921 1612 4972 τὸν
1647 4918 1870 4972 δοθέντα
1895 4917 1988 4970 αὑ-

406 5017 486 5085 τῷ
519 5017 666 5085 παρὰ
696 5013 788 5066 τοῦ
828 5013 1095 5082 βασιλέως
1127 5012 1465 5083 ταχυδρὸμον
1509 5013 1675 5064 ἵππον
1695 5013 1911 5082 ῂττεῖτο
1940 5009 1985 5040 ⁴⁷

406 5108 852 5179 ιἰπεμρίσασθαί
899 5108 966 5158 οῖ.
1015 5105 1074 5158 Ὀ
1134 5105 1190 5157 δὲ
1223 5107 1342 5158 οιαὶ
1390 5106 1436 5137 ⁸⁸
1474 5107 1753 5168 ἀνένευτε,
1810 5103 1984 5170 λέγων

413 5201 488 5271 μὴ
539 5199 799 5251 δύνασθαι
849 5197 1022 5265 δῶρον
1061 5195 1300 5248 τοιοῦτον
1342 5195 1654 5266 αύθήμερον
1698 5194 1791 5246 τοῦ
1831 5194 1984 5262 βασι-

408 5295 545 5354 λέως
581 5289 1045 5359 ἀποποιήσασοαι.
1100 5286 1251 5340 Ἐπεὶ
1297 5287 1353 5340 δὲ
1403 5289 1615 5358 πρωῖας
1660 5287 1688 5339 ὁ
1731 5285 1983 5356 βασιλεὺς

407 5384 507 5449 τῆς
535 5381 906 5452 προκειμένης
932 5378 1057 5432 ὁδοῦ
1089 5379 1288 5449 ἥψατο,
1325 5381 1611 5433 συνείπετο
1631 5379 1808 5448 τούτῳ
1839 5379 1929 5430 καὶ
1954 5379 1982 5429 ὀ

407 5473 688 5540 Διογένης,
715 5470 808 5522 τοῦ
833 5469 1277 5534 διασκεδὰζοντος
1311 5471 1526 5541 βουλὰς,
1557 5470 1652 5524 καὶ
1683 5469 1978 5539 λογισμοὺς

409 5562 727 5625 ἁϐετοῦντος
761 5561 906 5616 λαῶν
945 5561 1080 5615 Θεοῦ
1117 5562 1305 5617 τοῦτον
1351 5565 1677 5634 σεξὴλαντος,
1701 5583 1980 5636 γνωσιμα-

2092 4004 2146 4056 in
2176 4018 2366 4057 omnes
2400 4003 2716 4058 occasiones
2751 4002 3125 4071 perpetranda:
3162 4004 3345 4066 caedis,
3375 4018 3480 4055 non
3523 4004 3674 4056 vidc-

2090 4093 2252 4148 batttr
2305 4093 2752 4146 connuittendutn
2822 4100 2880 4143 ttt
2941 4091 3359 4145 dissolutissimo
3424 4093 3671 4161 neglccm

2092 4193 2257 4238 tanta:
2317 4184 2395 4238 rei
2451 4184 2598 4238 salus
2653 4198 2716 4236 ac
2770 4192 2932 4251 caput
2990 4183 3258 4252 principis
3312 4183 3458 4237 ferro
3503 4184 3673 4251 parati

2089 4277 2370 4348 parricida:
2416 4275 2812 4329 incustoditum
2859 4274 3210 4342 objicerctnr.
3254 4275 3521 4328 Caeterum
3576 4277 3676 4328 ad-

2089 4383 2279 4423 versus
2303 4367 2415 4422 ha-c
2448 4367 2817 4421 intercedente
2843 4377 3026 4419 tenero
3059 4381 3242 4418 amore
3269 4367 3466 4419 veteris
3497 4367 3668 4419 c'lt-n-

2093 4461 2182 4523 tis,
2217 4459 2436 4514 decerni
2481 4458 2697 4530 gravius
2743 4457 2876 4510 nihil
2907 4457 2959 4510 in
2995 4467 3105 4509 tam
3150 4471 3274 4510 vcre
3323 4465 3539 4522 tamque
3577 4457 3669 4511 diu

2089 4553 2344 4606 dilectum
2382 4548 2674 4620 Diogenem
2725 4548 2791 4600 ab
2825 4550 3158 4616 imperatore
3206 4557 3433 4614 poterat.
3471 4543 3666 4598 Vcrttnt

2087 4656 2155 4693 ex
2185 4640 2414 4692 adverso
2441 4645 2760 4690 recurrente
2794 4636 3076 4704 pr'csentis
3106 4634 3286 4702 specie
3337 4633 3562 4700 periculi
3613 4642 3670 4685 et

2087 4731 2496 4786 formidolosius
2554 4745 2610 4782 se
2671 4730 2993 4780 admovente
3048 4726 3296 4780 sensibus
3347 4725 3664 4778 insidat-um

2086 4823 2250 4880 semel
2306 4823 2608 4890 iterumque
2652 4819 3112 4888 deprchensarum
3183 4816 3539 4876 discrimine,
3601 4828 3666 4866 ac

2088 4930 2217 4969 cura
2249 4923 2528 4983 perpetua,
2567 4912 2650 4964 vix
2679 4911 2896 4964 tandem
2929 4908 3187 4961 conclusa
3218 4907 3535 4959 deliberatio
3560 4913 3667 4965 est,

2089 5014 2460 5072 statutumque
2500 5001 2786 5057 consilium
2834 4998 3087 5068 Diogenis
3144 4993 3666 5063 comprehendcndi.

2087 5097 2205 5166 lp~e
2233 5110 2393 5164 porro
2413 5092 2743 5158 t‘ticephorns
2765 5091 3088 5142 admonente
3112 5101 3141 5140 c
3167 5085 3442 5138 inscientia
3475 5080 3662 5148 fugam

2087 5189 2142 5241 itt
2204 5196 2476 5254 posterum
2535 5185 2676 5237 diem
2729 5181 2976 5248 cogitans
3023 5193 3213 5231 versus
3275 5172 3662 5236 Clll'islt)pollltl

2093 5278 2238 5331 misit
2269 5279 2369 5329 sub
2401 5288 2678 5342 vesperam
2721 5271 2788 5324 ad
2818 5268 3238 5324 Constantinum
3288 5264 3664 5330 l’orpbyrogc-

2092 5372 2259 5423 nitum
2293 5367 2385 5436 qui
2425 5367 2491 5418 ab
2526 5382 2591 5420 eo
2623 5381 2723 5420 suo
2756 5363 2972 5418 nomine
3018 5377 3113 5430 pro
3143 5357 3381 5413 amicitia
3434 5359 3660 5420 peteret,

2091 5471 2148 5516 ut
2179 5460 2281 5514 sibi
2316 5459 2637 5513 concederet
2657 5471 2855 5524 equum
2882 5455 3140 5516 celerem,
3169 5464 3329 5518 quem
3365 5445 3416 5497 in
3443 5441 3660 5508 hospitii

2089 5555 2334 5621 digressu
2360 5550 2410 5604 ei
2440 5550 2580 5604 dono
2611 5549 2830 5603 dederat
2853 5545 3146 5617 Augusnts.
3181 5542 3250 5595 At
3268 5535 3660 5594 ConSIautinus

1477 5682 1672 5742 Variae
1700 5682 2012 5746 lectiones
2051 5703 2125 5746 ex
2169 5688 2307 5748 cod.
2342 5687 2598 5750 Coislin.

463 5785 506 5814 “
543 5785 698 5838 Dccst
733 5799 830 5836 vox
862 5781 1042 5847 γνούς.
1123 5783 1163 5813 ⁸⁷
1205 5783 1406 5851 ᾐτῖῖτο.

1514 5783 1558 5812 “"
1587 5783 1742 5838 Deest
1777 5788 1966 5840 vocula
2000 5787 2116 5842 καί.
