4112 6452
400 399 513 466 679

1709 385 1936 450 ΑΝΝᾸΞ
1972 384 2359 445 COMNENJS
2440 417 2448 423 -

3558 385 3667 450 650

404 509 609 572 renuit,
627 517 895 562 excusans
923 515 981 558 se
999 515 1103 556 non
1128 496 1312 570 posse,
1334 497 1485 554 salvo
1504 494 1700 562 ofﬁcio,
1719 496 1994 565 egregium

2115 490 2297 561 (οῦντα
2325 490 2424 561 μὲν
2444 489 2534 547 τὸν
2550 490 2794 563 δρασμὸν
2817 494 2884 560 ⁸³,
2911 493 3334 565 ὑπερτιθέμενον
3355 496 3412 550 δὲ
3437 497 3589 568 ὥραν
3609 497 3673 563 ἐξ

408 596 758 669 imperatoris
798 607 995 648 munus
1041 591 1160 659 ipso
1217 589 1302 644 die
1335 603 1444 658 quo
1488 594 1776 657 acceperat
1825 586 1983 639 alteri

411 692 633 748 donare.
657 687 926 743 Postridie
973 685 1137 754 igitur
1170 683 1496 753 imperatore
1542 687 1856 735 resumente
1899 679 1989 732 in-

410 792 626 855 ceptum
660 782 784 845 iter,
848 788 1067 834 secutus
1118 786 1172 831 et
1223 777 1489 846 Diogenes
1540 782 1647 836 est,
1698 772 1987 828 manifesto

410 873 636 927 numine
688 868 1007 938 dissipantis
1055 867 1281 922 consilia
1335 865 1613 920 hominum
1679 863 1809 927 Dei;
1864 879 1986 917 cum

412 966 558 1020 enim
596 973 651 1018 et
678 961 816 1032 fugae
865 960 1242 1015 necessitatem
1286 955 1784 1027 perspectissimam
1829 953 1988 1008 Nice-

413 1051 620 1121 phorus
647 1050 898 1115 haberet,
929 1059 983 1102 et
1009 1062 1127 1102 eam
1156 1047 1405 1116 arripere
1434 1044 1606 1114 ‘plane
1632 1043 1986 1107 decrevisset,

413 1143 627 1199 consilii
655 1150 856 1206 certus,
885 1139 1259 1196 exsecutionis
1291 1153 1517 1208 anceps,
1548 1137 1736 1191 horam
1767 1151 1832 1192 ex
1857 1136 1988 1190 hora

417 1237 696 1303 trahebat,
745 1235 921 1302 quoad
950 1232 1378 1301 comprehensus
1407 1240 1512 1296 est,
1542 1229 1689 1300 justo
1721 1228 1818 1282 Dei
1841 1228 1991 1298 judi-

416 1329 504 1384 cio
532 1331 617 1384 sic
670 1328 925 1383 meritum
981 1325 1259 1380 hominem
1307 1323 1361 1377 in
1406 1322 1699 1393 perniciem
1744 1330 1989 1392 urgente.

411 1420 546 1474 Cum
578 1434 708 1488 ergo
765 1402 1089 1471 tetendisset
1139 1428 1308 1483 prope
1359 1412 1575 1477 Serras,
1635 1410 1722 1466 ubi
1779 1419 1835 1466 et
1880 1411 1994 1481 ipse

415 1511 715 1578 imperator
745 1507 1036 1561 tentorium
1074 1506 1289 1571 ﬁxerat,
1321 1513 1376 1559 et
1418 1504 1692 1559 consuetis
1730 1502 1837 1558 illic
1860 1517 1995 1558 con-

416 1602 659 1655 scientiae
717 1598 979 1652 com-ictae
1045 1610 1215 1666 seque
1266 1596 1653 1663 deprehensam
1710 1594 1995 1650 sentientis

422 1691 712 1746 timoribus
773 1691 1094 1759 agitaretur,
1145 1688 1376 1743 accersit
1425 1686 1723 1755 imperator
1767 1686 1993 1741 fratrem

417 1802 572 1841 suum
587 1786 885 1839 Adrianum
906 1799 1156 1853 magnum
1179 1783 1555 1847 domesticum,
1579 1781 1743 1852 259
1769 1781 1856 1835 illa
1878 1781 1995 1851 ipsa

2092 579 2241 650 ὥρας
2263 582 2424 633 ὁποῖα
2440 582 2508 635 τὰ
2533 580 2627 634 τοῦ
2662 581 2799 636 Θεοῦ
2819 583 3084 654 κρίματα.
3109 586 3557 656 Κατασκηνώσας
3575 583 3673 641 οὖν

2093 670 2266 741 ἀγχοῦ
2294 671 2403 724 τῶν
2430 672 2653 744 Σερῤῶν
2679 673 2725 704 '°
2746 674 2882 727 ὅπου
2913 677 3006 728 καὶ
3031 677 3058 729 δ
3087 675 3346 746 βασιλεὺς
3375 680 3538 743 αὐτὸς
3570 681 3674 751 μὲν

2093 762 2204 815 τῶν
2232 762 2479 832 συνήθων
2507 764 2687 834 εἴχετο
2720 764 2999 836 λογισμῶν
3036 767 3112 831 ὼς
3142 770 3542 841 πεφωραμένος

2095 854 2189 907 καὶ
2206 853 2394 916 δεδιὼς
2413 855 2473 907 τὸ
2499 855 2716 924 μέλλον.
2747 856 2805 908 '0
2823 856 2879 909 δὲ
2901 857 3157 927 βασιλεὺς
3181 861 3568 929 μετακαλεῖται
3585 880 3678 933 τη-

2096 945 2326 998 νικαῦτα
2357 945 2449 999 τὸν
2475 946 2605 999 ἴδιον
2631 948 2861 1016 ἀδελφὸν
2881 950 3161 1020 Ἀδριανδν
3189 953 3283 1005 καὶ
3313 955 3489 1023 μέγαν
3512 954 3676 1023 δομέ-

2098 1050 2281 1088 στικον
2299 1037 2423 1088 κατ’
2448 1037 2620 1106 αὐτὴν
2650 1038 2746 1108 τὴν
2774 1040 3015 1110 ἑσπέραν
3040 1042 3098 1093 ὲν
3189 1045 3283 1096 καὶ
3304 1046 3337 1114 ὴ
3370 1044 3464 1096 τοῦ
3498 1061 3675 1113 μεγα-

2096 1126 2338 1199 λομάρτυ
2349 1145 2440 1200 ρος
2464 1129 2744 1201 Θεοδώρου
2774 1130 2885 1202 ι79)
2921 1132 3155 1187 ἐτελεῖτο
3181 1137 3390 1205 μνήμη.
3426 1137 3534 1191 Καὶ
3559 1154 3680 1192 κοι-

2098 1217 2288 1272 νοῦται
2306 1218 2462 1282 αὖθις
2482 1220 2657 1290 τούτῳ
2674 1221 2741 1274 τὰ
2763 1221 2855 1274 τοῦ
2868 1224 3174 1291 Διογένους,
3190 1226 3323 1297 μηδὲ
3335 1226 3397 1279 τὸ
3408 1227 3677 1298 πρότερον

2102 1313 2389 1380 ἀγνοοῦντι
2411 1313 2485 1376 ὡς
2514 1312 2749 1384 ξιφήρης
2772 1318 2966 1387 εἰσῄει,
2994 1318 3070 1380 ὡς
3093 1318 3324 1390 ἀπώσθη
3349 1320 3447 1393 τῆς
3478 1318 3677 1393 θύρας,

2099 1403 2177 1466 ὡς
2229 1405 2289 1457 τὸ
2345 1405 2514 1460 πάλαι
2567 1406 3016 1478 βεϐουλευμένον,
3046 1412 3094 1463 εί
3152 1411 3400 1478 δυνατὸν,
3455 1413 3677 1467 ista.th

2103 1494 2352 1550 σπεύδων
2400 1497 2641 1551 τελέσαι.
2699 1498 3018 1569 Τηνικαῦτο.
3074 1496 3170 1555 οὖν
3216 1503 3554 1575 ἐπισκήπτει
3596 1505 3678 1576 τῷ

2101 1587 2410 1659 δομεστίκῳ
2447 1591 2475 1643 δ
2514 1589 2776 1659 βασιλεὺς
2814 1590 2905 1643 τὸν
2956 1593 3219 1664 Διογένην
3271 1596 3353 1658 είς
3392 1595 3493 1667 τὴν
3538 1597 3680 1650 ίδίαν

2107 1677 2586 1748 μετακαλέσασθαι
2626 1680 2855 1751 σκηνὴν,
2894 1682 2991 1735 καὶ
3027 1682 3116 1737 διὰ
3174 1684 3455 1757 μειλιχίων
3500 1687 3680 1757 λόγων

2104 1775 2198 1823 καὶ
2248 1773 2522 1825 παντοίων
2586 1772 2939 1843 ὑποσχέσεων
2982 1776 3172 1845 πεῖραι
3225 1777 3269 1809 ⁷³
3324 1779 3676 1847 ἀνακαλύψιι

413 1893 643 1949 vespera
663 1894 769 1948 qua
789 1877 969 1947 magni
994 1876 1254 1947 martyris
1277 1873 1552 1929 Theodori
1572 1873 1834 1926 memoria
1853 1874 1996 1927 cele«

2115 1862 2319 1915 irravm
2349 1863 2415 1916 τὰ
2440 1864 2869 1935 βεϐουλευμένα,
2904 1866 3176 1922 ἀπάθειαν
3206 1868 3357 1940 αύτῷ
3389 1870 3687 1940 ὑπισχνου-

415 1971 714 2029 brabatur;
742 1982 976 2036 cumque
1026 1966 1128 2035 ipsi
1159 1965 1396 2020 breviter
1412 1967 1752 2033 exposuisset
1773 1978 1894 2032 quae
1915 1962 2006 2016 ille

417 2075 528 2113 non
548 2058 856 2129 ignorabat,
881 2066 941 2113 ut
960 2056 1247 2125 irrupisset
1289 2055 1342 2110 in
1363 2071 1519 2110 suum
1544 2039 2003 2110 cubiculummcum

419 2154 531 2207 sica
561 2153 848 2220 Diogenes,
889 2151 1162 2203 utiternm
1185 2147 1253 2201 ab
1293 2148 1436 2202 ostio
1479 2135 1632 2203 esset
1657 2147 2008 2213 repulsus,ut

419 2242 568 2296 omni
589 2241 795 2294 ratione
808 2250 1117 2303 conaretur,
1133 2239 1186 2292 in
1215 2237 1553 2293 occasionem
1574 2237 1864 2290 imminens
1885 2248 2007 2291 mo-

427 2334 629 2387 mentis
663 2331 938 2392 omnibns,
962 2329 1238 2384 decretam
1262 2329 1363 2397 ipsi
1409 2329 1538 2383 olim
1559 2328 1640 2382 sui
1659 2327 2006 2398 czedemfpcr—

420 2434 674 2492 petrare;
729 2422 1022 2485 mandavit,
1094 2428 1347 2475 evocaret
1398 2417 1672 2473 hominem
1728 2419 1780 2472 in
1851 2433 2007 2481 suum

424 2514 828 2570 tabernaculum
853 2513 1016 2582 eique
1051 2512 1267 2566 blandis
1298 2510 1486 2566 verbis
1517 2520 1574 2564 et
1630 2510 2010 2580 promissioni-

423 2607 523 2660 bus
552 2604 731 2660 Omnis
782 2604 998 2673 generis
1052 2602 1377 2670 persuadere
1428 2601 1696 2655 niteretur
1731 2609 1790 2654 ut
1851 2601 2007 2656 fateri

422 2698 583 2752 vellet
614 2698 821 2762 omnia,
855 2695 1260 2763 coniurationis
1294 2693 1472 2747 socios
1498 2707 1561 2747 ac
1594 2692 1802 2747 consilii
1838 2693 2011 2760 parti-

423 2789 573 2859 cipcs
620 2789 786 2842 edere
846 2800 1072 2850 omnes;
1106 2784 1156 2838 id
1188 2788 1233 2839 si
1266 2784 1475 2838 faceret
1522 2783 1875 2837 securitatem
1909 2784 2011 2853 ipsi

424 2890 590 2948 atque
620 2878 998 2945 impunitatem
1038 2876 1253 2944 plenam
1310 2876 1679 2945 polliceretur,
1722 2876 2015 2930 confirma-

425 2979 619 3040 retque
676 2969 879 3024 nullam
937 2981 1101 3037 penes
1165 2967 1545 3035 imperatorem
1587 2966 1902 3021 memoriam
1959 2967 2011 3021 in

428 3074 704 3131 posterum
771 3058 1171 3127 superfuturam
1226 3068 1772 3128 quantoruncumque
1824 3060 2013 3114 crimi-

2111 1950 2257 2021 μένῳ
2291 1952 2339 1983 ⁷⁸
2389 1956 2482 2004 καὶ
2519 1954 2838 2023 ἀμνηστίαν
2873 1955 2968 2008 τοῦ
3004 1955 3198 2011 λοιποῦ
3239 1958 3350 2011 τῶν
3389 1959 3599 2024 κακῶν,
3628 1954 3695 2014 εί

2110 2041 2235 2111 μηδ’
2264 2040 2442 2095 ὁτιοῦν
2474 2044 2863 2116 ἀποκρύψειεν,
2898 2047 3034 2102 ἀλλὰ
3068 2048 3162 2102 καὶ
3188 2051 3315 2113 τοὺς
3349 2052 3683 2123 συνίστορας

2108 2132 2314 2196 ἐξείποι
2351 2135 2622 2201 ἅπαντας.
2666 2126 2727 2191 ἱΟ
2756 2139 2812 2191 δὲ
2844 2140 3086 2211 ἀθυμίας
3122 2144 3337 2215 πλήρης
3363 2146 3682 2215 γενόμενος,

2108 2225 2256 2295 ὅμως
2307 2226 2545 2297 ἐπλήρου
2575 2229 2637 2280 τὸ
2666 2230 2957 2285 κελευσθέν
2991 2233 3052 2286 ⁷³.
3090 2234 3226 2287 ιίοτὲ
3265 2236 3366 2304 μὲν
3392 2231 3487 2290 οὖν
3518 2239 3683 2292 ἀπει-

2109 2317 2240 2382 λῶν,
2265 2317 2355 2371 ὁτὲ
2393 2318 2443 2349 ἠ
2466 2319 2523 2373 δὲ
2575 2320 3026 2393 ὑπισχνούμενος,
3068 2326 3156 2378 ὁτὲ
3201 2326 3258 2379 δὲ
3309 2329 3402 2381 καὶ
3442 2328 3686 2399 συμϐου-

2110 2412 2308 2480 λεύων,
2341 2415 2443 2467 οὐκ
2473 2413 2658 2468 ἔπειθε
2706 2416 2800 2469 τὸν
2855 2419 3119 2489 Διογένην
3163 2417 3300 2485 ὅλως
3346 2421 3457 2475 οὐδ’
3503 2422 3695 2478 ὁτιοῦν

2109 2504 2219 2558 τῶν
2238 2504 2689 2578 βεϐουλευμένων
2722 2508 3091 2580 ἀνακαλύψαι.
3124 2511 3190 2565 Τί
3220 2514 3279 2565 τὸ
3315 2514 3407 2567 ἐπὶ
3430 2516 3645 2579 τούτοις
3669 2533 3697 2586 ςι

2117 2594 2355 2668 Ἤχθετο
2386 2597 2491 2668 μὲν
2522 2601 2550 2653 ὁ
2589 2600 2760 2669 μέγας
2793 2601 3116 2672 δομέστικος
3145 2607 3241 2658 καὶ
3268 2608 3457 2677 ἠνιᾶτο
3498 2601 3559 2661 οῦ
3591 2627 3694 2664 κα-

2115 2690 2229 2741 κῶν
2256 2691 2486 2760 φέρεται
2522 2691 2551 2744 δ
2579 2693 2840 2765 Διογένης
2888 2699 3311 2770 στοχαζόμενος.
3362 2702 3529 2773 Ἔσχε
3576 2705 3694 2777 γὰρ

2113 2779 2303 2834 τοῦτον
2372 2782 2700 2852 προφθάσας
2755 2787 2784 2838 δ
2828 2787 3088 2859 Διογένης
3160 2793 3409 2862 γαμϐρὶν
3472 2796 3563 2847 ἐπὶ
3623 2801 3692 2869 τῇ

2115 2873 2322 2948 ὑστάτῃ
2353 2876 2465 2951 (80)
2495 2878 2604 2932 τῶν
2632 2881 2972 2951 ἑτεροθαλῶν
3004 2885 3166 2938 αὐτοῦ
3194 2888 3462 2959 ἀδελφῶν.
3493 2891 3693 2946 Ἔνθεν

2115 2985 2199 3021 τοι
2235 2971 2330 3022 καὶ
2366 2971 2505 3040 μετὰ
2536 2971 2793 3042 δακρύων
2837 2975 3156 3048 ἐκλιπαρῶν
3182 2980 3346 3033 αὑτὸν
3378 2983 3479 3036 οὐκ
3515 2986 3656 3037 ἀνίει
3684 3003 3697 3016 -

2117 3060 2304 3113 ἔπειθε
2319 3061 2374 3115 δὲ
2395 3062 2648 3135 οὐδαμῶς
2661 3104 2677 3128 ,
2700 3066 2804 3119 κᾶν
2821 3069 2982 3133 αὐτὸς
3003 3071 3240 3124 ἐνέκειτο
3257 3074 3696 3147 ἀναμιμνήσκων

429 3167 557 3207 num
587 3167 706 3221 qua:
737 3150 853 3219 ipse
880 3163 1009 3203 reus
1044 3149 1187 3202 ultro
1218 3150 1492 3217 pmuitens
1530 3148 1813 3203 fateretur.
1834 3149 2009 3204 Triste

2118 3151 2234 3223 ἅμα
2262 3154 2357 3206 καὶ
2383 3155 2488 3207 τῶν
2519 3155 2767 3213 ὄπισθεν.
2796 3160 3152 3230 Σφαιρίξοντι
3183 3162 3295 3236 (81)
3323 3165 3431 3237 γάρ
3458 3184 3585 3220 ποτε
3617 3168 3698 3240 τῷ

436 3244 490 3297 id
540 3242 814 3312 negotium
873 3247 928 3293 et
973 3241 1216 3292 odiosum
1274 3247 1413 3292 erat.
1487 3239 1688 3293 Tamen
1743 3240 2019 3296 Adrianus

430 3342 707 3401 utcunque
757 3331 944 3385 fratris
977 3330 1202 3400 Augusti
1228 3329 1467 3399 periculo
1497 3340 1552 3385 et
1599 3330 1758 3386 invisi
1800 3332 2021 3387 sceleris

432 3425 614 3495 specie
642 3426 754 3492 ipsa
780 3423 1157 3486 conturbatus,
1187 3422 1331 3491 quod
1384 3421 1681 3492 jubebatur
1731 3432 2022 3479 exsecutus

432 3524 541 3572 est.
585 3515 782 3571 Verum
810 3530 1026 3583 operam
1060 3515 1112 3568 in
1151 3511 1388 3585 Diogene
1432 3529 1496 3569 ac
1542 3515 1709 3569 verba
1762 3514 2017 3585 perdidit.

430 3605 565 3662 Nam
623 3606 873 3675 quamvis
928 3605 1213 3660 machinas
1268 3604 1507 3658 admovit
1544 3618 1759 3669 omnes,
1815 3602 2020 3662 frustra

433 3698 534 3753 fuit
564 3698 824 3751 adversus
877 3696 1136 3751 invictam
1195 3697 1619 3761 contumaciam,
1680 3712 1708 3750 τι
1763 3712 1871 3767 qua
1923 3711 2022 3752 nec

434 3804 622 3843 severe
649 3786 928 3855 minando,
961 3800 1062 3841 nec
1087 3786 1285 3842 blande
1326 3787 1658 3856 pollicendo,
1696 3804 1797 3843 nec
1848 3787 2024 3843 amice

435 3878 771 3934 consulendo
802 3878 1117 3947 exprimere
1139 3878 1223 3931 vel
1249 3885 1438 3931 nutum
1465 3891 1634 3932 unum
1677 3882 1876 3947 potuit,
1913 3893 2022 3948 quo

432 3981 621 4022 eorum
641 3983 803 4020 unum
840 3965 1153 4036 quodpiam,
1189 3979 1310 4035 quae
1328 3974 1439 4019 tam
1472 3967 1636 4020 multa
1664 3981 1722 4022 se
1747 3968 2024 4023 machina-

437 4069 550 4114 tum
574 4068 691 4113 erat
709 4060 981 4124 conscius,
1003 4058 1343 4127 signiﬁcasse
1362 4058 1704 4129 Nicephorus
1727 4061 2022 4120 videretur.

438 4150 671 4205 Gravem
705 4165 768 4205 ea
799 4151 1095 4206 obstinatio
1130 4149 1370 4203 dolorem
1397 4149 1581 4203 attulit
1612 4164 1813 4223 magno
1832 4154 2022 4206 dome-

440 4244 580 4298 stico
635 4244 775 4298 haud
823 4245 1010 4314 ignaro
1071 4258 1181 4313 quo
1243 4246 1507 4299 malorum
1562 4246 1730 4299 miser
1760 4242 2026 4315 Diogenes

438 4336 875 4390 irrevocabiliter
913 4345 1120 4390 rueret.
1157 4334 1222 4389 Et
1274 4345 1395 4390 erat
1433 4336 1671 4390 Adriano
1733 4351 1895 4390 causa
1932 4339 2027 4391 do-

443 4429 693 4495 mestica,
756 4428 1064 4498 Nicephoro
1123 4426 1377 4482 favendi:
1412 4428 1557 4497 quod
1604 4431 1652 4483 is
1683 4427 1801 4498 ipse
1870 4427 2027 4484 Nice-

2124 3245 2493 3318 αὑτοκράτορι
2553 3253 2698 3305 κατὰ
2761 3252 2825 3305 τὸ
2886 3257 2945 3306 ὲν
3000 3255 3078 3326 τῷ
3138 3257 3365 3328 μεγάλῳ
3441 3262 3695 3331 παλατίῳ

2125 3336 2458 3408 ίππηλάσιον
2506 3342 2647 3412 ἀνήρ
2674 3359 2759 3406 τις
2806 3342 3089 3417 βάρϐαρος
3138 3348 3200 3413 ἐξ
3263 3350 3569 3420 Ἀρμενίων
3600 3353 3699 3408 καὶ

2121 3428 2382 3502 Τούρκων
2433 3433 2541 3502 φὺς
2593 3432 2746 3504 ξίφος
2786 3437 2990 3491 ἔσωθεν
3044 3439 3152 3493 τῶν
3205 3440 3427 3512 ἁμφίων
3480 3445 3690 3516 φέρων,

2123 3523 2264 3576 ἐπὰν
2310 3526 2403 3578 τὴν
2449 3527 2496 3565 ’⁷⁸
2546 3528 2931 3600 αὐτοκράτορα
2960 3531 3070 3584 τῶν
3119 3536 3603 3608 συσφαιριζόντων
3651 3540 3699 3573 τ’

2124 3612 2569 3700 ἀνασειράσαντα
2597 3619 2687 3671 τὸν
2720 3621 2940 3690 χαλινὸν
2970 3625 3376 3697 ἀπολειφθέντα
3411 3629 3700 3700 ἐθεάσατο,

2124 3706 2211 3775 ἐφ’
2248 3699 2293 3775 ᾧ
2341 3709 2716 3763 πνευστιῶντα
2764 3713 2859 3766 τὸν
2908 3712 3074 3769 ἵππον
3111 3717 3406 3787 ἀναψύξει,
3440 3722 3700 3793 πρόσεισι

2128 3802 2229 3870 μὲν
2258 3798 2335 3873 τῷ
2372 3804 2739 3877 αὐτοκράτορι
2773 3811 3094 3877 γονυπετῶν
3128 3811 3246 3883 ἅμα
3284 3816 3379 3868 καὶ
3411 3812 3690 3885 αἰτεῖσθαι

2126 3895 2557 3966 ὑποκρινόμενος
2584 3937 2599 3964 ,
2637 3901 2665 3952 ὁ
2707 3899 2764 3953 δὲ
2799 3903 3148 3974 ἀνασειράζει
3175 3904 3265 3958 τὸν
3301 3907 3466 3963 ἵππον
3492 3888 3679 3977 elisae,

2125 3988 2221 4036 καὶ
2259 3988 2620 4057 ἐπιστραφεὶς
2665 3989 3003 4045 ἐπυνθάνετο
3061 3993 3116 4046 τί
3163 3994 3229 4048 ἂν
3272 3996 3332 4049 τὸ
3375 3995 3691 4067 αἰτούμενον

2126 4082 2232 4151 εἴη.
2265 4080 2325 4135 '0
2351 4083 2407 4136 δὲ
2426 4084 2641 4152 φονεὺς,
2673 4086 2873 4156 μᾶλλον
2902 4087 3260 4163 ἥπροσαίτης
3291 4091 3389 4161 ὢν,
3415 4096 3515 4165 τὴν
3538 4097 3695 4166 χεῖρα

2127 4171 2417 4227 ὑποϐαλὼν
2474 4177 2569 4229 καὶ
2636 4176 2732 4231 τοῦ
2785 4177 2974 4250 ξίφους
3039 4183 3347 4253 ἁψάμενος,
3407 4180 3558 4239 εἷλκε
3604 4185 3702 4241 τοῦ

2127 4264 2340 4319 κολεοῦ.
2373 4264 2447 4320 Τὸ
2507 4266 2553 4320 δ’
2579 4268 2638 4323 ού
2669 4271 2954 4326 συνείπετο
2985 4275 3049 4345 τῇ
3084 4275 3253 4346 χειρί.
3277 4275 3460 4343 Ἀπαξ
3485 4273 3578 4332 οὖν
3606 4280 3703 4331 καὶ

2128 4356 2212 4419 δὶς
2241 4356 2337 4409 τοῦ
2372 4357 2473 4427 μὲν
2509 4357 2697 4428 ξίφους
2730 4361 3214 4434 ἀποπειρώμενος,
3246 4368 3361 4429 τοῖς
3389 4367 3450 4420 δε
3496 4367 3706 4438 χείλεσι

2127 4447 2347 4516 ψευδεῖς
2370 4447 2618 4519 αἰτήσεις
2658 4450 2924 4521 συνείρων
2955 4453 3025 4520 ⁷⁷,
3047 4453 3321 4523 ἀπογνοὺς
3346 4456 3439 4508 καὶ
3467 4473 3709 4528 προσου·

443 4528 650 4595 phorus
703 4526 981 4581 minimam
1040 4538 1289 4579 sororum
1341 4524 1683 4594 propriarum
1715 4565 1731 4589 ,
1796 4525 2009 4579 alterun

2131 4541 2284 4606 δίσας
2310 4543 2502 4597 ἑαυτὸν
2524 4546 2590 4617 τῇ
2612 4548 2708 4615 γῇ,
2739 4544 2915 4599 ἔκειτο
2938 4548 3274 4618 συγγνώμην
3298 4524 3706 4618 ἐξαιτούμενος.

445 4626 654 4672 tantum
689 4631 869 4671 secum
942 4629 1284 4671 communem
1329 4623 1609 4685 parentem
1683 4615 2024 4678 habentium,

2142 4636 2200 4690 Ὀ
2224 4636 2302 4704 δὲ,
2335 4639 2473 4707 πρὸς
2501 4639 2686 4703 αὑτὸν,
2721 4639 2960 4713 στρέψας
2977 4639 3069 4695 τὸν
3096 4641 3333 4711 χαλινὸν,
3368 4641 3561 4712 ἠρώτα
3582 4643 3708 4696 ὅτου

1517 4751 1727 4814 Varias
1762 4751 2076 4814 lectiones
2100 4768 2178 4815 ex
2198 4751 2343 4813 cod.
2379 4753 2651 4817 Coislin.

517 4856 563 4888 ”
588 4855 750 4909 Deest
775 4869 878 4908 vox
908 4853 1001 4906 τὸν
1042 4853 1309 4924 δρασμόν.
1335 4876 1340 4881 ν
1387 4854 1434 4886 ⁷⁸
1463 4853 1675 4924 Σερῶν.

447 4929 493 4961 ⁷⁸
527 4926 611 4979 ἐπ’
639 4924 801 4977 αὑτὸν
822 4925 936 4978 τόν.
1009 4923 1055 4955 ⁷⁵
1085 4923 1502 4994 σφαιριζόντων.
1544 4923 1547 4924 ⁷
1578 4923 1621 4954 ⁷⁷
1651 4923 1861 4985 συνείς.

1776 4852 1820 4885 ⁷¹
1861 4854 2072 4908 πεῖσαι.

2187 4853 2232 4885 ⁷²
2269 4853 2727 4925 ὑπισχνούμενος.
2832 4857 2877 4889 ⁷³
2892 4857 2963 4911 τὰ
2982 4858 3366 4915 κελευσθέντα.
3476 4860 3520 4891 ⁷⁸
3551 4863 3706 4918 ποτέ.

1526 5037 1665 5100 Car.
1696 5034 2145 5116 Dufresniipu
2177 5039 2399 5118 Cangii
2432 5047 2600 5102 notae

523 5143 639 5215 (79)
670 5138 997 5208 Θεοδώρου.
1032 5137 1307 5215 Theodori
1334 5139 1624 5215 _lliafiy£i_s
1674 5146 1728 5215 et
1781 5151 2022 5215 στρατῃ;

446 5205 623 5271 λάτον
646 5215 840 5266 fesunn
861 5205 1039 5279 agunt
1064 5208 1240 5264 Graeci
1276 5207 1308 5261 8
1333 5205 1760 5271 Febr.,Tironis
1795 5222 1918 5261 vero
1957 5205 2021 5261 i7

448 5285 707 5356 ejusdem
733 5296 956 5356 mensis.

521 5354 633 5423 (80)
664 5350 940 5421 Γαμϐρόν
985 5347 1085 5403 ἐπὶ
1118 5349 1375 5423 ὑστάτῃ.
1431 5344 1632 5423 Habuit
1682 5345 2023 5423 ﬁicephprus

450 5416 718 5491 Diogenes
749 5416 861 5475 ires
895 5434 1113 5475 sorores
1146 5421 1410 5491 uteijuas,
1432 5416 1589 5491 lilias
1611 5416 1831 5491 scilicet
1871 5416 2019 5470 Cou-

452 5486 679 5550 stautini
732 5491 889 5545 Dnca:
941 5491 1071 5558 imp.
1126 5504 1192 5542 ex
1246 5486 1480 5558 Euitiocia
1531 5486 1846 5558 Dalassena,
1900 5500 2023 5558 qua:

448 5565 722 5619 exstincto
757 5556 1288 5628 conjuge,'|iomano
1320 5557 1542 5625 Diogeni
1574 5570 1786 5628 rursuin
1815 5556 2018 5626 nupsit.

450 5634 526 5687 Ex
562 5633 755 5700 quibus
786 5624 1041 5700 secundis
1071 5624 1561 5700 Eudocizenuptiis
1602 5626 1713 5700 nati
1748 5624 2023 5700 Constan-

451 5694 624 5762 tiuns.
655 5700 787 5766 Leo,
812 5710 867 5752 et
902 5698 1238 5766 Nicephorus
1290 5697 1576 5766 Diogenes.
1623 5694 1803 5766 Prima
1858 5695 2023 5765 igitur

453 5772 690 5824 filiarum
731 5763 1076 5825 Constantini
1117 5777 1181 5821 et
1236 5763 1488 5821 Eudoéiaa
1537 5768 1712 5828 Anna,
1753 5763 2020 5818 Joannem

453 5840 790 5892 Cutnnenuin
844 5838 1252 5907 CurOpalatztm,
1311 5837 1485 5891 Alcxii
1537 5836 1880 5905 imperatoris
1933 5850 2027 5904 pa-

2133 5148 2369 5205 rentem,
2420 5142 2675 5194 maritum
2725 5140 2947 5206 habuit,
3000 5140 3168 5195 altera
3214 5142 3313 5196 fuit
3370 5141 3706 5208 Theodora;

2134 5211 2292 5263 tertia
2324 5211 2561 5277 denique
2603 5209 2739 5274 Zue,
2789 5228 2949 5281 quant
2992 5210 3335 5280 Nicephorus
3387 5213 3706 5267 Butaniates

2132 5294 2359 5353 uxorein
2392 5282 2591 5353 ducere
2624 5283 2693 5353 in_
2708 5283 2891 5335 animo
2945 5283 3247 5353 habuerat,
3271 5300 3500 5353 σιιιωψιε
3551 5295 3709 5351 μηδι-

2133 5351 2350 5423 inodum
2383 5350 2619 5423 A_driano
2653 5349 2933 5406 Comncno
2978 5367 3172 5423 magno
3219 5349 3520 5407 domestico
3553 5349 3712 5423 uxor

2132 5421 2260 5471 data
2280 5428 2381 5489 est.
2410 5418 2485 5472 Ita
2525 5429 2871 5476 materteram
2907 5418 3327 5489 nepos'uxurem
3361 5426 3536 5478 duxit.
3563 5421 3711 5477 Cun-

2131 5490 2248 5544 l'ule
2279 5486 2543 5543 Familia:
2575 5500 2785 5545 nostra:
2817 5486 3170 5547 Buzantinas.
3621 5498 3631 5509 '

2228 5557 2746 5634 81)__2.‘gpatpl(ortt.
2778 5561 2853 5634 De
2867 5557 3294 5632 Byzantiuorum
3321 5565 3426 5634 pila
3469 5566 3523 5620 in
3554 5563 3712 5634 equis

2132 5629 2358 5684 ludendi
2384 5645 2537 5684 more
2569 5629 3011 5687 dissertationem
3045 5629 3387 5691 instituimus
3433 5637 3497 5691 ad
3557 5629 3714 5688 Jdin-

2134 5698 2343 5821 villain,
2375 5715 2537 5770 quam
2568 5703 2827 5761 consulas
2861 5703 3021 5757 velint
3056 5703 3123 5759 ad
3161 5707 3319 5775 hujus
3352 5707 3452 5764 loci
3505 5705 3717 5760 intelli-

2136 5784 2235 5821 QCII
2267 5786 2396 5821 tam.

2136 5784 2396 5840 gentiam.
