4112 6410
410 375 507 442 681

1705 373 2121 440 ALEXIADIS
2160 375 2288 437 LIB
2352 376 2452 440 IX.

3572 377 3680 444 682

407 491 570 558 χάριν
605 487 939 557 συγγνώμην
970 485 1132 540 αἰτεῖ.
1167 483 1273 539 Καὶ
1315 480 1371 547 ὃς
1410 486 1469 536 τὶς
1506 485 1658 553 ξίφος
1691 487 1792 538 σὺν
1830 486 1975 555 αὐτῷ

2091 484 2214 536 huic
2239 484 2338 552 ipsi
2393 496 2586 549 magno
2635 480 2931 537 domestico
2981 481 3287 540 sociaverat
3364 487 3672 560 cutijttgem.

582 578 607 590 ς

407 578 617 647 κου).εῷ
668 577 876 631 ἐδείκνυ
906 595 919 609 ·
967 575 1346 646 στερνοτυπῶν
1395 575 1438 606 ⁷⁸
1487 575 1531 627 δ’
1580 574 1695 642 ἅμα
1744 574 1838 628 καὶ
1889 576 1979 627 ὲκ-

407 670 794 739 θαμὸούμενος
826 673 918 722 καὶ
957 669 1098 739 βοῶν
1125 669 1282 735 ἔλεγε
1306 684 1319 697 ·
1356 667 1490 721 Νῦν
1518 684 1592 722 σε
1622 667 1851 721 δοῦλον
1878 667 1985 720 τοῦ

407 762 556 816 Θεοῦ
591 762 852 830 γνήσιον
885 761 1140 828 ἔγνωκα,
1168 762 1286 813 νῦν
1315 759 1423 812 τὸν
1443 757 1637 828 μέγαν
1669 758 1817 811 Θεὸν
1845 756 1988 811 σκέ-

404 855 599 907 ποντά
625 871 698 907 σε
727 854 796 906 ὲν
824 853 1158 923 ὀφθαλμοῖς
1176 851 1474 921 τεθέαμαι.
1515 851 1645 905 Ἐπὶ
1671 850 1745 918 τῇ
1776 850 1985 920 σφαγῇ

405 948 516 1015 γὰρ
564 945 638 1013 τῇ
687 945 772 1014 σῇ
816 947 982 998 τουτὶ
1026 946 1091 998 τὸ
1139 947 1314 1014 ξίφος
1367 942 1837 1008 κατασκευάσας
1886 941 1984 996 καὶ

403 1037 608 1091 λαϐὼν
643 1040 900 1100 οἶκοθεν,
932 1037 1192 1090 ἐνταῦθα
1229 1035 1464 1104 πάρειμι
1494 1036 1586 1102 ἐφ’
1609 1029 1656 1102 ᾧ
1691 1033 1841 1087 κατὰ
1869 1034 1985 1086 τῶν

401 1129 532 1183 σῶν
564 1128 781 1192 ὠθὴσω
829 1126 1223 1196 σπλάγχνων.
1270 1127 1460 1190 "Arretii
1501 1126 1589 1189 δὲ,
1620 1127 1715 1181 καὶ
1740 1125 1854 1190 δὶς,
1883 1124 1982 1177 καὶ

399 1226 529 1291 τρὶς
561 1224 737 1276 τοῦτο
772 1221 1168 1289 σπασάμενος
1196 1219 1473 1290 οὐδαμῶς
1504 1219 1757 1275 ὑπεῖκον
1791 1220 1982 1287 ἔσχον

395 1315 470 1382 τῇ
497 1317 608 1381 βίᾳ
652 1314 762 1381 τῆς
803 1314 953 1382 ἐμῆς
986 1315 1205 1383 χειρός.
1268 1314 1327 1366 Ὀ
1384 1313 1482 1383 μὲν
1537 1313 1648 1383 γὰρ
1702 1312 1977 1382 βασιλεὺς,

394 1408 699 1478 καθαπερεὶ
743 1406 910 1474 μηδέν
938 1423 989 1459 τι
1039 1406 1284 1458 τοιοῦτον
1334 1404 1611 1475 ἀκηκοὼς,
1640 1407 1730 1458 ἐπὶ
1768 1404 1969 1457 ταὺτοῦ

394 1500 675 1568 σχήματος
715 1499 1018 1568 θαρσαλέος
1053 1499 1325 1570 εἱστήκει.
1364 1499 1712 1569 Συνέδραμον
1746 1497 1803 1551 δὲ
1843 1497 1980 1570 πρὸς

391 1593 556 1644 αὑτὸν
608 1592 962 1664 παραχρῆμα
1011 1591 1274 1657 ἅπαντες,
1325 1594 1374 1645 oi
1429 1594 1525 1664 μὲν
1573 1593 1976 1663 ἀκροασόμενοι

390 1685 502 1736 τῶν
527 1683 863 1754 λεγομένων,
893 1687 942 1738 οἱ
965 1686 1021 1739 δὲ
1047 1685 1493 1754 ὲκθαμϐούμενοι
1519 1686 1614 1739 ἐπὶ
1658 1686 1894 1751 τούτοις,
1926 1687 1974 1738 oi

390 1776 451 1829 δὲ
493 1776 840 1848 εὐνούστεροι
889 1778 935 1810 ’⁸
991 1779 1127 1850 πρὸς
1180 1779 1271 1832 τὸν
1326 1779 1708 1850 αὐτοκράτορα
1762 1778 1972 1833 διακεί-

2097 571 2301 639 itaque,
2335 572 2476 641 quod
2533 582 2651 641 post
2730 574 2912 627 omnia
2966 574 3211 630 restabat
3255 591 3446 644 unum,
3476 581 3678 637 inlimis

2058 683 2068 690 -
2100 662 2376 731 precibus,
2410 679 2548 732 quas
2580 663 2777 718 uberes
2812 665 2927 719 veri
2956 668 3160 723 amoris
3186 668 3393 724 indices
3419 671 3680 743 lacrymte

2095 755 2519 820 cemitabantar,
2563 757 2654 810 diu
2715 755 2921 811 frustra
2948 774 2975 812 a
3007 758 3245 830 Diogene
3295 767 3574 820 contendit
3621 775 3680 822 ut

2095 848 2283 903 salvus
2333 863 2456 903 esse
2510 849 2697 915 vellet,
2740 860 2992 906 revocata
3063 853 3227 908 etiam
3298 858 3678 913 recordatione

2094 942 2465 996 memorabilis
2511 954 2759 1009 eventus,
2817 961 2925 1015 quo
2960 951 3164 1003 moveri
3211 947 3501 1018 Nicephori
3551 952 3676 1008 aui-

2095 1050 2240 1088 mum
2277 1051 2374 1104 par
2428 1045 2548 1089 erat
2585 1047 2738 1091 :tnm
2791 1041 2916 1107 quia
2972 1041 3092 1110 ejus
3143 1043 3436 1100 occasione
3499 1047 3676 1114 prima

2093 1135 2444 1179 emanaverat
2468 1127 2865 1197 coniurationis
2890 1133 3148 1202 suspicio,
3183 1142 3296 1188 tum
3322 1135 3404 1189 vel
3438 1139 3676 1192 maxime

2091 1216 2348 1284 quoniam
2384 1234 2449 1273 eo
2479 1219 2622 1274 facto
2655 1223 3066 1290 comprobatum
3131 1228 3421 1283 manifeste
3477 1231 3675 1300 fuerat,

2093 1309 2202 1364 Deo
2223 1324 2344 1365 esse
2384 1325 2528 1366 curre
2593 1313 2756 1366 vitam
2814 1315 3180 1384 imperatoris,
3219 1328 3269 1374 et
3326 1320 3676 1377 insidiatores

2089 1399 2209 1470 ejus
2263 1401 2458 1456 nefarii
2507 1403 2616 1458 voti
2646 1421 2750 1458 non
2782 1405 2992 1463 futuros
3019 1421 3319 1480 compotes.
3369 1411 3475 1467 lies
3503 1430 3564 1468 ea
3596 1416 3678 1472 sic

2087 1507 2147 1548 sc
2181 1493 2389 1548 habuit.
2437 1495 2770 1552 Decurrcnte
2819 1497 2960 1554 forte
3029 1502 3360 1572 imperatore
3405 1506 3673 1562 ludicrum

2086 1596 2337 1652 equestre
2389 1588 2442 1640 in
2498 1603 2667 1643 vacua
2719 1601 2771 1646 et
2831 1594 3033 1661 patenti
3095 1611 3220 1651 area
3279 1601 3457 1668 magui
3488 1600 3675 1668 palatii

2091 1675 2400 1745 Hippelasio
2426 1679 2493 1733 ab
2525 1695 2622 1733 usu
2653 1681 2912 1748 vocitata,
2947 1683 3219 1742 Barbarus
3251 1689 3472 1759 quidam
3525 1690 3674 1745 misti

2086 1770 2302 1836 generis
2335 1787 2402 1826 ex
2433 1771 2685 1827 Armenis
2715 1783 2764 1828 et
2802 1773 3016 1843 Turcis,
3066 1792 3188 1833 cum
3250 1781 3650 1836 animadvertis

392 1884 544 1937 μενοι
577 1869 664 1920 καὶ
697 1869 1122 1938 διασπαράττειν
1161 1869 1322 1922 αὐτὸν
1354 1871 1696 1940 ἐπεχείρουν,
1734 1869 1836 1925 κᾶν
1877 1870 1973 1923 αὑ-

2081 1869 2162 1916 set
2189 1862 2572 1930 imperatorem
2605 1878 2748 1934 equo
2803 1881 2903 1920 suo
2941 1867 3108 1922 altum
3169 1871 3450 1926 anhelanti
3499 1875 3676 1944 respi-

386 1961 480 2020 τὸς
499 1960 728 2030 νεύματι
750 1979 832 2024 τε,
868 1964 961 2016 καὶ
984 1965 1150 2034 χειρὶ,
1185 1963 1280 2016 καὶ
1306 1967 1521 2033 συχνοῖς
1546 1963 1975 2034 ὲμὸριμήμασιν

387 2053 623 2122 ἀπεῖργε
659 2056 758 2121 τῆς
790 2056 1189 2124 ἐγχειρήσεως.
1227 2053 1295 2107 Τί
1328 2055 1388 2107 τὸ
1422 2055 1516 2106 ἐπὶ
1546 2056 1800 2118 τούτοις;
1831 2054 1975 2106 Παν-

387 2141 563 2204 τελιίς
608 2143 860 2212 ἀφέσεως
893 2144 920 2194 ὁ
956 2144 1154 2210 φονεὺς
1202 2147 1416 2207 ἐκεῖνος
1454 2145 1805 2214 παραχρῆμα
1845 2161 1974 2211 τυγ-

348 2234 543 2306 ἰχάνει
575 2237 950 2305 στρατιώτης,
979 2236 1078 2288 οὐκ
1110 2237 1364 2304 ἀφέσεως
1398 2237 1453 2290 δὲ
1489 2239 1672 2306 μόνον,
1704 2236 1839 2290 ἀλλὰ
1875 2237 1972 2290 καὶ

389 2329 666 2396 μεγίστων
695 2329 945 2398 δωρεῶν·
972 2331 1066 2382 ἐπὶ
1087 2331 1302 2394 τούτοις
1338 2333 1434 2383 καὶ
1467 2329 1786 2401 ἐλευθερίας
1834 2347 1973 2396 παρ-

385 2421 681 2476 απολαύει.
736 2422 932 2475 Πολλοὶ⁸
969 2423 1068 2491 μὲν
1127 2422 1221 2476 οὖν
1275 2423 1482 2476 τούτων
1534 2423 1630 2476 καὶ
1685 2422 1970 2492 ὀχλοῦντες

386 2515 670 2568 ἐνέκειντο
719 2517 818 2584 τῆς
854 2515 1253 2587 βασιλευούσης
1289 2516 1634 2586 ἀπελαθῆναι
1673 2517 1765 2570 τὸν
1801 2518 1968 2587 φονέα

380 2611 624 2662 ἐκεῖνον’
651 2609 679 2662 ὁ
701 2609 756 2661 δὲ
784 2611 884 2662 οὐκ
915 2610 1185 2676 ἐπείθετο,
1211 2610 1386 2679 λέγων
1407 2625 1422 2641 ⁸
1474 2612 1608 2664 Ἐὰν
1630 2611 1718 2680 μὴ
1747 2611 1968 2679 Κύριος

381 2701 630 2772 φυλάξῃ
664 2703 867 2764 πόλιν.
896 2705 982 2766 εις
1003 2703 1208 2772 μάτην
1238 2705 1637 2772 ἡγρύπνησεν
1666 2708 1697 2759 ὁ
1725 2705 1966 2774 φυλάσ-

381 2807 531 2847 σων.
576 2795 805 2848 Λοιπὸν
850 2795 972 2860 Θεῷ
1016 2795 1383 2866 ἐπεύχεσθαι
1413 2795 1507 2850 δεῖ
1530 2795 1646 2864 τὴν
1672 2797 1968 2866 ἡμετέραν

379 2885 615 2940 ἐκεῖθεν
653 2886 1124 2956 ἐξαιτουμένους
1187 2887 1489 2958 διαμονὴν
1531 2889 1631 2943 καὶ
1669 2888 1961 2959 φρουράν.

395 2975 830 3048 ’Υπεψιθύριζον
883 2976 978 3031 οὖν
1008 2993 1162 3041 τινες
1217 2977 1359 3048 μετὰ
1391 2981 1490 3049 τῆς
1537 2978 1632 3031 τοῦ
1673 2979 1966 3046 Διογένους

378 3073 608 3142 γνώμης
636 3073 713 3143 τῷ
741 3072 835 3126 τοῦ
866 3073 1276 3145 αὐτοκράτορος
1302 3075 1447 3145 φόνῳ
1476 3074 1964 3145 ἐπικεχειρηκὲναι

323 3181 327 3185 ·
378 3167 471 3220 τὸν
503 3166 673 3236 ἄνδρα
705 3170 934 3235 ἐκεῖνον,
967 3169 1068 3223 κᾶν
1111 3171 1137 3223 ὁ
1171 3168 1429 3238 βασιλεὺς
1461 3168 1571 3222 οὐδ’
1600 3169 1738 3230 ὅλως
1769 3167 1965 3236 ὑπεῖχε
1996 3193 2034 3247 C

380 3261 592 3324 τούτοις
622 3265 738 3324 τοῖς
764 3261 942 3329 λόγοις
980 3263 1047 3315 τὰ
1079 3256 1218 3326 ὦτα,
1287 3261 1423 3316 ἀλλὰ
1450 3261 1652 3332 μᾶλλον
1682 3260 1966 3332 ἐϐαρυμη-

387 3350 478 3404 via.
531 3353 654 3407 κατ’
691 3355 898 3416 αὐτῶν,
963 3356 1223 3410 τοσοῦτον
1273 3355 1442 3408 αὑτοῦ
1504 3354 1836 3425 ἀνεχόμενος
1893 3353 1968 3416 ῶς

398 3443 588 3516 plus;
619 3446 787 3500 αὐτοῦ
825 3447 1030 3518 λαιμοῦ
1067 3451 1169 3518 τῆς
1210 3450 1438 3518 ἀκωκῆς
1466 3447 1562 3502 τοῦ
1600 3449 1794 3516 ξίφους
1828 3445 1968 3514 φθα-

394 3535 588 3607 νούσης
619 3541 707 3593 τὸν
748 3539 1060 3609 ἀγνοοῦντα
1105 3542 1525 3612 ὑποκρίνεσθαι.
1593 3541 1757 3595 Ἀλλὰ
1791 3538 1971 3594 ταῦτα

389 3627 492 3697 μὲν
511 3630 702 3696 οὕτως.

2080 1953 2236 2008 randi
2261 1955 2492 2024 spatium
2523 1965 2742 2024 captato
2777 1972 2806 2011 a
2835 1968 3032 2014 cratera
3062 1961 3218 2016 turba
3258 1962 3406 2018 brevi
3452 1981 3674 2021 secessu

2078 2046 2315 2113 dedisse,
2349 2048 2524 2104 solum
2575 2048 2689 2102 adit
2747 2049 2852 2105 telo
2886 2062 3129 2108 armatus
3171 2057 3272 2110 sub
3306 2057 3555 2112 vestibus
3589 2057 3674 2110 la-

2080 2147 2227 2194 tente
2252 2179 2267 2206 ,
2321 2139 2588 2211 ﬂexisque
2661 2144 2831 2198 ambit
2894 2147 3164 2217 genibus:
3199 2159 3252 2204 et
3288 2151 3470 2219 specie
3515 2154 3668 2206 omni

2077 2234 2314 2302 petentis
2341 2235 2548 2304 aliquid
2573 2245 2851 2306 assumpta
2881 2237 3156 2305 studiose,
3188 2242 3566 2297 misericordis
3603 2245 3670 2298 ad

2074 2341 2134 2382 se
2160 2327 2420 2396 principis
2451 2343 2636 2382 curam
2679 2330 2999 2400 vultumque
3035 2334 3220 2388 vertit.
3262 2334 3404 2404 Ergo
3450 2337 3493 2389 is
3522 2351 3668 2406 equo

2076 2420 2410 2476 habenarum
2457 2430 2689 2477 attractu
2727 2424 2956 2479 reducto
3012 2425 3251 2482 humane
3312 2439 3668 2497 percontatur

2073 2513 2143 2568 ab
2183 2511 2445 2568 homine:
2475 2516 2606 2584 quid
2652 2514 2848 2571 vellet?
2885 2514 3022 2570 Tum
3078 2532 3208 2572 vero
3261 2519 3352 2588 qui
3387 2521 3669 2575 mendicus

2073 2608 2359 2664 videbatur
2387 2607 2646 2663 sicarium
2691 2621 2748 2664 se
2780 2609 3035 2680 prodens,
3084 2627 3247 2666 manu
3301 2614 3548 2682 capulum
3579 2628 3670 2667 ar-

2075 2700 2241 2770 ripuit
2265 2699 2590 2755 dissimulati
2627 2701 2891 2757 hactenus
2918 2703 3103 2773 gladii,
3136 2704 3422 2773 valideque
3452 2706 3667 2760 incum-

2072 2793 2206 2848 beus
2235 2792 2304 2847 ad
2329 2793 2725 2848 extrahendum
2775 2794 2976 2850 irusua
3005 2795 3126 2862 fuit,
3156 2813 3466 2867 quanquam
3499 2815 3670 2869 srmel

2072 2895 2125 2941 et
2155 2886 2352 2941 iterum
2416 2885 2723 2940 instaurate
2780 2895 3000 2942 conatu.
3056 2885 3222 2942 Haesit
3273 2888 3415 2942 cnim
3464 2891 3671 2960 vaginae

2071 2993 2286 3048 semper
2319 2979 2479 3049 quasi
2516 2989 2808 3034 concretus
2839 2980 3012 3047 ensis,
3047 2980 3266 3050 vimque
3300 2981 3571 3038 trahentis
3604 2999 3668 3038 ac

2069 3055 2338 3126 nefarium
2377 3069 2668 3124 consilium
2705 3084 2838 3125 casu
2878 3070 3020 3126 felici
3050 3071 3316 3128 destituit.
3349 3070 3446 3128 llic
3473 3073 3669 3144 depre-

2071 3164 2273 3219 hensus
2327 3164 2620 3233 parricida,
2670 3178 2775 3218 nou
2825 3162 2999 3219 defuit
3044 3164 3147 3220 sibi
3207 3173 3419 3228 tamen,
3482 3165 3574 3220 sed
3612 3165 3668 3219 in

2069 3258 2450 3328 desperatione
2477 3257 2821 3327 pcrpctrandi
2860 3257 3022 3327 ccepti
3059 3259 3304 3326 abiectus
3340 3259 3487 3313 humi
3521 3274 3669 3313 men-

2071 3352 2259 3406 dacem
2292 3351 2676 3420 paenitentiam
2727 3350 3132 3420 supplicatione
3161 3350 3452 3404 verborum
3488 3349 3669 3404 fallaci

2074 3445 2396 3517 pra-ferebat
2447 3446 2662 3500 veniam
2737 3445 3040 3514 postulans.
3096 3446 3261 3516 260
3325 3445 3493 3514 Cujus
3547 3461 3668 3500 vero

2074 3539 2263 3605 σαίρω,
2329 3553 2626 3594 conversus
2677 3538 2741 3592 ad
2803 3539 2980 3608 ipsum
3036 3539 3339 3608 impensius
3391 3541 3668 3608 Augustus

2077 3633 2275 3701 inquit,
2325 3631 2531 3685 reniam
2583 3631 2760 3702 petis?
2825 3630 2963 3684 Tum
3029 3631 3119 3685 ille
3176 3632 3387 3700 vagiam
3451 3631 3665 3685 amttam

379 3724 785 3780 demonstrabat
838 3727 1032 3785 sicam,
1088 3741 1378 3794 peetusque
1425 3727 1584 3780 simul
1637 3741 1791 3782 suum
1832 3727 2064 3780 touens
2100 3727 2246 3780 haud
2309 3725 2474 3780 dubie
2519 3726 2780 3781 attonitus
2843 3725 3114 3780 clamabat
3149 3742 3163 3780 :
3197 3723 3354 3778 Nunc
3432 3727 3540 3778 scio
3610 3733 3660 3776 te

377 3835 554 3872 verum
587 3819 683 3873 Dei
713 3838 1080 3886 esse.servum,
1107 3839 1245 3876 num:
1287 3823 1364 3874 tui
1398 3822 1613 3875 tutelam
1674 3823 1820 3875 cordi
1851 3839 1962 3876 esse
2001 3824 2202 3892 superis
2229 3838 2455 3892 agnosco
2510 3823 2638 3888 ipsis
2662 3822 2830 3876 oculis
2881 3821 3147 3874 convictus
3181 3836 3200 3874 :
3242 3818 3498 3885 siquidem
3542 3832 3664 3870 cum

378 3916 686 3968 accesserim
716 3917 786 3970 ad
826 3927 873 3971 te
901 3922 1166 3970 instructu
1222 3921 1318 3970 hoc
1356 3935 1474 3972 ense
1503 3921 1740 3971 adtuunt
1807 3918 1999 3972 credent
2076 3930 2286 3986 parato,
2353 3917 2441 3970 ubi
2506 3919 2841 3987 perpetrandi
2900 3917 3162 3984 facinoris
3216 3923 3417 3982 tempus
3478 3911 3657 3980 adfuit

375 4008 636 4077 stringere
668 4010 838 4074 ipsum
870 4012 1062 4063 iterum
1103 4025 1146 4064 et
1183 4014 1333 4065 tertio
1376 4021 1598 4065 conatus
1646 4027 1747 4080 quo
1777 4012 1828 4064 in
1864 4022 1954 4064 tua
1995 4011 2198 4065 viscera
2229 4009 2526 4075 conderent,
2555 4022 2796 4073 expertus
2826 4022 3014 4080 prwter
3057 4026 3200 4080 spem
3260 4023 3376 4062 sunt
3467 4013 3658 4059 contu-

376 4115 579 4152 macem
603 4100 751 4152 illum
787 4112 835 4155 ct
869 4105 1050 4154 manui
1089 4104 1301 4170 obsequi
1333 4115 1680 4156 recusantem.
1709 4104 1868 4158 Stetit
1894 4105 1975 4158 his
2015 4105 2215 4158 auditis
2243 4105 2296 4157 in
2330 4105 2555 4174 vestigio
2588 4105 2843 4159 immotus
2903 4113 2958 4158 et
3012 4103 3439 4173 imperturbatus
3485 4101 3662 4169 impe-

378 4204 549 4260 rator,
579 4195 735 4263 plane
781 4206 1037 4264 tanquam
1071 4196 1175 4250 alia
1212 4196 1392 4250 omnia
1415 4198 1746 4252 dicerentur.
1785 4196 2102 4251 Concursus
2143 4211 2305 4264 porro
2327 4197 2472 4249 circa
2497 4211 2620 4250 eum
2658 4206 2875 4266 repente
2899 4196 3142 4252 omnium
3161 4208 3243 4251 est
3273 4195 3487 4261 factus;
3529 4194 3667 4250 alio-

379 4304 496 4342 rum
535 4303 696 4344 nosse
741 4289 1077 4354 cupientium
1116 4288 1250 4358 quid
1302 4291 1376 4343 rei
1450 4302 1628 4356 esset;
1700 4275 1929 4344 aliorum
1978 4307 2036 4345 re
2076 4301 2382 4360 perspecta,
2423 4289 2758 4343 mirantium.
2790 4287 2964 4344 Fuere
2991 4289 3082 4358 qui
3109 4289 3376 4344 charitate
3415 4287 3658 4356 impera-

382 4382 516 4436 toris
555 4382 831 4452 principiis
864 4383 989 4434 elati
1021 4384 1332 4449 discerpere
1359 4384 1683 4451 parricidam
1719 4385 2144 4454 aggrederentur
2181 4399 2194 4436 :
2236 4399 2372 4452 quos
2394 4392 2524 4437 ttuttt
2559 4398 2832 4452 manuque
2856 4397 2920 4436 ac
2983 4380 3146 4436 minis
3205 4379 3323 4451 ipse
3370 4379 3648 4434 submovit

380 4477 680 4544 imperator
761 4491 1071 4547 noccrequc
1130 4477 1334 4532 infelici
1389 4479 1579 4544 vetuit,
1637 4479 2004 4548 cui;pr:eter
2080 4479 2324 4533 criminis
2374 4476 2603 4548 gratiam
2671 4475 2816 4545 larga
2874 4473 3038 4530 etiam
3115 4473 3254 4529 dona
3331 4471 3654 4536 cumulavit,

377 4570 578 4639 quibus
615 4557 784 4624 libere
807 4579 969 4637 atque
1017 4569 1237 4638 impune
1267 4568 1468 4626 iruitus
1509 4569 1556 4625 is
1607 4570 1803 4625 deinde
1835 4580 1958 4626 est:
2005 4585 2072 4624 ne
2107 4570 2238 4624 illud
2269 4570 2484 4638 quidem
2538 4569 2788 4638 quamvis
2843 4567 3166 4636 importunis
3215 4573 3377 4636 atque
3448 4565 3660 4618 instau-

380 4662 528 4718 tibus
596 4663 928 4716 exambitum
977 4663 1230 4730 precibus
1293 4663 1588 4733 impetrare
1650 4665 1956 4720 valentibus
2031 4664 2251 4728 amicis,
2305 4673 2363 4716 ut
2438 4663 2574 4717 lauti
2635 4662 2753 4717 ausi
2812 4669 3154 4731 compertum
3207 4659 3467 4713 sicarium
3523 4656 3660 4712 urbe

381 4756 573 4810 saltem
609 4756 752 4826 regia
785 4755 1002 4826 juberet
1026 4756 1296 4824 exsulare,
1333 4757 1575 4826 Augusto
1603 4775 1822 4814 causam
1855 4775 1951 4813 cur
1993 4768 2248 4814 renueret
2288 4759 2374 4812 his
2407 4757 2587 4812 verbis
2631 4765 2956 4825 espoueute,
2991 4769 3187 4824 nempe
3226 4769 3242 4808 :
3276 4751 3393 4807 Nisi
3477 4750 3664 4805 Domi-

381 4866 482 4903 nus
513 4851 816 4904 custodierit
851 4851 1116 4904 ciuitatem
1150 4850 1355 4918 [rustra
1398 4849 1580 4916 vigilat
1636 4852 1727 4920 qui
1800 4850 2031 4904 custodit
2074 4867 2210 4905 eam.
2247 4850 2312 4904 In
2349 4850 2443 4904 Dei
2475 4848 2639 4904 tutela
2672 4849 3019 4918 prasidioque
3067 4846 3256 4901 salutis
3286 4855 3337 4899 et
3356 4842 3657 4898 securitatis

378 4959 496 5010 spes
527 4958 704 4995 nostra
738 4943 907 4995 omnis
941 4960 1000 4996 ac
1043 4943 1185 4996 ratio
1206 4943 1308 4993 sita
1341 4954 1437 4997 est.
1472 4941 1613 4994 Hinc
1661 4943 2015 5011 exspectanda
2053 4943 2396 5011 precibusque
2455 4957 2517 4995 at:
2572 4941 2829 5011 patientia
2883 4937 3228 5008 promerendo
3278 4935 3414 4990 bona
3472 4945 3667 4989 cuncta

379 5044 525 5088 sunt.
562 5035 829 5090 Craterum
866 5034 971 5097 iam
1001 5045 1116 5088 tum
1182 5035 1492 5100 percrebuit
1540 5036 1784 5091 susurris
1823 5035 1963 5089 clam
2004 5035 2350 5103 serpentibus
2395 5035 2780 5104 quorumdam.
2818 5048 2848 5088 e
2879 5031 3002 5086 sinu
3065 5046 3130 5085 ac
3195 5029 3468 5085 sententia
3531 5028 3660 5082 Diu-

379 5125 536 5195 genis
585 5126 886 5196 profectum
953 5125 1098 5178 hunc
1190 5139 1567 5194 percussorem
1623 5126 1691 5180 ad
1777 5135 2034 5180 conatum
2076 5126 2300 5182 sceleris
2350 5125 2557 5181 infandi
2591 5145 2605 5182 :
2637 5137 2691 5180 at
2725 5141 2821 5181 eos
2856 5127 3150 5193 imperator
3180 5139 3247 5178 ne
3294 5123 3484 5178 audire
3529 5120 3662 5189 qui-

379 5222 507 5271 dem
565 5217 876 5282 sustinens,
941 5217 1098 5286 quasi
1156 5226 1364 5272 temere
1421 5219 1762 5288 suspicantes
1836 5233 1961 5272 cum
2003 5219 2290 5275 stomacho
2325 5221 2640 5289 repellebat,
2695 5220 3020 5275 obﬁrmatus
3097 5233 3268 5288 usque
3344 5217 3480 5271 adeo
3525 5217 3658 5268 sim-

383 5315 622 5386 plicitate
653 5315 790 5368 bene
817 5312 884 5367 de
913 5314 1106 5381 quovis
1148 5313 1424 5383 opinandi,
1463 5324 1521 5370 ut
1557 5331 1626 5371 ne
1648 5315 1718 5372 ab
1749 5330 1815 5372 eo
1837 5315 2053 5386 quidem
2081 5320 2171 5386 qui
2196 5319 2342 5374 clare
2403 5317 2768 5388 sibijugulutn
2835 5318 3054 5372 admoto
3121 5327 3384 5368 mucrone
3433 5318 3661 5378 peteret,

381 5418 626 5464 metuere
657 5406 936 5462 sinistrum
968 5408 1173 5478 aliquid
1208 5423 1366 5478 posse
1392 5411 1686 5469 videretur.

459 5502 677 5556 Τούτων
707 5501 802 5558 οὖν
831 5505 1152 5574 ἀναμνήσας
1180 5503 1344 5555 αὐτὸν
1375 5505 1403 5555 ὁ
1432 5503 1608 5574 μέγας
1637 5503 1965 5578 δομέστικος
1995 5509 2048 5570 D

386 5598 486 5649 καὶ
534 5597 803 5669 μηδαμῶς
853 5601 1083 5664 πείθων,
1120 5596 1440 5669 προσελθὼν
1489 5601 1834 5672 ἀπαγγέλλει
1881 5602 1960 5674 τῷ

2153 5506 2282 5562 Haec
2335 5505 2548 5574 aliaque
2603 5519 2727 5558 cum
2793 5507 3098 5572 exponeret
3159 5496 3376 5566 Diogeni
3435 5504 3662 5560 magnus

2075 5601 2440 5665 domesticus,
2477 5613 2588 5669 quo
2642 5613 2766 5653 eum
2816 5598 2882 5650 ad
2935 5591 3336 5649 confessionem
3398 5583 3664 5654 designati

1470 5717 1672 5780 Variae
1703 5717 2019 5784 lectiones
2049 5737 2130 5783 ex
2163 5719 2301 5782 eod.
2351 5714 2622 5780 Coislin.

470 5812 519 5841 '“
550 5813 987 5883 στερνοκτ..ττῶν.
1062 5813 1106 5844 ⁷³
1132 5812 1510 5884 εὐνούστερον.

716 5909 985 5967 PATROL.
1030 5909 1144 5969 GR.
1180 5910 1451 5970 CXXXI.
3272 5893 3350 5955 22
