4112 6404
396 350 523 416 ‘687

1729 348 1951 410 ΑΝΝίΕ
1992 347 2377 409 ΟΟΜΝΕΝΒ

3574 346 3681 412 θ33

416 481 477 519 ea
511 479 598 519 res
628 459 818 516 habuit
853 469 1115 530 cognatos
1175 459 1724 529 consanguineosque
1780 458 1899 528 ejus
1939 471 2003 512 ac

2115 475 2203 520 τας
2246 457 2339 510 καὶ
2386 453 2446 509 τὸ
2473 453 2665 509 δοκοῦν
2716 457 2865 528 αυτῷ
2905 457 3334 530 διαπράξασθαι,
3364 461 3551 515 ὁπόσοι
3600 467 3681 518 εἰς

417 565 647 610 cmtcros
677 554 725 609 ei
758 566 820 607 ex
860 553 1041 606 animo
1073 553 1375 607 studentes.
1414 551 1453 604 li
1480 566 1637 606 acres
1688 550 1890 621 alioqui
1939 563 2003 603 ac

420 648 589 703 fortes
620 647 743 710 viri,
779 654 836 699 ut
862 656 1017 700 erant
1047 660 1245 716 magno
1266 644 1480 714 impulsi
1510 652 1680 705 metu,
1711 658 1777 697 ne
1810 642 2002 696 videli-

418 750 504 793 cet
523 738 835 809 congregati
871 737 1190 806 praevalente
1212 751 1437 790 numero
1465 735 1728 805 conjnrati
1763 731 2001 788 furorem

419 831 471 885 in
502 831 737 900 aliquem
784 839 1152 899 erumperent,
1190 828 1421 883 consilio
1447 828 1587 882 inter
1610 842 1671 882 se
1701 826 1904 891 habito,
1935 825 2004 879 de

417 938 528 993 quo
568 923 1208 989 celatumimpcratorem
1241 921 1550 983 voluerunt,
1591 917 1709 987 ejus
1740 918 2005 988 intempe-

419 1017 592 1084 stivze,
624 1023 680 1068 ut
710 1012 992 1083 putabant,
1036 1013 1337 1066 clementia:
1401 1012 1581 1078 diffisi,
1647 1013 2005 1068 decreverunt

418 1106 703 1161 ser-udam
740 1104 792 1158 in
825 1104 1016 1172 vulgus
1044 1102 1243 1157 famam
1279 1118 1399 1172 quae
1439 1120 1537 1174 pro
1590 1111 1742 1158 certo
1775 1102 2007 1157 allirma-

419 1205 503 1251 ret
536 1204 871 1250 excreatum
904 1195 1014 1265 jam
1045 1210 1169 1249 esse
1204 1194 1519 1266 Diogenem.
1589 1191 1897 1249 Valiturum
1953 1195 2005 1248 id

414 1284 683 1352 putabant
732 1284 785 1338 in
829 1298 951 1339 eam
1002 1295 1234 1353 partem,
1284 1294 1343 1340 ut
1387 1284 1429 1338 si
1462 1285 1551 1354 qui
1580 1284 1876 1353 periclitari
1911 1299 2007 1353 pro

419 1375 654 1440 Diogene
703 1373 962 1444 quamdiu
1017 1373 1066 1429 is
1101 1374 1153 1427 in
1217 1389 1312 1444 spe
1369 1373 1505 1428 foret
1570 1375 1729 1446 263
1796 1366 2004 1444 imperii

418 1466 775 1536 adipiscendi,
832 1467 1006 1535 parati
1059 1474 1285 1533 essent,
1350 1467 1681 1522 sustinerent
1744 1469 2003 1537 impetum

419 1571 764 1629 mentemque
798 1567 1070 1613 mutarent
1099 1560 1189 1613 ubi
1237 1559 1592 1625 constitisset,
1628 1560 1870 1615 inutilem
1895 1561 2006 1629 jam

421 1651 571 1705 illum
622 1650 852 1719 imperio
912 1648 1115 1704 factum
1171 1652 1473 1706 auissione
1537 1652 1839 1706 oculorum.
1898 1650 2010 1706 Nec

418 1756 607 1796 rumor
649 1741 736 1795 hic
790 1739 963 1793 solum
996 1738 1135 1807 fuit;
1195 1757 1346 1807 nam,
1406 1752 1464 1795 ut
1496 1751 1682 1812 postea
1741 1742 2006 1821 dicemus,

2105 549 2197 602 τὸν
2233 549 2617 620 αὐτοκράτορα
2651 550 2817 604 πόθον
2852 551 3144 621 ἐγκάρδιον
3195 553 3444 623 ἔτρεφον,
3485 556 3592 608 τῶν
3621 572 3682 608 τε

2106 640 2164 707 ἐξ
2190 640 2423 711 αἵματος
2451 642 2545 694 καὶ
2589 642 2910 711 ἀγχιστείας
2952 643 3103 714 αὑτῷ
3135 645 3550 714 προσηκόντων,
3586 646 3682 698 καὶ

2103 732 2292 784 ὁπόσοι
2339 730 2570 803 πατρῷα
2599 733 2647 764 ⁸⁸
2674 733 3008 803 θεράποντες
3063 735 3185 804 τότε
3231 735 3510 804 παρῆσαν.
3556 736 3688 804 Ὀιλ-

2107 824 2434 895 6ριμοεργοὶ
2488 826 2581 878 καὶ
2625 829 2811 897 ταχεῖς
2872 828 2968 897 μὲν
3026 828 3261 880 συνιδεῖν
3319 827 3382 880 τὸ
3447 828 3681 898 μέλλον,

2106 916 2353 985 ἁγχίνοοι
2393 917 2440 949 ⁸⁸
2469 916 2526 969 δὲ
2573 916 2639 970 τδ
2688 921 2934 971 συνοῖσον
2989 918 3049 971 ὲν
3100 918 3363 990 ἀσκέπτῳ
3398 920 3690 988 καταπρά-

2108 1008 2308 1074 ξασθαι
2372 1009 2592 1080 χρόνῳ,
2652 1009 2887 1073 δεδιότες
2947 1013 3145 1080 μήπως
3192 1014 3259 1082 τῇ
3328 1013 3449 1081 μετ’
3512 1010 3688 1079 αὐτὴν

2105 1101 2201 1153 τοῦ
2278 1101 2523 1172 πλήθους
2597 1103 3003 1174 συρῤεύσαντος
3053 1104 3469 1175 ἐφορμήσαντές
3537 1120 3689 1166 τινες

2104 1195 2499 1264 διαμελίσωσιν
2543 1196 2708 1249 αύτδν
2753 1199 2843 1250 ἐπὶ
2885 1197 2981 1249 τοῦ
3019 1197 3211 1267 θρόνου
3262 1198 3524 1260 πολλάκις
3556 1196 3686 1268 ξίφη

2110 1287 2215 1340 ὑπὸ
2241 1286 2313 1340 τὰ
2334 1288 2517 1359 ἄμφια
2543 1288 2826 1360 φέροντες,
2854 1289 3044 1359 ὥσπερ
3071 1289 3202 1342 ποτὲ
3225 1290 3434 1351 ἐκεῖνος
3469 1291 3495 1341 ό
3526 1306 3689 1357 σφαι-

2116 1381 2318 1453 ρίζοντι
2348 1382 2521 1452 τούτῳ
2556 1384 2613 1435 ὲν
2662 1382 2906 1452 σχήματι
2945 1381 3244 1452 προσαίτου
3282 1380 3565 1452 προελθὼν
3610 1380 3692 1449 (τὸ

2110 1473 2166 1527 δὲ
2191 1474 2291 1528 οὐκ
2319 1472 2487 1545 ἄλλην
2517 1471 2630 1545 εἶχε
2676 1473 2775 1546 τὴν
2806 1473 3163 1544 θεραπείανῆ
3204 1474 3265 1527 τὸ
3299 1474 3398 1536 τὰς
3430 1473 3569 1542 πρὸς
3594 1475 3690 1525 τὸν

2111 1569 2375 1638 Διογένην
2416 1568 2675 1621 ἁπάντων
2724 1568 2998 1639 περιελεῖν
3020 1566 3266 1631 ἐλπίδας,
3285 1567 3385 1635 τὴν
3416 1565 3525 1619 τῶν
3566 1565 3694 1619 τού-

2110 1680 2204 1713 του
2268 1662 2537 1731 ὀμμάτων
2587 1660 2663 1724 ὡς
2731 1663 2789 1713 ἐν
2847 1661 3188 1732 παραϐύστῳ
3236 1661 3691 1730 διαφημισάντων

2116 1760 2504 1829 ὲκτύφλωσιν),
2542 1759 3041 1831 μεταπεμψάμενοὶ
3075 1776 3228 1822 τινας
3272 1760 3686 1827 διαπέμπονται

416 1841 470 1893 in
503 1850 615 1887 rem
643 1849 824 1888 sermo
852 1834 1136 1902 processit.
1172 1833 1299 1887 Inde
1351 1833 1440 1887 ubi
1497 1818 1871 1904 postridianus
1926 1837 2008 1891 sol

2115 1856 2241 1915 tab;
2297 1852 2459 1906 τοῦτο
2529 1853 2668 1923 πρὸς
2738 1855 2951 1917 πάντας
3024 1852 3565 1922 διακηρυκεύσοντας
3630 1852 3692 1903 ἐν

415 1938 581 1990 supra
617 1922 888 1977 finitorem
916 1936 1143 1976 serenus
1171 1920 1396 1986 eﬂ'ulsit,
1429 1922 1743 1990 quicunque
1778 1922 1941 1974 alicui
1970 1936 1998 1974 a

419 2015 803 2082 coniuratione
832 2012 1089 2082 Diogenis
1117 2022 1295 2077 erant,
1341 2022 1450 2066 tum
1504 2012 1815 2081 praetoriani
1872 2013 2012 2066 mili-

414 2114 523 2172 tes,
546 2103 706 2172 primi
737 2118 936 2173 magno
966 2114 1119 2157 metu
1156 2117 1222 2157 ac
1256 2103 1438 2157 studio
1463 2103 1529 2157 ad
1565 2102 1855 2171 Augustalc
1881 2118 2011 2157 eon-

406 2196 612 2259 ﬂuunt,
662 2196 716 2250 hi
772 2195 994 2249 ensibus
1045 2194 1301 2260 accincti,
1356 2193 1411 2247 hi
1444 2195 1612 2248 hastis
1665 2195 1884 2261 armati,
1917 2195 2009 2249 alii

404 2301 631 2356 magnae
666 2284 824 2340 molis
856 2285 1065 2340 ferreas
1098 2285 1444 2356 rhomphaeas
1496 2300 1790 2355 suspensas
1816 2302 1882 2341 ex
1914 2286 2015 2340 hu-

419 2381 588 2433 meris
619 2378 883 2434 habentes
920 2394 934 2432 :
965 2392 1158 2433 omnes
1215 2378 1473 2434 continua
1507 2379 1783 2448 utrimque
1819 2378 2011 2450 dispo-

414 2471 507 2525 siti
538 2469 700 2535 serie,
732 2468 929 2523 solium
950 2468 1375 2539 imperatorisin
1410 2467 1640 2523 formam
1675 2468 2010 2534 semicirculi

419 2572 548 2619 sunt
603 2561 896 2633 complexi,
959 2576 1065 2615 non
1100 2563 1168 2618 ad
1227 2562 1488 2616 honorem
1542 2561 1721 2633 magis
1757 2578 1917 2632 quam
1944 2565 2013 2618 ad

421 2655 733 2726 prmsidium
766 2652 1134 2723 imperatoris.
1189 2652 1330 2706 Iram
1375 2652 1517 2706 haud
1548 2652 1766 2706 dubiam
1826 2652 2016 2721 reique

412 2746 674 2818 gerendas
698 2752 950 2816 paratum
985 2743 1243 2812 impetum
1279 2742 1520 2797 vultibus
1556 2742 1791 2797 universi
1820 2741 2014 2812 przefc-

424 2836 640 2901 rebant,
694 2848 761 2887 ac
812 2834 854 2887 si
888 2848 995 2886 non
1038 2846 1355 2897 mucrones,
1401 2821 1576 2886 certe
1629 2832 1841 2885 animos
1896 2840 2017 2886 cote

424 2928 658 2995 quadam
690 2924 1083 2995 indignationis
1136 2923 1363 2978 irritatae
1417 2922 1707 2976 acuebant.
1767 2919 2016 2977 Proxime

424 3019 651 3085 Augusti
684 3016 867 3071 sedem
898 3030 962 3070 ac
985 3029 1184 3081 corpus
1224 3016 1414 3070 ordine
1446 3017 1719 3085 utrimque
1753 3015 1805 3068 in
1848 3014 2017 3070 armis

424 3111 600 3164 astitit
635 3106 736 3163 llos
774 3107 891 3178 ipse
914 3106 1237 3173 nobilitatis,
1298 3114 1563 3175 quotquot
1628 3107 2011 3172 imperatorem

424 3199 792 3272 cognationis,
837 3198 1140 3267 sanguinis,
1185 3209 1277 3252 aut
1303 3196 1580 3251 affinitatis
1610 3196 2015 3251 necessitudine

425 3287 823 3358 contingebant
856 3304 870 3340 :
904 3286 1121 3355 longius
1153 3286 1462 3357 praetoriani
1496 3301 1560 3341 ae
1597 3287 1798 3343 milites
1833 3286 2014 3341 caeteri

425 3384 619 3434 dextra
649 3380 891 3448 laevaque
915 3378 1292 3449 producebant
1310 3377 1600 3432 terriﬁcam
1635 3377 1853 3432 seriem.
1878 3377 2014 3431 Tum

424 3474 703 3545 Augustus
734 3471 785 3525 in
817 3471 955 3525 solio
992 3471 1269 3539 apparuit,
1301 3482 1412 3522 non
1448 3468 1592 3538 regie
1624 3467 1795 3538 magis
1851 3482 2014 3536 quam

429 3563 737 3619 militariter
784 3563 1031 3618 indutus.
1095 3561 1422 3629 Suggestum
1478 3575 1589 3615 non
1647 3560 1703 3614 in
1763 3574 2015 3630 magnam

418 3656 771 3711 altitudinem
804 3664 1078 3710 evectum.
1113 3646 1375 3722 Princeps
1439 3668 1545 3708 non
1575 3653 1850 3723 {procerus
1892 3666 2017 3707 cor-

425 3764 583 3818 pore,
618 3750 838 3816 insnper
867 3746 1032 3800 animi
1063 3744 1331 3800 modestia
1382 3744 1680 3798 fastuosam
1715 3742 2019 3797 sublimita-

429 3854 536 3898 tem
570 3856 674 3896 non
728 3839 1038 3895 allectabat.
1096 3835 1382 3893 Substrata
1448 3848 1630 3891 tamen
1697 3850 1831 3890 auro
1861 3834 2021 3890 sedes

422 3933 550 3996 fuit,
585 3945 744 4001 quam
777 3938 832 3985 et
865 3943 1100 3997 superne
1133 3927 1424 3981 imminens
1472 3941 1535 3980 ex
1571 3940 1708 3979 auro
1740 3926 1870 3979 item
1899 3939 2020 3977 um-

428 4023 568 4077 bella
607 4022 924 4076 decorabat.
956 4020 1133 4088 Caput
1177 4018 1523 4087 imperatoris
1556 4030 1759 4071 corona
1792 4024 2020 4085 .tectum

428 4124 549 4169 erat
574 4128 812 4184 superne
845 4113 1055 4176 clausa,
1093 4110 1261 4166 facies
1287 4110 1449 4165 solito
1480 4109 1757 4166 ardentior
1793 4117 2023 4164 conten-

431 4213 583 4262 tione
635 4208 749 4276 ipsa
786 4203 989 4274 negotii
1044 4218 1108 4258 ac
1148 4202 1376 4272 periculi
1436 4201 1720 4272 praesentis
1776 4202 2020 4255 innatum

432 4298 687 4353 ruborem
746 4296 801 4349 in
853 4294 1208 4348 intensiorem
1270 4302 1554 4347 saturante
1613 4305 1930 4362 purpuram.
1963 4289 2021 4344 In

431 4408 540 4444 nuo
568 4388 733 4443 defixi
771 4387 936 4452 oculi,
967 4386 1131 4440 altius
1161 4384 1424 4455 quiddam
1451 4384 1822 4453 attentiusque
1874 4382 2023 4453 cogi-

435 4484 599 4538 tantis
656 4480 896 4550 speciem
938 4479 1176 4533 edebant
1204 4492 1221 4530 :
1248 4476 1660 4546 multorumque
1691 4474 1850 4545 quasi
1881 4489 2017 4530 con-
2045 4477 2094 4537 D

434 4578 585 4627 thctu
630 4574 972 4627 iuternorutn
1025 4583 1284 4624 sensuum
1316 4569 1598 4622 aestuantis
1628 4567 1817 4631 animi,
1847 4564 2017 4622 facies

434 4682 489 4720 et
513 4672 736 4720 obtutus
770 4661 971 4717 iudicia
1005 4659 1363 4717 monstrabat.
1399 4658 1812 4712 Concurrebaut
1833 4657 2016 4711 cuncti

438 4757 643 4825 pariter
698 4752 1005 4827 conterriti,
1059 4752 1168 4806 imo
1192 4749 1525 4805 consternati
1572 4763 1637 4801 ac
1668 4756 1877 4802 tantum
1907 4762 2017 4802 non

440 4845 738 4900 exanimati
781 4852 951 4906 metu,
1001 4841 1200 4910 quippe
1229 4827 1365 4908 ques
1393 4838 1591 4908 partim
1621 4835 1768 4891 velut
1789 4837 2014 4892 infixum

442 4934 695 4990 vitalibus
722 4932 882 4987 telum
906 4933 1096 5000 quovis
1120 4930 1309 4985 aculeo
1342 4928 1524 4983 aerius
1569 4937 1834 4997 pungeret
1872 4926 2025 4996 cogi-

444 5040 565 5081 tatae
598 5024 914 5081 defectionis
945 5022 1298 5085 conscientia,
1334 5018 1527 5090 partim
1569 5019 1831 5075 sollicitas
1855 5018 2026 5073 habe-

445 5131 523 5173 ret
550 5126 727 5172 status
753 5130 935 5170 rerum
969 5127 1230 5181 praesens,
1263 5126 1333 5165 ne
1371 5125 1476 5178 qua
1513 5109 1568 5163 in
1603 5109 1748 5179 ipsos
1788 5107 2031 5178 suspicio

444 5210 687 5267 trimiuis
738 5216 1139 5279 aspergeretur.
1194 5204 1251 5258 In
1312 5203 1397 5257 his
1449 5203 1598 5258 curis
1651 5201 1782 5256 muti
1837 5215 2029 5257 omnes

447 5303 711 5360 κρειίυιιιυ
765 5300 1017 5356 astabant
1076 5294 1401 5367 augustalis,
1429 5294 1483 5348 in
1517 5302 1688 5363 portas
1744 5296 2026 5348 custodem

442 5399 614 5453 mulis
671 5395 914 5451 intentis.
969 5392 1101 5447 Erat
1151 5391 1198 5443 is
1246 5387 1490 5442 Taticius
1549 5387 1632 5440 vir
1684 5394 1944 5440 strenuus
1977 5393 2032 5440 et

443 5492 720 5563 pzudens;
754 5487 840 5543 cui
868 5500 990 5540 eum
1022 5483 1171 5538 nictu
1204 5480 1347 5536 oculi
1374 5477 1662 5533 annuisset
1714 5477 2012 5546 imperator

2112 1945 2486 2015 ἀπορρήτοις,
2533 1946 2638 1997 κᾶν
2690 1944 2814 2014 μηδ’
2874 1946 2954 2009 εἰς
3013 1945 3136 1999 νοῦν
3183 1944 3337 1998 οὔπω
3370 1944 3545 2018 Δτοῦτο
3594 1942 3690 1997 τοῦ

2113 2036 2517 2106 αὐτοκράτορος
2537 2037 2673 2100 ὅλως
2705 2037 2879 2108 ἀνῄει.
2914 2038 2975 2091 ὐ
3008 2039 3064 2091 δὲ
3092 2037 3248 2102 λόγος
3276 2030 3431 2097 οὗτος
3460 2035 3564 2089 κᾶν
3597 2036 3693 2103 ψι-

2113 2125 2206 2191 λὲς
2236 2129 2344 2180 τότ’
2378 2124 2465 2199 ἦν,
2499 2129 2581 2190 είς
2616 2129 2779 2199 ἔργον
2828 2131 2977 2197 ὅμως
3020 2129 3367 2199 προύϐεϐηκε
3400 2130 3469 2193 ⁸⁷,
3505 2129 3692 2192 καθὼς

2113 2222 2141 2275 ό
2191 2220 2347 2288 λόγος
2399 2223 2698 2292 κατωτέρω
2749 2221 3170 2293 διατρανὼσειεν
3208 2222 3277 2278 ⁸⁸.
3333 2222 3501 2275 Ἐπὰν
3559 2222 3618 2275 δὲ
3663 2224 3693 2275 ὁ

2111 2317 2261 2391 ἣλιος
2293 2318 2387 2370 τοῦ
2431 2317 2707 2389 ὁρίζοντος
2751 2317 3073 2386 ὑπερκύψας
3117 2315 3368 2386 λαμπρὸς
3414 2315 3690 2386 ἀνέθορεν,

2112 2413 2302 2467 ὁπόσοι
2331 2412 2438 2465 τῶν
2483 2411 2615 2481 περὶ
2657 2412 2749 2464 τὸν
2774 2412 3158 2482 αὐτοκράτορα
3210 2409 3285 2480 μὴ
3318 2412 3409 2479 τῆς
3446 2408 3540 2462 τοῦ
3570 2412 3692 2462 Διο-

2115 2508 2308 2575 γένους
2339 2505 2519 2575 λύμης
2545 2504 2923 2575 μετειλήχασι,
2940 2504 3034 2557 καὶ
3060 2503 3215 2561 αὐτοὶ
3236 2504 3291 2557 δὲ
3312 2505 3360 2557 οἱ
3391 2504 3558 2557 πάλαι
3580 2504 3694 2556 τῶν

2119 2598 2417 2670 βασιλικῶν
2476 2597 2745 2664 σωμάτων
2806 2598 3131 2666 τεταγμένοι
3188 2596 3425 2664 φύλακες
3487 2596 3694 2664 πρῶτοι

2116 2689 2255 2759 πρὸς
2286 2690 2385 2759 τὴν
2431 2686 2719 2758 βασιλικὴν
2766 2690 3008 2759 ἐχώρουν
3056 2689 3283 2759 σκηνὴν,
3334 2689 3382 2741 οἱ
3419 2686 3518 2757 μὲν
3563 2686 3693 2755 ξίφη

2118 2781 2578 2852 περιεζωσμένοι,
2615 2783 2665 2833 οἱ
2695 2781 2752 2833 δὲ
2790 2780 2994 2848 δόρατα
3031 2778 3076 2811 ⁸⁹
3107 2778 3387 2848 φέροντες,
3418 2780 3466 2829 οἱ
3505 2776 3561 2831 δὲ
3592 2777 3694 2839 τὰς

2120 2874 2519 2946 βαρυσιδήρους
2552 2874 2831 2945 ῥομφαίας
2866 2873 2961 2925 ἐπὶ
3005 2870 3115 2925 τῶν
3162 2870 3329 2939 ὤμων
3356 2871 3596 2939 ἔχοντες,
3627 2871 3695 2921 ἐκ

2117 2968 2488 3037 διαστήματός
2516 2984 2663 3029 τινος
2695 2966 2788 3019 τοῦ
2817 2964 3097 3035 βασιλικοῦ
3133 2964 3325 3034 θρόνου
3357 2966 3437 3026 εἰς
3470 2978 3694 3032 μηνοει-

2118 3061 2205 3124 δὲς
2244 3059 2430 3131 σχῆμα
2466 3058 2695 3120 ἑαυτοὺς
2743 3058 2918 3113 ιλαδὶν
2951 3059 3417 3127 καταστήσαντες,
3462 3056 3556 3107 καὶ
3584 3048 3695 3107 οἷον

2040 3159 2082 3217 C
2118 3152 2615 3223 ἐναγκαλισάμενοι
2648 3152 2739 3202 τὸν
2764 3152 3141 3220 αὐτοκράτορα
3164 3148 3322 3220 θυμῷ
3356 3145 3697 3216 στρατηγούο

2120 3263 2273 3318 μενοι
2314 3246 2516 3309 πάντες
2547 3244 2642 3297 καὶ
2677 3243 2958 3313 θήγοντες,
2997 3242 3103 3296 κᾶν
3153 3241 3226 3311 μὴ
3262 3241 3331 3296 τὰ
3361 3240 3511 3308 ξίφη,
3559 3240 3698 3294 ἀλλὰ

2116 3342 2215 3402 τὰς
2243 3338 2493 3410 καρδίας.
2521 3338 2687 3391 ’Ὀσον
2708 3335 2767 3390 δὲ
2793 3336 2840 3368 ’⁸
2866 3334 3129 3403 συγγενὲς
3158 3335 3217 3401 ἐξ
3249 3333 3483 3403 αῐματός
3509 3349 3569 3386 τε
3597 3334 3695 3387 καὶ

2118 3434 2436 3505 ἀγχιστείας
2481 3431 2655 3501 τούτῳ
2680 3430 2725 3462 ⁹¹
2757 3430 3032 3499 προσῆκον
3065 3427 3236 3497 ἀγχοῦ
3280 3426 3374 3480 τοῦ
3410 3424 3693 3498 βασιλικοῦ

2119 3527 2311 3599 θρόνου
2352 3524 2439 3594 ἐφ’
2466 3524 2703 3594 ἑκάτερα
2741 3523 2983 3576 ἵσταντο.
3015 3521 3264 3586 Δεξιόθεν
3285 3520 3342 3573 δὲ
3377 3521 3472 3573 καὶ
3501 3519 3560 3585 ἐξ
3600 3521 3695 3573 εύ-

2117 3620 2355 3691 ωνύμων
2384 3618 2566 3687 ἓτεροι
2594 3614 2924 3667 καθίσταντο
2970 3612 3336 3668 ὑπασπισταί.
3376 3613 3435 3666 '0
3459 3613 3515 3664 δὲ
3543 3613 3701 3683 βασι-

2116 3714 2241 3774 λεὺς
2278 3711 2372 3763 ἐπὶ
2416 3710 2595 3762 θώκου
2646 3706 2877 3777 φοϐερὸς
2906 3706 3279 3777 προὺκάθητο,
3311 3706 3371 3759 οὐ
3401 3705 3697 3776 pas-Aturi);

2119 3799 2454 3869 ἐσταλμένος
2505 3796 2707 3867 μᾶλλον
2754 3796 2789 3867 ἢ
2844 3794 3276 3867 στρατιωτικῶς.
3318 3796 3443 3850 οὐδὲ
3468 3797 3515 3829 ⁸⁸
3559 3797 3698 3851 πολὺ

2123 3893 2400 3964 μετέωρος
2451 3892 2612 3943 ὁποῖα
2656 3888 2728 3941 τὰ
2758 3888 2968 3941 ἐκείνου
3011 3888 3087 3957 μὴ
3122 3886 3431 3957 ἐπηρμέναι.
3475 3887 3694 3958 Χρυσὸς

2119 3983 2174 4036 δὲ
2194 3982 2342 4051 ὅμως
2363 3979 2454 4034 τὸν
2474 3977 2665 4049 θρόνον
2703 3978 3023 4048 ὑπήλειφεν,
3067 3978 3167 4030 ύπε
3177 3979 3493 4048 ρανεστήκει
3515 3993 3572 4028 τε
3593 3975 3690 4047 τὴν

2121 4074 2392 4145 κεφαλήν.
2427 4070 2768 4125 Συνέσταλτο
2796 4070 2855 4123 δὲ
2902 4069 3093 4123 τούτου
3125 4069 3185 4122 τὸ
3214 4070 3551 4134 ἐπισκύνιον,
3595 4068 3695 4139 τὴν

2119 4169 2177 4223 δὲ
2209 4166 2445 4238 παρειὰν
2480 4162 2742 4218 ὲπιπλέον
2773 4164 2893 4217 τότε
2924 4165 2952 4216 ό
2984 4160 3133 4230 ἁγὼν
3182 4163 3589 4232 κατεφοίνισσε,
3630 4164 3699 4215 τὰ

2121 4262 2177 4316 δὲ
2206 4260 2433 4331 ὄμματα
2460 4256 2753 4328 πεπηγότα
2795 4256 2889 4307 ἐπὶ
2921 4254 3169 4317 συννοίας
3197 4255 3288 4307 καὶ
3324 4255 3506 4324 πλήρη
3539 4253 3702 4306 ἑνου-

2125 4354 2396 4426 μημάτων
2455 4349 2831 4418 ὑπεμαίνοντα
2864 4346 2911 4377 ⁸³
2940 4344 3038 4416 τὴν
3065 4345 3266 4415 ψυχήν,
3319 4344 3581 4398 Συνέθεον
3642 4344 3701 4397 δὲ

2121 4443 2363 4503 ἅπαντες
2418 4434 2557 4508 ὁμοῦ
2602 4433 2995 4504 πεφοϐημένοι,
3065 4433 3299 4496 καὶτὰς
3368 4433 3549 4503 ψυχὰς
3611 4450 3704 4503 μι-

2125 4534 2261 4606 κροῦ
2300 4535 2357 4596 ἐς
2407 4532 2543 4601 ἀέρα
2595 4528 2701 4581 ὑπὸ
2731 4525 3121 4597 ὲξερεύξασθαι
3163 4525 3332 4595 φόϐου
3361 4525 3407 4559 ⁸⁸
3441 4525 3702 4589 ἐκϐιαζό-

2129 4644 2280 4700 μενοι
2310 4625 2379 4693 ⁹⁸,
2413 4622 2522 4677 τῶν
2578 4620 2677 4693 μὲν
2720 4619 2977 4688 ὀξύτερον
3022 4618 3211 4689 βέλους
3247 4617 3350 4670 ὑπὸ
3396 4619 3497 4689 τῆς
3552 4620 3703 4686 σφῶν

2127 4720 2488 4792 συνειδήσεως
2527 4714 2924 4785 κεντουμένων,
2957 4713 3069 4766 τῶν
3101 4712 3159 4766 δὲ
3198 4712 3298 4782 τὴν
3332 4717 3528 4782 καινὴν
3570 4716 3705 4766 ὐπο-

2123 4816 2256 4888 ψιαν
2294 4811 2565 4866 δεδιότων.
2592 4807 2752 4876 Φωνὴ
2782 4806 2839 4858 δέ
2862 4821 2945 4867 τις
2978 4804 3113 4878 παρ’
3145 4803 3357 4857 οὐδενδ;
3388 4803 3704 4874 ἐξηκούετο,

2123 4906 2239 4963 ἀλλ’
2265 4904 2452 4967 ἀτενὲς
2493 4901 2632 4974 πρὸς
2656 4900 2747 4953 τὸν
2777 4899 3121 4967 ἐφεστηκότα
3151 4900 3215 4967 τῇ
3253 4897 3395 4969 πύλῃ
3435 4898 3533 4966 τῆς
3566 4914 3702 4965 σκη-

2130 5002 2228 5073 νῆς
2265 4994 2627 5056 ἀπονεύοντες
2666 4991 2998 5074 ἐπτοημένοι
3033 4991 3379 5067 ειστήιιεσαν.
3435 4991 3598 5059 Ἀνὴρ
3647 4991 3704 5043 δὲ

2135 5092 2292 5158 οὗτος
2349 5089 2444 5145 καὶ
2473 5088 2651 5141 εἰπεῖν
2680 5083 2902 5147 συνετὸς
2927 5082 3022 5136 καὶ
3058 5082 3517 5154 καταπράξασθαι
3544 5083 3706 5136 δυνα-

2124 5193 2238 5257 τδς,
2272 5185 2531 5244 Τατίκιος
2582 5178 2759 5247 τούτῳ
2808 5177 2870 5230 τὸ
2912 5176 3105 5247 ὄνομα.
3152 5176 3338 5248 Τούτῳ
3366 5178 3394 5230 6
3447 5175 3709 5246 βασιλεὺς

2126 5278 2470 5339 ἐνατενισας,
2520 5271 2707 5327 δοῦναι
2756 5271 2869 5333 τοῖς
2912 5270 3111 5335 ἔξωθεν
3143 5271 3192 5304 ⁹⁴
3221 5270 3324 5339 τὴν
3368 5270 3575 5324 εῐσοδον
3620 5268 3711 5322 διὰ

2127 5376 2224 5431 τοῦ
2283 5369 2599 5440 βλέμματος
2654 5364 2935 5433 ἐνέφηνεν.
2989 5363 3050 5416 '0
3092 5363 3147 5415 δὲ
3208 5364 3554 5433 παραχρῆμα
3612 5363 3711 5429 τῆς

2131 5465 2337 5522 εἰσόδου
2361 5460 2574 5523 τούτοις
2604 5458 2948 5529 παραχωρεῖ.
2986 5455 3045 5507 Ὀ
3073 5456 3116 5490 ⁹⁷
3140 5454 3197 5509 δὲ
3222 5456 3428 5526 καίπερ
3449 5454 3710 5523 δεδιότες,

1525 5609 1737 5673 Varia;
1769 5609 2088 5672 lectiones
2128 5621 2208 5666 ex
2236 5599 2378 5677 cod.
2410 5594 2680 5657 Coislin.

516 5749 562 5781 ⁵³
592 5743 884 5819 πρώηνμοί.
958 5744 1004 5778 ⁸⁸
1028 5741 1299 5819 ἁγχίνοες.
1351 5734 1810 5819 ..ειταπροϐέιϐηκξεΣ

1903 5732 1950 5764 ⁸8
1973 5747 2003 5764 ρ
2012 5728 2143 5764 Ληουῖ

516 5749 562 5781 ⁵³
592 5747 786 5819 πρώην
814 5743 884 5799 οἱ.
958 5744 1004 5778 ⁸⁸
1028 5743 1299 5814 ἁγχίνοες.
1395 5743 1439 5772 ⁸⁷
1474 5743 1810 5806 προδέὸηκε.
1903 5743 1950 5764 ³³
1973 5743 2328 5802 τρανωσειεν.
2435 5743 2480 5756 --
2518 5743 2687 5792 οωρα.
2789 5743 2930 5800 -~_m

454 5819 501 5851 "
531 5818 686 5877 μηδὲ.
766 5817 810 5850 ⁸³
840 5816 1273 5879 ύπεμφαίνοντα.
1351 5810 1398 5844 ’⁵
1436 5807 1539 5863 ὑπὸ
1558 5806 1724 5875 φόϐου
1760 5800 2169 5874 ὲξερεύξασθαι,
2246 5799 2291 5832 ’⁸
2318 5792 2653 5866 βιαζόμενοι.
2729 5791 2775 5823 ⁸⁸
2806 5788 2930 5854 ἔξω,

2435 5722 2480 5756 ι·
2518 5721 2687 5792 δώρα.
2734 5717 3034 5792 H'LDeest
3079 5721 3270 5776 vocula
3304 5705 3381 5780 δι’.
3458 5722 3499 5754 οι
3538 5719 3713 5791 αὐτῷ.
3764 5714 3769 5717 ’

3012 5792 3053 5823 ν’
3081 5793 3151 5848 οἱ.
