  <div class='ocr_page' id='page_1' title='image "/cluster/home/n/w/nwhite01/storage/ocr_20150623/131:no.4/coo.31924054870369/352.png"; bbox 0 0 4112 6400; ppageno 0'>
   <div class='ocr_carea' id='block_1_1' title="bbox 414 434 524 497">
    <p class='ocr_par' dir='ltr' id='par_1_1' title="bbox 414 434 524 497">
     <span class='ocr_line' id='line_1_1' title="bbox 414 434 524 497; baseline -0.009 0"><span class='ocrx_word' id='word_1_1' title='bbox 414 434 524 497; x_wconf 82' lang='lat'><strong>68)</strong></span> 
     </span>
    </p>
   </div>
   <div class='ocr_carea' id='block_1_2' title="bbox 1682 439 2422 503">
    <p class='ocr_par' dir='ltr' id='par_1_2' title="bbox 1682 439 2422 503">
     <span class='ocr_line' id='line_1_2' title="bbox 1682 439 2422 503; baseline 0.004 -5"><span class='ocrx_word' id='word_1_2' title='bbox 1682 439 2098 500; x_wconf 79' lang='lat' dir='ltr'><strong>ALEXIADlS</strong></span> <span class='ocrx_word' id='word_1_3' title='bbox 2127 441 2270 503; x_wconf 82' lang='lat' dir='ltr'><strong>LIB.</strong></span> <span class='ocrx_word' id='word_1_4' title='bbox 2321 443 2422 502; x_wconf 79' lang='lat' dir='ltr'><strong>lX.</strong></span> 
     </span>
    </p>
   </div>
   <div class='ocr_carea' id='block_1_3' title="bbox 3578 448 3689 507">
    <p class='ocr_par' dir='ltr' id='par_1_3' title="bbox 3578 448 3689 507">
     <span class='ocr_line' id='line_1_3' title="bbox 3578 448 3689 507; baseline 0.018 -5"><span class='ocrx_word' id='word_1_5' title='bbox 3578 448 3689 507; x_wconf 59' lang='grc' dir='ltr'><strong>Εεᾘῖ</strong></span> 
     </span>
    </p>
   </div>
   <div class='ocr_carea' id='block_1_4' title="bbox 406 545 2009 626">
    <p class='ocr_par' dir='ltr' id='par_1_4' title="bbox 406 545 1987 620">
     <span class='ocr_line' id='line_1_4' title="bbox 406 545 1987 620; baseline 0.003 -20"><span class='ocrx_word' id='word_1_6' title='bbox 406 545 523 600; x_wconf 79' lang='grc' dir='ltr'>ἀλλ’</span> <span class='ocrx_word' id='word_1_7' title='bbox 554 547 704 614; x_wconf 63' lang='grc' dir='ltr'>ὅμως</span> <span class='ocrx_word' id='word_1_8' title='bbox 741 546 994 618; x_wconf 74' lang='grc' dir='ltr'>εἰσῄεσαν</span> <span class='ocrx_word' id='word_1_9' title='bbox 1045 547 1412 619; x_wconf 74' lang='grc' dir='ltr'><strong>τετραμμένοι</strong></span> <span class='ocrx_word' id='word_1_10' title='bbox 1460 565 1517 600; x_wconf 77' lang='grc' dir='ltr'><strong>τε</strong></span> <span class='ocrx_word' id='word_1_11' title='bbox 1566 549 1663 612; x_wconf 74' lang='grc' dir='ltr'>τὰς</span> <span class='ocrx_word' id='word_1_12' title='bbox 1708 550 1861 620; x_wconf 64' lang='grc' dir='ltr'>ὄψεις</span> <span class='ocrx_word' id='word_1_13' title='bbox 1895 553 1987 605; x_wconf 67' lang='grc' dir='ltr'><strong>καὶ</strong></span> 
     </span>
    </p>
   </div>
   <div class='ocr_carea' id='block_1_5' title="bbox 2114 545 3688 626">
    <p class='ocr_par' dir='ltr' id='par_1_5' title="bbox 2114 553 3688 626">
     <span class='ocr_line' id='line_1_5' title="bbox 2114 553 3688 626; baseline 0.006 -23"><span class='ocrx_word' id='word_1_14' title='bbox 2114 566 2144 604; x_wconf 85' lang='lat' dir='ltr'><strong>Il</strong></span> <span class='ocrx_word' id='word_1_15' title='bbox 2185 554 2328 606; x_wconf 79' lang='lat' dir='ltr'><strong>intro</strong></span> <span class='ocrx_word' id='word_1_16' title='bbox 2351 553 2664 607; x_wconf 59' lang='lat' dir='ltr'><strong>admitteret</strong></span> <span class='ocrx_word' id='word_1_17' title='bbox 2695 569 2788 608; x_wconf 70' lang='lat' dir='ltr'><strong>eos</strong></span> <span class='ocrx_word' id='word_1_18' title='bbox 2820 555 2905 624; x_wconf 81' lang='lat' dir='ltr'><strong>qui</strong></span> <span class='ocrx_word' id='word_1_19' title='bbox 2942 555 3073 609; x_wconf 75' lang='lat' dir='ltr'><strong>loris</strong></span> <span class='ocrx_word' id='word_1_20' title='bbox 3105 561 3688 626; x_wconf 65' lang='lat' dir='ltr'><strong>exspectabant,iures</strong></span> 
     </span>
    </p>
   </div>
   <div class='ocr_carea' id='block_1_6' title="bbox 411 639 1987 712">
    <p class='ocr_par' dir='ltr' id='par_1_6' title="bbox 411 639 1987 712">
     <span class='ocr_line' id='line_1_6' title="bbox 411 639 1987 712; baseline 0.003 -21"><span class='ocrx_word' id='word_1_21' title='bbox 411 639 601 710; x_wconf 68' lang='grc' dir='ltr'>βραδεῖ</span> <span class='ocrx_word' id='word_1_22' title='bbox 655 640 784 692; x_wconf 74' lang='grc' dir='ltr'>ποσὶ</span> <span class='ocrx_word' id='word_1_23' title='bbox 821 641 866 674; x_wconf 67' lang='grc'><strong>⁸³</strong></span> <span class='ocrx_word' id='word_1_24' title='bbox 910 641 1236 711; x_wconf 81' lang='grc' dir='ltr'>στείχοντες.</span> <span class='ocrx_word' id='word_1_25' title='bbox 1286 643 1444 695; x_wconf 70' lang='grc' dir='ltr'>Κατὰ</span> <span class='ocrx_word' id='word_1_26' title='bbox 1495 643 1744 712; x_wconf 73' lang='grc' dir='ltr'>στοίχνιυς</span> <span class='ocrx_word' id='word_1_27' title='bbox 1789 643 1844 695; x_wconf 82' lang='grc' dir='ltr'>δὲ</span> <span class='ocrx_word' id='word_1_28' title='bbox 1889 642 1987 712; x_wconf 76' lang='grc' dir='ltr'><strong>τὴν</strong></span> 
     </span>
    </p>
   </div>
   <div class='ocr_carea' id='block_1_7' title="bbox 413 733 1988 804">
    <p class='ocr_par' dir='ltr' id='par_1_7' title="bbox 413 733 1988 804">
     <span class='ocr_line' id='line_1_7' title="bbox 413 733 1988 804; baseline 0.003 -19"><span class='ocrx_word' id='word_1_29' title='bbox 413 733 602 787; x_wconf 78' lang='grc' dir='ltr'><strong>στάσιν</strong></span> <span class='ocrx_word' id='word_1_30' title='bbox 632 733 888 802; x_wconf 79' lang='grc' dir='ltr'><strong>λαχόντες</strong></span> <span class='ocrx_word' id='word_1_31' title='bbox 907 734 1265 804; x_wconf 79' lang='grc' dir='ltr'>ὲκαροδόκουν</span> <span class='ocrx_word' id='word_1_32' title='bbox 1285 735 1344 786; x_wconf 67' lang='grc' dir='ltr'><strong>τι</strong></span> <span class='ocrx_word' id='word_1_33' title='bbox 1380 734 1596 804; x_wconf 80' lang='grc' dir='ltr'><strong>μέλλον,</strong></span> <span class='ocrx_word' id='word_1_34' title='bbox 1630 735 1861 797; x_wconf 72' lang='grc' dir='ltr'>ἕκαστος</span> <span class='ocrx_word' id='word_1_35' title='bbox 1900 736 1988 790; x_wconf 84' lang='grc' dir='ltr'>δε-</span> 
     </span>
    </p>
   </div>
   <div class='ocr_carea' id='block_1_8' title="bbox 409 824 1990 898">
    <p class='ocr_par' dir='ltr' id='par_1_8' title="bbox 409 824 1990 898">
     <span class='ocr_line' id='line_1_8' title="bbox 409 824 1990 898; baseline 0.004 -22"><span class='ocrx_word' id='word_1_36' title='bbox 409 824 536 886; x_wconf 76' lang='grc' dir='ltr'>διὼς</span> <span class='ocrx_word' id='word_1_37' title='bbox 560 824 636 886; x_wconf 83' lang='grc' dir='ltr'>ὡς</span> <span class='ocrx_word' id='word_1_38' title='bbox 664 828 754 877; x_wconf 59' lang='grc' dir='ltr'>τὴν</span> <span class='ocrx_word' id='word_1_39' title='bbox 790 825 917 896; x_wconf 76' lang='grc' dir='ltr'>περὶ</span> <span class='ocrx_word' id='word_1_40' title='bbox 951 825 1132 895; x_wconf 78' lang='grc' dir='ltr'>ψυχῆς</span> <span class='ocrx_word' id='word_1_41' title='bbox 1169 826 1405 880; x_wconf 76' lang='grc' dir='ltr'>λοίσθιον</span> <span class='ocrx_word' id='word_1_42' title='bbox 1434 827 1636 896; x_wconf 81' lang='grc' dir='ltr'><strong>δρόμον</strong></span> <span class='ocrx_word' id='word_1_43' title='bbox 1668 828 1990 898; x_wconf 83' lang='grc' dir='ltr'>δραμούμε-</span> 
     </span>
    </p>
   </div>
   <div class='ocr_carea' id='block_1_9' title="bbox 406 918 1988 992">
    <p class='ocr_par' dir='ltr' id='par_1_9' title="bbox 406 918 1988 992">
     <span class='ocr_line' id='line_1_9' title="bbox 406 918 1988 992; baseline 0.004 -25"><span class='ocrx_word' id='word_1_44' title='bbox 406 935 518 978; x_wconf 63' lang='lat' dir='ltr'><strong>veg.</strong></span> <span class='ocrx_word' id='word_1_45' title='bbox 569 918 710 972; x_wconf 86' lang='grc' dir='ltr'>Ἀλλ’</span> <span class='ocrx_word' id='word_1_46' title='bbox 749 919 870 971; x_wconf 81' lang='grc' dir='ltr'>οὐδὲ</span> <span class='ocrx_word' id='word_1_47' title='bbox 917 918 1080 982; x_wconf 78' lang='grc' dir='ltr'>αὐτὸς</span> <span class='ocrx_word' id='word_1_48' title='bbox 1112 921 1139 971; x_wconf 87' lang='grc' dir='ltr'>ὀ</span> <span class='ocrx_word' id='word_1_49' title='bbox 1175 920 1534 992; x_wconf 69' lang='grc' dir='ltr'><strong>αὐτοκράτωρ</strong></span> <span class='ocrx_word' id='word_1_50' title='bbox 1577 921 1800 992; x_wconf 61' lang='grc' dir='ltr'>ἐθάρρει</span> <span class='ocrx_word' id='word_1_51' title='bbox 1849 937 1988 973; x_wconf 85' lang='grc' dir='ltr'>παν-</span> 
     </span>
    </p>
   </div>
   <div class='ocr_carea' id='block_1_10' title="bbox 408 1009 1991 1084">
    <p class='ocr_par' dir='ltr' id='par_1_10' title="bbox 408 1009 1991 1084">
     <span class='ocr_line' id='line_1_10' title="bbox 408 1009 1991 1084; baseline 0.002 -23"><span class='ocrx_word' id='word_1_52' title='bbox 408 1011 616 1061; x_wconf 80' lang='grc' dir='ltr'>τάπασι</span> <span class='ocrx_word' id='word_1_53' title='bbox 669 1009 811 1078; x_wconf 82' lang='grc' dir='ltr'>(κατ’</span> <span class='ocrx_word' id='word_1_54' title='bbox 842 1009 1130 1081; x_wconf 75' lang='grc' dir='ltr'>ἄνθρωπον</span> <span class='ocrx_word' id='word_1_55' title='bbox 1183 1011 1351 1078; x_wconf 79' lang='grc' dir='ltr'>λέγω,</span> <span class='ocrx_word' id='word_1_56' title='bbox 1397 1016 1444 1065; x_wconf 82' lang='grc' dir='ltr'>εξ</span> <span class='ocrx_word' id='word_1_57' title='bbox 1477 1014 1549 1084; x_wconf 78' lang='grc' dir='ltr'><strong>μὴ</strong></span> <span class='ocrx_word' id='word_1_58' title='bbox 1591 1015 1716 1066; x_wconf 84' lang='grc' dir='ltr'>ὅσον</span> <span class='ocrx_word' id='word_1_59' title='bbox 1747 1014 1826 1076; x_wconf 85' lang='grc' dir='ltr'><strong>είς</strong></span> <span class='ocrx_word' id='word_1_60' title='bbox 1856 1013 1991 1065; x_wconf 72' lang='grc' dir='ltr'>Θεὸν</span> 
     </span>
    </p>
   </div>
   <div class='ocr_carea' id='block_1_11' title="bbox 413 1103 1989 1176">
    <p class='ocr_par' dir='ltr' id='par_1_11' title="bbox 413 1103 1989 1176">
     <span class='ocr_line' id='line_1_11' title="bbox 413 1103 1989 1176; baseline 0.003 -22"><span class='ocrx_word' id='word_1_61' title='bbox 413 1105 704 1172; x_wconf 71' lang='grc' dir='ltr'>ἀναφέρων</span> <span class='ocrx_word' id='word_1_62' title='bbox 734 1103 794 1156; x_wconf 74' lang='grc' dir='ltr'>τὸ</span> <span class='ocrx_word' id='word_1_63' title='bbox 836 1105 991 1171; x_wconf 73' lang='grc' dir='ltr'>πᾶν),</span> <span class='ocrx_word' id='word_1_64' title='bbox 1032 1103 1220 1164; x_wconf 80' lang='grc' dir='ltr'>δεδιὼς</span> <span class='ocrx_word' id='word_1_65' title='bbox 1253 1106 1312 1158; x_wconf 75' lang='grc' dir='ltr'>τὸ</span> <span class='ocrx_word' id='word_1_66' title='bbox 1353 1105 1660 1175; x_wconf 71' lang='grc' dir='ltr'><strong>σύμμικτον</strong></span> <span class='ocrx_word' id='word_1_67' title='bbox 1693 1105 1798 1158; x_wconf 81' lang='grc' dir='ltr'><strong>τῶν</strong></span> <span class='ocrx_word' id='word_1_68' title='bbox 1850 1123 1989 1176; x_wconf 78' lang='grc' dir='ltr'>παρ-</span> 
     </span>
    </p>
   </div>
   <div class='ocr_carea' id='block_1_12' title="bbox 414 1193 1996 1267">
    <p class='ocr_par' dir='ltr' id='par_1_12' title="bbox 414 1193 1996 1267">
     <span class='ocr_line' id='line_1_12' title="bbox 414 1193 1996 1267; baseline 0.003 -21"><span class='ocrx_word' id='word_1_69' title='bbox 414 1193 664 1246; x_wconf 67' lang='grc' dir='ltr'>εττὼτων</span> <span class='ocrx_word' id='word_1_70' title='bbox 689 1237 703 1258; x_wconf 90' lang='grc'><strong>,</strong></span> <span class='ocrx_word' id='word_1_71' title='bbox 733 1194 805 1264; x_wconf 84' lang='grc' dir='ltr'><strong>μὴ</strong></span> <span class='ocrx_word' id='word_1_72' title='bbox 845 1195 970 1248; x_wconf 80' lang='grc' dir='ltr'>ἄλλο</span> <span class='ocrx_word' id='word_1_73' title='bbox 993 1213 1044 1248; x_wconf 94' lang='grc' dir='ltr'><strong>τι</strong></span> <span class='ocrx_word' id='word_1_74' title='bbox 1074 1197 1167 1260; x_wconf 75' lang='grc' dir='ltr'>ὀξὺ</span> <span class='ocrx_word' id='word_1_75' title='bbox 1201 1199 1292 1250; x_wconf 77' lang='grc' dir='ltr'><strong>καὶ</strong></span> <span class='ocrx_word' id='word_1_76' title='bbox 1325 1197 1496 1250; x_wconf 65' lang='grc' dir='ltr'>δεινὸν</span> <span class='ocrx_word' id='word_1_77' title='bbox 1541 1199 1664 1250; x_wconf 81' lang='grc' dir='ltr'>κατ’</span> <span class='ocrx_word' id='word_1_78' title='bbox 1694 1196 1860 1251; x_wconf 74' lang='grc' dir='ltr'>αὐτοῦ</span> <span class='ocrx_word' id='word_1_79' title='bbox 1899 1217 1996 1267; x_wconf 84' lang='grc' dir='ltr'>με·</span> 
     </span>
    </p>
   </div>
   <div class='ocr_carea' id='block_1_13' title="bbox 412 1286 1994 1358">
    <p class='ocr_par' dir='ltr' id='par_1_13' title="bbox 412 1286 1994 1358">
     <span class='ocr_line' id='line_1_13' title="bbox 412 1286 1994 1358; baseline 0.003 -22"><span class='ocrx_word' id='word_1_80' title='bbox 412 1286 719 1354; x_wconf 81' lang='grc' dir='ltr'>λετήσαιεν.</span> <span class='ocrx_word' id='word_1_81' title='bbox 785 1287 1178 1358; x_wconf 75' lang='grc' dir='ltr'>Στεῤῥοτέροις</span> <span class='ocrx_word' id='word_1_82' title='bbox 1232 1289 1276 1320; x_wconf 79' lang='grc'>⁹⁹</span> <span class='ocrx_word' id='word_1_83' title='bbox 1331 1289 1387 1341; x_wconf 77' lang='grc' dir='ltr'>δὲ</span> <span class='ocrx_word' id='word_1_84' title='bbox 1451 1287 1736 1356; x_wconf 79' lang='grc' dir='ltr'>λογισμοῖς</span> <span class='ocrx_word' id='word_1_85' title='bbox 1802 1289 1994 1342; x_wconf 78' lang='grc' dir='ltr'>ἑαυτὸν</span> 
     </span>
    </p>
   </div>
   <div class='ocr_carea' id='block_1_14' title="bbox 411 1381 1996 1449">
    <p class='ocr_par' dir='ltr' id='par_1_14' title="bbox 411 1381 1996 1449">
     <span class='ocr_line' id='line_1_14' title="bbox 411 1381 1996 1449; baseline 0.001 -17"><span class='ocrx_word' id='word_1_86' title='bbox 411 1381 661 1448; x_wconf 80' lang='grc' dir='ltr'>ἑδράσας,</span> <span class='ocrx_word' id='word_1_87' title='bbox 704 1381 799 1432; x_wconf 74' lang='grc' dir='ltr'>καὶ</span> <span class='ocrx_word' id='word_1_88' title='bbox 864 1381 1012 1444; x_wconf 79' lang='grc' dir='ltr'>ἅπαξ</span> <span class='ocrx_word' id='word_1_89' title='bbox 1059 1386 1173 1445; x_wconf 74' lang='grc' dir='ltr'>τοῖς</span> <span class='ocrx_word' id='word_1_90' title='bbox 1222 1382 1433 1446; x_wconf 81' lang='grc' dir='ltr'>ἀγῶσιν</span> <span class='ocrx_word' id='word_1_91' title='bbox 1479 1381 1848 1449; x_wconf 79' lang='grc' dir='ltr'>ἑγκαταστὰς,</span> <span class='ocrx_word' id='word_1_92' title='bbox 1895 1381 1996 1448; x_wconf 77' lang='grc' dir='ltr'>τῆς</span> 
     </span>
    </p>
   </div>
   <div class='ocr_carea' id='block_1_15' title="bbox 411 1473 1997 1546">
    <p class='ocr_par' dir='ltr' id='par_1_15' title="bbox 411 1473 1997 1546">
     <span class='ocr_line' id='line_1_15' title="bbox 411 1473 1997 1546; baseline 0.003 -26"><span class='ocrx_word' id='word_1_93' title='bbox 411 1473 549 1537; x_wconf 75' lang='grc' dir='ltr'>πρὸς</span> <span class='ocrx_word' id='word_1_94' title='bbox 585 1473 784 1536; x_wconf 80' lang='grc' dir='ltr'>αὐτοὺς</span> <span class='ocrx_word' id='word_1_95' title='bbox 817 1474 1166 1544; x_wconf 79' lang='grc' dir='ltr'><strong>δημηγορίας</strong></span> <span class='ocrx_word' id='word_1_96' title='bbox 1202 1476 1402 1546; x_wconf 71' lang='grc' dir='ltr'>ἤρχετο</span> <span class='ocrx_word' id='word_1_97' title='bbox 1427 1489 1441 1504; x_wconf 93' lang='grc'><strong>·</strong></span> <span class='ocrx_word' id='word_1_98' title='bbox 1479 1476 1530 1528; x_wconf 89' lang='grc' dir='ltr'><strong>οί</strong></span> <span class='ocrx_word' id='word_1_99' title='bbox 1582 1475 1638 1528; x_wconf 80' lang='grc' dir='ltr'><strong>δὲ</strong></span> <span class='ocrx_word' id='word_1_100' title='bbox 1673 1475 1767 1528; x_wconf 75' lang='grc' dir='ltr'><strong>καὶ</strong></span> <span class='ocrx_word' id='word_1_101' title='bbox 1813 1476 1997 1527; x_wconf 85' lang='grc' dir='ltr'>αὐτῶν</span> 
     </span>
    </p>
   </div>
   <div class='ocr_carea' id='block_1_16' title="bbox 414 1561 1999 1636">
    <p class='ocr_par' dir='ltr' id='par_1_16' title="bbox 414 1561 1999 1636">
     <span class='ocr_line' id='line_1_16' title="bbox 414 1561 1999 1636; baseline 0.003 -23"><span class='ocrx_word' id='word_1_102' title='bbox 414 1561 612 1629; x_wconf 74' lang='grc' dir='ltr'>ίχθύων</span> <span class='ocrx_word' id='word_1_103' title='bbox 631 1563 968 1636; x_wconf 73' lang='grc' dir='ltr'>ἀφωνότεροι</span> <span class='ocrx_word' id='word_1_104' title='bbox 994 1567 1345 1634; x_wconf 78' lang='grc' dir='ltr'><strong>εἱστήκεσαν,</strong></span> <span class='ocrx_word' id='word_1_105' title='bbox 1370 1566 1676 1636; x_wconf 80' lang='grc' dir='ltr'>καθαπερεὶ</span> <span class='ocrx_word' id='word_1_106' title='bbox 1697 1567 1794 1628; x_wconf 77' lang='grc' dir='ltr'>τὰς</span> <span class='ocrx_word' id='word_1_107' title='bbox 1821 1565 1999 1630; x_wconf 81' lang='grc' dir='ltr'>γλώτ-</span> 
     </span>
    </p>
   </div>
   <div class='ocr_carea' id='block_1_17' title="bbox 410 1657 2002 1726">
    <p class='ocr_par' dir='ltr' id='par_1_17' title="bbox 410 1657 2002 1726">
     <span class='ocr_line' id='line_1_17' title="bbox 410 1657 2002 1726; baseline 0.005 -22"><span class='ocrx_word' id='word_1_108' title='bbox 410 1670 508 1712; x_wconf 75' lang='grc' dir='ltr'><strong>τας</strong></span> <span class='ocrx_word' id='word_1_109' title='bbox 534 1657 938 1723; x_wconf 81' lang='grc' dir='ltr'>ἐγκεκομμένοι</span> <span class='ocrx_word' id='word_1_110' title='bbox 955 1675 968 1688; x_wconf 73' lang='grc'><strong><em>⁸</em></strong></span> <span class='ocrx_word' id='word_1_111' title='bbox 1004 1658 1238 1723; x_wconf 80' lang='grc' dir='ltr'><strong>Οἴδατε,</strong></span> <span class='ocrx_word' id='word_1_112' title='bbox 1258 1659 1458 1726; x_wconf 83' lang='grc' dir='ltr'>λέγων,</span> <span class='ocrx_word' id='word_1_113' title='bbox 1483 1659 1563 1724; x_wconf 87' lang='grc' dir='ltr'>ὠς</span> <span class='ocrx_word' id='word_1_114' title='bbox 1591 1658 1774 1713; x_wconf 83' lang='grc' dir='ltr'>οὐδὲν</span> <span class='ocrx_word' id='word_1_115' title='bbox 1796 1657 2002 1712; x_wconf 76' lang='grc' dir='ltr'>δεινὸν</span> 
     </span>
    </p>
   </div>
   <div class='ocr_carea' id='block_1_18' title="bbox 412 1748 2000 1821">
    <p class='ocr_par' dir='ltr' id='par_1_18' title="bbox 412 1748 2000 1821">
     <span class='ocr_line' id='line_1_18' title="bbox 412 1748 2000 1821; baseline 0.005 -23"><span class='ocrx_word' id='word_1_116' title='bbox 412 1749 549 1814; x_wconf 83' lang='grc' dir='ltr'>παρ’</span> <span class='ocrx_word' id='word_1_117' title='bbox 587 1748 735 1814; x_wconf 84' lang='grc' dir='ltr'>ἐμοῦ</span> <span class='ocrx_word' id='word_1_118' title='bbox 769 1754 800 1804; x_wconf 83' lang='grc' dir='ltr'><em>ό</em></span> <span class='ocrx_word' id='word_1_119' title='bbox 847 1751 1132 1820; x_wconf 74' lang='grc' dir='ltr'>Διογένης</span> <span class='ocrx_word' id='word_1_120' title='bbox 1161 1753 1484 1807; x_wconf 80' lang='grc' dir='ltr'><strong>ἐπεπόνθει</strong></span> <span class='ocrx_word' id='word_1_121' title='bbox 1517 1754 1682 1806; x_wconf 85' lang='grc' dir='ltr'>ποτέ.</span> <span class='ocrx_word' id='word_1_122' title='bbox 1709 1754 1862 1806; x_wconf 80' lang='grc' dir='ltr'>Οὔτε</span> <span class='ocrx_word' id='word_1_123' title='bbox 1890 1752 2000 1821; x_wconf 77' lang='grc' dir='ltr'>γὰρ</span> 
     </span>
    </p>
   </div>
   <div class='ocr_carea' id='block_1_19' title="bbox 412 1841 1997 1911">
    <p class='ocr_par' dir='ltr' id='par_1_19' title="bbox 412 1841 1997 1911">
     <span class='ocr_line' id='line_1_19' title="bbox 412 1841 1997 1911; baseline 0.003 -19"><span class='ocrx_word' id='word_1_124' title='bbox 412 1841 530 1906; x_wconf 74' lang='grc' dir='ltr'>τὴν</span> <span class='ocrx_word' id='word_1_125' title='bbox 549 1841 749 1908; x_wconf 76' lang='grc' dir='ltr'>ἀρχὴν</span> <span class='ocrx_word' id='word_1_126' title='bbox 776 1844 1035 1910; x_wconf 82' lang='grc' dir='ltr'>ταυτησί</span> <span class='ocrx_word' id='word_1_127' title='bbox 1067 1845 1176 1909; x_wconf 85' lang='grc' dir='ltr'>τῆς</span> <span class='ocrx_word' id='word_1_128' title='bbox 1201 1845 1532 1909; x_wconf 78' lang='grc' dir='ltr'><strong>βασιλείας</strong></span> <span class='ocrx_word' id='word_1_129' title='bbox 1550 1845 1618 1898; x_wconf 82' lang='grc' dir='ltr'>ἐκ</span> <span class='ocrx_word' id='word_1_130' title='bbox 1641 1846 1746 1898; x_wconf 84' lang='grc' dir='ltr'>τοῦ</span> <span class='ocrx_word' id='word_1_131' title='bbox 1770 1846 1997 1911; x_wconf 81' lang='grc' dir='ltr'>πατρὸς</span> 
     </span>
    </p>
   </div>
   <div class='ocr_carea' id='block_1_20' title="bbox 411 1935 2003 2008">
    <p class='ocr_par' dir='ltr' id='par_1_20' title="bbox 411 1935 2003 2008">
     <span class='ocr_line' id='line_1_20' title="bbox 411 1935 2003 2008; baseline 0.004 -22"><span class='ocrx_word' id='word_1_132' title='bbox 411 1935 600 1987; x_wconf 85' lang='grc' dir='ltr'>αὑτοῦ</span> <span class='ocrx_word' id='word_1_133' title='bbox 644 1935 985 2004; x_wconf 63' lang='grc' dir='ltr'>ἀφειλόμην</span> <span class='ocrx_word' id='word_1_134' title='bbox 1019 1936 1154 2005; x_wconf 80' lang='grc' dir='ltr'>ἐγὼ.</span> <span class='ocrx_word' id='word_1_135' title='bbox 1193 1937 1332 1995; x_wconf 68' lang='grc' dir='ltr'><strong>ἀλλ’</strong></span> <span class='ocrx_word' id='word_1_136' title='bbox 1365 1939 1586 2008; x_wconf 75' lang='grc' dir='ltr'>ἕτερος,</span> <span class='ocrx_word' id='word_1_137' title='bbox 1619 1939 1760 1993; x_wconf 84' lang='grc' dir='ltr'>οὐδέ</span> <span class='ocrx_word' id='word_1_138' title='bbox 1799 1956 1852 1992; x_wconf 90' lang='grc' dir='ltr'><strong>τι</strong></span> <span class='ocrx_word' id='word_1_139' title='bbox 1882 1939 2003 1992; x_wconf 82' lang='grc' dir='ltr'>δει-</span> 
     </span>
    </p>
   </div>
   <div class='ocr_carea' id='block_1_21' title="bbox 413 2023 2001 2099">
    <p class='ocr_par' dir='ltr' id='par_1_21' title="bbox 413 2023 2001 2099">
     <span class='ocr_line' id='line_1_21' title="bbox 413 2023 2001 2099; baseline 0.006 -24"><span class='ocrx_word' id='word_1_140' title='bbox 413 2024 527 2075; x_wconf 67' lang='grc' dir='ltr'>νὸν</span> <span class='ocrx_word' id='word_1_141' title='bbox 558 2023 595 2092; x_wconf 82' lang='grc' dir='ltr'>ἢ</span> <span class='ocrx_word' id='word_1_142' title='bbox 635 2027 916 2094; x_wconf 71' lang='grc' dir='ltr'>λυπηρὸν</span> <span class='ocrx_word' id='word_1_143' title='bbox 949 2028 1017 2080; x_wconf 80' lang='grc' dir='ltr'>τὸ</span> <span class='ocrx_word' id='word_1_144' title='bbox 1045 2028 1334 2097; x_wconf 76' lang='grc' dir='ltr'>παράπαν</span> <span class='ocrx_word' id='word_1_145' title='bbox 1361 2033 1449 2096; x_wconf 77' lang='grc' dir='ltr'><strong>εἰς</strong></span> <span class='ocrx_word' id='word_1_146' title='bbox 1470 2030 1658 2084; x_wconf 83' lang='grc' dir='ltr'>αὐτὸν</span> <span class='ocrx_word' id='word_1_147' title='bbox 1696 2031 2001 2099; x_wconf 74' lang='grc' dir='ltr'>πέπριιχα.</span> 
     </span>
    </p>
   </div>
   <div class='ocr_carea' id='block_1_22' title="bbox 412 2115 2002 2189">
    <p class='ocr_par' dir='ltr' id='par_1_22' title="bbox 412 2115 2002 2189">
     <span class='ocr_line' id='line_1_22' title="bbox 412 2115 2002 2189; baseline 0.006 -22"><span class='ocrx_word' id='word_1_148' title='bbox 412 2115 521 2168; x_wconf 79' lang='grc' dir='ltr'><strong>Καὶ</strong></span> <span class='ocrx_word' id='word_1_149' title='bbox 577 2115 682 2182; x_wconf 85' lang='grc' dir='ltr'>τῆς</span> <span class='ocrx_word' id='word_1_150' title='bbox 707 2117 1036 2184; x_wconf 66' lang='grc' dir='ltr'>,ϐασιλείας</span> <span class='ocrx_word' id='word_1_151' title='bbox 1067 2123 1151 2185; x_wconf 86' lang='grc' dir='ltr'><strong>είς</strong></span> <span class='ocrx_word' id='word_1_152' title='bbox 1183 2119 1289 2188; x_wconf 76' lang='grc' dir='ltr'><strong>ἐμὲ</strong></span> <span class='ocrx_word' id='word_1_153' title='bbox 1327 2121 1474 2175; x_wconf 85' lang='grc' dir='ltr'><strong>Θεοῦ</strong></span> <span class='ocrx_word' id='word_1_154' title='bbox 1504 2121 1745 2189; x_wconf 74' lang='grc' dir='ltr'>πάι-τως</span> <span class='ocrx_word' id='word_1_155' title='bbox 1793 2123 2002 2176; x_wconf 86' lang='grc' dir='ltr'>νεύσει</span> 
     </span>
    </p>
   </div>
   <div class='ocr_carea' id='block_1_23' title="bbox 408 2209 1999 2280">
    <p class='ocr_par' dir='ltr' id='par_1_23' title="bbox 408 2209 1999 2280">
     <span class='ocr_line' id='line_1_23' title="bbox 408 2209 1999 2280; baseline 0.005 -20"><span class='ocrx_word' id='word_1_156' title='bbox 408 2209 978 2276; x_wconf 77' lang='grc' dir='ltr'>μεταϐιϐασθείσης.</span> <span class='ocrx_word' id='word_1_157' title='bbox 1015 2212 1086 2265; x_wconf 86' lang='grc' dir='ltr'>οὐ</span> <span class='ocrx_word' id='word_1_158' title='bbox 1110 2213 1306 2280; x_wconf 88' lang='grc' dir='ltr'>μόνον</span> <span class='ocrx_word' id='word_1_159' title='bbox 1330 2212 1522 2266; x_wconf 82' lang='grc' dir='ltr'>αὐτὸν</span> <span class='ocrx_word' id='word_1_160' title='bbox 1551 2215 1647 2267; x_wconf 83' lang='grc' dir='ltr'><strong>καί</strong></span> <span class='ocrx_word' id='word_1_161' title='bbox 1676 2214 1785 2267; x_wconf 85' lang='grc' dir='ltr'>τὸν</span> <span class='ocrx_word' id='word_1_162' title='bbox 1812 2213 1999 2268; x_wconf 82' lang='grc' dir='ltr'>αὑτοῦ</span> 
     </span>
    </p>
   </div>
   <div class='ocr_carea' id='block_1_24' title="bbox 416 2301 2005 2374">
    <p class='ocr_par' dir='ltr' id='par_1_24' title="bbox 416 2301 2005 2374">
     <span class='ocr_line' id='line_1_24' title="bbox 416 2301 2005 2374; baseline 0.004 -22"><span class='ocrx_word' id='word_1_163' title='bbox 416 2301 684 2368; x_wconf 62' lang='grc' dir='ltr'>ἀδελφὸν</span> <span class='ocrx_word' id='word_1_164' title='bbox 715 2302 945 2356; x_wconf 86' lang='grc' dir='ltr'>Λέοντα</span> <span class='ocrx_word' id='word_1_165' title='bbox 975 2303 1072 2356; x_wconf 84' lang='grc' dir='ltr'>ἐπί</span> <span class='ocrx_word' id='word_1_166' title='bbox 1101 2304 1329 2358; x_wconf 85' lang='grc' dir='ltr'>ταὺτοῦ</span> <span class='ocrx_word' id='word_1_167' title='bbox 1351 2304 1709 2374; x_wconf 76' lang='grc' dir='ltr'><strong>διεφύλαξα,</strong></span> <span class='ocrx_word' id='word_1_168' title='bbox 1753 2305 1894 2360; x_wconf 79' lang='grc' dir='ltr'><strong>ἀλλ’</strong></span> <span class='ocrx_word' id='word_1_169' title='bbox 1924 2306 2005 2372; x_wconf 86' lang='grc' dir='ltr'>ὡς</span> 
     </span>
    </p>
   </div>
   <div class='ocr_carea' id='block_1_25' title="bbox 413 2395 2000 2466">
    <p class='ocr_par' dir='ltr' id='par_1_25' title="bbox 413 2395 2000 2466">
     <span class='ocr_line' id='line_1_25' title="bbox 413 2395 2000 2466; baseline 0.004 -20"><span class='ocrx_word' id='word_1_170' title='bbox 413 2395 668 2459; x_wconf 78' lang='grc' dir='ltr'><strong>οἰκείους</strong></span> <span class='ocrx_word' id='word_1_171' title='bbox 733 2395 948 2460; x_wconf 82' lang='grc' dir='ltr'>παῖδας</span> <span class='ocrx_word' id='word_1_172' title='bbox 1002 2396 1102 2450; x_wconf 82' lang='grc' dir='ltr'><strong>καί</strong></span> <span class='ocrx_word' id='word_1_173' title='bbox 1155 2397 1433 2462; x_wconf 77' lang='grc' dir='ltr'>ὲπόθησα</span> <span class='ocrx_word' id='word_1_174' title='bbox 1473 2398 1572 2450; x_wconf 84' lang='grc' dir='ltr'><strong>καί</strong></span> <span class='ocrx_word' id='word_1_175' title='bbox 1619 2397 2000 2466; x_wconf 78' lang='grc' dir='ltr'>ἐχρησάμην.</span> 
     </span>
    </p>
   </div>
   <div class='ocr_carea' id='block_1_26' title="bbox 418 2477 2004 2554">
    <p class='ocr_par' dir='ltr' id='par_1_26' title="bbox 418 2477 2004 2554">
     <span class='ocr_line' id='line_1_26' title="bbox 418 2477 2004 2554; baseline 0.004 -18"><span class='ocrx_word' id='word_1_176' title='bbox 418 2483 531 2536; x_wconf 78' lang='grc' dir='ltr'><strong>Τὸν</strong></span> <span class='ocrx_word' id='word_1_177' title='bbox 559 2482 628 2534; x_wconf 82' lang='grc' dir='ltr'>δὲ</span> <span class='ocrx_word' id='word_1_178' title='bbox 657 2484 1004 2553; x_wconf 62' lang='grc' dir='ltr'>Νικηφόρον</span> <span class='ocrx_word' id='word_1_179' title='bbox 1053 2486 1153 2540; x_wconf 77' lang='grc' dir='ltr'><strong>καί</strong></span> <span class='ocrx_word' id='word_1_180' title='bbox 1186 2477 1489 2553; x_wconf 53' lang='grc' dir='ltr'>πολλάκις</span> <span class='ocrx_word' id='word_1_181' title='bbox 1517 2488 1650 2540; x_wconf 81' lang='grc' dir='ltr'>κατ’</span> <span class='ocrx_word' id='word_1_182' title='bbox 1681 2486 1828 2554; x_wconf 81' lang='grc' dir='ltr'>ἐμοῦ</span> <span class='ocrx_word' id='word_1_183' title='bbox 1852 2489 2004 2552; x_wconf 66' lang='lat' dir='ltr'><strong>ﬂav-</strong></span> 
     </span>
    </p>
   </div>
   <div class='ocr_carea' id='block_1_27' title="bbox 412 2574 2006 2645">
    <p class='ocr_par' dir='ltr' id='par_1_27' title="bbox 412 2574 2006 2645">
     <span class='ocr_line' id='line_1_27' title="bbox 412 2574 2006 2645; baseline 0.004 -21"><span class='ocrx_word' id='word_1_184' title='bbox 412 2574 749 2641; x_wconf 64' lang='grc' dir='ltr'>,λειπόμενον</span> <span class='ocrx_word' id='word_1_185' title='bbox 815 2575 1130 2643; x_wconf 65' lang='grc' dir='ltr'>φωράσαςί</span> <span class='ocrx_word' id='word_1_186' title='bbox 1177 2578 1543 2642; x_wconf 75' lang='grc' dir='ltr'>τοσαυτάκις</span> <span class='ocrx_word' id='word_1_187' title='bbox 1620 2579 2006 2645; x_wconf 82' lang='grc' dir='ltr'>συμπαθείας</span> 
     </span>
    </p>
   </div>
   <div class='ocr_carea' id='block_1_28' title="bbox 414 2665 2011 2741">
    <p class='ocr_par' dir='ltr' id='par_1_28' title="bbox 414 2665 2011 2741">
     <span class='ocr_line' id='line_1_28' title="bbox 414 2665 2011 2741; baseline 0.006 -25"><span class='ocrx_word' id='word_1_188' title='bbox 414 2665 672 2731; x_wconf 73' lang='grc' dir='ltr'>ἠξίωσα.</span> <span class='ocrx_word' id='word_1_189' title='bbox 720 2666 826 2719; x_wconf 85' lang='lat' dir='ltr'><strong>Kal</strong></span> <span class='ocrx_word' id='word_1_190' title='bbox 858 2667 1014 2736; x_wconf 84' lang='grc' dir='ltr'>μηδὲ</span> <span class='ocrx_word' id='word_1_191' title='bbox 1066 2668 1256 2722; x_wconf 75' lang='grc' dir='ltr'>πάλιν</span> <span class='ocrx_word' id='word_1_192' title='bbox 1281 2669 1712 2738; x_wconf 78' lang='grc' dir='ltr'>διορθούμενον</span> <span class='ocrx_word' id='word_1_193' title='bbox 1770 2673 2011 2741; x_wconf 73' lang='grc' dir='ltr'><strong>ἡνειχό⁴</strong></span> 
     </span>
    </p>
   </div>
   <div class='ocr_carea' id='block_1_29' title="bbox 411 2759 2008 2832">
    <p class='ocr_par' dir='ltr' id='par_1_29' title="bbox 411 2759 2008 2832">
     <span class='ocr_line' id='line_1_29' title="bbox 411 2759 2008 2832; baseline 0.003 -22"><span class='ocrx_word' id='word_1_194' title='bbox 411 2774 543 2825; x_wconf 83' lang='grc' dir='ltr'><strong>μην</strong></span> <span class='ocrx_word' id='word_1_195' title='bbox 581 2759 970 2826; x_wconf 79' lang='grc' dir='ltr'>ἐπικρύπτειν</span> <span class='ocrx_word' id='word_1_196' title='bbox 1005 2762 1078 2814; x_wconf 81' lang='grc' dir='ltr'>τὰ</span> <span class='ocrx_word' id='word_1_197' title='bbox 1128 2765 1330 2815; x_wconf 75' lang='grc' dir='ltr'>πολλὰ</span> <span class='ocrx_word' id='word_1_198' title='bbox 1363 2760 1482 2815; x_wconf 88' lang='grc' dir='ltr'><strong>τῶν</strong></span> <span class='ocrx_word' id='word_1_199' title='bbox 1513 2762 1700 2816; x_wconf 86' lang='grc' dir='ltr'>αὐτοῦ</span> <span class='ocrx_word' id='word_1_200' title='bbox 1747 2764 2008 2832; x_wconf 85' lang='grc' dir='ltr'>μηνιμὰ-</span> 
     </span>
    </p>
   </div>
   <div class='ocr_carea' id='block_1_30' title="bbox 419 2851 2007 2923">
    <p class='ocr_par' dir='ltr' id='par_1_30' title="bbox 419 2851 2007 2923">
     <span class='ocr_line' id='line_1_30' title="bbox 419 2851 2007 2923; baseline 0.004 -21"><span class='ocrx_word' id='word_1_201' title='bbox 419 2867 556 2913; x_wconf 67' lang='lat' dir='ltr'><strong>tam,</strong></span> <span class='ocrx_word' id='word_1_202' title='bbox 592 2851 903 2905; x_wconf 80' lang='grc' dir='ltr'><strong>κατανοῶν</strong></span> <span class='ocrx_word' id='word_1_203' title='bbox 936 2853 1051 2919; x_wconf 74' lang='grc' dir='ltr'><strong>τὴν</strong></span> <span class='ocrx_word' id='word_1_204' title='bbox 1097 2851 1214 2906; x_wconf 86' lang='grc' dir='ltr'>τῶν</span> <span class='ocrx_word' id='word_1_205' title='bbox 1260 2852 1548 2908; x_wconf 81' lang='grc' dir='ltr'>ἁπάντων</span> <span class='ocrx_word' id='word_1_206' title='bbox 1577 2855 1727 2922; x_wconf 63' lang='grc' dir='ltr'>πρὸς</span> <span class='ocrx_word' id='word_1_207' title='bbox 1784 2856 2007 2923; x_wconf 87' lang='grc' dir='ltr'>αὐτοὺς</span> 
     </span>
    </p>
   </div>
   <div class='ocr_carea' id='block_1_31' title="bbox 419 2946 2008 3017">
    <p class='ocr_par' dir='ltr' id='par_1_31' title="bbox 419 2946 2008 3017">
     <span class='ocr_line' id='line_1_31' title="bbox 419 2946 2008 3017; baseline 0.004 -19"><span class='ocrx_word' id='word_1_208' title='bbox 419 2946 807 3015; x_wconf 77' lang='grc' dir='ltr'>δυσμένειαν,</span> <span class='ocrx_word' id='word_1_209' title='bbox 841 2949 958 3000; x_wconf 80' lang='grc' dir='ltr'>κᾶν</span> <span class='ocrx_word' id='word_1_210' title='bbox 982 2949 1181 3016; x_wconf 82' lang='grc' dir='ltr'>μηδὲν</span> <span class='ocrx_word' id='word_1_211' title='bbox 1210 2949 1330 3002; x_wconf 85' lang='grc' dir='ltr'>τῶν</span> <span class='ocrx_word' id='word_1_212' title='bbox 1350 2951 1487 3017; x_wconf 81' lang='grc' dir='ltr'>παρ’</span> <span class='ocrx_word' id='word_1_213' title='bbox 1527 2951 1672 3017; x_wconf 82' lang='grc' dir='ltr'>ἐμοῦ</span> <span class='ocrx_word' id='word_1_214' title='bbox 1704 2954 1790 3016; x_wconf 84' lang='grc' dir='ltr'><strong>είς</strong></span> <span class='ocrx_word' id='word_1_215' title='bbox 1819 2953 2008 3004; x_wconf 66' lang='lat' dir='ltr'><strong>abfer</strong></span> 
     </span>
    </p>
   </div>
   <div class='ocr_carea' id='block_1_32' title="bbox 423 3040 2012 3112">
    <p class='ocr_par' dir='ltr' id='par_1_32' title="bbox 423 3040 2012 3112">
     <span class='ocr_line' id='line_1_32' title="bbox 423 3040 2012 3112; baseline 0.003 -21"><span class='ocrx_word' id='word_1_216' title='bbox 423 3040 763 3109; x_wconf 65' lang='grc' dir='ltr'>γενομένων</span> <span class='ocrx_word' id='word_1_217' title='bbox 804 3040 1042 3109; x_wconf 77' lang='grc' dir='ltr'><strong>ἀγαθῶν</strong></span> <span class='ocrx_word' id='word_1_218' title='bbox 1095 3041 1159 3094; x_wconf 83' lang='grc' dir='ltr'>τὸ</span> <span class='ocrx_word' id='word_1_219' title='bbox 1191 3041 1450 3108; x_wconf 79' lang='grc' dir='ltr'>δολερὸν</span> <span class='ocrx_word' id='word_1_220' title='bbox 1490 3041 1596 3110; x_wconf 81' lang='grc' dir='ltr'>τῆς</span> <span class='ocrx_word' id='word_1_221' title='bbox 1637 3043 1825 3097; x_wconf 80' lang='grc' dir='ltr'>αὐτοῦ</span> <span class='ocrx_word' id='word_1_222' title='bbox 1861 3045 2012 3112; x_wconf 77' lang='grc' dir='ltr'>γνώ-</span> 
     </span>
    </p>
   </div>
   <div class='ocr_carea' id='block_1_33' title="bbox 418 3131 2009 3200">
    <p class='ocr_par' dir='ltr' id='par_1_33' title="bbox 418 3131 2009 3200">
     <span class='ocr_line' id='line_1_33' title="bbox 418 3131 2009 3200; baseline 0.003 -16"><span class='ocrx_word' id='word_1_223' title='bbox 418 3149 538 3200; x_wconf 87' lang='grc' dir='ltr'><strong>μης</strong></span> <span class='ocrx_word' id='word_1_224' title='bbox 566 3131 931 3199; x_wconf 70' lang='grc' dir='ltr'>ἠλλοίωσεν.</span> <span class='ocrx_word' id='word_1_225' title='bbox 981 3133 1142 3186; x_wconf 70' lang='grc' dir='ltr'><strong>Ἀλλ’</strong></span> <span class='ocrx_word' id='word_1_226' title='bbox 1171 3134 1354 3199; x_wconf 82' lang='grc' dir='ltr'>αὐτὸς</span> <span class='ocrx_word' id='word_1_227' title='bbox 1385 3134 1516 3186; x_wconf 75' lang='grc' dir='ltr'>ἀντὶ</span> <span class='ocrx_word' id='word_1_228' title='bbox 1541 3134 1786 3188; x_wconf 79' lang='grc' dir='ltr'>πάντων</span> <span class='ocrx_word' id='word_1_229' title='bbox 1823 3135 2009 3189; x_wconf 77' lang='grc' dir='ltr'>θάνα-</span> 
     </span>
    </p>
   </div>
   <div class='ocr_carea' id='block_1_34' title="bbox 2093 644 3682 712">
    <p class='ocr_par' dir='ltr' id='par_1_34' title="bbox 2093 644 3682 712">
     <span class='ocr_line' id='line_1_34' title="bbox 2093 644 3682 712; baseline 0.005 -16"><span class='ocrx_word' id='word_1_230' title='bbox 2093 645 2348 696; x_wconf 85' lang='lat' dir='ltr'><strong>continuo</strong></span> <span class='ocrx_word' id='word_1_231' title='bbox 2401 644 2488 696; x_wconf 85' lang='lat' dir='ltr'><strong>ille</strong></span> <span class='ocrx_word' id='word_1_232' title='bbox 2533 645 2738 712; x_wconf 54' lang='lat' dir='ltr'><strong>pandit.</strong></span> <span class='ocrx_word' id='word_1_233' title='bbox 2804 646 3034 699; x_wconf 84' lang='lat' dir='ltr'><strong>Subiere</strong></span> <span class='ocrx_word' id='word_1_234' title='bbox 3065 647 3165 711; x_wconf 87' lang='lat' dir='ltr'><strong>illi,</strong></span> <span class='ocrx_word' id='word_1_235' title='bbox 3204 664 3305 700; x_wconf 85' lang='lat' dir='ltr'><strong>non</strong></span> <span class='ocrx_word' id='word_1_236' title='bbox 3343 650 3682 704; x_wconf 86' lang='lat' dir='ltr'><strong>dissimulata</strong></span> 
     </span>
    </p>
   </div>
   <div class='ocr_carea' id='block_1_35' title="bbox 2096 733 3688 806">
    <p class='ocr_par' dir='ltr' id='par_1_35' title="bbox 2096 733 3688 806">
     <span class='ocr_line' id='line_1_35' title="bbox 2096 733 3688 806; baseline 0.004 -19"><span class='ocrx_word' id='word_1_237' title='bbox 2096 745 2274 787; x_wconf 85' lang='lat' dir='ltr'><strong>tamen</strong></span> <span class='ocrx_word' id='word_1_238' title='bbox 2311 733 2622 798; x_wconf 78' lang='lat' dir='ltr'><strong>formidine,</strong></span> <span class='ocrx_word' id='word_1_239' title='bbox 2649 751 2809 804; x_wconf 72' lang='lat' dir='ltr'><strong>quam</strong></span> <span class='ocrx_word' id='word_1_240' title='bbox 2869 736 2919 788; x_wconf 89' lang='lat' dir='ltr'><strong>in</strong></span> <span class='ocrx_word' id='word_1_241' title='bbox 2959 739 3075 806; x_wconf 85' lang='lat' dir='ltr'><strong>ipso</strong></span> <span class='ocrx_word' id='word_1_242' title='bbox 3111 739 3356 806; x_wconf 74' lang='lat' dir='ltr'><strong>ingressu</strong></span> <span class='ocrx_word' id='word_1_243' title='bbox 3405 744 3688 796; x_wconf 79' lang='lat' dir='ltr'><strong>testaban-</strong></span> 
     </span>
    </p>
   </div>
   <div class='ocr_carea' id='block_1_36' title="bbox 2095 826 3680 896">
    <p class='ocr_par' dir='ltr' id='par_1_36' title="bbox 2095 826 3680 896">
     <span class='ocr_line' id='line_1_36' title="bbox 2095 826 3680 896; baseline 0.002 -18"><span class='ocrx_word' id='word_1_244' title='bbox 2095 835 2182 878; x_wconf 88' lang='lat' dir='ltr'><strong>tur</strong></span> <span class='ocrx_word' id='word_1_245' title='bbox 2211 826 2374 878; x_wconf 78' lang='lat' dir='ltr'><strong>anxio</strong></span> <span class='ocrx_word' id='word_1_246' title='bbox 2407 826 2778 878; x_wconf 83' lang='lat' dir='ltr'><strong>circuuuluctu</strong></span> <span class='ocrx_word' id='word_1_247' title='bbox 2807 828 3086 880; x_wconf 76' lang='lat' dir='ltr'><strong>orulOruvn</strong></span> <span class='ocrx_word' id='word_1_248' title='bbox 3143 839 3196 881; x_wconf 89' lang='lat' dir='ltr'><strong>et</strong></span> <span class='ocrx_word' id='word_1_249' title='bbox 3244 845 3402 896; x_wconf 85' lang='lat' dir='ltr'><strong>passu</strong></span> <span class='ocrx_word' id='word_1_250' title='bbox 3455 845 3680 883; x_wconf 84' lang='lat' dir='ltr'><strong>cuneta-</strong></span> 
     </span>
    </p>
   </div>
   <div class='ocr_carea' id='block_1_37' title="bbox 2095 920 3676 993">
    <p class='ocr_par' dir='ltr' id='par_1_37' title="bbox 2095 920 3676 993">
     <span class='ocr_line' id='line_1_37' title="bbox 2095 920 3676 993; baseline 0.002 -22"><span class='ocrx_word' id='word_1_251' title='bbox 2095 920 2314 982; x_wconf 83' lang='lat' dir='ltr'><strong>bundo;</strong></span> <span class='ocrx_word' id='word_1_252' title='bbox 2353 934 2472 971; x_wconf 77' lang='lat' dir='ltr'><strong>mox</strong></span> <span class='ocrx_word' id='word_1_253' title='bbox 2505 927 2715 972; x_wconf 74' lang='lat' dir='ltr'><strong>stantes</strong></span> <span class='ocrx_word' id='word_1_254' title='bbox 2754 921 3011 974; x_wconf 85' lang='lat' dir='ltr'><strong>continua</strong></span> <span class='ocrx_word' id='word_1_255' title='bbox 3047 923 3188 974; x_wconf 77' lang='lat' dir='ltr'><strong>srrie</strong></span> <span class='ocrx_word' id='word_1_256' title='bbox 3221 922 3354 975; x_wconf 67' lang='grc' dir='ltr'>Ιυιτίς</span> <span class='ocrx_word' id='word_1_257' title='bbox 3380 923 3676 993; x_wconf 71' lang='lat' dir='ltr'><strong>assiguatis</strong></span> 
     </span>
    </p>
   </div>
   <div class='ocr_carea' id='block_1_38' title="bbox 2095 1009 3683 1080">
    <p class='ocr_par' dir='ltr' id='par_1_38' title="bbox 2095 1009 3683 1080">
     <span class='ocr_line' id='line_1_38' title="bbox 2095 1009 3683 1080; baseline 0.001 -17"><span class='ocrx_word' id='word_1_258' title='bbox 2095 1011 2485 1076; x_wconf 78' lang='lat' dir='ltr'><strong>exspectabant</strong></span> <span class='ocrx_word' id='word_1_259' title='bbox 2507 1011 2630 1078; x_wconf 79' lang='lat' dir='ltr'><strong>quid</strong></span> <span class='ocrx_word' id='word_1_260' title='bbox 2662 1009 2904 1064; x_wconf 78' lang='lat' dir='ltr'><strong>futurum</strong></span> <span class='ocrx_word' id='word_1_261' title='bbox 2925 1025 3092 1071; x_wconf 78' lang='lat' dir='ltr'><strong>esset.</strong></span> <span class='ocrx_word' id='word_1_262' title='bbox 3124 1013 3405 1068; x_wconf 70' lang='lat' dir='ltr'><strong>ituomues</strong></span> <span class='ocrx_word' id='word_1_263' title='bbox 3436 1013 3683 1080; x_wconf 76' lang='lat' dir='ltr'><strong>suspensi</strong></span> 
     </span>
    </p>
   </div>
   <div class='ocr_carea' id='block_1_39' title="bbox 2101 1105 3689 1175">
    <p class='ocr_par' dir='ltr' id='par_1_39' title="bbox 2101 1105 3689 1175">
     <span class='ocr_line' id='line_1_39' title="bbox 2101 1105 3689 1175; baseline 0.001 -18"><span class='ocrx_word' id='word_1_264' title='bbox 2101 1105 2412 1172; x_wconf 84' lang='lat' dir='ltr'><strong>turbatique</strong></span> <span class='ocrx_word' id='word_1_265' title='bbox 2457 1115 2712 1172; x_wconf 79' lang='lat' dir='ltr'><strong>tauquam</strong></span> <span class='ocrx_word' id='word_1_266' title='bbox 2741 1105 2806 1157; x_wconf 88' lang='lat' dir='ltr'><strong>de</strong></span> <span class='ocrx_word' id='word_1_267' title='bbox 2834 1107 3012 1174; x_wconf 76' lang='lat' dir='ltr'><strong>capite</strong></span> <span class='ocrx_word' id='word_1_268' title='bbox 3046 1117 3208 1175; x_wconf 81' lang='lat' dir='ltr'><strong>atque</strong></span> <span class='ocrx_word' id='word_1_269' title='bbox 3237 1106 3417 1159; x_wconf 90' lang='lat' dir='ltr'><strong>anima</strong></span> <span class='ocrx_word' id='word_1_270' title='bbox 3471 1107 3689 1172; x_wconf 84' lang='lat' dir='ltr'><strong>pericli-</strong></span> 
     </span>
    </p>
   </div>
   <div class='ocr_carea' id='block_1_40' title="bbox 2099 1195 3690 1266">
    <p class='ocr_par' dir='ltr' id='par_1_40' title="bbox 2099 1195 3690 1266">
     <span class='ocr_line' id='line_1_40' title="bbox 2099 1195 3690 1266; baseline 0.001 -16"><span class='ocrx_word' id='word_1_271' title='bbox 2099 1206 2369 1250; x_wconf 81' lang='lat' dir='ltr'><strong>larentur.</strong></span> <span class='ocrx_word' id='word_1_272' title='bbox 2415 1195 2522 1250; x_wconf 85' lang='lat' dir='ltr'><strong>Nec</strong></span> <span class='ocrx_word' id='word_1_273' title='bbox 2572 1212 2703 1249; x_wconf 76' lang='lat' dir='ltr'><strong>vero</strong></span> <span class='ocrx_word' id='word_1_274' title='bbox 2759 1198 3058 1266; x_wconf 79' lang='lat' dir='ltr'><strong>imperator</strong></span> <span class='ocrx_word' id='word_1_275' title='bbox 3087 1197 3204 1264; x_wconf 84' lang='lat' dir='ltr'><strong>ipse</strong></span> <span class='ocrx_word' id='word_1_276' title='bbox 3255 1198 3410 1266; x_wconf 88' lang='lat' dir='ltr'><strong>plane</strong></span> <span class='ocrx_word' id='word_1_277' title='bbox 3458 1213 3690 1253; x_wconf 85' lang='lat' dir='ltr'><strong>securus</strong></span> 
     </span>
    </p>
   </div>
   <div class='ocr_carea' id='block_1_41' title="bbox 2098 1290 3684 1358">
    <p class='ocr_par' dir='ltr' id='par_1_41' title="bbox 2098 1290 3684 1358">
     <span class='ocr_line' id='line_1_41' title="bbox 2098 1290 3684 1358; baseline 0.001 -16"><span class='ocrx_word' id='word_1_278' title='bbox 2098 1290 2551 1358; x_wconf 81' lang='lat' dir='ltr'><strong>erat(secundunt</strong></span> <span class='ocrx_word' id='word_1_279' title='bbox 2587 1291 2860 1343; x_wconf 82' lang='lat' dir='ltr'><strong>hominem</strong></span> <span class='ocrx_word' id='word_1_280' title='bbox 2912 1291 3057 1356; x_wconf 87' lang='lat' dir='ltr'><strong>dico,</strong></span> <span class='ocrx_word' id='word_1_281' title='bbox 3109 1298 3168 1344; x_wconf 82' lang='lat' dir='ltr'><strong>et</strong></span> <span class='ocrx_word' id='word_1_282' title='bbox 3217 1291 3427 1345; x_wconf 84' lang='lat' dir='ltr'><strong>seclusa</strong></span> <span class='ocrx_word' id='word_1_283' title='bbox 3493 1291 3684 1346; x_wconf 85' lang='lat' dir='ltr'><strong>liducia</strong></span> 
     </span>
    </p>
   </div>
   <div class='ocr_carea' id='block_1_42' title="bbox 2100 1380 3686 1450">
    <p class='ocr_par' dir='ltr' id='par_1_42' title="bbox 2100 1380 3686 1450">
     <span class='ocr_line' id='line_1_42' title="bbox 2100 1380 3686 1450; baseline 0.006 -20"><span class='ocrx_word' id='word_1_284' title='bbox 2100 1397 2204 1450; x_wconf 77' lang='lat' dir='ltr'><strong>qua</strong></span> <span class='ocrx_word' id='word_1_285' title='bbox 2235 1382 2285 1433; x_wconf 91' lang='lat' dir='ltr'><strong>in</strong></span> <span class='ocrx_word' id='word_1_286' title='bbox 2324 1380 2432 1435; x_wconf 89' lang='lat' dir='ltr'><strong>Deo</strong></span> <span class='ocrx_word' id='word_1_287' title='bbox 2463 1383 2810 1450; x_wconf 85' lang='lat' dir='ltr'><strong>acquiescere</strong></span> <span class='ocrx_word' id='word_1_288' title='bbox 2839 1383 3102 1450; x_wconf 84' lang='lat' dir='ltr'><strong>solebat);</strong></span> <span class='ocrx_word' id='word_1_289' title='bbox 3138 1385 3332 1437; x_wconf 86' lang='lat' dir='ltr'><strong>merito</strong></span> <span class='ocrx_word' id='word_1_290' title='bbox 3355 1385 3500 1438; x_wconf 88' lang='lat' dir='ltr'><strong>enim</strong></span> <span class='ocrx_word' id='word_1_291' title='bbox 3527 1401 3686 1439; x_wconf 54' lang='lat' dir='ltr'><strong>vere.</strong></span> 
     </span>
    </p>
   </div>
   <div class='ocr_carea' id='block_1_43' title="bbox 2099 1475 3688 1544">
    <p class='ocr_par' dir='ltr' id='par_1_43' title="bbox 2099 1475 3688 1544">
     <span class='ocr_line' id='line_1_43' title="bbox 2099 1475 3688 1544; baseline 0.002 -18"><span class='ocrx_word' id='word_1_292' title='bbox 2099 1475 2258 1527; x_wconf 76' lang='lat' dir='ltr'><strong>batur</strong></span> <span class='ocrx_word' id='word_1_293' title='bbox 2281 1491 2306 1526; x_wconf 91' lang='lat' dir='ltr'><strong>a</strong></span> <span class='ocrx_word' id='word_1_294' title='bbox 2340 1476 2498 1528; x_wconf 85' lang='lat' dir='ltr'><strong>mista</strong></span> <span class='ocrx_word' id='word_1_295' title='bbox 2525 1491 2587 1529; x_wconf 76' lang='lat' dir='ltr'><strong>ex</strong></span> <span class='ocrx_word' id='word_1_296' title='bbox 2613 1476 2759 1528; x_wconf 89' lang='lat' dir='ltr'><strong>omni</strong></span> <span class='ocrx_word' id='word_1_297' title='bbox 2791 1492 2990 1544; x_wconf 82' lang='lat' dir='ltr'><strong>genere</strong></span> <span class='ocrx_word' id='word_1_298' title='bbox 3022 1477 3376 1532; x_wconf 70' lang='lat' dir='ltr'><strong>multitudine</strong></span> <span class='ocrx_word' id='word_1_299' title='bbox 3392 1478 3688 1532; x_wconf 88' lang='lat' dir='ltr'><strong>astantium</strong></span> 
     </span>
    </p>
   </div>
   <div class='ocr_carea' id='block_1_44' title="bbox 2102 1567 3693 1642">
    <p class='ocr_par' dir='ltr' id='par_1_44' title="bbox 2102 1567 3693 1642">
     <span class='ocr_line' id='line_1_44' title="bbox 2102 1567 3693 1642; baseline 0.002 -21"><span class='ocrx_word' id='word_1_300' title='bbox 2102 1568 2329 1637; x_wconf 88' lang='lat' dir='ltr'><strong>nequid</strong></span> <span class='ocrx_word' id='word_1_301' title='bbox 2389 1568 2568 1638; x_wconf 77' lang='lat' dir='ltr'><strong>gravis</strong></span> <span class='ocrx_word' id='word_1_302' title='bbox 2590 1570 2921 1637; x_wconf 82' lang='lat' dir='ltr'><strong>audacisque</strong></span> <span class='ocrx_word' id='word_1_303' title='bbox 2971 1567 3235 1624; x_wconf 80' lang='lat' dir='ltr'><strong>facinoris</strong></span> <span class='ocrx_word' id='word_1_304' title='bbox 3293 1570 3458 1642; x_wconf 68' lang='grc'><strong>264</strong></span> <span class='ocrx_word' id='word_1_305' title='bbox 3514 1571 3693 1624; x_wconf 82' lang='lat' dir='ltr'><strong>subito</strong></span> 
     </span>
    </p>
   </div>
   <div class='ocr_carea' id='block_1_45' title="bbox 2103 1663 3697 1732">
    <p class='ocr_par' dir='ltr' id='par_1_45' title="bbox 2103 1663 3697 1732">
     <span class='ocr_line' id='line_1_45' title="bbox 2103 1663 3697 1732; baseline 0.003 -17"><span class='ocrx_word' id='word_1_306' title='bbox 2103 1671 2466 1716; x_wconf 83' lang='lat' dir='ltr'><strong>altcnlarelur</strong></span> <span class='ocrx_word' id='word_1_307' title='bbox 2484 1673 2670 1716; x_wconf 84' lang='lat' dir='ltr'><strong>contra</strong></span> <span class='ocrx_word' id='word_1_308' title='bbox 2693 1664 2890 1732; x_wconf 88' lang='lat' dir='ltr'><strong>ipsum.</strong></span> <span class='ocrx_word' id='word_1_309' title='bbox 2921 1663 3123 1718; x_wconf 86' lang='lat' dir='ltr'><strong>Tamen</strong></span> <span class='ocrx_word' id='word_1_310' title='bbox 3155 1679 3274 1719; x_wconf 90' lang='lat' dir='ltr'><strong>cum</strong></span> <span class='ocrx_word' id='word_1_311' title='bbox 3307 1681 3365 1718; x_wconf 85' lang='lat' dir='ltr'><strong>se</strong></span> <span class='ocrx_word' id='word_1_312' title='bbox 3399 1666 3697 1720; x_wconf 51' lang='lat' dir='ltr'><strong>obﬁrmasa</strong></span> 
     </span>
    </p>
   </div>
   <div class='ocr_carea' id='block_1_46' title="bbox 2103 1754 3692 1821">
    <p class='ocr_par' dir='ltr' id='par_1_46' title="bbox 2103 1754 3692 1821">
     <span class='ocr_line' id='line_1_46' title="bbox 2103 1754 3692 1821; baseline 0.003 -15"><span class='ocrx_word' id='word_1_313' title='bbox 2103 1763 2204 1814; x_wconf 87' lang='lat' dir='ltr'><strong>set,</strong></span> <span class='ocrx_word' id='word_1_314' title='bbox 2247 1764 2432 1821; x_wconf 85' lang='lat' dir='ltr'><strong>parata</strong></span> <span class='ocrx_word' id='word_1_315' title='bbox 2485 1754 2536 1807; x_wconf 91' lang='lat' dir='ltr'><strong>in</strong></span> <span class='ocrx_word' id='word_1_316' title='bbox 2567 1765 2818 1808; x_wconf 82' lang='lat' dir='ltr'><strong>eventum</strong></span> <span class='ocrx_word' id='word_1_317' title='bbox 2862 1769 3080 1808; x_wconf 88' lang='lat' dir='ltr'><strong>omnem</strong></span> <span class='ocrx_word' id='word_1_318' title='bbox 3133 1755 3344 1809; x_wconf 85' lang='lat' dir='ltr'><strong>consilii</strong></span> <span class='ocrx_word' id='word_1_319' title='bbox 3385 1759 3692 1810; x_wconf 87' lang='lat' dir='ltr'><strong>constantia</strong></span> 
     </span>
    </p>
   </div>
   <div class='ocr_carea' id='block_1_47' title="bbox 2105 1843 3700 1913">
    <p class='ocr_par' dir='ltr' id='par_1_47' title="bbox 2105 1843 3700 1913">
     <span class='ocr_line' id='line_1_47' title="bbox 2105 1843 3700 1913; baseline 0.003 -19"><span class='ocrx_word' id='word_1_320' title='bbox 2105 1845 2266 1899; x_wconf 75' lang='lat' dir='ltr'><strong>verba</strong></span> <span class='ocrx_word' id='word_1_321' title='bbox 2299 1843 2478 1899; x_wconf 79' lang='lat' dir='ltr'><strong>facere</strong></span> <span class='ocrx_word' id='word_1_322' title='bbox 2509 1845 2651 1899; x_wconf 86' lang='lat' dir='ltr'><strong>hunc</strong></span> <span class='ocrx_word' id='word_1_323' title='bbox 2686 1844 2740 1898; x_wconf 93' lang='lat' dir='ltr'><strong>in</strong></span> <span class='ocrx_word' id='word_1_324' title='bbox 2772 1845 2992 1898; x_wconf 88' lang='lat' dir='ltr'><strong>modum</strong></span> <span class='ocrx_word' id='word_1_325' title='bbox 3019 1847 3205 1913; x_wconf 77' lang='lat' dir='ltr'><strong>coepit,</strong></span> <span class='ocrx_word' id='word_1_326' title='bbox 3225 1847 3495 1901; x_wconf 78' lang='lat' dir='ltr'><strong>universis</strong></span> <span class='ocrx_word' id='word_1_327' title='bbox 3521 1847 3700 1910; x_wconf 82' lang='lat' dir='ltr'><strong>circa,</strong></span> 
     </span>
    </p>
   </div>
   <div class='ocr_carea' id='block_1_48' title="bbox 2107 1937 3696 2008">
    <p class='ocr_par' dir='ltr' id='par_1_48' title="bbox 2107 1937 3696 2008">
     <span class='ocr_line' id='line_1_48' title="bbox 2107 1937 3696 2008; baseline -0.001 -18"><span class='ocrx_word' id='word_1_328' title='bbox 2107 1938 2265 2008; x_wconf 87' lang='lat' dir='ltr'><strong>plane</strong></span> <span class='ocrx_word' id='word_1_329' title='bbox 2303 1948 2358 1991; x_wconf 83' lang='grc' dir='ltr'><strong>ιιι</strong></span> <span class='ocrx_word' id='word_1_330' title='bbox 2391 1937 2437 1991; x_wconf 90' lang='lat' dir='ltr'><strong>si</strong></span> <span class='ocrx_word' id='word_1_331' title='bbox 2472 1938 2653 2006; x_wconf 85' lang='lat' dir='ltr'><strong>pisces</strong></span> <span class='ocrx_word' id='word_1_332' title='bbox 2699 1945 2884 1990; x_wconf 78' lang='lat' dir='ltr'><strong>essent</strong></span> <span class='ocrx_word' id='word_1_333' title='bbox 2942 1947 3034 1990; x_wconf 84' lang='lat' dir='ltr'><strong>aut</strong></span> <span class='ocrx_word' id='word_1_334' title='bbox 3069 1938 3270 2005; x_wconf 82' lang='lat' dir='ltr'><strong>linguis</strong></span> <span class='ocrx_word' id='word_1_335' title='bbox 3313 1948 3589 1994; x_wconf 84' lang='lat' dir='ltr'><strong>carercnt.</strong></span> <span class='ocrx_word' id='word_1_336' title='bbox 3624 1939 3696 1990; x_wconf 87' lang='lat' dir='ltr'><strong>si-</strong></span> 
     </span>
    </p>
   </div>
   <div class='ocr_carea' id='block_1_49' title="bbox 2106 2031 3710 2097">
    <p class='ocr_par' dir='ltr' id='par_1_49' title="bbox 2106 2031 3710 2097">
     <span class='ocr_line' id='line_1_49' title="bbox 2106 2031 3710 2097; baseline -0.002 -9"><span class='ocrx_word' id='word_1_337' title='bbox 2106 2034 2272 2088; x_wconf 82' lang='lat' dir='ltr'><strong>lentio</strong></span> <span class='ocrx_word' id='word_1_338' title='bbox 2313 2033 2662 2088; x_wconf 84' lang='lat' dir='ltr'><strong>astantibus:</strong></span> <span class='ocrx_word' id='word_1_339' title='bbox 2702 2031 2880 2085; x_wconf 82' lang='lat' dir='ltr'><strong>Testes</strong></span> <span class='ocrx_word' id='word_1_340' title='bbox 2928 2048 3016 2085; x_wconf 78' lang='lat' dir='ltr'><strong>vos</strong></span> <span class='ocrx_word' id='word_1_341' title='bbox 3057 2033 3220 2084; x_wconf 83' lang='lat' dir='ltr'><strong>habeo</strong></span> <span class='ocrx_word' id='word_1_342' title='bbox 3265 2031 3412 2084; x_wconf 90' lang='lat' dir='ltr'><strong>nulla</strong></span> <span class='ocrx_word' id='word_1_343' title='bbox 3461 2048 3710 2097; x_wconf 81' lang='lat' dir='ltr'><strong>unquam.</strong></span> 
     </span>
    </p>
   </div>
   <div class='ocr_carea' id='block_1_50' title="bbox 2105 2122 3693 2194">
    <p class='ocr_par' dir='ltr' id='par_1_50' title="bbox 2105 2122 3693 2194">
     <span class='ocr_line' id='line_1_50' title="bbox 2105 2122 3693 2194; baseline -0.003 -13"><span class='ocrx_word' id='word_1_344' title='bbox 2105 2128 2158 2181; x_wconf 92' lang='lat' dir='ltr'><strong>in</strong></span> <span class='ocrx_word' id='word_1_345' title='bbox 2186 2144 2239 2180; x_wconf 89' lang='lat' dir='ltr'><strong>re</strong></span> <span class='ocrx_word' id='word_1_346' title='bbox 2260 2126 2444 2180; x_wconf 69' lang='lat' dir='ltr'><strong>laesum</strong></span> <span class='ocrx_word' id='word_1_347' title='bbox 2474 2141 2583 2180; x_wconf 82' lang='lat' dir='ltr'><strong>esse</strong></span> <span class='ocrx_word' id='word_1_348' title='bbox 2604 2143 2634 2178; x_wconf 89' lang='lat' dir='ltr'><strong>a</strong></span> <span class='ocrx_word' id='word_1_349' title='bbox 2659 2142 2741 2179; x_wconf 85' lang='lat' dir='ltr'><strong>me</strong></span> <span class='ocrx_word' id='word_1_350' title='bbox 2775 2125 3080 2193; x_wconf 80' lang='lat' dir='ltr'><strong>Diogenem.</strong></span> <span class='ocrx_word' id='word_1_351' title='bbox 3125 2122 3247 2178; x_wconf 85' lang='lat' dir='ltr'><strong>Non</strong></span> <span class='ocrx_word' id='word_1_352' title='bbox 3281 2141 3371 2194; x_wconf 83' lang='lat' dir='ltr'><strong>ego</strong></span> <span class='ocrx_word' id='word_1_353' title='bbox 3404 2126 3547 2190; x_wconf 83' lang='lat' dir='ltr'><strong>patri</strong></span> <span class='ocrx_word' id='word_1_354' title='bbox 3579 2124 3693 2192; x_wconf 73' lang='lat' dir='ltr'><strong>ejus</strong></span> 
     </span>
    </p>
   </div>
   <div class='ocr_carea' id='block_1_51' title="bbox 2105 2217 3696 2288">
    <p class='ocr_par' dir='ltr' id='par_1_51' title="bbox 2105 2217 3696 2288">
     <span class='ocr_line' id='line_1_51' title="bbox 2105 2217 3696 2288; baseline -0.004 -14"><span class='ocrx_word' id='word_1_355' title='bbox 2105 2219 2385 2288; x_wconf 85' lang='lat' dir='ltr'><strong>imperium</strong></span> <span class='ocrx_word' id='word_1_356' title='bbox 2411 2219 2648 2280; x_wconf 74' lang='lat' dir='ltr'><strong>extorsi;</strong></span> <span class='ocrx_word' id='word_1_357' title='bbox 2678 2218 2902 2270; x_wconf 89' lang='lat' dir='ltr'><strong>alterum</strong></span> <span class='ocrx_word' id='word_1_358' title='bbox 2955 2219 3056 2270; x_wconf 81' lang='lat' dir='ltr'><strong>ista</strong></span> <span class='ocrx_word' id='word_1_359' title='bbox 3084 2218 3296 2285; x_wconf 79' lang='lat' dir='ltr'><strong>querela</strong></span> <span class='ocrx_word' id='word_1_360' title='bbox 3353 2217 3517 2283; x_wconf 77' lang='lat' dir='ltr'><strong>petit;</strong></span> <span class='ocrx_word' id='word_1_361' title='bbox 3564 2217 3696 2268; x_wconf 81' lang='lat' dir='ltr'><strong>nihil</strong></span> 
     </span>
    </p>
   </div>
   <div class='ocr_carea' id='block_1_52' title="bbox 2101 2307 3691 2378">
    <p class='ocr_par' dir='ltr' id='par_1_52' title="bbox 2101 2307 3691 2378">
     <span class='ocr_line' id='line_1_52' title="bbox 2101 2307 3691 2378; baseline -0.003 -14"><span class='ocrx_word' id='word_1_362' title='bbox 2101 2311 2156 2364; x_wconf 86' lang='lat' dir='ltr'><strong>in</strong></span> <span class='ocrx_word' id='word_1_363' title='bbox 2175 2328 2294 2365; x_wconf 90' lang='lat' dir='ltr'><strong>eum</strong></span> <span class='ocrx_word' id='word_1_364' title='bbox 2326 2311 2561 2378; x_wconf 88' lang='lat' dir='ltr'><strong>iniquum</strong></span> <span class='ocrx_word' id='word_1_365' title='bbox 2588 2309 2926 2362; x_wconf 82' lang='lat' dir='ltr'><strong>molestumve</strong></span> <span class='ocrx_word' id='word_1_366' title='bbox 2958 2325 3188 2376; x_wconf 90' lang='lat' dir='ltr'><strong>unquam</strong></span> <span class='ocrx_word' id='word_1_367' title='bbox 3227 2307 3472 2360; x_wconf 75' lang='lat' dir='ltr'><strong>consului</strong></span> <span class='ocrx_word' id='word_1_368' title='bbox 3507 2308 3691 2376; x_wconf 70' lang='grc' dir='ltr'>[θεῖνε.</span> 
     </span>
    </p>
   </div>
   <div class='ocr_carea' id='block_1_53' title="bbox 2107 2399 3696 2468">
    <p class='ocr_par' dir='ltr' id='par_1_53' title="bbox 2107 2399 3696 2468">
     <span class='ocr_line' id='line_1_53' title="bbox 2107 2399 3696 2468; baseline -0.004 -12"><span class='ocrx_word' id='word_1_369' title='bbox 2107 2402 2244 2468; x_wconf 83' lang='lat' dir='ltr'><strong>Quin</strong></span> <span class='ocrx_word' id='word_1_370' title='bbox 2267 2403 2426 2456; x_wconf 82' lang='lat' dir='ltr'><strong>etiam</strong></span> <span class='ocrx_word' id='word_1_371' title='bbox 2457 2402 2697 2463; x_wconf 80' lang='lat' dir='ltr'><strong>imperio,</strong></span> <span class='ocrx_word' id='word_1_372' title='bbox 2736 2400 2828 2452; x_wconf 88' lang='lat' dir='ltr'><strong>Dei</strong></span> <span class='ocrx_word' id='word_1_373' title='bbox 2859 2399 3018 2468; x_wconf 84' lang='lat' dir='ltr'><strong>plane</strong></span> <span class='ocrx_word' id='word_1_374' title='bbox 3065 2410 3218 2458; x_wconf 79' lang='lat' dir='ltr'><strong>nutu,</strong></span> <span class='ocrx_word' id='word_1_375' title='bbox 3265 2401 3333 2452; x_wconf 86' lang='lat' dir='ltr'><strong>ad</strong></span> <span class='ocrx_word' id='word_1_376' title='bbox 3376 2416 3454 2452; x_wconf 88' lang='lat' dir='ltr'><strong>me</strong></span> <span class='ocrx_word' id='word_1_377' title='bbox 3515 2409 3696 2451; x_wconf 80' lang='lat' dir='ltr'><strong>trans-</strong></span> 
     </span>
    </p>
   </div>
   <div class='ocr_carea' id='block_1_54' title="bbox 2106 2489 3696 2559">
    <p class='ocr_par' dir='ltr' id='par_1_54' title="bbox 2106 2489 3696 2559">
     <span class='ocr_line' id='line_1_54' title="bbox 2106 2489 3696 2559; baseline -0.003 -12"><span class='ocrx_word' id='word_1_378' title='bbox 2106 2494 2238 2553; x_wconf 84' lang='lat' dir='ltr'><strong>lato,</strong></span> <span class='ocrx_word' id='word_1_379' title='bbox 2281 2510 2383 2546; x_wconf 84' lang='lat' dir='ltr'><strong>non</strong></span> <span class='ocrx_word' id='word_1_380' title='bbox 2437 2493 2588 2546; x_wconf 72' lang='lat' dir='ltr'><strong>modo</strong></span> <span class='ocrx_word' id='word_1_381' title='bbox 2644 2493 2812 2558; x_wconf 78' lang='lat' dir='ltr'><strong>ipsum</strong></span> <span class='ocrx_word' id='word_1_382' title='bbox 2847 2501 2894 2544; x_wconf 92' lang='lat' dir='ltr'><strong>et</strong></span> <span class='ocrx_word' id='word_1_383' title='bbox 2950 2489 3167 2543; x_wconf 49' lang='lat' dir='ltr'><strong>Ll&#39;onem</strong></span> <span class='ocrx_word' id='word_1_384' title='bbox 3215 2489 3432 2557; x_wconf 82' lang='lat' dir='ltr'><strong>fratrem</strong></span> <span class='ocrx_word' id='word_1_385' title='bbox 3491 2491 3603 2559; x_wconf 83' lang='lat' dir='ltr'><strong>ejus</strong></span> <span class='ocrx_word' id='word_1_386' title='bbox 3644 2491 3696 2542; x_wconf 81' lang='lat' dir='ltr'><strong>in</strong></span> 
     </span>
    </p>
   </div>
   <div class='ocr_carea' id='block_1_55' title="bbox 2107 2583 3698 2655">
    <p class='ocr_par' dir='ltr' id='par_1_55' title="bbox 2107 2583 3698 2655">
     <span class='ocr_line' id='line_1_55' title="bbox 2107 2583 3698 2655; baseline -0.003 -16"><span class='ocrx_word' id='word_1_387' title='bbox 2107 2595 2250 2640; x_wconf 84' lang='lat' dir='ltr'><strong>statu</strong></span> <span class='ocrx_word' id='word_1_388' title='bbox 2273 2603 2334 2639; x_wconf 88' lang='lat' dir='ltr'><strong>ac</strong></span> <span class='ocrx_word' id='word_1_389' title='bbox 2354 2586 2522 2655; x_wconf 88' lang='lat' dir='ltr'><strong>gradu</strong></span> <span class='ocrx_word' id='word_1_390' title='bbox 2555 2585 2767 2638; x_wconf 79' lang='lat' dir='ltr'><strong>honoris</strong></span> <span class='ocrx_word' id='word_1_391' title='bbox 2799 2585 3011 2653; x_wconf 83' lang='lat' dir='ltr'><strong>proprio</strong></span> <span class='ocrx_word' id='word_1_392' title='bbox 3052 2585 3272 2645; x_wconf 74' lang='lat' dir='ltr'><strong>servavi,</strong></span> <span class='ocrx_word' id='word_1_393' title='bbox 3302 2583 3392 2637; x_wconf 78' lang='lat' dir='ltr'><strong>sed</strong></span> <span class='ocrx_word' id='word_1_394' title='bbox 3447 2600 3533 2636; x_wconf 89' lang='lat' dir='ltr'><strong>eos</strong></span> <span class='ocrx_word' id='word_1_395' title='bbox 3555 2601 3698 2650; x_wconf 47' lang='lat' dir='ltr'><strong>prat-</strong></span> 
     </span>
    </p>
   </div>
   <div class='ocr_carea' id='block_1_56' title="bbox 2110 2677 3698 2749">
    <p class='ocr_par' dir='ltr' id='par_1_56' title="bbox 2110 2677 3698 2749">
     <span class='ocr_line' id='line_1_56' title="bbox 2110 2677 3698 2749; baseline -0.003 -16"><span class='ocrx_word' id='word_1_396' title='bbox 2110 2682 2265 2747; x_wconf 85' lang='lat' dir='ltr'><strong>cipuo</strong></span> <span class='ocrx_word' id='word_1_397' title='bbox 2296 2679 2473 2748; x_wconf 80' lang='lat' dir='ltr'><strong>furore</strong></span> <span class='ocrx_word' id='word_1_398' title='bbox 2497 2678 2993 2749; x_wconf 80' lang='lat' dir='ltr'><strong>familiaritateque,</strong></span> <span class='ocrx_word' id='word_1_399' title='bbox 3029 2679 3130 2730; x_wconf 89' lang='lat' dir='ltr'><strong>imo</strong></span> <span class='ocrx_word' id='word_1_400' title='bbox 3179 2688 3397 2744; x_wconf 78' lang='lat' dir='ltr'><strong>paterna</strong></span> <span class='ocrx_word' id='word_1_401' title='bbox 3435 2677 3698 2730; x_wconf 71' lang='lat' dir='ltr'><strong>charitate</strong></span> 
     </span>
    </p>
   </div>
   <div class='ocr_carea' id='block_1_57' title="bbox 2111 2769 3702 2840">
    <p class='ocr_par' dir='ltr' id='par_1_57' title="bbox 2111 2769 3702 2840">
     <span class='ocr_line' id='line_1_57' title="bbox 2111 2769 3702 2840; baseline -0.002 -15"><span class='ocrx_word' id='word_1_402' title='bbox 2111 2772 2410 2840; x_wconf 78' lang='lat' dir='ltr'><strong>complexus</strong></span> <span class='ocrx_word' id='word_1_403' title='bbox 2461 2788 2598 2836; x_wconf 81' lang='lat' dir='ltr'><strong>sunt,</strong></span> <span class='ocrx_word' id='word_1_404' title='bbox 2635 2770 2769 2824; x_wconf 67' lang='lat' dir='ltr'><strong>velut</strong></span> <span class='ocrx_word' id='word_1_405' title='bbox 2821 2772 2865 2822; x_wconf 91' lang='lat' dir='ltr'><strong>si</strong></span> <span class='ocrx_word' id='word_1_406' title='bbox 2927 2779 3154 2823; x_wconf 85' lang='lat' dir='ltr'><strong>essenta</strong></span> <span class='ocrx_word' id='word_1_407' title='bbox 3185 2785 3264 2822; x_wconf 88' lang='lat' dir='ltr'><strong>me</strong></span> <span class='ocrx_word' id='word_1_408' title='bbox 3300 2769 3480 2836; x_wconf 77' lang='lat' dir='ltr'><strong>geniti.</strong></span> <span class='ocrx_word' id='word_1_409' title='bbox 3532 2770 3702 2834; x_wconf 56' lang='lat' dir='ltr'><strong>Atque</strong></span> 
     </span>
    </p>
   </div>
   <div class='ocr_carea' id='block_1_58' title="bbox 2111 2859 3700 2931">
    <p class='ocr_par' dir='ltr' id='par_1_58' title="bbox 2111 2859 3700 2931">
     <span class='ocr_line' id='line_1_58' title="bbox 2111 2859 3700 2931; baseline -0.004 -13"><span class='ocrx_word' id='word_1_410' title='bbox 2111 2865 2248 2918; x_wconf 85' lang='lat' dir='ltr'><strong>hunc</strong></span> <span class='ocrx_word' id='word_1_411' title='bbox 2277 2865 2520 2931; x_wconf 81' lang='lat' dir='ltr'><strong>privatim</strong></span> <span class='ocrx_word' id='word_1_412' title='bbox 2553 2861 2905 2928; x_wconf 81' lang='lat' dir='ltr'><strong>Nicephorum</strong></span> <span class='ocrx_word' id='word_1_413' title='bbox 2938 2859 3078 2929; x_wconf 83' lang='lat' dir='ltr'><strong>quod</strong></span> <span class='ocrx_word' id='word_1_414' title='bbox 3108 2861 3316 2916; x_wconf 85' lang='lat' dir='ltr'><strong>attinet.</strong></span> <span class='ocrx_word' id='word_1_415' title='bbox 3347 2875 3463 2913; x_wconf 86' lang='lat' dir='ltr'><strong>eum</strong></span> <span class='ocrx_word' id='word_1_416' title='bbox 3487 2875 3623 2926; x_wconf 81' lang='lat' dir='ltr'><strong>sa’pe</strong></span> <span class='ocrx_word' id='word_1_417' title='bbox 3646 2875 3700 2912; x_wconf 81' lang='grc' dir='ltr'><strong>ιιι</strong></span> 
     </span>
    </p>
   </div>
   <div class='ocr_carea' id='block_1_59' title="bbox 2110 2950 3703 3024">
    <p class='ocr_par' dir='ltr' id='par_1_59' title="bbox 2110 2950 3703 3024">
     <span class='ocr_line' id='line_1_59' title="bbox 2110 2950 3703 3024; baseline -0.001 -17"><span class='ocrx_word' id='word_1_418' title='bbox 2110 2957 2226 3024; x_wconf 81' lang='lat' dir='ltr'><strong>ipso</strong></span> <span class='ocrx_word' id='word_1_419' title='bbox 2258 2956 2523 3009; x_wconf 74' lang='lat' dir='ltr'><strong>insidiosa:</strong></span> <span class='ocrx_word' id='word_1_420' title='bbox 2553 2955 2692 3008; x_wconf 77' lang='lat' dir='ltr'><strong>necis</strong></span> <span class='ocrx_word' id='word_1_421' title='bbox 2725 2953 3020 3020; x_wconf 72' lang='lat' dir='ltr'><strong>inferenda:</strong></span> <span class='ocrx_word' id='word_1_422' title='bbox 3085 2952 3215 3005; x_wconf 87' lang='lat' dir='ltr'><strong>mihi</strong></span> <span class='ocrx_word' id='word_1_423' title='bbox 3244 2963 3437 3006; x_wconf 89' lang='lat' dir='ltr'><strong>conatu</strong></span> <span class='ocrx_word' id='word_1_424' title='bbox 3497 2950 3703 3019; x_wconf 77' lang='lat' dir='ltr'><strong>nefario</strong></span> 
     </span>
    </p>
   </div>
   <div class='ocr_carea' id='block_1_60' title="bbox 2115 3044 3702 3117">
    <p class='ocr_par' dir='ltr' id='par_1_60' title="bbox 2115 3044 3702 3117">
     <span class='ocr_line' id='line_1_60' title="bbox 2115 3044 3702 3117; baseline -0.005 -15"><span class='ocrx_word' id='word_1_425' title='bbox 2115 3049 2394 3117; x_wconf 80' lang='lat' dir='ltr'><strong>manifeste</strong></span> <span class='ocrx_word' id='word_1_426' title='bbox 2412 3047 2745 3117; x_wconf 85' lang='lat' dir='ltr'><strong>deprehendi,</strong></span> <span class='ocrx_word' id='word_1_427' title='bbox 2776 3057 2821 3098; x_wconf 90' lang='lat' dir='ltr'><strong>et</strong></span> <span class='ocrx_word' id='word_1_428' title='bbox 2855 3046 2999 3100; x_wconf 86' lang='lat' dir='ltr'><strong>venia</strong></span> <span class='ocrx_word' id='word_1_429' title='bbox 3027 3044 3178 3098; x_wconf 82' lang='lat' dir='ltr'><strong>toties</strong></span> <span class='ocrx_word' id='word_1_430' title='bbox 3205 3055 3510 3111; x_wconf 78' lang='lat' dir='ltr'><strong>prosecutus</strong></span> <span class='ocrx_word' id='word_1_431' title='bbox 3544 3060 3660 3096; x_wconf 84' lang='lat' dir='ltr'><strong>sum</strong></span> <span class='ocrx_word' id='word_1_432' title='bbox 3685 3060 3702 3107; x_wconf 86' lang='lat'><em>;</em></span> 
     </span>
    </p>
   </div>
   <div class='ocr_carea' id='block_1_61' title="bbox 2113 3136 3706 3207">
    <p class='ocr_par' dir='ltr' id='par_1_61' title="bbox 2113 3136 3706 3207">
     <span class='ocr_line' id='line_1_61' title="bbox 2113 3136 3706 3207; baseline -0.004 -11"><span class='ocrx_word' id='word_1_433' title='bbox 2113 3159 2177 3196; x_wconf 75' lang='lat' dir='ltr'><strong>ac</strong></span> <span class='ocrx_word' id='word_1_434' title='bbox 2212 3159 2330 3195; x_wconf 88' lang='lat' dir='ltr'><strong>cum</strong></span> <span class='ocrx_word' id='word_1_435' title='bbox 2380 3156 2568 3207; x_wconf 77' lang='lat' dir='ltr'><strong>parum</strong></span> <span class='ocrx_word' id='word_1_436' title='bbox 2613 3155 2678 3191; x_wconf 80' lang='lat' dir='ltr'><strong>ea:</strong></span> <span class='ocrx_word' id='word_1_437' title='bbox 2735 3137 2833 3190; x_wconf 89' lang='lat' dir='ltr'><strong>illa</strong></span> <span class='ocrx_word' id='word_1_438' title='bbox 2885 3153 2998 3190; x_wconf 85' lang='lat' dir='ltr'><strong>meo</strong></span> <span class='ocrx_word' id='word_1_439' title='bbox 3062 3136 3395 3206; x_wconf 82' lang='lat' dir='ltr'><strong>indulgentia</strong></span> <span class='ocrx_word' id='word_1_440' title='bbox 3451 3136 3706 3204; x_wconf 79' lang='lat' dir='ltr'><strong>proﬁcere</strong></span> 
     </span>
    </p>
   </div>
   <div class='ocr_carea' id='block_1_62' title="bbox 423 3222 2009 3303">
    <p class='ocr_par' dir='ltr' id='par_1_62' title="bbox 423 3223 2004 3296">
     <span class='ocr_line' id='line_1_62' title="bbox 423 3223 2004 3296; baseline 0.004 -22"><span class='ocrx_word' id='word_1_441' title='bbox 423 3225 530 3276; x_wconf 87' lang='grc' dir='ltr'>τόν</span> <span class='ocrx_word' id='word_1_442' title='bbox 554 3241 656 3292; x_wconf 85' lang='grc' dir='ltr'><strong>μοι</strong></span> <span class='ocrx_word' id='word_1_443' title='bbox 689 3223 1136 3292; x_wconf 60' lang='grc' dir='ltr'>ἐπεψηφίσατο.</span> <span class='ocrx_word' id='word_1_444' title='bbox 1180 3224 1518 3296; x_wconf 74' lang='grc' dir='ltr'>Ἐπεὸόησαν</span> <span class='ocrx_word' id='word_1_445' title='bbox 1562 3225 1606 3279; x_wconf 82' lang='grc' dir='ltr'>δ’</span> <span class='ocrx_word' id='word_1_446' title='bbox 1647 3226 1740 3280; x_wconf 79' lang='grc' dir='ltr'><strong>ὲπὶ</strong></span> <span class='ocrx_word' id='word_1_447' title='bbox 1794 3229 2004 3293; x_wconf 65' lang='grc' dir='ltr'>τούτοις</span> 
     </span>
    </p>
   </div>
   <div class='ocr_carea' id='block_1_63' title="bbox 2114 3222 3702 3303">
    <p class='ocr_par' dir='ltr' id='par_1_63' title="bbox 2114 3229 3702 3303">
     <span class='ocr_line' id='line_1_63' title="bbox 2114 3229 3702 3303; baseline -0.004 -15"><span class='ocrx_word' id='word_1_448' title='bbox 2114 3237 2278 3302; x_wconf 89' lang='lat' dir='ltr'><strong>ipsum</strong></span> <span class='ocrx_word' id='word_1_449' title='bbox 2309 3233 2379 3286; x_wconf 89' lang='lat' dir='ltr'><strong>ad</strong></span> <span class='ocrx_word' id='word_1_450' title='bbox 2402 3231 2778 3286; x_wconf 84' lang='lat' dir='ltr'><strong>correctionem</strong></span> <span class='ocrx_word' id='word_1_451' title='bbox 2812 3229 2896 3282; x_wconf 85' lang='lat' dir='ltr'><strong>sui</strong></span> <span class='ocrx_word' id='word_1_452' title='bbox 2929 3244 3215 3291; x_wconf 81' lang='lat' dir='ltr'><strong>cernerem,</strong></span> <span class='ocrx_word' id='word_1_453' title='bbox 3266 3229 3497 3280; x_wconf 81' lang='lat' dir='ltr'><strong>sustinui</strong></span> <span class='ocrx_word' id='word_1_454' title='bbox 3529 3237 3702 3303; x_wconf 71' lang='lat' dir='ltr'><strong>tamen</strong></span> 
     </span>
    </p>
   </div>
   <div class='ocr_carea' id='block_1_64' title="bbox 422 3313 2009 3390">
    <p class='ocr_par' dir='ltr' id='par_1_64' title="bbox 422 3313 2009 3390">
     <span class='ocr_line' id='line_1_64' title="bbox 422 3313 2009 3390; baseline 0.003 -21"><span class='ocrx_word' id='word_1_455' title='bbox 422 3313 662 3378; x_wconf 67' lang='grc' dir='ltr'>ἅπαντες</span> <span class='ocrx_word' id='word_1_456' title='bbox 691 3315 759 3374; x_wconf 77' lang='lat' dir='ltr'><strong>do;</strong></span> <span class='ocrx_word' id='word_1_457' title='bbox 790 3317 850 3367; x_wconf 77' lang='grc' dir='ltr'><strong>οὐ</strong></span> <span class='ocrx_word' id='word_1_458' title='bbox 894 3316 1160 3382; x_wconf 57' lang='grc' dir='ltr'>βούλοιντ’</span> <span class='ocrx_word' id='word_1_459' title='bbox 1205 3317 1273 3370; x_wconf 82' lang='grc' dir='ltr'>ἂν</span> <span class='ocrx_word' id='word_1_460' title='bbox 1311 3320 1500 3388; x_wconf 74' lang='grc' dir='ltr'>ἕτερον</span> <span class='ocrx_word' id='word_1_461' title='bbox 1536 3323 1921 3390; x_wconf 77' lang='grc' dir='ltr'>προεστηκότα</span> <span class='ocrx_word' id='word_1_462' title='bbox 1951 3324 2009 3375; x_wconf 83' lang='grc' dir='ltr'>ὲν</span> 
     </span>
    </p>
   </div>
   <div class='ocr_carea' id='block_1_65' title="bbox 429 3406 2010 3484">
    <p class='ocr_par' dir='ltr' id='par_1_65' title="bbox 429 3406 2010 3484">
     <span class='ocr_line' id='line_1_65' title="bbox 429 3406 2010 3484; baseline 0.007 -27"><span class='ocrx_word' id='word_1_463' title='bbox 429 3406 682 3477; x_wconf 79' lang='grc' dir='ltr'>βασιλείῳ</span> <span class='ocrx_word' id='word_1_464' title='bbox 736 3407 867 3460; x_wconf 84' lang='grc' dir='ltr'>ἰδεῖν</span> <span class='ocrx_word' id='word_1_465' title='bbox 909 3411 1179 3478; x_wconf 87' lang='grc' dir='ltr'>σχήματι,</span> <span class='ocrx_word' id='word_1_466' title='bbox 1213 3409 1274 3463; x_wconf 84' lang='grc' dir='ltr'><strong>οὐ</strong></span> <span class='ocrx_word' id='word_1_467' title='bbox 1315 3410 1478 3464; x_wconf 84' lang='grc' dir='ltr'>τοῦτο</span> <span class='ocrx_word' id='word_1_468' title='bbox 1516 3413 1566 3464; x_wconf 81' lang='grc' dir='ltr'><strong>οἱ</strong></span> <span class='ocrx_word' id='word_1_469' title='bbox 1624 3413 1842 3477; x_wconf 82' lang='grc' dir='ltr'>πλείους</span> <span class='ocrx_word' id='word_1_470' title='bbox 1881 3416 2010 3484; x_wconf 83' lang='grc' dir='ltr'>βου-</span> 
     </span>
    </p>
   </div>
   <div class='ocr_carea' id='block_1_66' title="bbox 432 3494 2012 3570">
    <p class='ocr_par' dir='ltr' id='par_1_66' title="bbox 432 3494 2012 3570">
     <span class='ocr_line' id='line_1_66' title="bbox 432 3494 2012 3570; baseline 0.007 -22"><span class='ocrx_word' id='word_1_471' title='bbox 432 3495 663 3565; x_wconf 83' lang='grc' dir='ltr'>λόμενοι,</span> <span class='ocrx_word' id='word_1_472' title='bbox 697 3498 814 3552; x_wconf 76' lang='grc' dir='ltr'>ἀλλ’</span> <span class='ocrx_word' id='word_1_473' title='bbox 860 3494 1005 3570; x_wconf 80' lang='grc' dir='ltr'>ἦσαν</span> <span class='ocrx_word' id='word_1_474' title='bbox 1038 3499 1222 3564; x_wconf 81' lang='grc' dir='ltr'>θῶπες</span> <span class='ocrx_word' id='word_1_475' title='bbox 1254 3502 1436 3555; x_wconf 82' lang='grc' dir='ltr'>αὐτῶν</span> <span class='ocrx_word' id='word_1_476' title='bbox 1462 3501 1512 3555; x_wconf 91' lang='grc' dir='ltr'><strong>οί</strong></span> <span class='ocrx_word' id='word_1_477' title='bbox 1550 3503 1722 3569; x_wconf 85' lang='grc' dir='ltr'>λόγοι,</span> <span class='ocrx_word' id='word_1_478' title='bbox 1759 3504 1850 3557; x_wconf 80' lang='grc' dir='ltr'>τὸν</span> <span class='ocrx_word' id='word_1_479' title='bbox 1879 3505 2012 3558; x_wconf 84' lang='grc' dir='ltr'>ὑπό-</span> 
     </span>
    </p>
   </div>
   <div class='ocr_carea' id='block_1_67' title="bbox 437 3589 2012 3665">
    <p class='ocr_par' dir='ltr' id='par_1_67' title="bbox 437 3589 2012 3665">
     <span class='ocr_line' id='line_1_67' title="bbox 437 3589 2012 3665; baseline 0.007 -27"><span class='ocrx_word' id='word_1_480' title='bbox 437 3603 587 3654; x_wconf 84' lang='grc' dir='ltr'>γυιον</span> <span class='ocrx_word' id='word_1_481' title='bbox 613 3589 895 3660; x_wconf 83' lang='grc' dir='ltr'>διαδρᾶναι</span> <span class='ocrx_word' id='word_1_482' title='bbox 934 3591 1182 3645; x_wconf 88' lang='grc' dir='ltr'>κίνδυνον</span> <span class='ocrx_word' id='word_1_483' title='bbox 1217 3591 1470 3646; x_wconf 75' lang='grc' dir='ltr'>ἐντεῦθεν</span> <span class='ocrx_word' id='word_1_484' title='bbox 1497 3595 1907 3665; x_wconf 80' lang='grc' dir='ltr'>μηχανώμενοι.</span> <span class='ocrx_word' id='word_1_485' title='bbox 1953 3596 2012 3650; x_wconf 84' lang='lat'><strong>&#39;0</strong></span> 
     </span>
    </p>
   </div>
   <div class='ocr_carea' id='block_1_68' title="bbox 430 3682 2014 3758">
    <p class='ocr_par' dir='ltr' id='par_1_68' title="bbox 430 3682 2014 3758">
     <span class='ocr_line' id='line_1_68' title="bbox 430 3682 2014 3758; baseline 0.005 -25"><span class='ocrx_word' id='word_1_486' title='bbox 430 3682 484 3734; x_wconf 76' lang='grc' dir='ltr'><strong>δὲ</strong></span> <span class='ocrx_word' id='word_1_487' title='bbox 533 3682 785 3753; x_wconf 80' lang='grc' dir='ltr'>βασιλεὺς</span> <span class='ocrx_word' id='word_1_488' title='bbox 829 3685 1194 3754; x_wconf 77' lang='grc' dir='ltr'>προαρπάσας</span> <span class='ocrx_word' id='word_1_489' title='bbox 1242 3689 1333 3739; x_wconf 74' lang='grc' dir='ltr'><strong>τὸν</strong></span> <span class='ocrx_word' id='word_1_490' title='bbox 1394 3689 1608 3756; x_wconf 86' lang='grc' dir='ltr'>καιρὸν,</span> <span class='ocrx_word' id='word_1_491' title='bbox 1663 3687 2014 3758; x_wconf 76' lang='grc' dir='ltr'>συμπαθείας</span> 
     </span>
    </p>
   </div>
   <div class='ocr_carea' id='block_1_69' title="bbox 431 3777 2015 3852">
    <p class='ocr_par' dir='ltr' id='par_1_69' title="bbox 431 3777 2015 3852">
     <span class='ocr_line' id='line_1_69' title="bbox 431 3777 2015 3852; baseline 0.003 -23"><span class='ocrx_word' id='word_1_492' title='bbox 431 3781 620 3846; x_wconf 82' lang='grc' dir='ltr'>κοινῆς</span> <span class='ocrx_word' id='word_1_493' title='bbox 649 3777 774 3839; x_wconf 78' lang='grc' dir='ltr'>τοὺς</span> <span class='ocrx_word' id='word_1_494' title='bbox 810 3777 1063 3839; x_wconf 82' lang='grc' dir='ltr'>πλείονας</span> <span class='ocrx_word' id='word_1_495' title='bbox 1091 3777 1268 3847; x_wconf 79' lang='grc' dir='ltr'>ἠξίου,</span> <span class='ocrx_word' id='word_1_496' title='bbox 1302 3777 1379 3842; x_wconf 83' lang='grc' dir='ltr'>ὡς</span> <span class='ocrx_word' id='word_1_497' title='bbox 1401 3779 1510 3830; x_wconf 88' lang='grc' dir='ltr'><strong>τῶν</strong></span> <span class='ocrx_word' id='word_1_498' title='bbox 1540 3780 1732 3834; x_wconf 87' lang='grc' dir='ltr'>αἰτίων</span> <span class='ocrx_word' id='word_1_499' title='bbox 1760 3783 1858 3849; x_wconf 87' lang='grc' dir='ltr'>τῆς</span> <span class='ocrx_word' id='word_1_500' title='bbox 1893 3780 2015 3852; x_wconf 79' lang='grc' dir='ltr'>βου·</span> 
     </span>
    </p>
   </div>
   <div class='ocr_carea' id='block_1_70' title="bbox 427 3869 2014 3943">
    <p class='ocr_par' dir='ltr' id='par_1_70' title="bbox 427 3869 2014 3943">
     <span class='ocr_line' id='line_1_70' title="bbox 427 3869 2014 3943; baseline 0.006 -23"><span class='ocrx_word' id='word_1_501' title='bbox 427 3869 529 3937; x_wconf 71' lang='grc' dir='ltr'>λῆς</span> <span class='ocrx_word' id='word_1_502' title='bbox 570 3871 874 3941; x_wconf 78' lang='grc' dir='ltr'>ὑπερορίαν</span> <span class='ocrx_word' id='word_1_503' title='bbox 904 3872 1179 3942; x_wconf 84' lang='grc' dir='ltr'>πρότερον</span> <span class='ocrx_word' id='word_1_504' title='bbox 1219 3873 1686 3943; x_wconf 82' lang='grc' dir='ltr'>κατακριθέντων.</span> <span class='ocrx_word' id='word_1_505' title='bbox 1729 3875 1854 3928; x_wconf 75' lang='grc' dir='ltr'>Ἐπὶ</span> <span class='ocrx_word' id='word_1_506' title='bbox 1887 3877 2014 3930; x_wconf 80' lang='grc' dir='ltr'>τού-</span> 
     </span>
    </p>
   </div>
   <div class='ocr_carea' id='block_1_71' title="bbox 427 3956 2017 4037">
    <p class='ocr_par' dir='ltr' id='par_1_71' title="bbox 427 3956 2017 4037">
     <span class='ocr_line' id='line_1_71' title="bbox 427 3956 2017 4037; baseline 0.006 -25"><span class='ocrx_word' id='word_1_507' title='bbox 427 3977 524 4013; x_wconf 87' lang='grc' dir='ltr'><strong>του</strong></span> <span class='ocrx_word' id='word_1_508' title='bbox 549 3961 711 4032; x_wconf 76' lang='grc' dir='ltr'>θροῦς</span> <span class='ocrx_word' id='word_1_509' title='bbox 734 3957 870 4031; x_wconf 83' lang='grc' dir='ltr'>ἦρτο</span> <span class='ocrx_word' id='word_1_510' title='bbox 895 3962 1085 4026; x_wconf 85' lang='grc' dir='ltr'>πολὺς,</span> <span class='ocrx_word' id='word_1_511' title='bbox 1118 3956 1230 4015; x_wconf 77' lang='grc' dir='ltr'>οἷον</span> <span class='ocrx_word' id='word_1_512' title='bbox 1285 3963 1461 4026; x_wconf 71' lang='grc' dir='ltr'>οὐδεὶς</span> <span class='ocrx_word' id='word_1_513' title='bbox 1489 3965 1506 3996; x_wconf 87' lang='grc'>¹</span> <span class='ocrx_word' id='word_1_514' title='bbox 1534 3964 1643 4017; x_wconf 83' lang='grc' dir='ltr'><strong>τῶν</strong></span> <span class='ocrx_word' id='word_1_515' title='bbox 1662 3967 1784 4018; x_wconf 70' lang='grc' dir='ltr'>τότε</span> <span class='ocrx_word' id='word_1_516' title='bbox 1813 3970 2017 4037; x_wconf 65' lang='grc' dir='ltr'>παρόν·</span> 
     </span>
    </p>
   </div>
   <div class='ocr_carea' id='block_1_72' title="bbox 427 4055 2018 4128">
    <p class='ocr_par' dir='ltr' id='par_1_72' title="bbox 427 4055 2018 4128">
     <span class='ocr_line' id='line_1_72' title="bbox 427 4055 2018 4128; baseline 0.004 -20"><span class='ocrx_word' id='word_1_517' title='bbox 427 4072 540 4108; x_wconf 88' lang='grc' dir='ltr'><strong>των</strong></span> <span class='ocrx_word' id='word_1_518' title='bbox 575 4058 656 4117; x_wconf 83' lang='grc' dir='ltr'><strong>είς</strong></span> <span class='ocrx_word' id='word_1_519' title='bbox 687 4055 766 4108; x_wconf 77' lang='grc' dir='ltr'>ἔτι</span> <span class='ocrx_word' id='word_1_520' title='bbox 796 4057 892 4109; x_wconf 78' lang='grc' dir='ltr'><strong>καὶ</strong></span> <span class='ocrx_word' id='word_1_521' title='bbox 930 4056 1026 4109; x_wconf 82' lang='grc' dir='ltr'>νῦν</span> <span class='ocrx_word' id='word_1_522' title='bbox 1054 4057 1165 4110; x_wconf 85' lang='grc' dir='ltr'><strong>τῶν</strong></span> <span class='ocrx_word' id='word_1_523' title='bbox 1205 4057 1377 4111; x_wconf 78' lang='grc' dir='ltr'>ὄντων</span> <span class='ocrx_word' id='word_1_524' title='bbox 1404 4059 1424 4088; x_wconf 86' lang='grc'><strong>¹¹</strong></span> <span class='ocrx_word' id='word_1_525' title='bbox 1462 4059 1538 4122; x_wconf 83' lang='grc' dir='ltr'>ὡς</span> <span class='ocrx_word' id='word_1_526' title='bbox 1577 4059 1832 4128; x_wconf 83' lang='grc' dir='ltr'>λέγουσιν</span> <span class='ocrx_word' id='word_1_527' title='bbox 1866 4061 2018 4126; x_wconf 76' lang='grc' dir='ltr'>ἐντὸς</span> 
     </span>
    </p>
   </div>
   <div class='ocr_carea' id='block_1_73' title="bbox 429 4147 2019 4225">
    <p class='ocr_par' dir='ltr' id='par_1_73' title="bbox 429 4147 2019 4225">
     <span class='ocr_line' id='line_1_73' title="bbox 429 4147 2019 4225; baseline 0.001 -23"><span class='ocrx_word' id='word_1_528' title='bbox 429 4148 764 4225; x_wconf 74' lang='grc' dir='ltr'>εἰσεδέξατο,</span> <span class='ocrx_word' id='word_1_529' title='bbox 807 4147 918 4200; x_wconf 85' lang='grc' dir='ltr'><strong>τῶν</strong></span> <span class='ocrx_word' id='word_1_530' title='bbox 967 4147 1065 4217; x_wconf 87' lang='grc' dir='ltr'>μὲν</span> <span class='ocrx_word' id='word_1_531' title='bbox 1110 4147 1481 4201; x_wconf 71' lang='grc' dir='ltr'>ἐπαινούντων</span> <span class='ocrx_word' id='word_1_532' title='bbox 1521 4149 1614 4203; x_wconf 79' lang='grc' dir='ltr'>τὸν</span> <span class='ocrx_word' id='word_1_533' title='bbox 1661 4149 1889 4219; x_wconf 81' lang='grc' dir='ltr'>βασιλέα</span> <span class='ocrx_word' id='word_1_534' title='bbox 1925 4152 2019 4204; x_wconf 65' lang='grc' dir='ltr'><strong>καὶ⁴</strong></span> 
     </span>
    </p>
   </div>
   <div class='ocr_carea' id='block_1_74' title="bbox 435 4240 2020 4313">
    <p class='ocr_par' dir='ltr' id='par_1_74' title="bbox 435 4240 2020 4313">
     <span class='ocr_line' id='line_1_74' title="bbox 435 4240 2020 4313; baseline 0.001 -19"><span class='ocrx_word' id='word_1_535' title='bbox 435 4240 830 4311; x_wconf 76' lang='grc' dir='ltr'>θαυμαζόντων</span> <span class='ocrx_word' id='word_1_536' title='bbox 871 4241 970 4310; x_wconf 81' lang='grc' dir='ltr'>τῆς</span> <span class='ocrx_word' id='word_1_537' title='bbox 1011 4240 1367 4306; x_wconf 82' lang='grc' dir='ltr'>ἀνεξικακίας</span> <span class='ocrx_word' id='word_1_538' title='bbox 1407 4242 1501 4294; x_wconf 77' lang='grc' dir='ltr'>καὶ</span> <span class='ocrx_word' id='word_1_539' title='bbox 1538 4245 1862 4313; x_wconf 82' lang='grc' dir='ltr'>πραότητος,</span> <span class='ocrx_word' id='word_1_540' title='bbox 1911 4244 2020 4296; x_wconf 83' lang='grc' dir='ltr'><strong>τῶν</strong></span> 
     </span>
    </p>
   </div>
   <div class='ocr_carea' id='block_1_75' title="bbox 432 4331 2022 4404">
    <p class='ocr_par' dir='ltr' id='par_1_75' title="bbox 432 4331 2022 4404">
     <span class='ocr_line' id='line_1_75' title="bbox 432 4331 2022 4404; baseline 0.001 -18"><span class='ocrx_word' id='word_1_541' title='bbox 432 4333 490 4386; x_wconf 85' lang='grc' dir='ltr'><strong>δὲ</strong></span> <span class='ocrx_word' id='word_1_542' title='bbox 516 4335 638 4395; x_wconf 77' lang='grc' dir='ltr'>τοὺς</span> <span class='ocrx_word' id='word_1_543' title='bbox 673 4331 1000 4404; x_wconf 82' lang='grc' dir='ltr'>ὑπερορίους</span> <span class='ocrx_word' id='word_1_544' title='bbox 1026 4332 1395 4402; x_wconf 84' lang='grc' dir='ltr'>διασυρόντων</span> <span class='ocrx_word' id='word_1_545' title='bbox 1430 4334 1525 4386; x_wconf 80' lang='grc' dir='ltr'><strong>καὶ</strong></span> <span class='ocrx_word' id='word_1_546' title='bbox 1561 4333 1794 4387; x_wconf 85' lang='grc' dir='ltr'>θανάτου</span> <span class='ocrx_word' id='word_1_547' title='bbox 1837 4334 2022 4399; x_wconf 77' lang='grc' dir='ltr'>ἀξίους</span> 
     </span>
    </p>
   </div>
   <div class='ocr_carea' id='block_1_76' title="bbox 433 4422 2020 4498">
    <p class='ocr_par' dir='ltr' id='par_1_76' title="bbox 433 4422 2020 4498">
     <span class='ocr_line' id='line_1_76' title="bbox 433 4422 2020 4498; baseline 0.002 -18"><span class='ocrx_word' id='word_1_548' title='bbox 433 4422 574 4480; x_wconf 80' lang='grc' dir='ltr'>εἶναι</span> <span class='ocrx_word' id='word_1_549' title='bbox 603 4427 1057 4494; x_wconf 83' lang='grc' dir='ltr'>διενισταμένων,</span> <span class='ocrx_word' id='word_1_550' title='bbox 1093 4427 1259 4478; x_wconf 77' lang='grc' dir='ltr'>ὁποῖα</span> <span class='ocrx_word' id='word_1_551' title='bbox 1298 4425 1364 4478; x_wconf 79' lang='grc' dir='ltr'><strong>τὰ</strong></span> <span class='ocrx_word' id='word_1_552' title='bbox 1406 4426 1516 4478; x_wconf 83' lang='grc' dir='ltr'><strong>τῶν</strong></span> <span class='ocrx_word' id='word_1_553' title='bbox 1566 4426 1893 4498; x_wconf 82' lang='grc' dir='ltr'>ἀνθρώπων.</span> <span class='ocrx_word' id='word_1_554' title='bbox 1925 4431 2020 4482; x_wconf 84' lang='grc' dir='ltr'>’ον</span> 
     </span>
    </p>
   </div>
   <div class='ocr_carea' id='block_1_77' title="bbox 435 4516 2018 4590">
    <p class='ocr_par' dir='ltr' id='par_1_77' title="bbox 435 4516 2018 4590">
     <span class='ocr_line' id='line_1_77' title="bbox 435 4516 2018 4590; baseline 0 -19"><span class='ocrx_word' id='word_1_555' title='bbox 435 4520 546 4588; x_wconf 73' lang='grc' dir='ltr'><strong>γὰρ</strong></span> <span class='ocrx_word' id='word_1_556' title='bbox 579 4518 676 4589; x_wconf 78' lang='grc' dir='ltr'>τὴν</span> <span class='ocrx_word' id='word_1_557' title='bbox 729 4520 968 4588; x_wconf 78' lang='grc' dir='ltr'>σήμερον</span> <span class='ocrx_word' id='word_1_558' title='bbox 1018 4516 1378 4588; x_wconf 80' lang='grc' dir='ltr'>μακαρισμοῦ</span> <span class='ocrx_word' id='word_1_559' title='bbox 1413 4517 1433 4548; x_wconf 85' lang='grc'>³</span> <span class='ocrx_word' id='word_1_560' title='bbox 1464 4517 1704 4585; x_wconf 84' lang='grc' dir='ltr'>ἀξιοῦσι,</span> <span class='ocrx_word' id='word_1_561' title='bbox 1757 4521 2018 4590; x_wconf 81' lang='grc' dir='ltr'>προπέμ-</span> 
     </span>
    </p>
   </div>
   <div class='ocr_carea' id='block_1_78' title="bbox 435 4610 2022 4681">
    <p class='ocr_par' dir='ltr' id='par_1_78' title="bbox 435 4610 2022 4681">
     <span class='ocr_line' id='line_1_78' title="bbox 435 4610 2022 4681; baseline -0.001 -16"><span class='ocrx_word' id='word_1_562' title='bbox 435 4612 600 4666; x_wconf 79' lang='grc' dir='ltr'>πουσί</span> <span class='ocrx_word' id='word_1_563' title='bbox 629 4629 690 4666; x_wconf 89' lang='grc' dir='ltr'><strong>τε</strong></span> <span class='ocrx_word' id='word_1_564' title='bbox 728 4613 819 4666; x_wconf 76' lang='grc' dir='ltr'><strong>καὶ</strong></span> <span class='ocrx_word' id='word_1_565' title='bbox 842 4611 931 4664; x_wconf 80' lang='grc' dir='ltr'><strong>διὰ</strong></span> <span class='ocrx_word' id='word_1_566' title='bbox 960 4611 1128 4680; x_wconf 84' lang='grc' dir='ltr'>τιμῆς</span> <span class='ocrx_word' id='word_1_567' title='bbox 1155 4611 1406 4678; x_wconf 75' lang='grc' dir='ltr'>ἄγουσιν,</span> <span class='ocrx_word' id='word_1_568' title='bbox 1441 4610 1580 4662; x_wconf 77' lang='grc' dir='ltr'>ἐπὰν</span> <span class='ocrx_word' id='word_1_569' title='bbox 1608 4613 2022 4681; x_wconf 80' lang='grc' dir='ltr'>περιτραπέντα</span> 
     </span>
    </p>
   </div>
   <div class='ocr_carea' id='block_1_79' title="bbox 433 4699 2024 4775">
    <p class='ocr_par' dir='ltr' id='par_1_79' title="bbox 433 4699 2024 4775">
     <span class='ocr_line' id='line_1_79' title="bbox 433 4699 2024 4775; baseline 0.001 -18"><span class='ocrx_word' id='word_1_570' title='bbox 433 4704 610 4775; x_wconf 82' lang='grc' dir='ltr'>τούτῳ</span> <span class='ocrx_word' id='word_1_571' title='bbox 635 4703 730 4757; x_wconf 79' lang='grc' dir='ltr'>τοῦ</span> <span class='ocrx_word' id='word_1_572' title='bbox 768 4704 888 4773; x_wconf 85' lang='grc' dir='ltr'>βίου</span> <span class='ocrx_word' id='word_1_573' title='bbox 928 4703 1022 4756; x_wconf 78' lang='grc' dir='ltr'><strong>τὸν</strong></span> <span class='ocrx_word' id='word_1_574' title='bbox 1045 4701 1216 4756; x_wconf 77' lang='grc' dir='ltr'>κύϐον</span> <span class='ocrx_word' id='word_1_575' title='bbox 1249 4699 1547 4766; x_wconf 85' lang='grc' dir='ltr'>θεάσοιντο,</span> <span class='ocrx_word' id='word_1_576' title='bbox 1576 4704 1684 4756; x_wconf 77' lang='grc' dir='ltr'>πᾶν</span> <span class='ocrx_word' id='word_1_577' title='bbox 1709 4703 2024 4758; x_wconf 72' lang='grc' dir='ltr'>τούναντίον</span> 
     </span>
    </p>
   </div>
   <div class='ocr_carea' id='block_1_80' title="bbox 436 4795 2022 4866">
    <p class='ocr_par' dir='ltr' id='par_1_80' title="bbox 436 4795 2022 4866">
     <span class='ocr_line' id='line_1_80' title="bbox 436 4795 2022 4866; baseline -0.001 -16"><span class='ocrx_word' id='word_1_578' title='bbox 436 4799 519 4859; x_wconf 82' lang='grc' dir='ltr'><strong>είς</strong></span> <span class='ocrx_word' id='word_1_579' title='bbox 550 4798 716 4850; x_wconf 79' lang='grc' dir='ltr'>αὑτὸν</span> <span class='ocrx_word' id='word_1_580' title='bbox 751 4795 1156 4865; x_wconf 80' lang='grc' dir='ltr'>ἐνδεικνύμενοι</span> <span class='ocrx_word' id='word_1_581' title='bbox 1192 4795 1295 4849; x_wconf 83' lang='grc' dir='ltr'><strong>οὐκ</strong></span> <span class='ocrx_word' id='word_1_582' title='bbox 1325 4796 1698 4864; x_wconf 85' lang='grc' dir='ltr'>αἰσχύνονται.</span> <span class='ocrx_word' id='word_1_583' title='bbox 1749 4795 1808 4850; x_wconf 86' lang='grc' dir='ltr'>Ὀ</span> <span class='ocrx_word' id='word_1_584' title='bbox 1833 4797 1890 4848; x_wconf 81' lang='grc' dir='ltr'>δὲ</span> <span class='ocrx_word' id='word_1_585' title='bbox 1923 4797 2022 4866; x_wconf 85' lang='grc' dir='ltr'><strong>βα-</strong></span> 
     </span>
    </p>
   </div>
   <div class='ocr_carea' id='block_1_81' title="bbox 437 4885 2020 4962">
    <p class='ocr_par' dir='ltr' id='par_1_81' title="bbox 437 4885 2020 4962">
     <span class='ocr_line' id='line_1_81' title="bbox 437 4885 2020 4962; baseline 0.001 -19"><span class='ocrx_word' id='word_1_586' title='bbox 437 4891 619 4954; x_wconf 79' lang='grc' dir='ltr'>σιλεὺς</span> <span class='ocrx_word' id='word_1_587' title='bbox 671 4890 904 4959; x_wconf 82' lang='grc' dir='ltr'>νεύματι</span> <span class='ocrx_word' id='word_1_588' title='bbox 949 4889 1176 4954; x_wconf 85' lang='grc' dir='ltr'>τούτους</span> <span class='ocrx_word' id='word_1_589' title='bbox 1221 4893 1626 4960; x_wconf 78' lang='grc' dir='ltr'>κατασιγάσας,</span> <span class='ocrx_word' id='word_1_590' title='bbox 1675 4885 1834 4953; x_wconf 80' lang='grc' dir='ltr'>αὖθις</span> <span class='ocrx_word' id='word_1_591' title='bbox 1878 4891 2020 4962; x_wconf 70' lang='grc' dir='ltr'><strong>ἔφη’</strong></span> 
     </span>
    </p>
   </div>
   <div class='ocr_carea' id='block_1_82' title="bbox 440 4982 2032 5054">
    <p class='ocr_par' dir='ltr' id='par_1_82' title="bbox 440 4982 2032 5054">
     <span class='ocr_line' id='line_1_82' title="bbox 440 4982 2032 5054; baseline 0 -18"><span class='ocrx_word' id='word_1_592' title='bbox 440 4987 524 5037; x_wconf 73' lang='lat' dir='ltr'><strong>oo</strong></span> <span class='ocrx_word' id='word_1_593' title='bbox 576 4985 692 5054; x_wconf 73' lang='grc' dir='ltr'><strong>χρὴ</strong></span> <span class='ocrx_word' id='word_1_594' title='bbox 734 4983 1113 5052; x_wconf 80' lang='grc' dir='ltr'>θορυϐεῖσθαι</span> <span class='ocrx_word' id='word_1_595' title='bbox 1151 4982 1296 5037; x_wconf 83' lang='grc' dir='ltr'>οὐδὲ</span> <span class='ocrx_word' id='word_1_596' title='bbox 1345 4983 1604 5051; x_wconf 72' lang='grc' dir='ltr'>συγχεῖν</span> <span class='ocrx_word' id='word_1_597' title='bbox 1645 4982 1762 5049; x_wconf 75' lang='grc' dir='ltr'>τὴν</span> <span class='ocrx_word' id='word_1_598' title='bbox 1791 4998 2032 5050; x_wconf 83' lang='grc' dir='ltr'>προκει-</span> 
     </span>
    </p>
   </div>
   <div class='ocr_carea' id='block_1_83' title="bbox 434 5070 2029 5145">
    <p class='ocr_par' dir='ltr' id='par_1_83' title="bbox 434 5070 2029 5145">
     <span class='ocr_line' id='line_1_83' title="bbox 434 5070 2029 5145; baseline -0.003 -16"><span class='ocrx_word' id='word_1_599' title='bbox 434 5075 629 5145; x_wconf 80' lang='grc' dir='ltr'>μένην</span> <span class='ocrx_word' id='word_1_600' title='bbox 655 5076 971 5129; x_wconf 82' lang='grc' dir='ltr'>ὐπόθεσιν.</span> <span class='ocrx_word' id='word_1_601' title='bbox 1007 5073 1237 5143; x_wconf 78' lang='grc' dir='ltr'>Ἔγωγ-ε</span> <span class='ocrx_word' id='word_1_602' title='bbox 1257 5075 1385 5143; x_wconf 72' lang='grc' dir='ltr'>γὰρ,</span> <span class='ocrx_word' id='word_1_603' title='bbox 1421 5070 1615 5138; x_wconf 81' lang='grc' dir='ltr'>καθὼς</span> <span class='ocrx_word' id='word_1_604' title='bbox 1633 5073 1812 5142; x_wconf 65' lang='grc' dir='ltr'>ἔφην,</span> <span class='ocrx_word' id='word_1_605' title='bbox 1835 5071 2029 5127; x_wconf 82' lang='grc' dir='ltr'>ᾶπαν-</span> 
     </span>
    </p>
   </div>
   <div class='ocr_carea' id='block_1_84' title="bbox 439 5166 2030 5237">
    <p class='ocr_par' dir='ltr' id='par_1_84' title="bbox 439 5166 2030 5237">
     <span class='ocr_line' id='line_1_84' title="bbox 439 5166 2030 5237; baseline -0.001 -16"><span class='ocrx_word' id='word_1_606' title='bbox 439 5187 548 5235; x_wconf 85' lang='grc' dir='ltr'>τας</span> <span class='ocrx_word' id='word_1_607' title='bbox 573 5170 956 5237; x_wconf 67' lang='grc' dir='ltr'>συμπαθείας</span> <span class='ocrx_word' id='word_1_608' title='bbox 988 5166 1276 5234; x_wconf 81' lang='grc' dir='ltr'>ἀξιώσας,</span> <span class='ocrx_word' id='word_1_609' title='bbox 1311 5167 1500 5220; x_wconf 81' lang='grc' dir='ltr'>πάλιν</span> <span class='ocrx_word' id='word_1_610' title='bbox 1546 5167 1754 5232; x_wconf 77' lang='grc' dir='ltr'>ὁποῖος</span> <span class='ocrx_word' id='word_1_611' title='bbox 1787 5167 1858 5220; x_wconf 88' lang='grc' dir='ltr'>τὰ</span> <span class='ocrx_word' id='word_1_612' title='bbox 1886 5166 2030 5234; x_wconf 64' lang='grc' dir='ltr'>πρός</span> 
     </span>
    </p>
   </div>
   <div class='ocr_carea' id='block_1_85' title="bbox 441 5255 2028 5329">
    <p class='ocr_par' dir='ltr' id='par_1_85' title="bbox 441 5255 2028 5329">
     <span class='ocr_line' id='line_1_85' title="bbox 441 5255 2028 5329; baseline -0.003 -15"><span class='ocrx_word' id='word_1_613' title='bbox 441 5278 580 5328; x_wconf 88' lang='grc' dir='ltr'>τερα</span> <span class='ocrx_word' id='word_1_614' title='bbox 609 5262 761 5329; x_wconf 82' lang='grc' dir='ltr'>πρὸς</span> <span class='ocrx_word' id='word_1_615' title='bbox 807 5259 965 5329; x_wconf 82' lang='grc' dir='ltr'>ὑμᾶς</span> <span class='ocrx_word' id='word_1_616' title='bbox 1015 5260 1256 5328; x_wconf 73' lang='grc' dir='ltr'>ἔσομαι.</span> <span class='ocrx_word' id='word_1_617' title='bbox 1298 5260 1387 5312; x_wconf 86' lang='grc' dir='ltr'>Ἐν</span> <span class='ocrx_word' id='word_1_618' title='bbox 1427 5255 1470 5328; x_wconf 83' lang='grc' dir='ltr'>ᾦ</span> <span class='ocrx_word' id='word_1_619' title='bbox 1505 5261 1562 5313; x_wconf 81' lang='grc' dir='ltr'>δὲ</span> <span class='ocrx_word' id='word_1_620' title='bbox 1609 5260 1834 5323; x_wconf 84' lang='grc' dir='ltr'>τούτους</span> <span class='ocrx_word' id='word_1_621' title='bbox 1889 5276 2028 5327; x_wconf 86' lang='grc' dir='ltr'>συμ-</span> 
     </span>
    </p>
   </div>
   <div class='ocr_carea' id='block_1_86' title="bbox 447 5349 2026 5425">
    <p class='ocr_par' dir='ltr' id='par_1_86' title="bbox 447 5349 2026 5425">
     <span class='ocr_line' id='line_1_86' title="bbox 447 5349 2026 5425; baseline -0.004 -18"><span class='ocrx_word' id='word_1_622' title='bbox 447 5354 680 5414; x_wconf 74' lang='grc' dir='ltr'>παθείας</span> <span class='ocrx_word' id='word_1_623' title='bbox 708 5355 736 5406; x_wconf 86' lang='grc' dir='ltr'>ὁ</span> <span class='ocrx_word' id='word_1_624' title='bbox 786 5352 1044 5423; x_wconf 82' lang='grc' dir='ltr'>βασιλεὺς</span> <span class='ocrx_word' id='word_1_625' title='bbox 1077 5352 1256 5420; x_wconf 70' lang='grc' dir='ltr'>ἠξίου,</span> <span class='ocrx_word' id='word_1_626' title='bbox 1293 5353 1422 5423; x_wconf 82' lang='grc' dir='ltr'>ἄτερ</span> <span class='ocrx_word' id='word_1_627' title='bbox 1462 5353 1561 5423; x_wconf 81' lang='grc' dir='ltr'>τῆς</span> <span class='ocrx_word' id='word_1_628' title='bbox 1590 5353 1758 5406; x_wconf 74' lang='grc' dir='ltr'>αὑτοῦ</span> <span class='ocrx_word' id='word_1_629' title='bbox 1799 5349 2026 5425; x_wconf 76' lang='grc' dir='ltr'>γνώμης</span> 
     </span>
    </p>
   </div>
   <div class='ocr_carea' id='block_1_87' title="bbox 447 5445 2028 5518">
    <p class='ocr_par' dir='ltr' id='par_1_87' title="bbox 447 5445 2028 5518">
     <span class='ocr_line' id='line_1_87' title="bbox 447 5445 2028 5518; baseline -0.002 -18"><span class='ocrx_word' id='word_1_630' title='bbox 447 5447 872 5512; x_wconf 81' lang='grc' dir='ltr'>ἀποστείλαντες</span> <span class='ocrx_word' id='word_1_631' title='bbox 910 5447 961 5500; x_wconf 90' lang='grc' dir='ltr'><strong>οί</strong></span> <span class='ocrx_word' id='word_1_632' title='bbox 988 5446 1087 5518; x_wconf 84' lang='grc' dir='ltr'>τὴν</span> <span class='ocrx_word' id='word_1_633' title='bbox 1128 5445 1323 5517; x_wconf 80' lang='grc' dir='ltr'>βουλὴν</span> <span class='ocrx_word' id='word_1_634' title='bbox 1355 5445 1573 5516; x_wconf 76' lang='grc' dir='ltr'>ἐκείνην</span> <span class='ocrx_word' id='word_1_635' title='bbox 1602 5446 1624 5477; x_wconf 67' lang='grc'>⁸</span> <span class='ocrx_word' id='word_1_636' title='bbox 1650 5446 2028 5517; x_wconf 79' lang='grc' dir='ltr'>βουλευσάμε-</span> 
     </span>
    </p>
   </div>
   <div class='ocr_carea' id='block_1_88' title="bbox 447 5537 2028 5609">
    <p class='ocr_par' dir='ltr' id='par_1_88' title="bbox 447 5537 2028 5609">
     <span class='ocr_line' id='line_1_88' title="bbox 447 5537 2028 5609; baseline -0.003 -17"><span class='ocrx_word' id='word_1_637' title='bbox 447 5555 530 5592; x_wconf 87' lang='grc' dir='ltr'><strong>νοι</strong></span> <span class='ocrx_word' id='word_1_638' title='bbox 573 5537 682 5591; x_wconf 82' lang='grc' dir='ltr'>τῶν</span> <span class='ocrx_word' id='word_1_639' title='bbox 729 5538 999 5608; x_wconf 80' lang='grc' dir='ltr'>ὀμμάτων</span> <span class='ocrx_word' id='word_1_640' title='bbox 1038 5537 1129 5590; x_wconf 78' lang='grc' dir='ltr'><strong>τὸν</strong></span> <span class='ocrx_word' id='word_1_641' title='bbox 1183 5537 1446 5609; x_wconf 78' lang='grc' dir='ltr'>Διογένην</span> <span class='ocrx_word' id='word_1_642' title='bbox 1483 5539 1805 5608; x_wconf 76' lang='grc' dir='ltr'>ἐστέρησαν.</span> <span class='ocrx_word' id='word_1_643' title='bbox 1841 5537 2028 5591; x_wconf 81' lang='grc' dir='ltr'>Ταῦτα</span> 
     </span>
    </p>
   </div>
   <div class='ocr_carea' id='block_1_89' title="bbox 449 5628 2033 5702">
    <p class='ocr_par' dir='ltr' id='par_1_89' title="bbox 449 5628 2033 5702">
     <span class='ocr_line' id='line_1_89' title="bbox 449 5628 2033 5702; baseline -0.003 -18"><span class='ocrx_word' id='word_1_644' title='bbox 449 5631 628 5702; x_wconf 87' lang='grc' dir='ltr'>τούτῳ</span> <span class='ocrx_word' id='word_1_645' title='bbox 675 5631 767 5684; x_wconf 79' lang='grc' dir='ltr'>καὶ</span> <span class='ocrx_word' id='word_1_646' title='bbox 811 5631 950 5683; x_wconf 87' lang='grc' dir='ltr'>κατὰ</span> <span class='ocrx_word' id='word_1_647' title='bbox 995 5631 1089 5684; x_wconf 84' lang='grc' dir='ltr'><strong>τοῦ</strong></span> <span class='ocrx_word' id='word_1_648' title='bbox 1128 5632 1492 5700; x_wconf 79' lang='grc' dir='ltr'>Κεκαυμένου</span> <span class='ocrx_word' id='word_1_649' title='bbox 1540 5628 1882 5682; x_wconf 81' lang='grc' dir='ltr'>Κατακαλῶν</span> <span class='ocrx_word' id='word_1_650' title='bbox 1907 5628 1928 5660; x_wconf 89' lang='grc'><strong><em>⁵</em></strong></span> <span class='ocrx_word' id='word_1_651' title='bbox 1959 5628 2033 5692; x_wconf 77' lang='grc' dir='ltr'><strong>ὡς</strong></span> 
     </span>
    </p>
   </div>
   <div class='ocr_carea' id='block_1_90' title="bbox 2113 3319 3704 3390">
    <p class='ocr_par' dir='ltr' id='par_1_90' title="bbox 2113 3319 3704 3390">
     <span class='ocr_line' id='line_1_90' title="bbox 2113 3319 3704 3390; baseline -0.005 -10"><span class='ocrx_word' id='word_1_652' title='bbox 2113 3327 2168 3380; x_wconf 87' lang='lat' dir='ltr'><strong>in</strong></span> <span class='ocrx_word' id='word_1_653' title='bbox 2192 3325 2394 3378; x_wconf 83' lang='lat' dir='ltr'><strong>occulto</strong></span> <span class='ocrx_word' id='word_1_654' title='bbox 2423 3323 2612 3376; x_wconf 84' lang='lat' dir='ltr'><strong>habere</strong></span> <span class='ocrx_word' id='word_1_655' title='bbox 2641 3338 2757 3390; x_wconf 69' lang='lat' dir='ltr'><strong>quae</strong></span> <span class='ocrx_word' id='word_1_656' title='bbox 2788 3322 3013 3374; x_wconf 82' lang='lat' dir='ltr'><strong>sciebam</strong></span> <span class='ocrx_word' id='word_1_657' title='bbox 3045 3319 3109 3372; x_wconf 89' lang='lat' dir='ltr'><strong>ab</strong></span> <span class='ocrx_word' id='word_1_658' title='bbox 3145 3335 3204 3372; x_wconf 92' lang='lat' dir='ltr'><strong>eo</strong></span> <span class='ocrx_word' id='word_1_659' title='bbox 3238 3319 3445 3388; x_wconf 85' lang='lat' dir='ltr'><strong>ingrate</strong></span> <span class='ocrx_word' id='word_1_660' title='bbox 3476 3319 3704 3372; x_wconf 84' lang='lat' dir='ltr'><strong>scelera-</strong></span> 
     </span>
    </p>
   </div>
   <div class='ocr_carea' id='block_1_91' title="bbox 2115 3410 3712 3486">
    <p class='ocr_par' dir='ltr' id='par_1_91' title="bbox 2115 3410 3712 3486">
     <span class='ocr_line' id='line_1_91' title="bbox 2115 3410 3712 3486; baseline -0.004 -16"><span class='ocrx_word' id='word_1_661' title='bbox 2115 3431 2262 3486; x_wconf 86' lang='lat' dir='ltr'><strong>teque</strong></span> <span class='ocrx_word' id='word_1_662' title='bbox 2282 3419 2559 3470; x_wconf 83' lang='lat' dir='ltr'><strong>aduersum</strong></span> <span class='ocrx_word' id='word_1_663' title='bbox 2610 3430 2691 3466; x_wconf 87' lang='lat' dir='ltr'><strong>me</strong></span> <span class='ocrx_word' id='word_1_664' title='bbox 2753 3422 3039 3478; x_wconf 78' lang='lat' dir='ltr'><strong>suscepta;</strong></span> <span class='ocrx_word' id='word_1_665' title='bbox 3095 3411 3150 3464; x_wconf 88' lang='lat' dir='ltr'><strong>id</strong></span> <span class='ocrx_word' id='word_1_666' title='bbox 3172 3412 3451 3476; x_wconf 81' lang='lat' dir='ltr'><strong>providens</strong></span> <span class='ocrx_word' id='word_1_667' title='bbox 3509 3427 3573 3463; x_wconf 89' lang='lat' dir='ltr'><strong>ne</strong></span> <span class='ocrx_word' id='word_1_668' title='bbox 3611 3410 3712 3463; x_wconf 84' lang='lat' dir='ltr'><strong>illa.</strong></span> 
     </span>
    </p>
   </div>
   <div class='ocr_carea' id='block_1_92' title="bbox 2114 3500 3708 3576">
    <p class='ocr_par' dir='ltr' id='par_1_92' title="bbox 2114 3500 3708 3576">
     <span class='ocr_line' id='line_1_92' title="bbox 2114 3500 3708 3576; baseline -0.007 -15"><span class='ocrx_word' id='word_1_669' title='bbox 2114 3508 2231 3561; x_wconf 87' lang='lat' dir='ltr'><strong>licet</strong></span> <span class='ocrx_word' id='word_1_670' title='bbox 2259 3507 2408 3576; x_wconf 81' lang='lat' dir='ltr'><strong>justo</strong></span> <span class='ocrx_word' id='word_1_671' title='bbox 2438 3519 2612 3559; x_wconf 84' lang='lat' dir='ltr'><strong>rerum</strong></span> <span class='ocrx_word' id='word_1_672' title='bbox 2632 3519 2874 3557; x_wconf 82' lang='lat' dir='ltr'><strong>verarum</strong></span> <span class='ocrx_word' id='word_1_673' title='bbox 2907 3500 3262 3569; x_wconf 82' lang='lat' dir='ltr'><strong>promulgatio</strong></span> <span class='ocrx_word' id='word_1_674' title='bbox 3287 3500 3542 3554; x_wconf 86' lang='lat' dir='ltr'><strong>invidiam</strong></span> <span class='ocrx_word' id='word_1_675' title='bbox 3565 3517 3676 3552; x_wconf 86' lang='lat' dir='ltr'><strong>com</strong></span> <span class='ocrx_word' id='word_1_676' title='bbox 3697 3530 3708 3540; x_wconf 93' lang='lat'><strong><em>-</em></strong></span> 
     </span>
    </p>
   </div>
   <div class='ocr_carea' id='block_1_93' title="bbox 2115 3593 3705 3663">
    <p class='ocr_par' dir='ltr' id='par_1_93' title="bbox 2115 3593 3705 3663">
     <span class='ocr_line' id='line_1_93' title="bbox 2115 3593 3705 3663; baseline -0.005 -8"><span class='ocrx_word' id='word_1_677' title='bbox 2115 3617 2324 3655; x_wconf 75' lang='lat' dir='ltr'><strong>ntuuem</strong></span> <span class='ocrx_word' id='word_1_678' title='bbox 2358 3600 2585 3653; x_wconf 86' lang='lat' dir='ltr'><strong>omnium</strong></span> <span class='ocrx_word' id='word_1_679' title='bbox 2622 3599 2676 3650; x_wconf 89' lang='lat' dir='ltr'><strong>in</strong></span> <span class='ocrx_word' id='word_1_680' title='bbox 2707 3597 2867 3650; x_wconf 83' lang='lat' dir='ltr'><strong>istam</strong></span> <span class='ocrx_word' id='word_1_681' title='bbox 2893 3596 3160 3663; x_wconf 79' lang='lat' dir='ltr'><strong>familiam</strong></span> <span class='ocrx_word' id='word_1_682' title='bbox 3205 3611 3339 3648; x_wconf 85' lang='lat' dir='ltr'><strong>nova</strong></span> <span class='ocrx_word' id='word_1_683' title='bbox 3370 3593 3480 3648; x_wconf 84' lang='lat' dir='ltr'><strong>odii</strong></span> <span class='ocrx_word' id='word_1_684' title='bbox 3524 3611 3705 3647; x_wconf 84' lang='lat' dir='ltr'><strong>acces-</strong></span> 
     </span>
    </p>
   </div>
   <div class='ocr_carea' id='block_1_94' title="bbox 2115 3689 3790 3750">
    <p class='ocr_par' dir='ltr' id='par_1_94' title="bbox 2115 3689 3790 3750">
     <span class='ocr_line' id='line_1_94' title="bbox 2115 3689 3790 3750; baseline -0.007 -2"><span class='ocrx_word' id='word_1_685' title='bbox 2115 3696 2261 3750; x_wconf 82' lang='lat' dir='ltr'><strong>sione</strong></span> <span class='ocrx_word' id='word_1_686' title='bbox 2289 3693 2616 3747; x_wconf 83' lang='lat' dir='ltr'><strong>accenderet.</strong></span> <span class='ocrx_word' id='word_1_687' title='bbox 2673 3689 2824 3744; x_wconf 81' lang='lat' dir='ltr'><strong>Nihil</strong></span> <span class='ocrx_word' id='word_1_688' title='bbox 2854 3689 3044 3742; x_wconf 86' lang='lat' dir='ltr'><strong>horum</strong></span> <span class='ocrx_word' id='word_1_689' title='bbox 3073 3698 3247 3741; x_wconf 88' lang='lat' dir='ltr'><strong>tamen</strong></span> <span class='ocrx_word' id='word_1_690' title='bbox 3281 3697 3354 3741; x_wconf 86' lang='lat' dir='ltr'><strong>tot</strong></span> <span class='ocrx_word' id='word_1_691' title='bbox 3376 3698 3421 3740; x_wconf 85' lang='lat' dir='ltr'><strong>et</strong></span> <span class='ocrx_word' id='word_1_692' title='bbox 3454 3689 3639 3742; x_wconf 76' lang='lat' dir='ltr'><strong>talium</strong></span> <span class='ocrx_word' id='word_1_693' title='bbox 3676 3708 3706 3738; x_wconf 85' lang='grc' dir='ltr'><strong>ιι</strong></span> <span class='ocrx_word' id='word_1_694' title='bbox 3785 3741 3790 3745; x_wconf 63' lang='grc'><strong>,</strong></span> 
     </span>
    </p>
   </div>
   <div class='ocr_carea' id='block_1_95' title="bbox 2116 3781 3706 3854">
    <p class='ocr_par' dir='ltr' id='par_1_95' title="bbox 2116 3781 3706 3854">
     <span class='ocr_line' id='line_1_95' title="bbox 2116 3781 3706 3854; baseline -0.005 -14"><span class='ocrx_word' id='word_1_695' title='bbox 2116 3804 2196 3842; x_wconf 87' lang='lat' dir='ltr'><strong>me</strong></span> <span class='ocrx_word' id='word_1_696' title='bbox 2225 3788 2280 3840; x_wconf 80' lang='lat' dir='ltr'><strong>in</strong></span> <span class='ocrx_word' id='word_1_697' title='bbox 2303 3803 2418 3840; x_wconf 83' lang='lat' dir='ltr'><strong>eum</strong></span> <span class='ocrx_word' id='word_1_698' title='bbox 2452 3785 2690 3838; x_wconf 85' lang='lat' dir='ltr'><strong>benevole</strong></span> <span class='ocrx_word' id='word_1_699' title='bbox 2723 3783 3113 3854; x_wconf 87' lang='lat' dir='ltr'><strong>liberaliterque</strong></span> <span class='ocrx_word' id='word_1_700' title='bbox 3153 3783 3514 3849; x_wconf 82' lang='lat' dir='ltr'><strong>profectorum</strong></span> <span class='ocrx_word' id='word_1_701' title='bbox 3548 3781 3706 3832; x_wconf 77' lang='lat' dir='ltr'><strong>mali-</strong></span> 
     </span>
    </p>
   </div>
   <div class='ocr_carea' id='block_1_96' title="bbox 2116 3873 3703 3948">
    <p class='ocr_par' dir='ltr' id='par_1_96' title="bbox 2116 3873 3703 3948">
     <span class='ocr_line' id='line_1_96' title="bbox 2116 3873 3703 3948; baseline -0.006 -19"><span class='ocrx_word' id='word_1_702' title='bbox 2116 3893 2274 3948; x_wconf 85' lang='lat' dir='ltr'><strong>gnum</strong></span> <span class='ocrx_word' id='word_1_703' title='bbox 2305 3892 2415 3945; x_wconf 66' lang='lat' dir='ltr'><strong>ejus</strong></span> <span class='ocrx_word' id='word_1_704' title='bbox 2439 3875 2820 3943; x_wconf 75' lang='lat' dir='ltr'><strong>subdolumqu‘e</strong></span> <span class='ocrx_word' id='word_1_705' title='bbox 2848 3874 3068 3927; x_wconf 87' lang='lat' dir='ltr'><strong>delinire</strong></span> <span class='ocrx_word' id='word_1_706' title='bbox 3117 3889 3178 3925; x_wconf 90' lang='lat' dir='ltr'><strong>ac</strong></span> <span class='ocrx_word' id='word_1_707' title='bbox 3217 3884 3408 3926; x_wconf 84' lang='lat' dir='ltr'><strong>vertere</strong></span> <span class='ocrx_word' id='word_1_708' title='bbox 3472 3873 3703 3924; x_wconf 57' lang='lat' dir='ltr'><strong>animum</strong></span> 
     </span>
    </p>
   </div>
   <div class='ocr_carea' id='block_1_97' title="bbox 2119 3963 3706 4037">
    <p class='ocr_par' dir='ltr' id='par_1_97' title="bbox 2119 3963 3706 4037">
     <span class='ocr_line' id='line_1_97' title="bbox 2119 3963 3706 4037; baseline -0.006 -15"><span class='ocrx_word' id='word_1_709' title='bbox 2119 3969 2308 4037; x_wconf 84' lang='lat' dir='ltr'><strong>potuit,</strong></span> <span class='ocrx_word' id='word_1_710' title='bbox 2335 3985 2435 4034; x_wconf 81' lang='lat' dir='ltr'><strong>quo</strong></span> <span class='ocrx_word' id='word_1_711' title='bbox 2467 3968 2637 4020; x_wconf 86' lang='lat' dir='ltr'><strong>minus</strong></span> <span class='ocrx_word' id='word_1_712' title='bbox 2668 3982 2761 4033; x_wconf 87' lang='lat' dir='ltr'><strong>pro</strong></span> <span class='ocrx_word' id='word_1_713' title='bbox 2804 3965 2945 4018; x_wconf 76' lang='lat' dir='ltr'><strong>hisce</strong></span> <span class='ocrx_word' id='word_1_714' title='bbox 2970 3964 3212 4018; x_wconf 87' lang='lat' dir='ltr'><strong>omnibus</strong></span> <span class='ocrx_word' id='word_1_715' title='bbox 3244 3963 3508 4030; x_wconf 76' lang='lat' dir='ltr'><strong>beneﬁt-iis</strong></span> <span class='ocrx_word' id='word_1_716' title='bbox 3536 3979 3706 4015; x_wconf 83' lang='lat' dir='ltr'><strong>necem</strong></span> 
     </span>
    </p>
   </div>
   <div class='ocr_carea' id='block_1_98' title="bbox 2121 4053 3704 4123">
    <p class='ocr_par' dir='ltr' id='par_1_98' title="bbox 2121 4053 3704 4123">
     <span class='ocr_line' id='line_1_98' title="bbox 2121 4053 3704 4123; baseline -0.003 -11"><span class='ocrx_word' id='word_1_717' title='bbox 2121 4060 2250 4113; x_wconf 85' lang='lat' dir='ltr'><strong>mihi</strong></span> <span class='ocrx_word' id='word_1_718' title='bbox 2279 4058 2544 4112; x_wconf 86' lang='lat' dir='ltr'><strong>crudelem</strong></span> <span class='ocrx_word' id='word_1_719' title='bbox 2576 4057 2854 4123; x_wconf 83' lang='lat' dir='ltr'><strong>rependere</strong></span> <span class='ocrx_word' id='word_1_720' title='bbox 2890 4067 3191 4110; x_wconf 84' lang='lat' dir='ltr'><strong>conaretur.</strong></span> <span class='ocrx_word' id='word_1_721' title='bbox 3219 4055 3449 4110; x_wconf 88' lang='lat' dir='ltr'><strong>Tollitur</strong></span> <span class='ocrx_word' id='word_1_722' title='bbox 3475 4057 3540 4106; x_wconf 89' lang='lat' dir='ltr'><strong>ad</strong></span> <span class='ocrx_word' id='word_1_723' title='bbox 3565 4053 3704 4108; x_wconf 82' lang='lat' dir='ltr'><strong>hanc</strong></span> 
     </span>
    </p>
   </div>
   <div class='ocr_carea' id='block_1_99' title="bbox 2121 4150 3711 4220">
    <p class='ocr_par' dir='ltr' id='par_1_99' title="bbox 2121 4150 3711 4220">
     <span class='ocr_line' id='line_1_99' title="bbox 2121 4150 3711 4220; baseline -0.006 -12"><span class='ocrx_word' id='word_1_724' title='bbox 2121 4168 2310 4208; x_wconf 79' lang='lat' dir='ltr'><strong>vocem</strong></span> <span class='ocrx_word' id='word_1_725' title='bbox 2351 4153 2559 4206; x_wconf 88' lang='lat' dir='ltr'><strong>clamor</strong></span> <span class='ocrx_word' id='word_1_726' title='bbox 2591 4152 2782 4220; x_wconf 77' lang='lat' dir='ltr'><strong>ingens</strong></span> <span class='ocrx_word' id='word_1_727' title='bbox 2810 4153 3074 4204; x_wconf 80' lang='lat' dir='ltr'><strong>nuntium.</strong></span> <span class='ocrx_word' id='word_1_728' title='bbox 3112 4150 3258 4204; x_wconf 81' lang='lat' dir='ltr'><strong>Absit</strong></span> <span class='ocrx_word' id='word_1_729' title='bbox 3302 4150 3399 4202; x_wconf 88' lang='lat' dir='ltr'><strong>hoc</strong></span> <span class='ocrx_word' id='word_1_730' title='bbox 3429 4165 3585 4212; x_wconf 87' lang='lat' dir='ltr'><strong>vero;</strong></span> <span class='ocrx_word' id='word_1_731' title='bbox 3614 4163 3711 4200; x_wconf 86' lang='grc' dir='ltr'><strong>ηο-</strong></span> 
     </span>
    </p>
   </div>
   <div class='ocr_carea' id='block_1_100' title="bbox 2123 4239 3712 4312">
    <p class='ocr_par' dir='ltr' id='par_1_100' title="bbox 2123 4239 3712 4312">
     <span class='ocr_line' id='line_1_100' title="bbox 2123 4239 3712 4312; baseline -0.006 -12"><span class='ocrx_word' id='word_1_732' title='bbox 2123 4249 2297 4300; x_wconf 87' lang='lat' dir='ltr'><strong>lumus</strong></span> <span class='ocrx_word' id='word_1_733' title='bbox 2329 4245 2500 4298; x_wconf 89' lang='lat' dir='ltr'><strong>alium</strong></span> <span class='ocrx_word' id='word_1_734' title='bbox 2547 4252 2740 4312; x_wconf 63' lang='lat' dir='ltr'><strong>praeter</strong></span> <span class='ocrx_word' id='word_1_735' title='bbox 2788 4252 2840 4295; x_wconf 90' lang='lat' dir='ltr'><strong>te</strong></span> <span class='ocrx_word' id='word_1_736' title='bbox 2889 4243 3200 4311; x_wconf 85' lang='lat' dir='ltr'><strong>principem.</strong></span> <span class='ocrx_word' id='word_1_737' title='bbox 3259 4241 3442 4294; x_wconf 80' lang='lat' dir='ltr'><strong>Fucus</strong></span> <span class='ocrx_word' id='word_1_738' title='bbox 3475 4239 3565 4293; x_wconf 88' lang='lat' dir='ltr'><strong>hic</strong></span> <span class='ocrx_word' id='word_1_739' title='bbox 3593 4249 3712 4292; x_wconf 90' lang='lat' dir='ltr'><strong>erat</strong></span> 
     </span>
    </p>
   </div>
   <div class='ocr_carea' id='block_1_101' title="bbox 2124 4334 3709 4408">
    <p class='ocr_par' dir='ltr' id='par_1_101' title="bbox 2124 4334 3709 4408">
     <span class='ocr_line' id='line_1_101' title="bbox 2124 4334 3709 4408; baseline -0.005 -18"><span class='ocrx_word' id='word_1_740' title='bbox 2124 4339 2507 4408; x_wconf 78' lang='lat' dir='ltr'><strong>plerarumque</strong></span> <span class='ocrx_word' id='word_1_741' title='bbox 2547 4336 2680 4390; x_wconf 88' lang='lat' dir='ltr'><strong>nihil</strong></span> <span class='ocrx_word' id='word_1_742' title='bbox 2737 4335 2914 4389; x_wconf 91' lang='lat' dir='ltr'><strong>minus</strong></span> <span class='ocrx_word' id='word_1_743' title='bbox 2968 4334 3304 4404; x_wconf 85' lang='lat' dir='ltr'><strong>cupientium</strong></span> <span class='ocrx_word' id='word_1_744' title='bbox 3339 4349 3350 4384; x_wconf 95' lang='lat'>:</span> <span class='ocrx_word' id='word_1_745' title='bbox 3392 4340 3446 4385; x_wconf 89' lang='lat' dir='ltr'><strong>at</strong></span> <span class='ocrx_word' id='word_1_746' title='bbox 3497 4346 3562 4384; x_wconf 85' lang='lat' dir='ltr'><strong>ex</strong></span> <span class='ocrx_word' id='word_1_747' title='bbox 3611 4346 3709 4383; x_wconf 92' lang='lat' dir='ltr'><strong>usu</strong></span> 
     </span>
    </p>
   </div>
   <div class='ocr_carea' id='block_1_102' title="bbox 2127 4420 3715 4497">
    <p class='ocr_par' dir='ltr' id='par_1_102' title="bbox 2127 4420 3715 4497">
     <span class='ocr_line' id='line_1_102' title="bbox 2127 4420 3715 4497; baseline -0.006 -14"><span class='ocrx_word' id='word_1_748' title='bbox 2127 4429 2230 4484; x_wconf 85' lang='lat' dir='ltr'><strong>fuit.</strong></span> <span class='ocrx_word' id='word_1_749' title='bbox 2257 4443 2493 4497; x_wconf 58' lang='lat' dir='ltr'><strong>praesens</strong></span> <span class='ocrx_word' id='word_1_750' title='bbox 2529 4425 2849 4495; x_wconf 85' lang='lat' dir='ltr'><strong>periculum,</strong></span> <span class='ocrx_word' id='word_1_751' title='bbox 2883 4435 2939 4479; x_wconf 88' lang='lat' dir='ltr'><strong>et</strong></span> <span class='ocrx_word' id='word_1_752' title='bbox 2966 4440 3180 4494; x_wconf 69' lang='lat' dir='ltr'><strong>poenam</strong></span> <span class='ocrx_word' id='word_1_753' title='bbox 3209 4439 3369 4493; x_wconf 88' lang='lat' dir='ltr'><strong>quam</strong></span> <span class='ocrx_word' id='word_1_754' title='bbox 3398 4420 3715 4476; x_wconf 76' lang='lat' dir='ltr'><strong>metuebant.</strong></span> 
     </span>
    </p>
   </div>
   <div class='ocr_carea' id='block_1_103' title="bbox 2127 4511 3704 4586">
    <p class='ocr_par' dir='ltr' id='par_1_103' title="bbox 2127 4511 3704 4586">
     <span class='ocr_line' id='line_1_103' title="bbox 2127 4511 3704 4586; baseline -0.007 -11"><span class='ocrx_word' id='word_1_755' title='bbox 2127 4520 2346 4576; x_wconf 85' lang='lat' dir='ltr'><strong>sceleris</strong></span> <span class='ocrx_word' id='word_1_756' title='bbox 2380 4517 2648 4586; x_wconf 87' lang='lat' dir='ltr'><strong>concepti,</strong></span> <span class='ocrx_word' id='word_1_757' title='bbox 2683 4515 3073 4569; x_wconf 84' lang='lat' dir='ltr'><strong>acclamatione</strong></span> <span class='ocrx_word' id='word_1_758' title='bbox 3111 4515 3389 4567; x_wconf 85' lang='lat' dir='ltr'><strong>mendacis</strong></span> <span class='ocrx_word' id='word_1_759' title='bbox 3439 4511 3587 4566; x_wconf 80' lang='lat' dir='ltr'><strong>verbi</strong></span> <span class='ocrx_word' id='word_1_760' title='bbox 3622 4511 3704 4564; x_wconf 89' lang='lat' dir='ltr'><strong>lu-</strong></span> 
     </span>
    </p>
   </div>
   <div class='ocr_carea' id='block_1_104' title="bbox 2132 4603 3714 4674">
    <p class='ocr_par' dir='ltr' id='par_1_104' title="bbox 2132 4603 3714 4674">
     <span class='ocr_line' id='line_1_104' title="bbox 2132 4603 3714 4674; baseline -0.009 -6"><span class='ocrx_word' id='word_1_761' title='bbox 2132 4611 2398 4668; x_wconf 81' lang='lat' dir='ltr'><strong>crifacere</strong></span> <span class='ocrx_word' id='word_1_762' title='bbox 2457 4609 2664 4663; x_wconf 83' lang='lat' dir='ltr'><strong>conari.</strong></span> <span class='ocrx_word' id='word_1_763' title='bbox 2730 4607 2935 4660; x_wconf 87' lang='lat' dir='ltr'><strong>Tamen</strong></span> <span class='ocrx_word' id='word_1_764' title='bbox 2995 4606 3294 4674; x_wconf 87' lang='lat' dir='ltr'><strong>imperator</strong></span> <span class='ocrx_word' id='word_1_765' title='bbox 3347 4614 3628 4670; x_wconf 78' lang='lat' dir='ltr'><strong>utcunque</strong></span> <span class='ocrx_word' id='word_1_766' title='bbox 3663 4603 3714 4654; x_wconf 89' lang='lat' dir='ltr'><strong>id</strong></span> 
     </span>
    </p>
   </div>
   <div class='ocr_carea' id='block_1_105' title="bbox 2130 4692 3718 4768">
    <p class='ocr_par' dir='ltr' id='par_1_105' title="bbox 2130 4692 3718 4768">
     <span class='ocr_line' id='line_1_105' title="bbox 2130 4692 3718 4768; baseline -0.009 -8"><span class='ocrx_word' id='word_1_767' title='bbox 2130 4705 2394 4762; x_wconf 84' lang='lat' dir='ltr'><strong>sentiens.</strong></span> <span class='ocrx_word' id='word_1_768' title='bbox 2426 4710 2645 4768; x_wconf 86' lang='lat' dir='ltr'><strong>arrepto</strong></span> <span class='ocrx_word' id='word_1_769' title='bbox 2675 4708 2940 4766; x_wconf 89' lang='lat' dir='ltr'><strong>tempore,</strong></span> <span class='ocrx_word' id='word_1_770' title='bbox 2978 4698 3210 4766; x_wconf 80' lang='lat' dir='ltr'><strong>gratiam</strong></span> <span class='ocrx_word' id='word_1_771' title='bbox 3263 4709 3322 4748; x_wconf 88' lang='lat' dir='ltr'><strong>se</strong></span> <span class='ocrx_word' id='word_1_772' title='bbox 3377 4696 3560 4748; x_wconf 77' lang='lat' dir='ltr'><strong>facere</strong></span> <span class='ocrx_word' id='word_1_773' title='bbox 3609 4692 3718 4746; x_wconf 84' lang='lat' dir='ltr'><strong>cri-</strong></span> 
     </span>
    </p>
   </div>
   <div class='ocr_carea' id='block_1_106' title="bbox 2133 4784 3716 4861">
    <p class='ocr_par' dir='ltr' id='par_1_106' title="bbox 2133 4784 3716 4861">
     <span class='ocr_line' id='line_1_106' title="bbox 2133 4784 3716 4861; baseline -0.008 -10"><span class='ocrx_word' id='word_1_774' title='bbox 2133 4798 2294 4851; x_wconf 87' lang='lat' dir='ltr'><strong>minis</strong></span> <span class='ocrx_word' id='word_1_775' title='bbox 2325 4794 2482 4850; x_wconf 87' lang='lat' dir='ltr'><strong>istius</strong></span> <span class='ocrx_word' id='word_1_776' title='bbox 2516 4793 2790 4861; x_wconf 82' lang='lat' dir='ltr'><strong>plcrisqne</strong></span> <span class='ocrx_word' id='word_1_777' title='bbox 2820 4789 3036 4844; x_wconf 61' lang='lat' dir='ltr'><strong>caeteris</strong></span> <span class='ocrx_word' id='word_1_778' title='bbox 3067 4789 3184 4857; x_wconf 88' lang='lat' dir='ltr'><strong>ejus</strong></span> <span class='ocrx_word' id='word_1_779' title='bbox 3227 4787 3475 4841; x_wconf 84' lang='lat' dir='ltr'><strong>al&#39;linibus</strong></span> <span class='ocrx_word' id='word_1_780' title='bbox 3500 4784 3663 4839; x_wconf 87' lang='lat' dir='ltr'><strong>edicit</strong></span> <span class='ocrx_word' id='word_1_781' title='bbox 3699 4801 3716 4838; x_wconf 86' lang='lat'><strong>:</strong></span> 
     </span>
    </p>
   </div>
   <div class='ocr_carea' id='block_1_107' title="bbox 2133 4877 3716 4952">
    <p class='ocr_par' dir='ltr' id='par_1_107' title="bbox 2133 4877 3716 4952">
     <span class='ocr_line' id='line_1_107' title="bbox 2133 4877 3716 4952; baseline -0.009 -9"><span class='ocrx_word' id='word_1_782' title='bbox 2133 4889 2351 4943; x_wconf 85' lang='lat' dir='ltr'><strong>abunde</strong></span> <span class='ocrx_word' id='word_1_783' title='bbox 2383 4887 2482 4940; x_wconf 87' lang='lat' dir='ltr'><strong>sibi</strong></span> <span class='ocrx_word' id='word_1_784' title='bbox 2513 4884 2684 4939; x_wconf 80' lang='lat' dir='ltr'><strong>videri</strong></span> <span class='ocrx_word' id='word_1_785' title='bbox 2717 4897 3003 4952; x_wconf 67' lang='lat' dir='ltr'><strong>prunarum</strong></span> <span class='ocrx_word' id='word_1_786' title='bbox 3055 4881 3388 4948; x_wconf 78' lang='lat' dir='ltr'><strong>significans,</strong></span> <span class='ocrx_word' id='word_1_787' title='bbox 3423 4880 3563 4947; x_wconf 91' lang='lat' dir='ltr'><strong>quod</strong></span> <span class='ocrx_word' id='word_1_788' title='bbox 3604 4877 3716 4945; x_wconf 87' lang='lat' dir='ltr'><strong>jam</strong></span> 
     </span>
    </p>
   </div>
   <div class='ocr_carea' id='block_1_108' title="bbox 2136 4970 3720 5045">
    <p class='ocr_par' dir='ltr' id='par_1_108' title="bbox 2136 4970 3720 5045">
     <span class='ocr_line' id='line_1_108' title="bbox 2136 4970 3720 5045; baseline -0.009 -9"><span class='ocrx_word' id='word_1_789' title='bbox 2136 4981 2330 5036; x_wconf 81' lang='lat' dir='ltr'><strong>exsilio</strong></span> <span class='ocrx_word' id='word_1_790' title='bbox 2359 4977 2602 5032; x_wconf 85' lang='lat' dir='ltr'><strong>damnati</strong></span> <span class='ocrx_word' id='word_1_791' title='bbox 2635 4975 2910 5045; x_wconf 87' lang='lat' dir='ltr'><strong>principes</strong></span> <span class='ocrx_word' id='word_1_792' title='bbox 2947 4973 3344 5041; x_wconf 83' lang='lat' dir='ltr'><strong>conjurationis</strong></span> <span class='ocrx_word' id='word_1_793' title='bbox 3367 4982 3576 5026; x_wconf 78' lang='lat' dir='ltr'><strong>essent.</strong></span> <span class='ocrx_word' id='word_1_794' title='bbox 3624 4970 3720 5023; x_wconf 80' lang='lat' dir='ltr'><strong>llic</strong></span> 
     </span>
    </p>
   </div>
   <div class='ocr_carea' id='block_1_109' title="bbox 2140 5069 3716 5138">
    <p class='ocr_par' dir='ltr' id='par_1_109' title="bbox 2140 5069 3716 5138">
     <span class='ocr_line' id='line_1_109' title="bbox 2140 5069 3716 5138; baseline -0.009 -11"><span class='ocrx_word' id='word_1_795' title='bbox 2140 5089 2268 5128; x_wconf 87' lang='lat' dir='ltr'><strong>vero</strong></span> <span class='ocrx_word' id='word_1_796' title='bbox 2313 5071 2576 5125; x_wconf 85' lang='lat' dir='ltr'><strong>tumultus</strong></span> <span class='ocrx_word' id='word_1_797' title='bbox 2615 5069 2804 5138; x_wconf 80' lang='lat' dir='ltr'><strong>ingens</strong></span> <span class='ocrx_word' id='word_1_798' title='bbox 2860 5069 3035 5120; x_wconf 85' lang='lat' dir='ltr'><strong>oritur</strong></span> <span class='ocrx_word' id='word_1_799' title='bbox 3070 5075 3125 5120; x_wconf 87' lang='lat' dir='ltr'><strong>et</strong></span> <span class='ocrx_word' id='word_1_800' title='bbox 3157 5079 3406 5118; x_wconf 85' lang='lat' dir='ltr'><strong>murmur</strong></span> <span class='ocrx_word' id='word_1_801' title='bbox 3456 5073 3716 5133; x_wconf 86' lang='lat' dir='ltr'><strong>quantum</strong></span> 
     </span>
    </p>
   </div>
   <div class='ocr_carea' id='block_1_110' title="bbox 2135 5156 3722 5232">
    <p class='ocr_par' dir='ltr' id='par_1_110' title="bbox 2135 5156 3722 5232">
     <span class='ocr_line' id='line_1_110' title="bbox 2135 5156 3722 5232; baseline -0.01 -11"><span class='ocrx_word' id='word_1_802' title='bbox 2135 5165 2337 5221; x_wconf 90' lang='lat' dir='ltr'><strong>nullius</strong></span> <span class='ocrx_word' id='word_1_803' title='bbox 2393 5176 2630 5232; x_wconf 85' lang='lat' dir='ltr'><strong>unquam</strong></span> <span class='ocrx_word' id='word_1_804' title='bbox 2693 5170 2978 5213; x_wconf 83' lang='lat' dir='ltr'><strong>commotae</strong></span> <span class='ocrx_word' id='word_1_805' title='bbox 3034 5157 3314 5211; x_wconf 83' lang='lat' dir='ltr'><strong>cuncionis</strong></span> <span class='ocrx_word' id='word_1_806' title='bbox 3367 5156 3636 5210; x_wconf 75' lang='lat' dir='ltr'><strong>audivisse</strong></span> <span class='ocrx_word' id='word_1_807' title='bbox 3663 5167 3722 5207; x_wconf 84' lang='lat' dir='ltr'><strong>se</strong></span> 
     </span>
    </p>
   </div>
   <div class='ocr_carea' id='block_1_111' title="bbox 2133 5245 3723 5327">
    <p class='ocr_par' dir='ltr' id='par_1_111' title="bbox 2133 5245 3723 5327">
     <span class='ocr_line' id='line_1_111' title="bbox 2133 5245 3723 5327; baseline -0.011 -14"><span class='ocrx_word' id='word_1_808' title='bbox 2133 5260 2420 5327; x_wconf 85' lang='lat' dir='ltr'><strong>quisquam</strong></span> <span class='ocrx_word' id='word_1_809' title='bbox 2472 5252 2857 5307; x_wconf 83' lang='lat' dir='ltr'><strong>meminisset:</strong></span> <span class='ocrx_word' id='word_1_810' title='bbox 2895 5251 3016 5303; x_wconf 88' lang='lat' dir='ltr'><strong>aliis</strong></span> <span class='ocrx_word' id='word_1_811' title='bbox 3079 5247 3423 5317; x_wconf 85' lang='lat' dir='ltr'><strong>imperatoris</strong></span> <span class='ocrx_word' id='word_1_812' title='bbox 3484 5245 3723 5299; x_wconf 87' lang='lat' dir='ltr'><strong>clemen-</strong></span> 
     </span>
    </p>
   </div>
   <div class='ocr_carea' id='block_1_112' title="bbox 2132 5337 3720 5418">
    <p class='ocr_par' dir='ltr' id='par_1_112' title="bbox 2132 5337 3720 5418">
     <span class='ocr_line' id='line_1_112' title="bbox 2132 5337 3720 5418; baseline -0.012 -13"><span class='ocrx_word' id='word_1_813' title='bbox 2132 5353 2286 5415; x_wconf 86' lang='lat' dir='ltr'><strong>tiam,</strong></span> <span class='ocrx_word' id='word_1_814' title='bbox 2324 5345 2668 5418; x_wconf 86' lang='lat' dir='ltr'><strong>patientiam,</strong></span> <span class='ocrx_word' id='word_1_815' title='bbox 2707 5343 3098 5413; x_wconf 77' lang='lat' dir='ltr'><strong>benignitatem</strong></span> <span class='ocrx_word' id='word_1_816' title='bbox 3153 5341 3495 5402; x_wconf 86' lang='lat' dir='ltr'><strong>mirantibus,</strong></span> <span class='ocrx_word' id='word_1_817' title='bbox 3529 5337 3720 5389; x_wconf 84' lang='lat' dir='ltr'><strong>aliisin</strong></span> 
     </span>
    </p>
   </div>
   <div class='ocr_carea' id='block_1_113' title="bbox 2134 5430 3724 5508">
    <p class='ocr_par' dir='ltr' id='par_1_113' title="bbox 2134 5430 3724 5508">
     <span class='ocr_line' id='line_1_113' title="bbox 2134 5430 3724 5508; baseline -0.01 -11"><span class='ocrx_word' id='word_1_818' title='bbox 2134 5442 2352 5499; x_wconf 81' lang='lat' dir='ltr'><strong>exsules</strong></span> <span class='ocrx_word' id='word_1_819' title='bbox 2393 5439 2593 5508; x_wconf 86' lang='lat' dir='ltr'><strong>probra</strong></span> <span class='ocrx_word' id='word_1_820' title='bbox 2630 5435 3072 5506; x_wconf 76' lang='lat' dir='ltr'><strong>congerentibus,</strong></span> <span class='ocrx_word' id='word_1_821' title='bbox 3113 5443 3168 5487; x_wconf 87' lang='lat' dir='ltr'><strong>et</strong></span> <span class='ocrx_word' id='word_1_822' title='bbox 3195 5443 3367 5488; x_wconf 87' lang='lat' dir='ltr'><strong>morte</strong></span> <span class='ocrx_word' id='word_1_823' title='bbox 3391 5431 3512 5482; x_wconf 83' lang='lat' dir='ltr'><strong>illos</strong></span> <span class='ocrx_word' id='word_1_824' title='bbox 3535 5430 3724 5497; x_wconf 81' lang='lat' dir='ltr'><strong>quavis</strong></span> 
     </span>
    </p>
   </div>
   <div class='ocr_carea' id='block_1_114' title="bbox 2137 5516 3725 5604">
    <p class='ocr_par' dir='ltr' id='par_1_114' title="bbox 2137 5516 3725 5604">
     <span class='ocr_line' id='line_1_114' title="bbox 2137 5516 3725 5604; baseline -0.014 -14"><span class='ocrx_word' id='word_1_825' title='bbox 2137 5531 2491 5604; x_wconf 79' lang='lat' dir='ltr'><strong>dignissimos</strong></span> <span class='ocrx_word' id='word_1_826' title='bbox 2519 5524 3033 5584; x_wconf 82' lang='lat' dir='ltr'><strong>aﬂirmantibus.Eu</strong></span> <span class='ocrx_word' id='word_1_827' title='bbox 3071 5521 3374 5591; x_wconf 74' lang='lat' dir='ltr'><strong>cuiusmodi</strong></span> <span class='ocrx_word' id='word_1_828' title='bbox 3396 5528 3523 5573; x_wconf 87' lang='lat' dir='ltr'><strong>sunt</strong></span> <span class='ocrx_word' id='word_1_829' title='bbox 3554 5516 3725 5571; x_wconf 89' lang='lat' dir='ltr'><strong>homi-</strong></span> 
     </span>
    </p>
   </div>
   <div class='ocr_carea' id='block_1_115' title="bbox 2139 5611 3726 5691">
    <p class='ocr_par' dir='ltr' id='par_1_115' title="bbox 2139 5611 3726 5691">
     <span class='ocr_line' id='line_1_115' title="bbox 2139 5611 3726 5691; baseline -0.014 -10"><span class='ocrx_word' id='word_1_830' title='bbox 2139 5626 2265 5682; x_wconf 86' lang='lat' dir='ltr'><strong>nes!</strong></span> <span class='ocrx_word' id='word_1_831' title='bbox 2303 5625 2475 5691; x_wconf 89' lang='lat' dir='ltr'><strong>Quem</strong></span> <span class='ocrx_word' id='word_1_832' title='bbox 2507 5621 2670 5676; x_wconf 86' lang='lat' dir='ltr'><strong>hodie</strong></span> <span class='ocrx_word' id='word_1_833' title='bbox 2721 5620 2940 5674; x_wconf 86' lang='lat' dir='ltr'><strong>beatum</strong></span> <span class='ocrx_word' id='word_1_834' title='bbox 2976 5617 3296 5687; x_wconf 58' lang='lat' dir='ltr'><strong>pradicant,</strong></span> <span class='ocrx_word' id='word_1_835' title='bbox 3346 5611 3433 5666; x_wconf 90' lang='lat' dir='ltr'><strong>cui</strong></span> <span class='ocrx_word' id='word_1_836' title='bbox 3472 5621 3726 5679; x_wconf 86' lang='lat' dir='ltr'><strong>pompam</strong></span> 
     </span>
    </p>
   </div>
   <div class='ocr_carea' id='block_1_116' title="bbox 1534 5759 2685 5824">
    <p class='ocr_par' dir='ltr' id='par_1_116' title="bbox 1534 5759 2685 5824">
     <span class='ocr_line' id='line_1_116' title="bbox 1534 5759 2685 5824; baseline -0.001 -3"><span class='ocrx_word' id='word_1_837' title='bbox 1534 5762 1739 5823; x_wconf 72' lang='lat' dir='ltr'><strong>Variae</strong></span> <span class='ocrx_word' id='word_1_838' title='bbox 1779 5761 2091 5824; x_wconf 84' lang='lat' dir='ltr'><strong>lectiones</strong></span> <span class='ocrx_word' id='word_1_839' title='bbox 2127 5780 2206 5824; x_wconf 82' lang='lat' dir='ltr'><strong>ex</strong></span> <span class='ocrx_word' id='word_1_840' title='bbox 2237 5762 2380 5824; x_wconf 90' lang='lat' dir='ltr'><strong>cod.</strong></span> <span class='ocrx_word' id='word_1_841' title='bbox 2412 5759 2685 5822; x_wconf 88' lang='lat' dir='ltr'><strong>Coislin.</strong></span> 
     </span>
    </p>
   </div>
   <div class='ocr_carea' id='block_1_117' title="bbox 527 5890 1715 5966">
    <p class='ocr_par' dir='ltr' id='par_1_117' title="bbox 527 5890 1715 5966">
     <span class='ocr_line' id='line_1_117' title="bbox 527 5890 1715 5966; baseline -0.004 -17"><span class='ocrx_word' id='word_1_842' title='bbox 527 5895 573 5928; x_wconf 82' lang='lat'><strong>&quot;</strong></span> <span class='ocrx_word' id='word_1_843' title='bbox 601 5894 739 5949; x_wconf 83' lang='grc' dir='ltr'>ποδί.</span> <span class='ocrx_word' id='word_1_844' title='bbox 818 5895 862 5927; x_wconf 79' lang='grc'><strong>³⁸</strong></span> <span class='ocrx_word' id='word_1_845' title='bbox 891 5893 1267 5966; x_wconf 70' lang='grc' dir='ltr'>στεῤῥότερον.</span> <span class='ocrx_word' id='word_1_846' title='bbox 1346 5894 1360 5925; x_wconf 78' lang='grc'><strong><em>⁸</em></strong></span> <span class='ocrx_word' id='word_1_847' title='bbox 1397 5890 1573 5955; x_wconf 70' lang='grc' dir='ltr'>οὐδείς</span> <span class='ocrx_word' id='word_1_848' title='bbox 1608 5907 1715 5944; x_wconf 86' lang='grc' dir='ltr'>πω.</span> 
     </span>
    </p>
   </div>
   <div class='ocr_carea' id='block_1_118' title="bbox 1806 5888 2202 5960">
    <p class='ocr_par' dir='ltr' id='par_1_118' title="bbox 1806 5888 2202 5960">
     <span class='ocr_line' id='line_1_118' title="bbox 1806 5888 2202 5960; baseline 0.01 -18"><span class='ocrx_word' id='word_1_849' title='bbox 1806 5891 1826 5920; x_wconf 83' lang='lat'><strong>’</strong></span> <span class='ocrx_word' id='word_1_850' title='bbox 1854 5888 2006 5942; x_wconf 80' lang='grc' dir='ltr'>ώτων</span> <span class='ocrx_word' id='word_1_851' title='bbox 2053 5889 2202 5960; x_wconf 82' lang='lat' dir='ltr'><strong>(sic).</strong></span> 
     </span>
    </p>
   </div>
   <div class='ocr_carea' id='block_1_119' title="bbox 2281 5865 3578 5958">
    <p class='ocr_par' dir='ltr' id='par_1_119' title="bbox 2281 5865 3578 5958">
     <span class='ocr_line' id='line_1_119' title="bbox 2281 5865 3578 5958; baseline -0.015 -16"><span class='ocrx_word' id='word_1_852' title='bbox 2281 5889 2300 5920; x_wconf 88' lang='grc'><strong><em>³</em></strong></span> <span class='ocrx_word' id='word_1_853' title='bbox 2336 5883 2727 5958; x_wconf 76' lang='grc' dir='ltr'>μακαρισμῷν.</span> <span class='ocrx_word' id='word_1_854' title='bbox 2807 5881 2826 5914; x_wconf 68' lang='grc'>⁸</span> <span class='ocrx_word' id='word_1_855' title='bbox 2870 5879 3104 5934; x_wconf 78' lang='grc' dir='ltr'>ἐκείνου.</span> <span class='ocrx_word' id='word_1_856' title='bbox 3181 5875 3203 5909; x_wconf 85' lang='grc'><em>³</em></span> <span class='ocrx_word' id='word_1_857' title='bbox 3236 5865 3578 5928; x_wconf 75' lang='grc' dir='ltr'>κατακαλῶν.</span> 
     </span>
    </p>
   </div>
  </div>
