4112 6394
437 411 542 475 697

1703 418 2120 479 ALEXIADIS
2161 421 2310 482 LIB.
2352 424 2424 484 X.

3586 417 3691 482 698

2225 581 2452 590 -ι

1770 749 2248 844 ΑΛΕΞΙΔΣ
2323 753 2403 840 Γ.

521 1082 668 1118 Ῥη-τὶ
706 1082 759 1118 RE
799 1085 896 1118 ιμὲμυ
945 1082 1272 1118 ’I‘....‘...-!-..
1298 1091 1482 1118 .”.----
1513 1112 1559 1118 _-
1609 1096 1690 1118 r__-

541 1082 672 1134 Επεὶ
706 1082 761 1135 δὲ
799 1085 896 1154 τὴν
945 1082 1272 1156 Ἐκκλησίαν
1296 1091 1484 1160 ὥσπερ
1513 1112 1564 1146 τι
1599 1096 1775 1166 ῥεῦμα
1813 1100 2013 1162 κακίας

2200 1101 2365 1170 269
2385 1102 2589 1154 interea
2614 1117 2715 1152 non
2740 1099 2898 1168 lenge
2919 1107 3038 1166 post
3055 1098 3555 1150 conde-niualimrem
3578 1110 3700 1155 pra-

441 1175 682 1236 ὁΝεῖ).ος
715 1178 922 1233 ἐκεῖνος
971 1180 1278 1244 ἐπικλύζων
1336 1186 1503 1237 πολὺν
1557 1189 1647 1240 τὸν
1707 1191 1869 1242 σάλον
1898 1196 2017 1256 ταῖς

439 1267 548 1318 τῶν
597 1268 852 1320 ἁπάντων
908 1273 1143 1325 ἐνεποίει
1179 1275 1401 1343 ψυχαῖς,
1443 1279 1564 1344 μετ’
1606 1282 1668 1332 οὐ
1727 1282 1860 1333 πολὺ
1917 1284 2018 1350 τῆς

439 1360 550 1409 τῶν
586 1360 680 1411 τοῦ
728 1360 928 1414 Ἰταλοῦ
979 1365 1268 1433 δογμάτων
1319 1370 1692 1438 καθαιρέσεως
1722 1374 2021 1442 ἀναφανεὶς

442 1453 536 1504 καὶ
562 1454 795 1518 πολλοὺς
825 1461 944 1520 ταῖς
974 1459 1146 1522 δίναις
1201 1463 1298 1528 τῆς
1340 1464 1506 1516 αὐτοῦ
1538 1467 1860 1532 κακοδοξίας
1897 1469 2023 1522 ἐδύ-

441 1541 612 1596 Θισεν.
667 1544 832 1615 ’Λνὴρ
867 1546 924 1598 δὲ
961 1543 1116 1610 οὗτος
1143 1550 1314 1612 δεξιὸς
1342 1552 1440 1620 μὲν
1475 1552 1575 1622 τὴν
1637 1555 1838 1624 ἀρετὴν
1889 1555 2022 1609 ὑπο-

439 1635 756 1704 κρίνασθαι.
810 1639 924 1691 Οὺκ
958 1634 1076 1693 οἴδα
1107 1641 1207 1708 μὲν
1235 1641 1326 1696 οὖν
1383 1645 1424 1676 ¹²
1451 1645 1596 1700 ὅθεν.
1630 1647 1779 1709 Τέως
1832 1647 1876 1699 δ’
1929 1645 2022 1700 οὖν

439 1729 534 1782 τοῦ
595 1729 639 1761 ¹³
699 1730 1067 1798 μεγαλοπόλει
1131 1736 1426 1803 ὲφοίτησε,
1488 1739 1846 1805 ἐγγωνιάζων
1903 1739 2022 1809 Θεῷ

445 1824 592 1892 μόνῳ
640 1823 802 1890 δῆθεν
833 1825 926 1878 καὶ
965 1827 1146 1894 ἑαυτῷ
1179 1833 1506 1900 προσανεῖχε
1545 1831 1862 1896 διαπαντὸς,
1904 1835 2022 1894 ταῖς

444 1915 616 1981 ἱεραῖς
649 1913 848 1982 βίϐλοις
885 1916 1372 1987 ,ἐνασχολούμεναλ
1433 1921 1678 1990 ἀμύητος
1750 1924 1806 1976 δὲ
1841 1925 2023 1994 πάσης

453 2004 778 2075 Ἑλληνικῆς
819 2007 1068 2071 παιδείας
1103 2008 1179 2062 ὢν
1210 2011 1304 2064 καὶ
1356 2012 1493 2082 μηδὲ
1529 2015 1850 2084 καθηγητήν
1900 2033 2023 2068 τινα

443 2097 692 2167 ἐσχηκὼς
757 2100 998 2171 ἀρχῆθεν
1069 2102 1159 2154 τὸν
1221 2104 1574 2173 ὑφαπλοῦντα
1639 2105 1812 2177 τούτῳ
1865 2108 1925 2160 τὸ
1982 2108 2025 2140 ³⁸

442 2191 541 2259 τῆς
576 2192 730 2256 Θείας
776 2195 1000 2265 Γραφῆς
1052 2197 1236 2266 βάθος,
1283 2199 1604 2268 ὲνεκεκύφει
1658 2202 1755 2269 μὲν
1785 2205 1896 2266 τοῖς
1918 2205 2024 2256 τῶν

447 2284 614 2350 ἁγίων
659 2288 1108 2355 συγγράμμασιν,
1142 2290 1407 2357 ἄγευστος
1437 2292 1491 2344 δὲ
1538 2294 1718 2362 πάσης
1775 2295 2048 2358 παιδείας’

445 2375 667 2443 ὶογικῆς
698 2377 772 2429 ὢν
802 2377 1150 2450 ὲπέπλάνητο
1186 2385 1308 2451 περὶ
1341 2383 1431 2436 τὸν
1465 2383 1590 2436 νοῦν
1620 2385 1726 2438 τῶν
1770 2386 2020 2454 Γραφῶν.

446 2470 558 2522 Οὐκ
587 2471 786 2539 ἀγεννῆ
820 2471 875 2524 δέ
924 2489 1046 2526 τινα
1087 2474 1246 2543 χορδν
1288 2476 1694 2546 ὑποσυρόμενος
1734 2479 1778 2510 ³⁵
1827 2481 1884 2530 ὲν
1931 2496 2027 2548 με·

447 2560 635 2628 γὰλαις
663 2562 863 2623 οἰκίαις
895 2563 1075 2615 είσέδυ
1114 2563 1442 2629 διδάσκαλος
1470 2567 1984 2637 αὐτοχειροτὸνητος
2009 2585 2022 2599 ·

445 2653 503 2704 τὸ
532 2653 631 2722 μέν
664 2671 714 2706 τι
742 2653 828 2708 διὰ
857 2654 952 2725 τὴν
981 2658 1408 2727 ἐπιφαινομένην
1433 2659 1582 2728 αὐτῷ
1603 2659 1826 2729 ἀρετὴν,
1851 2661 1944 2714 καὶ
1967 2661 2028 2714 τὸ

444 2745 817 2815 κατεσκληκὸς
847 2747 1024 2800 ἐκεῖνο
1051 2743 1181 2817 ἦθος
1215 2765 1228 2779 ο
1286 2750 1347 2800 τὸ
1401 2750 1456 2802 δὲ
1503 2751 1598 2803 καὶ
1624 2751 1712 2804 διὰ
1763 2752 1860 2822 τὴν
1894 2753 2029 2806 ὑπο-

445 2840 849 2908 κεκρυμμένως
923 2842 1333 2911 ἐμφαινομένην
1372 2844 1522 2914 αὑτῷ
1597 2845 1739 2917 τὰχα
1802 2847 2026 2913 γνῶσιν.

451 2931 646 2984 Ἔνθεν
697 2949 781 2984 τοι
846 2936 941 2987 καὶ
996 2935 1093 3004 τὴν
1127 2935 1252 2988 καθ’
1314 2937 1620 2991 ὑπόστασιν
1682 2939 1880 2991 ἕνωσιν
1935 2939 2026 2992 τοῦ

445 3023 569 3075 καθ’
602 3026 750 3093 ἡμᾶς
782 3027 1060 3097 ἀγνοήσας
1087 3029 1413 3098 μυστηρίου,
1447 3031 1539 3084 καὶ
1582 3030 1709 3101 μήθ’
1743 3032 1770 3084 ὅ
1795 3049 1846 3085 τι
1880 3032 2028 3084 ἐστὶν

446 3115 638 3173 ἓνωσις
683 3116 869 3180 ἁπλῶς
912 3121 1152 3173 συνιέναι
1207 3121 1527 3188 δυνάμενος,
1567 3125 1692 3194 μήθ’
1738 3127 1765 3178 ὅ
1799 3143 1852 3178 τι
1879 3125 2030 3178 ἐστὶν

446 3206 581 3268 ὅλως
616 3207 917 3274 ὑπόστασις
947 3211 1129 3276 εἰδὼς,
1181 3213 1309 3266 οὔτε
1335 3216 1775 3286 διακεκριμένως
1810 3218 1852 3248 ¹⁶
1891 3221 2031 3273 ὑπό-

447 3315 672 3355 στασιν
729 3303 761 3371 ἢ
829 3303 1053 3358 ἕνωσιν
1108 3310 1252 3360 νοεῖν
1312 3309 1630 3378 δυνάμενος,
1692 3313 1816 3380 μήτ’
1873 3313 2028 3375 αὖθις

451 3394 742 3460 ἡνωμένως
769 3396 892 3448 καθ’
923 3397 1221 3451 ὑπόστασιν
1242 3401 1459 3465 ἕνωσιν,
1489 3403 1618 3469 μήθ’
1647 3404 1795 3465 ὅπως
1824 3405 2028 3472 essent,

459 3481 517 3532 τὸ
541 3484 878 3555 πρόσλημμα
904 3488 1058 3558 παρά
1075 3488 1182 3569 τῶν
1210 3489 1379 3556 ἁγίων
1397 3491 1806 3559 διδασκόμενος.
1838 3496 2032 3565 Πόρῤω

461 3591 550 3625 του
605 3577 760 3640 δντος
823 3579 1150 3650 ἐξενεχθεὶς,
1190 3582 1349 3650 φύσει
1387 3583 1545 3636 τοῦτο
1601 3585 1875 3652 θεωθῆναι.
1923 3587 2036 3638 ἐδό-

455 3666 614 3733 ξαζεν
645 3671 1033 3738 ἀπατώμενος.
1091 3674 1226 3726 Οὐδὲ
1287 3673 1448 3728 τοῦτο
1495 3675 1709 3728 διέλαθε
1754 3678 1844 3727 τὸν
1876 3679 2034 3730 αὺτο-

2122 1211 2310 1247 voruin
2341 1197 2648 1263 dogtnatutu
2676 1193 2815 1254 Itali,
2849 1193 3002 1260 cujus
3042 1191 3294 1257 superius
3329 1187 3700 1250 meminimus,

2122 1302 2344 1343 eXttrttts
2371 1299 2455 1343 est
2477 1289 2595 1357 ejus
2633 1289 2882 1340 amentia:
2911 1300 3218 1341 successor,
3255 1281 3405 1334 Nilus
3446 1280 3663 1333 nomine
3684 1317 3699 1341 ,

2125 1381 2286 1434 homo
2304 1380 2516 1432 virtutis
2538 1377 2817 1431 simulator
2840 1375 3064 1427 callidus
3087 1390 3100 1426 :
3124 1373 3211 1438 qui
3232 1387 3354 1424 cum
3377 1369 3550 1422 eluvie
3568 1383 3704 1434 qua-

2125 1475 2245 1528 dam
2264 1472 2481 1525 malitiae
2500 1470 2790 1524 Ecclesiam
2809 1467 3147 1528 immdasset,
3167 1475 3220 1517 et
3237 1463 3475 1515 Omnium
3495 1461 3704 1511 animas

2125 1567 2176 1618 iu
2236 1574 2474 1634 praesens
2522 1560 2821 1630 periculum
2883 1559 3108 1612 adduxit
3161 1551 3521 1620 naufragandi
3556 1549 3703 1601 circa

2127 1658 2307 1722 fidem,
2364 1667 2417 1711 et
2476 1671 2582 1710 non
2629 1669 2832 1725 paucos
2863 1667 3108 1706 errormn
3139 1650 3363 1703 haustos
3396 1643 3706 1699 verticibus

2128 1750 2469 1819 irreparabili
2509 1751 2700 1803 mersit
2753 1747 2996 1800 interitu.
3047 1745 3096 1797 Is
3150 1743 3334 1796 nescio
3392 1745 3534 1791 unde
3573 1736 3709 1790 Con-

2125 1842 2530 1909 stantinOpolim
2565 1839 2840 1907 profectus
2905 1839 3114 1889 tristem
3175 1833 3284 1886 illic
3343 1845 3407 1884 ac
3457 1845 3485 1881 a
3548 1827 3708 1891 vulgo

2127 1939 2465 2002 segregatam
2500 1931 2668 1985 vitam
2705 1928 2972 1989 exercuit,
3006 1925 3114 1978 Deo
3135 1922 3387 1976 videlicet
3419 1919 3530 1983 uni,
3569 1917 3706 1969 sibi-

2124 2042 2231 2096 que
2264 2026 2477 2079 assidue
2523 2024 2830 2085 attendcns,
2883 2018 3166 2085 sacrisque
3202 2015 3354 2068 libris
3401 2009 3710 2064 volotandis

2125 2119 2292 2172 otium
2322 2118 2632 2171 absumens.
2663 2114 2926 2168 Funditus
2969 2112 3115 2164 rudis
3147 2117 3265 2162 erat
3296 2106 3496 2161 Graeca:
3534 2101 3712 2155 omnis

2126 2209 2472 2265 eruditionis.
2501 2209 2558 2261 In
2581 2208 2792 2260 divinas
2817 2219 2943 2258 vero
2975 2203 3211 2256 Litteras
3232 2200 3281 2251 vi
3305 2198 3534 2266 quadam
3572 2194 3712 2246 irru-

2128 2311 2302 2370 perat,
2365 2300 2580 2354 netnine
2636 2311 2873 2364 unqnam
2911 2293 3152 2346 adhibito
3199 2291 3287 2357 qui
3348 2288 3556 2354 primos
3607 2282 3708 2350 ipsi

2130 2396 2311 2448 aditus
2366 2393 2600 2446 muniret
2657 2393 2722 2443 ad
2775 2389 3023 2441 intimam
3079 2384 3327 2437 notitiam
3383 2391 3707 2432 arcanorqu

2131 2486 2348 2540 illorum
2377 2495 2658 2537 sensuum.
2691 2479 2895 2532 Tamen
2932 2485 3052 2530 erat
3076 2473 3278 2527 multus
3307 2473 3360 2524 in
3395 2465 3710 2522 lectitandis

2127 2577 2378 2646 operibus
2420 2585 2766 2638 sam-torum;
2821 2585 3005 2624 verum
3061 2581 3182 2620 cum
3233 2559 3534 2616 disserendi
3591 2567 3710 2608 arte

2131 2671 2298 2736 nulla,
2341 2668 2482 2722 nulla
2521 2666 2885 2721 ratiocinandi
2936 2663 3190 2716 metbodo
3239 2659 3510 2711 initiatum
3560 2655 3711 2721 inge-

2133 2764 2279 2816 niuttt
2301 2762 2538 2823 afferret,
2565 2760 2875 2812 necessario
2893 2757 3053 2808 fiebat
3073 2765 3127 2804 ut
3145 2753 3524 2806 excluderetur
3541 2744 3712 2799 sacris

2129 2856 2324 2927 adytis,
2354 2865 2407 2908 et
2441 2865 2570 2914 toto,
2617 2851 2762 2921 quod
2796 2852 2972 2913 aiunt,
3013 2847 3149 2901 coalo
3186 2847 3252 2897 ab
3289 2853 3478 2897 exacta
3511 2837 3712 2892 intelli-

2129 2951 2307 3019 gentia
2328 2944 2835 3012 divinornmgaberra
2845 2954 2923 2996 ret
2941 2939 3280 2994 oraculorum
3297 2951 3358 2990 ac
3378 2936 3709 3004 dogmatum.

2130 3041 2491 3109 Congrcgavit
2547 3037 2900 3090 nihilominus
2956 3046 3241 3086 numerum
3309 3043 3413 3080 non
3483 3039 3710 3092 parvum

2135 3135 2530 3188 admiraturum
2565 3131 2647 3183 sui
2683 3146 2697 3182 :
2735 3129 2804 3182 ad
2829 3143 2965 3194 quos
2995 3127 3044 3178 in
3088 3138 3310 3191 magnas
3335 3122 3478 3173 mdes
3507 3132 3712 3171 convo-

2132 3240 2288 3284 Catos
2342 3223 2823 3280 conciouabundus
2871 3218 3161 3288 prodibat,
3217 3217 3333 3270 suis
3387 3214 3500 3280 ipse
3548 3211 3712 3263 unius

2133 3317 2404 3385 Sum-agiis
2475 3315 2784 3368 declaratus
2837 3311 3028 3362 doctor
3095 3326 3108 3361 :
3169 3306 3550 3358 auctoritatem
3608 3299 3710 3367 ipsi

2133 3411 2273 3478 apud
2301 3416 2700 3476 praeoccupatas
2723 3403 2910 3455 favore
2943 3402 3156 3452 animos
3183 3397 3342 3450 facile
3367 3391 3712 3462 quantamvis

2135 3502 2460 3557 conciliante
2506 3500 2736 3566 pritnttnt
2785 3495 3000 3566 egregia
3033 3493 3214 3560 specie
3247 3488 3482 3552 virtutis,
3517 3484 3713 3537 deinde

2135 3594 2427 3662 aSperitate
2491 3592 2667 3643 cultus
2729 3590 3048 3656 victusque,
3110 3584 3364 3652 squalore
3440 3583 3712 3629 oste'itala

2137 3687 2316 3740 Vlllltls
2349 3701 2412 3737 ac
2443 3685 2676 3738 vestium
2696 3719 2712 3742 .
2743 3691 3018 3746 postremo
3049 3676 3396 3728 subiacentes
3419 3686 3482 3721 ex
3516 3680 3716 3720 arcano

454 3760 715 3830 κράτορα.
755 3759 893 3812 Ἀλλ’
939 3762 1012 3824 ὠς
1037 3762 1235 3833 ᾔσθετο
1251 3763 1319 3816 τὰ
1344 3767 1472 3834 περὶ
1500 3767 1714 3832 τούτου,
1733 3765 2029 3837 ὀξύρροπον

2141 3785 2195 3830 ει
2247 3775 2619 3844 imperitorum
2655 3772 3093 3840 ptmslrittgeules
3139 3766 3350 3817 animos
3395 3757 3717 3814 eruditionis

451 3855 660 3906 ἐπινοεί
706 3854 804 3924 τὴν
863 3854 1143 3925 βοήθειαν,
1170 3859 1264 3910 καὶ
1304 3859 1396 3910 τὸν
1428 3859 1598 3929 ἄνδρα
1661 3861 2037 3928 μετακαλεσά-

455 3961 636 4014 μενος.
683 3947 856 4000 πολλά
885 3948 980 4001 τοῦ
1037 3949 1275 4018 Θράσους
1323 3954 1418 4004 καὶ
1453 3955 1549 4021 τῆς
1583 3953 1825 4021 ἀμαθίας
1867 3957 2040 4025 ἐμέμ-

453 4039 666 4104 φετο¹⁷,
706 4041 799 4092 καὶ
831 4041 998 4094 πολλὰ
1022 4041 1215 4094 τοῦτον
1272 4043 1497 4108 ἐλέγξας
1529 4047 1628 4112 τήν
1666 4063 1724 4097 τε
1757 4046 1879 4100 καθ’
1908 4048 2040 4100 ὑπό-

454 4148 646 4183 στασιν
675 4132 869 4186 ἕνωσιν
919 4135 1013 4187 τοῦ
1065 4135 1420 4204 Θεανθρώπου
1476 4139 1653 4205 Λόγου
1691 4141 1903 4206 τρανῶς
1934 4139 2042 4192 ὲδί-

450 4223 644 4288 δασκε,
699 4227 796 4278 καὶ
849 4229 941 4279 τὸν
981 4227 1081 4296 τῆς
1133 4227 1462 4290 ἀντιδόσεως
1509 4230 1712 4296 τρόπον
1770 4231 2036 4301 παρίστη..

455 4319 550 4369 καὶ
591 4317 741 4379 ὅπως
792 4317 1002 4390 ἑθεώθη
1049 4321 1110 4371 τὸ
1141 4321 1486 4390 πρόσλημμα
1516 4322 1657 4388 μετὰ
1685 4323 1782 4389 τῆς
1832 4323 2040 4376 ἄνωθεν

453 4409 705 4462 ἐδίδασκε
730 4411 974 4481 χάριτος.
1013 4413 1072 4465 Ὀ
1099 4413 1154 4464 δὲ
1185 4414 1282 4481 τῆς
1315 4413 1449 4474 ἰδίας
1487 4412 1838 4481 ψευδοδοξίας
1874 4414 2043 4484 ἀπρὶξ

454 4505 651 4588 εἶχετο,
707 4509 799 4558 καὶ
843 4506 976 4576 πρὸς
1006 4509 1186 4560 πᾶσαν
1213 4507 1459 4559 κάκωσιν
1485 4507 1754 4574 στρέὁλαν
1779 4507 1821 4538 ’⁸
1854 4525 1913 4560 τε
1948 4510 2043 4562 καὶ

454 4597 632 4665 δεσμὰ
689 4599 788 4651 καὶ
849 4600 1091 4668 ξεσμοὺς
1150 4599 1355 4667 σαρκὸς
1421 4600 1777 4669 ἑτοιμότατος
1837 4597 1926 4672 ἦν,
2004 4602 2036 4674 ἢ

455 4689 762 4757 ἀποστῆναι
819 4690 912 4743 τοῦ
970 4691 1046 4760 μὴ
1101 4690 1369 4762 θεωθῆναι
1420 4692 1580 4760 φύσει
1645 4692 1926 4748 διδάσκειν
1977 4695 2039 4747 τὸ

455 4779 666 4849 πρόσλη
677 4797 818 4848 μμα.

2137 3868 2406 3931 scintillae,
2449 3866 2602 3932 quasi
2638 3863 2858 3916 latentis
2887 3877 2950 3913 ex
2989 3858 3274 3918 industria,
3311 3864 3361 3907 et
3395 3845 3716 3905 exuberanti

2140 3960 2293 4026 copia
2345 3956 2621 4011 modestia:
2656 3957 2957 4008 custodiam
3006 3947 3340 4003 frustrantis.
3376 3944 3492 3995 Tali
3519 3941 3605 3992 ille
3631 3940 3713 3991 sui

2140 4065 2470 4114 suorumque
2498 4049 2688 4100 fidat-ia
2724 4047 2776 4099 in
2803 4046 2877 4100 rei
2905 4045 3154 4096 maxima:
3179 4052 3380 4093 temere
3401 4031 3718 4086 deﬁnienda!

2140 4140 2473 4210 pra’cipitem
2506 4138 2786 4191 audaciam
2822 4135 3126 4204 prolapsus,
3161 4134 3321 4184 bomo
3350 4126 3438 4194 qui
3466 4142 3561 4177 nec
3591 4120 3719 4187 quid

2141 4245 2286 4288 esset
2318 4233 2468 4293 unio,
2505 4231 2630 4299 quid
2661 4231 2978 4298 [typoslasis,
3018 4241 3116 4279 nec
3147 4221 3418 4290 quomodo
3451 4220 3544 4270 ista
3567 4214 3720 4281 juttgi

2139 4327 2500 4390 componique
2536 4335 2752 4390 possent
2800 4321 2853 4372 in
2891 4317 3286 4388 bypostaticam
3324 4313 3604 4368 tmionem,
3638 4306 3720 4357 di-

2141 4417 2363 4470 dicisset
2393 4431 2656 4482 unquam,
2692 4429 2789 4465 nec
2829 4429 2929 4478 qua
2962 4411 3168 4462 ratione
3197 4414 3472 4471 assumpta
3507 4413 3721 4461 natura,

2141 4509 2443 4562 divinitatis
2483 4515 2628 4560 esset
2666 4505 2806 4558 facta
2845 4509 3153 4573 particeps,
3208 4517 3272 4552 ex
3311 4491 3722 4550 commentariis

2145 4611 2496 4662 sanctorum,
2544 4613 2665 4666 quze
2695 4595 2811 4649 sine
2853 4594 3186 4662 intelligendi
3217 4590 3396 4642 frui-tn
3459 4590 3722 4644 triverat,

2146 4691 2428 4760 percipere
2444 4689 2728 4758 potuisset,
2756 4690 2948 4740 docere
2966 4701 3025 4736 ar
3049 4683 3288 4752 pl'nlitel‘l
3315 4681 3489 4747 palam
3517 4674 3682 4740 ρωνίι
3707 4689 3720 4724 :

2153 4783 2550 4836 Humanitatem
2571 4779 2788 4842 Christi,
2818 4786 3008 4829 natura
3035 4774 3196 4844 fuisse
3219 4771 3541 4838 dei/iceram;
3573 4767 3724 4832 longe

458 4875 513 4928 in
547 4889 612 4927 eo
640 4875 858 4942 quidem
891 4873 1029 4926 ultra
1069 4874 1314 4928 veritatis
1337 4872 1619 4928 catholicae
1656 4889 1818 4944 gyros
1849 4885 2135 4946 evagatus.
2200 4875 2326 4928 llaec
2393 4890 2492 4928 nec
2544 4875 2794 4943 ignorare
2875 4888 2972 4924 nec
3027 4866 3372 4923 dissimulare
3440 4866 3727 4927 imperatur

457 4966 633 5032 potuit
664 4983 676 5016 :
715 4967 808 5018 sed
840 4965 1010 5017 errori
1050 4964 1150 5017 viri
1186 4964 1442 5029 celebris,
1502 4965 1702 5034 quippe
1739 4965 1949 5020 lubrico
1981 4969 2048 5020 ad
2084 4967 2164 5022 sui
2204 4966 2650 5036 propagationem
2677 4964 2850 5028 malo,
2883 4976 3033 5015 ratus
3057 4957 3449 5014 occurretnluttt
3489 4951 3728 5006 remedio

459 5072 566 5110 non
595 5057 742 5111 lento
769 5097 784 5121 ,
819 5057 980 5109 istum
1013 5057 1189 5124 ipsum
1221 5072 1401 5125 prava:
1453 5059 1712 5112 doctrinae
1752 5069 2032 5114 auctorem
2067 5061 2304 5114 accersit
2355 5077 2370 5114 :
2443 5060 2837 5130 objurgataqne
2891 5073 2996 5109 non
3047 5052 3415 5122 perfunctorie
3500 5046 3726 5102 audacia

460 5151 846 5218 iuipcritiaque
893 5149 1012 5218 ejus
1044 5189 1060 5215 ,
1117 5150 1300 5202 multis
1359 5151 1553 5205 deinde
1603 5166 1706 5220 qua
1746 5153 2074 5207 testimoniis
2133 5168 2234 5222 qua
2314 5153 2620 5206 rationibus
2648 5153 2802 5220 plane
2851 5147 3448 5216 convicitpervirarem
3482 5160 3496 5195 :
3532 5140 3724 5204 eique:

463 5245 507 5301 si
531 5246 735 5298 sentire
759 5251 964 5311 posset,
1003 5243 1288 5296 manifeste
1313 5245 1708 5298 den'ionstravit
1736 5245 1868 5314 quid
1898 5254 2044 5299 esset
2071 5246 2410 5316 bypostatica
2439 5247 2564 5300 unio
2597 5245 2756 5300 Verbi
2789 5261 2910 5298 cum
2954 5241 3333 5295 humanitate:
3404 5249 3513 5290 tum
3583 5248 3718 5302 qua-

465 5345 624 5390 tenus
643 5345 826 5405 etqua
861 5342 1073 5389 ratione
1112 5335 1254 5389 facta
1283 5345 1430 5390 esset
1487 5338 1911 5393 counnunicatio
1961 5341 2356 5408 proprietatum
2437 5341 2580 5395 inter
2642 5353 2870 5394 naturas
2911 5337 3099 5390 ambas
3149 5334 3426 5403 exposuit;
3496 5330 3728 5396 denique

464 5427 1047 5496 butnanitatema7o
1072 5435 1432 5496 assutnptam,
1472 5445 1578 5483 non
1618 5431 1802 5500 utique
1843 5439 2039 5484 natura
2080 5433 2322 5501 prepria,
2365 5433 2458 5486 sed
2506 5431 2679 5502 gratia
2714 5445 2963 5500 zsuperna
3035 5427 3202 5482 fuisse
3251 5425 3555 5478 deificatam
3629 5433 3724 5471 co-

464 5522 616 5593 piose
663 5521 1110 5590 docuit,superbo
1144 5520 1400 5578 haeretico
1469 5523 1814 5578 contumacia
1854 5539 1912 5579 se
1986 5524 2204 5578 interim
2259 5526 2566 5582 involvente
2624 5541 2756 5590 sua,
2807 5535 2864 5578 et
2930 5523 3063 5578 adeo
3119 5536 3222 5574 non
3293 5531 3486 5570 manus
3561 5515 3724 5568 dante

1533 5662 1740 5725 Varia)
1767 5664 2076 5726 lectiones
2109 5681 2195 5727 ex
2221 5664 2368 5727 cod.
2395 5664 2663 5727 Coislin.

543 5781 586 5812 ⁸²
620 5780 777 5839 Deest
804 5785 992 5840 vocula
1029 5785 1141 5842 οὖν.
1222 5788 1263 5820 ’³
1293 5789 1383 5846 τῆ.
1464 5785 1507 5819 ³⁵
1532 5786 1712 5846 τοῦτο.

470 5780 777 5916 6)';’;.Deest
804 5785 992 5840 vocula
1029 5785 1141 5842 οὖν.
1222 5788 1263 5820 ⁸³
1293 5789 1383 5859 τῇ.
1464 5785 1507 5819 “
1532 5786 1712 5846 τοῦτο.
1797 5787 1840 5822 ⁸³
1869 5788 2229 5862 ἐπαγόμενος.
2341 5792 2383 5824 ⁸⁸
2415 5789 2898 5862 διακεκριμμένος.
3009 5785 3050 5818 ⁸⁷
3077 5783 3388 5856 ἐμέμψατο.
3470 5781 3515 5814 ⁸⁸
3559 5775 3720 5848 στρέ-
