4112 6406
422 385 534 449 6'39
955 387 972 396 ’
1753 400 1983 465 ANN/E
2027 403 2407 467 COMNENKE
3603 410 3713 473 700

424 499 725 557 manifestae
753 504 990 572 veritati,
1025 516 1080 562 ut
1111 522 1169 564 se
1232 510 1295 562 ad
1329 510 1565 580 vincula,
1610 523 1898 581 tormenta,
1938 518 2328 574 mutilationem
2362 518 2740 589 perferendam
2787 521 3054 591 corporis,
3122 530 3284 591 atque
3340 520 3407 575 ad
3481 523 3710 591 quodvis

424 595 833 650 incommodum
869 600 1210 657 subeundum
1247 607 1661 673 paratissimum
1695 609 2013 664 ostenderet
2054 611 2234 680 potius
2263 628 2425 682 quam
2457 614 2641 669 utsibi
2668 615 2981 681 extorqueri
3010 624 3294 683 pateretur
3323 616 3375 669 id
3434 626 3520 668 aut
3575 632 3708 672 seu-

422 692 589 744 tieudi
619 700 759 758 apud
781 711 859 757 se,
906 707 996 750 attl
1022 701 1161 766 apud
1194 703 1330 756 alios
1358 705 1685 771 praedicandi
1711 706 2043 775 libertatem,
2079 708 2222 776 quod
2270 710 2509 776 proﬁteri
2543 721 2806 780 cmperat,
2836 724 3026 779 nempe
3074 710 3457 764 humanitatem
3513 709 3709 764 Christi

422 800 614 840 natura
647 787 812 856 fuisse
835 792 1156 860 dei/iratam.

500 882 667 935 Erant
728 894 841 938 tum
901 887 1371 959 Constantinopoli
1428 894 1652 951 At‘tneni
1707 900 2000 967 permulti,

2183 893 2309 964 Εἶχε
2340 897 2397 950 δὲ
2425 896 2546 949 τότε
2574 897 2670 950 καὶ
2700 896 2933 959 πολλοὺς
2966 897 3077 949 τῶν
3120 897 3427 966 ’Λρμενίων
3460 899 3493 968 ἡ
3530 912 3713 964 μεγα“

420 976 617 1040 quibus
652 981 718 1033 ad
740 996 846 1033 non
876 984 1177 1039 orthodoxe
1199 990 1541 1043 sentiendum
1560 996 1777 1060 pronis,
1812 1011 2008 1049 norunt

420 1072 487 1125 ad
521 1071 752 1135 idipsum
777 1073 1031 1139 impetum
1057 1089 1224 1145 atque
1249 1083 1664 1140 incitamentum
1690 1088 2012 1143 admovebat

417 1160 506 1214 hic
527 1159 700 1217 Nilus.
727 1163 858 1218 lude
876 1167 1192 1233 frequentes
1212 1174 1605 1230 collocutiones
1625 1196 1744 1232 cum
1774 1179 2010 1247 Tigrane

415 1253 510 1307 illo
540 1263 707 1322 atque
724 1259 953 1326 Arsace,
985 1265 1077 1331 qui
1115 1280 1224 1333 prae
1259 1270 1472 1323 cmteris
1495 1272 1743 1327 oratione
1778 1289 1843 1327 ac
1878 1289 2010 1329 con-

414 1348 707 1403 suetudine
733 1351 834 1405 Nili
860 1355 927 1407 ad
958 1354 1218 1410 nefariam
1242 1375 1409 1428 prave
1437 1364 1706 1417 sentiendi
1732 1365 2006 1421 licentiam

415 1442 903 1508 pertrahebantnr.
944 1447 1043 1502 Hic
1085 1450 1384 1520 imperator
1422 1457 1761 1522 pereuntium
1796 1459 2004 1513 anima-

418 1548 539 1587 rum
572 1536 799 1592 interitu
836 1552 1185 1606 commotus,
1237 1561 1377 1614 quas
1421 1548 1684 1617 plurimas
1722 1552 2009 1609 malesana

418 1625 683 1681 doctrina:
717 1629 940 1698 impune
977 1636 1250 1703 serpentis
1281 1642 1537 1706 contagio
1569 1644 1953 1709 corrumpebat
1988 1662 2005 1703 :

419 1714 656 1773 factione
688 1736 853 1788 prave
906 1728 1259 1784 sentientium
1291 1747 1356 1785 eo
1393 1733 1616 1789 ﬁrmiori
1671 1735 1810 1791 facta
1845 1749 2010 1806 atque

415 1809 483 1860 ad
514 1816 818 1868 nocendum
853 1818 1167 1885 valentiori,
1193 1827 1335 1889 quod
1368 1826 1538 1880 malas
1565 1843 1664 1895 per
1697 1844 1757 1885 se
1777 1831 2006 1887 seorsim

415 1902 521 1957 Nili
544 1914 595 1957 et
628 1905 989 1967 Armenorum
1017 1928 1215 1968 causas
1240 1916 1291 1969 in
1325 1934 1487 1971 unum
1514 1920 1846 1989 implicaSSet
1876 1939 2008 1979 con-

415 1995 712 2068 ﬂassetqne
751 2018 949 2072 corpus
1005 2012 1357 2077 prmpotentis
1412 2012 1523 2080 jam
1571 2028 1733 2073 sectze
1783 2034 1797 2072 :
1852 2022 2007 2085 cujus

417 2099 569 2144 tanta
601 2094 683 2147 vis
707 2107 825 2148 erat
855 2106 1019 2165 atque
1050 2105 1365 2169 auctoritas,
1402 2116 1462 2161 ul
1496 2112 1693 2177 passim
1729 2116 2006 2183 abrogatis

418 2186 807 2242 traditionibus
858 2191 1079 2247 Patrum
1113 2205 1392 2264 veterum,
1441 2202 1687 2258 doctrina
1736 2208 2001 2262 catholica

412 2275 482 2327 de
511 2277 711 2332 unione
748 2280 1083 2350 hypOs-tatira
1125 2288 1238 2342 fere
1272 2292 1634 2357 ignoraretur.
1671 2299 1845 2365 palam
1875 2316 2005 2358 vero

414 2383 547 2422 voce
575 2372 785 2425 sublata
837 2391 901 2429 ac
937 2378 1104 2434 libera
1148 2397 1469 2449 personaret
1521 2390 1745 2457 impium
1796 2392 2001 2448 dictum

411 2464 779 2517 asserentium
807 2483 818 2515 :
846 2463 1254 2524 Humanitatem
1279 2487 1606 2539 assumptum
1630 2487 1825 2532 natura
1845 2480 2006 2546 fuisse

410 2550 749 2619 dei/iratam,-
776 2556 911 2620 ham,
935 2559 1496 2632 iuquam,imperator
1521 2578 1845 2636 reputanset
1862 2582 2005 2626 tem-

410 2660 512 2713 pus
535 2660 656 2701 esse
687 2657 936 2705 statuens
964 2656 1311 2721 expediendae
1342 2661 1483 2727 opis,
1521 2662 1567 2714 si
1602 2679 1766 2732 quam
1807 2664 2006 2723 afferre

410 2748 618 2806 posset,
654 2741 721 2794 ad
758 2750 968 2797 tantum
999 2748 1319 2816 discrimen,
1373 2767 1573 2810 ruente
1632 2759 1881 2825 pernicie
1927 2761 2008 2816 si-

416 2832 640 2895 stenda,
681 2832 937 2889 Ecclesia:
986 2852 1239 2905 proceres
1272 2858 1433 2897 unam
1460 2845 1513 2898 in
1555 2848 1825 2916 synodum
1871 2865 2006 2905 con-

412 2934 594 2987 vocat,
629 2936 680 2979 ut
716 2927 935 2982 collatis
973 2932 1219 2987 consiliis
1246 2944 1413 3005 atque
1444 2940 1735 2996 sententiis
1764 2942 1830 2996 de
1862 2956 2004 3011 prae-

413 3018 552 3070 senti
584 3033 769 3073 rerum
803 3031 948 3075 Siﬂlll
981 3024 1359 3084 decernerent.
1394 3029 1663 3088 (Ζοιινεηίι
1704 3036 2004 3091 υΙΙῘῩΕΓςυΒ

409 3106 795 3176 episcoporum
830 3124 1007 3170 ctetus
1041 3133 1148 3170 una
1185 3135 1310 3174 cum
1349 3122 1467 3190 ipso
1494 3126 1805 3190 patriarcha
1841 3127 2007 3183 Nico-

412 3197 522 3254 lao.
546 3199 767 3256 Sistitnr
788 3219 974 3261 coram
998 3208 1107 3264 illis
1129 3210 1282 3267 Nilus
1307 3214 1360 3267 in
1386 3217 1564 3269 medio
1582 3233 1703 3271 cum
1722 3220 1997 3279 Armenia.

413 3291 869 3361 Ederejubentur
897 3299 964 3353 de
999 3301 1374 3360 incarnatione
1398 3305 1559 3363 Verbi
1589 3313 1714 3380 quid
1738 3315 1999 3371 sentiant.

409 3385 546 3439 Tum
602 3387 695 3443 ille
726 3390 1007 3458 improbus
1059 3399 1342 3465 superiora
1398 3401 1486 3456 illa
1538 3418 1659 3472 qua:
1709 3409 2001 3466 retulimus

407 3477 585 3545 palam
612 3483 866 3549 asseruit,
899 3482 1233 3554 impudentia
1261 3492 1394 3559 proli
1407 3495 1550 3548 tendi
1577 3498 1798 3552 errandi
1826 3512 1997 3555 teme-

2121 990 2361 1053 λὸπολις,
2435 984 2517 1051 οἷς
2567 989 2665 1057 τῆς
2724 988 2981 1052 ἀσεϐείας
3031 988 3368 1058 ὑπέκκαυμα
3429 992 3457 1042 6
3510 990 3713 1053 Νεῖλος

2121 1085 2329 1146 ἐκεῖνος
2352 1082 2588 1149 ἐγίνετο.
2664 1083 2951 1136 Ἐντεῦθεν
3001 1082 3273 1149 διαλέξεις
3323 1084 3365 1115 ¹⁹
3406 1100 3466 1136 τε
3513 1084 3714 1153 συχναὶ

2121 1179 2261 1247 πρὸς
2317 1182 2410 1233 τὸν
2464 1178 2750 1249 Τιγράνην
2810 1181 3021 1232 ἐκεῖνον
3085 1180 3180 1233 καὶ
3233 1178 3327 1233 τὸν
3405 1178 3709 1249 ’Δρσάκην,

2118 1270 2213 1335 οὓς
2245 1271 2508 1326 ἑπιπλέον
2534 1272 2602 1326 τὰ
2626 1271 2722 1325 τοῦ
2754 1272 2955 1326 Νείλου
2984 1272 3238 1342 δόγματα
3280 1272 3418 1342 πρὸς
3447 1271 3713 1325 ἀσέϐειαν

2116 1365 2361 1437 ἠρέθισε.
2425 1366 2490 1419 Τί
2555 1365 2619 1419 τὸ
2665 1364 2958 1432 ἑντεῦθενς
3011 1367 3123 1436 Τὴν
3179 1363 3437 1419 ἀσέϐειαν
3493 1364 3713 1417 πολλῶν

2117 1459 2529 1529 ἐπινεμομένην
2583 1459 2629 1492 ⁸ο
2672 1458 2854 1529 ψυχὰς
2897 1459 3042 1530 ὁρῶν
3097 1461 3127 1512 ό
3165 1457 3552 1529 αὐτοκράτωρ,
3613 1457 3713 1510 καὶ

2118 1551 2370 1621 ἀλλήλοις
2424 1552 2496 1607 τά
2537 1554 2634 1606 τοῦ
2682 1553 2879 1606 Νείλου
2910 1554 3006 1607 καὶ
3043 1553 3150 1604 τῶν
3216 1549 3526 1622 Ἀρμενίων
3578 1552 3705 1603 ἐπι-

2115 1645 2455 1714 πλεκόμενα,
2503 1647 2601 1702 καὶ
2651 1647 2940 1717 ἁπανταχῆ
2998 1646 3060 1699 τὸ
3093 1646 3275 1715 φύσει
3310 1642 3602 1713 ϐρωθῆναι
3640 1641 3708 1695 τὸ

2115 1743 2515 1809 πριῖσλημμα,
2596 1740 2829 1810 λαμπρᾷ
2885 1742 3037 1807 φωνῇ
3105 1738 3537 1807 κηρυττόμενον,
3580 1737 3709 1791 ἀθε-

2114 1833 2387 1898 τουμένας
2438 1848 2496 1883 τε
2543 1830 2643 1891 τάς
2676 1832 2786 1883 τῶν
2814 1832 2990 1895 ἀγίων
3026 1832 3289 1901 Πατέρων
3328 1832 3459 1900 περὶ
3508 1829 3705 1883 τούτου

2114 1924 2333 1993 γραφὰς
2364 1924 2462 1977 καὶ
2514 1925 2618 1992 τὴν
2649 1925 2775 1976 καθ’
2811 1925 3114 1978 ὑπόστασιν
3162 1924 3359 1977 ἕνωσιν
3400 1923 3706 1992 ἀγνοουμέ-

2115 2033 2213 2087 νην
2247 2015 2457 2086 σχεδὺν,
2495 2018 2695 2087 στῆσαι
2736 2018 2839 2087 τὴν
2890 2018 3098 2087 σφόδρα
3151 2015 3246 2070 τοῦ
3293 2015 3465 2069 κακοῦ
3520 2015 3706 2085 ῥύμην

2118 2109 2428 2181 βουληθεὶς,
2460 2112 2587 2175 τοὺς
2638 2112 2739 2178 τῆς
2801 2111 3134 2182 Ἑκκλησίας
3182 2111 3427 2179 λογάδας
3465 2127 3706 2178 συναγα-

2114 2205 2251 2270 γὼν,
2278 2203 2497 2258 σύνοδον
2530 2205 2661 2274 περὶ
2699 2204 2926 2268 τούτους
2981 2205 3243 2274 γενέσθαι
3268 2207 3422 2276 κοινῇ
3447 2204 3707 2257 συνεσκέ-

2044 2265 2288 2365 Βιῐιιαντο
2344 2297 2406 2352 ¹¹.
2468 2298 2580 2351 Καὶ
2637 2298 2825 2367 παρῆν
2878 2297 3191 2368 τηνικαῦτα
3253 2297 3402 2352 ἀπαν
3466 2298 3528 2350 τὸ
3592 2296 3704 2348 τῶν

2110 2390 2420 2463 ἀρχιερέων
2468 2392 2748 2462 πλήρωμα
2793 2392 2890 2445 καὶ
2938 2391 3105 2454 αὐτὸς
3156 2393 3184 2444 ὁ
3220 2390 3567 2460 πατριάρχης
3601 2389 3693 2441 Νι-

2110 2483 2306 2546 κόλαος
2336 2500 2351 2515 ·
2387 2483 2484 2536 καὶ
2508 2486 2537 2537 6
2575 2483 2770 2547 Νεῖλος
2821 2485 2902 2545 είς
2942 2483 3005 2536 τὸ
3050 2484 3214 2553 μέσον
3250 2482 3390 2553 μετά
3419 2482 3529 2535 τῶν
3577 2481 3704 2550 Ἀρ-

2113 2573 2315 2642 μενίων
2352 2575 2563 2629 ἵστατο.
2600 2575 2712 2627 Καὶ
2754 2574 2823 2628 τὰ
2867 2575 3061 2629 τούτου
3100 2575 3540 2629 ἀνεκαλύπτοντο
3568 2576 3694 2642 δόγ-

2113 2683 2283 2736 ματα.
2345 2668 2456 2720 Καὶ
2506 2667 2567 2728 ὃς
2609 2667 2842 2739 λαμπρᾷ
2892 2671 2958 2739 τῇ
3008 2672 3160 2739 φωνῇ
3198 2668 3375 2722 ταῦτα
3426 2668 3697 2728 ἐδίδασκε,

2110 2762 2204 2815 καὶ
2258 2761 2495 2830 ίσχυρῶς
2560 2760 2740 2814 αὐτῶν
2791 2762 2880 2815 διὰ
2943 2762 3212 2816 πλειόνων
3269 2762 3577 2833 ἀντείχετο.
3632 2762 3700 2814 Τί

2106 2856 2168 2907 τὸ
2222 2853 2516 2920 ὲντεῦθενς
2593 2854 2660 2906 'H
2722 2856 2944 2918 σύνοδος
2993 2856 3082 2909 ἵνα
3140 2855 3353 2909 πολλῶν
3410 2853 3699 2927 ἀπαλλάξῃ

2106 2946 2289 3017 ψυχὰς
2334 2947 2434 3017 τῆς
2485 2947 2895 3020 διεφθαρμένης
2960 2949 3129 3002 αὐτοῦ
3188 2948 3436 3019 διδαχῆς,
3491 2949 3698 3017 αἰωνίῳ

2105 3037 2297 3089 τοῦτον
2339 3037 2729 3092 καθυπέὸαλεν
2778 3040 3093 3109 ἀναθέματι
3133 3039 3272 3109 (85),
3309 3040 3406 3093 καὶ
3438 3038 3539 3107 τὴν
3572 3038 3695 3091 καθ’

2107 3130 2408 3183 ὑπόστασιν
2435 3129 2635 3183 ἕνωσιν
2674 3129 2817 3184 κατά
2855 3130 2955 3194 τὰς
2996 3126 3108 3183 τῶν
3148 3130 3320 3197 ἀγίων
3362 3128 3695 3199 παραδόσεις

2104 3223 2520 3294 ἐμφανέστερον
2581 3223 2910 3294 ἀνεκήρυξε.
2949 3223 3108 3278 Μετά
3144 3222 3337 3276 τοῦτον
3393 3223 3424 3292 ἢ
3486 3221 3688 3292 μᾶλλον

2103 3314 2283 3367 εἰπεῖν
2342 3315 2440 3367 σὺν
2470 3312 2646 3383 τούτῳ
2692 3316 2788 3367 καὶ
2840 3312 3214 3385 Βλαχερνίτης
3272 3313 3678 3382 δεδημοσίευτο,

2103 3406 2277 3476 ἀσεϐῆ
2324 3406 2417 3460 καὶ
2468 3405 2681 3475 ἔκφυλα
2732 3407 2833 3477 τῆς
2904 3407 3240 3478 Ἐκκλησίας
3296 3405 3535 3478 φρονῶν,
3576 3404 3684 3457 κᾶν

2105 3499 2408 3568 ίερωμένος
2462 3494 2553 3571 ἦν.
2618 3499 3065 3563 Ἐνθουσιασταῖς
3109 3499 3223 3569 (86)
3277 3500 3388 3569 γάρ
3420 3497 3691 3568 ὁμιλήσας

410 3571 626 3627 ritatem
657 3576 976 3646 atlaequante
1017 3597 1032 3636 :
1062 3583 1198 3637 adeo
1230 3594 1290 3638 ut
1318 3587 1478 3641 etiam
1520 3591 1772 3656 pluribus
1816 3596 2000 3650 verbis

2106 3591 2201 3644 καὶ
2234 3590 2336 3661 τῆς
2366 3590 2575 3644 τούτων
2614 3590 2798 3663 λύμης
2836 3591 3150 3663 μετασχὼν,
3196 3592 3430 3655 πολλοὺς
3471 3591 3529 3644 δὲ
3570 3590 3694 3656 ἑξα-

407 3671 657 3721 estruere
706 3671 849 3724 ntale
898 3672 1109 3739 prolata
1141 3688 1451 3735 conaretur.
1489 3680 1547 3736 In
1598 3690 1901 3742 sententias
1940 3701 1998 3744 ut

405 3757 602 3811 deinde
636 3759 771 3813 itum
803 3772 887 3816 est
908 3767 1148 3834 synodus
1188 3770 1323 3825 satis
1363 3784 1641 3842 comperta
1674 3776 1775 3831 Nili
1809 3790 2002 3835 centu-

406 3849 605 3917 macia,
645 3866 712 3905 ne
737 3853 856 3908 lues
880 3859 1130 3925 corrupti
1163 3862 1393 3915 membri
1430 3864 1496 3917 ad
1521 3882 1783 3923 sanorum
1816 3875 2003 3940 perni-

406 3945 548 3997 ciem
579 3956 847 4013 serperet,
897 3960 1223 4017 perpetuum
1273 3954 1324 4006 in
1353 3956 1528 4024 ipsum
1562 3960 1708 4013 velut
1730 3965 1998 4021 damnatae

404 4035 669 4089 doctrina:
707 4039 1042 4106 pertinacem
1090 4052 1424 4100 assertorem
1465 4051 1750 4106 anathema
1785 4057 2001 4112 concla-

406 4126 601 4192 mavit,
634 4130 892 4185 unionem
919 4148 1051 4189 vero
1080 4135 1477 4206 hypostaticam
1506 4141 1659 4210 juxta
1682 4156 1995 4205 sanctorum

406 4218 740 4276 traditiones
777 4225 1125 4283 manilestius
1158 4231 1601 4304 explicatiusque
1656 4241 1993 4308 praedicavit.

416 4311 546 4365 Post
598 4314 741 4370 hunc
794 4325 888 4371 aut
935 4321 1117 4387 potius
1148 4336 1272 4377 cum
1332 4326 1435 4380 hoc
1468 4330 1754 4387 damnatus
1784 4342 1837 4387 et
1872 4334 1999 4389 Bla-

404 4401 659 4459 cbernita
689 4417 810 4473 est,
871 4410 1036 4476 impia
1087 4424 1140 4468 et
1163 4415 1281 4482 ipse
1316 4417 1601 4490 alienaque
1652 4426 1720 4479 ab
1757 4426 1995 4485 Ecclesia

402 4497 672 4565 sentiens,
692 4515 1006 4571 quanquam
1026 4510 1284 4562 sacerdos
1312 4522 1453 4564 erat.
1476 4513 1572 4567 Hic
1597 4521 1996 4577 consuetudine

402 4586 881 4649 Enthusiastarum
906 4597 991 4654 lue
1016 4613 1319 4666 contracta,
1347 4621 1508 4674 quam
1546 4608 1599 4661 in
1632 4612 1837 4668 multos
1859 4615 1994 4670 alios

399 4681 642 4740 fallendo
691 4692 1064 4759 propagabat,
1119 4697 1354 4750 occultis
1412 4700 1560 4753 velut
1620 4704 1888 4761 cuniculis
1939 4709 1990 4761 in

405 4788 633 4842 magnas
672 4777 864 4832 domos
897 4796 958 4835 se
994 4784 1275 4839 insinuans
1307 4798 1361 4840 et
1394 4789 1560 4860 impia
1590 4792 1706 4847 illic
1739 4796 1993 4864 dogmata

404 4869 779 4939 promulgatis,
808 4874 1007 4938 sepius
1034 4875 1103 4929 ab
1147 4878 1479 4947 imperatore
1514 4886 1815 4941 accersitus
1836 4929 1851 4954 ,
1880 4907 1995 4943 mo-

2103 3683 2318 3748 πατῶν,
2354 3685 2451 3737 καὶ
2482 3685 2730 3755 μεγάλας
2763 3685 2872 3739 τῶν
2898 3686 2944 3717 ²¹
2989 3686 3048 3738 ὲν
3092 3687 3159 3756 τῇ
3211 3683 3578 3755 μεγαλοπόλει
3611 3684 3694 3736 oi-

2104 3776 2231 3839 κίας
2293 3776 2641 3847 ὑπορύττων,
2675 3778 2773 3831 καὶ
2813 3777 3153 3849 παραδιδοὺς
3188 3779 3259 3831 τὰ
3292 3778 3391 3846 τῆς
3432 3776 3694 3841 ἀσεϐείας

2101 3865 2369 3935 δόγματα,
2422 3868 2545 3921 ἐπεὶ
2596 3868 2771 3921 πολλὰ
2863 3867 3131 3931 πολλάκις
3185 3869 3694 3938 μεταπεμπόμενος

2102 3958 2198 4010 καὶ
2258 3958 2652 4028 διδασκόμενος
2710 3959 2864 4031 παρά
2918 3960 3013 4014 τοῦ
3069 3960 3517 4032 αὐτοκράτορος,
3580 3961 3693 4012 οὐδ’

2101 4048 2241 4112 ὅλως
2299 4051 2400 4121 τῆς
2449 4051 2660 4115 οἰκείας
2719 4052 3045 4119 κακοδοξίας
3080 4053 3370 4123 ἀφίστατο,
3426 4057 3495 4123 τῇ
3565 4053 3693 4106 Ἐκ·

2103 4142 2305 4217 κλησίᾳ
2369 4146 2466 4197 καὶ
2519 4145 2713 4198 τοῦτον
2778 4147 2806 4199 6
2875 4146 3244 4217 αὐτοκράτωρ
3297 4145 3688 4218 παρέπεμψεν.

2101 4237 2164 4288 Οἱ
2231 4236 2287 4289 δὲ
2342 4236 2439 4291 ἐπὶ
2500 4236 2666 4289 πλέον
2715 4235 2907 4290 τοῦτον
2975 4237 3354 4304 ἐξετάσαντες,
3422 4239 3498 4302 ὡς
3556 4240 3692 4309 ἀμε-

2100 4329 2332 4383 τάθετον
2390 4329 2484 4382 καὶ
2547 4329 2708 4383 αὐτοὶ
2778 4328 3130 4398 ἐγνώκεσαν,
3199 4332 3365 4384 αὐτόν
3425 4349 3484 4385 τε
3555 4335 3689 4384 aio)-

2098 4426 2197 4495 νίῳ
2225 4426 2533 4496 ἀναθέματι
2559 4426 2656 4479 καὶ
2689 4426 2759 4480 τά
2791 4424 2987 4479 τούτου
3038 4425 3290 4496 δόγματα
3324 4423 3682 4478 καθυπέϐαλ-

2098 4519 2211 4575 λον.
2244 4518 2402 4573 Οὖτω
2440 4520 2540 4589 μὲν
2559 4514 2652 4573 οὖν
2678 4518 2869 4589 ὥσπερ
2908 4536 2997 4583 τις
3044 4517 3254 4587 ἀγαθὸς
3289 4517 3636 4587 κυδερνήτης
3662 4518 3689 4566 ό

2097 4612 2462 4683 αὐτοκράτωρ
2489 4614 2591 4676 τὰς
2612 4611 3060 4682 ἀλλεπαλλήλους
3126 4612 3237 4665 τῶν
3270 4611 3534 4680 κυμάτων
3563 4611 3686 4661 ἐπι-

2095 4704 2303 4775 δρομὰς
2336 4704 2524 4779 ῶσπερ
2549 4706 2970 4775 διανηξάμενος,
3005 4706 3103 4759 καὶ
3127 4704 3330 4775 πολλὴν
3363 4702 3686 4757 ἀποκλυσά-

2101 4816 2262 4868 μενος
2309 4798 2488 4871 ἅλμην
2555 4801 2657 4870 τῆς
2710 4801 3060 4868 οἰκουμένης,
3117 4800 3213 4853 καὶ
3269 4800 3335 4853 τὰ
3388 4799 3531 4852 κατά
3588 4795 3686 4866 τὴν

2110 4891 2443 4962 Ἐκκλησίαν
2474 4892 2535 4946 εὖ
2567 4893 2906 4964 διαθέμενος,
2939 4892 3030 4945 ἐπ’
3054 4892 3190 4947 ἄλλα
3215 4893 3284 4945 τά
3310 4891 3473 4945 πάλιν
3502 4891 3548 4921 ³³
3583 4907 3685 4942 πε-

402 4955 549 5010 nitus
593 4961 928 5030 eductosque
960 4965 1139 5021 fuerat
1169 4985 1334 5038 quam
1356 4985 1567 5025 erraret
1590 4977 1940 5036 vehementer
1972 5000 1985 5036 :

2106 4984 2239 5053 λάγη
2275 4950 2532 5054 πολέμων
2564 4987 2658 5039 καὶ
2686 4950 2939 5055 θορύῦων
2967 4984 3258 5052 ἐπάγεται·
3288 4984 3375 5037 ἀεὶ
3424 4984 3532 5052 γὰρ
3563 4981 3685 5033 ἕτε-

400 5044 469 5098 ad
512 5058 822 5104 extremum
857 5068 978 5107 cum
1021 5072 1049 5109 a
1089 5059 1373 5125 complexu
1421 5077 1672 5117 errorum
1699 5069 1854 5121 avelli
1884 5086 1986 5125 non

402 5149 585 5205 posset
617 5144 701 5194 ad.
742 5144 1039 5205 Ecclesiam
1095 5150 1329 5217 delatus,
1378 5163 1433 5207 et
1485 5157 1552 5208 ab
1609 5159 1768 5228 hujus
1803 5163 1976 5230 ipsius

400 5237 591 5305 synodi
626 5238 879 5297 Pati-ibus
905 5248 1247 5303 examinatus
1280 5263 1559 5317 accurate,
1595 5256 1683 5309 ubi
1716 5257 1982 5311 obﬁrma-

2096 5091 2188 5145 ρον
2215 5074 2306 5144 ὑφ’
2338 5075 2527 5146 ἐτέρου
2561 5075 2911 5144 προσίστατο,
2941 5077 3037 5128 καὶ
3058 5074 3326 5139 Θάλασσα,
3366 5073 3550 5141 φασὶν,
3589 5073 3682 5124 ἐπὶ

2094 5165 2341 5238 θαλάσσῃ
2373 5168 2468 5218 καὶ
2523 5167 2770 5234 ποταμὸς
2799 5166 2987 5219 κακῶν
3011 5168 3102 5219 ἐπὶ
3137 5165 3392 5234 ποταμῷ,
3427 5163 3502 5226 ὡς
3557 5159 3681 5232 μηδ’

2096 5260 2355 5312 ἀναπνεῖν
2399 5261 2517 5328 ὲᾷν,
2555 5258 2615 5311 τὸ
2650 5259 2697 5290 ’⁸
2725 5258 2821 5311 τοῦ
2886 5259 3073 5328 λόγου,
3104 5260 3195 5313 τὸν
3232 5256 3507 5329 ᾞασιλέα,
3550 5253 3680 5325 μηδ’

1441 5368 1638 5429 Variae
1668 5369 1977 5435 lectiones
2022 5394 2095 5439 ex
2139 5380 2281 5440 cod.
2328 5376 2594 5438 Cnislin.

473 5453 517 5489 ¹⁹
540 5455 829 5524 διατάξεις.
907 5463 952 5494 ³ο
980 5465 1413 5537 ἐπινεμομένων.
1493 5472 1535 5502 ²⁸
1572 5472 1966 5544 συνεσκέψατο.

2115 5482 2232 5542 τάς.
2312 5480 2356 5510 ’³
2386 5479 2535 5531 [locst
2587 5496 2686 5532 vox
2726 5480 2903 5536 πάλιν.
2983 5478 3029 5509 ¹”
3059 5482 3113 5531 ὲν
3138 5476 3309 5544 αὐτῷ.

1482 5612 1618 5674 Cur.
1660 5612 1988 5677 Dufresnii
2012 5618 2108 5678 Du
2143 5619 2364 5698 Congii
2397 5630 2589 5683 noue.

484 5722 597 5803 (κε)
657 5726 1489 5803 Καθιεπέσαλενξᾼάναθέματι.
1552 5736 1832 5792 Recitator
1876 5740 1977 5794 Nili

403 5795 1006 5873 Ana-thetnalisornsex
1080 5795 1342 5856 Ecclesia-
1379 5804 1587 5873 (ἔντερα,
1637 5810 1723 5865 die
1780 5810 1979 5864 Ortho-

412 5864 582 5918 doxim
618 5882 794 5933 sacro,
828 5870 1131 5941 legiturque
1157 5873 1210 5928 in
1241 5873 1480 5931 'l'riodio.

2163 5740 2275 5811 (86)
2323 5742 2842 5807 Ἐνθουσιαστηῑς.
2873 5741 2974 5807 Qui
3017 5753 3069 5794 et
3120 5742 3365 5811 Εύχῖττι,
3410 5750 3454 5789 ιιι
3495 5733 3661 5801 Bria-

2091 5811 2257 5880 μιλοι,
2285 5812 2347 5867 de
2375 5814 2570 5882 quibus
2595 5818 2657 5867 ad
2702 5815 2793 5867 lib.
2823 5829 2909 5868 xv.
