4112 6418
408 361 515 424 705

1688 355 2100 422 ALEXIADIS
2145 356 2288 418 LIB.
2339 358 2414 418 Χ.

3578 359 3684 422 7C6

405 480 486 540 εἰς
521 475 616 530 τον
649 477 1056 548 πατριαρχικον
1113 475 1514 544 ἀναϐεϐηκέναι
1555 475 1741 544 θρόνον
1807 473 1988 525 ἐπινε-

2099 469 2321 522 clisurns
2362 469 2478 523 sive.
2535 468 2770 524 claustra
2825 469 3004 542 lingua
3056 470 3296 542 vulgaris
3349 474 3573 539 vocitat,
3625 484 3685 531 ut

408 568 631 637 μήσεως
669 567 1134 637 παριππευοὺσης
1165 567 1420 634 ἑϐδόμης,
1447 564 1597 626 ἔτους
1637 562 1823 631 ’φιβ’
1863 563 2003 630 μετὰ

406 658 506 726 τὴν
541 658 882 728 Εὑστρατιου
919 658 1016 710 τοῦ
1080 658 1283 727 Γαρέδα
1326 656 1709 726 παραίτησιν).
1755 657 1842 707 Ἑν
1876 651 2003 708 δυσ).

403 747 462 799 δὲ’
500 746 754 808 πυκτίοις
812 744 923 815 (90)
960 747 1060 812 τὴν
1119 744 1465 814 ἐπερώτησιν
1501 745 1630 814 περὶ
1668 742 1792 803 τοῦ.
1844 744 2002 795 είδεί

405 837 768 904 ἐξεληλυθότα
818 839 934 900 τοῖς
983 838 1261 907 Κομάνοις
1316 836 1667 904 ἐπιθέσθαιῆ
1711 837 1806 905 μὴ,
1841 837 2000 905 ἐνσ-η-

413 929 732 1000 μηνάμενος
776 929 822 960 ³⁸
853 928 930 998 τῷ
962 929 1246 999 κορυφαίῳ
1298 931 1518 982 πάντων
1557 927 2002 995 παρεκελεύσατο

409 1022 746 1074 καταθέσθαι
787 1023 866 1084 είς
903 1024 1001 1092 τὴν
1038 1022 1192 1093 ἱερὰν
1249 1023 1558 1091 τράπεζαν.
1618 1021 1896 1090 Παννύχου
1943 1020 2001 1072 δὲ

403 1117 504 1183 τῆς
533 1113 809 1183 ὑμνῳδίαις
841 1113 1174 1184 τελουμένης
1208 1115 1348 1167 κατὰ
1379 1114 1439 1166 τὸ
1476 1113 1806 1183 περίορθρον
1835 1113 2002 1183 εῐσει·

417 1224 502 1259 σιν
529 1207 555 1257 ό
577 1204 872 1271 τεθεικὼς,
920 1207 1017 1259 καὶ
1049 1205 1490 1271 άναλαμϐάνεται
1525 1206 1616 1258 τὸν
1655 1207 1883 1275 χάρτην,
1908 1208 2002 1261 καὶ

406 1295 692 1364 ἐξαγαγὼν
724 1297 820 1349 καὶ
857 1296 1026 1360 λύσας
1055 1297 1286 1351 ἐνώπιον
1322 1299 1540 1352 πάντων
1566 1299 1998 1368 ὐπανεγίνωσκε.

407 1390 480 1442 Τὸ
515 1389 799 1456 ἐνδόσιμον
831 1389 924 1442 οὖν
953 1391 1162 1443 ἐκεῖθεν
1210 1390 1402 1460 ὥσπερ
1451 1393 1514 1446 ἐκ
1550 1392 1699 1456 θείας
1755 1394 1937 1464 ὀμφῆς
1972 1393 2001 1446 ὁ

406 1480 772 1549 αὐτοκράτωρ
802 1479 1014 1545 λαϐὼν,
1046 1479 1167 1542 ὅλος
1192 1481 1433 1548 ἐγεγόνει
1464 1481 1565 1549 τῆς
1615 1483 1996 1553 ἐκστρατείας·

405 1572 500 1624 καὶ
534 1571 623 1623 διὰ
659 1571 890 1641 γραφῶν
933 1572 1308 1642 ἁπανταχόθεν
1361 1573 1678 1627 ἀνεκαλεῖτο
1728 1575 1788 1628 τὸ
1830 1576 1996 1644 στράο

402 1685 599 1736 τευμα.
645 1667 842 1729 Καλῶς
889 1667 1072 1721 τοίνυν
1097 1670 1689 1738 παρασκευασάμενος,
1726 1673 1822 1738 τῆς
1853 1669 1991 1721 κατὰ

336 1787 342 1791 -
403 1759 513 1811 τῶν
547 1760 812 1829 Κομάνων
853 1760 972 1813 ὁδοῦ
1004 1761 1208 1830 εἴχετο.
1237 1761 1422 1813 ’Ἄπαν
1461 1760 1552 1814 οὖν
1587 1763 1645 1813 τί)
1677 1764 1993 1831 στράτευμα

408 1851 926 1922 μετακαλεσάμενος
956 1853 1051 1905 καὶ
1083 1851 1410 1904 καταλαϐὼν
1436 1852 1534 1923 τὴν
1567 1852 1874 1922 Ἀγχίαλον,
1904 1853 1993 1905 τὸν

409 1945 508 2012 μὲν
547 1945 678 1996 ἴδιον
741 1946 992 2014 γαμϐρὸν
1053 1945 1167 2014 (9|)
1223 1946 1478 2017 Καίσαρα
1545 1945 1859 2016 Νικηφόρον
1903 1947 1994 2001 τὸν

405 2033 744 2102 Μελισσηνδν
769 2035 862 2108 καὶ
893 2035 984 2087 τὸν
1019 2036 1392 2105 Παλαιολόγον
1438 2037 1745 2108 Γεὼργιον,
1777 2039 1872 2090 καὶ
1899 2039 1992 2090 τὸν

407 2127 721 2194 ἀδελφιῖοῦν
771 2127 882 2198 (9:2)
935 2129 1099 2181 αὑτοῦ
1175 2130 1433 2200 Ἰωάννην
1495 2131 1588 2184 τὸν
1673 2132 1992 2203 Ταρωνίτην

410 2219 912 2290 μεταπεμψάμενος
945 2223 1024 2282 εἰς
1053 2222 1264 2291 Βερόην
1307 2223 1608 2291 ἐκπέμπει,
1656 2217 1801 2290 inﬁt?)
1855 2227 1991 2278 ἐπα-

410 2315 672 2384 γρυπνεῖν
707 2315 802 2365 καὶ
835 2313 1140 2381 ἀσφάλειαν
1165 2316 1335 2384 αὐτῆς
1370 2333 1428 2368 τε
1460 2317 1554 2368 καὶ
1586 2317 1695 2370 τῶν
1722 2335 1993 2387 παρακειο

411 2405 587 2474 μένων
632 2405 768 2475 αὐτῇ
843 2406 1144 2460 ποιεῖσθαι.
1203 2408 1344 2470 Τοὺς
1403 2407 1460 2460 δέ
1491 2426 1554 2476 γε
1612 2409 1833 2473 λοιποὺς
1885 2411 1991 2462 τῶν

407 2497 700 2567 ἐκκρίτων,
741 2497 929 2551 διελὼν
991 2500 1059 2550 τὰ
1116 2499 1508 2569 στρατεύματα
1562 2502 1658 2553 καὶ
1715 2502 1990 2570 ἡγεμόνας

408 2586 618 2639 τούτων
672 2589 870 2651 αὐτοὺς
943 2593 1300 2654 καταστήσας
1360 2591 1453 2643 τὸν
1499 2593 1841 2663 Δαϐατηνὸν,
1900 2593 1990 2645 τὸν

406 2679 766 2748 Εὖφορϐηνὸν
798 2679 1097 2751 Γεὼργιον,
1134 2685 1227 2734 καὶ
1261 2684 1675 2738 Κωνσταντῖνον
1699 2685 1791 2737 τὸν
1839 2686 1992 2754 Οὐμ-

407 2767 802 2837 περτόπουλον,
843 2771 922 2832 είς
967 2772 1222 2842 φυλακὴν
1257 2773 1369 2826 τῶν
1394 2775 1524 2843 περὶ
1552 2775 1642 2826 τὸν
1675 2774 1843 2842 ζυγὸν
1870 2775 1991 2828 δια-

408 2858 683 2928 κειμένων
707 2859 1048 2932 κλεισουρῶν
1073 2863 1466 2929 ἐκπέπομφεν.
1536 2865 1780 2919 Ἐκεῖθεν
1805 2866 1859 2918 δὲ
1892 2866 1990 2936 τὴν

2105 562 2364 623 diximus,
2405 562 2667 628 praesidiis
2698 564 3114 630 praeoccupavit.
3166 563 3302 618 Cum
3353 577 3534 621 autem
3589 568 3688 622 ali-

2106 665 2308 722 quanto
2358 664 2481 722 post
2542 663 2804 722 tempore.
2856 665 2976 723 apta
3023 655 3185 725 273
3247 659 3686 721 expeditionibus

2107 753 2460 812 tempestate,
2511 745 2561 796 in
2613 743 2924 810 adjarentes
2976 745 3117 798 Istro
3175 750 3426 814 regiones
3475 752 3686 803 venisse

2106 834 2468 887 Cumanorum
2525 836 2821 888 exercitum
2884 851 2988 888 uua
3034 852 3154 889 cum
3209 836 3687 902 Pseudo-[iiogene

2104 925 2392 979 didicisset
2449 927 2770 993 imperator,
2836 930 3137 995 pracipuos
3199 928 3364 982 duces
3415 931 3715 985 exercitus-

2105 1028 2482 1085 coguatosque
2513 1033 2576 1071 ac
2609 1020 2954 1072 necessarios
2989 1035 3116 1072 suos
3162 1034 3354 1074 onmes
3397 1032 3683 1088 convocat,

2105 1120 2227 1158 cum
2267 1108 2441 1174 iisque
2479 1108 2765 1175 deliberat,
2827 1111 3019 1178 ecquid
3067 1112 3120 1164 in
3155 1127 3442 1165 occursum
3491 1113 3687 1166 Conta-

2109 1215 2298 1252 norum
2335 1201 2554 1265 prodire
2581 1217 2702 1254 cum
2735 1203 2980 1255 exercitu
3018 1219 3047 1256 e
3072 1220 3128 1258 re
3159 1203 3318 1258 foret.
3347 1204 3688 1274 Negantil'us

2104 1289 2384 1350 Omnibus,
2429 1305 2550 1342 cum
2591 1290 2895 1359 Augustum
2947 1294 3268 1345 verecundia
3321 1309 3426 1347 non
3479 1295 3686 1347 sineret

2104 1394 2256 1434 suam
2304 1382 2468 1436 unius
2503 1383 2657 1451 sequi
2707 1383 3063 1448 sententiam,
3108 1383 3216 1437 Deo
3263 1387 3684 1452 permitti-nium

2105 1471 2184 1524 rei
2215 1471 2504 1525 arbitrium
2553 1474 2782 1540 putavit.
2837 1473 3076 1527 Ducibus
3119 1474 3286 1543 igitur
3336 1490 3398 1526 ac
3451 1477 3686 1528 tribunis

2102 1564 2588 1634 sacerdotibusque
2612 1565 2775 1619 simul
2809 1567 3078 1618 universis
3112 1568 3176 1617 ad
3208 1581 3267 1620 se
3297 1567 3518 1630 vocatis,
3560 1583 3683 1620 cum

2105 1657 2168 1710 iis
2199 1671 2420 1724 vespere
2449 1660 2514 1710 ad
2553 1656 2799 1726 Magnam
2850 1658 2939 1709 Dei
3010 1657 3293 1710 ecclesiam
3347 1673 3404 1712 se
3451 1659 3683 1725 confert,

2101 1747 2412 1816 patriarcha
2446 1747 2560 1817 ipso
2595 1759 2863 1816 praesente
2887 1748 3117 1802 Nicolao
3148 1750 3295 1818 (nam
3350 1749 3395 1802 is
3445 1751 3683 1819 patriar-

2096 1837 2309 1891 cbicum
2341 1840 2451 1907 jam
2486 1841 2737 1894 thronum
2763 1843 3109 1906 ascenderat,
3131 1841 3428 1895 indictione
3453 1843 3679 1912 septima

2099 1929 2227 1981 anni
2263 1930 2436 1983 sexies
2475 1929 2745 1985 millesimi
2777 1935 3163 1988 sexcentesimi
3205 1934 3542 2002 nonagesimi
3595 1949 3685 1989 se-

2096 2022 2282 2088 cundi,
2337 2029 2458 2091 post
2513 2022 2772 2077 Eustratii
2828 2024 3040 2080 Garidze
3095 2026 3540 2091 abdicationem).
3607 2025 3682 2080 lbi

2095 2114 2431 2184 descriptam
2492 2115 2546 2169 in
2611 2117 2822 2170 duabus
2891 2119 3093 2173 tabulis
3158 2119 3681 2189 interrogationem,

2096 2207 2473 2276 prodeundum
2507 2209 2718 2261 obviam
2751 2209 3034 2274 Comanis,
3064 2226 3130 2264 an
3161 2211 3305 2264 domi
3354 2212 3682 2267 manendum

2094 2297 2273 2353 esset?
2303 2300 2546 2353 omnium
2577 2295 2866 2372 coryphan
2899 2303 3064 2355 tradit
3096 2319 3258 2372 supra
3295 2318 3506 2358 sacram
3533 2320 3686 2359 men-

2095 2409 2212 2448 sam
2254 2393 2633 2463 deponendam
2661 2413 2675 2460 ;
2705 2396 2829 2449 inde
2856 2405 2966 2449 tota
3011 2405 3169 2451 nocte
3221 2410 3321 2466 per
3372 2397 3680 2465 religiosam

2097 2484 2444 2556 bymnodiam
2475 2489 2751 2553 traducta,
2799 2487 3039 2542 diluculo
3067 2489 3336 2543 accedens
3383 2489 3471 2556 qui
3515 2489 3682 2559 depo-

2100 2585 2287 2629 suerat
2313 2575 2556 2629 chartam
2589 2577 2806 2652 recipit,
2849 2577 3193 2646 delatumque
3237 2595 3301 2633 ac
3351 2580 3680 2650 resignatam

2095 2679 2279 2720 coram
2313 2669 2566 2722 omnibus
2601 2668 2748 2735 legit.
2777 2669 2927 2734 Quod
2965 2670 3246 2724 recitatum
3273 2681 3353 2724 est
3389 2688 3491 2724 nou
3521 2671 3681 2725 aliter

2093 2773 2254 2827 quam
2286 2760 2469 2814 divino
2502 2760 2704 2814 editum
2737 2760 2961 2814 oraculo
2990 2760 3290 2829 imperator
3313 2762 3589 2831 accipiens
3617 2776 3676 2817 se

2098 2861 2267 2905 totum
2302 2852 2634 2920 expeditioni
2678 2869 2840 2922 quam
2876 2853 3015 2906 Dens
3055 2855 3319 2907 suadebat
3351 2855 3681 2922 apparanda:

407 2949 728 3023 Χορταρέαν
753 2954 1079 3006 καταλαϐὼν
1115 2955 1432 3026 (κλεισούρα
1463 2959 1517 3010 δὲ
1556 2959 1646 3010 τοῦ
1685 2959 1851 3026 ζυγοῦ
1897 2961 1992 3011 οὐ·

2104 2944 2273 2999 dcdit.
2327 2942 2559 2998 Litteris
2621 2945 2785 3014 igitur
2841 2961 3278 3016 quoquoversum
3311 2946 3452 3000 datis
3492 2948 3681 3016 copias

406 3040 543 3092 τωσί
583 3059 698 3103 πως
749 3043 1175 3114 ὀνομαζομένη),
1222 3046 1315 3098 τὸν
1363 3048 1482 3099 ὅλον
1521 3046 1740 3117 περιῄει
1801 3047 1988 3115 ζυγὸν,

407 3132 931 3202 κατασκεπτόμενος
983 3135 1028 3186 εἰ
1079 3137 1254 3188 πάντα
1283 3137 1350 3190 τὰ
1393 3137 1586 3207 πρώην
1650 3137 1780 3207 παρ’
1825 3139 1990 3191 αὐτοῦ

407 3222 771 3291 ἐντεταλμένα
809 3225 858 3277 oi
892 3226 992 3296 τὴν
1014 3230 1222 3280 τούτων
1251 3229 1569 3298 οἰκονομίαν
1596 3229 1989 3300 ἀναδεξάμενοι

407 3311 779 3378 τετελέκασιν,
812 3316 906 3367 καὶ
935 3316 987 3369 εἴ
1024 3335 1078 3369 τι
1127 3318 1384 3387 ἡμιτελὲς
1414 3319 1445 3387 ἢ
1496 3320 1671 3373 ἐνδέον
1710 3323 1844 3385 ἐστὶ,
1895 3322 1990 3374 κα).

410 3401 570 3456 τοῦτο
624 3405 1143 3474 ἐπανορθώσασθαι,
1175 3409 1249 3472 ὠς
1295 3412 1370 3482 μὴ
1405 3411 1604 3482 ῥαδίως
1645 3412 1843 3477 ἐξεῖναι
1879 3418 1990 3478 τοῖς

414 3492 689 3562 Κομάνοις
717 3496 973 3554 διελθεῖν.
1031 3500 1214 3555 Πάντα
1251 3500 1383 3569 γοῦν
1446 3505 1832 3574 οἰκονομήσας,
1865 3503 1988 3578 κᾷθ’

417 3582 578 3648 οὕτως
611 3587 824 3641 ἐκεῖθεν
855 3590 1227 3661 ὑποστρέψας,
1256 3593 1386 3659 περὶ
1411 3593 1508 3663 τὴν
1535 3595 1684 3663 ἱερὰν
1717 3595 1988 3666 καλουμέ-

411 3691 507 3745 νην
542 3677 743 3746 λίμνην
779 3679 892 3751 (93)
923 3681 1017 3734 τὸν
1041 3682 1261 3753 χάρακα
1291 3684 1557 3753 ἐπήξατο,
1611 3689 1709 3755 τῆς
1765 3687 1988 3756 Ἀγχιά-

409 3767 502 3822 λου
538 3770 712 3840 άγχοῦ
775 3772 1152 3844 διακειμένην.
1203 3775 1417 3840 Νυκτὸς
1473 3777 1528 3830 δὲ
1591 3778 1989 3844 καταλαϐόντος

411 3860 672 3916 Πουδίλοο
703 3863 848 3928 τινὸς
910 3867 1170 3936 ἐκκρίτου
1205 3867 1315 3920 τῶν
1343 3869 1570 3939 Βλάχων
1610 3871 1707 3924 καὶ
1746 3873 1846 3940 τὴν
1880 3872 1988 3926 τῶν

409 3954 687 4022 Κομάνων
718 3955 807 4009 διὰ
841 3957 935 4010 τοῦ
987 3960 1302 4023 Δανούϐεως
1351 3962 1746 4032 διαπεραίωσιν
1806 3965 1988 4034 ἀπαγ-

412 4045 716 4110 γείλαντος,
760 4048 881 4101 δέον
923 4051 1136 4121 ἔκρινεν
1200 4053 1552 4122 αὑγαζούσης
1613 4055 1712 4126 τῆς
1769 4056 1988 4126 ἡμέρας

415 4139 932 4210 μετακαλεσάμενος
978 4146 1106 4207 τοὺς
1141 4146 1428 4215 ἐκκρίτους
1462 4149 1572 4200 τῶν
1623 4150 1900 4216 συγγενῶν
1925 4165 1986 4201 τε

413 4231 511 4282 καὶ
548 4233 841 4301 ἡγεμόνων
871 4233 1270 4304 βουλεύσασθαι
1295 4239 1322 4290 ὅ
1342 4255 1395 4290 τι
1413 4238 1493 4291 δεῖ
1513 4241 1707 4292 ποιεῖν.
1745 4239 1902 4293 Ἐπεὶ
1931 4238 1986 4291 δὲ

2102 3037 2344 3106 undique
2381 3036 2698 3102 contrahit;
2734 3038 3049 3106 paratisque
3081 3039 3216 3092 satis
3262 3041 3514 3094 omnibus
3566 3042 3682 3110 ipse

2098 3128 2419 3182 Anchialum
2453 3130 2740 3197 procedit,
2790 3128 3004 3184 Caesare
3038 3130 3340 3200 Nicephoro
3391 3131 3680 3188 Melisse-to

2104 3232 2158 3276 et
2195 3222 2498 3288 Palaeologo
2539 3222 2792 3291 Georgio,
2841 3238 2938 3277 nec
2995 3238 3099 3276 non
3151 3222 3268 3290 ejus
3317 3225 3522 3278 sororis
3570 3226 3681 3279 lilio

2097 3315 2311 3369 Joanne
2340 3313 2597 3368 Taronita
2636 3313 2844 3368 Beroen
2877 3314 3139 3378 dimissis,
3186 3325 3243 3367 ut
3294 3317 3545 3383 praesidio
3594 3332 3684 3370 εδ·-

2097 3417 2215 3460 sent
2249 3418 2359 3461 tum
2408 3407 2483 3460 illi
2537 3407 2680 3470 urbi,
2734 3416 2844 3458 tum
2895 3405 3304 3474 circumpositis
3343 3406 3676 3474 regionibus.

2097 3497 2173 3552 Ex
2207 3499 2416 3552 caeteris
2445 3511 2570 3550 vero
2603 3497 2830 3551 ducibus
2865 3505 2976 3550 tres
3048 3498 3172 3551 item
3231 3497 3448 3566 delegit,
3497 3499 3679 3554 Daba-

2098 3598 2303 3654 tenum,
2335 3587 2755 3655 Euphorbcnum
2791 3586 3111 3656 Georgium,
3163 3598 3217 3640 et
3259 3589 3679 3644 Constantinum

2098 3680 2549 3749 Utnpertopulum
2581 3719 2596 3744 ,
2658 3694 2796 3750 quos
2857 3680 3072 3734 traditis
3123 3682 3412 3749 unicuique
3466 3682 3682 3738 idoneis

2097 3774 2268 3843 copiis
2297 3774 2360 3826 ad
2393 3771 2695 3826 custodiam
2751 3771 2998 3826 mitteret
3038 3782 3389 3838 angustarum
3438 3773 3676 3828 l'aucimn

2095 3881 2215 3934 qua:
2239 3867 2382 3920 circa
2416 3862 2611 3934 Jugum
2648 3863 2887 3931 praebere
2913 3865 3119 3916 aditum
3155 3864 3405 3918 hostibus
3436 3879 3675 3933 possent.

2102 3957 2220 4014 Una
2252 3973 2318 4010 ex
2357 3957 2424 4011 iis
2460 3955 2699 4020 cIisuris,
2735 3955 2848 4008 sive
2878 3954 3122 4023 angustis
3158 3954 3407 4017 vallibus,
3447 3955 3678 4009 Chorta-

2096 4056 2190 4105 rea
2227 4047 2432 4102 dicitur
2463 4048 2528 4100 ad
2563 4060 2724 4114 quam
2755 4045 2870 4114 ipse
2907 4044 3172 4113 processit
3220 4044 3539 4113 imperator,
3590 4045 3679 4097 ἰη-

2096 4143 2269 4212 deque
2319 4145 2631 4194 universum
2678 4138 2869 4192 obiens
2920 4136 3170 4190 lustravit
3214 4135 3438 4206 Jugum,
3489 4137 3678 4191 sedulo

2096 4236 2408 4304 explorans,
2443 4247 2511 4284 an
2555 4245 2691 4299 quos
2738 4231 2805 4283 ad
2837 4229 3096 4283 excubias
3145 4231 3484 4284 occultorum
3535 4229 3680 4298 ejus-

413 4322 493 4385 εἰς
517 4323 616 4393 τὴν
661 4325 946 4396 Ἀγχίαλον
977 4328 1180 4392 πάντες
1210 4331 1619 4401 παραγενέσθαι
1653 4331 1762 4384 δεῖν
1779 4330 1987 4400 ἔλεγον,

2099 4326 2242 4382 modi
2285 4333 2561 4379 meatuum
2595 4321 2754 4375 modo
2785 4321 3030 4384 miserat,
3057 4321 3379 4377 demandata
3430 4321 3676 4376 custodia

1438 4447 1639 4509 Varias
1681 4445 1999 4510 lectiones
2042 4462 2120 4508 ex
2159 4441 2300 4506 cod.
2335 4435 2598 4501 Coislin.

488 4536 534 4568 “
560 4538 1035 4612 ἐνσημανάμενος.

491 4733 602 4802 (90)
653 4735 756 4787 Ἐν
787 4731 931 4786 δυσὶ
967 4731 1264 4798 πυκτίοις.
1319 4731 1851 4802 Στοιχειομαντείας,
1899 4747 1994 4786 seu

417 4801 595 4871 potius
628 4802 893 4856 illusionis
947 4805 1179 4872 species,
1219 4816 1342 4872 qua
1396 4818 1551 4872 usus,
1584 4801 1829 4863 Alexius,
1889 4817 1998 4870 quo

417 4891 524 4928 non
560 4882 667 4926 tam
704 4873 832 4936 sibi,
871 4871 1030 4939 quain
1068 4871 1283 4940 populis
1313 4882 1364 4925 et
1399 4871 1634 4928 subditis
1667 4872 1992 4938 imponeret,

419 4944 882 5012 persuaderetque
911 4943 1114 5010 justam
1150 4942 1398 5012 ineunda:
1450 4942 1815 5012 expeditionis
1876 4955 1997 4995 esse

419 5011 666 5074 causam,
705 5021 755 5067 et
791 5013 1112 5075 titubantes,
1147 5011 1459 5080 fractosque
1519 5011 1792 5079 prioribus
1841 5012 1995 5066 bellis

422 5083 649 5135 militum
682 5081 896 5135 animos
938 5081 1203 5144 ﬁrmaret,
1236 5081 1616 5150 erigeretque;
1660 5096 1820 5148 quam
1865 5096 1988 5132 rur-

420 5169 541 5206 sum
579 5162 753 5203 artem
791 5151 1038 5207 adhibuit
1066 5152 1206 5204 bello
1229 5161 1416 5206 contra
1449 5151 1685 5212 Tureos,
1710 5153 1784 5203 uti
1825 5151 1990 5204 tradit

421 5228 596 5283 Anna,
627 5221 718 5274 lib.
763 5237 850 5284 xv,
892 5237 945 5290 p.
980 5221 1103 5274 471.
1146 5221 1408 5290 Certeex
1439 5221 1559 5276 Vita
1603 5219 1661 5274 S.
1695 5221 1890 5272 Aniaui
1923 5222 1990 5273 ab

421 5294 666 5346 Huberto
694 5291 861 5353 edita,
889 5289 1008 5345 eam
1039 5289 1389 5360 exploranda:
1449 5292 1643 5344 divina:
1695 5290 1992 5360 voluntatis

424 5363 687 5417 rationem
713 5359 870 5427 longe
900 5371 1058 5413 antea
1085 5358 1387 5414 obtinuisse
1412 5360 1690 5415 docemur.
1719 5358 1818 5414 Ubi
1849 5362 1992 5413 enim

425 5435 494 5486 de
531 5432 772 5499 ejusdem
835 5431 1011 5484 sancti
1069 5429 1121 5483 in
1181 5430 1492 5499 episcopum
1552 5429 1996 5485 Aurelianensem

424 5498 689 5555 electione
719 5500 918 5567 agitur,
953 5503 1066 5553 haec
1093 5501 1356 5553 habentur
1389 5515 1401 5551 :
1438 5498 1604 5569 Atque
1640 5508 1696 5552 ut
1745 5499 1800 5553 id
1829 5501 1997 5569 ipsum

425 5573 614 5624 divina:
657 5571 925 5622 elecn’onis
972 5569 1301 5632 claresceret,
1347 5585 1462 5621 cum
1506 5568 1813 5622 triduanum
1857 5568 2001 5638 jeju-

430 5643 578 5695 nium
610 5656 749 5694 more
779 5640 1134 5693 ecclesiastico
1177 5639 1473 5702 indixisset,
1499 5641 1736 5692 brevibus
1767 5648 1816 5692 et
1848 5639 1998 5692 libris

431 5727 583 5778 super
639 5709 810 5762 altare
839 5711 1047 5774 positis,
1099 5710 1319 5764 necdum
1373 5709 1669 5777 loquentem
1719 5710 1997 5778 parvulum

434 5781 616 5845 afferri
645 5781 908 5845 ut-tecenit,
948 5791 997 5834 ut
1031 5781 1140 5848 ipse
1168 5779 1337 5834 brevia
1378 5780 1443 5832 ab
1489 5779 1648 5833 altari
1680 5779 1996 5833 sublevaret.

1488 4629 1625 4690 Car.
1664 4628 1989 4690 Dufresnii
2021 4629 2120 4688 Du
2151 4625 2372 4703 Cangii
2407 4629 2597 4684 notre.

2102 4727 2249 4782 Tunc
2297 4727 2501 4780 Christi
2559 4737 2806 4790 aperaule
2858 4729 3068 4788 virtute,
3110 4743 3230 4781 cum
3269 4743 3399 4791 puer
3457 4745 3675 4785 manum

2099 4798 2404 4866 subjecisset
2437 4797 2622 4861 altari,
2664 4813 2786 4851 mea:
2822 4809 2878 4852 ut
2932 4799 3078 4850 breve
3127 4801 3314 4867 tetigit,
3363 4816 3462 4852 vox
3490 4803 3674 4854 incon-

2099 4879 2249 4921 sueta
2281 4867 2489 4919 nouella
2517 4868 2672 4920 verba
2699 4870 2952 4934 prodidit,
2984 4878 3212 4935 tetesque
3240 4871 3430 4936 populo
3460 4871 3672 4936 procla-

2098 4938 2258 4990 mavit
2291 4951 2310 4988 :
2347 4955 2364 4987 ι
2392 4939 2653 5002 Atrianus,
2687 4939 2951 5003 Anianus,
2985 4939 3226 4993 Atrianus
3262 4941 3418 4992 istius
3449 4941 3676 4996 civitatis

2099 5023 2130 5058 α
2164 5008 2268 5059 Deo
2297 5007 2538 5074 pontifex
2581 5017 2657 5060 est
2690 5008 2984 5062 institutus.
3027 5025 3046 5059 ι
3088 5006 3218 5064 Vide
3245 5010 3412 5064 Notas
3440 5014 3508 5064 ad
3538 5011 3676 5064 Cin-

2097 5077 2241 5129 nami
2275 5092 2328 5145 p.
2365 5077 2486 5129 1‘22.

2168 5147 2278 5268 (ξέ)
2322 5145 2512 5200 ἰδιον
2537 5148 2822 5216 γαμϐρόν.
2862 5148 3080 5202 Sororis
3115 5151 3393 5215 maritum,
3428 5160 3486 5204 ut
3511 5165 3675 5220 supra

2169 5286 2281 5357 (9‘2)
2314 5284 2734 5357 ᾎδελφιδοῦν.
2766 5285 3031 5344 Joannem
3097 5287 3410 5342 Taronitam
3436 5330 3452 5354 ,
3506 5289 3674 5342 tilium

2099 5354 2379 5412 Michaelis
2403 5354 2696 5422 Taronitaa,
2731 5358 2823 5428 qui
2855 5374 2978 5412 cum
3015 5358 3438 5428 Humliertopulo
3494 5359 3676 5411 rebel-

2097 5429 2328 5486 lat-erat,
2361 5430 2561 5494 quique
2611 5428 2785 5482 Alexii
2844 5443 3090 5482 sororem
3140 5445 3363 5481 uxorem
3422 5430 3673 5481 duxerat.

2096 5501 2270 5566 Atque
2301 5511 2364 5549 ex
2389 5496 2499 5550 hoc
2530 5497 2646 5550 loco
2679 5496 2998 5552 Michaelem
3057 5507 3108 5550 et
3163 5499 3673 5566 Huiubertopulnm,

2097 5565 2291 5634 φησι)
2317 5568 2745 5633 conjurationem
2795 5567 2958 5621 istam
3015 5569 3066 5620 in
3108 5567 3356 5620 exsilium
3396 5569 3500 5619 acti
3559 5565 3676 5620 t'ue—

2100 5649 2242 5694 rant.
2281 5645 2562 5690 revocatos
2600 5639 2878 5704 conjicere
2897 5647 3000 5690 est.
3036 5635 3168 5688 Vide
3203 5652 3254 5703 p.
3289 5635 3415 5689 564.

2173 5706 2283 5776 (95)
2335 5704 2488 5776 Ἱερὰ
2519 5703 2730 5775 λίμνη.
2791 5705 2953 5760 Juxta
2985 5707 3351 5776 Anchialum;
3389 5705 3473 5757 illa
3541 5703 3679 5761 forte

2099 5774 2308 5845 deiqua
2344 5774 2593 5845 Plinius,
2621 5777 2718 5831 lib.
2748 5792 2821 5842 tv,
2851 5791 2972 5846 cap.
3009 5775 3096 5842 ll,
3130 5777 3291 5830 hodie
3315 5774 3604 5845 Stagnara.
