4112 6402
467 336 585 405 711'

1771 329 2002 393 ΑΝΝΑΞ
2039 322 2423 390 COMNENA!

3625 309 3735 375 712
3774 279 3778 282 ⁴

468 456 638 510 suun,
691 444 849 517 cujus
899 430 1004 499 iste
1063 440 1260 499 nebulo
1314 454 1375 497 se
1425 437 1630 510 prolem
1662 438 2042 503 mentiebatur,

2158 434 2215 487 δέ
2248 446 2314 499 γε
2360 424 2717 498 ψευδώνυμος
2765 420 3025 477 τοσοῦτον
3081 417 3618 492 ἁπηναισχύντησεν,
3660 421 3737 484 ὡς

471 538 833 592 admiratione
862 546 1080 603 captum
1116 535 1388 588 virtutum
1436 530 1676 602 Bryenii,
1732 544 1892 600 quem
1950 543 2053 583 nec

472 632 655 698 parvis
688 644 785 681 nec
833 628 1011 681 dubiis
1064 623 1457 692 experimentis
1503 630 1849 684 compererat
1894 619 2054 688 longe

471 722 714 773 omnium
752 721 1034 787 prudentia
1067 726 1231 782 atque
1275 715 1490 786 ingenio
1519 714 1686 785 276
1718 730 1749 782 p
1782 712 2055 767 testantis-

473 813 696 876 simum,
731 822 881 864 recto
911 811 1237 877 sinceroque
1267 808 1446 860 animo
1487 806 1683 870 virum,
1723 819 1965 858 veracem
1996 805 2050 857 in

470 919 746 967 sermone,
780 904 831 955 in
863 902 1009 955 omni
1051 902 1175 953 vita:
1208 916 1304 953 usu
1339 910 1503 968 atque
1547 897 1724 952 cilicio
1759 899 2048 952 candidum

473 997 690 1065 fncique
739 1010 802 1048 ac
850 994 1218 1047 simulationis
1267 1001 1582 1060 expertem,
1621 990 1906 1046 aﬂectasse
1945 988 2049 1044 sibi

471 1092 761 1158 adjuugere
794 1087 1198 1142 necessitudine
1226 1102 1390 1155 quam
1424 1086 1760 1147 aretissima,
1791 1095 1845 1138 et
1878 1084 2053 1152 ipsius

470 1180 614 1234 baud
662 1193 805 1247 aegre
853 1179 1149 1232 accedente
1196 1192 1464 1231 consensu
1513 1183 1854 1229 contractam
1914 1175 2053 1227 inter

469 1272 621 1339 ipsos
658 1282 899 1323 mutuam
937 1268 1213 1338 quandam
1247 1266 1625 1335 germanitatis
1652 1265 2000 1333 adeptionem
2033 1280 2048 1317 :

469 1364 625 1433 cujus
680 1362 804 1431 jure
864 1361 1061 1431 planus
1116 1359 1216 1413 iste
1271 1356 1576 1411 Romanum
1632 1354 1946 1425 Diogenem,
2006 1353 2050 1408 si

470 1456 651 1525 placet
684 1455 923 1520 superis,
957 1452 1288 1522 agnoscebat
1339 1460 1621 1519 patruum,
1653 1457 1708 1501 ct
1752 1461 1815 1501 ea
1854 1446 2050 1501 fiduria

466 1546 822 1601 inetnnbebat
881 1546 934 1599 in
997 1544 1284 1600 consilium
1343 1540 1729 1609 Adrianopolis
1782 1539 2048 1607 petendae.

468 1636 608 1691 Sunt
646 1636 871 1691 Barbari
903 1651 1093 1690 omnes
1126 1636 1262 1690 levis
1298 1634 1680 1702 instabilisqtte
1713 1633 1930 1695 mentis,
1969 1631 2053 1683 in-

467 1725 642 1794 deque
673 1727 737 1778 ad
778 1725 1002 1794 quasvis
1031 1725 1343 1779 suasionum
1375 1725 1521 1776 vices
1561 1721 1793 1775 naturali
1819 1721 2049 1787 quadam

2155 525 2254 577 καὶ
2286 523 2432 576 θεῖον
2463 518 2553 573 ἐπ’
2603 515 2864 586 ἀληθείας
2890 513 3082 568 τοῦτον
3122 512 3538 582 κατονομάζειν.
3580 511 3737 565 Οὕτω

2156 616 2256 686 μὲν
2302 611 2399 666 οὖν
2454 611 2526 664 τά
2580 609 2676 663 τοῦ
2732 607 3093 677 ψευδωνύμου
3144 606 3516 675 τεχνάσματα.
3568 605 3634 657 Ol
3679 604 3737 657 δὲ

2153 709 2410 777 Κομάνοι
2442 704 2515 767 ὡς
2552 702 2833 773 Βάρΰαροι
2861 700 2922 753 τὸ
2953 703 3156 769 κοῦφον
3184 702 3276 751 καὶ
3324 697 3735 768 εὖμετάὸλητον

2154 800 2385 869 φυσικόν
2433 816 2487 851 τι
2549 795 3025 867 παρακολούθημα.
3074 792 3406 863 κεκτημένοι
3459 790 3739 845 πείθονται

2151 896 2267 952 τοῖς
2298 890 2463 944 αὐτοῦ
2494 890 2706 956 λόγοις,
2743 890 2836 942 καὶ
2858 887 3376 956 καταλαμϐάνοντες
3404 883 3504 955 τὴν
3552 884 3735 955 Ἀδρι-

2152 985 2452 1038 ανούπολιν
2506 983 2709 1047 ἔξωθεν
2760 983 2859 1051 τῆς
2915 982 3127 1043 πόλεως
3175 979 3381 1050 ταύτης
3418 980 3735 1049 ηὐλίσαντο,

2152 1077 2249 1130 ἐπὶ
2280 1074 2697 1146 τεσσαράκοντα
2769 1074 2865 1127 καὶ
2903 1071 3047 1125 ὀκτὼ
3096 1073 3335 1143 ἡμέραις
3388 1070 3739 1140 καθεκάστην

2154 1170 2409 1238 πολέμων
2433 1171 2955 1240 συγκροτουμένων.
2993 1167 3105 1219 Καὶ
3133 1166 3242 1235 γὰρ
3275 1166 3324 1217 oi
3358 1164 3619 1230 νεώτεροι
3640 1164 3735 1217 καὶ

2153 1264 2292 1333 προς
2344 1262 2588 1331 πόλεμον
2660 1260 3030 1328 σφαδάζοντες
3087 1256 3211 1311 καθ’
3256 1258 3472 1327 ἡμέραν
3520 1255 3734 1326 ἐξερχό-

2157 1371 2332 1425 μενοι,
2388 1352 2662 1423 πολέμους
2736 1350 2966 1421 συχνοὺς
3042 1349 3180 1419 μετά
3241 1348 3347 1400 τῶν
3428 1346 3732 1417 Βαρδὰρων

2155 1447 2542 1515 συνεκρότουν.
2575 1445 2890 1516 Νικηφόρος
2920 1445 2948 1496 ὁ
2987 1442 3277 1511 Βρυέννιος
3312 1442 3435 1493 ἐπεὶ
3470 1440 3720 1494 κάτωθεν

2153 1538 2307 1608 παρὰ
2329 1536 2424 1591 τοῦ
2441 1536 2801 1607 ψευδωνύμου
2830 1537 3099 1605 ἐζητεῖτο,
3121 1534 3396 1602 πυργόθεν
3424 1529 3734 1603 προκύψας,

2152 1632 2254 1685 ὅσα
2292 1647 2354 1698 γε
2383 1632 2490 1683 ἀπὸ
2553 1630 2652 1700 τῆς
2685 1628 2878 1697 φωνῆς
2929 1626 3024 1680 τοῦ
3073 1625 3269 1696 ἀνδρὸς
3303 1622 3739 1702 τεκμαιρόμενος

2154 1723 2308 1791 ἔλεγε
2347 1724 2483 1793 μήτε
2513 1723 2629 1775 υἱὸν
2663 1720 2827 1775 αὐτὸν
2867 1719 3263 1789 ἐπιγινώσκειν
3315 1714 3605 1780 Ῥωμανοῦ
3635 1710 3733 1765 τοῦ

468 1791 809 1887 proprietate
828 1818 1144 1872 mobilitatis
1190 1815 1448 1886 expositi.
1503 1813 1811 1883 Magniflcis
1865 1813 2042 1880 itaque

2154 1816 2463 1884 Διογένους,
2521 1814 2617 1869 τοῦ
2684 1816 2746 1868 ὲκ
2803 1812 3183 1885 προαιρέσεως
3267 1807 3497 1876 ἀδελφοῦ
3568 1803 3736 1860 αὐτοῦ

470 1911 969 1980 Paculla-Diogenis
1022 1910 1371 1965 sermonibus
1427 1907 1568 1961 haud
1628 1920 1772 1977 πει-θ
1828 1904 2042 1974 impulsi

2154 1908 2605 1980 χρηματίσαντος
2658 1909 2735 1971 ὡς
2781 1907 3002 1976 εἴρηται
3071 1906 3233 1959 ὁποῖα
3280 1903 3425 1972 φιλεί
3472 1900 3738 1962 πολλάκις

466 2004 692 2059 Comani
725 2002 1149 2072 proficiscuntur
1183 2000 1615 2069 Adrianopolim,
1666 2006 1720 2052 et
1766 2007 1920 2051 extra
1973 1997 2042 2050 ei‘

2150 2000 2421 2064 γίνεσθαι,
2464 2002 2560 2053 καὶ
2585 2001 2669 2054 ὅτι
2704 2002 2730 2054 ὁ
2753 2000 2841 2052 ἐπ’
2876 1998 3110 2074 ἀληθείᾳ.
3144 1997 3259 2059 υἱὸς
3287 1994 3456 2049 αὑτοῦ
3492 1994 3574 2055 εἰς
3612 1995 3734 2044 Ἂν·

467 2095 701 2147 vitatum
729 2104 911 2147 castra
952 2093 1153 2146 locant.
1191 2090 1492 2161 Pugnatum
1539 2089 1610 2143 ibi
1665 2098 1746 2142 est
1776 2087 2042 2143 continuis

2152 2092 2398 2160 τιόχειαν
2433 2089 2697 2161 ἀνῃρέθη.
2733 2090 2921 2142 Ταῦτα
2949 2088 3119 2142 εἰπὼν
3174 2083 3295 2157 μετ’
3330 2083 3596 2155 αἰσχύνης
3644 2083 3736 2135 τὸν

466 2185 662 2241 diebus
691 2197 815 2240 octo
849 2201 1011 2254 supra
1062 2184 1443 2253 quadraginta.
1475 2180 1743 2236 Juventus
1784 2178 1929 2233 enim
1969 2179 2042 2232 ci-

2157 2182 2462 2254 ὐποκριτὴν
2520 2181 2908 2253 ἀπεπέμψατο.

467 2278 653 2334 vitatis
703 2279 822 2348 ejus
871 2278 1088 2348 egregie
1150 2291 1365 2346 pugnax
1421 2273 1627 2328 nullum
1687 2273 1831 2328 diem
1890 2271 2044 2327 abire
2077 2274 2413 2343 patiebatur,
2471 2277 2652 2345 quoad
2737 2275 2846 2329 illic
2904 2272 3198 2329 substitere
3264 2270 3512 2334 Comani,

464 2384 811 2443 erumperet,
870 2387 1217 2441 pugnamque
1272 2385 1396 2424 cum
1449 2366 1520 2423 iis
1581 2376 1920 2421 consereret.
1981 2364 2053 2419 At
2123 2363 2462 2435 Nicephorus
2528 2367 2795 2438 Bryenius
2847 2367 3054 2421 nuntiis
3109 2366 3464 2436 pseudonymi
3512 2368 3734 2417 vocatus

464 2463 521 2518 in
554 2480 756 2533 partes,
808 2466 874 2518 ad
924 2465 1259 2534 colloquium
1309 2462 1610 2517 consensit.
1645 2457 2046 2528 Proferensque
2071 2471 2236 2531 caput
2270 2476 2302 2515 e
2359 2461 2621 2516 mmnium
2686 2470 2857 2523 turre,
2921 2460 3009 2513 ubi
3037 2473 3225 2513 vocem
3276 2458 3588 2529 itupOsloris
3635 2473 3734 2510 au-

463 2559 620 2622 divit,
649 2560 828 2614 fassus
856 2558 1076 2629 quidem
1110 2569 1196 2613 est
1218 2573 1278 2612 se
1305 2557 1606 2611 fraternam
1640 2569 1764 2609 cum
1843 2555 2090 2624 Augusto
2134 2556 2373 2625 DiOgene
2432 2557 2557 2610 dum
2607 2556 2816 2611 viveret
2869 2552 3181 2609 afﬁnitatem
3258 2555 3511 2618 coluisse,
3567 2551 3733 2605 filium

464 2666 681 2721 quoque
716 2653 833 2723 ejus
889 2651 1148 2721 przeelare
1193 2650 1296 2705 sibi
1355 2657 1411 2704 et
1467 2658 1653 2703 nolunt
1706 2656 1764 2701 et
1816 2646 2044 2701 cbarum
2074 2651 2251 2717 quoad
2282 2648 2888 2720 superfuitexstitisse;
2929 2664 3053 2703 nam
3117 2647 3165 2703 ls
3213 2645 3345 2717 quin
3412 2647 3554 2712 apud
3616 2646 3733 2699 Au-

464 2744 723 2801 tioehiam
758 2744 1073 2799 interfectus
1103 2745 1198 2807 sit,
1233 2742 1440 2797 nullum
1469 2757 1591 2797 esse
1633 2743 1881 2797 dubium.
1930 2742 2182 2813 Improbe
2257 2742 2426 2811 igitur
2468 2752 2650 2812 'atque
2727 2743 3071 2812 impudenter
3139 2756 3299 2811 agere
3347 2757 3470 2797 eum
3529 2741 3619 2808 qui
3674 2756 3734 2795 se

463 2836 854 2904 alloqueretur,
878 2834 1228 2889 manifestum
1252 2834 1559 2889 invasorem
1578 2832 1742 2889 alieni
1772 2834 2035 2890 nominis.
2086 2834 2219 2890 Cum
2245 2835 2330 2890 bis
2351 2837 2636 2891 confusum
2666 2833 3056 2903 explosumque
3106 2845 3454 2905 personatum
3505 2834 3730 2888 mimum

3605 2269 3734 2335 quin

464 2933 798 2988 amendavit.

534 3027 669 3082 Cum
701 3041 832 3081 vero
866 3026 919 3079 in
951 3036 1060 3081 tam
1112 3025 1333 3093 longum
1377 3034 1590 3096 tempus
1635 3031 2042 3099 oppugnatione

463 3119 796 3188 procedente
828 3120 1063 3173 arctiora
1094 3117 1236 3188 apud
1288 3118 1546 3173 obsessos
1590 3120 1771 3174 omnia
1824 3120 2038 3183 tierent,

463 3211 684 3279 scriptis
733 3210 767 3262 ii
819 3210 885 3263 ad
935 3209 1321 3279 imperatorem
1361 3211 1561 3264 litteris
1609 3212 1808 3264 auxilia
1858 3222 2044 3280 petere

462 3301 641 3355 coacti
674 3311 824 3355 sunt.
871 3299 918 3354 Is
945 3300 1219 3369 extemplo
1273 3302 1494 3356 mandat
1535 3301 1892 3359 Constantino
1942 3303 2044 3356 Eu-

462 3390 744 3459 phorbeno
776 3399 833 3443 ut
862 3388 1069 3445 selecto
1097 3388 1201 3444 sibi
1238 3404 1302 3443 ex
1336 3391 1505 3459 copiis
1537 3392 1798 3445 comitum
1821 3393 1911 3461 qui
1942 3391 2043 3446 sub

462 3482 582 3549 ipso
612 3491 773 3535 erant
806 3481 1005 3536 idoneo
1042 3495 1274 3535 numero
1324 3481 1546 3536 fortium
1599 3482 1830 3537 militum
1876 3491 2041 3538 noctu

460 3573 873 3643 Adrianopolim
906 3573 1287 3643 ingrederetur
1338 3587 1436 3641 per
1489 3588 1610 3628 eam
1662 3585 1872 3642 partem
1917 3589 2043 3645 qua

459 3663 885 3719 Calathadorum
923 3664 1145 3720 dicitur.
1199 3663 1391 3718 Paruit
1437 3662 1733 3732 Catacalo;
1790 3666 2043 3734 viamque

462 3755 751 3810 cenfestim
808 3759 1086 3824 ingressus
1130 3771 1251 3824 quae
1283 3756 1435 3811 dueit
1490 3755 1828 3812 Orestiadem
1885 3756 2042 3811 festi-

461 3849 624 3901 nabat
683 3863 778 3915 spe
835 3848 1036 3916 optima
1093 3846 1315 3901 fallendi
1367 3846 1663 3914 Comanos,
1725 3857 1779 3902 et
1815 3848 1884 3904 iis
1934 3862 2038 3902 non

460 3938 878 3993 advertentibus
913 3938 967 3991 in
1004 3938 1193 3992 urbem
1225 3938 1294 3991 ab
1332 3937 1438 3992 illis
1468 3938 1776 4002 obsessam,
1808 3956 1838 3993 a
1885 3951 2042 4008 parte

462 4034 642 4086 minus
668 4011 959 4096 custodita,
996 4032 1339 4099 penetrandi.
1373 4028 1577 4086 Verum
1605 4029 1824 4086 fortuna
1856 4042 2040 4103 empto

457 4124 654 4179 defuit.
705 4120 839 4175 Nam
897 4122 1112 4177 odorati
1168 4121 1455 4176 consilium
1510 4123 1629 4193 ejus
1680 4139 1875 4195 ntagno
1926 4135 2038 4179 tum

460 4231 690 4270 numero
736 4214 1261 4282 circumequilantes
1324 4213 1565 4279 Barbari,
1630 4215 1758 4269 totis
1814 4217 1866 4269 in
1911 4230 2035 4270 eum

458 4304 686 4359 habenis
713 4303 952 4368 invecti,
1010 4301 1267 4358 recedere
1317 4313 1565 4357 coactura
1623 4305 1786 4358 etiam
1835 4306 2037 4360 acriter

458 4399 690 4454 insecuti
714 4406 863 4452 sunt.
892 4396 1011 4463 Quo
1043 4405 1286 4465 tempore
1314 4395 1470 4451 ducis
1495 4396 1736 4467 ejusdem
1767 4396 2036 4452 ConSIan-

458 4489 554 4542 tini
594 4488 944 4543 Catacalonis
979 4488 1123 4539 filius
1166 4486 1508 4556 Nicephorus
1560 4487 1653 4556 qui
1707 4499 1891 4555 postea
1942 4502 2034 4542 so-

2234 3026 2386 3079 Ἐπεὶ
2415 3025 2472 3078 δὲ
2526 3024 2577 3077 ol
2618 3024 2771 3087 ἐντὸς
2824 3025 3328 3094 παρεκτεινομένου
3380 3024 3473 3077 τοῦ
3531 3027 3729 3096 καιροῦ

2150 3117 2468 3172 ὲστενοῦντο
2538 3117 2665 3186 ἢδη,
2727 3115 2815 3169 διά
2861 3116 3082 3185 γραφῆς
3147 3117 3422 3187 ᾐτήσαντο
3479 3117 3732 3186 βοήθειαν

2150 3212 2302 3281 παρά
2344 3208 2441 3263 τοῦ
2493 3208 2923 3279 αὐτοκράτορος.
2973 3207 3033 3262 '0
3088 3209 3148 3263 δὲ
3190 3209 3436 3276 παρευθὺ
3479 3227 3730 3280 παρακε-

2146 3303 2363 3356 λεύεται
2407 3300 2808 3371 Κωνσταντίνῳ
2857 3300 2936 3372 τῷ
3003 3300 3341 3371 Εὐφορσηνῷ
3396 3302 3726 3373 ἀποχρῶσαν

2146 3394 2530 3449 ἀποδιελέσοαι
2608 3392 2842 3462 δύναμιν
2920 3393 3030 3446 τῶν
3120 3394 3213 3446 ὐπ’
3301 3394 3466 3447 αὐτὸν
3553 3397 3723 3465 κομή-

2143 3504 2254 3541 των
2303 3487 2440 3558 (97),
2490 3484 2585 3539 καὶ
2622 3487 2712 3539 διὰ
2747 3486 2943 3549 νυκτὸς
2996 3485 3114 3555 μετ’
3146 3485 3330 3540 αὐτῶν
3383 3488 3463 3550 εἰς
3508 3488 3726 3556 Ἀδριαο

2143 3579 2396 3634 νούπολιν
2450 3579 2539 3633 διά
2576 3578 2667 3632 τοῦ
2704 3580 2904 3651 μέρους
2935 3578 3044 3633 τῶν
3078 3578 3414 3634 Καλαθάδων
3437 3580 3723 3633 εἰσελθεῖν.

2144 3673 2254 3727 Καὶ
2305 3672 2333 3725 ὁ
2398 3670 2742 3725 Κατακαλὼν
2818 3671 3167 3742 παραχρῆμα
3247 3671 3348 3739 τῆς
3418 3671 3554 3741 πρὸς
3623 3671 3724 3740 τὴν

2152 3764 2472 3834 ὐρεστιςίιδι
2536 3763 2815 3833 φερούσης
2884 3764 3084 3835 εἴχετο,
3165 3766 3285 3836 μετ’
3348 3765 3571 3832 ἀγαθῶν
3611 3764 3722 3818 τῶν

2142 3857 2374 3911 ἐλπίδων
2405 3856 2675 3926 λήσεσθαι
2708 3856 2837 3921 τοὺς
2887 3858 3180 3927 Κομάνους
3231 3859 3500 3928 οἰόμενος.
3561 3856 3725 3912 Ἀλλὰ

2141 3949 2481 4021 διημάρτανε
2534 3948 2627 4002 τοῦ
2683 3949 2914 4005 σκοποῦ.
2979 3950 3307 4020 Δίσθόμενοι
3355 3951 3465 4022 γὰρ
3528 3949 3722 4003 τούτου

2143 4041 2536 4095 πολλαπλάσιοι
2562 4041 2867 4113 τηνικαῦτα
2880 4042 2925 4075 ’⁵⁷
2959 4042 3399 4113 ὲξιππασάμενοι
3424 4045 3522 4098 καὶ
3552 4062 3727 4115 προσ-

2141 4132 2437 4198 ϐαλόντες,
2490 4132 2786 4187 ἀπώσαντό
2846 4150 2909 4187 τε
2967 4135 3047 4197 είς
3110 4136 3354 4188 τούπίσω
3407 4136 3504 4189 καὶ
3556 4135 3726 4200 ὀξέως

2142 4218 2397 4274 ἐδίωκονε
2456 4219 2730 4289 Ὀπηνίκα
2774 4221 2872 4275 καὶ
2918 4223 2946 4273 ὁ
2992 4221 3184 4275 τούτου
3239 4224 3354 4286 υίὸς
3406 4224 3724 4294 Νικηφόρος

2138 4313 2234 4366 καὶ
2259 4312 2393 4382 ἐμὸς
2436 4313 2518 4376 είς
2568 4312 2798 4384 ὕστερον
2848 4315 3201 4385 χρηματίσας
3233 4316 3485 4387 γαμϐρὸς
3520 4319 3615 4371 ἐπὶ
3652 4322 3721 4390 τῇ

2142 4405 2261 4475 μετ’
2293 4403 2398 4471 ἐμὲ
2427 4404 2631 4476 ἀδελφῇ
2681 4409 2747 4476 τῇ
2796 4407 3302 4479 Πορφυρογεννήτῳ
3328 4409 3539 4478 Μαρία,
3584 4409 3718 4481 δόρυ

2145 4498 2361 4567 μακρὸν
2409 4498 2924 4568 ἐναγκαλισάμενος
2967 4501 3065 4555 καὶ
3114 4503 3464 4573 συναντήσας
3494 4502 3553 4568 ἐξ
3582 4505 3715 4558 ὑπο-

456 4594 637 4634 rorem
680 4594 854 4634 meam
886 4589 1017 4632 natu
1048 4578 1316 4633 minorem
1366 4577 1593 4633 Mariam
1652 4577 2032 4651 Porphyroge-

2146 4591 2382 4660 στροφῆς
2417 4591 2508 4644 τὸν
2553 4590 2822 4645 διώκοντα
2868 4593 3072 4656 αὐτοὺς
3114 4594 3160 4627 ⁸⁸
3195 4595 3435 4668 Σκύθην,
3486 4598 3716 4667 πλήττει

456 4672 627 4725 nitam
652 4672 706 4726 in
740 4671 1089 4725 matrimonio
1117 4670 1325 4738 habuit,
1352 4671 1568 4726 hastam
1598 4670 1810 4742 longam
1842 4682 2034 4727 ansato

455 4763 679 4817 brachio
712 4764 1042 4833 protendens
1062 4764 1240 4819 subito
1263 4778 1558 4820 conversus
1579 4775 1683 4830 est,
1712 4773 1761 4818 et
1801 4765 2034 4834 primum

456 4853 782 4909 instantium
840 4855 977 4925 ipsis
1038 4855 1360 4927 Scytharum
1412 4856 1467 4911 in
1531 4856 1762 4911 adverso
1822 4855 2035 4913 fodiens

454 4957 679 5012 pectore
718 4947 866 5001 humi
905 4958 1176 5002 mortuum
1216 4947 1426 5002 afflixit.
1450 4976 1453 4981 -
1479 4947 1611 5002 Erat
1658 4949 1936 5003 enimvero
1987 4951 2035 5005 is

450 5038 672 5108 juvenis
702 5037 768 5092 ad
798 5053 989 5093 omnes
1024 5039 1280 5095 militaris
1302 5037 1461 5095 oflicii
1494 5049 1678 5108 partes
1709 5055 1774 5096 ac
1800 5041 2033 5096 functio-

452 5144 550 5187 nes
597 5131 761 5202 277
823 5131 1002 5187 varias
1051 5133 1250 5187 decore
1308 5145 1374 5186 ac
1414 5139 1637 5186 strenue
1683 5132 1962 5189 obeundas
1993 5147 2025 5188 a

2143 4681 2286 4735 κατὰ
2354 4682 2415 4735 τὸ
2493 4683 2745 4755 στέρνον,
2808 4685 2838 4736 ὁ
2907 4685 2954 4739 δ’
3010 4684 3177 4748 εὐθὺς
3254 4689 3452 4758 νεκρὸς
3515 4689 3716 4745 ἔκειτο.

2140 4767 2263 4827 θῖδε
2298 4774 2406 4843 γὰρ
2434 4773 2524 4826 ἐπ’
2561 4775 2790 4848 ἀληθείᾳ
2822 4777 2950 4846 δόρυ
3002 4777 3316 4848 κραδαίνειν
3376 4781 3464 4834 καὶ
3515 4781 3720 4837 ἀσπίδα

2138 4867 2622 4938 περιφράττεσθαι.
2688 4870 2801 4923 Καὶ
2853 4872 3226 4941 ίππαζὸμενον
3278 4875 3345 4928 ἄν
3399 4890 3484 4937 τις
3549 4876 3719 4927 αὑτὸν

2138 4958 2427 5025 ἐθεάσατο,
2486 4962 2548 5015 οὐ
2592 4960 2863 5032 Ῥωμαῖον
2884 4964 2929 4996 δ’
2960 4965 3182 5019 εἴκασεν
3213 4963 3374 5033 εἶναι,
3410 4966 3549 5020 ἀλλά
3572 4967 3718 5036 Νορ-

2142 5052 2377 5119 μανόθεν
2432 5053 2544 5123 (98)
2605 5053 2798 5124 ἥκειν*
2853 5054 3041 5126 θαῦμα
3086 5058 3197 5129 γὰρ
3246 5054 3315 5130 ἦν
3361 5062 3389 5112 ὁ
3432 5061 3716 5124 νεανίσκος

2137 5144 2345 5208 ἐκεῖνος
2385 5146 2858 5218 ὲξιππαζόμενος,
2893 5150 2988 5204 καὶ
3019 5151 3188 5215 ὅντως
3231 5152 3573 5225 φιλοτίμημα
3612 5153 3719 5223 φύ-

1489 5241 1690 5306 Varite
1715 5243 2024 5312 lectiones
2057 5268 2134 5316 ex
2169 5256 2313 5319 cod.
2350 5258 2615 5321 Coislin.

553 5342 601 5377 "
627 5348 789 5405 Deest
812 5362 916 5403 vox
945 5347 1269 5419 τηνικαῦτα.
1344 5342 1390 5377 ⁸⁸
1420 5341 1583 5399 Deest
1611 5359 1716 5400 vox
1750 5350 1971 5415 αὐτούς.

2146 5358 2398 5429 Ρωμαῖον
2428 5359 2549 5430 μέν.

1521 5468 1666 5531 Car.
1701 5471 2038 5535 Dufresnii
2082 5473 2174 5536 Du
2207 5472 2428 5552 Cangii
2469 5479 2669 5537 notte.

522 5567 632 5638 (97)
664 5567 973 5645 Κομήτων.
1005 5568 1171 5642 349
1198 5566 1479 5623 Gallorum
1512 5571 1678 5644 forte,
1710 5576 1802 5645 qui
1837 5574 2029 5631 Alexio

448 5655 515 5694 eo
555 5654 672 5694 aevo
698 5644 1006 5695 merebant.

523 5709 636 5776 (98)
702 5711 1149 5782 Νορμαννόθεν.
1201 5714 1298 5769 Est
1352 5717 1487 5782 haec,
1534 5729 1641 5769 non
1695 5715 2027 5773 Normanno-

454 5790 574 5828 rntn
601 5781 784 5845 modo,
814 5782 911 5837 sed
945 5783 1108 5839 etiam
1136 5788 1379 5844 omni-sm
1408 5784 1684 5845 Gallorum
1741 5786 1858 5842 laus
1885 5801 2023 5857 prte-

2137 5576 2320 5643 cipua,
2354 5576 2498 5644 quod
2531 5577 2812 5645 equitandi
2836 5577 3058 5646 peritia,
3092 5587 3148 5633 et
3177 5579 3452 5647 equitatus
3510 5582 3709 5638 robore

2137 5647 2704 5721 ca-teri§_tt_ationil_ms
2727 5650 3117 5721 praecellerent.
3153 5651 3330 5713 Anna,
3369 5652 3464 5707 lib.
3506 5669 3560 5717 x,
3585 5668 3710 5721 pag.

2136 5714 2243 5793 μθ
2272 5731 2287 5768 :
2326 5716 2436 5768 Καὶ
2466 5717 2575 5793 γάρ
2611 5714 2817 5793 Κελτὸς
2848 5718 2992 5793 ἀνὴρ
3047 5721 3155 5783 πᾶς
3191 5714 3560 5793 ἐποχούμενος
3585 5714 3711 5793 ’μεν

2136 5784 2462 5852 ἀνύποιστος
2491 5784 2591 5858 τήν
2619 5786 2796 5858 ὁρμὴν
2827 5789 2920 5841 καὶ
2940 5784 3043 5860 τὴν
3076 5793 3204 5847 θέαν
3230 5784 3398 5853 ἐστίν.
