4112 6402
442 418 552 480 72η

522 525 783 597 Sangarls
811 525 1032 595 fluvius,
1060 541 1184 582 cum
1214 541 1307 582 ora
1335 527 1603 582 maritima
1655 538 1807 585 recto
1832 530 2017 585 littore
2046 539 2092 596 Α

443 636 617 692 usque
640 621 706 675 ad
738 620 961 676 Chelent
984 620 1238 690 oppidum
1267 632 1518 691 protensa
1544 661 1558 686 ,
1594 621 1828 692 indeque
1853 638 1911 677 se
1946 624 2012 678 ad

442 713 880 783 Septentrionem
935 713 1226 779 ﬂectente,
1263 713 1394 768 satis
1439 730 1685 783 magnam
1739 717 2010 784 regionem

440 805 922 870 circumscribunt,
978 806 1028 859 in
1076 821 1235 873 quam
1268 816 1574 873 opportuno
1622 806 1755 861 illati
1787 808 2011 875 trajectu

439 897 566 950 mali
601 895 761 950 vicini
793 895 1094 960 Ismaelitze,
1122 899 1407 951 observata
1440 899 1713 967 paucitate
1742 900 2014 967 praesidia-

440 989 645 1041 riorum
675 1026 690 1052 ,
746 1000 844 1056 per
877 986 1300 1058 Maryandeuos,
1329 996 1382 1041 et
1429 1003 1525 1056 per
1573 1003 1667 1042 eos
1719 990 1811 1059 qui
1869 990 2009 1045 ultra

435 1076 720 1145 Sangarim
781 1076 1069 1143 habitant,
1139 1076 1297 1133 facile
1363 1078 1507 1133 illam
1561 1081 2016 1150 depraedabantur

435 1169 827 1237 tas-tabantque
861 1166 1229 1224 Nico-inediam
1264 1172 1563 1240 praesertim
1590 1187 1748 1227 amne
1781 1174 2012 1231 transito

433 1258 779 1314 infestantes.
831 1258 1144 1315 Frmnan'laa
1177 1261 1227 1315 in
1257 1272 1530 1331 posterum
1558 1264 1643 1317 isti
1675 1264 1931 1328 licentiae,
1978 1283 2006 1319 a

431 1367 536 1419 qua
569 1367 842 1418 nunquam
879 1352 931 1406 in
964 1353 1248 1407 ocrasioue
1277 1354 1526 1409 voluntas
1558 1357 1811 1413 ntali-ficte
1836 1360 2011 1429 gentis

433 1453 799 1513 temperatura
852 1444 956 1499 sibi
1006 1454 1184 1510 esset,
1211 1447 1487 1515 quterebat
1520 1449 1814 1517 imperator
1838 1460 2007 1506 artem

428 1550 493 1590 ac
528 1537 768 1593 modum.
801 1537 937 1592 Cum
960 1552 1091 1608 ergo
1113 1540 1215 1592 hac
1246 1538 1356 1608 ipsa
1385 1538 1630 1595 firmandi
1667 1558 1794 1595 cura
1825 1543 2010 1599 limitis

429 1628 596 1695 illius,
623 1629 924 1698 praesertim
952 1644 1080 1685 vero
1110 1630 1463 1688 nobilissima:
1488 1635 1724 1689 civitatis
1756 1634 2010 1690 Nicome-

427 1720 528 1775 dia:
559 1721 840 1777 securitati
869 1722 1212 1788 consulendi,
1248 1727 1366 1779 loca
1400 1724 1487 1780 illa
1524 1727 1799 1790 lustraret,
1832 1727 2006 1781 anim-

426 1814 656 1867 advertit
676 1813 1046 1884 longissimam
1075 1817 1270 1887 fossam
1296 1815 1436 1871 infra
1461 1817 1709 1887 paludem
1733 1819 1966 1873 Baanam
1991 1838 2006 1875 :

1742 422 1970 483 ANN/E
2005 422 2392 485 COItiNEN/E

3593 410 3706 474 727i

2202 531 2264 584 Ὀ
2298 530 2408 600 γὰρ
2433 530 2712 600 Σαγγαρις
2748 525 2827 601 (l)
2883 521 3133 595 ποταμὸς
3176 518 3269 575 καὶ
3319 521 3354 593 ἠ
3390 518 3634 590 παραλία
3662 522 3698 591 ἡ

2126 623 2288 695 μέχρι
2324 622 2421 676 τοῦ
2461 621 2663 691 χωρίου
2707 618 2894 689 Χηλῆς
2926 616 3032 690 (Ξ),
3086 613 3343 676 ίθυτενῶς
3384 612 3696 682 καταφερό-

2122 732 2279 784 μενος
2308 713 2401 768 καὶ
2432 715 2464 783 ή
2498 713 2636 782 πρὸς
2663 712 2875 783 Βορρᾶν
2915 707 3358 775 ἁνακάμπτουσα
3383 704 3452 769 ⁸¹,
3496 702 3699 774 πολλὴν

2119 806 2267 859 ἔνδον
2318 804 2696 873 περικλείουσι
2748 804 2795 834 ⁸³³
2846 799 3055 873 χώραν.
3096 797 3318 866 Ταύτην
3365 797 3550 849 τοίνυν
3598 796 3700 864 τὴν

2116 897 2302 968 χώραν
2360 896 2593 966 πονηροὶ
2643 895 2886 964 γείτονες
2944 891 3240 961 γεγονότες
3307 891 3440 957 ἡμῖν
3486 888 3536 941 οἱ
3600 884 3697 940 τοῦ

2114 988 2345 1059 Ἰσμαὴλ
2380 989 2524 1041 κατὰ
2570 987 2775 1055 πολλὴν
2823 983 3064 1056 ἐρημίαν
3101 982 3212 1034 τῶν
3247 981 3574 1034 κωλυόντων
3604 979 3695 1032 διά

2112 1099 2174 1135 τε
2217 1079 2633 1148 Μαρυανδηνῶν
2676 1077 2723 1111 ⁸³
2773 1078 2849 1150 ('5)
2900 1077 2996 1130 καὶ
3038 1075 3147 1129 τῶν
3177 1074 3325 1145 πέρα
3358 1073 3695 1139 Σαγγάρεως

2115 1172 2315 1241 ῥᾳδίως
2349 1171 2752 1242 κατεληῖξοντο,
2782 1169 2880 1222 καὶ
2909 1168 3114 1237 μᾶλλον
3144 1167 3246 1235 τὴν
3276 1164 3624 1234 Νικομήδους
3647 1163 3694 1196 ⁸⁸

2112 1264 2402 1318 ἐπέολιὸον
2431 1265 2522 1316 τὸν
2549 1263 2794 1332 ποταμὸν
2824 1257 3333 1330 διαπεραιούμενοι.
3368 1257 3479 1327 Τὴν
3511 1255 3698 1310 τοιαύ·

2112 1373 2211 1423 την
2241 1357 2423 1408 τοίνυν
2455 1354 2634 1424 ὁρμὴν
2665 1353 2776 1408 τῶν
2814 1351 3121 1423 Βαρϐάρων
3155 1349 3492 1404 ἀνακόπτων
3526 1350 3554 1402 δ
3592 1347 3696 1419 βα-

2113 1445 2293 1506 σιλεὺς
2325 1444 2420 1497 καὶ
2444 1443 2545 1514 τὴν
2580 1441 2679 1512 τῆς
2717 1441 2899 1512 χώρας
2941 1440 3294 1510 καταδρομὴν
3328 1439 3424 1492 καὶ
3452 1436 3694 1506 μάλιστα

2109 1537 2210 1606 τὴν
2226 1536 2575 1607 Νικομήδους
2594 1534 3032 1602 ἀσφαλιζόμενος
3046 1532 3342 1601 κατωτέρω
3360 1532 3454 1600 τῆς
3474 1532 3694 1601 Βαάνης

2110 1628 2306 1701 λίμνης
2336 1628 2679 1700 μακρότατον
2707 1628 2927 1698 ὄρυγμα
2958 1624 3191 1679 κατιδὼν
3227 1625 3322 1677 καὶ
3347 1623 3695 1694 παρακολου-

2111 1722 2284 1790 θήσας
2330 1721 2463 1774 αὐτὸ
2518 1721 2681 1792 μέχρι
2748 1719 3005 1790 πέρατος,
3041 1715 3290 1770 κατενόει
3337 1715 3444 1767 ἀπό
3483 1730 3544 1765 τε
3591 1713 3693 1783 τῆς

2112 1811 2318 1874 θέσεως
2345 1810 2439 1865 τοῦ
2482 1813 2761 1881 σχήματος
2798 1809 2874 1871 ὡς
2919 1809 3028 1878 ἄρα
3054 1808 3082 1860 ὁ
3114 1806 3279 1869 τόπος
3319 1805 3421 1858 οὐκ
3453 1805 3518 1856 ἐκ
3560 1821 3692 1856 ταυ-

424 1917 588 1969 quam
622 1919 745 1958 cum
798 1904 931 1959 tanti
984 1916 1225 1975 putasset
1274 1922 1445 1977 usque
1477 1908 1544 1961 ad
1576 1918 1874 1963 extremum
1911 1924 1999 1964 ex-

2103 1922 2163 1958 το
2171 1905 2342 1976 μάτου
2365 1902 2817 1975 διαϐεϐόθρωται,
2833 1899 2954 1955 οὐδὲ
2974 1898 3394 1971 σεσηράγγωται
3420 1896 3687 1965 φυσικῶς,

424 1993 687 2060 plorando
716 1997 989 2066 persequi,
1021 1998 1179 2067 plane
1230 2000 1422 2053 statuit
1449 2014 1511 2054 ex
1563 1998 1735 2054 forma
1783 2016 1847 2056 ac
1876 2002 2005 2068 situ,

428 2087 740 2155 neutiquam
774 2086 827 2142 id
859 2098 1064 2143 natura:
1087 2104 1240 2158 opus,
1277 2092 1371 2145 sed
1398 2091 1531 2147 artis
1559 2106 1620 2146 ac
1647 2106 1837 2145 manus
1864 2108 2002 2147 esse.

427 2175 769 2247 Perquirenti
802 2180 1073 2236 curiosius
1109 2183 1233 2250 quid
1276 2199 1337 2239 ea
1380 2185 1443 2239 de
1502 2199 1558 2238 re
1614 2184 1881 2255 indigena!
1914 2202 2001 2239 se-

425 2265 608 2320 niores
637 2265 860 2332 ferrent,
893 2273 1092 2337 reperit
1124 2271 1409 2326 obscuram
1449 2271 1647 2326 famam
1681 2289 1802 2343 qua:
1840 2274 2003 2327 istmn

428 2355 638 2412 alveum
671 2357 825 2428 jussu
849 2360 975 2415 olim
1013 2363 1281 2418 Anastasii
1318 2363 1497 2419 Dicuri
1526 2379 1845 2421 excavatum
1887 2381 2002 2422 me-

428 2459 685 2515 n.0rarvt,
711 2467 814 2518 qua
875 2439 944 2507 id
976 2456 1264 2510 occasione
1298 2471 1474 2526 quove
1511 2458 1751 2513 'consilio
1801 2458 1999 2513 factum

425 2552 517 2594 aut
558 2542 833 2596 dcere-tum
862 2543 1044 2600 dicere
1072 2548 1341 2617 nequiret.
1385 2548 1655 2610 Caeterum
1707 2552 2002 2618 imperator

421 2633 643 2688 Alexius
681 2635 846 2690 ducta
886 2650 951 2691 ex
990 2647 1179 2693 natura
1211 2640 1318 2695 loci
1356 2641 1695 2711 conjectura,
1724 2644 1999 2698 studuisse

419 2740 817 2794 (mementoque
859 2727 1164 2784 molitorem
1221 2731 1379 2787 istius
1428 2731 1585 2787 fossae
1638 2734 1889 2789 derivare
1946 2738 1998 2790 in

420 2837 434 2865 ι
456 2833 541 2870 am
573 2818 820 2886 paludem
838 2822 1138 2889 proximam
1167 2826 1507 2880 autumabat.
1538 2826 1669 2881 Ulnt
1702 2827 1863 2892 foret,
1900 2829 1999 2883 hac

424 2911 714 2964 occasione
761 2912 835 2965 uti
873 2915 938 2966 ad
975 2928 1214 2982 prteseus
1240 2916 1576 2986 propositum
1615 2921 1823 2974 statuit.
1863 2921 1998 2973 Pur-

417 3000 534 3071 gari
566 3000 835 3073 ell‘odique
873 3003 1039 3061 altius
1089 3006 1251 3062 istum
1302 3008 1512 3063 alveum
1557 3009 1730 3075 jubet.
1778 3010 1996 3068 Veritus

417 3103 601 3147 autem
628 3110 696 3149 ne
722 3097 787 3149 a.l
807 3095 1140 3153 confluentes
1163 3113 1425 3169 aquarum
1447 3103 1672 3156 saburra
1695 3104 1819 3158 hinc
1837 3116 1996 3171 atque

420 3186 543 3240 inde
568 3201 663 3256 per
693 3185 888 3243 ﬂuctus
918 3188 1067 3243 illata
1108 3204 1372 3260 processu
1405 3194 1661 3262 temporis
1686 3196 1819 3249 vada
1851 3200 1995 3250 emi-

417 3289 627 3334 Stereut
664 3281 971 3349 trajectioui
1003 3281 1368 3339 Barbarorum
1398 3296 1720 3353 Opportuna,
1753 3290 1992 3344 excitare

417 3371 654 3426 instituit
693 3372 813 3428 loco
843 3372 1052 3430 delecto
1083 3390 1263 3431 arcem
1305 3393 1334 3431 a
1377 3376 1746 3435 fundamentis
1787 3380 1991 3436 firmis-

413 3464 644 3533 simam,
697 3481 857 3537 quam
914 3477 969 3522 et
1021 3469 1248 3526 atlluxus
1311 3471 1487 3527 amnis
1520 3471 1733 3541 objectu
1799 3474 1991 3527 nativae

413 3570 631 3625 semper
664 3558 1019 3616 redundantis
1053 3562 1230 3625 fossre,
1267 3571 1317 3616 et
1353 3565 1622 3633 prascipue
1667 3564 1803 3618 muri
1837 3581 1990 3620 cras-

412 3648 567 3704 sities
598 3657 760 3720 atque
803 3652 1075 3722 altitudo,
1116 3662 1510 3724 structuraque
1557 3665 1669 3712 tota
1722 3659 1862 3713 ratio
1925 3674 1990 3713 ac

415 3738 588 3794 forma
643 3742 880 3798 muniret
936 3746 1072 3802 adeo
1135 3760 1328 3801 utnon
1378 3748 1658 3803 immerito
1709 3752 1853 3803 arcis
1899 3761 1991 3804 aut

416 3831 581 3886 turris
608 3829 821 3889 Ferrem
853 3851 1071 3903 nomen,
1100 3840 1243 3907 quod
1276 3839 1544 3909 hodieque
1572 3839 1798 3908 obtinet,
1829 3843 1991 3896 susti-

413 3935 543 3976 nere
563 3935 626 3976 ac
655 3935 913 3988 przestare
938 3936 1141 3992 posset.
1174 3926 1308 3981 lluic
1355 3931 1507 3996 quasi
1535 3916 1864 3999 .procivitati
1922 3932 1989 3987 ad

414 4010 764 4064 securitatem
793 4013 1031 4069 civitatis
1078 4015 1510 4072 Nicomediensis
1552 4017 1858 4072 Barbaricis
1891 4034 1990 4073 ex-

413 4108 759 4163 cursionibus
785 4109 1072 4178 oppositze,
1104 4119 1155 4162 et
1182 4108 1327 4163 velut
1360 4111 1680 4164 antemurali
1740 4111 1990 4168 Nicome-

411 4198 680 4255 diensium
713 4202 997 4265 moenium,
1036 4201 1330 4271 imperator
1362 4203 1694 4258 exstruendo
1721 4205 2002 4273 quotidia-‘

415 4307 538 4343 nam
566 4295 929 4347 attentionem
977 4304 1031 4349 et
1082 4309 1304 4364 operam
1340 4295 1503 4350 dabat
1551 4311 1580 4349 a
1623 4297 1798 4365 primo
1829 4313 1989 4352 mane

411 4398 581 4450 usque
630 4385 694 4438 ad
744 4400 1035 4455 vesperum
1087 4385 1264 4440 :nibil
1306 4385 1454 4440 illum
1483 4401 1683 4456 vapore
1733 4388 1989 4444 torrentis

410 4473 538 4528 solis
566 4479 812 4530 aestivum
849 4486 978 4530 tunc
1008 4477 1274 4543 tropicnm
1328 4476 1583 4532 obeuntis
1629 4478 1941 4533 deterrente
1970 4517 1986 4542 ,

410 4565 572 4635 283
604 4581 700 4619 nec
735 4567 957 4635 pulvere
989 4575 1150 4621 tanta:
1196 4565 1492 4621 molitionis
1547 4580 1657 4635 quo
1699 4567 1986 4636 conspergi

413 4671 635 4712 necesse
662 4668 779 4711 erat
808 4658 1083 4712 assiduum
1119 4659 1300 4727 aperis
1332 4667 1524 4714 testem
1560 4671 1625 4711 ac
1650 4658 1932 4726 praesidem
1965 4676 1980 4725 ;

412 4747 581 4801 multo
615 4761 743 4801 vero
784 4748 961 4803 minus
992 4748 1232 4816 pecuniae
1262 4752 1505 4819 pepercit
1537 4748 1699 4802 nllive
1745 4750 1981 4822 sumptui

412 4854 518 4907 quo
543 4838 609 4892 ad
638 4840 945 4894 firmitatem
972 4843 1113 4896 arcis
1131 4857 1293 4912 quam
1316 4842 1738 4896 munitissimam
1770 4851 1986 4911 optaret

2111 1997 2250 2050 ἀλλὰ
2273 1997 2455 2068 χειρός
2483 2013 2630 2059 τινος
2665 1997 2881 2065 ὑπῆρχε
2923 1993 3245 2064 μηχάνημα.
3283 1989 3690 2058 Πολυπραγμο·

2110 2092 2280 2161 νήσας
2310 2085 2405 2144 οὖν
2435 2089 2497 2143 τὸ
2532 2089 2625 2143 τοῦ
2678 2088 2868 2153 τόπου,
2907 2086 3172 2157 μανθάνει
3224 2084 3380 2156 παρά
3409 2101 3573 2136 τινων
3610 2080 3689 2144 ὡς

2109 2181 2217 2249 ἄρα
2254 2181 2351 2244 τῆς
2383 2181 2650 2248 τοιαύτης
2690 2178 2960 2250 διώρυχος
3014 2176 3367 2236 Ἀναστάσιος
3406 2175 3434 2226 ὁ
3487 2172 3684 2224 Δίκου-

2111 2283 2201 2337 ρος
2240 2268 2285 2300 ⁸³
2320 2268 2685 2338 ἐπεστάτησε.
2737 2267 2804 2320 Τί
2849 2269 2958 2335 μὲν
3001 2265 3327 2336 βουλόμενος
3390 2262 3492 2315 οὐκ
3542 2258 3689 2330 εἶχον

2104 2359 2308 2430 λέγειν.
2349 2359 2637 2429 Ἐφαίνετο
2664 2358 2709 2413 δ’
2735 2353 2832 2412 οὖν
2864 2356 2940 2428 τῷ
2976 2356 3190 2428 βασιλεῖ
3240 2353 3489 2425 Ἀλεξίῳ,
3523 2352 3599 2415 ὠς
3621 2352 3689 2423 δὴ

2104 2455 2132 2507 ὀ
2157 2452 2518 2526 α”ιτοκράτωρ
2546 2453 2754 2515 ἐκεῖνος
2776 2450 3028 2504 ἐϐούλετο
3053 2447 3162 2502 ἀπὸ
3184 2448 3285 2519 τῆς
3311 2446 3513 2516 λίμνης
3538 2444 3685 2514 ὕδωρ

2112 2542 2491 2614 μετοχετεύειν
2516 2546 2573 2605 ὲς
2597 2543 2825 2611 ταυτηνὶ
2842 2542 2940 2612 τὴν
2967 2539 3353 2611 χειροποίητον
3376 2537 3683 2608 χαράδραν.

2104 2636 2250 2704 Πρὸς
2270 2637 2532 2707 τοιαύτην
2552 2636 2734 2688 τοίνυν
2755 2633 3056 2704 ἐνθύμησιν
3080 2630 3340 2703 ἀναχθεὶς
3363 2632 3389 2681 ὁ
3413 2628 3687 2697 αὐτοκρά-

2101 2742 2215 2797 τωρ
2261 2724 2514 2788 Ἀλέξιος,
2548 2725 2650 2792 τήν
2681 2741 2741 2776 τε
2780 2725 2986 2791 τάφρον
3021 2723 3102 2784 είς
3142 2719 3308 2790 βάθος
3342 2717 3682 2772 ἱκανώτατον

2100 2820 2407 2893 διορύσσειν
2439 2818 2679 2873 ἐκέλευε·
2709 2816 2965 2881 δεδοικὼς
2995 2816 3052 2871 δὲ
3089 2817 3162 2888 μή
3200 2832 3328 2868 ποτε
3350 2814 3457 2869 ικαὶ
3483 2811 3681 2883 πορεύ-

2103 2934 2239 2987 σιμα
2297 2917 2510 2984 γένοιτο
2543 2916 2610 2969 τὰ
2661 2916 2769 2968 τῶν
2809 2913 3074 2983 ποταμῶν
3122 2912 3264 2967 κατὰ
3300 2911 3400 2974 τὰς
3439 2910 3681 2977 συναφὰς

2099 3010 2207 3063 τῶν
2242 3009 2548 3079 ῥευμάτων.
2576 3010 2768 3080 άνιστᾷ
2800 3007 3059 3078 φρούριον
3092 3005 3483 3076 ἐρυμνότατον,
3535 3018 3676 3055 παν-

2098 3098 2327 3170 ταχόθεν
2359 3100 2418 3152 τὸ
2448 3099 2690 3168 ἀσφαλὲς
2720 3102 2815 3152 καὶ
2849 3098 2907 3151 τὸ
2940 3096 3360 3166 ἀνεπιχείρητον
3388 3095 3531 3165 ἔχον,
3564 3092 3671 3146 ἀπό

2098 3207 2157 3243 τε
2182 3192 2276 3244 τοῦ
2320 3190 2569 3260 ποταμοῦ
2604 3191 2697 3243 καὶ
2744 3191 2842 3258 τῆς
2877 3190 2955 3251 είς
2993 3187 3126 3257 ὕψος
3158 3188 3253 3240 καλ⁵
3289 3187 3464 3252 πάχος
3504 3196 3670 3251 τειχο-

2097 3281 2282 3345 ποίας,
2318 3282 2439 3335 ὅθεν
2476 3284 2571 3335 καὶ
2604 3280 2702 3351 τὴν
2757 3282 2995 3351 Σιδηρᾶν
3048 3279 3406 3344 ἀπηνέγκατο
3459 3276 3669 3344 κλῆσιν.

2094 3376 2204 3429 Καὶ
2238 3374 2353 3429 ἔστι
2383 3374 2480 3428 νῦν
2510 3374 2572 3427 τὸ
2602 3372 2858 3444 σιδηροῦν
2882 3372 3034 3425 τουτὶ
3060 3371 3318 3440 πυργίον,
3359 3369 3516 3429 πόλις
3543 3383 3676 3437 προ-

2093 3469 2302 3532 πόλεως
2326 3468 2373 3501 "
2399 3468 2494 3520 καὶ
2535 3466 2750 3536 τείχους
2803 3465 3189 3535 προτείχισμα.
3236 3461 3408 3524 Αὐτὸς
3448 3460 3553 3513 δὲό
3577 3459 3675 3511 αύ-

2091 3558 2378 3630 τοκράτωρ
2412 3557 2668 3628 ἐφίστατο
2717 3558 2783 3627 τῇ
2833 3554 2927 3609 τοῦ
2963 3554 3241 3624 πολιχνίου
3273 3552 3532 3621 οίκοδομῇ
3565 3549 3674 3603 άπὸ

2096 3652 2314 3723 πρωῖας
2349 3650 2540 3721 μέχρις
2580 3649 2836 3720 ἑσπέρας.
2872 3648 3067 3700 Καίτοι
3119 3645 3322 3715 πολλῆς
3377 3643 3477 3714 τῆς
3512 3642 3676 3705 ἁλέας

2091 3742 2260 3814 οῠσης
2281 3743 2372 3796 τὸν
2394 3743 2607 3812 θερινὸν
2626 3740 2888 3812 τροπικὸν
2906 3739 3000 3793 τοῦ
3027 3739 3179 3808 ἡλίου
3203 3736 3666 3808 διαπορευομένου

2091 3837 2187 3888 καὶ
2212 3834 2492 3895 καύσωνος
2519 3832 2777 3902 ἠνείχετο
2810 3832 2907 3885 καὶ
2957 3830 3144 3893 κονίας
3181 3831 3277 3885 καὶ
3329 3829 3534 3899 πολλὴν
3568 3827 3667 3898 τὴν

2092 3927 2338 3997 δαπάνην
2364 3925 2750 3990 κατεϐάλλετο,
2787 3923 2864 3988 ὡς
2891 3924 3142 3977 ἐντεῦθεν
3174 3925 3546 3996 ἐρυμνότατον
3574 3936 3669 3987 γει

2091 4017 2308 4082 γονέναι
2342 4017 2386 4048 "
2417 4016 2476 4068 τὸ
2504 4018 2688 4085 τεῖχος
2715 4015 2812 4067 καὶ
2841 4014 3208 4085 ἀπρόσμαχον
3236 4014 3364 4075 τοὺς
3399 4011 3667 4081 σύροντας

2089 4109 2321 4162 ἕκαστον
2348 4110 2455 4163 τῶν
2488 4108 2650 4161 λίθων
2708 4107 2902 4178 ἔτυχεν
2955 4107 3002 4139 ⁸⁸
3064 4103 3206 4162 εἶναι
3263 4101 3666 4174 πεντήκονταῆ

2091 4202 2284 4256 ἑκατὸν
2303 4202 2502 4272 ἄνδρας
2528 4200 2763 4278 δαψιλῶς
2795 4197 3370 4270 ὲπιφιλοτιμούμενος.
3390 4195 3670 4249 Ἐντεῦθεν

2090 4293 2147 4347 δὲ
2192 4293 2252 4346 ού
2283 4292 2390 4346 τῶν
2438 4292 2730 4362 τυχόντων,
2785 4291 2924 4345 άλλά
2970 4292 3067 4345 καὶ
3130 4289 3474 4359 στρατιώτης
3524 4287 3671 4346 ἄπας

2091 4385 2185 4439 καὶ
2214 4384 2497 4455 ὑπηρέτης
2522 4384 2801 4453 αὐτόχθων
2826 4401 2884 4435 τε
2913 4385 3006 4436 καὶ
3035 4382 3094 4449 ἐξ
3121 4381 3432 4450 ἀλλοδαπῆς
3480 4377 3670 4449 ὁρμώ-

2094 4491 2274 4545 μενος,
2299 4476 2434 4545 πρὸς
2450 4474 2549 4545 τὴν
2570 4475 2677 4527 τῶν
2699 4474 2962 4529 τοιούτων
2985 4475 3152 4528 λίθων
3168 4473 3333 4544 ὁλκὴν
3356 4471 3661 4541 ἐκεκίνητο,

2090 4564 2330 4633 δαψιλεῖς
2358 4564 2596 4635 ὁρῶντες
2624 4566 2751 4629 τοὺς
2805 4565 3055 4635 μισθοὺς,
3085 4565 3184 4619 καὶ
3233 4565 3398 4618 αὑτὸν
3433 4564 3525 4617 τδν
3558 4564 3663 4616 αύ-

2089 4657 2396 4728 τοκράτορα
2422 4656 2676 4730 καθάπερ
2705 4659 3005 4729 ἀθλοθέτην
3030 4659 3551 4733 τιναὲπιστάμενον
3573 4658 3619 4691 ⁸⁸
3646 4675 3664 4693 ι

2088 4751 2253 4819 τέχνη
2287 4752 2396 4821 γὰρ
2448 4747 2516 4823 ἦν
2569 4752 2662 4804 καὶ
2709 4751 2871 4805 τοῦτο
2919 4752 3008 4804 ἵνα
3054 4751 3273 4805 πολλῶν
3319 4751 3698 4823 συρρεόντων·

2091 4845 2221 4916 ῥᾷον
2260 4845 2292 4914 ἡ
2341 4843 2474 4914 ὁλκὴ
2516 4844 2626 4898 τῶν
2678 4844 3054 4913 παμμεγὲθων
3089 4843 3320 4898 ἐκείνων
3376 4842 3542 4897 λίθων
3564 4841 3661 4909 γέο

1448 4952 1648 5015 Varim
1677 4952 1985 5017 lectiones
2029 4972 2107 5017 ex
2151 4957 2294 5017 cod.
2332 4956 2601 5018 Coislin.

480 5052 523 5157 :l
551 5051 1031 5157 ἁνακάμπτουσαι.
1106 5054 1150 5087 ⁸²
1169 5054 1577 5157 1⁵περικλείεται⁸
1633 5055 1703 5157 ⁸2³
1738 5055 2160 5126 Μαριανδηνῶν.

516 5140 617 5157 ειΑρ
814 5127 1065 5157 Meuianu-
1242 5142 1265 5157 ρ
1352 5142 1515 5157 ιιι-ευρ..
1713 5128 2078 5157 ἑρΑι-ιιιυιηριιλη

1712 5142 2099 5197 εφισταμενον.

408 5121 640 5189 πόλεως.
734 5125 780 5157 ⁸⁷
814 5127 1092 5194 γενὲσθαι.
1169 5126 1217 5159 ⁸⁸
1240 5121 1291 5178 ei
1323 5125 1536 5196 ἔτυχεν.

2266 5056 2314 5087 ⁸⁵
2347 5057 2474 5119 τοὺς
2507 5057 2603 5122 τῆς
2634 5055 3027 5127 Νικομηδείας.
3104 5058 3151 5091 ⁸⁸
3173 5057 3419 5121 Δίκοπος.
3482 5056 3528 5089 ⁸⁸
3560 5055 3663 5126 πρὸ

1475 5271 1612 5334 Car.
1661 5267 1989 5333 Dufresnii
2019 5273 2113 5333 Du
2146 5269 2369 5348 Cangii
2413 5276 2605 5333 notae.

478 5414 553 5483 Η)
578 5414 895 5489 Σάγιγινιριςἶ
932 5413 1153 5489 Fulvius
1199 5414 1339 5489 Asiae
1368 5415 1612 5479 Minoris,
1670 5434 1762 5489 seu
1796 5417 1968 5489 Phry-

406 5486 525 5554 πίω.
557 5488 621 5536 de
648 5500 754 5552 quo
791 5487 959 5539 multa
987 5484 1222 5554 Philipp.
1254 5485 1562 5540 Maussacus
1613 5489 1663 5540 in
1694 5488 1848 5543 Notis
1897 5484 1962 5542 ad

344 5604 347 5607 _
405 5553 686 5608 Plutarch.
724 5557 789 5607 de
824 5555 1003 5626 Flntn.
1056 5553 1279 5608 Pontent
1308 5556 1578 5626 lapideum
1610 5559 1661 5610 iu
1693 5558 1962 5623 Sangario

403 5626 568 5676 ﬂuvio
599 5625 936 5679 exstruxisse
978 5624 1342 5679 Iustinianum
1364 5624 1378 5626 ⁷
1400 5640 1588 5680 auctor
1614 5642 1697 5680 est
1764 5629 1963 5683 I’roco-

413 5696 555 5765 pitts.
585 5694 867 5765 Ιίιιημιιῡε
900 5695 1047 5765 α·άὶ[.
1082 5695 1225 5748 Just.
1259 5706 1315 5749 et
1341 5712 1405 5749 ex
1439 5711 1505 5749 eo
1534 5698 1832 5761 Cedreuus,
1869 5716 1958 5751 an.

411 5761 649 5835 553llsl.
685 5762 852 5835 Hujus
889 5761 1132 5818 meminit
1165 5766 1325 5817 etiam
1353 5765 1391 5819 S
1425 5768 1616 5835 ylttzcs
1647 5768 1698 5820 in
1734 5768 1959 5832 lsaacio,

408 5838 463 5881 ct
481 5829 873 5889 Constantinus
911 5835 1108 5905 Porph.
1145 5836 1194 5890 in
1225 5829 1485 5891 Tbcuu'te
1520 5836 1883 5906 Obscquiauo.

2144 5418 2221 5489 (2)
2253 5417 2484 5486 Χηλῆς.
2543 5383 2787 5482 ίίιιθιοιιι,
2826 5419 3005 5473 locum
3050 5419 3190 5489 inter
3229 5415 3583 5489 Apolloniati:
3600 5424 3658 5470 et

2074 5486 2397 5572 Sangarium
2441 5491 2605 5544 habet
2649 5491 2919 5544 Arrianus
2964 5490 3023 5542 in
3075 5487 3292 5557 Periplo
3331 5489 3491 5542 Ponti
3542 5486 3657 5540 Eu-

2078 5577 2214 5614 XIIII.

2140 5631 2214 5695 (5)
2254 5628 2732 5697 Μαρυανδηνῶν.
2798 5629 2938 5683 Asia:
2972 5627 3181 5699 populi,
3228 5642 3461 5699 quorum
3517 5639 3645 5699 me-

2069 5700 2294 5760 tropolis
2325 5696 2717 5767 Claudiopolis,
2754 5700 2842 5751 ubi
2882 5696 3137 5766 sequiore
3166 5698 3383 5754 Graecia
3428 5696 3645 5767 exstitit

2066 5770 2270 5825 Thema
2304 5765 2788 5826 Buccellariorum.
2818 5765 3132 5840 Porpltyrus
3169 5768 3265 5823 lib.
3304 5784 3322 5823 ι
3372 5767 3445 5820 De
3501 5765 3633 5819 The-

2071 5852 2203 5895 mat.
