4088 6408
405 255 518 323 749

1675 251 2089 313 ALEXIADIS
2121 251 2266 312 LIB.
2304 250 2380 313 X.
3563 248 3627 309 75

406 388 526 441 γρα
554 367 710 435 τόξον
734 344 835 437 μέν
865 365 983 419 ἔστι
1014 362 1351 435 βαρϐαρικὸν
1381 364 1476 419 καὶ
1508 365 1736 435 Ἕλλησι
1781 383 1979 420 παντες

2093 377 2301 430 vectus,
2374 361 2621 427 Latinos,
2694 359 2909 431 prOpria
2964 359 3201 429 ipsorum
3255 357 3435 424 lingua
3490 369 3665 423 utens,

407 462 523 522 λῶς
551 458 940 528 ἀγνοούμενον.
980 456 1231 509 Τείνεται
1281 457 1337 509 δὲ
1386 455 1509 526 οὐχὶ
1540 454 1641 523 τῆς
1678 458 1777 526 μὲν
1806 457 1984 523 δεξιᾶς

406 551 680 618 ἑλκούσης
733 549 833 621 τὴν
867 551 1087 619 νευρὰν,
1121 549 1219 618 τῆς
1250 547 1309 601 δὲ
1338 548 1497 611 λαιᾶς
1529 548 1896 618 ἀνθελκούσης
1927 548 1988 621 to

2092 455 2441 518 admonebat,
2475 468 2543 507 ne
2574 464 2899 513 metuerent,
2937 467 3041 504 neu
3076 465 3225 503 arma
3268 451 3584 519 expedirent
3614 452 3672 507 in

2091 549 2332 615 ejusdem
2366 547 2486 601 lidei
2519 561 2584 601 ac
2616 547 2889 614 religionis
2921 545 3186 600 homines.
3223 543 3347 598 Haec
3401 542 3672 598 dicentem

403 644 584 710 τόξον,
618 615 758 695 ἀλλὰ
788 615 877 694 δεῖ
903 615 995 693 τὸν
1023 615 1369 696 διατείναντα
1398 641 1459 694 τὸ
1489 641 1725 711 ὄργανον
1744 615 1893 693 τουτὶ
1927 639 1983 689 τὶ.

2095 641 2415 695 Latinorum
2463 639 2663 708 aliquis
2695 653 2928 693 excusso
2981 647 3203 707 tzangra
3241 636 3348 690 telo
3382 636 3562 704 pulsat
3616 638 3670 691 in

403 722 712 804 πολεμικὸν
748 734 844 786 καὶ
872 730 1307 801 ἑκηϐολώτατον,
1346 731 1421 795 ὡς
1452 732 1517 786 ἄν
1546 748 1632 793 τις
1684 732 1853 795 εἴποι,
1883 731 1987 783 ’ὐπ-

408 840 533 877 τιον
576 824 856 893 κείμενον,
910 823 1177 893 ἑκάτερον
1221 823 1320 891 μὲν
1359 822 1468 876 τῶν
1503 822 1681 876 ποδῶν
1710 824 1986 892 ὲνερεῖσαι

400 916 523 978 τοῖς
573 913 921 985 ἡμικυκλίοις
984 914 1080 966 τοῦ
1134 913 1311 978 τόξου,
1363 914 1706 983 ἀμφοτέραις
1765 915 1821 967 δὲ
1869 918 1990 997 τειῖῆ

401 1007 565 1076 χερσὶ
591 1006 692 1075 τὴν
732 1006 930 1076 νευρὰν
971 1005 1116 1074 μάλα
1162 1004 1426 1074 γενναίως
1474 1004 1829 1059 ἀνθελκύσαι.
1878 1000 1982 1064 Ἦ,

401 1098 549 1150 κατά
588 1098 649 1149 τὸ
702 1098 894 1167 μέσον,
948 1097 1130 1167 σωλήν
1185 1098 1303 1149 ἐστι
1357 1097 1667 1150 κυλινδικὸν
1712 1097 1984 1168 ἡμίτομον

401 1189 717 1259 ἐξημμένον
771 1189 946 1258 αὐτῆς
986 1189 1087 1256 τῆς
1134 1190 1355 1260 νευρᾶς,
1398 1190 1493 1242 καὶ
1522 1189 1712 1260 ὥσπερ
1744 1208 1794 1242 τι
1831 1189 1983 1259 βέλος

397 1281 689 1349 ἀξιόλογον
717 1282 950 1351 μέγεθος
981 1281 1414 1351 ἀπολαμϐάνων,
1452 1283 1634 1353 διήκει
1689 1284 1782 1335 ἀπ’
1811 1283 1986 1351 αὐτῆς

397 1374 503 1442 τῆς
535 1375 737 1442 νευρᾶς
766 1376 823 1437 ἐς
861 1378 921 1427 τὸ
945 1373 1037 1426 τοῦ
1066 1374 1224 1438 τόξου
1258 1376 1611 1441 μεσαίτατον,
1644 1375 1736 1445 ἀφ’
1761 1371 1821 1430 οὗ
1855 1376 1984 1446 βέλη

397 1465 726 1518 παντοδαπὰ
750 1465 1186 1521 διεκπίπτουσιν.
1231 1468 1320 1521 Ἐν
1347 1468 1521 1540 τούτῳ
1550 1469 1731 1522 τοίνυν
1760 1468 1827 1521 τὰ
1857 1469 1983 1539 βέλη

397 1558 669 1628 τιθέμενα
728 1560 1045 1631 βραχύτατα
1106 1560 1205 1630 μὲν
1252 1559 1297 1591 ’⁸
1335 1560 1413 1631 τῷ
1457 1562 1644 1631 μήκει,
1700 1560 1986 1631 παχύτατα

400 1652 523 1720 (37)
551 1654 608 1705 δὲ
637 1655 731 1705 καὶ
764 1653 1003 1722 πρόσθεν
1029 1654 1325 1723 ἀξιόμαχον
1369 1654 1532 1723 βάρος
1565 1656 1786 1725 σιδήρου
1832 1655 1978 1724 λαμ-

396 1747 639 1800 ϐάνοντα
675 1746 741 1810 ’⁵,
774 1746 871 1799 καὶ
926 1748 992 1816 τῇ
1045 1746 1239 1815 ἀφέσει
1292 1745 1404 1817 (38)
1464 1747 1563 1816 τῆς
1612 1748 1812 1817 νευρᾶς
1846 1748 1986 1817 μετὰ

398 1837 769 1907 σφοδρότητος
794 1837 890 1889 καὶ
922 1838 1103 1907 ῥύμης
1138 1837 1358 1908 ἀπάσης
1386 1837 1644 1907 ἀφιείσης
1680 1839 1748 1891 τὰ
1786 1839 1985 1909 βέλεμ-

400 1947 484 1998 μα
510 1930 556 1960 ²⁶
587 1925 646 1983 οὗ
705 1928 771 1982 ἂν
820 1928 974 1999 τύχοι
1007 1930 1433 1994 ἐπεισπεσόντα,
1470 1929 1571 1983 οὐκ
1610 1932 1687 1994 είς
1729 1930 1982 1997 τοῦμπα-

396 2020 489 2074 λιν
518 2021 844 2083 ἀποπίπτει,
882 2022 1019 2075 ἀλλά
1074 2022 1171 2074 καὶ
1200 2022 1403 2075 ἀσπίδα
1438 2023 1695 2094 διέτρησε
1730 2024 1827 2077 καὶ
1873 2025 1972 2077 Θώ-

402 2124 559 2179 ρακα
596 2109 960 2181 βαρυσίδηρον
990 2111 1340 2181 διατεμόντα,
1374 2111 1586 2164 ἐκεῖθεν
1613 2112 1703 2165 διὰ
1746 2113 1979 2184 Θατὲρου

402 2202 617 2271 μέρους
645 2203 1005 2275 ἐξεπετάσθη.
1036 2203 1225 2267 Οὕτως
1255 2206 1372 2257 ἐστὶ
1397 2205 1607 2275 σφοδρὰ
1645 2208 1738 2260 καὶ
1773 2209 1983 2263 ἀκατά-

402 2310 607 2363 σχετος
630 2296 665 2365 ἡ
690 2294 888 2365 ἄφεσις
918 2297 1027 2349 τῶν
1058 2296 1317 2349 τοιούτων
1338 2296 1531 2367 βελῶν.
1558 2297 1699 2367 Ἤδη
1732 2298 1893 2351 τοῦτο
1923 2299 1984 2352 τὸ

399 2385 567 2456 βέλος
621 2387 716 2439 καὶ
768 2386 1066 2458 ἀνδριάντα
1129 2387 1486 2459 διεπερόνησε
1544 2386 1805 2456 χαλκοῦν.
1875 2391 1985 2443 Καὶ

2091 735 2264 804 galea.
2338 732 2434 786 Est
2467 747 2595 785 vero
2645 740 2866 799 tzangra
2904 729 3200 784 barbarici
3256 729 3466 797 species
3513 743 3674 783 arcus

2091 825 2299 881 Graecis
2328 824 2515 894 ignota
2564 822 2834 877 funditus.
2883 821 3150 876 Tenditur
3181 830 3361 876 autem
3398 835 3504 875 non
3536 820 3674 876 dex-

2093 929 2206 970 tera
2245 918 2496 969 trahente
2543 929 2794 977 nervum,
2830 912 2962 967 laeva
2999 920 3205 966 costam
3240 927 3400 965 arcus
3431 911 3483 965 in
3536 927 3671 966 con-

2093 1008 2317 1059 trarium
2365 1006 2674 1068 diducentc,
2714 1005 2807 1058 sed
2856 1012 3076 1073 oportet
3116 1020 3237 1057 eum
3276 1004 3366 1073 qui
3421 1003 3671 1059 bellicam

2092 1100 2250 1153 istam
2288 1097 2604 1167 longissime
2649 1094 2982 1166 jaculantem
3046 1095 3353 1149 machinam
3406 1096 3661 1160 intendit,

2092 1201 2320 1259 utroque
2370 1190 2504 1258 pede
2538 1203 2750 1243 suntme
2800 1187 3095 1241 adnitendo
3133 1187 3437 1256 pro'pellere
3470 1201 3670 1241 curva-

2092 1291 2265 1335 turam
2313 1295 2495 1346 arcus,
2557 1289 2611 1335 et
2661 1279 2820 1333 simul
2875 1289 3102 1347 utraque
3152 1294 3313 1331 manu
3370 1294 3561 1349 magna
3617 1281 3670 1332 vi

2091 1372 2367 1426 attrahere
2385 1380 2758 1425 transversum
2786 1387 3039 1432 nervum,
3074 1370 3228 1437 cujus
3251 1370 3399 1425 circa
3435 1370 3672 1424 medium

2099 1464 2255 1518 tubtts
2306 1472 2391 1518 est
2440 1465 2613 1518 forma
2646 1462 2872 1533 cylindri
2904 1463 3187 1529 dimidiati,
3238 1473 3396 1532 aptus
3441 1477 3671 1532 suspen-

2089 1564 2292 1627 sttsque
2328 1572 2394 1612 ex
2442 1558 2559 1627 ipso
2584 1572 2782 1623 nervo;
2828 1572 2892 1611 ac
2941 1556 3193 1610 crassitie
3242 1570 3306 1609 ac
3344 1555 3674 1625 longitudine

2092 1650 2271 1719 magni
2305 1650 2420 1715 teli,
2468 1666 2564 1718 per
2613 1651 2835 1702 cordam
2868 1662 3027 1717 quam
3085 1646 3282 1715 trajicit
3332 1648 3396 1700 ad
3436 1648 3670 1701 medium

2093 1759 2253 1797 arcus
2280 1753 2540 1812 punctum
2580 1745 2876 1811 pertinens.
2913 1740 2992 1793 Ex
3024 1742 3128 1795 hoc
3152 1740 3304 1807 quasi
3336 1756 3417 1794 cat
3444 1739 3513 1793 ali
3540 1755 3673 1793 con-

2093 1850 2227 1890 cavo
2294 1835 2645 1888 excutiuntur
2716 1836 2916 1903 impetu
2984 1848 3179 1903 magno
3244 1834 3294 1884 in
3362 1848 3484 1885 eum
3523 1830 3673 1896 prius

2093 1930 2300 1984 inserta
2360 1928 2489 1993 tela,
2522 1926 2708 1981 brevia
2758 1926 2846 1980 illa
2886 1926 3126 1993 quidem,
3176 1925 3272 1979 sed
3306 1924 3670 1985 crassissima,

2089 2030 2144 2079 et
2174 2024 2316 2078 ferro
2340 2030 2692 2091 praegravata,
2721 2021 2786 2073 ad
2820 2029 2966 2073 tanto
2985 2017 3299 2071 validiorem
3328 2027 3380 2070 et
3409 2016 3672 2069 inelucta-

2090 2117 2254 2171 bilem
2286 2115 2700 2183 concipiendum
2742 2114 3023 2180 impetum.
3076 2111 3220 2165 Sane
3268 2112 3353 2163 ubi
3402 2109 3675 2171 laxatione

2091 2208 2246 2261 nervi
2297 2207 2427 2261 tttbo
2484 2206 2695 2271 inserta
2740 2208 2937 2274 sagitta
2992 2203 3247 2273 cjicitur,
3303 2211 3450 2255 tanta
3502 2201 3674 2255 fertur

2092 2297 2434 2350 vehementia
2488 2296 2636 2349 nulla
2667 2305 2722 2347 ttt
2770 2296 2928 2362 plane
2957 2294 3206 2347 Soliditas
3242 2304 3334 2346 aut
3360 2292 3588 2345 durities
3619 2289 3673 2343 ei

2089 2390 2407 2459 repellenda:
2440 2404 2539 2458 par
2575 2389 2668 2451 sit,
2708 2388 2844 2442 adeo
2871 2398 2927 2441 ιιι
2952 2387 3171 2455 clypeus
3198 2383 3446 2454 quamvis
3477 2382 3668 2436 ﬁrmus

1489 2524 1686 2585 Variae
1723 2523 2025 2587 lectiones
2070 2544 2143 2589 ex
2183 2526 2324 2587 rod.
2354 2525 2624 2587 Coisltn.

476 2651 521 2685 “
549 2651 699 2705 ὄντα.
775 2650 820 2681 ’⁵
853 2648 1374 2719 καταλαμϐάνοντα.
1449 2652 1495 2683 ’⁸
1521 2650 1797 2722 Βέλεμνα.

1502 2791 1641 2852 Car.
1679 2788 1986 2852 Dufresui.
2018 2790 2101 2848 l)u
2135 2791 2347 2867 (Iangii
2379 2796 2571 2851 nota}.

412 2918 579 2981 d‘arc,
610 2912 944 2977 d'arbaleste,
985 2932 1048 2969 ne
1083 2915 1414 2969 d‘artillerie.
1469 2912 1608 2966 Mais
1643 2914 1863 2966 estoient
1906 2914 1979 2965 les

418 3003 573 3051 coups
592 2986 748 3055 ου’οη
773 2984 990 3039 donnoit
1021 2986 1131 3038 l’un
1170 3001 1265 3038 sur
1292 2985 1481 3037 l’autre
1512 2986 1544 3037 ὰ
1576 2983 1733 3037 belles
1766 3000 1985 3055 mnsses,

2093 2915 2301 2967 nachus
2332 2913 2504 2967 Vallis
2539 2913 2775 2977 Sarnaii,
2810 2929 2930 2981 cap.
2966 2914 3067 2981 42;
3102 2915 3372 2971 Ctesarius
3394 2914 3668 2972 Heisterb.

2097 2984 2192 3036 ιιι).
2234 3000 2272 3047 ι,
2323 3002 2444 3051 cap.
2482 2985 2569 3044 16.
2611 2998 2742 3047 etc.,
2800 2986 3023 3038 balistas
3061 2996 3395 3052 nuncupant.
3470 2986 3673 3043 Deinde

412 3054 613 3126 θερέω,
634 3066 681 3109 et
713 3054 819 3121 [uts
853 3055 916 3108 de
946 3055 1141 3111 lances.
1177 3061 1243 3108 At
1270 3056 1427 3126 istips
1465 3069 1742 3126 armorum
1773 3054 1989 3126 generis
2016 3058 2063 3121 ρ
2096 3056 2194 3106 etsi
2228 3055 2393 3108 variae
2418 3056 2642 3126 luerunt
2668 3055 2983 3126 balistarum
3032 3058 3261 3125 species,
3290 3071 3516 3125 quarum
3562 3057 3669 3111 ali-

409 3123 567 3182 usum
632 3128 904 3180 revocavit
946 3127 1283 3190 postmodum
1357 3124 1661 3178 Richardus
1688 3123 1985 3191 Anglorum

400 3213 527 3260 rex,
556 3206 611 3249 et
645 3196 696 3249 in
729 3193 960 3248 Galliam
1016 3196 1224 3249 induxit
1252 3196 1304 3247 iu
1356 3194 1510 3248 bellis
1543 3204 1735 3247 contra
1783 3193 1989 3260 Philip-

399 3268 723 3389 Aug.
773 3263 932 3329 Nam,
986 3276 1045 3319 ut
1098 3267 1174 3319 ait
1223 3263 1531 3320 Willclmus
1564 3262 1754 3327 Brito,
1819 3263 1914 3317 lib.
1954 3278 1992 3316 tt

497 3355 511 3387 ι
538 3352 645 3404 ipp.
677 3351 696 3388 :

477 3426 829 3495 Francigmis
866 3426 1061 3479 nostris
1095 3424 1204 3478 illis
1240 3425 1419 3494 ignota
1445 3423 1627 3476 diebus

483 3498 583 3552 Res
615 3507 731 3551 erat
754 3498 989 3559 omnino,
1020 3495 1144 3563 quid
1168 3495 1480 3547 balistarius
1514 3510 1691 3555 arcus,

478 3568 621 3633 Quid
654 3567 847 3620 balista
879 3566 1036 3634 foret,
1070 3581 1160 3617 nec
1187 3566 1405 3617 habebat
1439 3566 1490 3615 in
1519 3565 1733 3634 agmine
1764 3571 1872 3616 toto

477 3640 594 3693 Rex
614 3633 923 3708 quemquam
957 3637 1112 3690 sciret
1142 3635 1306 3687 armis
1330 3634 1421 3702 qui
1452 3633 1641 3687 talibus
1671 3633 1795 3687 uti..

400 3729 601 3785 Joann.
650 3728 1011 3796 Bromptonus
1066 3727 1115 3779 itt
1184 3726 1388 3780 Riclt.:
1446 3724 1565 3788 Ipse
1601 3725 1857 3794 siquidem
1890 3725 1987 3777 hoc

402 3816 570 3869 genus
634 3798 964 3867 sagittandi,
1023 3796 1160 3866 quod
1239 3796 1686 3869 arcubalistarunt
1746 3796 2021 3859 dicitur,.

396 3867 719 3941 jamdudum
776 3870 1000 3941 sapitum
1043 3870 1319 3941 in_usum,
1355 3877 1409 3918 ut
1443 3867 1672 3941 dicitur,
1704 3870 1984 3941 revocavit,

400 3937 541 3994 unde
572 3950 619 3992 et
654 3941 708 3992 in
736 3956 799 3991 ea
830 3939 1031 4007 peritus
1071 3938 1245 4004 plures
1294 3953 1455 3989 manu
1493 3937 1709 4003 prapria
1735 3937 1983 4005 percutit,

400 4026 509 4080 quo
540 4021 591 4063 et
617 4011 726 4076 ipse
754 4009 1083 4080 postmodum
1115 4006 1345 4080 interra
1379 4007 1593 4080 propria
1626 4006 1984 4080 impra'ntuni-

404 4075 495 4132 ius
520 4091 567 4133 et
608 4075 872 4148 inopinate
905 4078 1082 4148 periit.
1115 4075 1422 4129 Willelmus
1479 4078 1669 4131 Guiart
1732 4077 1782 4129 itt
1840 4075 1979 4148 Phil.

400 4152 547 4215 Aug.
581 4143 913 4203 obsidionem
946 4147 1317 4200 Acconensem
1370 4160 1827 4215 commetttoratts,
1884 4143 1981 4197 Ri-

398 4214 668 4274 chardum
720 4221 797 4272 ait
837 4220 1070 4287 primunt
1102 4233 1290 4271 earum
1344 4233 1500 4271 usum
1558 4220 1608 4268 itt
1639 4214 1863 4270 Galliam
1898 4216 1983 4269 itt-

394 4291 619 4343 vcxisse
643 4305 658 4342 :

491 4379 661 4434 Venas
692 4380 844 4433 estoit
873 4378 1249 4432 nouvellement

482 4452 584 4504 Des
622 4453 907 4503 arbalestes
949 4450 987 4501 li
1014 4465 1232 4516 usages,

479 4521 699 4575 Richart
728 4522 817 4590 qui
841 4522 904 4571 de
930 4521 1035 4572 tiea:
1067 4518 1170 4586 [ais
1200 4521 1295 4571 iert
1324 4534 1496 4587 sages,

478 4590 616 4643 Tant
642 4592 742 4643 soit
774 4592 811 4644 il
844 4591 1076 4642 d’autres
1114 4591 1347 4656 déporté,

473 4661 593 4714 ,ι’οι
625 4666 706 4729 poi
729 4662 843 4713 aius
868 4677 931 4713 en
967 4660 1173 4729 France
1201 4661 1404 4725 aporté.

477 4731 536 4785 Si
566 4727 661 4783 con
688 4732 761 4783 les
792 4730 1103 4796 chroniques
1133 4727 1525 4797 desquieurent.

391 4826 553 4949 Helm
582 4824 815 4893 denique
860 4823 1170 4878 Willcltnus
1201 4823 1351 4877 Brito
1375 4862 1390 4887 ,
1429 4824 1522 4879 lil).
1560 4842 1590 4879 v
1620 4827 1683 4881 de
1721 4824 1978 4881 Richardi

391 4908 477 4949 cae
523 4912 549 4947 ε
581 4912 595 4947 :

389 4908 549 4952 cede
581 4912 595 4947 :

476 4988 644 5059 358
672 4987 889 5058 Porrige
914 4986 1144 5059 Guidoni
1164 4988 1410 5042 balistam
1436 4991 1526 5057 qui
1553 5003 1685 5044 tenet
1718 5008 1922 5057 arcum,

477 5059 547 5115 Ut
577 5058 670 5112 sua
698 5076 815 5128 qua:
844 5061 981 5111 misit
1011 5058 1275 5111 Richardo
1308 5062 1471 5113 missa
1504 5065 1761 5123 remittat,

480 5131 595 5183 llac
622 5131 733 5182 rolo
766 5146 867 5181 non
896 5130 1006 5181 alia
1036 5128 1358 5181 Richardum
1383 5140 1545 5183 morte
1575 5135 1764 5197 perire,

479 5198 548 5269 Ut
583 5201 671 5269 qui
709 5198 1053 5268 Francigenis
1078 5199 1282 5252 balista:
1304 5203 1550 5262 primitus
1583 5218 1736 5252 usum

479 5268 743 5332 Tradidit,
771 5270 877 5335 ipse
907 5269 990 5323 sui
1020 5285 1128 5321 rem
1161 5270 1405 5337 primitus
1437 5275 1756 5334 experiatur,

479 5338 749 5409 Quamque
778 5342 910 5392 alios
934 5340 1111 5393 docuit
1144 5341 1196 5391 in
1219 5355 1270 5391 se
1303 5340 1401 5391 vim
1425 5344 1617 5393 sentiat
1648 5344 1799 5395 artis.

410 5432 605 5488 Verum
634 5436 778 5488 unde
808 5431 1072 5501 ejusmodi
1113 5431 1336 5485 balistas
1366 5431 1538 5501 Gratci
1570 5432 1854 5501 τζάγγρας
1884 5451 1973 5487 νυ-

403 5507 599 5568 carittt,
656 5504 815 5573 plane
839 5500 979 5556 mihi
1031 5500 1615 5573 inc0tnper.tum.iNatn
1658 5500 1843 5571 ejnsce
1876 5509 1973 5557 ειενί

404 5572 698 5643 scriptores
755 5572 954 5635 Latini,
1016 5573 1268 5626 Albertus
1321 5574 1422 5640 Λα.
1457 5572 1548 5626 lib.
1581 5589 1640 5636 tt,
1696 5590 1818 5643 cap.
1873 5577 1974 5641 35;

404 5644 480 5696 lib
528 5660 609 5707 ttt,
642 5660 766 5707 cap.
802 5643 1023 5706 big-lib.
1055 5657 1145 5706 v1,
1189 5657 1309 5707 cap.
1359 5643 1415 5705 9,
1452 5642 1539 5707 16,
1566 5654 1619 5698 et
1653 5645 1740 5697 alii
1770 5650 1975 5707 passim

400 5644 480 5696 lib
528 5660 609 5707 ιιι,
642 5660 766 5713 cap.
802 5644 1023 5706 big-lib.
1055 5657 1145 5706 v1,
1189 5657 1309 5707 cap.
1359 5644 1415 5705 9,
1452 5644 1539 5707 l6,
1566 5654 1619 5698 et
1653 5645 1740 5697 alii
1770 5650 1972 5712 passim

401 5729 555 5770 arcus
588 5714 866 5781 baleares;
907 5711 1213 5768 Willelmus
1244 5710 1396 5768 Brito
1432 5713 1564 5769 locis
1614 5716 1816 5781 titatis,
1858 5734 1972 5771 tuo-

2103 3132 2232 3195 quot
2267 3124 2512 3178 meminit
2565 3124 2955 3187 Sanutus,‘lib.
3011 3143 3083 3189 tt,
3132 3136 3269 3195 part.
3312 3124 3405 3188 ιν,
3463 3142 3579 3195 cap.
3609 3128 3667 3193 4,

2101 3194 2219 3264 alite
2257 3210 2404 3264 vero
2462 3205 2815 3248 recensentur
2875 3198 3013 3263 apud
3065 3194 3257 3264 script.
3320 3194 3666 3261 vernaculos,

2100 3262 2369 3316 Arbaleste
2397 3263 2461 3317 de
2487 3281 2597 3325 cor,
2630 3276 2675 3316 et
2705 3265 2820 3335 d’if,
2854 3283 2883 3317 a
2910 3262 3048 3324 tour.
3077 3283 3107 3318 (ι
3138 3262 3418 3334 Ituussepié
3444 3277 3491 3318 et
3533 3284 3566 3319 a
3597 3284 3673 3320 un

2096 3334 2201 3401 pié,
2235 3351 2264 3384 a
2289 3335 2558 3396 baudrier,
2598 3352 2663 3388 att
2710 3334 2986 3397 baudreer.
3019 3346 3066 3389 et
3102 3354 3132 3388 a
3167 3339 3378 3401 tailler;
3423 3337 3557 3390 nihil
3589 3348 3671 3390 ta-

2099 3418 2219 3455 men
2261 3404 2312 3455 in
2344 3404 2427 3456 his
2466 3404 2743 3458 vocabulis
2776 3405 3180 3471 deprehendas,
3227 3408 3367 3474 quod
3401 3410 3466 3459 ad
3498 3405 3666 3474 τζάγ-

2095 3489 2204 3543 Υρα
2239 3487 2423 3526 vocem
2457 3476 2716 3533 accedat,
2760 3484 2923 3543 quam
2957 3479 3116 3529 etiam
3164 3489 3406 3530 extrema
3439 3477 3666 3531 retinuit

2092 3541 2300 3596 Graecia
2321 3583 2335 3605 ,
2378 3558 2504 3614 qtt:e_
2533 3543 2654 3596 inde
2688 3541 3155 3612 τζαγγροτοξότας
3175 3587 3189 3609 ,
3243 3556 3293 3599 et
3320 3546 3663 3614 τζαγγρὰτο-

2092 3628 2219 3732 ρας,
2247 3627 2382 3681 quos
2418 3612 2721 3667 balistarios
2755 3616 2924 3667 nostri
2960 3626 3175 3677 vocant,
3220 3612 3482 3669 ουιιίύοἱὶζ
3505 3612 3665 3684 Apud

2114 3682 2481 3732 ’achvnterem
2512 3684 2725 3732 uuidatn
2768 3683 3005 3732 Σγουοὸε
3042 3687 3525 3732 στοατοπεδάονηε
3555 3688 3665 3732 τῶν

2114 3682 2481 3756 ’achymerem
2512 3684 2725 3751 quidam
2768 3683 3005 3755 Σγουρὸς
3042 3687 3525 3756 στρατοπεδάρχης
3555 3682 3666 3741 τῶν

2089 3750 2541 3821 τζαγὴρατόρωνί
2576 3756 2834 3818 OCcurrit,
2882 3750 3000 3819 qua:
3049 3750 3281 3823 dignitas
3321 3750 3506 3811 eadem
3540 3758 3663 3820 fuit,

2090 3837 2210 3890 qum
2242 3825 2597 3895 scriptoribus
2628 3824 2829 3877 nostris
2880 3826 3098 3891 dicitur,
3141 3826 3187 3879 le
3244 3828 3413 3895 grand
3448 3829 3666 3881 maistre

2089 3896 2177 3944 des
2202 3892 2558 3947 arbalétriers.

2164 3963 2277 4033 (57)
2309 3964 2652 4031 Παχύτατα.
2701 3964 2891 4019 Brevia
2940 3964 3027 4018 illa
3074 3966 3290 4033 quidem
3345 3967 3666 4023 balistarum

2088 4046 2240 4086 erant
2278 4034 2378 4105 tela
2403 4071 2419 4096 ,
2454 4036 2545 4088 sed
2591 4035 2849 4105 Spissiora
2880 4046 2934 4088 et
2965 4037 3135 4089 forma
3182 4038 3482 4105 quadrata;
3523 4039 3667 4093 unde

2084 4103 2634 4226 ﬁtilﬁtéreililﬁsalnostri
2682 4121 2987 4172 quarreaua;
3021 4103 3303 4161 vocabant.
3350 4107 3662 4162 Willelmus

2242 4212 2254 4235 '
2290 4212 2381 4226 ΙΙυΙ
2414 4212 2450 4225 ΙΙ
2481 4212 2495 4225 ο

2158 4263 2272 4336 Nec
2307 4278 2481 4318 tamen
2518 4267 2718 4321 interea
2748 4281 2917 4322 cessat
2955 4271 3170 4333 balista,
3203 4271 3279 4323 vel
3316 4289 3497 4336 arcus,

2157 4335 2472 4399 Quadrellos
2500 4338 2611 4389 hwc
2642 4340 2984 4407 multiplicat,
3015 4342 3146 4406 pluit
3184 4340 3276 4393 ille
3296 4335 3538 4409 sagittas.

2081 4424 2148 4481 G.
2211 4429 2301 4500 tle_
2337 4427 2511 4500 l’odio
2564 4429 2727 4484 Laur.
2786 4448 2911 4500 cap.
2969 4433 3035 4486 57
3074 4450 3087 4486 :
3128 4433 3376 4487 Mortuus
3426 4444 3502 4488 est
3555 4434 3666 4487 ictu

2119 4497 2366 4570 uadrelli.
2425 4498 2704 4570 Querellos
2742 4497 2880 4557 dixit
2929 4502 3198 4570 Rigordtts
3246 4520 3351 4559 non
3384 4504 3575 4569 semel,
3608 4516 3665 4559 et

2111 4567 2250 4622 lath.
2281 4568 2460 4623 Paris.
2493 4568 2576 4626 W.
2602 4570 2812 4636 Guiart,
2842 4589 2933 4627 an.
2969 4567 3106 4628 i219
3138 4590 3151 4627 :

2154 4662 2193 4714 A
2229 4671 2342 4715 tant
2370 4664 2573 4717 tendent
2596 4666 2659 4718 tle
2691 4676 2805 4720 tous
2840 4677 3013 4721 costes

2153 4735 2260 4786 Aus
2290 4737 2572 4787 arbalestes
2605 4738 2834 4800 (levaler,

2156 4801 2225 4854 Et
2264 4806 2381 4870 puis
2419 4807 2632 4858 laissent
2666 4812 2931 4875 quariaua:
2960 4808 3114 4863 aller.

2084 4895 2229 4948 Idem
2268 4899 2319 4950 in
2352 4897 2410 4952 S.
2444 4898 2719 4955 Ludovico
2756 4919 2769 4955 :

2154 4987 2372 5065 ,μεθείη
2403 4990 2590 5065 Alfons
2619 5009 2688 5045 un
2727 4994 2846 5046 iour
2880 4997 3176 5065 ataignent,

2157 5058 2259 5131 Qui
2291 5078 2470 5113 armes
2506 5064 2602 5114 iert
2628 5064 2692 5115 dc
2723 5081 2817 5116 son
2845 5058 3021 5131 atour;

2157 5129 2291 5182 D‘un
2325 5132 2536 5200 quarrel
2561 5131 2875 5188 d‘arbaleste
2901 5152 2932 5189 a
2966 5129 3109 5192 tour.

2080 5221 2152 5275 Le
2190 5224 2387 5277 tloman
2427 5226 2490 5277 dc
2522 5224 2686 5279 Garin
2722 5243 2742 5281 .'

2160 5315 2343 5395 ξξυιρηι
2385 5319 2507 5384 pilet
2540 5318 2658 5385 plus
2688 5338 2784 5390 que
2810 5324 2952 5395 pluie
2985 5341 3085 5392 par
3111 5329 3231 5395 pré,

2157 5386 2217 5437 Et
2252 5390 2322 5439 les
2346 5395 2578 5454 salelles,
2612 5401 2658 5442 et
2692 5386 2908 5446 carriaa:
2936 5386 3201 5463 empen'ez.

2153 5479 2264 5549 (58)
2303 5480 2407 5533 Καὶ
2442 5480 2515 5548 τῇ
2556 5481 2791 5550 ἀφέσει.
2823 5482 3132 5542 thlelmus
3161 5487 3334 5554 Brito,
3367 5488 3459 5542 lib.
3491 5501 3522 5538 ν
3551 5499 3568 5540 :

2152 5568 2324 5646 (ξιιὶάο
2363 5587 2546 5646 nucem
2571 5577 2726 5646 volvit
2753 5575 2960 5630 balistae
2998 5577 3191 5646 pollice
3219 5578 3369 5642 lwro,

2156 5642 2353 5714 Dextra
2381 5644 2568 5709 premi:
2608 5645 2831 5707 clavem,
2866 5642 3029 5701 sonat"
3056 5664 3161 5700 una
3199 5663 3406 5714 nervus,
3427 5654 3474 5700 et
3500 5657 3615 5698 ecce

2150 5710 2217 5764 1n
2244 5711 2373 5781 regis
2405 5714 2623 5783 scopula
2650 5717 2829 5772 stabat
2866 5716 3053 5787 fatalis
3093 5719 3324 5774 arundo.
