4088 6404
428 202 527 271 ’151
1733 207 1962 270 ᾹΝΝιΕ
1996 207 2377 273 (ΞΟΜΝΕΝΑΕ
3583 216 3700 285 ’152

431 323 758 394 perforetur,
812 334 865 378 et
898 322 1066 377 lorica
1096 319 1387 392 quantovis
1419 333 1525 376 mre
1561 335 1762 392 rigens,
1811 337 1920 378 non
1948 336 2010 378 ea

2122 325 2292 395 τείχει
2314 324 2687 394 ὲμπεπτωκδς
2729 327 2999 400 μεγίστης
3044 329 3276 393 πόλεως,
3317 330 3351 402 ἢ
3382 332 3475 387 ἐπὶ
3507 333 3698 388 τᾶνδον

433 411 606 468 sutum
658 422 814 484 parte
864 429 968 483 qua
1025 412 1187 467 telum
1237 410 1457 481 excipit,
1508 426 1698 468 verum
1746 411 1913 467 etiam
1959 413 2010 469 in

2121 415 2405 487 προῦκυψε
2439 416 2535 472 τοῦ
2561 418 2751 490 βέλους
2771 420 2807 489 ἡ
2838 421 3017 494 ἀκμὴ,
3049 424 3082 494 ἢ
3109 422 3393 486 ἐνδεδυκὸς
3437 425 3582 478 κατὰ
3636 426 3699 480 τὺ

434 504 658 559 adversa
696 503 984 574 superﬁcie
1036 517 1131 573 per
1181 502 1467 573 trajectum
1499 500 1765 557 diametro
1815 517 2010 572 corpus

2121 507 2288 575 μέσον
2321 508 2416 563 τοῦ
2440 508 2678 580 τείχους,
2720 511 2928 581 ἀφανὲς
2970 514 3186 582 γέγονε.
3224 513 3300 567 Τὸ
3336 514 3438 584 μὲν
3477 510 3571 571 οὖν
3599 514 3701 584 τῆς

438 595 959 663 transverberelur;
1014 595 1149 650 adeo
1200 594 1334 649 nihil
1369 594 1508 648 hunc
1540 595 1706 650 ictum
1761 593 2010 665 frustrari

432 694 631 758 potest.
655 686 796 757 Quin
814 690 976 741 etiam
1015 686 1194 741 ferunt
1225 686 1485 757 ejusmodi
1517 686 1606 740 teli
1627 687 1743 742 acie
1770 686 2012 758 transﬁgi

435 780 650 848 signum
679 794 897 834 amcam
927 820 940 833 .
976 789 1027 833 et
1075 779 1117 833 si
1167 778 1435 833 mamilius
1479 777 1717 834 civitatis
1771 780 2017 834 maximae

436 869 733 940 impactum
769 872 949 936 fuerit,
983 883 1293 924 mucronem
1339 869 1714 936 perterebrata
1761 885 1918 924 muro
1951 871 2016 925 ab

435 962 678 1017 interiori
708 961 855 1016 urbis
877 973 1030 1031 parte
1058 959 1407 1029 spectandum
1434 976 1493 1015 se
1516 961 1680 1028 dare;
1722 970 1815 1016 aut
1845 972 2014 1028 certe,

435 1057 480 1110 si
514 1057 750 1110 crassior
777 1069 964 1108 murus
998 1054 1183 1117 fuerit,
1226 1063 1400 1107 totum
1428 1053 1485 1109 in
1518 1054 1635 1124 ejus
1671 1055 1848 1110 medio
1879 1057 2018 1109 hau-

435 1156 580 1202 stum
613 1155 777 1216 atque
830 1146 1077 1201 abditum
1134 1162 1378 1202 manere.
1414 1145 1562 1202 Talis
1614 1146 1862 1217 quaedam
1902 1162 2019 1201 nia-

431 1243 591 1296 cliina
651 1252 871 1311 tzangra
919 1248 1037 1306 est;
1094 1239 1455 1293 daemonicum
1527 1238 1685 1309 plane
1736 1238 2017 1292 inventum

430 1332 742 1388 hominibus
772 1330 1084 1402 perdendis.
1113 1328 1391 1400 Siquidem
1424 1344 1585 1398 quem
1616 1331 1716 1383 hoc
1749 1328 2019 1383 tormenti)

429 1424 601 1493 pestis
649 1437 879 1477 excussa
913 1421 1230 1492 perculerit,
1272 1420 1638 1475 miserrimum
1677 1418 1845 1474 semel
1873 1418 2017 1472 abri-

430 1515 533 1585 pit,
565 1515 682 1570 sine
713 1514 935 1568 remedii
967 1528 1082 1582 Spe,
1115 1512 1231 1567 sine
1262 1511 1432 1581 plagae
1464 1526 1629 1565 sensu
1662 1510 2014 1564 morientem.

430 1606 673 1662 Mariano
707 1606 873 1674 igitur
904 1604 1165 1659 emissum
1198 1611 1421 1673 tzangra
1449 1601 1688 1669 jaculum
1717 1601 1773 1655 in
1806 1600 2016 1669 galeam

2118 594 2365 669 τζάγρας
2393 602 2628 670 πρᾶγμα
2658 599 2903 657 τοιοῦτόν
2922 604 3073 656 ἐστιν
3098 603 3175 667 ὡς
3196 604 3366 667 ὅντως
3394 604 3699 675 δαιμόνιον,

2117 691 2147 743 ὁ
2163 690 2218 744 δὲ
2244 692 2562 762 πειρασθεὶς
2584 692 2685 762 τῆς
2709 694 2776 747 ἐκ
2811 693 3006 748 τούτου
3039 694 3253 765 πληγῆς
3282 694 3614 759 ἀθλιώτατος
3631 697 3700 763 ⁸⁷,

2118 782 2463 853 ἀναισθήτως
2526 784 2914 853 ἀποθνήσκων,
2964 788 3058 841 καὶ
3121 787 3261 857 μηδὲ
3311 786 3416 856 τῆς
3480 786 3702 857 πληγῆς

2119 874 2296 944 ὁπόση
2326 874 2412 939 τίς
2461 878 2610 931 ἐστιν
2639 876 3053 948 αἱσθανὸμενος.
3090 877 3164 931 Τὸ
3195 879 3295 948 μὲν
3334 873 3428 933 οὖν
3456 878 3569 933 ἀπὸ
3604 879 3705 947 τῆς

2117 964 2372 1037 τξάγρας
2404 965 2558 1036 βέλος
2592 967 2836 1037 ἐμπεσὸν
2867 967 2947 1037 τῷ
2971 968 3128 1037 ἄκρῳ
3157 959 3255 1038 τῆς
3291 966 3546 1038 κόρυθος,
3583 967 3704 1038 διή-

2119 1058 2286 1112 λασεν
2318 1058 2491 1129 αὐτὴν
2517 1058 2794 1125 άποπτὰν,
2831 1058 2942 1113 οὐδ’
2973 1058 3103 1131 ἄχρι
3136 1060 3326 1130 τριχὸς
3354 1060 3452 1113 τοῦ
3479 1061 3699 1131 Μαρια.

2121 1150 2214 1204 νοῦ
2251 1148 2629 1220 ἐφαψάμενον·
2657 1150 2891 1220 Πρόνοια
2920 1150 3028 1221 γὰρ
3054 1149 3336 1219 ἁπείρξεν.
3393 1149 3453 1203 '0
3478 1148 3537 1203 δὲ
3570 1166 3703 1220 γορ-

2121 1238 2234 1305 γῶς
2263 1238 2424 1292 ἄλλον
2445 1238 2589 1293 κατὰ
2605 1236 2700 1291 τοῦ
2723 1238 2965 1308 κόμητος
2994 1239 3250 1306 ἐπαφιεὶς
3279 1237 3483 1303 ὀῖστδν,
3515 1237 3701 1309 πλήτο

2117 1348 2201 1383 τει
2260 1329 2452 1383 τοῦτον
2521 1330 2665 1383 κατὰ
2724 1327 2819 1383 τοῦ
2879 1328 3185 1399 βραχίονος,
3231 1329 3291 1393 ὃς
3343 1328 3444 1401 τὴν
3498 1330 3704 1385 ἀσπίδα

2119 1423 2432 1494 διατρήσας
2483 1421 2574 1476 τόν
2636 1439 2697 1476 τε
2755 1421 3051 1491 φολιδωτὸν
3099 1421 3429 1492 διεληλυθὼς
3476 1421 3705 1490 θώρακα

2120 1499 2217 1566 καὶ
2246 1512 2421 1580 αὐτῆς
2448 1510 2631 1581 ἥψατο
2659 1510 2760 1581 τῆς
2792 1509 3061 1579 πλευρᾶς.
3108 1509 3313 1579 Ἰερεὺς
3342 1510 3399 1562 δέ
3422 1527 3507 1574 τις
3537 1511 3705 1564 Λατῖ-

2122 1618 2209 1662 νος
2238 1600 2698 1668 τρισκαιδέκατος
2746 1598 3035 1669 τυγχάνων
3070 1598 3180 1653 τῶν
3217 1598 3319 1651 σὺν
3344 1598 3495 1667 αὐτῷ
3524 1615 3703 1668 μαχο·

431 1698 679 1753 incidens
708 1711 1001 1761 summam,
1051 1693 1283 1765 diffregit
1330 1694 1541 1759 obiter,
1592 1693 1711 1763 ejus
1751 1693 2010 1749 verticem

2127 1692 2330 1763 μένων,
2389 1692 2552 1746 τοῦτο
2616 1689 2982 1762 θεασάμενος,
3021 1690 3335 1762 πρυμνόθεν
3391 1689 3701 1762 ἱστάμενος,

430 1786 797 1852 transvolans,
852 1792 1015 1854 caput
1043 1784 1222 1854 ipsum
1275 1797 1341 1836 nc
1372 1781 1553 1850 capilli
1596 1780 1815 1851 quidem
1853 1793 2014 1837 tenus

429 1879 672 1946 strinxit,
728 1877 838 1934 Deo
893 1882 1231 1947 protegente.
1290 1872 1542 1930 lrritatus
1601 1875 1754 1930 ferox
1796 1875 2015 1945 juvenis

431 1970 596 2027 telum
640 1969 804 2024 librat
851 1970 905 2021 in
955 1967 1170 2022 comitis
1216 1966 1513 2023 collineans
1548 1960 1874 2035 brachium;
1915 1982 2016 2024 nec

432 2059 708 2115 aberravit
745 2067 841 2112 aut
871 2056 1085 2127 repulsa
1139 2059 1332 2128 sagitta
1362 2070 1466 2123 est,
1514 2062 1609 2115 sed
1663 2063 2014 2116 transadacto

426 2151 619 2224 clypeo
649 2165 750 2222 per
795 2151 1041 2205 intimam
1072 2158 1128 2205 et
1178 2151 1353 2220 ipsam
1410 2151 1458 2205 vi
1496 2153 1782 2221 trajectum
1831 2152 2014 2208 lorica:

427 2243 683 2298 laminam
714 2243 853 2298 latus
882 2241 1064 2296 hausit
1092 2242 1219 2297 viri.
1274 2241 1401 2296 Erat
1435 2241 1752 2298 intimorum
1780 2245 2008 2300 commi-

426 2334 656 2389 litonum
716 2333 937 2389 comitis
1009 2333 1167 2388 istius
1218 2334 1409 2390 tertius
1460 2335 1703 2392 decimus
1756 2339 2012 2393 sacerdos

427 2425 657 2487 Latinus
710 2427 953 2498 quidam.
995 2426 1159 2498 292
1217 2426 1266 2481 is
1323 2427 1705 2483 animadverso
1761 2444 1793 2484 e
1847 2430 2009 2500 puppi

425 2518 653 2574 Mariaui
683 2533 818 2574 ausu
852 2518 906 2574 in
942 2519 1219 2583 comitem,
1254 2519 1444 2574 multis
1476 2520 1712 2575 vicissim
1743 2520 2012 2578 ulciscens

418 2611 656 2680 jactibus
712 2611 1023 2666 Marianum
1096 2611 1269 2680 petiit,
1342 2626 1442 2667 nec
1490 2612 1665 2682 ipsum
1724 2624 2011 2684 propterea

424 2710 754 2769 cessantem,
786 2702 881 2757 sed
910 2712 966 2757 et
998 2717 1096 2770 pro
1139 2717 1197 2757 se
1230 2712 1559 2773 pugnantem
1584 2704 1758 2775 ipsum
1789 2715 2012 2763 strenue

424 2804 483 2851 et
514 2809 642 2850 suos
689 2795 757 2849 ad
808 2808 1070 2865 generose
1126 2809 1239 2849 rem
1290 2797 1582 2865 gerendam
1648 2798 2008 2858 animantem.

424 2885 614 2958 Pugna
658 2886 732 2943 ibi
766 2887 1078 2944 conseritur
1105 2896 1214 2942 tam
1243 2898 1467 2944 cruenta
1502 2899 1560 2943 ut
1611 2888 1790 2947 Latini
1823 2908 2009 2949 sacer-

424 2978 573 3033 d0tis
604 2976 805 3032 milites
854 2992 959 3048 qua
990 2978 1306 3034 vulneribus
1353 2979 1638 3050 debilitati,
1691 2999 1796 3053 qua
1831 3000 2008 3056 pugna

421 3070 558 3127 fessi
596 3069 759 3125 tertio
793 3064 1034 3125 mutandi
1064 3071 1222 3126 novis
1245 3072 1661 3130 succedentibus
1696 3076 1916 3135 fuerint.
1941 3079 2011 3134 At

420 3163 686 3221 sacerdos
720 3162 906 3219 multis
958 3163 1132 3235 plagis
1186 3162 1503 3229 transfixus,
1552 3180 1855 3237 cruoreque
1900 3171 2010 3227 cir-

424 3253 748 3319 cuinﬂuens,
775 3256 1053 3324 perstabat
1084 3263 1265 3312 tamen
1295 3256 1349 3311 in
1380 3257 1501 3313 loco
1519 3259 1660 3314 idem
1679 3259 2010 3332 intrepidus.

421 3345 542 3404 Non
572 3346 716 3404 enim
746 3363 865 3417 qua:
899 3349 1036 3418 apud
1078 3363 1177 3403 nos
1203 3350 1346 3416 viget
1379 3352 1734 3407 sacerdotalis
1766 3352 2012 3412 lenitatis

423 3438 710 3510 disciplina
743 3438 952 3494 Latinis
1000 3441 1054 3495 in
1083 3456 1180 3495 usu
1209 3456 1425 3512 quoque
1455 3452 1560 3499 est.
1618 3443 1729 3501 Nos
1763 3447 2015 3503 videlicet

424 3534 600 3590 sacris
657 3532 793 3604 jussi
847 3533 1150 3587 canonibus
1202 3548 1267 3587 ac
1312 3534 1543 3603 legibus,
1594 3537 2013 3610 evangelicoque

422 3623 545 3695 ipso
578 3626 821 3695 persuasi
850 3626 1121 3696 dogmate,
1166 3626 1444 3681 sancimus
1474 3626 1603 3682 illud
1631 3628 2010 3689 observatione

420 3717 680 3774 inviolata
711 3718 883 3772 teneri
914 3718 1133 3772 solitum
1169 3734 1184 3771 :
1225 3716 1303 3772 Ne
1332 3718 1590 3789 stringas,
1624 3736 1691 3776 ne
1721 3723 2006 3794 inclames,

417 3823 490 3865 ne
535 3818 742 3880 tangas,
779 3811 1034 3866 sacerdos
1066 3810 1211 3864 enim
1241 3824 1322 3866 es.
1366 3813 1436 3866 At
1477 3812 1743 3870 barbarus
1785 3815 2011 3873 Latinus

424 3900 589 3955 simul
643 3911 807 3972 atque
841 3902 1092 3957 initiatus
1141 3903 1315 3957 sacris
1351 3904 1621 3973 primitias
1654 3908 1908 3963 sacrificii
1943 3910 2010 3964 li-

419 3993 653 4058 liaverit,
700 3994 891 4065 clypeo
941 3995 1125 4049 statim
1160 3993 1213 4047 in
1266 3994 1454 4051 laevam
1496 3996 1723 4065 inserto,
1764 4011 2014 4072 correpta

421 4087 477 4141 in
505 4086 787 4140 dexteram
815 4087 1139 4156 vibrataque
1164 4086 1372 4155 lancea,
1401 4088 1565 4144 simul
1596 4091 1836 4147 divinum
1867 4108 2019 4149 como

2122 1785 2327 1850 πολλάς
2383 1785 2598 1857 βολίδας
2655 1784 2801 1843 κατὰ
2859 1785 2957 1839 τοῦ
3022 1784 3307 1857 Μαριανοῦ
3364 1785 3702 1854 ἐξέπεμψεν.

2136 1879 2279 1934 Ἀλλ’
2305 1879 2414 1932 οὐδ’
2444 1880 2472 1931 ὁ
2500 1878 2777 1950 Μαριανὸς
2829 1876 3093 1940 ἐνεδίδου,
3145 1875 3308 1940 αὐτός
3337 1894 3397 1930 τε
3444 1876 3705 1946 ἐκθύμως

2125 1972 2438 2043 μαχόμενος
2463 1971 2559 2025 καὶ
2582 1972 2697 2035 τοῖς
2730 1968 2824 2023 ὑπ’
2855 1969 3019 2025 αὐτὸν
3044 1969 3205 2023 τοῦτο
3258 1967 3703 2040 παρακελευόμε-

2122 2088 2235 2135 νος,
2265 2071 2341 2134 ὡς
2372 2069 2669 2140 τρισσάκις
2716 2067 2845 2130 τοὺς
2903 2066 3043 2138 μετὰ
3094 2066 3191 2119 τοῦ
3232 2066 3468 2121 Λατίνου
3512 2066 3705 2137 ἱερέως

2122 2161 2544 2233 ὐπαλλαχθῆναι
2586 2160 3062 2232 τιτρωσκομένους
3108 2175 3170 2212 τε
3217 2161 3309 2213 καὶ
3367 2159 3703 2224 κοπιῶντας.

2120 2255 2230 2310 Καὶ
2264 2253 2428 2318 αὐτὸς
2449 2253 2507 2307 δὲ
2535 2253 2564 2305 ὁ
2598 2252 2781 2322 ἱερεὺς
2808 2247 2911 2305 κᾶν
2943 2250 3150 2314 πολλὰς
3176 2250 3277 2314 τὰς
3311 2250 3527 2320 πληγάς
3558 2250 3708 2304 δεδε-

2119 2345 2323 2418 γμένος
2354 2340 2425 2417 ἦν
2469 2345 2568 2399 καὶ
2592 2343 2673 2414 τῷ
2711 2343 2827 2414 ἰδίῳ
2868 2342 3068 2412 αῐματι
3102 2344 3523 2414 περιρεόμενος,
3586 2340 3706 2395 ἀλλ’

2119 2440 2269 2510 ὅμως
2310 2437 2576 2509 ἄτρεστος
2597 2431 2689 2508 ἦν.
2729 2436 2803 2490 Οὐ
2830 2434 2941 2504 γὰρ
2995 2435 3141 2488 κατὰ
3192 2435 3261 2489 τὰ
3291 2434 3432 2487 αὐτὰ
3484 2435 3618 2503 ἡμῖν
3646 2450 3705 2487 τε

2120 2532 2212 2585 καὶ
2250 2532 2363 2595 τοῖς
2410 2529 2670 2593 Λατίνοις
2719 2531 2849 2599 περὶ
2896 2529 3006 2581 τῶν
3061 2528 3378 2598 ἱερωμένων
3436 2527 3703 2581 δέδοκται.

2133 2624 2275 2679 Ἀλλ’
2307 2626 2473 2695 ἡμεῖς
2501 2623 2603 2694 μὲν
2648 2622 3031 2693 ὲντετάγμεθα
3056 2620 3103 2654 ⁸⁸
3138 2620 3295 2689 παρά
3343 2637 3402 2673 τε
3433 2619 3541 2672 τῶν
3606 2636 3705 2671 κα-

2121 2718 2294 2773 νόνων
2326 2720 2422 2772 καὶ
2448 2718 2633 2789 νόμων
2682 2718 2780 2771 καὶ
2841 2716 2937 2770 τοῦ
2992 2713 3352 2784 εὐαγγελικοῦ
3407 2712 3701 2780 δόγματος,

2119 2811 2213 2882 Μὴ
2246 2810 2421 2884 Mitis
2460 2809 2537 2881 μὴ
2564 2810 2795 2882 γρύξῃς,
2829 2808 2904 2880 μὴ
2930 2806 3068 2879 ἅψῃ.
3122 2803 3421 2876 ἱερωμένος
3453 2803 3562 2873 γὰρ
3594 2796 3645 2853 εἳ
3680 2814 3699 2833 '

2119 2905 2148 2956 ὁ
2192 2901 2249 2955 δέ
2277 2919 2361 2955 τοι
2407 2901 2684 2971 βάρϐαρος
2731 2900 2966 2961 Λατῖνος
3013 2896 3126 2969 (39)
3191 2898 3309 2967 ἅμα
3363 2911 3424 2948 τε
3470 2894 3539 2947 τὰ
3583 2893 3705 2947 θεῖα

2039 3044 2083 3101 c
2124 2995 2563 3065 μεταχειριεῖται
2593 2993 2691 3046 καὶ
2716 2990 2814 3062 τὴν
2843 2990 3046 3045 ἀσπίδα
3071 2990 3165 3043 ἐπὶ
3190 2987 3285 3043 τοῦ
3322 2985 3481 3041 λαιοῦ
3540 2985 3710 3055 θέμε-

2345 3086 2357 3101 \
2437 3085 2449 3100 ε
2496 3085 2546 3101 ss
2691 3078 2770 3101 ηέι
2810 3081 2833 3101 r
2867 3083 2892 3101 st
2926 3084 2941 3101 ι
2994 3080 3434 3101 ,,__-_-\-_1_-_-,,_-
3485 3074 3705 3101 1.--1’._-

2120 3105 2236 3152 νος,
2267 3086 2367 3141 καὶ
2402 3085 2463 3138 τὸ
2492 3085 2622 3154 δόρυ
2654 3078 2896 3156 τῇδεξιᾷ
2922 3080 3458 3150 ἐναγκαλισάμενος,
3483 3074 3620 3146 ὁμοῦ
3644 3090 3706 3128 τε

2124 3177 2456 3249 μεταδίδωσι
2487 3175 2584 3228 τοῦ
2610 3174 2758 3227 θείου
2784 3173 3037 3243 σώματός
3062 3188 3119 3223 τε
3158 3170 3253 3223 καὶ
3294 3159 3551 3238 αἵματος,
3608 3166 3706 3219 καὶ

2121 3269 2305 3339 φόνιον
2331 3270 2454 3339 ὁρᾷ,
2489 3267 2586 3322 καὶ
2621 3266 2871 3338 αἱμάτων
2907 3264 3051 3335 ἀνὴρ
3082 3264 3226 3317 κατὰ
3271 3261 3363 3314 τὸν
3416 3257 3707 3312 Δαυῖτικὺν

2114 3360 2333 3432 ψαλμὸν
2386 3360 2624 3427 γίνεται.
2679 3356 2868 3419 Οὕτως
2919 3356 3038 3408 ἐστὶ
3096 3354 3159 3406 τὸ
3206 3351 3485 3422 βάρϐαρον
3542 3347 3710 3401 τοῦτο

2117 3450 2302 3519 γένος,
2337 3449 2441 3520 οὐχ
2495 3442 2660 3520 ἦττον
2718 3443 3062 3517 ἱερατικὸνῆ
3096 3441 3487 3514 φιλοπόλεμον.
3536 3432 3710 3500 Οὗτος

2116 3542 2300 3597 τοίνυν
2344 3540 2585 3613 ὀρέκτης
2649 3538 2854 3610 μᾶλλον
2878 3538 2912 3608 ἢ
2949 3537 3157 3607 ἱερεὺς,
3190 3533 3331 3605 ὁμοῦ
3362 3550 3423 3587 τε
3476 3534 3575 3587 καὶ
3605 3531 3708 3602 τὴν

2122 3633 2407 3706 ἱερατικὴν
2445 3631 2641 3699 στολὴν
2679 3629 3050 3684 ἐνεδιδύσκετο
3073 3628 3169 3680 καὶ⁵
3195 3626 3297 3695 τὴν
3328 3623 3527 3695 κώπην
3564 3638 3700 3693 μετ-

2118 3724 2442 3795 εχειρίζετο,
2502 3723 2596 3775 καὶ
2630 3720 2769 3793 πρὸς
2816 3720 3074 3774 ναυτικὸν
3121 3716 3362 3787 πόλεμον
3397 3714 3493 3767 καὶ
3518 3715 3698 3784 μάχην

2118 3817 2323 3889 ἀφώρα
2350 3815 2494 3871 κατὰ
2524 3813 2750 3876 ταύτὸν,
2781 3812 2877 3867 καὶ
2908 3811 3157 3882 θαλάσσῃ
3209 3808 3305 3863 καὶ
3334 3806 3561 3878 ἀνδράσι
3597 3820 3704 3873 μα-

2121 3911 2373 3982 χόμενος*
2408 3910 2476 3964 τὰ
2504 3908 2616 3978 γὰρ
2646 3906 2898 3978 ἡμέτερα
2935 3903 3189 3973 καθάπερ
3216 3902 3390 3972 ἔφθην
3422 3899 3703 3969 εἱρηκυία,

2117 4004 2220 4074 τῆς
2264 4000 2478 4074 Ἀαρὼν
2530 4000 2630 4054 καὶ
2662 3997 2911 4061 Μωσέως
2947 3996 3045 4052 καὶ
3097 3994 3193 4049 τοῦ
3223 3992 3349 4047 καθ’
3372 3993 3521 4064 ἡμᾶς
3556 3986 3710 4058 πρώο

2115 4113 2215 4150 του
2246 4097 2552 4167 ἀρχιερέως
2592 4092 2918 4164 ἐξήρτηται.

419 4178 665 4236 inunicat
710 4193 910 4247 corpus
958 4194 1021 4233 ac
1102 4180 1447 4248 sanguinein,
1500 4182 1660 4238 simul
1709 4193 1927 4241 torvum
1976 4201 2045 4244 ac
2074 4188 2487 4259 sanguinarium
2519 4197 2724 4254 tuetur,
2790 4185 3081 4254 designans
3105 4180 3174 4237 ad
3199 4177 3400 4235 credent
3454 4176 3704 4234 homines

1500 4275 1701 4338 Variae
1741 4276 2049 4343 lectiones
2085 4298 2160 4343 ex
2206 4280 2352 4341 cod.
2386 4278 2658 4342 Coislin.

490 4374 536 4405 ¹²
554 4371 890 4428 ἀθλιώτατα.
989 4375 1035 4408 ³⁸
1070 4372 1461 4445 ὲντετάλμεθα.

1494 4473 1628 4534 Car.
1666 4469 1986 4533 Dufresnii
2024 4472 2119 4533 Du
2151 4470 2364 4548 Cangii
2400 4478 2589 4530 notae.

490 4575 603 4645 (39)
628 4574 905 4645 ᾼατῒνος.
931 4575 984 4627 Ιιι
1012 4577 1173 4629 ctiam
1196 4575 1404 4629 Latinis
1437 4574 1709 4645 objectum
1737 4590 1766 4626 a
1792 4570 1999 4645 Graecis
2032 4579 2074 4633 ι)
2104 4592 2154 4630 c.
2179 4574 2238 4636 εἰς
2269 4572 2434 4643 359
2459 4570 2664 4645 ltiptin.
2684 4586 2734 4624 c.
2754 4569 3352 4645 ‘2_;_Ver_meriense,qan.
3379 4571 3506 4645 ἷξε,
3536 4586 3585 4645 c_.
3608 4572 3699 4644 16;

417 4643 609 4703 scribit
644 4644 835 4698 Petrus
865 4648 1083 4700 Uiacon.
1119 4646 1213 4699 lib.
1253 4661 1303 4699 tv
1331 4645 1527 4701 Chron.
1568 4644 1754 4700 Casia.
1782 4659 1831 4697 c.
1874 4643 1999 4710 H7,

418 4718 559 4785 apud
587 4731 747 4784 quem
786 4713 1006 4769 Graecus
1044 4719 1121 4770 sic
1158 4715 1350 4771 Latino
1399 4716 1562 4768 inlert
1600 4731 1613 4767 :
1647 4712 1715 4766 In
1765 4715 2009 4785 occiden-

421 4784 519 4841 mu
573 4787 786 4839 climate
845 4788 1206 4853 propheticum
1238 4786 1371 4839 illud
1408 4786 1646 4839 videmus
1682 4784 1956 4853 impletum
1988 4802 2007 4841 .'

422 4859 543 4912 Erit
576 4866 631 4909 ut
664 4852 887 4922 populiis
922 4858 996 4909 sic
1019 4856 1285 4918 sacerdos,
1320 4872 1436 4908 cum
1468 4855 1741 4924 pontiﬁces
1769 4852 1836 4907 ad
1873 4854 2010 4910 bella

422 4927 718 4996 prodeant,
785 4938 838 4977 ut
875 4941 1009 4992 pupa
1043 4938 1209 4981 restet-
1270 4922 1609 4979 Innocentius
1667 4922 1816 4992 facit.
1858 4924 2012 4991 Quod

420 4995 631 5064 quidem
660 5035 676 5061 ,
721 5005 779 5048 ut
807 5002 877 5049 ait
920 5004 1112 5051 t'e'rus
1144 4995 1458 5059 Damianus,
1507 4996 1602 5049 lib.
1634 5009 1685 5049 tv
1708 5033 1723 5059 ,
1759 4996 1917 5064 epist.
1952 4999 2007 5062 9,

420 5067 553 5119 satis
590 5068 794 5119 videtur
825 5068 1111 5120 absurJum
1139 5106 1155 5134 ,
1205 5077 1260 5118 ut
1298 5067 1401 5134 ipsi
1461 5065 1674 5119 Domini
1712 5066 2008 5121 sacerdotes

420 5146 702 5199 uttentent,
733 5138 871 5205 quod
903 5140 1070 5192 turbis
1108 5137 1413 5205 vulgaribus
1444 5135 1773 5205 prohibetur,
1797 5144 1843 5189 et
1870 5141 2008 5204 quod

420 5208 589 5260 verbis
628 5208 937 5276 impugnam
964 5246 977 5271 ,
1029 5209 1272 5275 operibus
1305 5218 1566 5260 asseram.
1621 5205 1685 5260 Et
1731 5222 1863 5259 sane
1901 5225 2008 5262 non

420 5278 622 5346 injuria
650 5279 701 5331 iu
729 5288 869 5349 nosti
887 5278 932 5331 is
967 5278 1237 5349 objeetuni
1258 5294 1286 5349 ;A
1311 5292 1433 5331 nam
1463 5279 1565 5332 etsi
1609 5277 1725 5347 lege
1746 5278 2009 5331 ecclesia-

421 5350 558 5402 etim
600 5357 652 5401 et
684 5347 1045 5402 conciliorum
1076 5347 1378 5403 canonibus
1406 5362 1555 5401 arma
1588 5356 1825 5402 tractare
1852 5357 2004 5401 veta-

420 5431 611 5472 rentur
646 5420 981 5490 sacerdotes,
1010 5433 1151 5490 saepe
1190 5429 1369 5490 tamen
1403 5418 1631 5490 legimus
1664 5418 1795 5487 ipsis
1830 5418 2004 5472 inter-

422 5489 591 5541 fuisse
627 5487 849 5557 praeliis,
901 5490 954 5542 in
1010 5489 1186 5559 iisque
1239 5487 1789 5544 acriter'diinicasse.
1823 5490 2002 5557 Atque

420 5573 588 5628 pravo
623 5559 761 5629 mori
811 5558 901 5613 isti
946 5560 1330 5614 ascribendum
1353 5597 1368 5625 ,
1403 5560 1547 5629 quod
1580 5573 1731 5611 arma
1768 5569 2001 5629 tractare

426 5626 520 5681 aut
547 5629 691 5684 ferre
716 5626 932 5683 clericis
983 5629 1312 5684 interdicunt
1339 5626 1538 5698 passim
1575 5628 1800 5683 concilia
1828 5628 1999 5685 Galli-

428 5711 565 5753 cana
598 5710 654 5755 et
690 5699 1072 5769 provincialia,
1104 5698 1379 5757 llerdcnse
1400 5739 1417 5769 ,
1450 5716 1497 5757 c.
1545 5700 1612 5764 i;
1650 5698 1934 5755 Matiscon.
1970 5720 2001 5775 ιι

2108 4642 2882 4711 ϐοαοχᾚιιτοιὶιιηθρίει.ΤΙ;
2915 4642 3160 4711 Capitula
3192 4642 3391 4697 selecta
3414 4642 3597 4697 Caroli
3625 4642 3697 4700 Μ,

2108 4731 2200 4770 an.
2238 4712 2367 4779 800,
2404 4728 2525 4781 cap.
2558 4710 2616 4776 2,
2654 4712 2711 4775 5,
2742 4710 2775 4764 ι
2809 4722 2865 4765 et
2895 4711 2950 4776 5,
2981 4710 3122 4781 apud
3161 4712 3441 4765 Sirmond.
3485 4723 3618 4769 tom.
3659 4714 3702 4769 Il

2107 4784 2314 4841 Concil.
2334 4799 2354 4848 ;
2375 4781 3025 4852 Capitulareepiscopor.
3057 4798 3148 4835 an.
3184 4781 3312 4846 802,
3343 4797 3393 4836 c.
3427 4784 3528 4849 i8;
3556 4793 3698 4851 apud

2108 4856 2385 4920 eumdem,
2426 4850 2637 4908 Concil.
2686 4850 2929 4921 alogum.
2989 4867 3080 4905 an.
3131 4852 3259 4918 815,
3312 4868 3364 4908 c.
3405 4853 3505 4919 i7;
3568 4853 3705 4909 Mel-

2111 4926 2299 4993 dense,
2358 4942 2451 4979 an.
2501 4922 2626 4979 845.
2660 4938 2710 4978 c.
2744 4923 2857 4994 57;,
2897 4921 3135 4991 Capitul.
3174 4923 3400 4994 Herardi
3452 4924 3697 4994 arcbiep.

2112 4992 2423 5053 Turonens.
2460 5011 2581 5065 mp.
2618 4995 2709 5059 50,
2768 4993 2904 5061 H5;
2958 4994 3261 5047 Concilium
3310 4992 3691 5065 bieteiise,_an.

2110 5067 2237 5135 888,
2274 5082 2323 5120 c.
2355 5068 2409 5130 6,
2442 5062 2548 5120 etc'.
2586 5065 2868 5135 Observat
2889 5078 3061 5135 porro
3082 5063 3373 5118 cardinalis
3403 5062 3692 5135 Duronius,

2111 5132 2367 5200 an.'888.
2401 5134 2792 5190 exsecrandum
2824 5132 2982 5203 plane
3014 5134 3104 5187 diu
3144 5133 3446 5188 istiusmodi
3480 5132 3693 5203 facinus

2108 5209 2400 5265 iuolevisse
2432 5208 2484 5259 in
2513 5204 2723 5266 Galliis.
2756 5201 2958 5258 ut‘tam
2991 5204 3254 5274 episcopi,
3281 5218 3440 5272 quam
3470 5201 3693 5274 abbates

2109 5281 2176 5335 ad
2209 5277 2347 5335 bella
2384 5275 2765 5347 procederent,
2798 5274 2850 5327 in
2885 5270 3066 5329 hostes
3086 5270 3387 5347 irruerent,
3427 5270 3699 5347 caederent

2110 5351 2278 5421 ipsos,
2311 5355 2367 5402 et
2385 5341 2458 5401 ab
2496 5346 2628 5421 ipsis
2664 5347 3051 5421 crederentur,
3078 5346 3307 5421 jureque
3336 5341 3696 5421 conqueritur

2110 5413 2178 5476 a'b
2210 5420 2327 5489 ejus
2354 5413 2617 5489 temporis
2644 5415 3008 5489 scriptoribus
3041 5413 3286 5469 laudatos
3336 5413 3561 5483 reperiri
3597 5428 3697 5469 no-

2111 5485 2257 5547 mine
2287 5485 2496 5544 bellicae
2531 5485 2886 5549 fortitudinis,
2924 5501 3047 5539 cum
3094 5493 3354 5552 tanquam
3410 5499 3697 5538 sacrorum

2109 5574 2377 5616 canonum
2406 5557 2724 5620 violatores,
2777 5566 2831 5610 et
2867 5558 3106 5611 muneris
3152 5555 3442 5624 pastoralis
3487 5566 3538 5608 et
3601 5573 3699 5609 no-

2110 5633 2275 5687 minis
2303 5629 2613 5682 desertores
2641 5626 2947 5682 detestandi
2972 5627 3221 5685 fuissent.
3254 5626 3385 5682 \'ide
3413 5627 3697 5683 ULsert-at.

2110 5705 2177 5758 ad
2209 5699 2477 5758 Joiut‘illaa
2503 5712 2621 5769 pag.
2656 5697 2745 5752 50.
