4088 6466
345 553 441 616 753

1608 561 2029 621 ALEXIADIS
2072 565 2220 625 LIB.
2263 567 2340 625 X.

3489 567 3597 633 ’154

347 662 504 719 oculis
553 665 639 719 vir
697 663 1064 735 sanguinum:
1124 665 1310 733 quidni
1367 667 1470 722 hoc
1517 668 1660 723 enim
1711 669 1804 724 tali
1849 687 1914 726 ex
1945 671 2176 727 Psalmis
2211 673 2481 731 Davidicis
2512 691 2713 731 nomen
2749 677 3016 746 aptetur?
3089 678 3239 734 Adeo
3297 679 3593 738 barbarum

347 756 437 810 hoc
467 771 642 826 genus
670 771 778 812 non
813 760 996 812 minus
1023 757 1127 813 sibi
1156 757 1282 814 belli
1317 771 1380 814 ac
1415 758 1580 828 gladii
1609 763 1698 829 jus
1731 777 2006 832 usumque
2042 773 2258 834 arrogat
2289 780 2450 836 quam
2502 772 2793 827 sacerdotii
2875 772 3080 843 apicem
3127 774 3392 842 deposcit.
3453 774 3604 831 Unde

346 855 423 910 hic
452 854 808 924 belligerator
837 856 1011 926 magis
1044 871 1206 927 quam
1239 858 1520 913 sacriﬁcus
1575 861 1762 915 eodem
1832 871 2083 932 tempore
2145 874 2199 918 et
2254 867 2448 921 stolam
2499 869 2890 923 saccrdmalem
2939 869 3135 936 induit,
3216 877 3272 923 et
3317 871 3604 925 manubrio

347 945 420 1000 vel
447 945 580 1000 remi
610 946 697 999 vel
738 945 898 1018 gladii
953 963 1174 1002 manum
1208 949 1451 1004 admovit
1485 967 1678 1020 pugnae
1727 955 1910 1009 navali
1950 955 2280 1013 lacessendos
2304 969 2607 1029 promptam
2637 979 2651 1015 :
2695 960 2809 1029 ipse
2831 962 2896 1015 ad
2960 960 3306 1030 pugnandum
3369 975 3606 1030 cumque

349 1041 471 1096 mari
505 1055 738 1109 cumque
770 1041 903 1096 viris
933 1041 1092 1095 simul
1138 1057 1204 1097 ex
1237 1059 1393 1111 teque
1429 1057 1671 1114 paratus.
1736 1050 1908 1116 Quem
1949 1052 2195 1120 equidem
2232 1056 2465 1124 quando,
2497 1057 2640 1125 quod
2679 1057 2855 1111 facere
2881 1056 3044 1124 ccepi,
3086 1071 3208 1110 cum
3275 1057 3607 1113 nostratibus

349 1135 528 1206 mystis
555 1148 832 1202 comparo,
869 1135 1018 1190 illum
1049 1147 1101 1190 et
1125 1137 1242 1206 ejus
1271 1139 1476 1193 similes
1511 1139 1828 1194 bellicosum
1862 1155 1925 1193 ac
1961 1139 2233 1200 Pharaoni
2261 1156 2408 1201 terra
2444 1148 2692 1213 marique
2722 1147 2976 1201 infestum
3041 1143 3207 1198 Mosis
3266 1143 3609 1218 Aaronisqne

348 1243 530 1298 gerere
556 1229 918 1284 sacerdotium
965 1233 1245 1287 arbitror:
1291 1243 1511 1289 nostros
1547 1237 1829 1318 mansueti
1855 1234 2089 1302 Domini,
2159 1241 2248 1310 qui
2291 1243 2544 1312 princeps
2601 1242 2971 1305 Christianum
3039 1243 3404 1299 sacerdotium
3454 1245 3610 1300 insli—

349 1321 459 1383 tnit,
496 1336 737 1387 agnosco
763 1337 1137 1380 successores.

432 1413 595 1467 ’Λλλά
656 1417 758 1486 τῆς
825 1416 1009 1487 μάχης
1077 1417 1138 1482 ἐξ
1201 1419 1446 1492 ἑσπέρας
1514 1422 1686 1491 αὐτῆς
1765 1423 2007 1495 μέχριᾼ

354 1509 518 1582 μέσης
551 1509 654 1575 τῆς
717 1509 1116 1578 ἐπιρραινούσης
1177 1512 1396 1582 ἡμέρας
1440 1516 1723 1584 καρτερᾶς
1767 1532 1930 1584 γεγο-

350 1604 526 1665 νυίας,
563 1601 856 1654 ὑπείκουσι
904 1603 1010 1656 κᾶν
1049 1603 1126 1674 μὴ
1185 1605 1470 1658 ἐϐούλοντο
1510 1607 1560 1659 οἱ
1596 1609 1816 1661 Λατῖνοι
1847 1607 1926 1678 τῷ

350 1687 636 1761 Μαριανῷ,
694 1689 853 1756 λόγον
910 1689 1184 1755 ἀπαθείας
1229 1691 1290 1758 ἐξ
1344 1692 1513 1747 αὐτοῦ
1566 1697 1928 1767 αἰτησάμενοι

351 1781 445 1834 καὶ
491 1781 775 1850 τυχόντες.
837 1782 899 1836 '0
950 1782 1008 1835 δέ
1040 1800 1104 1850 γε
1144 1787 1535 1855 μαχιμώτατος
1576 1789 1755 1856 ἱερεὺς
1788 1792 1927 1845 ἐκεῖ.

351 1888 455 1935 νος,
478 1871 601 1926 οὐδὲ
632 1871 740 1925 τῶν
771 1873 1070 1942 εἰρηνικῶν
1117 1877 1362 1932 σπονδῶν
1401 1879 1774 1951 τελουμένων,
1829 1885 1932 1954 τῆς

354 1965 532 2034 μάχης
559 1965 876 2029 ἐπέπαυτοῖ
892 1966 1027 2020 ἀλλὰ
1053 1968 1146 2022 τὸν
1169 1971 1415 2042 γωρυτὸν
1476 1974 1589 2027 τῶν
1626 1976 1797 2046 βελῶν
1847 1979 1937 2033 ἐκ·

351 2055 594 2120 κενώσας
625 2057 878 2127 χερμάδα
909 2058 1322 2130 ἀναλαϐόμενος
1338 2063 1488 2118 λίθον
1532 2067 1742 2136 πέμπει
1794 2071 1936 2124 κατά

349 2148 438 2201 τοῦ
463 2149 770 2218 Μαριανοῦ.
803 2149 910 2202 Τοῦ
931 2149 988 2204 δέ
1018 2150 1120 2221 τὴν
1144 2155 1389 2226 κεφαλὴν
1431 2157 1523 2210 διά
1551 2159 1651 2229 τῆς
1708 2161 1936 2226 ἀσπίδος

351 2242 822 2310 περιφράττοντος
853 2243 1067 2314 πλήξας
1094 2245 1195 2315 τὴν
1231 2248 1438 2302 ἀσπίδα
1458 2250 1622 2306 διεῖλε
1669 2256 1937 2326 τετραχῆ,

351 2329 444 2382 καὶ
470 2329 573 2399 τὴν
601 2331 816 2401 κόρυθα
849 2333 1247 2404 κατέθραυσεν.
1288 2339 1348 2390 Ὀ
1365 2339 1420 2391 δέ
1443 2342 1726 2411 Μαριανὺς
1747 2347 1812 2415 τῇ
1841 2344 1937 2398 τοῦ

349 2421 495 2473 λίθου
520 2421 650 2492 βολῇ
677 2425 970 2495 συγχυθεὶς
993 2427 1361 2492 ἀπολωλεκὼς
1382 2431 1442 2484 τὸ
1466 2434 1702 2504 φρονοῦν
1725 2437 1826 2506 τῆς
1837 2437 1941 2506 ψυ-

347 2517 471 2584 χῆς,
500 2513 734 2578 ἀναυδος
756 2519 1104 2590 παραχρῆμα
1132 2521 1218 2590 ἐφ’
1243 2522 1429 2576 ἱκανὸν
1463 2524 1667 2592 ἔκειτο,
1697 2527 1888 2599 ὥσπερ
1919 2531 1948 2583 ὁ

350 2607 577 2677 Ἕκτωρ
607 2608 822 2672 ἐκεῖνος
838 2610 946 2663 ἀπὸ
978 2611 1078 2681 τῆς
1107 2613 1206 2665 τοῦ
1235 2613 1389 2667 λίθου
1410 2615 1573 2684 βολῆς
1595 2617 1691 2671 τοῦ
1717 2621 1943 2686 Αἴαντος

351 2699 556 2770 μικροῦ
569 2700 679 2754 δεῖν
703 2701 1232 2773 ἐψυχοράγει.Μόλις
1248 2705 1294 2759 δ’
1304 2706 1370 2760 ἂν
1385 2708 1622 2776 ἐνεγκὼν
1641 2712 1735 2764 καὶ
1752 2713 1944 2767 ἑαυτὸν

352 2793 683 2861 συναγαγὼν
711 2799 1004 2865 τρισσάκις
1034 2799 1128 2852 τὸν
1161 2801 1434 2856 παίσαντα
1467 2804 1692 2874 ἔπληξε,
1734 2808 1937 2878 βέλεμ-

355 2903 435 2957 μα
464 2888 510 2919 ”
535 2887 658 2940 κατ’
687 2888 858 2942 αὐτοῦ
889 2892 1146 2958 ἐπαφείς.
1177 2893 1239 2945 '0
1265 2894 1322 2946 δὲ
1351 2895 1700 2967 πολέμαρχος
1729 2901 1938 2966 ἐκεῖνος

366 2978 640 3048 μᾶλλονῆ
699 2980 884 3050 ἱερεὺς
937 2983 1210 3052 μηδέποτε
1269 2988 1449 3056 μάχης
1512 2990 1942 3061 κορεννύμενος,

362 3071 492 3123 ἐπεὶ
549 3073 641 3126 καὶ
701 3074 831 3138 τοὺς
888 3074 1076 3138 λίθους
1123 3076 1377 3142 ἅπαντας
1421 3081 1792 3152 ἀπεπέμψατο
1832 3086 1940 3139 τῶν

353 3163 584 3233 χειρῶν,
612 3166 702 3217 καὶ
747 3166 938 3230 ἀπλῶς
980 3163 1072 3239 ἦν,
1109 3171 1204 3222 xal.
1244 3169 1408 3224 λίθων
1423 3174 1580 3237 κενὸς
1621 3177 1713 3229 καὶ
1743 3179 1941 3247 βελῶν,

350 3253 459 3306 οὐκ
491 3253 634 3324 ἔχων
678 3257 706 3309 ὃ
735 3273 790 3311 τι
818 3259 914 3311 καὶ
949 3259 1205 3330 δράσειεν
1225 3303 1238 3326 ,
1276 3263 1399 3316 οὐδὲ
1446 3265 1514 3317 δι’
1547 3259 1622 3319 ὦν
1653 3268 1944 3335 ἀμυνεῖται

351 3346 446 3398 τὸν
479 3347 780 3401 ἀντίπαλον
804 3390 818 3414 ,
860 3351 1136 3419 ἐσφάδαζε
1169 3354 1268 3424 μὲν
1311 3357 1550 3410 ἐνταῦθα
1601 3360 1688 3412 καὶ
1725 3360 1946 3430 ἐξεφλέ-

353 3456 488 3506 γετο
543 3440 643 3492 καὶ
705 3442 980 3514 ἐμεμήνει
1035 3444 1294 3520 καθάπερ
1355 3447 1552 3518 θηρίον
1609 3452 1690 3514 είς
1755 3453 1947 3506 ἑαυτὸν

357 3536 814 3606 συστρεφόμενος
854 3554 868 3569 ⁶
900 3542 1021 3604 τοῖς
1070 3539 1204 3609 γοῦν
1258 3545 1683 3615 παρατυχοῦσιν
1743 3547 1948 3601 αὐτίκα

362 3633 454 3685 καὶ
509 3632 913 3700 ἀποχρώμενος
967 3626 1057 3700 ἦν.
1113 3632 1330 3687 Σάκκον
1384 3631 1478 3686 οὖν
1536 3634 1718 3704 μάζης
1749 3637 1951 3706 μεστὸν

355 3723 750 3794 ἐφευράμενος
807 3724 1023 3778 ἐκεῖθεν
1091 3725 1200 3777 ἀπὺ
1256 3726 1352 3779 τοῦ
1412 3727 1622 3781 σάκκου
1691 3729 1951 3803 καθάπερ

357 3817 654 3886 χερμάδας
687 3817 783 3881 τὰς
820 3818 999 3885 μάζας
1030 3818 1275 3885 ἔϐαλλεν,
1303 3819 1496 3890 ὥσπερ
1529 3823 1831 3892 ίερατεύων
1854 3825 1950 3877 καὶ

358 3909 596 3979 τελετήν
661 3927 784 3964 τινα
850 3911 1186 3982 ποιούμενος
1240 3914 1336 3966 καὶ
1400 3914 1806 3985 ίεροτελεστίαν
1859 3919 1952 3972 τὸν

361 4001 634 4071 πόλεμον.
656 4003 856 4067 Μάζαν
887 4004 1022 4072 γοῦν
1053 4022 1179 4058 τινα
1226 4005 1359 4075 μίαν
1401 4007 1814 4079 ἀναλαϐόμενος
1857 4010 1955 4063 καὶ

2110 1425 2302 1480 Verum
2337 1436 2398 1481 ut
2430 1430 2494 1483 de
2529 1444 2706 1497 pugna
2742 1441 3044 1496 pertexam,
3097 1436 3272 1483 tracta
3304 1444 3366 1482 ea
3405 1429 3614 1496 magnis

2035 1521 2310 1588 utrimque
2347 1519 2544 1574 animis
2582 1535 2611 1572 a
2646 1534 2871 1589 vespera
2898 1519 2961 1572 ad
2990 1519 3380 1588 postridianam
3414 1519 3611 1580 lucem,

2037 1608 2260 1664 Latinos
2297 1610 2513 1664 tandem
2561 1610 2646 1663 vel
2702 1611 2951 1679 ingratiis
3005 1610 3199 1665 cedere
3249 1609 3533 1678 compulit,
3563 1619 3620 1661 et

2035 1715 2156 1755 cum
2211 1699 2454 1755 Mariano
2508 1699 2838 1755 deditionem
2894 1714 2992 1769 pro
3063 1700 3460 1755 incolumitatis
3514 1698 3619 1752 ﬁde

2038 1793 2260 1860 pacisci.
2298 1791 2366 1846 At
2397 1791 2828 1861 pugnacissimus
2883 1791 2969 1845 ille
3021 1789 3281 1846 sacerdos
3335 1781 3628 1858 haudun

2039 1898 2200 1954 quam
2241 1883 2316 1937 uti
2345 1883 2521 1953 gratia
2556 1883 2741 1938 oblata
2777 1882 3053 1946 sustinuit,
3111 1892 3206 1936 aut
3237 1883 3290 1936 in
3325 1882 3474 1935 lucro
3523 1897 3622 1951 po-

2041 1993 2172 2032 nere
2204 1977 2508 2047 precariam
2546 1977 2798 2030 salutem.
2835 1975 2974 2041 Quin
3029 1985 3184 2044 pacta
3218 1975 3468 2044 quamvis
3495 1989 3623 2044 pro-

2040 2069 2389 2138 clamataque
2435 2068 2549 2138 jam
2612 2069 2932 2132 concordia,
2987 2067 3158 2121 nihilo
3206 2065 3387 2120 minus
3427 2066 3626 2119 acriter

2041 2177 2276 2232 pugnam
2336 2162 2586 2229 urgebat,
2642 2175 2705 2216 ac
2731 2163 2872 2228 quod
2908 2161 3184 2215 exinanita
3227 2159 3390 2214 telum
3440 2157 3622 2211 manui

2043 2253 2294 2323 pharetra
2329 2261 2568 2322 negaret,
2601 2266 2790 2306 saxum
2825 2252 2876 2306 in
2911 2251 3138 2306 Mariani
3177 2259 3338 2320 caput
3363 2251 3620 2319 impegit;

2045 2344 2318 2413 provisam
2371 2341 2462 2396 ille
2499 2341 2694 2397 molem
2753 2342 2971 2396 sublato
3017 2342 3071 2395 in
3121 2343 3382 2396 verticem
3414 2341 3630 2409 excepit

2046 2446 2220 2493 scuto.
2253 2435 2425 2491 Porro
2457 2435 2593 2506 lapis
2627 2445 2779 2488 tanto
2812 2436 3014 2502 impetu
3039 2433 3252 2498 ruebat,
3295 2442 3354 2484 ut
3386 2439 3546 2506 scuto
3573 2431 3626 2486 in

2047 2539 2231 2598 partes
2263 2539 2494 2598 quatuor
2540 2526 2788 2581 diﬁ‘racto
2821 2524 3027 2591 galeam
3080 2523 3441 2589 perforaverit
3473 2543 3484 2577 :
3521 2537 3630 2590 quo

2050 2621 2158 2675 ictu
2194 2635 2496 2674 concussus
2531 2618 2900 2686 confususque
2943 2632 3004 2670 ac
3036 2624 3244 2668 tantum
3290 2630 3394 2668 non
3441 2614 3632 2667 exani-

2051 2726 2227 2767 matus
2262 2713 2540 2766 Marianns
2585 2712 2673 2766 diu
2715 2711 2829 2764 sine
2885 2724 3034 2773 voce,
3065 2709 3183 2761 sine
3223 2721 3388 2761 sensu
3431 2705 3631 2775 jacuit,

2049 2820 2106 2862 ut
2143 2805 2343 2861 llector
2388 2805 2475 2859 ille
2505 2805 2685 2875 lapide
2724 2805 3000 2873 appetitus
3033 2802 3101 2854 ab
3136 2801 3321 2868 Ajace,
3375 2796 3530 2866 cujus
3578 2798 3632 2850 vi

2050 2905 2177 2975 quin
2231 2901 2534 2969 exspiraret
2585 2914 2773 2967 parum
2831 2895 3023 2949 abfuit.
3077 2893 3281 2947 Tamen
3346 2902 3632 2961 postquam

2053 3013 2192 3066 aegre
2223 3012 2278 3051 se
2309 2995 2507 3062 recepit
2539 2991 2700 3062 293
2746 2989 3096 3057 restituitque
3123 2988 3176 3040 in
3204 2987 3387 3057 pedes.
3419 2985 3636 3055 copiose

2057 3091 2203 3142 ultus
2262 3099 2644 3156 percussorem
2689 3081 2876 3136 multis
2919 3081 3216 3149 appetitum
3268 3078 3390 3132 telis
3439 3075 3637 3145 triplici

2056 3181 2280 3234 vulnere
2331 3177 2533 3232 affecit.
2586 3176 2654 3229 At
2700 3173 2952 3228 tribunus
2993 3172 3096 3225 iste
3159 3170 3412 3224 militaris
3457 3167 3640 3221 verius

2057 3285 2220 3337 qnam
2284 3265 2543 3322 sacerdos
2603 3263 2793 3320 satiari
2849 3277 3127 3331 nunquam
3168 3275 3341 3328 pugna
3403 3263 3637 3325 poterat.

2057 3361 2253 3418 Verum
2281 3359 2465 3412 animo
2509 3356 2685 3412 adhuc
2733 3354 2946 3409 ardenti
2997 3353 3219 3408 deerant
3273 3351 3640 3404 instrumenta

2057 3453 2153 3506 irze
2181 3467 2197 3517 ;
2238 3466 2362 3503 nam
2408 3457 2461 3502 ct
2487 3447 2756 3501 exhausta
2786 3445 2936 3514 prius
2971 3445 3227 3512 pharetra
3259 3440 3455 3509 iaculis
3485 3452 3642 3492 care-

2057 3545 2174 3609 ιω,
2199 3551 2252 3597 et
2284 3558 2413 3598 saxa
2449 3555 2567 3610 qua:
2615 3538 3030 3592 succenturiare
3066 3534 3185 3588 telis
3221 3540 3475 3600 ceperat,
3522 3531 3641 3597 ipsa

2061 3653 2274 3708 quoque
2299 3637 2629 3690 defecerant.
2661 3632 2759 3686 Hic
2788 3632 2951 3686 homo
2971 3638 3202 3682 aestuare
3236 3637 3440 3689 tamen,
3462 3623 3644 3693 jacta-

2059 3744 2225 3798 reqne
2257 3744 2316 3782 se
2342 3743 2404 3780 ac
2438 3727 2488 3780 in
2545 3740 2761 3779 onmem
2800 3731 3009 3789 partem
3036 3733 3344 3787 erumpere,
3375 3718 3645 3784 impotens

2059 3825 2142 3880 sui
2169 3843 2182 3877 :
2226 3832 2276 3876 et
2305 3820 2447 3892 quod
2479 3813 2637 3875 hosti.
2659 3833 2764 3886 quo
2804 3802 2922 3887 plus
2957 3828 3152 3869 nocere
3185 3817 3432 3880 cuperet.
3465 3809 3647 3862 minus

2062 3927 2274 3987 posset,
2301 3914 2591 3969 deﬁciente
2627 3911 2858 3967 telorum
2891 3908 3069 3978 capia,
3105 3921 3210 3960 non
3239 3903 3434 3958 minori
3466 3901 3648 3954 furore

2062 4028 2224 4082 quam
2259 4010 2505 4064 irritatus
2538 4021 2667 4076 aper
2693 4017 2787 4060 aut
2818 4004 2920 4058 alia
2965 4001 3248 4057 venabulis
3278 4001 3648 4053 circumventa

356 4092 459 4166 ὅλῃ
490 4094 642 4163 χειρὶ
675 4095 920 4166 πιθήσας
943 4138 957 4161 ,
994 4097 1270 4167 ἐπαφίησι
1303 4097 1514 4168 ταύτην
1547 4101 1690 4154 κατὰ
1721 4104 1821 4171 τῆς
1854 4102 1950 4156 τοῦ

2061 4089 2252 4159 bestia'
2281 4103 2336 4157 in
2388 4102 2626 4170 seipsum
2679 4098 2972 4153 incurrens
3035 4109 3206 4162 seque
3257 4099 3646 4157 contorquens.

357 4186 662 4255 Μαριανοῦ
718 4187 930 4257 ὅψεως,
991 4190 1086 4246 καὶ
1133 4190 1364 4261 πλήττει
1418 4189 1614 4244 τοῦτον
1661 4193 1804 4246 κατά
1861 4195 1958 4264 τῆς

361 4281 631 4348 παρειάς.
661 4281 848 4334 Ταῦτα
888 4281 987 4352 μέν
1011 4281 1107 4336 οὖν
1136 4285 1206 4336 τὰ
1243 4283 1384 4337 κατά
1413 4283 1504 4336 τδν
1539 4284 1692 4352 ἱερέα
1747 4286 1960 4339 ἐκεῖνον

363 4376 466 4425 καὶ
499 4373 604 4442 τὴν
639 4373 774 4426 ναῦν
809 4377 904 4428 καὶ
936 4376 1063 4438 τοὺς
1091 4376 1386 4440 ἐπιϐάτας.
1432 4377 1493 4430 Ὁ
1531 4376 1588 4430 δὲ
1613 4377 1792 4448 κόμης
1820 4379 1962 4450 Πρε-

357 4465 609 4536 6ἑντζης
642 4467 944 4532 πιστεύσας
972 4469 1170 4522 ἐαυτὸν
1203 4470 1304 4523 σὺν
1332 4471 1473 4541 αὐτῇ
1497 4474 1565 4542 τῇ
1603 4471 1696 4538 νηῒ
1719 4472 1816 4524 καὶ
1847 4474 1962 4534 τοῖς

360 4559 462 4612 ὑπ’
488 4559 681 4621 αὐτὸν,
701 4560 1001 4630 προθύμως
1019 4561 1098 4630 τῷ
1126 4564 1399 4634 Μαριανῷ
1419 4563 1608 4617 εἵπετο
1629 4563 1724 4617 τοῦ
1747 4563 1962 4616 λοιποῦ.

374 4652 539 4705 Ἐπεὶ
565 4650 624 4704 δέ
656 4655 802 4705 κατὰ
832 4653 932 4723 τὴν
963 4654 1164 4724 χέρσον
1193 4655 1488 4725 γενόμενοι
1526 4643 1832 4710 ἀπέϐαινον
1863 4655 1964 4725 τῆς

355 4743 502 4813 νηὸς
529 4781 543 4804 ,
612 4743 787 4797 πολλὰ
822 4745 920 4798 καὶ
953 4745 1218 4809 πολλάκις
1250 4749 1278 4800 ὁ
1311 4749 1491 4818 ἱερεὺς
1523 4749 1737 4810 ἐκεῖνος
1777 4748 1964 4818 ἐζήτει

354 4835 460 4887 τὸν
478 4835 796 4905 Μαριανδν,
815 4837 914 4905 τὴν
935 4838 1132 4908 κλῆσιν
1151 4840 1251 4910 μὲν
1271 4840 1438 4893 αὑτοῦ
1458 4839 1533 4909 μὴ
1557 4838 1964 4908 ἐπιγινώσκων,

365 4929 477 4981 ἀπὸ
501 4927 563 4980 δὲ
589 4927 684 4982 τοῦ
708 4927 1004 4998 χρώματος
1032 4930 1143 4985 τῶν
1175 4932 1400 5004 ἀμφίων
1429 4933 1620 4986 τοῦτον
1655 4931 1968 4987 ἀνακαλού-

362 5039 565 5091 μενος.
598 5022 924 5093 Προσελθὼν
954 5025 1013 5078 δὲ
1055 5025 1102 5058 ³⁸
1151 5025 1481 5098 περιχυθεὶς
1525 5026 1923 5097 κατησπάζετο
1951 5065 1965 5089 ,

358 5112 804 5186 ὲγκαυχώμενος
843 5116 983 5188 ἅμα,
1015 5117 1091 5182 ώς
1121 5119 1204 5179 Et
1241 5137 1345 5189 μοι
1377 5116 1529 5176 κατὰ
1574 5119 1691 5186 τὴν
1716 5115 1718 5119 ’
1739 5117 1967 5187 χέρσον

359 5207 846 5279 ἐντετυχήκατε,
880 5211 1104 5266 πολλοὶ
1166 5211 1246 5266 ἂν
1316 5211 1446 5279 ταῖς
1517 5211 1688 5281 ἐμαῖς
1754 5213 1972 5281 χερσὶν

364 5301 736 5370 ἀνῃρέθητε.
786 5302 1068 5357 Ἐκϐαλὼν
1099 5303 1144 5356 δ’
1176 5305 1458 5358 ἐπιδίδωσι
1490 5305 1667 5376 τούτῳ
1689 5304 1970 5375 ἀργυροῦν

367 5391 698 5465 θηρίκλειον
723 5395 868 5467 (40),
909 5397 1080 5468 τιμῆς
1120 5398 1412 5470 στατήρων
1444 5398 1640 5451 ἐκατδν
1680 5400 1818 5467 πρὸς
1855 5399 1968 5460 τοῖς

2063 4197 2204 4266 Ergo
2230 4211 2350 4249 eum
2382 4191 2646 4264 quidquid
2674 4193 2722 4244 ei
2773 4199 2884 4244 tum
2917 4188 3057 4243 forte
3091 4186 3156 4240 ad
3189 4197 3407 4238 manum
3438 4178 3650 4236 accide-

2065 4295 2149 4342 rat
2177 4286 2340 4340 telum
2371 4285 2464 4338 ira
2497 4283 2722 4343 faceret,
2767 4293 2983 4333 saccum
3035 4276 3383 4344 conSpicatus
3432 4271 3648 4340 plenum

2064 4381 2318 4452 panibus,
2353 4375 2546 4444 cupide
2578 4371 2834 4441 arripuit,
2887 4368 3334 4439 expromptisque
3366 4367 3490 4418 inde
3518 4378 3652 4432 pon-

2067 4470 2287 4527 derihns
2312 4469 2375 4522 ad
2407 4465 2649 4538 praelium
2685 4466 2932 4529 abutens,
2967 4465 3187 4515 duratos
3221 4457 3456 4512 nautica:
3482 4469 3651 4508 anno-

2068 4577 2151 4616 na:
2175 4561 2331 4615 bolos
2362 4567 2619 4627 tanquam
2661 4555 2870 4626 lapides
2903 4551 2955 4607 in
2983 4551 3157 4621 capita
3185 4549 3425 4603 hostium
3455 4547 3655 4600 libera—

2066 4655 2274 4710 lissime
2299 4651 2606 4721 torquebat,
2637 4649 2787 4704 velut
2811 4661 2876 4701 ne
2907 4646 2987 4701 sic
3013 4643 3230 4714 quidem
3265 4656 3292 4692 a
3323 4636 3653 4694 sacerdotali

2069 4746 2351 4800 iunctione
2392 4742 2673 4808 deﬁciens,
2711 4742 2804 4796 sed
2837 4753 3030 4809 panem
3072 4735 3154 4789 vel
3195 4743 3323 4788 tunc
3377 4734 3428 4787 in
3477 4745 3654 4802 pugna

2071 4837 2424 4903 distribuens,
2469 4847 2522 4889 et
2548 4833 2790 4902 eulogias
2829 4845 3112 4900 spargens,
3151 4826 3303 4897 quasi
3333 4834 3389 4878 ut
3433 4825 3657 4894 sangui-

2071 4931 2284 4985 narium
2317 4928 2557 4984 furorem
2598 4927 2723 4981 belli
2777 4941 2906 4979 cum
2954 4921 3186 4992 paciﬁco
3235 4932 3514 4973 sacrorum
3554 4933 3656 4970 usu

2071 5002 2412 5074 codeiliaret.
2461 5015 2786 5083 Correptum
2834 5027 2963 5082 ergo
3015 5008 3189 5062 valide
3235 5020 3510 5073 manuque
3552 5005 3659 5058 im-

2069 5111 2286 5183 pulsum
2315 5118 2422 5164 tota
2452 5121 2644 5177 panem
2681 5121 2846 5160 unum
2877 5104 2929 5158 in
2959 5101 3184 5156 Mariani
3217 5101 3422 5153 vultum
3455 5097 3658 5166 impin-

2072 5217 2206 5274 gens
2241 5203 2291 5257 in
2328 5217 2463 5270 gena
2491 5202 2642 5255 illum
2685 5199 2940 5272 percutit.
2985 5195 3265 5251 Hactenus
3298 5193 3365 5248 de
3399 5207 3538 5246 nave
3569 5191 3660 5243 illa

2073 5295 2351 5366 Gallisque
2398 5296 2731 5358 vectoribus,
2786 5291 3159 5364 praeclareque
3214 5287 3268 5340 in
3325 5283 3514 5355 primis
3554 5281 3660 5340 isto

2074 5390 2378 5446 sacerdote.
2427 5386 2692 5443 Caeterum
2735 5383 3032 5456 provinciae
3071 5394 3254 5437 comes
3283 5377 3364 5433 sui
3401 5373 3658 5430 navisque

1453 5581 1977 5646 Varizelecttones
2009 5598 2081 5642 ex
2133 5579 2277 5641 cod.
2330 5575 2568 5639 Coislin

457 5704 508 5738 ⁸⁸
546 5703 800 5776 βέλεμνα.
876 5707 921 5740 ³⁸
957 5708 1013 5762 δὲ
1037 5707 1236 5780 τούτῳ.

1481 5866 1615 5926 Car.
1653 5859 1972 5924 Dufresnii
2006 5858 2098 5920 Du
2127 5855 2343 5936 Cangii
2374 5861 2566 5918 notae.

459 6009 574 6088 (40)
603 6017 976 6087 Θηρίκλειον.
1009 6015 1226 6073 Nicetes
1255 6014 1306 6070 in
1328 6011 1472 6070 Man.
1500 6013 1591 6070 lib.
1616 6028 1696 6080 nt,
1731 6027 1782 6066 n.
1817 6009 1871 6064 6.
1902 6006 2053 6064 Adde
2090 6005 2365 6064 llmschel.
2403 6007 2454 6062 in
2488 5977 2613 6060 Net.
