4088 6438
445 501 554 564 755

1765 505 1992 567 ANN/E
2015 501 2396 565 COMNEN/E

3609 494 3719 560 756

446 633 560 674 θυαε
589 632 650 673 ac
673 632 894 674 suorum
931 617 1208 675 deditione
1233 617 1478 674 Mariano
1519 616 1684 684 facta,
1710 633 1939 674 securus
1968 619 2021 672 in

2145 617 2457 689 τριάκοντα.
2514 613 2699 668 Ταῦτα
2768 614 2826 669 δέ
2880 612 3092 686 ὁμιλῶν
3148 612 3244 667 καὶ
3290 613 3474 675 διδοὺς
3530 612 3719 681 ἐξεπε-

446 696 566 778 ejus
593 708 719 775 (ide,
751 709 869 764 duci
904 724 965 765 se
993 710 1230 766 sinebat.
1261 710 1495 782 Appellit
1519 711 1571 765 in
1610 719 1814 764 terram
1850 711 2028 765 navis.

2138 711 2392 765 πνεύκει.

446 802 800 860 Exscendnnt
856 805 1016 860 Galli.
1067 805 1143 859 Ex
1185 806 1251 861 iis
1292 807 1548 861 sacerdos
1581 805 1669 861 ille
1704 806 1928 859 multum
1981 815 2037 860 et
2060 802 2221 861 anxie
2248 805 2529 875 quaerebat
2562 803 2889 869 Marianum,
2924 819 3033 861 non
3081 807 3304 862 nomine
3368 802 3522 858 illum
3598 803 3720 872 qui-

449 894 573 947 dem
606 895 936 965 compellens
969 897 1215 966 proprio,
1258 896 1311 950 id
1342 896 1487 951 enim
1517 896 1833 968 ignorabat,
1882 911 2075 951 verum
2106 911 2228 951 eum
2261 911 2291 949 a
2323 898 2507 951 colore
2537 897 2770 952 vestium
2794 952 2795 955 η
2819 899 2954 953 satis
2994 891 3310 969 designans,
3341 907 3396 952 et
3450 897 3531 953 sic
3568 896 3722 950 voci-

449 992 594 1037 tans.
664 984 946 1039 Inventum
1013 988 1231 1040 tandem
1280 985 1557 1040 hominem
1610 986 1943 1042 amicissime
1985 985 2320 1055 amplexatus
2393 987 2651 1042 salutavit
2699 1002 2863 1057 quam
2913 987 3347 1054 oﬂiciosissime;
3399 987 3715 1057 gratulans-

447 1096 555 1150 qne
589 1081 749 1135 simul
799 1090 859 1135 et
896 1081 1140 1152 glorians
1197 1082 1471 1138 allocutus
1527 1083 1672 1138 hunc
1727 1084 1778 1137 in
1812 1084 2032 1138 modum
2067 1092 2189 1137 est:
2233 1084 2294 1139 Si
2325 1085 2454 1138 mihi
2514 1096 2655 1140 terra
2695 1087 3096 1151 occurrissetis,
3145 1087 3300 1140 multi
3362 1086 3541 1157 utique
3592 1089 3721 1142 meis

445 1175 608 1250 eratis
675 1173 853 1227 casuri
910 1174 1174 1229 manibus.
1226 1174 1347 1230 Mox
1406 1189 1726 1247 argenteum
1784 1174 2035 1241 calicem,
2066 1177 2231 1244 pretii
2273 1187 2539 1232 staterum
2582 1178 2801 1249 triginta
2830 1193 2993 1248 supra
3053 1189 3297 1246 centum,
3361 1178 3606 1234 Mariano
3669 1180 3727 1235 in

447 1280 645 1320 manus
670 1264 979 1343 dat,.atqnc
1016 1266 1102 1321 his
1129 1267 1291 1323 dictis
1317 1269 1569 1338 datisque
1601 1268 1925 1338 exspiravit.

520 1354 742 1410 Interim
763 1372 946 1412 comes
970 1356 1385 1423 Gottbofredns,
1410 1359 1521 1427 jam
1552 1369 1664 1414 tum
1697 1360 1830 1413 mari
1860 1369 2030 1412 trans-

2208 1350 2377 1407 Ἀλλὰ
2417 1351 2513 1404 καὶ
2540 1352 2570 1404 ὁ
2599 1350 2781 1422 κόμης
2814 1351 3093 1421 Γοντοφρέ
3123 1349 3236 1420 (41)
3269 1351 3347 1422 τῷ
3380 1351 3473 1405 τότ
3528 1352 3725 1422 καιροῦ

446 1450 526 1506 ito
579 1466 705 1505 cum
743 1449 865 1505 aliis
899 1450 1227 1515 comitibus,
1268 1459 1323 1503 et
1353 1450 1595 1505 exercitu
1645 1450 1698 1503 in
1733 1466 1841 1520 quo
1885 1448 2038 1519 equi-

2145 1445 2479 1516 5ιαπεράσας
2507 1444 2628 1516 μεθ’
2651 1444 2861 1516 ἐτέρων
2892 1447 3152 1517 κομήτων
3183 1447 3281 1499 καὶ⁵
3311 1446 3725 1517 στρατεύματος

447 1553 565 1598 tum
598 1544 807 1609 decem,
840 1543 1081 1612 peditum
1105 1544 1444 1613 septuaginta
1469 1543 1635 1598 millia
1670 1543 2036 1597 numeraban-

2145 1540 2356 1593 ἱππέων
2428 1538 2532 1609 μὲν
2592 1536 2857 1608 χιλιάδων
2907 1537 3063 1600 δέκα,
3111 1537 3296 1601 πεζῶν
3348 1538 3405 1591 δέ
3463 1537 3726 1607 χιλιάδων

449 1646 564 1699 tur,
594 1634 1130 1704 Constantinopolim
1159 1637 1278 1705 ipse
1305 1646 1650 1703 pervenerat,
1686 1633 1861 1704 copiis
1888 1632 2032 1687 circa

444 1727 832 1799 Propontidem
861 1727 1003 1781 intra
1049 1726 1247 1781 vallum
1277 1726 1581 1793 collocatis,
1601 1742 1666 1783 eo
1690 1726 1901 1781 ambitu
1937 1740 2033 1780 ca-

447 1832 710 1885 strorum,
737 1829 848 1874 uta
879 1830 1043 1890 ponte
1067 1835 1234 1889 prope
1272 1818 1611 1875 Cosmidium
1632 1820 1736 1874 sito
1761 1832 1936 1886 usque
1968 1816 2036 1870 ad

447 1913 711 1969 Sanctum
736 1912 972 1968 Phocam
1004 1913 1415 1968 extenderetur.
1446 1912 1694 1969 Instabat
1732 1911 1874 1982 apud
1901 1909 2037 1965 Got-

448 2006 762 2061 tltol'rcdum
796 2006 1098 2073 imperator
1123 2014 1180 2057 ut
1218 2019 1346 2058 suas
1384 2007 1572 2075 copias
1610 2005 1757 2060 ultra
1788 2003 2035 2074 Propon-

2137 1631 2536 1702 ἐϐδομήκοντα,
2567 1631 2661 1684 καὶ
2691 1628 3020 1685 καταλαϐὼν
3044 1630 3143 1700 τὴν
3178 1629 3550 1700 μεγαλόπολιν
3578 1630 3719 1701 (42),

2141 1724 2368 1797 περὶτὰ
2401 1724 2544 1795 μέρη
2585 1722 2689 1793 τῆς
2737 1723 3110 1794 Προποντίδος
3150 1721 3516 1791 κατατίθησιν
3559 1721 3727 1776 αὑτοῦ

2141 1819 2204 1873 τὸ
2232 1801 2580 1893 στράτευμα.
2622 1818 2825 1888 Διῆκον
2855 1817 2964 1871 ἀπὸ
2992 1816 3094 1887 τῆς
3125 1815 3363 1885 ἔγγιστα
3389 1817 3486 1870 τοῦ
3522 1818 3731 1888 Κοσμι-

2142 1913 2258 1968 δίου
2293 1911 2653 1983 διακειμένης
2681 1913 2929 1982 γεφύρας
2961 1912 3076 1981 (4³5)
3113 1912 3276 1982 μέχρι
3306 1910 3402 1964 καὶ
3438 1909 3606 1963 αὐτοῦ
3630 1908 3730 1963 τοῦ

2161 2005 2347 2075 Ἀγίου
2390 2005 2583 2059 Φωκᾶ.
2623 2005 3146 2077 Παραγελευομένου
3173 2003 3231 2057 δέ
3263 2003 3414 2075 αὐτῷ
3446 2003 3541 2056 τοῦ
3575 2002 3731 2072 βασι-

449 2095 579 2149 tidis
625 2095 823 2149 fretum
865 2094 1200 2164 deportaret.
1231 2093 1303 2149 At
1340 2096 1429 2149 illc
1456 2065 1602 2150 diem
1633 2111 1664 2151 e
1696 2097 1783 2151 die
1828 2098 2035 2150 ducens

2145 2065 2285 2163 λέως
2338 2098 2433 2152 τὸν
2486 2098 2588 2169 τῆς
2649 2065 3024 2169 Προποντίδος
3075 2065 3418 2165 διαπερᾶσαι
3481 2065 3734 2166 πορθμδν

453 2202 761 2257 causasque
825 2188 961 2242 alias
996 2202 1059 2241 ex
1097 2186 1220 2242 aliis
1246 2199 1554 2258 praetexens
1602 2203 1788 2243 moras
1846 2188 2039 2244 sedulo

451 2282 731 2344 nectebat,
777 2280 1139 2335 Baimundum
1196 2282 1454 2335 nimirum
1511 2290 1567 2335 et
1600 2290 1829 2336 catteros
1873 2296 2040 2350 oppe-

448 2376 600 2427 riens
626 2372 717 2441 qui
760 2372 940 2439 specic
969 2370 1248 2441 religioais
1285 2384 1348 2423 ac
1382 2369 1511 2424 belli
1547 2370 1688 2424 sacri
1731 2371 2034 2440 perniciem

444 2462 766 2535 imperatori
790 2462 1241 2517 machinabantur
1265 2478 1280 2526 ;
1303 2477 1331 2514 a
1380 2477 1488 2530 quo
1533 2462 1768 2517 nondum
1793 2477 1854 2517 se
1879 2461 2041 2517 ultio-

444 2573 574 2613 nem
628 2556 910 2624 repetiisse
945 2556 1306 2611 meminerant
1345 2554 1643 2624 splendida:
1694 2555 1936 2609 victoria:
1976 2554 2040 2608 il-

443 2650 579 2714 lius,
617 2664 720 2719 qua
780 2649 828 2702 is
876 2647 1014 2717 apud
1074 2645 1241 2718 294
1273 2646 1546 2701 Larissam
1576 2647 1942 2701 Baimundum
1977 2657 2035 2702 et
2076 2707 2089 2717 ,

442 2742 633 2798 Gallos
699 2756 895 2811 magno
948 2740 1134 2810 praelio
1193 2739 1452 2809 fregerat.
1515 2740 1642 2793 Scio
1686 2756 1792 2795 non
1834 2754 2031 2796 omnes

443 2836 786 2892 Christianos
835 2834 928 2904 qui
969 2849 1125 2888 sacro
1172 2832 1314 2888 bello
1369 2848 1562 2888 nomen
1615 2833 1878 2889 dederant
1931 2833 2035 2887 ista

444 2926 734 2981 ambitiosa
765 2934 819 2977 et
856 2924 1011 2977 nobis
1055 2924 1249 2978 infesta
1300 2924 1595 2991 cogitasse.
1641 2924 1901 2993 Equidem
1934 2922 2035 2978 Pe-

447 3028 592 3073 trum
637 3016 785 3071 illum
813 3031 972 3083 quem
1011 3015 1122 3069 dixi
1176 3014 1631 3086 promulgatorcm
1668 3017 2037 3071 incentorem-

443 3124 552 3181 qne
583 3111 815 3180 primum
850 3108 1214 3179 expeditionis
1237 3106 1742 3180 llierosolymitanae
1772 3109 1897 3164 talia
1926 3124 2039 3164 me-

446 3207 676 3262 ditatum
721 3203 863 3259 baud
905 3202 1278 3270 crediderim;
1318 3203 1431 3257 imo
1461 3203 1783 3273 pleramque
1819 3203 2036 3273 plebem

440 3295 597 3351 illam
627 3295 859 3364 simplici
899 3295 1161 3365 religione
1197 3305 1511 3364 provectam
1568 3294 1730 3349 facile
1771 3295 2032 3353 arbitror.

2142 2194 2363 2265 ⁴ίιμέρειιν
2386 2192 2448 2260 ἐξ
2478 2191 2694 2263 ἡμέρας
2721 2189 3161 2261 ὑπερτιθέμενος
3209 2190 3305 2243 καὶ
3347 2188 3533 2242 αἰτίαν
3576 2187 3730 2257 αἰτίᾳ

2144 2283 2413 2353 συνείρων
2435 2280 2764 2335 ἀνεϐάλλετο
2790 2279 2929 2351 (44).
2961 2280 3036 2333 Τὸ
3068 2280 3127 2335 δέ
3156 2281 3271 2334 πᾶν
3290 2321 3305 2345 ,
3336 2278 3437 2351 τὴν
3464 2278 3564 2332 τοῦ
3599 2278 3732 2332 Βαῖ-

2146 2373 2376 2444 μούπιτου
2427 2372 2471 2403 ³¹
2537 2371 2634 2425 καὶ
2690 2370 2800 2425 τῶν
2853 2370 3059 2425 λοιπῶν
3116 2372 3380 2443 κομήτων
3463 2369 3730 2441 ἀνέμενεν

2141 2465 2350 2536 ἄφιξιν.
2387 2465 2497 2519 Καὶ
2526 2464 2637 2536 γὰρ
2670 2464 2699 2517 ὁ
2739 2465 2839 2535 μὲν
2864 2463 3075 2535 Πέτρος
3117 2465 3179 2532 ἐξ
3212 2464 3388 2534 αὐτῆς
3428 2463 3607 2535 ἀρχῆς
3650 2464 3735 2528 είς

2144 2557 2522 2630 προσκύνησιν
2551 2557 2648 2610 τοῦ
2682 2556 2845 2624 ἁγίου
2876 2557 3051 2625 τάφου
3081 2557 3185 2622 τὴν
3216 2555 3491 2627 τοσαύτην
3517 2555 3733 2609 ὁδοιπο-

2145 2651 2268 2723 ρίαν
2298 2650 2609 2717 ἀνεδέξατο,
2634 2654 2685 2704 οί
2724 2651 2783 2705 δέ
2816 2668 2881 2721 γε
2912 2651 3096 2705 λοιποὶ
3122 2653 3367 2723 κόμητες
3395 2651 3491 2704 καὶ
3520 2649 3730 2704 τούτων

2147 2743 2348 2814 μᾶλλον
2398 2744 2426 2796 ὁ
2476 2742 2825 2812 Βαῖμοῦντος
2853 2784 2867 2807 ,
2926 2742 3168 2796 παλαιὰν
3226 2744 3388 2814 μῆνιν
3445 2740 3587 2793 κατὰ
3630 2739 3728 2792 τοῦ

2141 2836 2553 2907 αὐτοκράτορος
2569 2835 2890 2906 τρέφοντες,
2904 2839 3002 2889 καὶ
3020 2837 3218 2906 εὐκαιρ
3230 2832 3729 2907 ίαν(45)ζητοῦντες

2141 2930 2433 2983 ἀντίποινα
2474 2927 2654 2999 τούτῳ
2700 2931 3017 3000 παρασχεῖν
3053 2929 3155 2999 τῆς
3204 2927 3469 2998 λαμπρᾶς
3512 2927 3731 2993 ἐκείνης

2141 3024 2297 3092 νίκης
2326 3021 2393 3092 ἢν
2414 3022 2592 3092 ἤρατο
2610 3020 2734 3076 κατ’
2761 3021 2930 3074 αὐτοῦ
2949 3020 3119 3075 ὁπὸσε
3145 3021 3289 3074 κατὰ
3317 3021 3416 3091 τὴν
3444 3018 3730 3088 Λάρισσαν

2142 3117 2234 3169 τὸν
2268 3116 2387 3185 μετ’
2425 3112 2594 3168 αὑτοῦ
2629 3113 2836 3182 συνῆψε
2862 3113 3131 3183 πόλεμον,
3162 3111 3736 3182 ὁμογνωμονὴσαντες

2144 3206 2237 3260 καὶ
2254 3205 2427 3276 αὐτὴν
2439 3206 2539 3276 τὴν
2565 3204 2938 3273 μεγαλόπολιν
2962 3206 3265 3274 κατασχεῖν
3285 3201 3728 3273 ὀνειρώττοντες,

2144 3302 2225 3364 είς
2279 3301 2381 3366 τὴν
2446 3301 2619 3370 αὐτὴν
2675 3296 3044 3368 ἐληλύθεισαν
3093 3296 3329 3367 γνώμην
3384 3295 3482 3349 καὶ
3536 3294 3732 3348 τούτου

438 3386 723 3459 Magnates
754 3386 927 3442 solum
958 3387 1082 3442 illos
1111 3396 1166 3441 et
1199 3387 1480 3456 principes
1502 3386 1692 3442 Gallos
1737 3386 2027 3443 Baimundi

2145 3392 2406 3453 πολλάκις
2429 3389 2926 3461 ἐμνημονεύσαμεν
2951 3389 3183 3450 ἄνωθεν,
3202 3385 3281 3457 τῷ
3296 3386 3396 3457 μὲν
3417 3384 3734 3456 φαινομένῳ

441 3484 744 3539 familiares
791 3492 886 3538 aut
926 3483 1292 3545 necessarios,
1329 3481 1412 3536 vel
1453 3482 1730 3552 colloquia
1754 3482 1894 3552 ejus,
1943 3481 2033 3538 vel

439 3576 661 3645 propria
710 3576 952 3631 versutia
998 3575 1396 3645 depravaverat
1440 3574 1493 3629 in
1548 3574 1711 3629 istam
1767 3573 2030 3629 malitiam

444 3668 792 3724 Christianos
830 3666 1061 3722 feriendi
1113 3667 1239 3720 dum
1275 3665 1471 3720 Turcis
1521 3667 1820 3721 minantur.
1859 3668 2038 3736 Atque

443 3760 523 3813 illi
559 3769 831 3828 utcunque
860 3758 1000 3814 clam
1049 3773 1174 3815 esse
1206 3773 1303 3813 sua
1336 3757 1564 3812 consilia
1601 3758 1886 3836 putabant,
1929 3773 2035 3813 non

346 3868 351 3871 λ
442 3850 710 3905 fallebant
744 3859 924 3904 tamen
959 3849 1304 3917 imperatoris
1338 3850 1596 3904 solertem
1632 3850 1914 3916 animum,
1945 3850 2038 3918 qui

446 3956 563 3996 sum
593 3941 896 4011 prudentia
924 3941 979 3995 in
1003 3940 1322 3996 discrimine
1347 3949 1503 3995 tanto
1534 3955 1643 3995 non
1676 3940 1881 3996 oblitus
1905 3956 2035 4011 pro-

441 4033 569 4087 vide
593 4043 955 4103 congregatas
987 4032 1307 4099 accitasque
1344 4032 1645 4087 infidelium
1683 4033 1872 4103 capias
1914 4049 2036 4087 cum

440 4123 674 4179 ducibus
720 4139 786 4179 ex
824 4126 1082 4193 gentibus
1129 4125 1322 4180 iisdem
1356 4126 1600 4181 strenuis
1632 4133 1688 4181 et
1731 4125 1855 4179 belli
1900 4126 2045 4195 peri-

445 4212 542 4278 tis,
606 4214 753 4268 datis
796 4215 1001 4271 litteris
1044 4215 1331 4271 subsidere
1368 4216 1533 4285 jussit
1572 4217 1637 4270 ad
1678 4232 1831 4271 oram
1882 4215 2040 4271 Ponti

440 4307 762 4372 littoralem,
810 4317 867 4362 et
897 4307 1105 4363 divisos
1154 4309 1438 4363 turmatim
1475 4309 2040 4377 sparsis-cohortium

440 4401 792 4464 stationibus,
821 4415 1092 4468 occupare
1116 4411 1380 4471 quantum
1411 4412 1496 4455 est
1543 4401 1707 4471 spatii
1735 4402 1801 4456 ab
1824 4402 2033 4472 Athyra

440 4492 509 4546 ad
568 4493 742 4561 ipsum
795 4490 1041 4547 Pliileam
1076 4492 1321 4562 (nomina
1360 4504 1487 4547 sunt
1522 4493 1764 4549 locorum
1803 4496 2040 4565 regionis

2141 3484 2241 3554 τὴν
2266 3482 2406 3555 πρὸς
2438 3483 2507 3536 τὰ
2544 3481 2902 3552 Ἰεροσόλυμα
2932 3480 3252 3549 ὁδοιπορίαν
3287 3479 3629 3548 ποιούμενοι,
3667 3479 3734 3549 τῇ

2140 3577 2187 3631 δ’
2210 3576 2444 3648 ἀληθείᾳ
2494 3576 2587 3629 τὸν
2630 3573 3015 3645 αὐτοκράτορα
3045 3574 3144 3645 τῆς
3185 3572 3366 3643 ἀρχῆς
3410 3570 3734 3644 παραλῦσαι

2140 3665 2238 3719 καὶ
2269 3664 2370 3735 τὴν
2407 3664 2783 3735 μεγαλόπολιν
2813 3665 3116 3734 κατασχεῖν
3149 3662 3458 3727 ἐθέλοντες.
3520 3660 3666 3717 Ἀλλ’
3704 3663 3739 3716 ό

2143 3754 2405 3825 βασιλεὺς
2434 3756 2498 3810 τὸ
2530 3756 2846 3827 πανοῦργον
2877 3756 3062 3811 αὐτῶν
3093 3756 3269 3811 πάλαι
3302 3755 3594 3825 γινώσκων
3633 3755 3740 3818 τὰς

2143 3832 2267 3901 τῶν
2315 3849 2550 3902 ἐθνικῶν
2615 3849 2881 3920 δυνάμεις
2939 3851 3040 3903 σὺν
3101 3851 3291 3914 αὐτοῖς
3348 3850 3587 3921 ἡγεμόσι
3645 3848 3741 3902 διὰ

2144 3942 2377 4012 γραφῶν
2442 3941 2902 4012 παρεκελεύσατο
2959 3943 3067 3996 ἀπὸ
3131 3943 3230 3997 τοῦ
3291 3942 3505 4013 Ἀθύρα
3566 3943 3737 4012 μέχρι

2143 4034 2313 4089 αὐτοῦ
2344 4034 2514 4089 Φιλέα
2547 4035 2729 4089 ἰλαδὸν
2762 4037 3112 4107 καταστῆναι
3144 4036 3335 4107 (τόπος
3367 4036 3426 4090 δέ
3467 4032 3742 4108 παράλιος

2142 4117 2301 4189 οὗτος
2344 4124 2441 4179 τοῦ
2497 4124 2748 4192 πόντου),
2799 4127 2895 4179 καὶ
2936 4125 3259 4197 ἐφεδρεύειν
3308 4127 3467 4181 εἵπου
3515 4143 3602 4189 τις
3640 4126 3742 4180 τοῦ

2149 4217 2430 4289 Γοντοφρέ
2473 4218 2610 4289 πρὸς
2649 4219 2742 4273 τὸν
2784 4218 3128 4288 Βαῖμοῦντον
3183 4217 3278 4272 καὶ
3327 4219 3456 4282 τοὺς
3502 4218 3739 4272 ὄπισθεν

2141 4312 2474 4383 ἐρχομένους
2521 4305 2783 4381 κόμητας
2850 4310 3269 4374 ἀποστέλλοιτο,
3325 4309 3389 4375 ἐξ
3437 4309 3667 4364 ἐκείνων
3703 4309 3740 4381 ἦ

2145 4401 2308 4467 αὖθις
2363 4403 2407 4434 ³⁸
2469 4403 2609 4474 πρὸς
2662 4403 2829 4457 αὐτὸν
2930 4402 3230 4474 ἀπείργειν
3287 4401 3476 4457 αὐτῶν
3530 4401 3578 4434 ³³
3632 4401 3737 4474 τὴν

2145 4497 2344 4553 δίοδον.

439 4583 605 4655 ejus),
631 4586 811 4655 ibique
824 4587 1118 4642 observare
1145 4590 1508 4660 cxcipereque
1532 4582 1765 4655 insidiis,
1789 4590 1831 4645 si
1855 4592 1948 4659 qui
1973 4608 2001 4646 ο
2026 4592 2385 4648 Gottholredo
2417 4593 2482 4647 ad
2517 4592 2877 4646 Baimundum
2948 4600 3284 4661 cmterosque
3306 4588 3399 4660 qui
3425 4588 3740 4659 sequeban-

440 4683 533 4727 tur
563 4676 820 4742 comites,
854 4687 946 4729 aut
978 4678 1216 4732 vicissim
1252 4680 1320 4733 ab
1353 4679 1474 4733 istis
1502 4680 1571 4733 ad
1616 4679 2036 4736 Gotthol'redum
2061 4682 2729 4753 mitterentnrcujusmodi
2780 4683 3170 4737 commercium
3204 4683 3344 4736 inter
3372 4697 3468 4737 eos
3484 4677 3734 4735 fovendis

438 4769 935 4841 prun-orendisque
995 4772 1317 4839 perniciosis
1346 4772 1592 4828 consiliis
1640 4773 1805 4840 utile,
1838 4774 2088 4844 abrumpi
2126 4776 2525 4846 intercludique
2549 4790 2876 4844 magnopere
2904 4774 3193 4830 intererat.

515 4864 651 4919 Dum
686 4866 802 4920 hmo
853 4865 995 4920 clam
1060 4868 1342 4935 utrimque
1374 4864 1812 4923 dissimulatione
1843 4878 2032 4922 mutua
2068 4880 2116 4941 ι)

441 4965 732 5029 geruntur,
769 4957 1000 5025 contigit
1046 4957 1153 5012 tale
1195 4956 1495 5027 quippiam.
1537 4959 1921 5015 Accersiverat
1962 4959 2032 5014 ad

441 5068 504 5107 se
560 5052 864 5121 imperator
921 5052 1183 5107 comitum
1225 5052 1455 5126 ‘aliquos
1502 5066 1691 5107 eorum
1760 5054 1853 5122 qui
1912 5069 2037 5121 cum

2230 4870 2320 4923 Ἐν
2360 4869 2440 4940 τῷ
2500 4870 2709 4940 μεταξὺ
2761 4869 2819 4923 δέ
2874 4868 3091 4936 γίνεταί
3142 4887 3196 4923 τι
3234 4867 3507 4924 τοιοῦτον.
3549 4868 3735 4922 Μετα-

2154 4964 2525 5036 πεμψαμένου
2558 4963 2667 5036 γὰρ
2701 4960 2799 5016 τοῦ
2829 4961 3100 5032 βασιλέως
3131 4962 3287 5026 τινὰς
3323 4961 3435 5016 τῶν
3466 4960 3607 5031 μετὰ
3636 4958 3733 5013 τοῦ

2148 5057 2430 5129 Γοντοφρέ
2462 5060 2748 5126 κομήτων,
2776 5057 2864 5125 ἐφ’
2894 5047 2939 5124 ᾧ
2964 5054 3182 5119 τούτοις
3217 5048 3734 5124 συμϐουλεύσασθαι

1518 5148 1716 5210 Varia:
1756 5147 2070 5212 lectiones
2100 5167 2180 5212 ex
2215 5152 2360 5214 cod.
2394 5151 2667 5214 Coislin.

513 5252 554 5283 ἰ
589 5247 949 5319 Βαῖμούνδου.
982 5249 1048 5304 Et
1087 5249 1169 5306 sic
1200 5259 1389 5320 postea
1422 5268 1659 5320 seraper.
1737 5251 1842 5322 ⁸²ἢ
1875 5252 2036 5316 αὖθις

2145 5257 2391 5313 ἐκείνων.
2468 5255 2514 5288 ³³
2542 5253 2713 5325 αὒτῷ.

1523 5345 1657 5405 Car.
1680 5344 2014 5407 Dufresnii
2050 5349 2148 5409 Du
2187 5346 2407 5427 Cangii
2440 5352 2633 5407 noue.

516 5440 630 5524 (Η)
661 5440 993 5524 ηοντοφρέ.
1028 5439 1177 5524 Emle
1202 5458 1230 5491 ιι
1272 5458 1363 5524 an.
1415 5441 1595 5524 1096.,-
1626 5443 1727 5495 sub
1783 5441 2022 5522 medium

443 5510 653 5568 mensis
684 5514 912 5581 Augusti
948 5527 1048 5581 per
1080 5510 1435 5565 Germaniam
1468 5523 1521 5564 et
1557 5511 1889 5577 llungariam
1925 5527 2026 5571 ex-

441 5583 778 5652 peditionem
808 5596 963 5636 suam
993 5596 1277 5653 aggressus
1329 5592 1413 5635 est
1460 5582 1855 5638 Gothofredus.
1902 5581 2028 5639 Alb.

445 5658 552 5721 Aq.
586 5654 683 5707 lib.
720 5668 782 5712 ιι.
819 5668 938 5718 cap.
974 5655 996 5707 1
1030 5652 1080 5705 et
1119 5652 1232 5706 alii.

519 5723 1118 5794 (ΗλΜεγαλόπολιν.
1168 5723 1439 5794 l’erveuit
1492 5723 2030 5794 Constantinopolim

2207 5446 2321 5514 (45)
2360 5444 2666 5513 Fsgatlpac.
2700 5444 2777 5514 De,
2798 5445 2902 5498 boc
2930 5455 3096 5513 ponte
3127 5441 3373 5514 pluribus
3400 5443 3611 5514 egimus
3660 5439 3729 5492 ad

2142 5509 2404 5572 Villbard.
2449 5509 2539 5569 ἰιξ
2601 5515 2691 5570 85.
2745 5509 3211 5584 Ηυῇιιε’ρττιτιει“ο;ι
3269 5513 3516 5584 meminit
3569 5509 3740 5580 Brye-

2141 5588 2287 5647 nius,
2331 5586 2422 5639 lib.
2464 5600 2541 5643 ιιι.
2582 5600 2636 5638 η.
2686 5586 2743 5638 ll
2775 5603 2790 5651 ;
2823 5582 2877 5639 et
2907 5582 3233 5647 Cinnamus,
3269 5582 3365 5637 lib.
3400 5598 3461 5640 ιι.

2206 5645 2320 5726 (Η)
2384 5645 2796 5726 Ἀνεσάλλετοζ
2852 5654 3135 5726 Dilationis
3200 5645 3425 5726 causam
3494 5645 3740 5705 afferunt
3841 5684 3847 5689 ς

2136 5721 2459 5794 scriptores,
2489 5735 2655 5795 atque
2699 5725 2751 5779 in
2786 5724 2852 5779 iis
2893 5721 3156 5779 Albertus
3198 5727 3305 5791 Aq.
3358 5723 3456 5777 lib.
3499 5737 3561 5785 ιι,
3607 5734 3739 5786 cap.

447 5791 816 5849 Gothofredus
899 5796 1064 5849 biduo
1116 5805 1244 5848 ante
1291 5792 1535 5849 Natalem
1592 5792 1825 5858 Domini,
1867 5791 1937 5850 'et
1967 5797 2034 5849 ad
2135 5800 2190 5858 4,
2228 5791 2437 5861 {0,11,
2475 5795 2566 5849 12.

449 5863 602 5932 uritis
657 5866 915 5917 tntcnium
984 5876 1340 5932 coltspectutn
1386 5877 1566 5919 castra
1619 5874 1854 5919 metatus
1928 5878 2036 5921 est.

453 5931 759 6054 “aurigis,
813 5934 887 5987 lib
946 5953 984 5999 ι,
1031 5931 1151 6006 pag.
1185 5937 1245 5990 9i
1284 5953 1298 6002 ;
1349 5946 1400 5990 et
1444 5934 1761 6001 Guibcrtus,
1835 5935 1929 5990 lib.
1974 5952 2034 6000 tl,

454 6016 572 6054 catt.
689 6040 699 6051 .

472 6016 572 6069 :ap.
619 6016 699 6054 ιτ.

2212 5859 2325 5943 (45)
2359 5863 2709 5943 Εὐκᾳιρίανί.
2738 5861 3021 5918 Robcrtus
3044 5864 3190 5919 Mon.
3218 5864 3317 5919 litt.
3342 5879 3382 5926 ι,
3413 5859 3693 5943 ἀςΑΙοιιῑο
3716 5876 3740 5915 :

2142 5938 2379 5993 Timebat
2413 5938 2548 5988 enim
2590 5950 2652 5986 ne
2680 5941 2861 6007 tantus
2898 5945 2948 5989 ct
2981 5943 3253 5989 lautorum
3288 5938 3559 5989 exercitus
3593 5938 3649 5984 in
3675 5946 3740 5983 se

2142 6018 2500 6078 cortsurgrret,
2540 6015 2647 6060 czc,
