4088 6408
346 407 454 473 Ἱιῖι
498 405 523 417 ‘

1680 411 2090 495 ALEXIAMS
2126 416 2272 479 LIB.
2312 418 2392 482 X.

3527 423 3636 489 762

349 524 411 578 τὸ
443 522 776 595 μεσαίχμιον
836 525 1222 581 άποστενωθὲν
1278 527 1590 593 θεάσαιντο,
1636 531 1929 599 τηνικαῦτα

2048 532 2219 586 muris
2267 536 2437 601 urbis,
2496 535 2690 593 surdos
2724 538 2790 593 ad
2817 547 3007 609 pacata
3049 539 3255 602 omnia,
3304 549 3415 593 tum
3454 541 3633 594 enim-

346 620 462 681 τοῖς
489 619 960 689 συνεφεπομένοις
991 621 1178 685 αὐτοῖς
1225 622 1474 687 τοξόταις
1521 627 1938 693 παρακελευσάο

351 726 515 778 μενος
553 711 797 772 πυκνοὺς
821 711 1109 784 ἐκπέμψαι
1163 714 1291 777 τοὺς
1343 715 1562 779 ὀϊστοὺς
1632 717 1777 771 κατὰ
1832 719 1942 771 τῶν

348 795 559 857 ἵππων,
588 798 649 849 ού
681 798 793 850 τῶν
822 800 1234 870 ἐποχουμένων,
1271 802 1400 866 ὅλας
1428 802 1587 873 ἡνίας
1631 804 1772 857 κατὰ
1834 806 1943 859 τῶν

348 888 597 944 Λατίνων
647 890 813 945 λύσαι
841 905 857 921 ⁶
899 892 964 946 τὸ
1024 893 1124 963 μὲν
1164 894 1253 948 ἵνα
1307 895 1493 949 ἵππων
1552 897 1943 967 πληττομένων

347 980 713 1051 ἁποπαύηται
746 982 807 1035 τὺ
836 985 974 1038 πολὺ
1008 985 1105 1054 τῆς
1131 987 1310 1057 ὁρμῆς
1333 987 1443 1041 τῶν
1473 989 1698 1043 Κελτῶν
1725 993 1819 1045 καὶ
1863 993 1938 1062 μὴ

348 1073 553 1145 ῥᾳδίως
590 1074 730 1128 κατὰ
765 1074 876 1129 τῶν
920 1076 1215 1144 Ῥωμαίων
1237 1080 1608 1147 ἱππάζωνται,
1657 1082 1721 1136 τὸ
1772 1084 1828 1138 δέ
1885 1102 1937 1138 τι

342 1165 374 1218 ό
397 1165 447 1198 ⁸⁸
481 1166 574 1220 καὶ
608 1168 809 1236 μᾶλλον
841 1168 930 1222 ἵνα
973 1172 1049 1242 μὴ
1070 1172 1397 1242 Χριστιανοὶ
1428 1177 1774 1232 κτείνωνται.
1812 1179 1941 1233 Ἐκ.

345 1256 543 1327 θύμως
573 1260 755 1312 τοίνυν
785 1261 846 1313 τὸ
879 1261 1164 1332 βασιλικὸν
1198 1268 1560 1340 άπεπλήρουν
1585 1271 1939 1342 πρόσταγμα,

345 1352 445 1405 καὶ
466 1353 569 1415 τὰς
598 1352 777 1417 πύλας
814 1355 1283 1423 ἀναπετάσαντες,
1318 1363 1414 1415 κα)⁴
1471 1364 1602 1416 ποτε
1666 1366 1766 1433 μὲν
1816 1366 1943 1431 τοὺς

347 1446 595 1516 ῥυτῆρας
623 1448 746 1501 κατ’
770 1448 953 1501 αὐτῶν
984 1451 1303 1515 ἐνδιδόντες,
1334 1454 1466 1507 ποτὲ
1498 1455 1554 1507 δὲ
1584 1455 1716 1519 τοὺς
1739 1458 1938 1518 ἵππους

344 1537 832 1608 ἀνασειράζοντες,
896 1542 1172 1596 κτείνουσι
1238 1547 1336 1615 μὲν
1423 1547 1675 1614 πολλοὺς,
1767 1548 1938 1616 ὀλίγοι

342 1630 390 1683 δ’
419 1632 481 1697 ἐξ
530 1633 714 1686 αὐτῶν
766 1635 906 1689 κατὰ
936 1639 1169 1708 ταυτηνὶ
1192 1639 1293 1710 τὴν
1334 1641 1552 1711 ἡμέραν
1593 1641 1937 1712 ἐτρώθησαν.

341 1714 511 1776 Οὗτοι
573 1725 673 1793 μὲν
702 1721 798 1779 οὖν
860 1728 1161 1800 ἐρρέσθων.
1234 1731 1294 1784 '0
1324 1734 1371 1786 δ’
1416 1734 1551 1804 ἐμὸς
1598 1736 1867 1808 δεσπότης
1910 1741 1938 1793 ό

342 1817 572 1887 Καῖσαρ
591 1819 1020 1889 ἀναλαϐόμενος,
1052 1821 1128 1885 ὡς
1160 1822 1404 1894 εἴρηται,
1434 1828 1561 1889 τοὺς
1593 1828 1694 1898 τῆς
1721 1830 1936 1896 τοξείας

339 1908 643 1978 εἰδήμονες
660 1913 756 1964 ἐπὶ
792 1912 902 1966 τῶν
940 1913 1169 1986 πύργων
1234 1917 1420 1973 ἵστατο
1471 1922 1585 1984 τοῖς
1623 1921 1936 1993 Βαρϐἀροις

338 1997 823 2069 ἑπιτοξαζόμενος.
881 2003 993 2055 Καὶ
1062 2004 1263 2068 πάντες
1319 2007 1419 2077 μὲν
1471 2004 1619 2078 εἶχον
1670 2011 1800 2076 τόξα
1844 2013 1940 2066 καὶ

336 2088 578 2160 εὔστοχα
631 2092 728 2144 καὶ
771 2093 1199 2150 εὐθυϐολώτατα
1250 2098 1335 2130 δ”
1381 2101 1592 2155 νεανίαι
1640 2102 1748 2174 γὰρ
1795 2099 1939 2173 ἦσαν

336 2180 664 2250 σύμπαντες
732 2184 832 2253 οὐχ
878 2186 1078 2256 ἥττους
1143 2187 1243 2241 τοῦ
1314 2189 1619 2262 Ὁμηρικοῦ
1681 2193 1936 2265 Τεύκρου

334 2275 414 2336 εὶς
457 2273 685 2344 τοξικὴν
715 2277 1036 2347 ἐμπειρίαν.
1073 2279 1147 2332 Τὸ
1191 2280 1247 2334 δὲ
1279 2282 1432 2347 τόξον
1485 2284 1580 2337 τοῦ
1634 2288 1935 2359 Καίσαρος,

342 2366 690 2431 ’Λπόλλωνος
724 2364 791 2439 ἦν
818 2370 929 2442 ἄρα
974 2371 1131 2436 τόξον
1154 2373 1503 2445 αὐτόχρημαο
1525 2378 1647 2430 οὐδὲ
1682 2380 1791 2448 γὰρ
1812 2383 1937 2435 κατ’

328 2460 579 2521 ἐκείνους
607 2462 732 2521 τοὺς
773 2462 1113 2530 Ὁμηρικοὺς
1144 2463 1417 2535 Ἕλληνας
1433 2468 1665 2537 νευρῆν
1678 2470 1797 2539 μὲν
1818 2490 1935 2541 μα-

327 2547 423 2614 ζῷ,
460 2549 620 2614 τόξῳ
658 2550 726 2603 δὲ
759 2552 1019 2621 σίδηρον
1035 2548 1138 2626 ἦγέ
1157 2572 1217 2609 τε
1239 2559 1333 2611 καὶ
1356 2559 1663 2630 ὲφήρμοττε
1696 2580 1937 2633 κυνηγε-

326 2642 443 2696 τῶν
469 2643 677 2713 ἀρετὴν
699 2645 1112 2716 ἐνδεικνύμενος
1136 2647 1259 2700 κατ’
1280 2649 1544 2717 ἐκείνους,
1571 2653 1689 2705 ἀλλ’
1739 2654 1934 2728 ὥσπερ

326 2752 414 2798 τις
455 2737 742 2808 Ἡρακλῆς
764 2740 834 2804 ἐξ
846 2739 1163 2795 ἀθανάτων
1187 2740 1384 2805 τόξων
1407 2747 1782 2815 θανασίμους
1796 2749 1936 2804 dars-

329 2841 576 2894 πεμπεν
591 2827 860 2895 ὀϊστοὺς.
881 2834 975 2887 καὶ
998 2824 1172 2901 οὗπερ
1193 2832 1259 2889 ἂν
1289 2835 1615 2904 στοχάσαιτο
1644 2848 1936 2894 κατευστο-

338 2918 456 2987 χῶν
512 2923 559 2973 εἱ
596 2923 759 2990 μόνον
810 2924 1082 2995 θελήσειε.
1115 2928 1224 2980 Kal.
1261 2929 1371 2999 γὰρ
1400 2932 1459 2982 ὲν
1482 2930 1664 2996 ἄλλοις
1697 2939 1931 3007 καιροῖς,

338 3012 587 3077 ὁπηνίκα
643 3015 838 3080 καιρὸς
875 3018 1089 3085 ἀγῶνος
1128 3021 1223 3074 καὶ
1257 3021 1440 3093 μάχης
1480 3028 1688 3095 παρῆν,
1748 3028 1933 3084 ὅντινα

329 3104 433 3158 καὶ
479 3107 682 3160 σκοπὸν
707 3107 882 3174 ἔθετο,
908 3111 1072 3174 εὐθὺς
1095 3111 1195 3166 οὐκ
1235 3115 1465 3185 ἄστοχον
1488 3117 1732 3183 ἔϐαλλεν,
1765 3124 1861 3176 καὶ
1889 3117 1933 3192 ᾧ

324 3200 399 3293 αν
426 3200 591 3271 μέρει
623 3203 1020 3268 ὲπετοξάσατο,
1054 3206 1406 3262 κατ’ὲκεὶνου
1421 3211 1514 3264 τοῦ
1546 3212 1746 3283 μέρους
1764 3216 1927 3282 εὐθὺς
1955 3234 1999 3293 c

320 3291 670 3363 ἐτίτρωσκεν
697 3295 806 3348 ἀεί’
840 3295 1015 3361 οὕτως
1053 3299 1277 3369 ἰσχυρὸν
1308 3300 1480 3355 ἔτεινε
1510 3304 1666 3370 τόξον
1713 3309 1924 3373 ἐκεῖνος

320 3386 415 3439 καί
454 3385 612 3454 βέλος
638 3386 789 3456 ἠφίει
819 3387 1103 3457 ὀξύτατον,
1135 3393 1239 3445 κὰν
1265 3394 1334 3463 τῇ
1364 3392 1550 3467 τοξείᾳ
1569 3396 1627 3450 δὲ
1654 3401 1752 3453 καὶ
1780 3401 1925 3472 ὑπὲρ

324 3478 414 3531 τὺν
467 3479 716 3549 Τεῦκρον
768 3482 935 3535 αύτδν
969 3484 1060 3535 καὶ
1108 3485 1235 3548 τοὺς
1281 3487 1524 3553 Αίαντας
1573 3492 1920 3563 φαινόμενος.

340 3570 505 3623 Ἀλλὰ
542 3572 750 3642 καίπερ
774 3574 1021 3637 τοιοῦτος
1061 3572 1360 3644 ῶν,δεδιὼς
1394 3580 1457 3633 τδ
1489 3582 1589 3653 τῆς
1614 3583 1662 3615 ⁸⁸
1708 3584 1924 3654 ἡμέρας

322 3663 619 3732 αἰδέσιμον
670 3666 761 3719 καὶ
800 3666 901 3737 τὴν
947 3668 1043 3721 τοῦ
1096 3669 1506 3743 αὐτοκράτορος
1539 3676 1923 3745 παραγγελίαν

325 3755 622 3827 ἐγκάρδιον
675 3756 839 3827 ἔχων,
886 3758 1057 3814 ἔτεινε
1114 3761 1212 3831 μὲν
1262 3763 1416 3830 τόξον
1451 3765 1662 3836 ἰταμῶς
1694 3768 1923 3835 τούτους

328 3851 421 3901 καὶ
488 3850 704 3916 ἀλόγως
756 3854 872 3916 τοῖς
930 3855 1142 3924 τείχεσι
1200 3857 1545 3923 πελάζοντας
1600 3862 1766 3931 ὀρῶν,
1825 3863 1922 3916 καὶ

325 3940 501 4012 κυνέῃ
554 3944 647 3993 καὶ
694 3943 922 3997 ἀσπίσιν
964 3946 1191 4009 ἑαυτοὺς
1230 3951 1709 4019 περιφράττοντας
1737 3954 1798 4006 τὸ
1833 3953 1924 4025 βέ-

322 4033 418 4096 λος
477 4034 691 4088 ὲτέθετο
748 4038 811 4106 τῇ
867 4038 1061 4107 νευρᾷ,
1123 4039 1240 4092 ἀλλ’
1282 4041 1435 4106 ὅμως
1489 4043 1695 4115 ἄστοχα
1748 4046 1920 4101 θέλων

322 4126 581 4189 ἔϐαλλεν,
609 4128 743 4179 ὅπου
781 4128 881 4198 μὲν
916 4128 1046 4183 εἵσω
1074 4131 1335 4201 πέμπων,
1372 4134 1507 4188 ὅπου
1538 4137 1597 4189 δὲ
1623 4140 1718 4191 καὶ
1749 4140 1920 4211 ὑπερ-ι

322 4218 596 4285 πέμπων.
652 4218 769 4272 Κᾶν
817 4220 878 4273 δὲ
923 4221 1012 4274 διὰ
1050 4220 1150 4292 τὴν
1200 4224 1510 4280 ἐνεστῶσαν
1541 4229 1758 4298 ἡμέραν
1816 4232 1920 4284 ύπ-

321 4310 615 4363 ιστέλλετο
647 4312 923 4381 εὐστόχως
950 4314 1092 4367 κατὰ
1118 4314 1224 4367 τῶν
1261 4316 1515 4371 Λατίνων
1570 4320 1773 4389 βαλεῖν,
1801 4323 1917 4379 ἀλλ’

321 4401 452 4455 ἐπεὶ
492 4402 723 4466 Λατῖνός
767 4420 851 4466 τις
909 4404 1100 4474 ἰταμὸς
1132 4407 1227 4459 καὶ
1256 4407 1621 4479 ἀναίσχυντος
1652 4414 1714 4466 ού
1751 4414 1915 4482 μόνον

321 4494 473 4546 κατὰ
525 4494 634 4547 τῶν
688 4495 897 4549 ἄνωθεν
947 4497 1253 4567 ἱσταμένων
1303 4503 1546 4564 πυκνοὺς
1593 4504 1913 4572 ἐξέπεμπεν

2048 639 2177 677 vero
2224 625 2332 680 alio
2383 629 2624 683 remedio
2677 638 2889 697 tempus
2938 644 3097 700 egere
3136 639 3307 693 ratus,
3369 644 3632 701 generum

2046 719 2277 786 primum
2305 721 2545 775 omnium
2582 725 2816 777 accersit
2854 706 3398 791 suumNiccphorum
3431 724 3628 776 ‘mcum

2042 809 2338 872 Czesarem,
2371 813 2530 883 eique
2571 814 2801 884 imperat
2843 826 2902 870 ut
2933 816 3067 869 viris
3100 831 3284 869 secum
3320 816 3632 870 fortissimis

2048 908 2343 973 assumptis
2386 922 2455 962 ex
2498 923 2725 963 numero
2759 924 2944 963 eorum
2978 911 3067 978 qui
3108 910 3275 980 296
3311 918 3428 963 arte
3460 910 3632 979 sagit-

2045 999 2191 1049 tandi
2228 1007 2548 1066 prmstareut
2576 1014 2835 1054 coronam
2887 1017 3164 1055 murorum
3216 1016 3454 1071 superne
3485 1002 3629 1055 obti-

2047 1101 2221 1153 neret,
2258 1106 2491 1161 suosque
2529 1094 2637 1147 illic
2670 1095 3001 1162 iaculatores
3051 1096 3204 1165 longa
3256 1096 3397 1149 serie
3444 1096 3629 1162 dispo-

2045 1194 2222 1249 neret,
2266 1184 2533 1240 mandans
2565 1188 2630 1239 iis
2670 1199 2726 1240 ιιι
2758 1204 2918 1257 quam
2965 1188 3296 1241 creberrima
3330 1201 3396 1240 ex
3429 1188 3540 1242 alto
3572 1189 3626 1241 in

2045 1275 2229 1329 Gallos
2271 1276 2372 1329 tela
2423 1278 2720 1343 mitterent,
2763 1279 2854 1331 St‘d
2888 1279 3149 1348 pleraque
3186 1279 3427 1342 innoxia,
3465 1280 3631 1332 aber-

2045 1371 2253 1423 ratione
2287 1369 2575 1436 ail'ectata;
2610 1386 2717 1423 non
2746 1371 2888 1425 enim
2926 1371 3159 1424 interﬁci
3201 1371 3413 1423 volebat
3456 1372 3628 1437 impe-

2045 1472 2194 1513 rator
2251 1463 2453 1525 hostes,
2488 1472 2599 1515 tum
2662 1462 2953 1532 religioni,
3011 1472 3067 1513 ut
3132 1462 3408 1527 diximus,
3474 1463 3624 1527 diei,

2043 1564 2154 1605 tum
2204 1555 2439 1623 propriae
2489 1553 2695 1608 lenitati
2745 1565 2800 1609 et
2874 1554 3115 1608 civilium
3184 1555 3445 1607 bellorum
3502 1555 3633 1609 odio

2040 1646 2253 1699 cuidam
2299 1647 2485 1702 innato
2513 1647 2760 1702 serviens
2792 1664 2806 1702 :
2843 1647 3086 1717 satisque
3123 1648 3384 1711 habebat,
3412 1646 3455 1700 si
3490 1647 3627 1700 den‘

2041 1736 2117 1789 sis
2146 1736 2432 1790 missilium
2483 1736 2754 1792 imbribus
2778 1750 2846 1791 ex
2877 1737 2987 1790 alto
3009 1737 3314 1806 ejaculatis,
3345 1736 3629 1791 conﬁden-

2045 1827 2317 1881 tissimum
2357 1842 2527 1897 genus
2558 1836 2772 1883 terrore
2824 1838 3008 1897 posset
3058 1828 3243 1896 aliquo
3305 1827 3621 1895 percellerc.

2042 1916 2240 1972 Eodem
2277 1927 2521 1987 tempore
2562 1920 2908 1988 eruptionem
2943 1920 3167 1974 instruit
3196 1920 3357 1973 simili
3397 1920 3627 1973 consilio

2043 2012 2215 2082 magis
2265 2012 2570 2081 speciosam
2610 2027 2773 2082 quam
2828 2012 3216 2079 perniciosam.
3276 2011 3628 2066 Lectissimos

2041 2105 2207 2159 duces
2234 2120 2356 2158 cum
2394 2105 2509 2159 suis
2537 2119 2810 2174 quemque
2835 2105 3153 2160 cohortibus
3195 2116 3403 2173 partem
3453 2103 3630 2155 maxi-

2040 2212 2185 2251 mam
2216 2196 2515 2251 instructos
2550 2197 2807 2261 arcubus,
2855 2197 3142 2255 nonnullos
3175 2207 3419 2250 armatos
3453 2196 3629 2264 longis

2040 2286 2262 2346 lanceis,
2318 2287 2539 2355 prodire
2586 2288 2766 2342 subito
2800 2287 2955 2355 jubet
2993 2303 3054 2343 ea
3088 2297 3240 2355 porta
3275 2302 3394 2355 quae
3433 2295 3626 2340 saneto

2038 2379 2284 2433 Romano
2307 2387 2388 2432 est
2414 2377 2684 2446 proxima,
2716 2379 2923 2445 ,sicque
2974 2377 3355 2431 vehementem
3388 2377 3622 2444 impres-

2047 2472 2255 2525 sionem
2285 2480 2564 2524 ostentare
2598 2469 2762 2525 hosti.
2805 2470 2955 2524 Ordo
2994 2470 3241 2523 euntium
3275 2468 3363 2523 hic
3397 2478 3515 2521 erat
3556 2468 3626 2521 ab

2039 2563 2367 2632 imperatore
2411 2562 2764 2631 prazscriptus
2812 2562 2951 2630 ipso.
2997 2559 3349 2615 Hastalorum
3394 2559 3626 2630 quisque

2036 2658 2179 2711 inter
2207 2657 2454 2724 arquitas
2487 2656 2623 2710 duos
2663 2655 2943 2724 clypeatos
2990 2656 3102 2708 ibat
3144 2655 3360 2707 medius
3392 2667 3625 2721 quorum

2035 2751 2264 2820 objectis
2300 2750 2579 2819 utrimque
2620 2751 2786 2803 cetris
2812 2749 3223 2817 pretegebatur.
3266 2749 3357 2802 Sic
3391 2747 3626 2812 disposi-

2036 2842 2107 2896 tis
2152 2842 2391 2895 edictum
2425 2850 2483 2894 ut
2535 2840 2684 2894 lente
2734 2840 2785 2890 in
2844 2840 3062 2893 hostem
3103 2837 3388 2899 vaderent.
3436 2838 3623 2906 paucis

2037 2932 2257 2987 interim
2318 2931 2621 3001 sagittariis
2679 2930 2744 2984 ad
2773 2928 2957 2984 Gallos
3012 2932 3224 2984 eminus
3273 2928 3626 2984 lacessendos

2033 3025 2355 3096 praemissis.
2388 3023 2596 3089 Quibus
2629 3024 2943 3077 mandatum
2984 3037 3051 3075 ne
3076 3037 3237 3075 unam
3268 3022 3528 3075 continuo
3569 3022 3620 3073 in

2033 3128 2244 3187 partem
2301 3118 2665 3177 intuerentur,
2728 3115 2822 3167 sed
2873 3115 3070 3168 crebro
3129 3115 3236 3167 huc
3274 3112 3527 3182 illucque
3562 3126 3624 3167 se

2034 3218 2330 3266 verterent.
2366 3209 2470 3266 Ubi
2519 3209 2656 3263 satis
2697 3208 2915 3262 admota
2951 3223 3129 3277 pugna
3162 3215 3329 3271 esset,
3361 3214 3621 3273 augusto-

2035 3305 2275 3375 quejam
2317 3302 2495 3372 spatio
2528 3301 2675 3355 acies
2710 3299 2999 3364 distarent,
3035 3308 3148 3354 tum
3185 3313 3321 3368 quos
3353 3297 3420 3352 ad
3448 3297 3618 3350 latera

2034 3395 2292 3451 lancearii
2346 3394 2659 3461 sagittarios
2697 3390 3006 3458 haberent,
3038 3390 3292 3461 juberent
3334 3389 3411 3444 uti
3452 3404 3618 3452 arcu,

2033 3487 2361 3545 collimando
2407 3485 2461 3539 in
2504 3498 2674 3551 equos
2700 3483 2946 3546 hostiles,
2981 3482 3253 3551 parcendo
3287 3479 3620 3541 sessoribus,

2032 3578 2196 3636 simul
2242 3576 2344 3646 ipsi
2389 3590 2511 3631 cum
2560 3575 2625 3628 iis
2668 3573 2873 3640 pariter
2932 3570 3178 3626 remissis
3224 3568 3455 3623 habenis
3507 3578 3620 3622 toto

2030 3685 2295 3742 equorum
2333 3670 2532 3736 impetu
2564 3665 2618 3720 in
2654 3663 2839 3720 Gallos
2879 3664 3287 3719 inveherentur.
3329 3661 3426 3717 His
3466 3675 3623 3715 nem-

2031 3780 2098 3834 pe
2143 3765 2305 3816 rebus
2335 3758 2589 3830 sperabat
2619 3774 2680 3814 se
2714 3767 3133 3812 consecuturum
3177 3753 3474 3824 Augustus,
3505 3753 3619 3820 pri-

2031 3872 2179 3913 mum
2217 3865 2272 3909 ut
2306 3854 2463 3923 equis
2500 3850 2802 3907 vulneratis
2831 3847 3194 3904 formidabilis
3233 3846 3323 3902 ille
3355 3844 3621 3899 Romanis

2030 3951 2242 4019 primus
2302 3946 2494 4002 Gallici
2565 3944 2842 4006 equitatus
2902 3942 3135 4011 impetus
3197 3940 3615 4005 languesceret.

2030 4043 2227 4098 deinde
2263 4040 2316 4095 id
2343 4037 2488 4109 quod
2511 4036 2852 4106 potissimum
2886 4034 3127 4102 optabat,
3162 4041 3221 4087 ut
3253 4047 3414 4101 quam
3453 4029 3618 4083 mini-

2028 4151 2180 4190 mum
2237 4131 2534 4187 Christiani
2593 4126 2870 4196 sanguinis
2932 4124 3273 4180 funderetur.
3344 4120 3619 4176 Fecerunt

2030 4231 2085 4285 bi
2143 4227 2289 4299 quod
2334 4224 2470 4294 jussi
2521 4230 2580 4277 et
2610 4220 2783 4276 valvis
2815 4226 3039 4287 repente
3085 4215 3378 4286 patefactis
3419 4216 3472 4267 in
3516 4213 3617 4267 bo-

2028 4332 2166 4376 stem
2198 4320 2426 4381 vadunt,
2456 4314 2614 4383 equis
2648 4312 2810 4367 modo
2841 4309 3122 4373 admissis,
3150 4309 3309 4362 modo
3346 4305 3608 4369 reductis,

2028 4417 2347 4483 impetuque
2375 4417 2491 4461 arte
2515 4404 2664 4458 varia
2692 4403 3040 4471 dispensata,-
3071 4407 3128 4453 at
3155 4413 3221 4453 eo
3246 4411 3527 4461 successu,
3550 4405 3612 4450 ut

2028 4504 2179 4559 multi
2218 4517 2283 4556 eo
2320 4500 2405 4553 die
2435 4495 2738 4551 ceciderint
2769 4492 3008 4546 hostium
3030 4528 3047 4554 ,
3105 4505 3171 4545 ex
3197 4488 3402 4544 nostris
3446 4487 3606 4556 pauci

316 4585 566 4649 ὀϊστοὺς,
616 4586 754 4641 ἀλλὰ
803 4591 901 4642 καὶ
935 4592 1001 4662 τῇ
1036 4590 1143 4661 ἰδίᾳ
1188 4592 1460 4664 διαλέκτῳ
1496 4596 1670 4650 πολλὰ
1721 4599 1917 4667 φωνῶν

2033 4601 2282 4653 duntaxat
2332 4587 2603 4643 vulnerati
2648 4584 2874 4639 iuerint.
2911 4581 3115 4636 Verum
3164 4578 3249 4633 bis
3289 4577 3508 4633 omissis
3540 4578 3610 4631 ad

316 4675 578 4750 ὑϐρίζειν
608 4680 807 4747 ἐδόκει,
835 4682 1003 4737 τείνει
1047 4685 1146 4754 μὲν
1179 4686 1301 4740 κατ’
1330 4688 1500 4740 αὑτοῦ
1536 4690 1564 4742 ὁ
1599 4691 1822 4762 Καῖσαρ
1856 4693 1919 4746 τὸ

315 4772 502 4835 τόξον.
535 4771 643 4825 Τοῦ
672 4773 716 4826 δ’
748 4775 846 4844 οὐχ
876 4775 1029 4829 ἅλιον
1062 4776 1217 4847 βέλος
1275 4778 1470 4849 ἔκθορε
1520 4781 1726 4851 χειρὸς,
1779 4783 1920 4839 ἀλλᾶ

317 4865 581 4933 διέτρησε
615 4865 715 4934 μὲν
740 4866 832 4920 τὸν
860 4868 1049 4939 θερεόν
1082 4870 1125 4901 ⁸⁷
1154 4887 1167 4901 ·
1202 4870 1294 4923 τὸν
1345 4870 1403 4923 δὲ
1457 4872 1752 4940 φολιδωτὸν
1802 4874 1918 4928 θώ-

320 4977 475 5030 ρακα
520 4959 618 5010 σὺν
669 4960 819 5030 αὐτῷ
860 4960 1055 5014 διελὼν
1105 4962 1369 5034 βραχίωνι
1398 4964 1444 4996 ⁵⁸
1495 4967 1560 5034 τῇ
1606 4965 1819 5038 πλευρᾷ
1857 4966 1918 5021 τὸ

321 5054 481 5124 βέλος
522 5052 909 5125 περιέπειρεν..
943 5054 1001 5107 '0
1038 5055 1083 5107 δ’
1110 5056 1273 5118 εὐθὺς
1310 5056 1525 5123 ἄφωνος
1565 5058 1749 5111 ἔκειτο
1813 5076 1931 5129 χαις

322 5148 490 5220 μάζε,
526 5149 669 5201 κατά
696 5148 790 5201 τὸν
818 5150 1075 5220 ποιητήν.
1105 5151 1264 5220 Φωνὴ
1299 5150 1346 5203 δ’
1372 5151 1604 5222 οὐρανὸν
1644 5147 1773 5222 ἧκε,
1804 5154 1913 5205 τῶν

325 5245 426 5313 μὲν
458 5243 963 5311 ὲπαγγαλλομένων
990 5245 1039 5277 δ’
1064 5243 1140 5312 τῷ
1170 5244 1435 5312 Καίσαρι,
1464 5244 1573 5297 τῶν
1606 5244 1663 5297 δὲ
1698 5246 1794 5298 ἐπὶ
1837 5246 1913 5314 τῷ

325 5332 643 5387 πεπτωκότι
674 5335 1116 5405 ὀλοφυρομένων.
1154 5337 1455 5408 Καρτερῶς
1487 5337 1532 5390 δ’
1556 5338 1601 5370 ³ο
1634 5331 1728 5390 οὖν
1757 5336 1912 5399 αὖθις

324 5425 437 5478 τῶν
490 5444 549 5479 τε
605 5429 820 5482 ἱππέων
871 5429 1082 5482 ἐκεῖθεν
1114 5431 1157 5463 ⁸¹
1195 5429 1544 5499 μαχομένων,
1595 5430 1705 5482 τῶν
1736 5446 1795 5482 τε
1854 5430 1914 5483 ὲν

327 5518 441 5579 τοῖς
468 5519 706 5590 τείχεσιν
737 5519 1079 5590 ἱσταμένων,
1116 5520 1289 5591 βαρὺς
1319 5520 1415 5573 καὶ
1445 5519 1618 5583 δεινὸς
1653 5519 1713 5586 ἐξ
1736 5520 1914 5590 ἀμφο-

325 5607 494 5678 τέρων
518 5612 908 5684 ἀνερριπίζετο
942 5612 1201 5680 πόλεμος.
1256 5610 1564 5664 Ἐπιϐαλὼν
1596 5610 1644 5663 δ’
1678 5607 1835 5674 αὖθις
1869 5611 1898 5663 ό

2018 4706 2078 4747 se
2125 4703 2223 4744 suo
2292 4699 2376 4738 tne
2421 4682 2541 4751 jure
2592 4688 2751 4735 vacat
2805 4674 3059 4731 dominus
3106 4686 3263 4728 meus
3315 4670 3518 4726 Caesar.
3558 4669 3612 4725 Is

2019 4799 2144 4838 cum
2207 4778 2422 4850 peritis,
2476 4782 2538 4828 ut
2571 4772 2779 4829 dictum
2824 4777 2932 4833 est,
2978 4766 3278 4837 sagittariis
3342 4764 3613 4835 insidebat

2021 4887 2201 4930 turres
2232 4883 2470 4941 superne
2507 4865 2763 4923 hostibus
2796 4863 3112 4917 imminens.
3144 4861 3342 4914 Arcum
3379 4858 3611 4928 quisque

2016 4981 2172 5020 suum
2238 4973 2343 5016 tam
2395 4960 2510 5029 ipse
2550 4971 2713 5026 quam
2744 4952 2939 5022 singuli
2998 4953 3115 5021 ejus
3163 4951 3398 5006 comites
3441 4950 3611 5004 babe-

2014 5060 2165 5113 baut.
2210 5055 2278 5108 Et
2315 5067 2382 5106 eo
2434 5050 2485 5104 hi
2538 5048 2757 5117 quidem
2786 5048 3083 5100 utebantur
3114 5045 3354 5115 egregie,
3397 5057 3498 5098 nec
3541 5042 3611 5097 iis

2015 5149 2303 5217 quisquam
2344 5149 2438 5194 aut
2477 5138 2802 5195 collinearet
2836 5137 3063 5200 certius,
3138 5145 3233 5187 aut
3279 5135 3481 5189 rectius
3511 5148 3613 5188 cx-

2014 5235 2316 5304 peditiusve
2339 5232 2575 5285 laxatam
2600 5226 2863 5283 chordam
2898 5226 3164 5291 tenderet,
3194 5236 3405 5280 tensam
3444 5225 3602 5280 laxa-

2014 5337 2121 5382 ret.
2150 5325 2361 5395 Quippe
2389 5322 2606 5376 illorum
2634 5336 2794 5376 nemo
2825 5318 3115 5388 sagittandi
3160 5317 3355 5385 peritia
3398 5314 3597 5369 Home-

2020 5421 2134 5476 rico
2192 5418 2283 5473 illo
2343 5415 2556 5471 Teucro
2602 5411 2955 5467 concederet.
3014 5409 3084 5465 At
3132 5408 3332 5463 Czesari
3411 5418 3603 5459 arcum

2020 5511 2398 5570 commodasse
2436 5523 2591 5563 suum
2627 5506 2743 5574 ipse
2784 5505 2944 5575 longe
2969 5502 3220 5573 jaculans
3272 5501 3407 5557 deus
3443 5495 3601 5553 vide-

2019 5608 2203 5671 batur,
2240 5603 2376 5657 adeo
2410 5600 2456 5654 is
2492 5599 2856 5654 nihilominus
2895 5593 3173 5652 eminebat
3207 5606 3368 5660 supra
3422 5588 3603 5643 socios

1401 5728 1601 5790 Variae
1632 5727 1935 5790 lectiones
1966 5739 2043 5787 ex
2076 5718 2221 5782 cod.
2259 5712 2537 5778 Coislin.

398 5822 445 5879 ⁸9
478 5824 522 5877 ὃ.
640 5826 686 5859 ⁸⁵
725 5826 1022 5884 εὐθύϐολα.

1130 5829 1175 5862 ⁸⁸
1204 5828 1302 5901 τὴν
1361 5828 1559 5899 αὐτῆς.

333 5892 375 5927 ³⁸
415 5896 658 5952 ἱκείνων.

1676 5827 1720 5860 ⁸⁷
1764 5826 1981 5899 θυρεόν.

2107 5820 2152 5854 ⁸⁸
2186 5815 2455 5891 βραχίονι.
2591 5813 2637 5847 ⁸³
2664 5808 3142 5881 ὲπαγαλλομένων.
3252 5807 3299 5840 ³⁸
3329 5802 3492 5859 Deest
3525 5798 3601 5858 δ’,
