4088 6400
451 473 566 539 ’163

1746 464 1975 527 sum
2013 443 2395 526 conuerte:

3635 395 3756 517 tat.

461 605 624 662 quam
662 589 855 662 Apollo
887 602 1054 658 supra
1078 587 1374 644 Teucrum.
1410 583 1528 641 Non
1562 582 1653 639 hic
1679 595 1834 646 sane,
1865 588 1926 634 ut
1960 577 2044 633 illi
2075 634 2077 642 ,

2180 574 2513 646 ιύτοκράτωρ
2551 571 2652 636 τὰς
2684 570 2822 636 ιδίας
2851 569 3138 642 δυνάμεις,
3179 565 3262 634 εἰς
3287 564 3469 640 φυγὴν
3498 563 3597 630 τὰς
3635 566 3746 620 τῶν

455 682 599 752 apud
652 680 948 736 Homerum
979 681 1153 738 Graeci
1174 720 1190 746 ,
1223 695 1439 736 nervum
1464 690 1741 738 mamma,
1787 681 2046 742 castaque

2155 667 2408 722 Λατίνων
2437 664 2830 738 προύτρέψατο
2859 662 3173 734 φάλαγγας.

454 751 710 846 sagittam
802 774 1060 843 aptabant
1115 783 1292 828 tractu
1354 772 1525 836 vario,
1577 765 1878 822 venatorite
1951 763 2216 818 duntaxat
2276 759 2556 830 specimen
2605 757 2832 814 edentes
2911 755 3084 823 artis,
3155 754 3250 809 sed
3327 753 3474 806 velut
3529 751 3747 846 quidam

457 845 742 933 Hercules,
783 869 905 924 Tela
936 868 1227 921 immortali
1251 863 1471 919 lethalia
1513 861 1745 915 destinat
1778 873 1930 921 arcu,
1969 868 2087 922 quae
2116 851 2318 907 fruslra
2353 851 2592 919 etiagere
2631 850 2756 921 quis
2787 855 3004 918 speret.
3032 846 3080 902 εί
3124 846 3288 917 29⁷
3321 849 3481 900 “mdo
3532 845 3587 900 ίη
3623 861 3749 902 eum

458 965 551 1019 ille
611 962 892 1017 collimare
979 959 1111 1011 tanti
1169 956 1427 1020 duxerit;
1473 951 1608 1007 nihil
1657 950 1803 1006 enim
1862 944 2082 1016 petebat
2121 943 2266 1013 quod
2287 958 2396 998 non
2422 951 2834 1010 assequeretur,
2869 938 2999 993 nulli
3031 939 3180 994 serio
3212 939 3527 995 minabatur
3585 955 3750 1010 quem

459 1075 567 1113 non
625 1056 830 1109 feriret.
884 1049 1070 1119 Neque
1115 1051 1219 1104 hoc
1268 1049 1371 1103 ista
1411 1045 1584 1101 solum
1631 1043 1919 1099 occasione
1960 1046 2024 1097 de
2058 1057 2162 1113 qua
2187 1040 2405 1108 loquor,
2434 1036 2906 1092 animadversum.
2952 1033 3103 1091 Alias
3155 1045 3211 1090 et
3269 1033 3422 1100 alibi,
3489 1048 3750 1102 quaecun-

459 1167 568 1222 que
604 1149 796 1203 ludicri
827 1144 1170 1208 certaminis,
1199 1150 1294 1197 aut
1330 1142 1443 1196 veri
1477 1138 1649 1208 praelii
1680 1138 1834 1206 copia
1859 1151 1921 1191 se
1951 1135 2122 1200 dedit,
2158 1131 2423 1203 quidquid
2493 1138 2591 1222 aut
2657 1143 3039 1198 quemcunque
3067 1179 3084 1222 ν,
3107 1127 3214 1184 sibi
3246 1143 3374 1222 pro
3430 1143 3598 1200 scopo
3627 1143 3755 1222 pro-

457 1220 660 1311 posuit,
702 1239 860 1308 plane
892 1234 1163 1307 percussit
1203 1233 1313 1288 ictu
1363 1229 1684 1286 inevitabili.
1727 1226 1868 1294 Quid
1907 1242 2104 1296 corpus
2160 1225 2317 1280 dico?
2393 1221 2775 1292 qualecunque
2857 1221 3112 1291 quamvis
3187 1220 3481 1286 minutum,
3568 1221 3756 1290 cuius-

459 1350 678 1403 cunque
749 1332 1057 1388 membrum
1109 1339 1203 1383 aut
1245 1337 1457 1398 partem
1511 1325 1675 1380 ferire
1767 1323 2096 1378 collimando
2165 1327 2414 1390 cuperet,
2475 1319 2660 1374 statim
2720 1315 2944 1387 displosi
3000 1317 3091 1372 teli
3143 1315 3290 1372 acies
3323 1316 3543 1388 ﬁgebat.
3605 1319 3760 1373 Adeo

458 1436 620 1504 longe
667 1432 880 1485 Teucro
940 1437 996 1480 et
1061 1426 1259 1494 Aiaces
1311 1439 1503 1480 omnes
1545 1422 1729 1477 Caesar
1782 1419 2049 1492 Bryenius
2116 1418 2311 1473 robore
2372 1415 2632 1470 tendendi
2702 1429 2934 1480 arcus,
2979 1423 3034 1469 et
3091 1414 3375 1472 celeritate
3442 1415 3758 1471 excutiendi

455 1524 626 1596 iaculi
692 1521 1020 1576 antecellere
1071 1519 1385 1572 videbatur.
1431 1515 1699 1569 Cteterum
1777 1519 2059 1581 utcunque
2098 1509 2223 1566 talis
2248 1524 2314 1564 ac
2342 1518 2526 1564 tantus
2559 1509 2612 1562 in
2651 1517 2768 1563 arte
2787 1507 3062 1578 iaculandi
3091 1505 3215 1573 fuit,
3259 1517 3440 1564 tamen
3503 1524 3626 1564 eum
3690 1521 3751 1567 et

459 1621 568 1675 diei
633 1616 821 1686 religio
861 1629 1034 1670 sacrae
1122 1621 1179 1668 et
1235 1610 1549 1664 mandatum
1612 1605 1959 1674 imperatoris
2013 1605 2088 1659 ita
2167 1603 2406 1674 placavit
2481 1603 2753 1668 hostibus,
2820 1613 2878 1657 ut
2922 1603 2990 1659 iis
3025 1605 3279 1674 quamvis
3310 1604 3467 1659 iratis
3508 1611 3564 1660 et
3613 1607 3756 1660 mori

461 1710 798 1764 merentibus
829 1708 1016 1763 volens
1038 1712 1310 1776 parceret.
1359 1702 1426 1756 Et
1471 1701 1690 1756 obstare
1725 1699 1849 1753 licet
1879 1696 2142 1752 simulans
2173 1697 2229 1752 in
2261 1711 2358 1752 eos
2388 1697 2637 1768 galeatos
2679 1697 3070 1768 clypeatosque
3142 1712 3205 1753 ac
3275 1712 3337 1754 se
3397 1707 3510 1755 toto
3573 1697 3766 1755 lurore

461 1803 822 1858 admoventes
855 1800 1128 1856 moenibus
1168 1812 1405 1867 superne
1443 1809 1752 1864 repugnans
1781 1791 2143 1859 iacularetur,
2170 1791 2479 1846 voluntaria
2552 1803 2734 1847 tamen
2795 1791 3170 1848 misericordia
3242 1793 3506 1862 perdebat
3565 1792 3762 1859 ictum,

467 1899 578 1953 alio
608 1911 771 1965 quam
815 1895 870 1949 in
906 1893 1094 1949 vitalia
1136 1893 1458 1959 declinans;
1517 1890 1792 1946 interdum
1847 1898 1903 1943 et
1945 1887 2062 1942 solo
2134 1887 2368 1957 strepitu
2451 1897 2658 1944 terrere
2701 1898 3016 1945 contentus.
3072 1888 3355 1959 Expressit
3417 1898 3600 1944 tamen
3651 1891 3764 1944 im-

467 2000 706 2060 portuna
747 1986 1095 2041 contumacia
1139 1985 1495 2055 quantumvis
1537 1984 1821 2053 ignoscere
1866 1991 2059 2052 parato
2099 1981 2305 2038 lethale
2337 1981 2536 2037 vulnus
2569 1983 2734 2040 unius
2775 1999 2806 2039 e
2845 1982 3058 2040 Latinis
3116 1983 3419 2040 Thrasonis
3493 1987 3765 2039 amentia.

473 2080 530 2135 Is
603 2094 709 2134 non
760 2088 1052 2136 contentus
1111 2078 1460 2134 creberrimis
1515 2092 1682 2146 quam
1765 2074 2072 2130 rectissime
2143 2074 2372 2130 vibratis
2437 2090 2674 2146 superne
2713 2076 2767 2130 in
2801 2077 2943 2132 muri
2967 2089 3171 2132 corona
3197 2077 3639 2148 stantessagittis
3667 2091 3763 2132 as-

476 2170 635 2226 sidue
662 2172 956 2239 lacessere,
992 2172 1157 2227 etiam
1190 2173 1374 2242 lingua
1405 2170 1622 2240 prapria
1653 2169 1823 2224 multa
1851 2167 2277 2234 vociferahatur,
2310 2184 2431 2239 qua:
2453 2183 2588 2224 sono
2620 2170 2762 2239 ipso,
2829 2169 2959 2225 licet
3007 2184 3194 2226 rerum
3253 2171 3582 2226 sententiam
3644 2185 3756 2224 non

463 2267 778 2336 perciperes
806 2307 822 2331 ,
877 2265 1273 2322 contumeliose
1321 2264 1519 2333 iactari
1582 2264 1962 2333 prohroseque
2010 2260 2062 2313 in
2103 2276 2204 2316 nos
2233 2270 2546 2331 appareret.
2579 2262 2634 2316 ln
2663 2263 2808 2317 hunc
2837 2261 2916 2318 sic
2943 2263 3203 2318 meritum
3271 2263 3507 2319 intendit
3567 2277 3761 2325 arcula

468 2358 688 2425 Caesar;
747 2369 805 2413 at
867 2357 944 2412 illi
988 2373 1086 2428 per
1125 2358 1374 2428 clypeum
1421 2370 1627 2426 perque
1695 2356 1924 2409 interius
1977 2353 2216 2409 thoracis
2263 2354 2516 2409 adactum
2571 2355 2735 2410 telum
2816 2357 2972 2412 lateri
3011 2357 3292 2414 brachium
3335 2341 3571 2414 consuit.
3621 2357 3766 2414 Tum

466 2472 598 2512 vero
670 2458 762 2512 ille
804 2459 1027 2527 quidem
1109 2457 1359 2526 deiectus
1411 2456 1576 2509 humo
1639 2466 1930 2523 mutusqne
1979 2450 2222 2521 iacebat.
2266 2451 2507 2508 Vocibus
2537 2462 2594 2507 at
2657 2453 2844 2509 mixtis
2901 2454 3176 2523 perfertur
3199 2457 3254 2510 in
3293 2455 3500 2512 aethera
3525 2456 3765 2522 clamor,

465 2559 778 2603 nostrorum
800 2549 1003 2604 szesari
1037 2548 1473 2618 gratulantium:
1546 2545 1787 2601 hostium
1856 2547 1938 2600 sui
1997 2544 2296 2599 Thrasonis
2343 2545 2496 2600 clade
2547 2559 2613 2600 ac
2657 2561 2786 2601 casu
2852 2548 3170 2605 dolentium.
3219 2547 3362 2606 Hinc
3407 2550 3520 2620 iam
3576 2559 3767 2606 coorta

471 2644 658 2713 gravis
707 2659 885 2713 pugna
933 2652 1036 2706 est,
1088 2644 1290 2696 nostris
1345 2656 1454 2696 uno
1487 2652 1731 2710 tempore
1758 2640 1850 2708 qui
1901 2640 2162 2693 exierant
2187 2640 2466 2709 equitibus
2494 2649 2552 2693 et
2583 2639 2669 2694 his
2700 2642 2770 2695 de
2836 2657 2993 2698 muro
3055 2644 3361 2713 sagittariis
3428 2647 3481 2699 in
3547 2644 3759 2700 hostem

465 2735 826 2791 Vehementer
895 2731 1528 2796 incumbentibusuQuo
1616 2729 1975 2784 nihilominus
2025 2737 2302 2796 perstante
2359 2731 2617 2786 submisit
2667 2732 2732 2785 ad
2783 2741 3089 2787 extremum
3159 2734 3459 2805 imperator
3505 2733 3759 2802 proprias

469 2827 643 2897 ipsius
713 2829 940 2898 copias;
1019 2841 1251 2896 quarum
1319 2827 1554 2879 adventu
1614 2823 1928 2890 impetuque
1976 2823 2280 2878 recentium
2368 2822 2530 2880 facile
2621 2823 2754 2880 iuste
2800 2825 3107 2908 fugataeque
3191 2825 3512 2882 Latinorum
3584 2829 3760 2897 copiae

471 2919 648 2975 fuere.

550 3013 823 3069 Postridie
837 3013 992 3084 Hugo
1023 3011 1301 3084 profectus
1328 3012 1394 3068 ad
1416 3011 1840 3069 Gotthofredum
1871 3023 2062 3068 auctor

2235 3014 2317 3084 Τῇ
2355 3011 2414 3064 δὲ
2453 3009 2574 3080 μετ’
2601 3009 2776 3082 αὐτὴν
2805 3007 3061 3064 ἀπελθὼν
3088 3012 3118 3065 ὁ
3149 3005 3324 3075 οὗῦος
3360 3011 3476 3081 (53)
3513 3012 3767 3070 συνεόοῦ-

472 3109 524 3166 ei
544 3121 874 3176 magnopere
895 3105 994 3160 l‘uit
1011 3109 1160 3173 pacis
1176 3120 1240 3160 cu
1255 3121 1304 3160 m
1325 3106 1647 3172 imperatore
1665 3106 1954 3172 faciundae,
1969 3105 2068 3161 de-

471 3203 756 3263 nuntians,
784 3200 1064 3268 nisi,quod
1090 3199 1344 3268 exigebat
1363 3198 1476 3262 illc,
1507 3198 1718 3253 ﬁdelem
1741 3198 1815 3252 illi
1837 3213 1896 3254 se
1918 3197 2067 3253 futu-

479 3305 604 3344 rum
625 3288 979 3358 iureiurando
997 3289 1320 3357 interposito
1337 3289 1627 3356 sponderet
1647 3288 2065 3356 Gotthot‘r'edus,

379 3397 384 3402 ‘
473 3381 776 3452 periculum
794 3394 917 3434 esse
932 3395 1175 3448 praesens
1193 3396 1258 3434 ne
1273 3382 1442 3448 copiae
1455 3380 1622 3450 ipsius
1640 3396 1667 3433 a
1689 3389 1948 3436 veterano
1965 3384 2069 3435 du-

472 3487 538 3526 ce
555 3483 845 3526 veteranas
869 3473 934 3524 ad
961 3485 1176 3523 manum
1215 3469 1447 3524 habente
1479 3470 1719 3540 legiones
1737 3486 1933 3527 novam
1966 3473 2071 3528 ite-

471 3573 596 3621 rato
640 3565 850 3618 cladem
878 3567 1210 3632 acciperent.
1263 3562 1494 3631 Accepit
1517 3563 1792 3617 hominem
1820 3566 2072 3633 asperius

470 3655 883 3721 Gotthol‘redus,
911 3656 1150 3725 indigna,
1168 3665 1227 3710 ut
1250 3658 1495 3725 putabat,
1515 3657 1837 3711 suadentem
1865 3674 1879 3711 :
1901 3656 2069 3724 Tune,

470 3748 757 3817 inquiens,
791 3757 1067 3818 postquam
1100 3748 1245 3816 regio
1283 3751 1542 3802 comitatu
1573 3750 1863 3817 spirituque
1899 3765 2072 3818 egres-

471 3857 564 3894 sus
610 3841 767 3894 domo
812 3857 932 3894 cum
979 3840 1142 3894 tantis
1171 3843 1338 3910 copiis
1365 3853 1411 3895 et
1444 3841 1656 3910 opibus,
1697 3843 1755 3896 in
1798 3842 2072 3912 fortunam

473 3930 932 3999 conditionemque
963 3931 1177 3984 Immitis
1212 3931 1423 3985 clientis
1450 3932 1680 4000 abjicerc
1714 3942 1764 3986 te
1797 3933 1868 3986 ad
1895 3933 2074 3987 Alemii

472 4023 628 4093 pedes
652 4024 893 4093 potuisti,
925 4024 1087 4076 etiam
1105 4024 1271 4078 audes
1300 4034 1557 4094 tanquam
1579 4026 1654 4078 rei
1677 4025 1955 4094 praeclarae
1978 4025 2074 4079 tibi

476 4118 746 4183 conscius,
767 4117 910 4170 ultro
923 4133 1211 4184 provocare
1231 4133 1311 4171 me
1333 4117 1401 4170 ad
1423 4118 1651 4171 imitatio
1663 4134 1778 4171 nem
1794 4120 1892 4182 tui,
1907 4117 2076 4188 298

473 4217 526 4264 et
551 4219 660 4264 tam
697 4225 889 4279 parum
926 4219 1279 4265 consentanea
1321 4226 1450 4265 mea:
1479 4210 1736 4282 dignitati
1770 4213 2076 4269 consulere?

474 4303 574 4359 Cui
598 4301 782 4373 Hugo,
817 4303 981 4373 Atqui
1015 4305 1246 4372 primum
1271 4304 1508 4357 omnium
1543 4304 1840 4372 oportebat,
1875 4305 2074 4375 inquit,

474 4413 582 4452 non
606 4397 896 4452 excessisse
931 4412 1048 4461 nos,
1081 4399 1226 4450 ausis
1268 4397 1552 4466 improbis,
1584 4406 1635 4450 et
1669 4400 1802 4452 votis
1837 4413 1928 4466 spe
1969 4414 2075 4452 non
2102 4371 2147 4432 ο

475 4488 579 4543 nisi
610 4487 774 4542 dubia
821 4488 1085 4552 subnixis,
1131 4488 1276 4540 ultra
1339 4487 1471 4555 lines
1522 4497 1833 4542 nostrarum
1885 4505 2079 4543 unum-

475 4598 728 4654 quemque
753 4581 1042 4646 ditionum,
1066 4581 1515 4650 cupiditatemque
1537 4590 1694 4650 atque
1721 4583 1975 4651 impetum
2011 4585 2077 4638 ab

477 4674 670 4728 alienis
722 4675 878 4728 rebus
916 4675 1248 4727 abstinuisse
1285 4681 1560 4727 contentos
1605 4676 1864 4742 propriis.
1915 4674 2082 4728 Post-

477 4783 639 4838 quam
686 4782 806 4821 vero
841 4767 1194 4836 qualicunque
1235 4766 1453 4840 consilio
1483 4766 1584 4818 huc
1607 4766 1708 4819 loci
1731 4769 1964 4834 provecti
1989 4785 2085 4822 su-

477 4875 619 4922 mus,
670 4860 759 4914 ubi
784 4861 898 4914 sine
929 4857 1180 4912 benevola
1219 4874 1350 4911 cura
1388 4866 1439 4910 et
1467 4860 1796 4926 providentia
1831 4861 1944 4930 ejus
1983 4863 2077 4932 qui

477 4953 564 5006 hic
586 4955 808 5023 imperat
852 4951 988 5006 salvi
1026 4967 1138 5005 esse
1169 4967 1273 5004 non
1299 4966 1613 5017 possumus,
1645 4952 1802 5020 plane
1847 4957 1895 5008 si
1931 4956 2080 5023 sapi-

480 5061 621 5109 mus,
647 5047 778 5099 dare
826 5045 1076 5099 debemus
1144 5061 1381 5113 operam,
1436 5045 1703 5100 audiendo
1740 5063 1824 5116 eo,
1865 5048 2082 5119 ejusque

481 5139 763 5208 postulatis
811 5137 1115 5200 annuendo,
1179 5147 1236 5189 ut
1271 5137 1444 5202 ipsum
1493 5138 1859 5193 demereamur
1906 5142 2079 5205 nobis,

484 5229 687 5299 alioqui
739 5228 940 5297 frustra
983 5228 1183 5295 felicem
1227 5230 1424 5282 exitum
1503 5246 1816 5300 magnorum
1887 5243 2082 5301 caepto-

487 5338 607 5374 rum
654 5321 974 5389 speraturis.
1024 5319 1263 5375 Reverso
1307 5321 1527 5393 Hugone
1572 5339 1633 5378 re
1678 5324 1903 5391 inlecta,
1964 5341 2086 5381 cere

487 5409 593 5463 tior
618 5410 840 5464 aliunde
873 5409 1047 5463 factus
1077 5409 1379 5478 imperator
1401 5451 1416 5475 ,
1449 5411 1588 5467 alios
1619 5427 1755 5483 quos
1799 5416 1851 5469 in
1889 5417 2086 5472 itinere

487 5502 775 5557 constabat
810 5515 931 5557 esse
953 5542 968 5569 ,
1000 5517 1248 5572 quosque
1275 5501 1670 5561 Golthofredus
1703 5509 2080 5578 exspectabat,

2171 3107 2298 3162 λευε
2339 3106 2419 3175 τῷ
2456 3105 2733 3175 Γοντοφρὲ
2772 3101 2852 3175 τῷ
2880 3102 2976 3157 τοῦ
3018 3103 3288 3174 βασιλέως
3341 3103 3562 3170 ὑπεῖξαι
3596 3104 3768 3178 Θελή-

2176 3217 2330 3272 ματι,
2363 3201 2412 3253 el
2447 3200 2524 3270 μὴ
2566 3199 2662 3251 καὶ
2691 3196 2953 3267 δευτέρας
2995 3195 3248 3267 βούλοιτο
3271 3196 3376 3268 τῆς
3408 3195 3608 3252 τούτου
3636 3199 3772 3270 περὶ

2171 3293 2242 3346 τὰ
2272 3290 2553 3360 πολεμικὰ
2580 3288 2881 3358 ἐμπειρίας
2929 3288 3128 3354 πεῖραν
3162 3285 3371 3352 λασεῖν,
3403 3289 3501 3341 καὶ
3540 3289 3774 3359 ὀμωμο-

2172 3386 2331 3438 κέναι
2371 3380 2625 3451 καθαρὰν
2658 3379 2846 3432 πίστιν
2879 3377 3176 3448 φυλάττειν
3210 3377 3383 3447 αὐτῷ.
3418 3377 3476 3431 Ὀ
3503 3377 3561 3432 δὲ
3597 3378 3778 3434 πολλὰ

2172 3477 2362 3532 τοῦτον
2402 3473 2802 3544 κατεμέμφετο
2826 3471 3004 3541 λέγων
3030 3488 3044 3503 ο
3076 3470 3161 3525 Σὺ
3201 3471 3282 3537 ὡς
3314 3471 3622 3539 βασιλεὺς
3656 3471 3778 3544 τῆς

2171 3570 2330 3635 ιδίας
2359 3566 2748 3634 ἐξεληλυθὼς
2776 3563 2972 3635 χώρας
2989 3564 3140 3634 μετὰ
3169 3564 3470 3618 τοσούτου
3499 3565 3779 3620 πλούτου

2174 3663 2275 3717 καὶ
2325 3661 2795 3730 στρατεύματος,
2843 3657 2962 3712 νῦν
3003 3656 3070 3722 ἐξ
3110 3655 3314 3725 ὕψους
3355 3655 3653 3710 τοσούτου
3688 3656 3784 3720 εις

2175 3755 2403 3810 δούλου
2436 3751 2615 3817 τάξιν
2641 3750 2859 3806 ἑαυτὸν
2882 3747 3272 3816 συνήλασας.
3300 3747 3449 3802 Εἶτα
3491 3747 3573 3813 ὡς
3615 3746 3783 3819 μέγα

2175 3867 2232 3903 τι
2292 3844 2683 3915 κατορθωκὼς
2717 3886 2733 3910 ,
2792 3842 2973 3911 κάμοὶ
3023 3839 3280 3896 ’τοιαῦτα
3330 3840 3786 3909 συμϐουλεύων

2177 3940 2368 4008 ἥκεις.
2398 3936 2459 3991 '0
2482 3936 2564 4001 δὲ,
2583 3934 2805 4004 Ἐχρῆν
2822 3933 2942 4003 μὲν
2971 3928 3150 3999 ἡμᾶς,
3179 3929 3306 3998 ἔφη,
3334 3927 3405 3981 ἐν
3425 3926 3556 3992 ταῖς
3588 3925 3781 3993 ἰδίαις

2177 4029 2549 4100 προσμένειν
2589 4027 2827 4095 χώραις,
2863 4021 3115 4078 καὶτῶν
3161 4018 3506 4086 ἀλλοτρίων
3552 4016 3784 4088 ἀπέχε-

2178 4127 2344 4192 σθαι,
2375 4121 2506 4175 ἐπεὶ
2539 4118 2608 4174 δὲ
2636 4119 2848 4190 μέχρις
2871 4111 2989 4171 ὧδε
3027 4114 3436 4182 κατήλθομεν,
3458 4112 3702 4181 πολλῆς
3735 4114 3785 4147 ⁸⁸

2179 4216 2292 4286 τῆς
2346 4216 2452 4271 τοῦ
2493 4212 2807 4280 ,ϐασιλέως
2852 4208 3220 4278 κηδεμονίας
3257 4206 3554 4276 δεόμενοι,
3589 4204 3642 4257 ει
3687 4201 3785 4271 μὴ

2179 4310 2304 4376 τοῖς
2359 4308 2548 4364 αὐτοῦ
2602 4306 2924 4372 πειθόμεθα
2961 4303 3198 4372 λόγοις,
3226 4301 3338 4354 οὐκ
3393 4299 3588 4368 ἀγαθὰ
3633 4295 3790 4364 ἡμῖν

2179 4402 2584 4471 συμϐήσεται.
2630 4399 2720 4463 Ὠς
2759 4397 2818 4451 δὲ
2885 4395 3045 4450 κενὸν
3074 4394 3170 4448 τὸν
3204 4390 3379 4448 Οὖὸον
3425 4390 3638 4445 ἐκεῖθεν
3691 4390 3787 4455 ὲξ-

2178 4494 2419 4564 έπεμψε,
2447 4489 2892 4562 πληροφορηθεὶς
2920 4490 2947 4541 ὁ
2977 4486 3238 4557 βασιλεὺς
3269 4484 3365 4539 καὶ
3393 4483 3520 4546 τοὺς
3551 4480 3790 4536 ὅπισθεν

2181 4588 2512 4658 ἐρχομένους
2550 4583 2795 4654 ἐγγίζειν
2835 4581 2939 4654 ἤδη
2977 4580 3252 4650 κομήτας,
3306 4574 3642 4638 ἀποστείλας
3670 4575 3788 4627 τῶν

2181 4681 2466 4752 ἡγεμόνων
2504 4664 2802 4749 ’ἐκκρίτους
2855 4676 3016 4736 τινὰς
3076 4673 3216 4742 μετὰ
3266 4670 3376 4724 τῶν
3437 4668 3532 4723 ὐπ’
3574 4667 3785 4731 αὐτοὺς

2182 4773 2491 4843 δυνάμεων,
2525 4769 2845 4840 ἐπέσκηψεν
2880 4763 3040 4830 αὖθις
3077 4761 3598 4835 συμϐουλεύσασθαι
3630 4758 3784 4830 αὒτῷ

2183 4868 2280 4923 καὶ
2330 4863 2759 4931 καταναγκάσαι
2807 4861 3162 4931 διαπεράσαι.
3209 4857 3452 4922 Τούτους
3479 4858 3531 4909 οἱ
3561 4856 3785 4910 Λατῖνοι

2184 4961 2523 5030 θεασάμενοι
2571 4958 2668 5010 καὶ
2723 4955 2860 5028 μηδὲ
2921 4953 3121 5024 μικρὸν
3156 4950 3582 5020 ἀναμείναντες,
3640 4947 3780 5014 μήτε

2189 5053 2296 5124 μὴν
2346 5052 2408 5105 τὸ
2455 5051 2501 5083 ⁸³
2553 5049 2606 5103 τι
2660 5049 2728 5102 ἂν
2776 5047 3056 5118 βούλοιντο
3118 5042 3600 5113 ὲπερωτήσαντες,
3640 5031 3782 5124 πρὸς

2185 5147 2463 5216 πολέμους
2491 5144 2585 5197 uoti.
2616 5143 2793 5213 μάχας
2822 5142 3088 5211 ἐχώρουν.
3111 5136 3358 5206 Πολέμου
3383 5133 3440 5187 δὲ
3462 5123 3783 5198 ἀναμεταξὺ

2189 5239 2563 5311 συρραγέντος
2620 5234 2872 5306 ἰσχυροῦ,
2913 5233 3214 5286 πίπτουσιν
3253 5228 3313 5295 ἐξ
3362 5221 3628 5311 ἑκατέρου
3685 5216 3793 5288 μέ-

2192 5306 2321 5400 pou;
2369 5325 2573 5386 ἱκανοί.
2627 5321 3044 5394 Τιτρὼσκονται
3081 5319 3139 5373 δὲ
3169 5319 3218 5372 οἱ
3246 5313 3340 5369 τοῦ
3375 5306 3796 5400 αὐτοκράτορος

2193 5399 2386 5473 ὁπόσοι
2441 5415 2941 5488 ἀναισχυντότερον
2966 5413 3117 5483 αὐτῷ
3155 5403 3552 5481 προσέϐαλλον.
3593 5399 3806 5455 Ἑκου-

2211 5510 2442 5581 μότερον
2479 5510 2537 5563 δὲ
2562 5510 2770 5564 τούτων
2804 5507 3134 5580 μαχομένων
3187 5505 3257 5558 τὰ
3286 5503 3436 5556 νῶτα
3479 5496 3533 5552 οἱ
3566 5495 3805 5552 Λατῖνοι

1567 5625 1775 5687 Varias
1805 5625 2123 5694 lectiones
2153 5645 2230 5692 ex
2257 5627 2402 5691 cod.
2435 5626 2698 5690 Coislin.

562 5721 608 5754 "
647 5724 799 5778 Deest
834 5738 938 5779 vox
980 5723 1207 5795 πολλῆς.
1282 5725 1329 5758 ⁸³
1360 5723 1524 5783 Deest
1553 5730 1749 5784 vocula
1787 5729 1874 5786 τό.

1581 5843 1722 5906 Car.
1753 5841 2085 5907 Dufresnii
2117 5844 2213 5908 Du
2245 5842 2471 5925 Cangii
2504 5848 2697 5906 nolle.

569 5936 684 6008 (55)
723 5937 930 6007 Οὗϐος.
964 5941 1095 5999 Vide
1127 5943 1472 6015 Guihcrtum,
1498 5943 1591 6001 lib.
1620 5960 1681 6014 tt,
1715 5961 1836 6016 cap.
1880 5945 1969 6000 19.
