4088 6462
412 513 526 579 765

1672 517 2085 577 ALEXIADIS
2126 519 2275 581 LIB.
2311 521 2385 583 X.

3587 532 3693 599 766

411 633 658 702 ὕπειχον.
709 629 820 683 Καὶ
858 628 1035 694 οὕτως
1081 632 1108 684 ὀ
1153 631 1427 703 Γοντοφρὲ
1484 634 1689 704 μετ“οὖ
1732 636 1871 687 πολὺ
1918 635 1971 702 τιξ

2106 638 2401 694 adventare
2446 641 2694 708 comites,
2734 640 2905 697 lectas
2945 641 3111 697 duces
3159 658 3282 698 cum
3313 646 3487 714 cupiis
3541 648 3691 717 ipso-

408 722 510 777 τοῦ
564 720 832 792 βασιλέως
884 722 1119 793 ὲστοίχει
1179 722 1468 793 θελήματι.
1525 724 1853 795 Προσελθὼν
1904 724 1999 777 οὖν

406 814 489 885 τῷ
525 812 739 883 βασιλεῖ
772 813 1099 882 ἐπωμόσατο
1125 814 1297 885 ὅνπερ
1339 816 1604 886 ἀπῃτεῖτο
1635 814 1820 884 ὅρκον,
1856 814 1996 868 ὥστε

405 906 620 968 ὁπόσας
657 904 773 975 (54)
820 904 1006 969 πόλεις
1054 906 1147 957 καὶ
1191 906 1376 975 χώρας
1420 906 1451 975 ἢ
1507 906 1743 977 φρούρια
1798 907 1997 976 φθάσει

405 1003 707 1072 κατασχεῖν
741 1000 848 1053 ὑπὸ
880 999 980 1071 τὴν
1012 998 1296 1070 βασιλείαν
1341 1001 1630 1066 Ῥωμαίων
1662 1000 1723 1053 τὸ
1774 1001 1996 1071 πρῶτον

402 1091 695 1157 τελοῦντα,
721 1091 860 1162 πρὸς
900 1091 994 1145 τὸν
1032 1092 1121 1144 ἐπ’
1153 1092 1304 1162 αὐτῴ
1329 1091 1505 1161 τούτῳ
1535 1094 1689 1162 παρὰ
1720 1092 1814 1146 τοῦ
1848 1093 1998 1162 βασι-

399 1186 543 1247 λέως
584 1184 1062 1256 ἀποστελλόμενον
1108 1186 1354 1256 ἀρχηγὸν
1401 1186 1786 1257 παραδιδόναι.
1823 1186 1994 1239 Ταῦτ’

396 1276 499 1331 οὖν
541 1277 980 1348 ἐπομοσάμενος,
1032 1278 1301 1349 χρήματά
1337 1278 1450 1349 (55)
1478 1295 1538 1330 τε
1593 1277 1757 1330 ἱκανὰ
1807 1276 1992 1331 λαϐὼν

395 1370 659 1439 apsque;
702 1386 762 1423 τε
822 1370 917 1422 καὶ
973 1369 1358 1440 ὁμοτράπεζος
1405 1368 1556 1440 αὐτῷ
1598 1368 1847 1437 γεγονὼς
1895 1370 1991 1423 καὶ

396 1458 648 1527 δαψιλῶς
692 1461 995 1531 εὐωχηθεὶς
1036 1462 1377 1531 διαπεράσας
1417 1463 1560 1516 κατὰ
1605 1462 1697 1515 τὸν
1741 1463 1991 1515 Πελεκα-

393 1552 491 1604 νὺν
522 1553 637 1623 (56)
689 1554 976 1623 ηὐλίσατο.
1021 1552 1084 1607 Ὀ
1137 1554 1193 1606 δὲ
1236 1553 1497 1624 βασιλεὺς
1546 1553 1854 1623 τηνικαῦτα
1890 1554 1992 1605 ἐπ-

392 1643 643 1713 έσκηψεν
681 1644 928 1714 δαψιλεῖς
960 1645 1305 1717 πανηγύρεις
1337 1644 1554 1713 ἐξάγειν
1587 1646 1795 1709 αὐτοῖς.

2107 746 2223 783 rum
2292 732 2359 785 ad
2410 733 2711 786 exercitum
2744 733 3086 788 Gotthofredi
3117 735 3358 790 destinat
3404 754 3689 801 suasurus,

2106 834 2160 874 et
2212 830 2474 891 quantum
2526 835 2749 892 possent
2800 839 3106 889 coacturos,
3165 837 3224 881 ut
3282 831 3687 899 quamprimum

2108 915 2548 970 transfretareut.
2607 916 2714 972 llos
2768 918 2945 972 Latini
3000 920 3185 988 procul
3239 922 3539 988 conspicui
3595 940 3689 975 νος

2104 1008 2312 1061 nientes
2370 1024 2476 1062 non
2541 1012 2870 1075 sustinuere,
2926 1027 3024 1080 pro
3078 1013 3277 1066 ardore
3332 1029 3685 1083 praepropero

2110 1096 2656 1168 gentis,exspeclare
2692 1100 2819 1169 quid
2863 1100 3158 1165 afferrent,
3200 1103 3467 1168 cujusque
3510 1106 3682 1174 gratia

2108 1190 2187 1245 rei
2224 1194 2545 1244 accederent
2575 1209 2589 1244 :
2622 1195 2713 1245 sed
2750 1192 2881 1245 nihil
2928 1193 3290 1261 interrogatos
3319 1203 3506 1247 contra
3556 1211 3685 1262 pro-

2103 1279 2273 1346 gressi
2303 1279 2471 1332 armis
2500 1290 2555 1332 et
2597 1279 2786 1348 praelia
2820 1279 3118 1347 excipiunt.
3163 1279 3272 1333 Nec
3303 1281 3687 1336 recusantibus

2104 1368 2326 1433 nostris,
2360 1350 2704 1421 concurritur
2737 1370 2850 1423 acri
2896 1369 3169 1438 utrimque
3201 1384 3400 1438 pugna,
3434 1370 3685 1422 cadenti-

2105 1462 2204 1516 bus
2229 1461 2355 1515 hinc
2389 1471 2554 1530 atque
2581 1461 2708 1515 inde
2739 1462 2945 1518 multis.
2983 1462 3223 1516 Tandem
3254 1476 3379 1515 cum
3409 1461 3510 1515 sibi
3548 1476 3683 1515 con-

2103 1563 2311 1609 stantes
2337 1554 2674 1623 imperatorii
2711 1556 2925 1624 magnis
2954 1556 3273 1612 vulneribus
3302 1557 3682 1613 debilitassent

2101 1659 2196 1699 eos
2227 1659 2418 1698 omnes
2461 1643 2781 1699 Latinorum
2818 1647 2911 1715 qui
2947 1657 3210 1704 consueta
3244 1650 3422 1718 gentis
3454 1649 3680 1705 audacia

392 1739 574 1793 evecti
635 1749 851 1792 tentare
898 1741 1150 1795 cominus
1185 1739 1404 1793 admota
1453 1753 1633 1809 pugna
1684 1738 1989 1793 Romanam
2031 1735 2204 1791 aciem
2237 1751 2344 1791 non
2377 1736 2743 1804 dubitassem,
2788 1739 2877 1793 alii
2947 1750 3056 1794 tam
3099 1739 3315 1796 fortiter
3398 1757 3511 1796 rem
3584 1758 3682 1813 ge-

388 1834 647 1890 rentibus
705 1837 963 1890 Romanis
1021 1850 1081 1890 se
1129 1837 1367 1905 impares
1443 1836 1573 1891 fassi
1631 1845 1781 1907 terga
1846 1833 2020 1889 Latini
2096 1834 2400 1904 praebuere.
2467 1833 2581 1888 Hoc
2627 1834 2770 1888 malo
2824 1835 3219 1892 Gotthofredus
3261 1838 3521 1901 domitus,
3568 1856 3675 1894 non

390 1929 469 1982 ita
526 1926 698 1980 multo
738 1935 862 1997 post
904 1927 1224 1996 imperatori
1275 1928 1573 1983 obsecutus
1630 1937 1740 1992 est,
1786 1928 1987 1997 jusque
2012 1926 2306 1996 jurandum
2335 1925 2565 1979 solemni
2599 1924 2835 1979 formula
2867 1927 3138 1995 concepit,
3210 1930 3349 1996 quod
3418 1929 3676 1999 exigeba-

388 2030 505 2075 tur.
544 2018 708 2074 Teste
737 2019 993 2073 nimirum
1030 2020 1284 2089 promisit
1316 2020 1428 2075 Deo
1465 2035 1588 2076 sese
1670 2035 2027 2091 quascunque
2094 2020 2261 2075 urbes
2309 2032 2536 2072 arcesve
2572 2018 2714 2071 bello
2757 2018 2901 2073 forte
2936 2029 3194 2088 capturus
3236 2021 3490 2089 deinceps
3531 2032 3677 2074 esset

387 2119 458 2171 de
518 2115 792 2181 barbaris,
842 2132 962 2185 qua:
1004 2118 1168 2171 urbes
1217 2130 1443 2171 areesve
1487 2116 1703 2187 imperii
1750 2114 1983 2169 Romani
2023 2124 2183 2169 antea
2217 2112 2491 2177 fuissent,
2535 2128 2628 2167 eas
2660 2123 2849 2181 captas
2878 2128 2907 2167 a
2939 2129 3017 2181 se,
3050 2117 3190 2169 bona
3263 2115 3366 2168 [ide
3450 2118 3682 2170 traditu-

384 2223 513 2263 rum
576 2208 807 2263 ducibus
869 2209 1215 2280 praefectisve
1297 2226 1327 2266 a
1382 2212 1631 2266 Romano
1678 2211 2012 2282 imperatore
2050 2209 2330 2263 mittendis
2364 2207 2429 2260 ad
2459 2206 2661 2277 ipsum.
2720 2207 2816 2263 His
2862 2208 2935 2263 ita
2981 2208 3211 2264 firmatis
3287 2208 3682 2269 Gotthofredus

382 2301 603 2371 magnis
656 2310 847 2357 auctus
896 2303 962 2357 ab
1010 2303 1340 2371 imperatore
1397 2307 1754 2371 muneribus,
1814 2314 2186 2374 exceptusque
2243 2302 2596 2373 imperatorio
2627 2302 2853 2372 palatio,
2916 2313 2970 2358 et
3025 2303 3092 2358 ad
3155 2320 3399 2359 mensam
3470 2310 3673 2377 regiam

381 2392 679 2464 magniﬁce
709 2394 1005 2459 adhibitus,
1029 2398 1580 2465 transmisitfretum,
1614 2408 1668 2455 et
1693 2398 1837 2466 apud
1876 2396 2199 2452 Pelecanum
2256 2397 2451 2450 stativa
2521 2396 2743 2465 posuit:
2832 2395 3151 2465 providente
3224 2397 3554 2466 imperatore
3621 2417 3681 2476 ιιι

376 2494 565 2563 ampla
597 2494 647 2548 ei
687 2494 841 2563 copia
877 2492 1088 2546 utilium
1122 2494 1189 2546 ad
1221 2493 1420 2547 victum
1457 2508 1638 2547 rerum
1670 2493 2112 2560 suppeditaretur
2146 2490 2374 2559 ubique.
2600 2550 2609 2561 ⁸

456 2587 711 2642 Κατὸπιν
743 2587 801 2640 δὲ
826 2584 1020 2640 τούτου
1054 2585 1311 2654 ὲφθακὼς
1345 2588 1443 2640 καὶ
1480 2588 1508 2640 ὁ
1551 2586 1750 2641 Ῥαοὺλ
1779 2587 1971 2641 καλοῦ·

2161 2585 2288 2639 Post
2339 2587 2485 2640 hunc
2518 2586 2727 2655 primus
2756 2585 2978 2639 advenit
3016 2600 3198 2640 comes
3231 2587 3322 2656 qui
3376 2589 3678 2644 vocabatur

380 2698 552 2753 μενος
603 2679 783 2749 κόμης
813 2679 926 2748 (57)
965 2682 1105 2749 μετὰ
1145 2679 1548 2732 πεντεκαίδεκα
1596 2678 1853 2749 χιλιάδων
1888 2680 1981 2731 iat-

377 2777 533 2828 πὲων
567 2791 625 2827 τε
652 2772 747 2826 καὶ
772 2771 977 2835 πεζῶν,
1013 2771 1110 2824 καὶ
1143 2771 1286 2825 κατὰ
1330 2771 1429 2841 τὴν
1472 2772 1818 2842 Προποντίδα
1852 2772 1983 2842 περὶ

381 2867 483 2937 τὴν
510 2865 862 2934 καλουμένην
906 2862 1073 2932 μονὴν
1109 2862 1203 2915 τοῦ
1237 2863 1586 2934 πατριάρχου
1620 2862 1734 2933 (58)
1764 2861 1981 2932 σκηνώ-

394 2977 495 3023 σας
545 2958 684 3027 μετὰ
733 2957 844 3010 τῶν
894 2957 987 3009 ὑπ’
1023 2956 1189 3009 αὐτὸν
1242 2956 1527 3025 κομήτων,
1577 2957 1705 3019 τοὺς
1757 2956 1984 3021 λοιποὺς

388 3050 587 3120 μέχρις
612 3047 779 3101 αὑτοῦ
810 3045 1115 3100 Σωσθενίου
1147 3045 1436 3099 κατέοετο.
1481 3046 1571 3107 Ὠς
1593 3046 1650 3098 δὲ
1688 3047 1783 3098 καὶ
1810 3047 1979 3110 αὐτὸς

382 3143 456 3196 τὰ
498 3141 642 3195 αὐτὰ
664 3141 744 3209 τῷ
767 3139 1043 3210 Γοντοφρὲ
1078 3138 1296 3209 φρονῶν
1328 3136 1654 3192 ἀνεϐάλλετο
1695 3138 1835 3201 τέως
1878 3138 1981 3209 τὴν

375 3236 493 3291 τῶν
530 3234 760 3289 ὄπισθεν
808 3234 1126 3304 ἐρχομένων
1185 3233 1628 3302 ἀπεκδεχόμενος
1685 3232 1918 3286 ἕλευσιν.
1955 3232 1985 3283 ὁ

375 3328 647 3400 βασιλεὺς
679 3326 1080 3397 στοχαζόμενος
1113 3325 1209 3378 τοῦ
1264 3326 1573 3395 μέλλοντος,
1629 3325 1823 3378 ἐδεδίει
1875 3324 1977 3394 τὴν

369 3423 594 3478 τούτων
624 3420 834 3490 ἄφιξιν,
866 3420 964 3474 καὶ
997 3420 1180 3473 αὐτῶν
1214 3421 1312 3492 ὅλῃ
1347 3422 1490 3491 χειρὶ
1522 3420 1617 3473 καὶ
1647 3420 1845 3491 γνώμῃ
1873 3419 1974 3489 τὴν

370 3513 778 3581 διαπεραίωσιν
818 3511 1177 3565 ὲπέσπευδεν.
1242 3511 1601 3572 Ἀποστεὶλας
1650 3511 1835 3562 τοίνυν
1880 3509 1974 3562 τὸν

372 3599 564 3657 Ὧπον
609 3603 975 3673 μετεκαλεῖτο
999 3617 1019 3636 ο
1052 3602 1314 3671 εὐστενὴς
1345 3605 1390 3636 ⁸⁵
1425 3603 1481 3656 δὲ
1516 3594 1675 3665 οὗτος
1711 3602 1975 3672 φρονήσει

371 3697 475 3750 καὶ
530 3698 599 3765 τῇ
669 3696 798 3766 περὶ
851 3695 921 3748 τὰ
990 3694 1365 3765 στρατιωτικὰ
1422 3692 1689 3771 ἐμπειρίᾳ
1745 3693 1975 3762 μηδενὸς

374 3789 655 3842 ἀποδέων.
689 3790 799 3841 Καὶ
831 3770 1021 3859 ἐπειδὴ
1066 3789 1248 3858 παρῆν
1307 3787 1425 3857 μεθ’
1458 3770 1667 3856 ἑτέρων
1706 3786 1975 3852 γενναίων

372 3879 593 3952 ἀνδρῶν
655 3880 745 3934 διὰ
802 3881 902 3952 τῆς
960 3880 1195 3952 ἠπείρου
1254 3880 1392 3953 πρὸς
1445 3872 1973 3946 αὐτονί⁷ὲξέπεμψε,

2085 2679 2222 2734 Raﬁl
2252 2694 2373 2732 cum
2403 2682 2645 2749 equitum
2679 2676 3034 2747 peditumque
3060 2679 3303 2734 millibus
3328 2682 3460 2749 quin
3486 2682 3667 2741 lecim,

2084 2773 2343 2829 Tetendit
2383 2773 2428 2827 is
2455 2788 2579 2826 cum
2615 2773 2746 2827 viris
2780 2773 3058 2842 primariis
3091 2772 3266 2841 ipsum
3312 2775 3669 2841 sequentibus

2083 2867 2150 2921 ad
2175 2864 2571 2935 Propontidem
2621 2865 2771 2919 circa
2834 2865 3228 2920 monasterium
3290 2865 3435 2934 quod
3469 2866 3674 2921 dicitur

2081 2958 2442 3028 patriarchae:
2472 2958 2659 3026 copias
2682 2965 2905 3012 caeteras
2936 2973 3105 3028 usque
3136 2958 3203 3011 ad
3231 2958 3406 3026 ipsum
3444 2958 3673 3016 Sosthe-

2084 3050 2236 3104 nium
2291 3048 2655 3117 disposuerat.
2722 3047 2794 3103 Ut
2843 3058 3021 3103 autem
3080 3050 3183 3104 iste
3232 3051 3392 3105 simili
3446 3054 3673 3108 consilio

2085 3158 2209 3198 cum
2249 3141 2610 3197 Gotthofredo
2650 3140 2930 3195 differebat
2960 3141 3011 3195 in
3050 3143 3165 3197 dies
3206 3145 3495 3198 transitum
3519 3187 3535 3210 ,
3581 3162 3673 3202 se-

2084 3232 2366 3303 quentium
2418 3233 2701 3301 copiarum
2735 3231 3108 3303 comitumque
3154 3235 3449 3289 adventum
3503 3250 3672 3306 Oppe-

2083 3316 2272 3389 riens,
2331 3326 2630 3388 imperator
2683 3325 2772 3378 cui
2833 3327 3027 3380 merito
3097 3336 3352 3396 suspecta
3406 3337 3523 3383 erat
3589 3337 3670 3384 tot

2083 3415 2419 3471 Gallicorum
2472 3414 2810 3469 exercituum
2883 3431 3052 3485 prope
3126 3416 3661 3487 Constantinopolim

2074 3507 2417 3577 conjunctio,
2462 3506 2774 3562 faciendum
2824 3507 2926 3562 sibi
2969 3509 3181 3576 putavit
3225 3519 3285 3573 ut
3338 3511 3480 3565 hunc
3524 3527 3664 3581 quo-

2076 3614 2182 3667 que
2210 3599 2455 3669 quandiu
2495 3598 2645 3653 solus
2689 3606 2829 3661 erat,
2879 3598 3239 3654 transfretare
3268 3601 3417 3655 omni
3454 3603 3668 3659 ratione

2070 3699 2313 3762 cogeret.
2360 3690 2493 3744 Eam
2525 3692 2589 3743 ad
2630 3706 2739 3745 rem
2764 3690 2938 3759 Opum
2974 3693 3206 3746 accersit
3234 3693 3411 3747 virum
3448 3693 3669 3748 fortitu-

2073 3787 2223 3851 dine,
2262 3785 2550 3854 prudentia
2603 3792 2656 3839 et
2691 3784 2920 3843 scientia
2959 3786 3036 3839 rei
3088 3783 3296 3840 bellicae
3338 3786 3541 3840 nemini
3575 3802 3666 3843 se-

2074 3866 2347 3941 cundum;
2385 3875 2747 3945 adjuncloque
2787 3876 2864 3931 illi
2896 3875 3159 3933 comitatu
3191 3874 3388 3933 idoneo
3420 3876 3664 3932 virorum

1485 3971 1682 4035 Variae
1726 3971 2037 4035 lectiones
2067 3990 2142 4036 ex
2179 3970 2323 4034 cod.
2356 3969 2618 4034 Coislin.

451 4076 501 4108 ⁸⁸
530 4077 591 4130 εὖ
604 4076 822 4148 σθενὴς.

1461 4206 1602 4267 Car.
1647 4204 1978 4267 Dufresnii
2012 4208 2110 4268 Du
2144 4204 2372 4283 Cangii
2410 4209 2607 4267 notae.

452 4307 586 4387 (55L
601 4307 785 4387 "00.18
815 4306 1069 4387 ὁπόσας.
1105 4304 1363 4360 Albertus
1394 4305 1499 4387 Aq.
1548 4305 1644 4387 lib.
1704 4322 1766 4387 ιι,
1825 4320 1947 4373 cap.
1980 4329 2024 4387 α
2059 4323 2170 4387 pou
2189 4306 2404 4387 videtur
2433 4320 2562 4387 vero
2586 4303 2785 4387 simile.
2819 4303 3010 4387 Varios
3028 4322 3094 4362 eo
3119 4306 3240 4387 ipso
3262 4323 3380 4387 aevo
3403 4324 3659 4387 proceres

369 4380 449 4436 28
485 4400 499 4433 :
542 4375 906 4431 Promiserunt
959 4376 1096 4429 enim
1152 4385 1458 4444 juramento
1506 4375 1637 4428 nihil
1681 4376 1744 4428 de
1789 4392 1944 4443 regno

370 4450 738 4515 imperatoris,
766 4462 868 4500 non
908 4456 1110 4507 castra,
1149 4462 1250 4498 non
1282 4448 1542 4515 civitates,
1593 4447 1695 4499 nisi
1726 4462 1791 4499 ea:
1834 4446 1945 4513 ejus

369 4514 666 4581 voluntate,
721 4530 812 4571 aut
847 4516 985 4569 dono
1034 4517 1279 4570 retinere.
1332 4514 1614 4570 Willhem.
1662 4515 1945 4570 Malmesb.

369 4592 475 4644 lib.
506 4604 581 4647 tv.
620 4591 686 4640 de
716 4587 908 4641 Alexio
938 4606 950 4641 :
986 4585 1213 4639 Tantum
1246 4585 1435 4641 Graeca
1468 4588 1725 4656 facundia
1757 4585 1945 4647 valuit,

2048 4447 2391 4516 expeditione
2408 4443 2566 4514 361
2595 4443 3648 4519 fuerunt,memorantscriptores,atq1te

2050 4519 2101 4571 in
2143 4519 2229 4572 his
2277 4515 2622 4585 lladulphum
2667 4518 2732 4570 de
2776 4515 3147 4585 Balgentiaco,
3192 4517 3532 4585 Radulphum
3582 4524 3648 4577 de

2051 4584 2681 4651 Fontanisﬁadulphum
2701 4584 3213 4654 Gaer,Rodulphum
3244 4584 3649 4651 Britannnm,et

2058 4376 2355 4443 Rndulphi,
2374 4374 3037 4447 autﬁiodulphimomine,
3063 4378 3268 4445 quique
3296 4378 3349 4431 in
3374 4374 3436 4431 ea
3468 4382 3651 4447 priore

2595 4445 2837 4519 fuerun_t,
2852 4458 3157 4519 memorant
3174 4445 3653 4519 scriptoresmtque

365 4672 435 4713 ut
474 4678 506 4713 a
539 4658 759 4729 singulis
791 4659 1059 4711 hominum
1092 4654 1759 4729 sacramentuni‘erigeret,
1809 4656 1951 4729 quod
2052 4656 2396 4722 Rodulphum
2426 4654 2884 4729 de_Claromontc.
2904 4655 3155 4729 Occurrit
3176 4672 3439 4725 pranerea
3481 4657 3646 4723 Raul,

366 4732 459 4786 illi
491 4727 778 4783 nihilimali
820 4729 1273 4793 machinarenlur,
1328 4729 1467 4798 quod
1519 4727 1670 4779 urbes
1721 4727 1946 4793 imperio

362 4818 473 4854 suo
531 4801 863 4861 appendices,
923 4799 969 4851 si
1021 4800 1291 4867 acquirere
1338 4806 1572 4861 possent,
1641 4799 1951 4867 redderent,

361 4881 482 4927 etc.
519 4869 671 4924 Adde
721 4870 970 4924 eumdem
1002 4866 1280 4922 Albertum
1330 4869 1430 4929 Λα.
1467 4869 1559 4924 lib.
1585 4883 1647 4930 ιι,
1690 4881 1805 4936 cap.
1864 4866 1952 4936 18.

446 4941 562 5012 (55)
599 4939 907 5012 Χρήματα.
958 4938 1174 5012 Albert_.
1230 4937 1348 5012 At].
1388 4940 1485 4992 lib.
1545 4955 1605 5002 ll,
1658 4953 1780 5012 cap.
1844 4935 1952 5001 16;

360 5007 634 5069 Fuit-her.
668 5011 764 5065 lib.
797 5027 834 5079 ι,
867 5024 989 5073 cap.
1019 5009 1092 5079 :5;
1132 5007 1261 5079 Tyr.
1300 5010 1391 5079 lib.
1426 5024 1486 5074 ιι,
1510 5024 1630 5078 cap.
1664 5010 1716 5062 7.

450 5082 566 5153 (50)
594 5078 968 5153 Πελεκὰνόν.
1018 5077 1283 5153 Locus'iu
1319 5077 1613 5153 Bithynia,
1647 5078 1802 5153 cujus
1844 5093 1959 5153 me-

363 5149 536 5207 minit
566 5151 1009 5215 Gantacuzenus,
1039 5150 1133 5204 lib.
1173 5165 1237 5215 tt,
1265 5165 1390 5219 cap.
1421 5151 1476 5204 6.
1515 5149 1651 5204 Vide
1692 5149 1816 5203 Alb.
1853 5151 1957 5220 Aq.

365 5224 475 5274 lib.
516 5237 574 5274 ιι.
612 5237 734 5274 can.
771 5222 858 5274 17.

365 5224 475 5277 lib.
516 5237 574 5285 ιι,
612 5237 734 5289 cap.
771 5224 858 5274 17.

448 5294 563 5362 (57)
609 5290 834 5345 Ῥαοὺλ
871 5294 1088 5359 κόμης.
1124 5291 1290 5345 Miror
1320 5295 1620 5360 scriptores
1676 5307 1960 5347 sacrarum

368 5362 785 5431 expeditionum
816 5362 1038 5416 siluisse
1069 5365 1134 5414 de
1171 5363 1482 5431 Radulpho,
1525 5374 1577 5417 et
1629 5374 1737 5416 tam
1774 5379 1963 5417 nume-

370 5450 504 5488 roso
534 5432 653 5503 ejus
683 5433 955 5498 exercitu,
990 5447 1153 5502 quem
1192 5436 1471 5503 maritimo
1514 5436 1707 5488 itinere
1756 5434 1821 5487 ad
1860 5435 1964 5487 Do—

370 5504 636 5558 minicum
676 5503 990 5569 sepulcrum
1030 5511 1174 5557 recta
1240 5502 1613 5558 deducendum
1682 5504 1963 5558 curaverit

370 5574 619 5628 Alexius.
652 5574 811 5628 Certe
837 5582 1023 5627 narrat
1053 5572 1392 5642 Raimuudus
1415 5576 1481 5628 de
1508 5576 1712 5642 Agiles,
1750 5592 1800 5642 p.
1840 5573 1961 5640 179,

371 5645 581 5714 Anglos
639 5644 905 5711 quosdam
960 5654 1213 5710 percepta
1279 5641 1580 5714 Gallorum
1613 5641 1960 5714 expeditione

376 5712 899 5786 llic—rosolymitana,
950 5728 1046 5783 per
1078 5730 1231 5786 mare
1279 5712 1554 5768 Oceanum
1606 5725 1658 5769 et
1688 5712 1959 5786 Mediter-

374 5799 602 5841 raneum
632 5783 853 5853 portum
876 5784 1202 5845 Antioeltim,
1227 5795 1389 5852 atque
1426 5786 1706 5839 civitatem
1760 5783 1955 5837 Laodi-

375 5870 511 5925 ceae,
542 5866 834 5925 antequam
884 5865 1074 5908 noster
1103 5856 1377 5908 exercitus
1428 5863 1626 5909 terram
1674 5856 1802 5909 illuc
1857 5871 1951 5909 re-

379 5924 542 5990 niret,
578 5924 853 5981 laberiose
880 5925 1205 5979 obtinuisse.
1261 5925 1327 5977 At
1365 5926 1569 5994 ΑιιδΙηδδ
1632 5926 1945 5980 (Ιοηςιειιιιῑς

381 5996 753 6067 nopolitauum
789 6005 1027 6054 tractum
1065 5996 1309 6066 attigisse
1364 6014 1428 6051 es
1492 5998 1703 6052 itineris
1736 5999 1947 6051 ratione

2062 4724 2815 4797 cognomeuthaclmb‘urus,
2868 4728 2957 4796 qui
2995 4726 3047 4797 in
3083 4724 3275 4781 charta
3334 4742 3424 4781 an.
3485 4730 3646 4794 1100,

2062 4793 2336 4854 δεῖιὶονεηι
2393 4793 2803 4849 Montiscabiosi
2864 4793 2912 4851 et
2970 4796 3206 4849 aliarum
3264 4800 3478 4852 urbium
3529 4793 3650 4857 sese

2064 4867 2335 4929 inscribit,
2369 4864 2590 4933 Rogerii
2625 4865 2828 4921 Sicilia!
2849 4868 3070 4921 comitis
3100 4882 3165 4920 ex
3192 4868 3299 4922 (ilia
3336 4868 3523 4923 Emma
3589 4888 3649 4924 e-

2064 4955 2179 4997 ner,
2206 4939 2347 4997 apud
2383 4934 2602 4997 Ughell.
2635 4945 2768 4990 tom.
2803 4935 2896 4991 Vll
2932 4936 3061 4993 Ital.
3110 4937 3316 4997 Sacrm.
3366 4954 3489 4997 pag.
3548 4887 3641 4997 fl.

2058 4955 2179 5023 per,
2206 4934 2768 5023 apqd'lJ'ghell.htont.
2803 4935 2896 4991 Vll
2932 4936 3061 5019 Ital.
3110 4937 3489 5023 Sperg.npag.

2058 5009 2170 5075 42;
2202 5004 2511 5072 Radulphus
2561 5005 2701 5061 alter
2740 5008 3068 5077 cognomine
3128 5009 3194 5061 de
3234 5004 3462 5063 Malitio'
3478 5004 3652 5067 comes

2058 5079 2348 5150 provincia:
2377 5075 2792 5150 Bivinianeusis,
2833 5079 3045 5150 subat].
3084 5076 3245 5150 1000,
3288 5080 3429 5148 apud
3491 5098 3649 5137 eum-

2062 5145 2183 5204 dem
2221 5146 2433 5216 llghell.
2474 5156 2611 5201 tom.
2645 5145 2736 5207 Vl.
2768 5164 2891 5217 pag.
2936 5147 3062 5204 496.
3127 5146 3244 5203 Utri
3305 5145 3498 5205 horum
3549 5153 3659 5209 Ra-

2065 5218 2304 5287 dulphus
2337 5219 2577 5271 Annaeus
2607 5220 2920 5281 conveniat,
2958 5235 3065 5273 non
3096 5222 3268 5273 ausim
3302 5231 3571 5280 statuere.

2136 5291 2252 5362 (58)
2288 5288 2504 5362 Mori)?
2532 5287 2639 5340 τοῦ
2666 5288 3061 5358 πατριάρχου.
3118 5288 3505 5362 Monasterium
3557 5308 3651 5362 pa-

2067 5357 2323 5416 triarCha:
2355 5357 2486 5412 illud
2522 5373 2644 5412 esse
2676 5357 3012 5430 censuerim,
3066 5361 3210 5427 quod
3265 5362 3404 5415 alias
3465 5357 3651 5430 Satyri

2068 5432 2292 5496 dicitur,
2330 5430 2382 5484 in
2414 5443 2525 5497 quo
2578 5429 2849 5497 sepultmn
2901 5430 3240 5485 Stauratium
3288 5432 3420 5499 imp.
3483 5429 3652 5487 tradit

2069 5502 2370 5556 Cedrenus.
2408 5499 2560 5553 Hanc
2601 5514 2765 5566 porro
2800 5501 3219 5568 appellationem
3252 5509 3443 5566 postea
3477 5502 3649 5555 sorti-

2070 5581 2184 5626 tum
2218 5581 2301 5626 est
2328 5573 2395 5625 de
2424 5568 2646 5641 nomine
2679 5568 2737 5623 S.
2792 5569 2982 5641 Ignatii
3018 5569 3342 5641 patriarchas
3372 5570 3654 5625 Constan-

2072 5642 2440 5712 tiuopolitani,
2479 5638 2899 5712 quiantequam
2946 5643 3088 5694 hanc
3140 5638 3464 5712 dignitatem
3523 5642 3654 5697 ade-

2068 5707 2207 5782 ptus’
2228 5722 2394 5777 esset,
2424 5707 2567 5782 ineo
2593 5707 2960 5779 Heguinenus.
2996 5707 3287 5782 seuablias
3311 5709 3605 5782 exstiterat
3631 5727 3645 5762 :

2068 5775 2136 5835 ab
2172 5784 2269 5838 illo
2290 5775 2438 5837 enim
2481 5775 2871 5843 instauratum,
2908 5790 2963 5833 et
2997 5778 3062 5833 D.
3100 5775 3348 5832 Michaeli
3376 5780 3648 5849 dicatum,

2065 5854 2303 5922 denique
2331 5852 2384 5906 in
2407 5851 2794 5922 eoiltumatum
2817 5849 3112 5922 lgnatium
3142 5850 3374 5922 produnt
3408 5847 3651 5922 _Nicetas

2064 5918 2342 5992 Paphlago
2378 5930 2435 5978 et
2474 5919 2706 5977 Michael
2763 5918 3050 5990 Syncellus
3100 5921 3153 5975 in
3210 5918 3358 5977 illius
3408 5918 3537 5977 Vita
3593 5930 3650 5980 ct

2062 5994 2343 6051 EllL‘OllllO.
