4088 6460
421 499 529 566 767

1706 495 1931 560 ΛΝΝᾸΞ
1959 493 2342 558 COMNENIE

3573 493 3676 558 768

422 611 648 668 fortium
721 612 916 667 itinere
970 609 1216 668 terrestri
1263 611 1331 666 ad
1396 616 1571 665 castra
1625 609 1814 664 Baulis
1845 610 1998 681 jubet

2103 601 2654 673 παρακελευσάμενος
2708 601 3127 672 καταναγκάσαι
3170 599 3360 655 τούτου
3403 602 3503 674 τὴν
3557 606 3678 662 δια-

427 704 674 770 tendere,
707 717 976 773 agereque
1013 711 1172 772 prout
1215 717 1303 758 res
1338 699 1507 757 ferret
1547 703 1724 757 modis
1751 701 2002 757 omnibus

425 805 488 849 ut
557 796 959 865 quamprimum
1030 794 1077 849 is
1161 808 1292 850 suos
1343 807 1531 847 omnes
1589 793 1728 846 ultra
1795 791 1997 846 fretum

425 886 610 940 volens
641 886 812 957 299
847 887 1103 942 nulensve
1145 887 1478 955 deportaret.
1517 885 1786 956 Expertus
1823 897 2001 943 tenta-

425 978 626 1031 meutis
664 977 853 1044 primis
891 975 1040 1046 Opus
1069 977 1347 1032 Gallorum
1389 978 1602 1034 animos
1643 979 1800 1033 facile
1833 981 2001 1035 sensit

425 1067 740 1134 neutiquam
795 1078 1014 1134 paratos
1073 1069 1140 1123 ad
1185 1070 1593 1139 obsequendum
1641 1070 1997 1138 imperatori:

426 1159 557 1226 quin
606 1158 766 1211 etiam
819 1158 1116 1214 insolentes
1167 1175 1353 1214 eorum
1395 1162 1448 1215 in
1487 1162 1660 1230 ipsum
1697 1163 1870 1216 minas
1907 1177 2002 1216 au-

424 1247 544 1303 dire
572 1249 802 1316 amplius
841 1265 947 1304 non
991 1251 1267 1306 sustinens
1297 1253 1570 1321 expedivit
1596 1268 1748 1308 arma
1778 1271 1791 1306 :
1827 1254 1999 1323 magis

423 1336 514 1391 ille
548 1339 765 1407 quidem
795 1344 1100 1396 ostentandi
1133 1343 1314 1398 animo
1345 1360 1506 1414 quam
1553 1344 1818 1400 inferendi
1852 1347 1997 1401 belli.

2105 693 2428 762 περαίωσιν.
2479 694 2635 747 Ἐπεὶ
2699 693 2757 746 δέ
2800 692 2988 748 τοῦτον
3054 693 3202 764 ἐώρα
3264 695 3341 766 τῷ
3406 695 3676 772 βασιλικῷ

2107 785 2374 855 μηδαμῶς
2430 786 2726 840 ὑπείκοντα
2788 787 3197 856 προστάγματι,
3229 787 3346 842 ἀλλ’
3378 791 3678 861 ἀναισχυν-

2103 877 2300 930 τοῦντα
2363 878 2458 932 καὶ
2525 878 2697 932 πολλὰ
2761 878 2904 932 κατὰ
2967 878 3060 932 τοῦ
3091 879 3401 948 ’βασιλέως
3471 899 3682 952 φρυατ-

2103 969 2352 1039 τόμενον,
2375 971 2742 1042 ὁπλισάμενος
2775 969 3140 1041 παρετάξατο,
3168 972 3682 1043 μορμολυττόμενος

2105 1063 2248 1133 τάχα
2277 1064 2367 1117 τὸν
2403 1063 2703 1135 βάρϐαρον,
2741 1063 2836 1117 καὶ
2864 1062 2956 1117 διὰ
2993 1061 3154 1116 τοῦτο
3190 1064 3439 1132 οἰόμενος
3471 1065 3684 1120 πείσειν

2104 1155 2272 1208 αὐτὸν
2328 1157 2466 1226 πρὸς
2527 1155 2630 1227 τὴν
2689 1157 2927 1228 περαίαν
2984 1155 3449 1214 διαπλωῖσασθαι.
3521 1160 3582 1212 Ὀ
3621 1159 3682 1214 δὲ

2105 1247 2299 1302 θᾶττον
2331 1248 2363 1318 ἢ
2403 1247 2567 1317 λόγος
2601 1249 2741 1319 μετὰ
2781 1249 2896 1302 τῶν
2950 1249 3221 1305 συνόντων
3255 1249 3407 1320 αὐτῷ
3458 1251 3682 1304 Κελτῶν

2103 1340 2580 1411 παραταξάμενος,
2613 1343 2687 1405 ὡς
2709 1342 2846 1395 λέων
2886 1342 3060 1416 ἐχάρη
3090 1343 3313 1414 μεγάλῳ
3343 1344 3437 1397 ἐπὶ
3463 1343 3680 1413 σώματι

425 1429 532 1485 Sed
573 1432 732 1504 longe
757 1435 1010 1502 opinione
1049 1435 1214 1491 falsus
1245 1447 1331 1493 est
1359 1439 1452 1507 qui
1479 1453 1618 1493 vana
1651 1439 1998 1494 simulatione

2103 1433 2334 1502 κύρσας,
2365 1436 2462 1488 καὶ
2483 1433 2788 1503 τηνικαῦτα
2820 1436 2960 1504 μετὰ
2981 1434 3076 1488 τοῦ
3109 1436 3284 1489 Ὦπου
3327 1435 3502 1504 μέγαν
3536 1437 3684 1490 συνί-

422 1522 692 1580 inferendi
725 1527 895 1594 pra-lii
933 1537 1198 1584 terrorem
1242 1531 1489 1586 incutere
1520 1547 1579 1586 se
1599 1547 1757 1600 posse
1788 1548 1997 1602 pugna-
2045 1579 2078 1591 ς

422 1617 654 1670 cissimae
715 1619 863 1688 genti
925 1621 1201 1675 credidit:
1252 1623 1438 1692 eisque
1485 1624 1550 1675 ad
1594 1635 1794 1678 metum
1844 1625 1996 1692 obje-

423 1707 624 1762 ctando
668 1725 790 1777 quze
839 1711 891 1764 in
941 1713 1084 1766 votis
1145 1713 1346 1768 habere
1409 1729 1474 1769 ac
1527 1731 1748 1784 sperare
1800 1717 1994 1783 solent,

421 1797 737 1854 adacturum
772 1801 957 1857 Gallos
1003 1805 1071 1859 ad
1108 1807 1482 1861 maturandam
1517 1808 1889 1874 trajectionem
1939 1823 1999 1863 se

2103 1542 2264 1594 στησι
2317 1525 2574 1596 πόλεμον.
2636 1526 2978 1581 Καταλαϐὼν
3030 1527 3088 1580 δέ
3144 1529 3242 1581 καὶ
3263 1529 3308 1561 ⁸⁵
3341 1530 3369 1581 ό
3399 1529 3682 1596 Πηγάσιος

2093 1616 2410 1680 ¹διαπόντιος
2446 1616 2534 1685 ἐφ’
2561 1611 2605 1686 ᾧ
2629 1618 2853 1682 τούτους
2882 1620 3174 1689 διαπερᾷν.
3200 1620 3312 1673 Καὶ
3340 1619 3679 1690 θεασάμενος

2098 1707 2196 1778 τὴν
2249 1709 2395 1763 κατὰ
2441 1710 2538 1781 τὴν
2588 1711 2820 1782 ἠπειρον
2876 1711 3056 1782 μάχην
3103 1710 3198 1766 καὶ
3255 1713 3380 1775 τοὺς
3437 1712 3679 1776 Κελτοὺς

2103 1799 2443 1872 ἰταμώτερον
2491 1800 2568 1871 τῷ
2618 1801 2918 1872 Ῥωμαῖκῷ
2977 1802 3356 1873 στρατεύματι
3404 1805 3680 1877 προσϐάλ-

422 1889 802 1948 arbitraretur.
837 1895 975 1948 Raﬁl
1006 1893 1178 1966 Opum
1218 1897 1462 1962 prmlium
1493 1910 1774 1968 parantem
1809 1900 1998 1956 viden‘s

2103 1889 2310 1957 λοντας,
2347 1892 2456 1944 τῶν
2501 1892 2645 1961 νηῶν
2701 1893 3061 1961 ἐξεληλυθὼς,
3116 1894 3174 1958 ἐξ
3205 1894 3470 1948 ὀπισθίων
3499 1912 3676 1965 προσο

417 1981 616 2048 gaudet
661 1989 720 2035 ut
787 1983 969 2040 oblata
1016 1987 1195 2054 magni
1261 1987 1347 2044 leo
1387 1990 1630 2057 corporis
1675 2003 1842 2057 esea;
1895 2006 1998 2047 nec

2103 1983 2289 2036 σάλλει
2340 1984 2434 2036 καὶ
2469 1985 2631 2046 αὺτδς
2656 1987 2770 2049 τοῖς
2795 1986 3043 2049 Κελτοῖς.
3083 1985 3466 2056 Ἀναιροῦνται
3491 1987 3671 2040 τοίνυν

418 2082 572 2122 mora
617 2069 725 2122 ulla
790 2072 935 2127 dicto
970 2076 1132 2131 citius
1171 2092 1302 2134 suos
1342 2079 1393 2133 in
1424 2084 1714 2136 adversum
1759 2083 1998 2150 instruit,

415 2155 582 2225 inque
655 2159 828 2227 Opum
885 2164 1156 2220 invehitur
1226 2167 1428 2238 impetu
1493 2171 1998 2227 vehementissimo.

415 2247 582 2303 Forte
626 2252 922 2309 advenerat
954 2257 1142 2311 eodem
1186 2273 1282 2328 per
1323 2275 1474 2314 oram
1510 2263 1680 2318 maris
1737 2264 1998 2333 Pegasius

415 2351 637 2397 evectus
663 2359 787 2398 cum
818 2347 1044 2402 navibus
1075 2347 1265 2404 Baulis
1288 2351 1497 2422 copias,
1527 2355 1571 2408 si
1606 2354 1654 2408 ei
1682 2359 2000 2423 persuaderi

414 2435 674 2504 trajectio
715 2447 922 2508 posset,
969 2442 1023 2508 in
1072 2443 1258 2498 Asiam
1285 2451 1761 2516 transportaturis.
1810 2448 1911 2505 Hic
1963 2465 1995 2506 e

413 2528 551 2582 mari
592 2530 908 2597 speculatus
955 2533 1244 2588 littoralem
1288 2529 1521 2608 pugnam
1550 2576 1565 2601 ,
1602 2540 1846 2609 satisque
1875 2541 1993 2596 visu

411 2618 532 2687 ipso
569 2622 850 2676 mstimans
891 2624 1035 2680 haud
1087 2641 1243 2694 pares
1287 2629 1352 2682 ad
1389 2641 1689 2684 extremum
1719 2631 1994 2689 Romanos

411 2707 530 2763 fore
571 2713 750 2766 ardori
798 2714 1220 2785 ﬂagrantissimo
1257 2733 1363 2788 quo
1402 2736 1565 2775 ruere
1617 2723 1669 2776 in
1707 2737 1800 2778 eos
1855 2723 1994 2779 Galli

411 2800 523 2870 jam
551 2816 832 2873 ceperant,
885 2809 1093 2863 otiosus
1121 2811 1274 2866 testis
1305 2812 1476 2868 cladis
1507 2829 1727 2870 suorum
1757 2833 1877 2872 esse
1901 2833 2000 2873 no-

2102 2074 2410 2146 τηνικαῦτα
2457 2076 2678 2129 πολλοί·
2733 2077 2980 2132 πλεῖστοι
3019 2078 3076 2131 δὲ
3127 2078 3222 2131 καὶ
3254 2077 3676 2149 τιτρώσκονται,

2103 2167 2201 2220 καὶ
2249 2167 2425 2232 οὕτως
2471 2168 2520 2222 οἱ
2561 2169 2831 2231 σωθέντες
2870 2168 3275 2223 ἀνακαλοῦνται
3329 2169 3430 2240 τὴν
3487 2170 3682 2224 διαπε-

2105 2259 2355 2329 ραίωσιν.
2400 2262 2459 2314 '0
2487 2260 2545 2314 δὲ
2579 2245 2839 2331 βασιλεὺς
2885 2260 3338 2331 μηχανικὼτατος
3390 2262 3466 2315 ὢν
3515 2264 3681 2332 ἀνὴρ,

2104 2353 2445 2423 σκεψάμενος
2503 2354 2578 2424 μὴ
2634 2354 2710 2422 τῷ
2776 2352 3052 2424 Γοντοφρέ
3107 2352 3407 2417 ἐνωθέντες
3453 2355 3549 2407 καὶ
3611 2355 3681 2407 τὰ

2108 2445 2396 2512 συμϐάντα
2426 2445 2641 2507 τούτοις
2673 2445 3126 2516 ἁφηγησάμενοι,
3157 2443 3349 2496 τοῦτον
3404 2446 3529 2498 κατ’
3579 2445 3680 2497 αύ-

2103 2535 2198 2588 τοῦ
2227 2537 2541 2608 ἐρεθίσωσι,
2575 2536 2676 2604 τὴν
2704 2537 2926 2606 αἴτησιν
2980 2535 3188 2588 τούτων
3235 2535 3490 2606 ἀσμένως
3522 2534 3683 2601 δεξάιο

2108 2645 2290 2697 μενος,
2330 2631 2386 2680 ἐν
2435 2628 2645 2688 πλοίοις
2693 2627 2917 2692 τούτους
2951 2627 3152 2697 ἐνίησι,
3191 2629 3287 2682 καὶ
3337 2627 3683 2692 διαποντίους

2108 2719 2242 2788 πρὸς
2270 2719 2357 2770 τὸν
2408 2719 2501 2770 τοῦ
2534 2719 2788 2789 Σωτῆρος
2817 2719 2985 2789 τάφον
3035 2719 3336 2789 ἐκπέμπει,
3387 2718 3549 2772 τοῦτο
3582 2719 3677 2771 καὶ

2102 2813 2284 2867 αὐτῶν
2348 2812 2820 2883 ἐξαιτησαμένων.
2868 2813 3218 2866 Ἀποστέλλει
3274 2811 3332 2866 δὲ
3395 2812 3490 2864 καὶ
3537 2809 3679 2881 πρὸς

415 2893 534 2946 luit.
594 2896 962 2953 Exsccnsione
1025 2903 1190 2970 igitur
1241 2914 1468 2974 repente
1532 2905 1676 2961 facta
1731 2907 1915 2963 Gallus
1969 2924 1998 2963 a

2103 2904 2228 2964 τοὺς
2256 2904 2648 2972 ἐλπιζομένους
2703 2906 2956 2979 κόμητας
2991 2905 3085 2956 καὶ
3117 2904 3520 2976 φιλοφροσύνης
3564 2920 3676 2973 μη-

413 2991 568 3053 tergo
612 2986 836 3043 invadit.
895 2990 1085 3047 Caedes
1148 2995 1275 3050 hinc
1335 2996 1676 3065 multorum,
1736 2999 1998 3069 longeque

2103 2996 2216 3048 νύει
2246 2997 2739 3066 ρήματα,χρηστὰς
2770 2998 2955 3059 αὐτοῖς
2986 2997 3207 3061 ἐλπίδας
3233 2996 3427 3060 διδούς.
3465 2995 3531 3048 Οἳ
3581 2993 3681 3048 καὶ

413 3072 646 3141 plurium
686 3077 930 3133 vulnera.
964 3080 1172 3146 Quibus
1217 3084 1379 3138 rebus
1449 3083 1620 3139 fracta
1658 3089 1998 3142 contumacia

2103 3088 2506 3152 καταλαϐόντες
2560 3090 2669 3142 πᾶν
2737 3089 2796 3142 τὸ
2849 3087 3326 3160 προσταττόμενον
3382 3085 3684 3158 προθύμως

412 3170 764 3235 superstitum
797 3169 1074 3227 Gallorum
1117 3174 1182 3251 ad
1219 3175 1592 3245 trajectionem
1627 3177 1772 3232 ultro
1803 3185 1997 3247 peten-
2106 3179 2402 3250 ἐπλήρουν.
2641 3221 2648 3227 .
2764 3227 2771 3234 ,

411 3261 538 3316 dam
571 3261 818 3317 inclinari
858 3279 978 3320 sese
1009 3280 1167 3332 passa
1197 3275 1300 3322 est.
1336 3268 1750 3338 Atimperator,
1818 3285 1916 3340 pro
1977 3287 2074 3327 sua
2113 3275 2582 3342 perspicacissima
2651 3274 2935 3344 prudentia
2967 3315 2984 3339 ,
3049 3271 3231 3329 statim
3307 3269 3691 3326 animadverso

411 3370 554 3410 novo
579 3357 849 3424 periculo,
890 3357 936 3412 si
965 3360 1240 3413 exercitus
1267 3361 1348 3415 sic
1379 3360 1628 3416 irritatus
1657 3362 1845 3418 eadem
1882 3364 1991 3430 via,
2038 3380 2143 3435 qua
2181 3365 2578 3424 Gotthoiredus
2605 3367 2764 3434 paulo
2794 3375 2919 3420 ante
2947 3372 3326 3434 praecesserat,
3389 3362 3467 3417 ire
3537 3362 3689 3417 sine-

409 3460 564 3504 retur
620 3451 770 3522 (hinc
825 3452 970 3506 enim
1029 3462 1146 3507 erat
1199 3454 1531 3522 verisimile,
1569 3454 1758 3511 Baulis
1799 3457 2001 3513 milites
2073 3473 2196 3513 mox
2269 3468 2616 3515 assecuturos
2651 3458 3150 3523 Gotthol‘redianos,
3186 3459 3508 3528 impleturos
3539 3455 3690 3526 ipsos

409 3545 648 3616 querelis
676 3549 941 3601 adversus
973 3545 1297 3602 Romanos:
1334 3545 1597 3616 facileque
1625 3564 1982 3619 persuasuros
2029 3561 2086 3606 ut
2129 3551 2445 3620 conjunctis
2497 3551 2739 3606 consiliis
2780 3562 2835 3606 et
2900 3552 3107 3606 viribus
3158 3551 3420 3605 ultionem
3488 3549 3556 3604 de
3615 3549 3687 3604 iis

410 3638 751 3708 sumerent),
782 3639 1032 3708 petitioni
1082 3639 1298 3707 quidem
1389 3638 1723 3708 perlibenter
1776 3642 2012 3696 annuit:
2077 3650 2335 3696 caeterum
2413 3641 2869 3712 compendiosiori
2928 3642 3394 3711 commodiorique
3441 3639 3572 3709 ipsis
3621 3654 3686 3698 se

409 3733 533 3787 illos
565 3746 672 3800 quo
704 3730 990 3785 tenderent
1027 3729 1380 3783 deducturum
1429 3727 1513 3783 via
1561 3729 1842 3798 prolitens,
1883 3729 2164 3801 impositos
2205 3733 2258 3786 in
2290 3746 2459 3788 naves
2488 3732 2682 3787 itinere
2750 3732 3020 3788 maritimo
3087 3731 3155 3787 ad
3225 3733 3435 3788 Domini
3501 3733 3688 3806 sepulc

411 3839 566 3880 crum
598 3823 744 3876 misit
770 3839 785 3876 :
817 3822 870 3876 id
899 3821 1029 3890 ipsis
1051 3834 1384 3892 magnopere
1414 3819 1746 3876 volentibus.
2595 3823 2598 3828 ’

484 3917 660 3986 Atque
692 3917 957 3970 hactenus
987 3915 1053 3968 de
1085 3915 1284 3968 comite
1314 3913 1506 3968 Raule.
1536 3911 1708 3966 Porro
1751 3927 1987 3984 sequen-

2165 3911 2410 3966 Τοιαῦτα
2441 3913 2540 3980 μὲν
2561 3910 2655 3964 οὖν
2685 3911 2754 3965 τά
2778 3911 2824 3944 ⁸⁸
2855 3910 2949 3964 τοῦ
2989 3910 3230 3981 κόμητος
3273 3909 3486 3963 Ῥαούλ.
3530 3911 3690 3965 ’Λνα-

414 4007 561 4063 tibus
597 4009 769 4074 ipsum
804 4006 1020 4059 infinito
1043 4019 1183 4073 pene
1211 4018 1444 4057 numero
1471 4004 1712 4072 regibus,
1739 4005 1992 4070 ducibus,

413 4099 729 4160 comitibus,
767 4097 1008 4166 ipsisque
1055 4095 1189 4150 adeo
1218 4094 1511 4165 episcopis,
1558 4111 1682 4149 cum
1715 4095 1872 4166 longe
1910 4095 1996 4149 in-

414 4190 916 4246 numerabilissima
947 4188 1298 4243 multitudine
1324 4202 1392 4244 ex
1426 4186 1650 4243 Gallicis
1683 4186 1854 4243 ferme
1878 4203 1994 4242 om-

413 4282 576 4338 nibus
601 4281 899 4351 provinciis
920 4288 974 4335 et
999 4280 1308 4350 regionibus
1327 4279 1575 4343 collecta,
1605 4280 1755 4334 misit
1781 4278 1992 4332 obviam

413 4391 543 4432 suos
579 4376 878 4442 imperator
901 4388 1024 4427 cum
1062 4372 1256 4438 litteris
1291 4370 1710 4425 olliciosissimis
1755 4367 1931 4422 fausta
1961 4385 1990 4422 a

414 4482 473 4523 se
512 4463 860 4536 benignaque
892 4465 1076 4519 omnia
1107 4479 1328 4534 sperare
1352 4463 1502 4533 ipsos
1520 4461 1859 4532 juben‘tibus.
1887 4460 1998 4515 Nec

411 4559 655 4630 vulgaris
706 4558 816 4613 ista
861 4557 1131 4628 sapientia
1174 4555 1273 4610 luit
1315 4553 1749 4624 praeoccupantis
1800 4552 1997 4606 inﬁdos

413 4652 647 4714 animos,
675 4659 731 4705 et
761 4652 907 4705 ultro
933 4657 1318 4718 repraesentata
1343 4647 1674 4700 liberalitate
1711 4643 1997 4714 pellicien-

415 4745 486 4798 tis
516 4743 664 4812 ipsos
700 4743 942 4797 suaviter
974 4741 1042 4797 ad
1091 4755 1301 4795 morem
1336 4740 1440 4794 sibi
1487 4737 1811 4808 gerendum.
1854 4735 1988 4791 Nam

413 4835 614 4890 hocab
648 4835 781 4904 ipsis
817 4834 907 4888 tali
963 4832 1122 4889 modo
1163 4831 1407 4887 delinitis
1447 4832 1540 4885 ubi
1590 4831 1991 4886 Constantino-

2105 4005 2380 4077 ριθμήτου
2413 4003 2468 4055 δέ
2497 4005 2590 4056 καὶ
2623 4003 2813 4074 ἐτέρου
2847 4002 3085 4073 πλήθους
3120 4000 3344 4055 δπισθεν
3375 4002 3679 4072 ἐρχομένου

2104 4097 2418 4168 συμμίγδην
2458 4095 2519 4160 ἐξ
2568 4095 2798 4148 ἀπασῶν
2853 4095 3056 4166 μικροῦ
3110 4095 3218 4146 τῶν
3261 4093 3544 4148 Κελτικῶν
3569 4112 3683 4164 χω-

2104 4189 2212 4260 ρῶν
2264 4188 2701 4256 συνειλεγμένων
2754 4188 2892 4256 μετὰ
2941 4186 3051 4239 τῶν
3115 4187 3436 4254 ἀγαγόντων
3484 4185 3684 4250 αὐτοὺς

2102 4281 2410 4351 ἡγεμόνων,
2470 4280 2656 4350 ρηγῶν
2685 4279 2796 4350 (59)
2847 4295 2928 4346 τε,
2965 4279 3060 4355 καὶ¹
3097 4278 3326 4343 δουκῶν,
3383 4278 3476 4332 καὶ⁴
3505 4279 3682 4348 κομή-

2101 4391 2232 4438 των,
2262 4372 2356 4426 καὶ
2396 4373 2576 4426 αὐτῶν
2614 4374 2949 4435 ἐπισκόπων,
2983 4371 3326 4424 ἀποστέλλων
3356 4371 3384 4422 ὁ
3413 4368 3684 4439 αὐτοκρά-

2103 4483 2240 4536 τωρ,
2274 4465 2616 4535 φιλοφρόνως
2665 4465 2864 4528 αὗτοὺς
2897 4463 3216 4531 ὑπεδέχετο,
3249 4463 3342 4515 καὶ
3381 4459 3684 4524 ἐπιεικείας
3763 4520 3766 4522 ν

2101 4557 2380 4626 ἐξέπεμπε
2425 4557 2616 4624 λόγους
2665 4558 2849 4619 ὁποῖος
2907 4557 3112 4617 ἐκεῖνος
3161 4553 3330 4616 δεινὸς
3382 4553 3440 4605 τὸ
3489 4552 3684 4622 μέλλον

2105 4649 2610 4720 προμηθεύσασθαι,
2637 4650 2730 4702 καὶ
2757 4648 3110 4720 προαρπάσαι
3137 4647 3198 4700 τδ
3224 4644 3687 4716 συμφέρον.Ἐπι-

2100 4743 2335 4812 σκήπτει
2366 4742 2423 4796 δὲ
2454 4744 2546 4796 καὶ
2574 4741 2642 4796 τά
2672 4742 2898 4813 ζωαρκῆ
2947 4740 3158 4802 τούτοις
3206 4739 3526 4810 ἐρχομένοις
3563 4739 3687 4789 ἐπιε-

2097 4835 2355 4904 χορηγείν
2384 4835 2496 4897 τοῖς
2525 4830 2615 4888 ἐπ’
2657 4833 2809 4903 αὐτῷ
2852 4832 3029 4902 τούτῳ
3073 4829 3456 4899 τεταγμένοις,
3490 4829 3566 4892 ὡς
3611 4828 3685 4897 μὴ

413 4925 581 4996 polim
611 4940 929 4993 pervenere,
962 4927 1256 4994 imperator
1305 4923 1503 4980 deinde
1551 4923 1810 4977 omnibus
1855 4922 1998 4977 obti-

2103 4926 2273 4998 λαὸὴν
2308 4928 2508 4990 αὐτοὺς
2549 4928 2609 4979 τὸ
2645 4926 2915 4998 παράπαν
2951 4924 3247 4994 ἐσχηκέναι
3286 4922 3409 4990 μηδ’
3454 4920 3512 4986 ἐξ
3566 4920 3684 4980 οἵας

417 5018 560 5074 nuit.
594 5019 708 5073 Nec
749 5018 924 5072 ollicia
972 5019 1087 5073 sola
1120 5019 1408 5072 verborum
1443 5023 1618 5070 erant.
1653 5014 1788 5069 Nam
1838 5013 2000 5068 simul

416 5110 809 5180 dabatoperam
832 5126 897 5166 ex
915 5124 1021 5179 quo
1046 5125 1143 5180 per
1163 5119 1335 5163 terras
1353 5107 1584 5177 imperio
1605 5105 2008 5175 subjectasGal-

2101 5013 2195 5071 οὖν
2217 5017 2420 5082 αἰτίας.
2454 5020 2517 5072 Oi
2548 5017 2603 5071 δέ
2640 5017 2778 5088 πρὸς
2820 5017 2918 5088 τὴν
2955 5015 3318 5086 μεγαλόπολιν
3348 5012 3641 5085 ηπείγοντο
3664 5021 3683 5040 ο

2103 5110 2245 5179 τάχα
2289 5109 2344 5163 δὲ
2395 5107 2518 5162 εἶπέ
2549 5127 2632 5175 τις
2667 5107 2896 5179 ούρανοῦ
2930 5107 3168 5178 ἀστέρας
3199 5103 3340 5158 εἶναι
3375 5101 3600 5160 τούτους
3639 5096 3671 5165 ἢ

416 5203 504 5257 llci
531 5203 807 5258 exercitus
835 5202 1106 5258 habebant
1127 5202 1317 5269 iter,ut
1337 5200 1509 5271 ampla
1535 5199 1664 5268 ipsis
1689 5198 1998 5268 ubicunque

2104 5201 2333 5271 ψάμμον
2356 5203 2510 5272 παρᾶ
2538 5202 2614 5273 τῷ
2639 5203 2805 5273 χείλει
2827 5203 2928 5273 τῆς
2960 5201 3236 5271 θαλάσσης
3267 5191 3670 5265 ἐκκεχυμένην⁰

1528 5313 1727 5376 Variae
1754 5311 2063 5378 lectiones
2087 5331 2166 5377 ex
2193 5315 2335 5378 cod.
2370 5315 2630 5378 Coislin.

485 5418 533 5452 "
563 5418 723 5474 Deest
757 5419 949 5474 vocula
976 5418 1091 5472 καί.
1165 5418 1214 5450 ⁸⁸
1239 5417 1334 5470 καὶ
1351 5417 1440 5472 τά.

1499 5529 1639 5592 Car.
1665 5527 1996 5590 Dufresnii
2031 5530 2131 5590 Du
2165 5527 2387 5608 Cangii
2421 5533 2613 5590 notae.

500 5655 617 5731 (59)
659 5655 918 5731 ῘΡηγῶν.
957 5655 1120 5731 Atqui
1155 5668 1310 5731 reges
1334 5654 1518 5731 nullos
1556 5668 1630 5731 _ea
1675 5660 1998 5723 tempestate

423 5725 978 5800 Hierosolymitanum
1007 5726 1308 5800 arripuisse
1334 5725 1438 5800 iter
1468 5725 1697 5800 legimus
1722 5739 1756 5800 ;_
1805 5737 1994 5800 regum

420 5809 555 5866 vero
581 5793 718 5853 lilio's
767 5798 990 5866 aliquot,
1048 5793 1312 5859 Francize,
1342 5793 1570 5865 Angliai,
1625 5793 1852 5866 Danignz
1890 5793 1993 5866 nisi

423 5863 698 5934 Edgarum
726 5861 1043 5934 Adelingum
1075 5880 1234 5933 quem
1281 5866 1336 5920 in
1382 5861 1563 5934 regem
1619 5861 1994 5934 Angliieele-

430 5939 576 5984 ctum
605 5933 681 5987 ait
708 5932 1026 6000 Orderic‘us,
1060 5932 1154 5991 lib.
1191 5949 1246 6003 v,
1291 5932 1581 6007 intelligat,
1633 5932 1728 5988 aut
1775 5932 1990 5989 Ericum

2105 5661 2290 5710 Dama:
2319 5667 2526 5725 regem,
2555 5651 2818 5725 qui_circa
2839 5664 2958 5725 _ea__
2987 5656 3230 5716 tempora
3277 5635 3676 5725 Ορῃεῖιιηιλῑῃοτ

2105 5725 2268 5793 polim
2296 5716 2542 5792 perirenin
2574 5716 2812 5790 indeque
2838 5721 2888 5773 in
2921 5717 3155 5793 Cyprum
3194 5716 3436 5793 appulit,
3495 5716 3591 5793 ubi
3623 5723 3681 5768 et

2101 5784 2224 5850 vitae
2240 5784 2383 5849 diem
2412 5793 2605 5847 clausit
2632 5784 3062 5858 ext‘remumﬂiti
3091 5784 3282 5844 narrat
3312 5785 3459 5842 Saxo
3488 5784 3684 5841 Gram-

2101 5867 2355 5936 maticus,
2383 5863 2487 5920 lib.
2523 5877 2626 5918 xu.
