4088 6418
359 258 468 324 ’169

1647 268 2066 332 ALEXIADIS
2095 271 2245 334 LIB.
2274 275 2347 335 X.

3531 293 3643 361 770

352 368 503 444 ἦσαν
529 372 641 444 γὰρ
671 372 790 427 ὅσα
814 373 1024 443 φύλλα
1053 373 1153 428 καὶ
1187 371 1373 429 ἄνθεα
1400 371 1625 444 γίνεται
1654 374 1800 446 ὥρῃ,
1827 376 1919 432 καί

2056 392 2325 449 prostaret
2344 383 2497 454 copia
2530 385 2741 444 utilium
2766 389 2834 446 ad
2857 392 3057 452 victum
3098 398 3413 473 cultumque
3434 420 3641 477 rerum,

356 467 636 537 Ὅμηρον,
668 468 733 537 τῇ
791 465 1210 520 Κωνσταντίνου
1254 467 1514 531 πελάζειν
1544 468 1645 540 ’ήδη
1684 487 1945 523 κατεπει-

352 560 609 630 γόμενοι.
654 559 765 623 Τὰς
794 558 851 613 δὲ
882 558 992 612 τῶν
1051 560 1342 629 ἡγεμόνων
1391 559 1617 626 κλήσεις
1657 565 1750 617 καὶ
1810 580 1947 634 προ-

353 648 676 721 θυμουμένη
722 667 829 721 περ
876 650 1137 717 ἐξειπεῖν,
1191 652 1251 704 οὐ
1299 650 1583 722 βούλομαι·
1622 657 1801 727 ναρκᾷ
1836 657 1946 725 γάρ

353 761 449 813 μοι
476 744 522 776 ⁸⁷
578 747 605 797 ὁ
646 744 841 813 λόγος,
903 746 965 798 τὸ
1026 747 1210 815 μέντοι
1240 746 1287 777 ⁵⁸
1341 744 1687 817 βαρὸαρικὰς
1757 749 1942 817 φωνὰς

348 837 732 907 ἀπαγγέλλειν
789 837 1133 911 ἀδυνατούσῃ
1195 841 1283 894 διὰ
1333 842 1394 895 τὸ
1441 841 1735 912 ἄναρθρον,
1792 842 1851 894 τὸ
1885 844 1941 896 δέ

346 950 400 984 τι
430 932 531 986 καὶ
565 933 704 1003 πρὸς
737 932 799 985 τὸ
853 933 1058 1004 πλῆθος
1101 935 1326 988 ἐκείνων
1374 935 1792 1007 ἁποὸλεπούσῃ.
1830 937 1942 989 Καὶ

349 1025 444 1076 ἵνα
480 1024 537 1077 τί
599 1025 858 1079 τοσούτου
919 1026 1165 1097 πλήθους
1218 1028 1440 1097 κλήσεις
1503 1027 1941 1098 ἀπαριθμεῑσθαι

346 1116 704 1189 πειρώμεθα,
774 1119 1015 1184 οὒς“κα“ι
1068 1122 1119 1174 οἱ
1185 1122 1307 1174 τότε
1376 1122 1649 1191 παρόντες
1708 1121 1941 1190 ἀκηδίας

340 1211 688 1281 ἐπληροῦντο
717 1214 951 1285 ὁρῶντες
978 1232 993 1279 ;
1037 1215 1126 1277 Ὠς
1165 1212 1257 1267 οὖν
1288 1214 1387 1284 τὴν
1417 1212 1781 1283 μεγαλόπολιν
1808 1231 1943 1267 κατ-

342 1304 545 1356 έλαὸον
613 1305 1006 1370 κατατίθεντας
1031 1309 1077 1340 ⁵³
1145 1307 1216 1360 τὰ
1268 1306 1476 1360 τούτων
1551 1305 1977 1377 στρατεύματα

339 1392 649 1465 ἐπισκήψει
681 1396 778 1450 τοῦ
807 1398 1218 1469 αὐτοκράτορος
1276 1398 1450 1469 ἀγχοῦ
1482 1398 1585 1468 τῆς
1618 1398 1799 1469 μονῆς
1823 1399 1934 1451 Κο-

338 1486 587 1555 σμιδίου,
629 1491 725 1542 καί¹
756 1491 953 1561 μέχρις
980 1491 1148 1544 αὑτοῦ
1177 1490 1439 1561 διήκοντα
1467 1488 1615 1561 ἱεροῦ
1641 1489 1777 1560 (60).
1822 1490 1937 1542 Ούκ

334 1581 498 1633 ἐννέα
533 1581 590 1634 δὲ
621 1584 862 1653 κήρυκες
895 1584 1152 1657 καθάπερ
1191 1584 1323 1638 ποτὲ
1364 1583 1424 1638 τὸ
1462 1584 1782 1653 Ἑλληνικὸν
1813 1582 1937 1636 τού-

332 1688 467 1735 τους
504 1675 769 1742 βοόωντες
819 1676 1074 1748 ἐρήτυον,
1131 1676 1249 1729 ἀλλ’
1312 1674 1493 1729 ἱκανοὶ
1544 1675 1640 1727 κα)⁸
1692 1677 1935 1743 γενναῖοι

2055 490 2121 528 ne
2151 492 2254 545 qua
2282 477 2412 547 ipsis
2437 481 2656 535 occasio
2684 483 2764 538 vel
2798 485 2864 539 ad
2894 500 3216 555 praetextum
3241 496 3645 567 relinqueretur

2050 566 2251 620 hostile
2304 567 2601 637 quidquam
2652 572 2907 629 audendi.
2961 574 3083 631 Jam
3131 582 3224 649 qui
3279 566 3643 646 multitudinis

2052 674 2278 727 prorsus
2341 660 2760 719 innumerabilis
2829 665 3360 744 Constantinopolim
3426 680 3640 736 infinita

2051 755 2193 808 serie
2225 758 2459 823 petentis
2483 756 2786 815 informare
2819 763 3110 833 imaginem
3136 772 3470 841 cogitatione
3490 778 3639 847 velit,

2049 844 2096 899 is
2137 846 2328 903 stellas
2385 860 2516 917 quot
2564 850 2728 922 300
2770 854 3020 911 relucent
3078 860 3266 918 innubi
3313 878 3491 935 nocte,
3545 844 3642 926 aut.

2048 952 2231 993 arena:
2257 941 2469 1009 cupiam
2503 954 2707 1009 quanta
2732 947 2880 1014 jacet
2908 950 2977 1005 ad
3008 953 3180 1009 maris
3203 956 3376 1020 littus,
3401 961 3641 1032 objicere

2048 1047 2161 1086 sum
2191 1035 2357 1087 menti
2396 1036 2610 1090 debeat.
2656 1038 2803 1093 Sane
2841 1043 2988 1097 enim
3025 1044 3309 1103 hominum
3343 1055 3524 1121 capita
3562 1064 3644 1112 tot

2045 1132 2204 1177 erant
2230 1134 2354 1194 quo!
2388 1126 2519 1193 folia
2558 1141 2605 1181 et
2642 1131 2800 1198 ﬂores
2842 1150 2931 1187 ver
2975 1140 3233 1204 parturit,
3267 1152 3325 1196 ut
3370 1142 3641 1204 Homerus

2048 1215 2274 1271 diceret.
2324 1218 2494 1273 Porro
2530 1220 2728 1277 ducum
2780 1226 3022 1294 ipsorum
3072 1232 3489 1307 principumque
3537 1255 3639 1294 no-

2048 1308 2193 1361 mina
2225 1311 2328 1364 etsi
2362 1316 2625 1368 memoria
2677 1320 2944 1388 suggerit,
2980 1337 3091 1377 non
3147 1334 3326 1380 tamen
3378 1330 3639 1387 inducere

2046 1401 2101 1455 in
2136 1406 2376 1459 animum
2410 1420 2643 1472 possum
2690 1420 2747 1463 ut
2790 1415 2968 1480 edam,
3020 1415 3074 1469 id
3102 1415 3339 1473 Historia
3368 1421 3502 1490 {ipsa
3550 1440 3639 1480 re-

2055 1506 2312 1565 Spuente,
2350 1498 2509 1567 cujus
2543 1502 2724 1555 nativa
2769 1506 3082 1571 mundities,
3122 1509 3225 1564 ista
3255 1513 3486 1569 enlluvie
3510 1515 3637 1571 bar-

2042 1588 2303 1643 barorum
2342 1594 2759 1661 vocabulorum,
2796 1597 2861 1651 ad
2893 1613 3123 1667 quorum
3156 1604 3422 1661 absurdos
3452 1610 3637 1676 expri-

2048 1684 2271 1736 mendos
2308 1700 2475 1738 sonos
2540 1702 2603 1739 ne
2660 1687 2898 1757 linguam
2948 1694 3170 1762 quidem
3225 1699 3383 1753 nobis
3427 1699 3635 1759 Gracis

332 1763 563 1818 ὁπλῖται
597 1770 647 1819 οἱ
678 1769 892 1830 τούτοις
927 1768 1265 1838 ἐφεπόμενοι
1295 1769 1409 1830 τοῖς
1453 1765 1549 1819 τοῦ
1591 1765 1919 1837 αὐτοκράτο-

2044 1785 2240 1828 natura
2294 1774 2451 1830 finxit
2500 1778 2631 1832 satis
2683 1779 2941 1848 docilem,
2997 1789 3360 1844 contaminari
3414 1796 3631 1849 metuit.

336 1870 435 1925 ρος
472 1857 812 1928 κελεύμασιν
836 1860 880 1891 ⁶⁰
915 1860 1168 1913 ὑπείκειν
1203 1860 1518 1914 ἀνέπειθον.

2043 1861 2338 1920 Enimvero
2374 1868 2501 1936 quid
2562 1871 2759 1926 attinet
2808 1874 3037 1941 perdere
3082 1892 3301 1949 operam
3352 1884 3633 1941 immensis

336 1952 716 2016 proilucendis
772 1954 1038 2025 catalogis
1094 1955 1426 2009 absonorum
1478 1954 1760 2010 nominum
1806 1972 1820 2009 :
1889 1965 1944 2010 et
1998 1958 2226 2013 reddere
2286 1962 2463 2016 oculis
2516 1963 2795 2020 hominum
2869 1972 3194 2027 nostratium
3227 1975 3344 2031 haec
3380 1977 3630 2042 lecturis,

333 2059 445 2113 qua
488 2046 759 2123 perfuncti
796 2061 924 2104 sunt
957 2049 1262 2106 molestiam
1295 2067 1309 2103 :
1348 2059 1407 2103 ut
1439 2064 1561 2105 cum
1597 2066 1663 2106 eo
1693 2063 1938 2118 tempore
1980 2070 2086 2109 non
2143 2071 2333 2125 parum
2377 2057 2748 2118 laboraverint
2783 2063 2835 2118 in
2883 2070 3196 2135 spectaculo
3264 2071 3478 2142 ingrato
3552 2085 3633 2131 tot

333 2141 822 2197 innumerabilium
848 2146 1189 2199 exercituum
1219 2140 1751 2214 Constantinopolim
1822 2148 2083 2201 centinua
2164 2149 2305 2205 serie
2373 2154 2774 2219 accedentium,
2821 2174 2967 2215 nunc
3051 2140 3369 2221 nominibus
3413 2183 3630 2239 quoque

332 2234 558 2288 illorum
603 2236 655 2290 in
706 2237 808 2291 hoc
853 2252 1015 2306 opere
1065 2237 1306 2308 legendis
1357 2238 1632 2307 negotium
1684 2238 1919 2293 habeant
1964 2239 2340 2324 plenissimum
2373 2243 2546 2299 tredii.
2581 2244 2645 2301 lii
2680 2261 2846 2315 porro
2882 2250 3045 2305 simul
3072 2254 3139 2307 ad
3204 2234 3458 2326 magnam
3538 2234 3632 2315 ur-

334 2324 459 2381 bern
489 2331 1191 2398 perveneruntcxercitus,
1222 2329 1386 2400 jussu
1437 2332 1792 2402 imperatoris
1824 2333 2133 2403 stationem
2157 2335 2263 2389 sibi
2317 2335 2943 2407 designatamzbabuere
3010 2359 3182 2416 prope
3234 2324 3626 2408 monasterium

333 2420 633 2488 Cosmidii,
670 2435 778 2478 tam
819 2424 931 2479 late
972 2423 1290 2492 patentibus
1340 2426 1662 2485 castris.ut
1740 2420 2118 2497 ad'tomplum
2169 2428 2346 2496 ipsum
2408 2431 2781 2500 pervenirent.
2858 2433 3089 2489 Tantam
3146 2454 3308 2508 porro
3385 2443 3634 2499 multitu-

324 2518 515 2573 dinem
550 2532 657 2574 noa
703 2519 1037 2576 utGraccum
1063 2520 1193 2575 olim
1261 2521 1456 2591 vulgus
1526 2520 1656 2576 illud
1694 2536 1975 2592 prmcones
2011 2524 2200 2578 decem
2256 2524 2587 2581 clamoribus
2636 2528 2893 2599 regebant
2975 2534 3413 2606 coercebantque
3459 2556 3474 2593 :
3527 2539 3627 2597 διὰ

323 2614 538 2669 milites
574 2613 768 2668 idoneo
794 2627 1020 2669 numero
1054 2612 1226 2669 fortes
1264 2629 1326 2669 ac
1358 2616 1569 2671 Strenui
1649 2616 1741 2686 qui
1785 2615 2058 2672 cllicaeem
2130 2634 2352 2690 operam
2400 2620 2602 2677 dabant
2686 2632 2744 2677 ut
2784 2623 2999 2681 ~Latini
3045 2627 3219 2698 jussis
3276 2630 3625 2701 imperatoris

322 2706 621 2761 audientes
648 2717 851 2760 essent.

401 2795 746 2864 Βουλόμενος
801 2796 856 2861 δὲ
915 2799 1142 2864 τούτους
1172 2802 1200 2854 ὁ
1230 2800 1488 2872 βασιλεὺς
1547 2801 1652 2855 ὑπὸ
1683 2802 1793 2855 τῶν
1827 2801 1923 2856 τοῦ

329 2888 603 2957 Γοντοφρὲ
640 2888 937 2943 συνελάσας.
986 2892 1192 2962 ὅρκων,
1251 2894 1611 2965 διῃρημένοις
1650 2912 1929 2966 προσεκα-

334 2980 485 3033 λεῖτο
513 2981 635 3052 ἰδίᾳ,
672 2983 1028 3053 προσομιλῶν
1059 2984 1196 3038 ἄττα
1229 2991 1323 3039 καὶ
1359 2987 1630 3056 βούλοιτο,
1675 2988 1770 3041 καὶ
1813 2991 1928 3052 τοῖς

325 3073 866 3145 εύγνωμονεστὲροις
917 3077 1212 3148 χρώμενος
1255 3081 1561 3149 μεσασταῖς
1609 3079 1720 3132 τῶν
1765 3082 1928 3132 ἀπει-

322 3164 631 3236 θεστὲρων.
671 3167 824 3221 Ἐπεὶ
863 3167 919 3220 δὲ
946 3170 1047 3221 οὐκ
1081 3168 1502 3240 ὲπείθοντο,τὴν
1526 3171 1619 3222 τοῦ
1652 3170 1924 3239 Βαῖμούν-

319 3275 422 3311 του
448 3259 892 3331 καραδοκοῦντες
923 3260 1157 3327 ἕλευσιν,
1186 3261 1326 3315 ἀλλὰ
1362 3262 1626 3316 ποικίλων
1681 3263 1921 3332 τρόπους

317 3353 685 3424 εὑρίσκοντες
711 3353 1068 3424 ὲξαιτήσεων,
1096 3355 1213 3408 ἀλλ’
1244 3356 1382 3410 ἄττα
1406 3356 1921 3428 προσαπαιτούντες

319 3442 488 3516 ἦσαν,
554 3446 583 3498 ὁ
644 3445 902 3516 βασιλεὺς
964 3446 1024 3499 τὸ
1086 3448 1218 3516 παρ’
1276 3448 1461 3501 αὐτῶν
1518 3449 1920 3518 προτιθέμενον

323 3541 501 3609 ῥᾷστα
536 3538 790 3602 διαλύων,
854 3540 949 3591 καὶ
1000 3541 1278 3602 παντοίως
1324 3540 1553 3604 τούτους
1610 3542 1911 3611 μετελθὼν,

318 3631 637 3701 συνήλασεν
689 3631 769 3692 εἰς
804 3632 913 3683 xw
942 3630 1037 3683 τοῦ
1088 3631 1364 3701 Γοντοιρρὲ
1415 3634 1578 3703 ὅρκον
1626 3650 1914 3704 μεταπεμ-

314 3723 571 3791 ψάμενος
601 3724 694 3776 καὶ
725 3724 890 3777 αὐτὸν
920 3724 1028 3777 ἀπὸ
1060 3724 1155 3777 τοῦ
1190 3724 1496 3779 Πελεκάνου
1533 3726 1626 3779 ἐπὶ
1662 3728 1737 3796 τῷ
1768 3745 1912 3796 παρ-

321 3817 466 3867 εῖναι
520 3813 617 3867 τοῦ
672 3816 838 3885 ὅρκου
909 3814 1240 3885 τελουμένου
1296 3815 1626 3872 διαπόντιον.
1689 3819 1915 3873 Πάντων

314 3906 414 3961 οὖν
446 3906 818 3959 συνελθόντων
867 3908 962 3961 καὶ
995 3906 1161 3959 αὑτοῦ
1213 3906 1403 3976 δήτοῦ
1455 3908 1750 3978 Γοντοφρὲ,
1790 3911 1915 3964 ἐπεὶ

316 4002 419 4055 καὶ
451 4003 479 4054 ὁ
510 4001 672 4068 ὅρκος
707 4000 809 4071 ἤδη
838 3984 1155 4064 τετέλεστοέ
1182 4000 1466 4073 τολμήσας
1500 4019 1585 4065 τις
1616 4003 1724 4055 ἀπὸ
1760 4004 1899 4057 πάν-

310 4109 431 4145 των
453 4091 566 4144 τῶν
588 4092 842 4160 κομήτων
867 4090 1121 4162 εὐγενὴς,
1157 4093 1236 4155 εἰς
1262 4091 1355 4145 τὸν
1383 4092 1662 4163 σκίμποδα
1692 4092 1787 4147 τοῦ
1812 4093 1908 4164 βα-

312 4181 522 4246 σιλέως
548 4181 823 4237 ἐκάθισεν.
862 4181 1000 4236 Ὀδὲ
1027 4181 1281 4252 βασιλεὺς
1316 4183 1563 4255 ἠνείχετο
1585 4187 1777 4237 τούτου
1805 4203 1909 4257 μη-

2095 2797 2307 2853 lnterea
2337 2798 2621 2871 satagebat
2666 2801 2969 2872 imperator
2996 2813 3057 2860 ut
3098 2805 3276 2864 Latini
3318 2812 3484 2869 duces
3527 2832 3622 2871 co-

2026 2893 2298 2961 mitesque
2323 2890 2695 2961 juramentum
2726 2894 2828 2949 sibi
2862 2908 3189 2964 prazstarent
3217 2902 3359 2959 idem
3397 2908 3540 2976 quod
3585 2927 3617 2966 a

2026 2981 2390 3037 Gotthofredo
2423 2983 2584 3052 paulo
2616 2995 2743 3041 ante
2771 2986 3183 3056 impetraverat.
3213 2992 3270 3047 ln
3320 3010 3439 3050 eam
3466 3014 3616 3069 spem

2028 3076 2261 3130 vocabat
2294 3076 2359 3129 ad
2401 3092 2459 3131 se
2491 3077 2735 3145 singulos
2764 3094 3013 3135 seorsum
3046 3101 3170 3138 tum
3220 3088 3396 3158 iisque
3442 3095 3620 3151 otiose

2028 3167 2309 3221 disserens
2343 3168 2495 3222 varie
2528 3168 2749 3225 aifectos
2779 3175 3184 3240 experiebatur.
3224 3195 3287 3232 ac
3341 3187 3611 3249 quosdam

2026 3260 2243 3325 quidem
2281 3256 2562 3315 faciliores
2595 3271 2789 3316 nactus
2829 3262 2893 3315 iis
2929 3265 2994 3318 ad
3045 3269 3466 3328 obstinntmnem
3518 3277 3620 3332 du-

2026 3351 2234 3404 riorum
2302 3352 2652 3407 molliendam
2709 3353 3052 3422 adjntnribus
3102 3372 3279 3429 utens,
3327 3368 3620 3438 omniaque

2023 3457 2268 3507 movens;
2296 3443 2494 3497 frustra
2531 3454 2648 3497 erat
2677 3456 2876 3511 tamen,
2916 3455 3359 3518 exspectantibus
3383 3461 3617 3530 Satrapis

2020 3533 2320 3589 instantem
2354 3538 2648 3590 adventum
2688 3537 2976 3591 Baintundi
3017 3548 3070 3593 et
3104 3543 3437 3613 prmripunm
3470 3550 3519 3602 in
3547 3565 3615 3603 co

2021 3641 2202 3680 rerum
2260 3643 2482 3681 suarum
2545 3641 2880 3683 momentum
2936 3634 3285 3699 ponentibus.
3340 3637 3613 3695 therum

2016 3717 2418 3769 cunt-lationem
2466 3716 2626 3770 istam
2678 3728 2795 3772 arte
2839 3717 3196 3790 furabantur;
3244 3740 3344 3779 nec
3402 3744 3511 3794 pra:
3553 3746 3614 3786 se

2015 3807 2271 3863 ferebant
2304 3823 2474 3864 mora:
2503 3823 2748 3864 causam.
2793 3809 3060 3866 Nimirum
3120 3831 3256 3870 nova
3299 3827 3354 3871 et
3393 3819 3611 3877 diversa

2015 3902 2404 3973 excogitabant
2448 3918 2573 3971 qua:
2616 3903 2685 3958 ab
2737 3891 3073 3974 imperatore
3124 3910 3502 3979 postularent,
3553 3923 3610 3971 ut

2015 3999 2235 4053 interim
2269 3998 2336 4052 de
2365 3998 2447 4053 bis
2484 3998 2572 4054 ille
2614 3998 2963 4062 deliberaret,
3016 4019 3254 4073 moxque
3299 4023 3421 4060 cum
3479 4009 3612 4077 ipsis

2020 4090 2376 4158 disceptaret,
2410 4099 2623 4162 tempus
2652 4094 2856 4148 sensim
2888 4094 3239 4151 eximeretur.
3284 4099 3606 4167 Imperator,

2024 4182 2116 4237 cui
2146 4198 2254 4239 non
2285 4182 2449 4239 facile
2489 4184 2842 4252 illudebatur,
2888 4188 3063 4243 sensit
3103 4191 3425 4262 disiecitque
3463 4196 3608 4250 cclc-

1411 4314 1612 4376 γωνίαι
1633 4314 1945 4378 lectiones
1973 4332 2050 4377 ex
2079 4317 2224 4382 cod.
2260 4317 2495 4381 Coislin

388 4421 436 4452 ⁸⁷
474 4435 602 4490 μου.
680 4419 725 4453 ³⁸
760 4437 834 4474 τι.
912 4419 960 4451 ⁵⁸
995 4419 1407 4474 κατατίθενται.

1487 4420 1533 4452 ⁶⁰
1569 4421 1964 4493 κελεύσμασιν.

1415 4560 1552 4621 Car.
1588 4558 1909 4623 Dufresnii
1936 4562 2030 4624 Du
2059 4561 2276 4641 Cangii
2310 4565 2500 4624 notas.

386 4684 507 4757 (60)
553 4683 761 4752 Ἱεροῦ.
796 4681 917 4757 Hoc
939 4690 1023 4737 cst
1044 4698 1073 4736 a
1095 4682 1395 4748 Cosmidio,
1428 4683 1493 4757 ad
1523 4685 1696 4757 ipsum
1730 4696 1901 4754 usque
1928 4678 1982 4738 D
2010 4689 2207 4741 bantur
2270 4684 2619 4757 Byzantium,
2654 4683 2845 4739 scribit
2893 4682 3288 4756 Theophanes,
3349 4697 3403 4743 et
3432 4704 3496 4744 ex
3529 4706 3599 4748 eo

306 4753 708 4815 Pniiti'ostium
744 4755 1035 4809 distributa
1061 4763 1218 4807 erant
1240 4765 1419 4807 castra
1453 4753 1756 4807 Gallorum.
1812 4753 1909 4808 Ἷε·

306 4832 413 4901 ρον
451 4825 962 4901 enimlnc_us__fttit,
1017 4840 1115 4901 seu
1171 4822 1616 4901 Promontorium
1676 4826 1729 4901 in
1790 4828 1908 4901 ipso

302 4893 473 4956 Ponti
513 4899 675 4960 ostio,
712 4898 761 4949 in
799 4897 980 4950 littore
1014 4893 1389 4962 Europaeano;
1427 4896 1569 4950 unde
1593 4910 1621 4947 a
1649 4894 1756 4948 situ
1785 4898 1906 4950 στό-

351 4970 524 5023 ατοῦ
556 4968 764 5021 Πόντου
800 4968 1095 5019 vocitatum
1152 4966 1281 5020 olim
1344 4965 1515 5019 fuisse
1572 4977 1766 5019 auctor
1821 4976 1905 5021 est

351 4991 524 5023 ατου
558 4991 764 5021 ιιοντου
803 4991 1095 5019 γιιυιιίιιιιιιι
1152 4991 1281 5020 unm
1344 4991 1515 5019 uuam:
1572 4991 1755 5019 auuol
1821 4991 1905 5021 cst.

306 4991 658 5109 ﬁlicephorus
694 5038 990 5109 Gregoras,
1030 5037 1123 5090 lib.
1156 5053 1204 5109 v.
1255 5034 1451 5109 Scylax
1479 5105 1489 5109 _
1513 5034 1905 5109 Cat-yandenus

307 5113 364 5167 in
400 5105 625 5178 Periplo
653 5108 729 5161 ait
760 5108 1043 5178 ἀνάπλουν
1094 5106 1384 5178 καλεῖσθαι
1441 5105 1535 5178 τὸν
1565 5112 1747 5178 fama
1799 5105 1902 5158 ἄνα

306 5175 601 5251 Βόσπορον
629 5179 827 5249 μέχρις
861 5177 1085 5251 ἀνέλθῃ
1116 5177 1202 5245 ἐφ’
1241 5178 1434 5251 Ἱερόν.
1486 5177 1534 5230 Α
1564 5175 1786 5251 Tcmplo
1840 5179 1903 5230 l2

308 5254 422 5306 diis
455 5248 524 5304 ab
553 5248 887 5320 Argonautis
922 5249 1104 5320 dicato
1138 5259 1191 5320 et
1244 5249 1513 5320 aediﬁcato
1569 5248 1899 5315 appellatum

310 5324 511 5376 scribit
546 5317 877 5375 selt'nliastes
909 5318 1199 5385 Apollonii,
1235 5320 1328 5373 ltb.
1358 5333 1395 5370 ιι
1428 5317 1727 5387 Argonaul.
1758 5333 1897 5373 vers.

309 5394 458 5459 534;
487 5393 926 5453 Cantacuzenus,
961 5390 1053 5444 lib.
1089 5405 1169 5453 Ill,
1207 5404 1328 5457 cap.
1372 5388 1440 5442 80
1468 5402 1520 5441 et
1565 5388 1654 5454 9i,
1726 5388 1899 5459 Ἰερὸν

309 5458 522 5534 pariter
553 5460 925 5534 statuit_xa:o't
954 5461 1015 5534 τὸ
1053 5463 1227 5534 στόμα
1257 5459 1364 5534 τού
1391 5458 1622 5534 Πόντου.
1658 5460 1760 5534 __Ad
1795 5458 1901 5534 ΔΡο-

314 5528 431 5589 iras
461 5534 723 5598 Cyanzeas
752 5530 1074 5598 Procopius,
1109 5528 1201 5584 lib.
1234 5546 1271 5593 ι,
1327 5529 1402 5583 De
1453 5531 1588 5583 bello
1658 5528 1886 5584 Vendat.

314 5552 431 5589 tras
461 5552 500 5590 ιλ
544 5552 723 5587 ιιιιίὲῑιε
752 5552 1074 5598 ιΤυιτυριιιδ,
1109 5552 1201 5584 ιιυ.
1234 5552 1271 5593 ι,
1327 5552 1402 5583 ue
1453 5552 1588 5583 uetw
1659 5552 1885 5584 vanum.

312 5552 565 5676 πορθμζν
608 5603 1281 5676 facitGregorasblihrit,
1340 5612 1393 5653 et
1447 5601 1771 5676 Anastasius
1834 5603 1885 5676 in

309 5669 688 5739 Colleclaneis,
726 5688 848 5744 pag.
889 5669 1007 5726 ιυσ.
1044 5671 1123 5727 lbi
1158 5672 1284 5726 olim
1322 5672 1556 5744 portoria
1608 5682 1662 5744 et
1711 5672 1885 5724 vemi-

310 5749 451 5817 galia
484 5751 667 5806 soluta
707 5740 1131 5816 pro'mctcibus,
1181 5757 1301 5814 qua:
1330 5755 1361 5797 c
1390 5740 1564 5798 Ponto
1621 5740 1887 5811 importa-

2011 4757 2310 4811 Cedrenus.
2348 4756 2446 4827 llis
2487 4764 2854 4827 consentanea
2890 4766 3016 4827 sunt
3049 4772 3173 4827 quae
3223 4758 3390 4813 habet
3455 4760 3599 4816 Can-

2014 4837 2336 4901 tacuzetttts,
2376 4826 2469 4883 lib.
2509 4842 2593 4901 ιιι,
2622 4840 2741 4901 cap.
2772 4825 2863 4901 _85.
2888 4825 3047 4901 Unde
3068 4825 3403 4901 evidensest
3430 4846 3596 4901 quam

2008 4900 2250 4965 graviter
2295 4898 2583 4965 impcgerit
2625 4898 2708 4948 vir
2752 4897 3107 4952 doctissimus
3162 4898 3411 4954 Nicolaus
3445 4897 3597 4957 ’Λιο-

2006 4983 2242 5023 mannus
2278 4970 2329 5021 itt
2362 4967 2520 5024 Notis
2552 4967 2618 5038 ad
2653 4966 2932 5023 Anecdota
2970 4967 3244 5034 Procopii,
3277 4972 3370 5038 qui
3408 4969 3593 5027 Theo-

2007 5039 2201 5104 phanis
2234 5039 2395 5093 verba
2446 5041 2510 5092 de
2560 5036 2961 5092 Blachcrniano
3018 5040 3221 5105 templo
3274 5036 3595 5108 accipienda

2006 5110 2247 5171 censuit,
2302 5110 2446 5177 quod
2491 5110 2657 5164 etiam
2709 5107 2947 5163 advertit
2996 5107 3308 5164 Multretus.
3366 5107 3598 5168 Exstitit

2003 5178 2181 5255 aliud_
2223 5179 2759 5255 'lapbv_in_0pposito
2810 5178 2994 5255 littore
3052 5181 3317 5255 Asiatico,
3388 5183 3597 5255 ἵναπερ

2000 5249 2062 5322 τὸ
2090 5250 2265 5319 στόμα
2326 5249 2422 5303 τοῦ
2480 5251 2711 5312 Πόντου,
2780 5250 3004 5316 perinde
3066 5267 3130 5322 ac
3194 5249 3590 5322 Ettropaeanum

2001 5318 2250 5391 ilierutn,
2292 5322 2371 5376 sic
2401 5330 2864 5391 nuncupatum_a
2914 5320 3115 5390 templo
3171 5323 3296 5385 Διὸς
3342 5318 3590 5391 Ὀύρίου,

1997 5388 2217 5455 Portus,
2252 5408 2345 5446 seu
2387 5388 2689 5461 ἀφετήριον
2746 5388 2858 5461 τῶν
2913 5393 2994 5453 είς
3028 5388 3248 5457 ’Πόντον
3285 5388 3586 5456 πλεόντων,

2002 5472 2059 5513 ιιι
2095 5472 2177 5514 est
2209 5465 2349 5531 apud
2377 5464 2792 5531 Artemidorth
2817 5460 3110 5531 Ephesium
3173 5462 3249 5531 in,
3282 5461 3480 5530 Geogr.
3514 5461 3589 5515 de

2000 5546 2110 5599 quo
2139 5528 2303 5585 etiam
2364 5533 2631 5586 Arrianus
2675 5528 2983 5599 iniPeriplo
3038 5530 3195 5583 Ponti
3235 5528 3472 5594 Euximi,
3532 5540 3590 5586 et

2001 5594 2223 5673 Tabulae
2252 5602 2709 5673 Peutingerianm.
2745 5594 2941 5673 Voltcij
2977 5602 3217 5656 dicatum
3247 5600 3417 5655 fuisse
3445 5600 3588 5655 scri-

1998 5672 2080 5729 bit
2105 5672 2431 5728 l’tolenneus
2456 5672 2553 5728 lib.
2585 5686 2638 5726 v.
