4088 6426
340 257 450 320 773

1621 262 1850 323 ALEXI
1865 262 2040 324 ADlS
2070 264 2214 324 LIB.
2258 265 2312 326 Χ

3515 271 3631 337 ’174

341 371 375 420 ό
441 365 942 435 προθυμούμενος
1025 367 1216 438 μόνος
1281 366 1431 438 πρὸς
1473 369 1674 439 μόνην
1728 372 1916 441 μάχην

2039 373 2178 426 sedis
2233 373 2516 445 participes
2571 375 2782 432 habere.
2852 379 3070 448 Oportet
3139 393 3336 449 autem,
3395 387 3442 440 si
3493 387 3630 441 nmil

333 459 761 514 tiradtioaadat
806 461 897 526 εὶς
931 460 1284 529 μονομάχου
1312 460 1486 526 τάξιν
1527 463 1748 518 ἑαυτὸν
1785 482 1928 518 κοτ-

337 551 647 618 αχθιξσας,
710 553 1201 622 προσερχόμενος
1224 555 1521 622 ,βοήθειαν
1538 555 1657 626 μὲν
1682 556 1798 623 τὴν
1822 557 1930 611 τοῦ

334 644 503 698 θείου
557 643 791 697 ἐκεῖθεν
845 643 1114 706 αἰτεῖται,
1171 645 1471 713 βραδύνει
1544 646 1614 700 δὲ
1656 647 1765 701 τὸν
1788 647 1930 700 κατ’

333 732 526 786 αὑτοῦ
595 733 988 802 τολμήσαντα
1049 735 1552 806 ἀπεκδεχόμενος.
1639 740 1780 792 Καθ’
1848 737 1930 805 ’ἣν

332 826 575 893 τρίοδον
594 826 886 894 ἐχρόνισα
909 829 1005 881 καὶ
1039 830 1244 894 αὐτὸς,
1269 828 1586 897 σχολάζων
1613 832 1708 884 καὶ
1737 831 1926 898 ζητῶν

331 919 445 972 τὸν
492 920 622 988 μετ’
652 919 799 987 ἐμοῦ
822 922 1263 990 μαχεούμενον.
1310 923 1374 976 '0
1397 924 1475 976 δὲ
1504 926 1678 978 τοῦτο
1699 927 1925 994 τολμή-

344 1027 501 1076 σων,
568 1012 862 1082 οὐδαμοῦ.
926 1013 1112 1068 Ταῦτα
1140 1017 1168 1068 ὁ
1202 1014 1455 1085 βασιλεὺς
1485 1018 1763 1090 ἀκηκοὼςν
1793 1020 1921 1091 ἔφη’

326 1107 396 1157 El
415 1108 690 1174 πόλεμον
748 1109 883 1160 τότε
944 1107 1131 1174 ζητῶν
1180 1112 1295 1179 οὺχ
1321 1106 1513 1179 εὗρες,
1538 1111 1796 1180 πάρεστί
1824 1131 1926 1168 σοι

331 1198 548 1264 καιρὸς
579 1203 609 1251 ό
650 1197 902 1252 πολλῶν
934 1215 1009 1253 σε
1049 1202 1336 1271 πολέμων
1384 1203 1737 1274 ἐμπλήσων.
1771 1208 1925 1272 Παρ-

324 1288 631 1358 εγγυῶμαι
658 1289 726 1344 δέ
751 1305 851 1344 σοι
901 1294 1058 1361 μήτε
1085 1296 1235 1362 πρὸς
1294 1283 1750 1366 οὐραγίαν-μήτε
1772 1300 1924 1367 πρὸς

324 1381 632 1450 λοχαγίαν
652 1383 765 1453 (65)
786 1383 1071 1439 ἵστασθαι
1092 1386 1426 1456 φάλαγγος,
1455 1390 1620 1443 ἀλλὰ
1650 1390 1716 1443 τὸ
1732 1390 1924 1456 μέσον

324 1475 499 1542 ἔχειν
524 1475 645 1529 τῶν
674 1477 1060 1546 ἡμιλοχιτῶνο
1093 1474 1440 1550 ἐπιστήμην
1498 1485 1610 1552 γὰρ
1662 1483 1774 1551 τῆς
1811 1503 1918 1554 με·
1952 1509 1954 1511 ·

326 1567 517 1622 θόδου
544 1569 666 1622 τῶν
691 1571 974 1640 πολέμων
988 1575 1032 1605 ⁸⁸
1066 1576 1340 1643 Τούρκων
1367 1577 1437 1630 ἐκ
1458 1577 1688 1645 μακροῦ
1731 1581 1917 1647 ἐσχη-

324 1675 432 1714 ara.
486 1662 602 1714 Οὐκ
631 1662 781 1730 αὐτῷ
815 1664 869 1716 δὲ
898 1667 1047 1736 μόνῳ
1103 1667 1278 1722 ταῦτα
1311 1670 1726 1735 συνεϐούλευεν,
1777 1672 1916 1725 ἀλλὰ

2039 463 2210 530 aliud,
2242 470 2644 524 consuetudines
2688 481 2863 529 tenere
2903 476 3127 544 regionis
3180 477 3236 530 in
3284 494 3388 547 qua
3421 496 3624 534 sumus.

2039 557 2169 612 Haec
2217 559 2311 613 ille
2358 561 2610 630 audiens,
2653 562 2918 622 Balduino
3000 568 3218 634 quidem
3279 569 3417 624 nihil
3467 571 3628 638 dixit,

2034 658 2294 706 caeterum
2345 655 2562 710 acribus
2587 658 2760 712 oculls
2785 659 3165 728 imperatorem
3200 663 3416 719 intuens
3455 667 3630 734 patria

2035 743 2217 811 lingua
2287 763 2473 802 secum
2535 753 2983 807 numurmuravit
3045 755 3302 821 quiddam
3355 760 3499 826 quod
3565 759 3618 811 iu

2033 842 2277 888 nostram
2312 838 2585 891 redditum
2657 841 2740 893 sic
2783 851 2941 894 sonat
2993 861 3008 897 :
3056 843 3140 898 En
3183 845 3356 914 qualis
3401 849 3626 901 rusticus

2029 928 2172 980 sedet
2199 928 2366 996 solus,
2406 930 2704 984 astantibus
2735 932 2785 985 ei
2811 932 3008 988 talibus
3037 935 3284 991 ducibus.
3313 935 3432 993 Non
3465 939 3625 993 latuit

2031 1017 2338 1087 Augustum
2373 1032 2549 1076 motus
2590 1023 2858 1078 labiorutn
2899 1027 3139 1083 hominis
3176 1045 3190 1082 :
3243 1034 3622 1100 advocatoque

2031 1111 2221 1165 statim
2265 1115 2586 1182 interprete,
2623 1130 2746 1168 cum
2798 1116 2929 1170 dicti
2964 1119 3294 1173 sententiam
3341 1123 3622 1187 rescisset,

2029 1201 2164 1256 nihil
2205 1203 2398 1259 Latino
2435 1215 2544 1258 tum
2574 1207 2804 1282 quidem
2839 1210 3012 1275 dixit;
3047 1219 3102 1263 at
3135 1211 3226 1265 ubi
3272 1225 3333 1266 re
3380 1212 3620 1279 perfecta

2031 1298 2298 1351 recessuri
2337 1299 2566 1354 comites
2624 1292 2944 1369 imperatori
2975 1318 3074 1372 pro
3119 1319 3176 1359 se
3217 1305 3450 1375 quisque
3499 1306 3618 1360 vale

2029 1387 2308 1453 dicebant,
2347 1391 2729 1458 praetumidum
2767 1392 2932 1446 istum
2961 1395 3438 1468 impudentemque.
3463 1395 3620 1452 Lati-

2025 1494 2156 1533 num
2214 1496 2463 1535 seorsum
2514 1482 2842 1536 accersitum
2894 1485 3249 1555 interrogavit
3294 1489 3618 1556 Augustus:

2026 1569 2147 1636 quis
2164 1578 2216 1624 et
2235 1570 2503 1625 undenatn
2527 1584 2690 1640 esset,
2718 1574 2933 1642 qualive
2962 1584 3114 1629 ortus
3139 1577 3374 1644 genere?
3396 1579 3464 1632 At
3493 1578 3608 1644 ille,

2024 1657 2202 1712 Purus
2251 1672 2433 1729 putus,
2489 1663 2684 1732 inquit,
2741 1663 2986 1720 Francus
3030 1685 3169 1734 sum,
3206 1685 3270 1722 ex
3318 1670 3618 1736 nobilibus;

325 1755 562 1818 καὶτοῖς
603 1754 790 1819 ἄλλοις
853 1760 1021 1811 πᾶσιν
1065 1759 1240 1812 ὁπόσα
1283 1761 1496 1825 τούτοις
1547 1764 1913 1834 συναντήσειν

2028 1770 2187 1806 unum
2225 1764 2404 1809 autent
2459 1758 2593 1822 scio,
2651 1759 2705 1810 in
2764 1760 2920 1814 triuio
2973 1763 3200 1830 regionis
3251 1762 3388 1816 unde
3440 1761 3620 1832 prodii

321 1845 557 1916 ἔμελλεν
642 1849 1044 1920 ἀπερχομένοις
1100 1853 1246 1906 κατὰ
1288 1854 1388 1923 τὴν
1443 1855 1561 1908 ὁδὸν
1596 1855 1910 1925 προλέγων,

322 1941 696 2008 παρηγγυᾶτο
733 1943 808 2012 μὴ
826 1944 1085 2014 ἀκρατῶς
1111 1944 1333 2000 διώκειν
1364 1948 1606 2016 ὁπηνίκα
1632 1947 1730 2018 τὴν
1756 1949 1915 2020 νίκην

318 2031 515 2093 αὐτοῖς
574 2032 716 2085 κατὰ
768 2033 879 2085 τῶν
942 2034 1246 2104 Βαρϐάρων
1307 2035 1423 2106 δοίη
1479 2036 1636 2103 Θεὸς,
1697 2036 1781 2092 ἵνα
1838 2037 1914 2108 μὴ

317 2125 442 2184 τοῖς
500 2123 850 2194 ἐνεδρεύουσι
937 2127 1196 2197 λοχαγοῖς
1274 2128 1707 2200 περιπίπτοντες
1761 2129 1916 2182 ἀναι-

2022 1849 2276 1913 templum
2303 1863 2412 1900 esse
2449 1848 2578 1901 olim
2611 1849 2956 1918 ludiﬁcatum,
2989 1853 3044 1905 in
3096 1871 3221 1922 quo,
3269 1855 3356 1907 cui
3406 1857 3617 1909 animus

2020 1948 2094 1992 est
2121 1938 2220 1991 soli
2259 1956 2382 1993 cum
2414 1940 2526 1995 solo
2575 1943 2836 2011 singulari
2882 1959 3060 2014 pugna
3103 1945 3372 2015 congredi,
3422 1947 3618 2015 quique

2020 2033 2074 2086 in
2113 2032 2494 2099 professionem
2549 2034 2795 2089 audacia:
2824 2036 2980 2090 istius
3035 2053 3224 2090 nomen
3272 2039 3427 2091 edere
3457 2053 3614 2090 suum

2021 2125 2200 2191 palam
2264 2141 2366 2178 non
2431 2125 2666 2192 dubitat,
2717 2129 2981 2181 auxilium
3034 2128 3287 2183 Numinis
3326 2129 3620 2199 implorare

321 2212 553 2280 ρῶνται.
2025 2219 2339 2283 consuevit;
2378 2234 2586 2272 moram
2618 2221 2688 2272 ibi
2729 2221 2940 2273 trahens
2971 2220 3134 2274 donec
3168 2221 3477 2290 apparuerit
3519 2231 3620 2274 ad-

315 2306 583 2358 rersarius
609 2307 697 2375 qui
727 2324 994 2364 conserere
1019 2327 1138 2365 cum
1171 2327 1230 2365 eo
1262 2326 1475 2365 manum
1505 2310 1668 2364 ausit.
1739 2309 1821 2362 Ad
1877 2307 1932 2361 id
1983 2307 2194 2360 trivium
2226 2307 2381 2374 longo
2433 2323 2526 2377 ego
2576 2309 2750 2362 mansi
2833 2320 3081 2378 tempore,
3156 2312 3361 2380 [rustra
3412 2325 3619 2379 semper

313 2408 656 2470 exspectans.
713 2399 883 2459 Nemo
935 2406 1072 2459 enim
1107 2422 1341 2475 unquam
1391 2406 1492 2473 fuit
1553 2407 1645 2475 qui
1697 2421 1752 2459 se
1820 2404 1948 2457 mihi
1976 2403 2167 2471 o/ferre
2237 2402 2512 2456 adversum
2587 2403 2825 2459 auderet.
2907 2404 3004 2460 His
3058 2405 3360 2473 imperator
3389 2407 3616 2476 auditis,

313 2495 481 2564 Atqui
510 2498 559 2549 si
586 2506 731 2556 tunc.
765 2496 962 2564 inquit,
991 2495 1192 2550 hostem
1222 2513 1462 2565 qua’rens
1512 2513 1616 2550 non
1668 2496 1943 2560 invenisti,
1991 2504 2192 2562 tempus
2221 2495 2456 2547 imminet
2495 2493 2754 2548 betiorum
2783 2497 2877 2550 tibi
2907 2505 2955 2549 et
2984 2495 3215 2550 hostium
3285 2499 3608 2569 suppedita-

313 2606 502 2658 ,urum
541 2589 770 2658 oﬂ'atim.
794 2587 870 2642 Tu
896 2605 1037 2654 vero,
1067 2590 1114 2643 si
1143 2590 1270 2660 quid
1301 2590 1429 2643 mihi
1449 2591 1641 2656 credis,
1667 2600 1923 2644 memento
1963 2605 2126 2659 neque
2158 2590 2294 2642 inter
2326 2606 2414 2644 eos
2443 2591 2535 2659 qui
2604 2607 2790 2662 agmen
2835 2593 3085 2648 claudent
3131 2594 3186 2648 in
3224 2606 3488 2664 postrema
3562 2606 3615 2653 te

313 2685 434 2737 acie
461 2683 659 2748 locare,
688 2699 849 2753 neque
886 2686 1117 2738 eminere
1161 2683 1300 2738 inter
1327 2685 1528 2751 primos
1607 2684 1695 2752 qui
1741 2686 1947 2736 hastam
2021 2684 2230 2736 vibrant
2279 2683 2330 2735 ir
2379 2683 2552 2744 fronte
2601 2685 2860 2737 exercitus
2907 2687 3026 2738 novi
3075 2697 3320 2754 expertus
3354 2697 3518 2742 artem
3561 2699 3614 2744 et

317 2792 524 2829 morem
555 2774 791 2829 bellandi
828 2775 1147 2830 Turcorum.
1180 2774 1520 2830 Periculosus
1549 2775 1640 2829 ille
1687 2785 1908 2844 uterque
1945 2776 2090 2829 locus
2119 2786 2234 2840 est;
2275 2775 2330 2828 in
2361 2776 2588 2828 mediam
2619 2786 2666 2830 te
2741 2777 2874 2830 abde
2926 2778 3240 2831 triariorum
3325 2779 3610 2836 subsiden-

318 2869 459 2920 tium
492 2870 724 2933 turbam,
760 2869 846 2921 ubi
907 2870 1013 2923 tuis
1076 2879 1252 2938 septus
1323 2869 1554 2936 undique
1629 2869 2124 2922 circumuentionem
2173 2868 2421 2923 hostilem
2453 2869 2607 2923 vites.
2659 2869 2838 2938 Atque
2913 2869 3017 2924 hoc
3061 2871 3302 2927 salutare
3343 2874 3610 2928 monitum

335 2980 450 3017 non
482 2965 566 3018 isti
610 2963 788 3018 solum
829 2962 1009 3028 minus
1060 2962 1290 3018 merenti
1337 2961 1507 3025 dedit,
1556 2960 1652 3016 sed
1695 2969 1749 3014 et
1796 2962 1921 3016 aliis
1960 2962 2461 3031 omnibus,quibus
2490 2962 2742 3031 praedixit
2825 2976 3166 3032 quaecunque
3235 2964 3430 3020 itinere
3505 2966 3612 3021 isto

319 3067 583 3111 eretttura
650 3064 846 3123 erant,
907 3071 1236 3128 magnOpere
1296 3056 1534 3110 suadens
1619 3070 1689 3109 ne
1745 3054 1952 3110 Turcos
1981 3055 2206 3111 ell‘nsius
2239 3058 2678 3126 insequerentur,
2717 3056 2938 3124 quando
3009 3057 3103 3112 Dei
3155 3067 3290 3112 mttu
3341 3058 3464 3115 illos
3520 3061 3609 3113 vi-

314 3156 551 3218 cissent,
586 3159 684 3208 sed
715 3156 782 3209 ab
816 3151 1031 3206 insidiis
1060 3151 1219 3204 unice
1255 3159 1514 3204 caverent
1549 3151 1774 3204 omnino
1797 3149 1903 3204 sibi
1930 3165 1958 3202 a
2018 3161 2178 3221 gente
2205 3150 2430 3219 subdola
2468 3149 2859 3219 fraudibusque
2887 3162 2940 3206 et
2971 3153 3145 3208 cautis
3198 3155 3405 3209 artibus
3473 3169 3607 3210 con-

313 3248 487 3302 ﬁdere
519 3247 701 3312 solita,
739 3245 1037 3300 struendis.

397 3337 567 3392 Ἀλλὰ
589 3337 764 3392 ταῦτα
796 3340 894 3409 μὲν
924 3337 992 3390 τὰ
1017 3337 1162 3391 κατὰ
1191 3337 1282 3391 τὸν
1298 3338 1571 3409 Γοντοφρὲ
1601 3337 1914 3410 καὶῬαοὺλ

2085 3337 2264 3406 Atque
2287 3339 2405 3389 haec
2427 3335 2700 3389 hactenus
2727 3334 2791 3387 de
2814 3331 3202 3399 Gotthofredo,
3235 3335 3428 3400 Raule,
3456 3337 3606 3395 aliis-

309 3433 408 3488 καὶ
446 3433 577 3494 τοὺς
603 3431 798 3496 ἄλλους
861 3430 988 3494 τοὺς
1041 3429 1458 3501 συνεπομένους
1507 3431 1716 3494 αὐτοῖς.
1766 3430 1825 3483 '0
1855 3430 1912 3483 δέ

2016 3441 2122 3496 quo
2173 3427 2322 3498 ipsos
2367 3424 2723 3493 sequentibus
2772 3423 2916 3478 dicta
2971 3425 3099 3478 sint.
3151 3425 3221 3480 At
3263 3426 3605 3486 Baimundus

313 3543 372 3593 τε
407 3523 750 3594 Βαῖμοῦνδος
781 3524 922 3594 μετὰ
949 3523 1060 3577 τῶν
1087 3523 1266 3578 ἄλλων
1281 3523 1543 3593 κομήτων
1574 3522 1908 3576 καταλαϐὼν

2016 3533 2144 3574 cum
2207 3517 2329 3572 aliis
2378 3515 2680 3586 comitibus
2730 3513 2937 3583 Aprum
2993 3514 3271 3584 appulsus,
3329 3531 3449 3572 cum
3498 3520 3602 3574 sibi

307 3619 402 3668 τὶν
438 3617 690 3687 Ἀπρον,
749 3618 842 3670 καὶ
910 3617 1048 3687 μήτε
1077 3616 1134 3682 ἐξ
1185 3615 1426 3684 εὐγενῶν
1482 3615 1659 3683 φύντα
1713 3616 1910 3668 ἑαυτὸν

2016 3621 2154 3667 esset
2191 3610 2447 3664 conscius
2491 3621 2668 3677 neque
2704 3621 2764 3660 se
2817 3621 2846 3659 a
2895 3607 3112 3675 proavis
3150 3606 3433 3665 nobilitate
3477 3623 3600 3666 eum

307 3710 727 3779 ὲπιγινώσκων,
761 3711 903 3782 μήτε
963 3709 1230 3780 δυνάμεις
1259 3708 1482 3789 πολλὰς
1510 3707 1631 3777 (66)
1680 3723 1916 3760 συνεπα-

2036 3703 2158 3757 aliis
2181 3699 2350 3755 Gallis
2376 3700 2718 3770 principibus
2745 3697 3109 3769 comparanda
3154 3699 3466 3769 praeditum,
3500 3717 3606 3759 nec

1393 3823 1597 3887 Variae
1629 3821 1930 3884 lectiones
1962 3837 2041 3882 ex
2073 3818 2219 3883 cod.
2253 3816 2513 3880 Coislin.

383 3959 434 3992 ⁸³
476 3957 644 4014 Deest
669 3971 772 4012 vox
807 3957 1088 4027 πολέμων.

1393 4046 1534 4108 Car.
1570 4039 1912 4105 Dnl‘resnii
1940 4041 2042 4103 Du
2070 4038 2296 4119 Cangii
2327 4045 2518 4101 nota).

308 4178 502 4248 attigit
528 4178 672 4249 idem
705 4185 1010 4249 poetanon
1056 4171 1248 4249 semel,
1287 4169 1589 4249 variisque.
1615 4167 1669 4220 in
1721 4165 1901 4247 locis;

306 4252 404 4304 ubi
426 4239 587 4303 “edim
621 4248 687 4302 de
707 4239 987 4319 singulari
1022 4245 1324 4319 certamine
1375 4239 1782 4319 Potioniensem
1819 4239 1905 4319 in-

309 4332 400 4376 ter
418 4333 475 4374 et
501 4319 770 4371 Bovonem
796 4309 1117 4381 Burgundiw
1138 4309 1592 4366 comitesParisiis
1617 4309 1750 4360 inito
1771 4309 1904 4374 agit:

461 4391 504 4440 Α
538 4386 736 4441 Nostre
771 4386 934 4438 Datne
960 4401 1019 4437 en
1059 4393 1132 4436 est
1161 4383 1299 4434 Bttés
1324 4382 1456 4442 alés,

465 4459 542 4510 La
568 4460 684 4510 nuit
723 4457 898 4515 veilla,
929 4464 975 4507 et
1004 4452 1306 4506 Chevaliers
1334 4452 1501 4503 assés.

307 4551 481 4622 363
525 4550 665 4602 Alibi
704 4548 942 4622 duellum
992 4545 1343 4600 Fron-omlini
1406 4558 1528 4597 cum
1566 4539 1769 4597 Bovoni
1801 4537 1906 4591 Va-

306 4621 547 4677 sucinum
582 4623 716 4675 duce
751 4621 1018 4672 enarratis
1047 4632 1060 4667 :

387 4735 724 4808 élésrveiller
757 4733 1082 4808 Frontondin
1108 4737 1259 4808 binus
1291 4729 1393 4808 des.
1416 4728 1542 4808 fuis,

387 4806 474 4859 En
519 4807 568 4858 la
602 4823 721 4860 nom
763 4805 872 4856 Dea:
896 4806 986 4871 qui
1017 4819 1078 4856 en
1107 4803 1156 4852 Ia
1190 4799 1339 4855 Crois
1366 4799 1576 4871 fumis,

387 4877 499 4941 Qui
529 4893 614 4930 vos
648 4877 867 4943 defende
898 4869 961 4926 de
991 4875 1179 4943 malet
1201 4871 1275 4943 _de
1305 4869 1459 4943 peril,

381 4940 460 5002 Et
493 4948 532 4999 li
573 4940 724 4998 Voles
756 4945 863 4998 s‘en
899 4944 1002 4996 vuil
1032 4944 1063 4995 ὰ
1095 4942 1155 4996 S.
1188 4940 1426 5002 Severin,

383 5017 474 5070 En
499 5033 557 5069 sa
590 5031 875 5085 compagne
901 5014 964 5065 de
992 5011 1352 5085 chevalier'set
1379 5011 1507 5085 pint,

389 5087 467 5140 La
509 5088 621 5140 nuit
652 5081 827 5147 veilla,
861 5086 1029 5154 grand
1055 5082 1335 5135 Iuminaire
1367 5081 1451 5148 ﬁt,
1476 5088 1584 5134 etc.

307 5180 441 5234 ΔῚο
461 5178 699 5246 denique
732 5177 875 5241 loco,
907 5176 996 5252 ubi
1027 5176 1094 5252 de
1122 5174 1362 5240 eiusdem
1395 5169 1752 5252 Frontondini
1777 5182 1902 5224 cum

307 5247 583 5305 Gerberto
613 5243 988 5315 Lotharingiac
1023 5244 1159 5298 duce
1191 5260 1366 5313 pugna
1400 5243 1660 5313 singulari
1688 5256 1702 5293 :

390 5341 512 5395 Cele
543 5343 654 5394 nuit
688 5340 897 5395 veilleut
929 5357 960 5392 α
991 5337 1174 5391 Sainte
1207 5337 1360 5391 Crois
1389 5337 1638 5398 moutier,

393 5411 596 5466 Devant
628 5411 839 5466 Cirbert
865 5413 1052 5464 ardent
1085 5409 1217 5462 trois
1243 5410 1438 5477 cierges
1468 5407 1659 5460 entier.

310 5504 438 5558 Huc
467 5505 628 5556 etiam
677 5511 934 5572 spectant
987 5501 1152 5554 verba
1204 5498 1460 5572 Ademari
1513 5497 1900 5572 Catianensis:

314 5572 626 5626 Permansit
661 5567 963 5641 Stephanus
997 5587 1116 5624 vero
1145 5579 1192 5622 et
1223 5570 1467 5641 exsiliens
1516 5583 1731 5641 corpore
1764 5567 1900 5641 illa:-

313 5658 433 5716 sus,
461 5645 640 5697 eadem
672 5637 993 5716 horasenit,
1044 5638 1511 5716 currensbpedibus
1551 5640 1756 5704 gratias
1794 5637 1902 5716 Deo

317 5711 522 5781 referre
552 5718 620 5767 ad
646 5711 910 5767 tumulum
945 5710 1009 5766 Β.
1036 5710 1312 5780 Eparchii,
1339 5709 1427 5761 ubi
1456 5717 1602 5761 nocte
1626 5709 1897 5776 prwterita

2013 4164 2236 4233 pervigil
2261 4163 2599 4217 excubuerat.
2629 4162 2686 4216 id
2717 4178 2932 4233 quoque
2955 4166 3180 4222 actitare
3201 4180 3596 4226 consueverant

2017 4235 2068 4287 in
2103 4233 2327 4289 ludicris
2362 4233 2778 4299 certaminibus,
2841 4237 2956 4290 sive
2985 4243 3378 4294 torneamentis
3408 4242 3602 4294 decer-

2015 4302 2199 4369 taturi,
2242 4310 2300 4355 ut
2333 4311 2524 4355 auctor
2550 4313 2632 4356 est
2667 4301 2904 4360 Joannes
2946 4307 3013 4359 de
3062 4307 3203 4361 Beka
3238 4311 3289 4362 in
3321 4309 3519 4364 Ottone
3553 4309 3598 4364 ll

2012 4373 2182 4442 episc.
2239 4371 2507 4443 Trajeet.;
2539 4373 2666 4438 quin
2711 4374 2874 4428 etiam
2907 4377 2997 4443 qui
3046 4377 3098 4429 in
3156 4393 3378 4432 arenam
3432 4380 3594 4434 duelli

2013 4458 2173 4516 causa
2197 4442 2424 4516 ineundi
2475 4443 2809 4516 descendere
2845 4442 3198 4516 cogebantur,
3229 4464 3338 4516 quo
3373 4463 3494 4502 sese
3523 4451 3594 4504 ab

2012 4513 2556 4587 objectispurgarent
2578 4513 2940 4587 criminibus,
2978 4515 3142 4587 Deum
3167 4513 3268 4571 sibi
3301 4517 3591 4587 propitium

2015 4580 2400 4644 conciliabant,
2447 4580 2668 4638 collatis
2719 4584 2770 4637 in
2821 4584 3083 4639 ecclesias
3115 4594 3170 4640 et
3227 4580 3370 4644 mdes
3401 4580 3593 4642 sacras

2015 4653 2192 4717 donis,
2209 4667 2328 4720 qua:
2362 4650 2649 4722 oblationes
2667 4655 3001 4722 campionum
3022 4655 3278 4710 dicuntur
3313 4658 3366 4711 in
3387 4657 3592 4712 Charta

2013 4723 2277 4792 Manassae
2316 4722 2487 4792 episc.
2521 4721 2750 4792 Lingon.
2784 4721 2874 4778 an.
2902 4724 3040 4779 1185
3065 4765 3080 4790 ,
3122 4728 3262 4792 apud
3295 4725 3592 4782 Roverium

1935 4790 1980 4845 Ι)
2014 4794 2065 4846 in
2103 4791 2364 4847 Reomao.
2398 4790 2709 4847 Chronicbn
2767 4793 3042 4850 Besuense
3067 4812 3083 4850 :
3112 4790 3243 4850 Milo
3267 4813 3384 4851 cum
3411 4796 3596 4852 Ottone

2008 4862 2314 4938 piuionensi
2369 4864 2673 4938 prwposito,
2724 4867 2813 4933 qui
2846 4875 3049 4933 neptem
3083 4869 3196 4934 ejus
3240 4869 3296 4921 in
3344 4868 3595 4938 conjugio

2006 4932 2252 5006 habebat,
2287 4934 2642 5006 monomachi
2671 4932 2990 5006 certaturus_
3017 4932 3217 5006 pugna,
3252 4932 3594 4992 attribuit'S.

2004 5000 2164 5056 Petro
2204 5013 2398 5057 terram
2431 5019 2591 5060 quam
2623 5003 2847 5058 habebat
2883 5007 2936 5059 in
2958 5000 3123 5060 Luco'.

2076 5072 2187 5142 (65)
2223 5072 2551 5142 Λοχαγίαν.
2587 5076 2740 5143 Apud
2775 5074 3013 5130 Leonem
3062 5079 3114 5130 in
3175 5076 3409 5133 Tacticis
3437 5094 3457 5131 :
3485 5077 3596 5132 Ao-

2003 5144 2174 5220 χαγὸς
2193 5143 2428 5220 ’λέξεται
2464 5145 2510 5220 ὁ-
2531 5145 2752 5220 πρῶτος
2780 5147 2874 5200 τοῦ
2908 5145 3292 5220 στιχουρᾷῆντοι
3353 5147 3593 5220 ὀρδὶνου.

2004 5214 2238 5286 Consule
2271 5213 2571 5286 Glossaria,
2603 5225 2656 5268 et
2688 5217 2926 5280 Annam,
2964 5213 3086 5286 pag.
3112 5213 3236 5272 379.

2081 5282 2196 5357 (66)
2224 5283 2388 5352 Mrito
2411 5283 2703 5357 ᾂυνάμεις
2743 5282 3005 5351 πολλάς.
3035 5282 3210 5357 Ἁιίιυί
3244 5287 3477 5342 habebat
3507 5301 3592 5357 se-

2007 5369 2128 5409 cum
2169 5353 2517 5409 Boemundus
2556 5357 2608 5407 in
2640 5357 2738 5408 hac
2767 5353 3355 5423 expeditione—decem
3421 5356 3588 5410 millia

2006 5425 2274 5499 equitum,
2299 5433 2352 5499 et
2385 5424 2648 5499 plurimas
2675 5427 3160 5499 cupiaspedjtum,
3188 5436 3248 5479 ut
3282 5437 3478 5499 auctor
3505 5436 3591 5480 est

2003 5496 2260 5548 Alliertus
2290 5495 2392 5562 Aq.
2423 5495 2514 5548 lib.
2557 5511 2617 5556 tt,
2675 5509 2798 5563 cap.
2837 5495 2930 5550 l8.'
2964 5495 3197 5549 Maxima
3257 5495 3402 5548 enim
3465 5509 3591 5561 pars

2001 5564 2279 5618 exercitus
2305 5564 2396 5632 qui
2430 5564 2681 5618 Amallim
2718 5564 3004 5620 obsidione
3053 5567 3324 5632 cinxerat,
3393 5563 3589 5632 relicto

2004 5635 2286 5704 Rogeriot
2309 5630 2677 5688 Boemundutn
2733 5647 2917 5690 secuta
2948 5645 3109 5704 erat:
3159 5634 3233 5688 Ita
3267 5630 3588 5704 Urbanusll

2000 5701 2110 5762 PPI
2155 5707 2210 5759 in
2253 5703 2424 5774 Epist.
2467 5706 2534 5762 ad
2573 5706 2822 5760 Alexium
2881 5703 3025 5774 apud
3079 5702 3204 5757 Bar.
3272 5715 3376 5756 an:
3423 5701 3584 5767 1097,
