4088 6394
476 283 543 344 'i't'
1675 267 2089 331 ALEXIADIS
2134 266 2285 328 LIB.
2330 267 2405 325 Χ.

3572 260 3679 322 778

430 392 461 444 δ
484 390 595 458 γὰρ
626 385 800 450 δεινὸς
826 384 936 455 (68)
966 381 1298 454 Βαῖμοῦντος
1327 379 1433 433 τῶν
1457 379 1555 449 μὲν
1585 378 1732 446 ὂψων
1762 378 1823 431 οὐ
1852 376 2008 447 μόνον

2116 388 2477 438 mus;rerum
2541 374 2582 423 ri
2630 372 2738 426 hth
2790 370 2882 425 tibi
2934 370 3067 439 forte
3120 368 3248 423 alibi
3280 369 3502 434 nutrito,
3529 369 3687 425 aliter

432 478 849 548 ἀπογεύσασθαι
895 478 1031 539 ὅλως
1065 517 1078 542 ,
1130 475 1246 529 ἀλλ’
1305 474 1415 527 οὐδ’
1476 473 1670 543 ἄκροις
1718 471 2007 537 δακτύλοις

435 569 788 639 προσψαῦσαι
842 568 1123 637 ἠνέσχετο,
1175 564 1290 618 ἀλλ’
1346 561 1609 615 ἀπώσατό
1631 578 1691 614 τε
1722 562 1885 622 εὐθὺς
1913 561 2006 612 καὶ

436 662 632 731 μηδενὶ
664 661 733 713 τὰ
750 661 846 731 τῆς
883 657 1310 729 ὑποδραμούσης
1338 656 1503 709 αὑτὸν
1535 655 1797 716 ὑπονοίας
1836 654 2007 723 ἐνφή-

433 771 528 814 νας
547 754 715 814 σιτ-οῖς
738 750 1055 822 παρεστῶσι
1080 751 1254 802 πάντα
1285 749 1542 817 διένειμε,
1574 746 1652 815 τῷ
1688 746 1788 812 μὲν
1824 762 2007 815 φαινφ

436 844 586 913 μένῳ
636 839 1079 911 φιλοςρονετσθαι
1106 838 1328 899 τούτους
1374 837 1827 905 ὑποκρινόμενος,
1857 837 1923 905 τῇ
1951 835 2007 885 δ’

430 935 685 1004 ἀληθείᾳ,
722 932 775 984 εἴ
816 950 898 994 τις
931 930 1117 992 καλῶς
1179 929 1434 997 σκοποίη,
1486 928 1721 980 θανάτου
1750 926 2006 997 κρατῆρα

432 1028 675 1094 κεράσας
701 1024 907 1084 αὐτοῖς.
935 1022 1068 1074 Οὐδὲ
1091 1021 1180 1073 τὸν
1198 1020 1349 1072 δόλον
1373 1020 1718 1088 ἐπέκρυπτε,
1753 1017 2007 1071 τοσούτον

432 1115 923 1184 καταφρονητικῶς
959 1113 1087 1181 περὶ
1119 1112 1242 1172 τοὺς
1265 1111 1357 1162 ὑπ’
1392 1111 1434 1141 ⁸⁸
1459 1109 1621 1161 αὐτὸν
1647 1108 1898 1163 διέκειτο.
1927 1105 2009 1159 Τὰ

434 1209 537 1277 μὲν
584 1207 711 1272 ὠμὰ
762 1207 970 1274 κρέατα
1025 1203 1167 1256 κατὰ
1222 1202 1283 1254 τὸ
1333 1200 1454 1263 ἔθος
1483 1204 1583 1270 τῆς
1628 1199 2008 1270 ἐνεγκαμένης

431 1302 545 1360 τοῖς
592 1299 744 1358 ἰδίοις
804 1297 1081 1366 ὀψοποιοῖς
1134 1296 1551 1350 κατασκευάσαι
1605 1292 1895 1344 ἐπέταττε.
1928 1292 2007 1361 Τῇ

435 1393 557 1460 μετ’
590 1390 761 1457 αὐτὴν
781 1390 835 1440 δὲ
864 1390 987 1450 τοὺς
1011 1388 1117 1455 ὄψα
1140 1388 1184 1422 ⁶⁹
1210 1389 1395 1439 ἐκεῖνα
1428 1386 1751 1454 ἐδηδοκότας
1775 1384 2012 1444 ἐπυνθά-

431 1502 556 1537 νετο
594 1486 741 1545 ὅπως
788 1482 986 1543 αὐτοὺς
1030 1481 1287 1533 διέθεντο.
1320 1479 1441 1532 Τῶν
1478 1480 1533 1532 δὲ
1566 1479 1659 1531 καὶ
1678 1478 1795 1530 λίαν
1831 1478 2011 1539 καλῶς

338 1563 359 1581 ”
431 1578 755 1645 εἰρηκότων,
786 1575 862 1639 ὡς
893 1572 1028 1643 μηδέ
1057 1573 1154 1643 τῆς
1176 1572 1447 1642 τυχούσης
1476 1570 1759 1624 αἰσθέσθαι
1782 1569 2008 1640 βλάϐης,

431 1664 794 1733 ἀποκαλύψας
838 1665 1021 1725 αὐτοῖς
1054 1667 1116 1714 τὸ
1161 1661 1475 1730 ἀπόρρητον
1523 1660 1656 1729 ἔφη·
1715 1659 1803 1720 Ὠς
1832 1658 2010 1725 ἔγωγε

2115 475 2348 531 assueto,
2381 465 2552 518 minus
2594 465 2891 529 arriserint,
2946 480 3009 517 en
3056 479 3203 518 escas
3250 463 3480 517 incoctas
3512 462 3686 515 adhuc

2112 575 2229 627 qua:
2260 570 2409 623 prout
2438 558 2664 627 jusseris
2685 557 2876 627 tibique
2905 558 3141 625 sapuerit
3172 556 3380 609 condiri
3403 555 3686 623 pararique

2114 667 2145 702 a
2177 652 2363 718 quibus
2396 651 2533 703 voles
2560 660 2825 716 poterunt.
2869 648 2926 704 Id
2964 649 3043 704 sic
3077 650 3370 716 imperator
3403 645 3688 700 constituit

2115 758 2210 811 pro
2243 758 2339 794 sua
2373 741 2677 796 incredibili
2716 741 3119 797 tractandorum
3150 740 3429 793 hominum
3465 738 3682 807 peritia.

2112 832 2246 886 Cum
2290 835 2455 896 enim,
2493 843 2546 884 ttt
2579 834 2790 887 solebat
2833 849 2900 887 ex
2941 833 3090 887 vultu
3127 846 3190 886 ac
3225 842 3357 886 nutu
3404 840 3691 899 penetrare

2118 927 2170 979 in
2198 940 2395 979 arcata
2427 929 2711 989 mentium,
2743 925 2898 978 facile
2927 925 3284 995 comperisset
3331 924 3689 980 Baintundum

2117 1018 2331 1088 ingenio
2375 1033 2497 1072 esse
2532 1025 2713 1071 astuto
2765 1031 2829 1071 ac
2860 1016 3149 1085 suSpicaci,
3187 1017 3422 1086 providit
3458 1016 3573 1070 fore
3608 1026 3692 1083 ut,

2116 1112 2159 1166 si
2206 1111 2253 1165 ei
2310 1118 2712 1180 apponerentur
2760 1123 2791 1162 a
2847 1108 3115 1163 ministris
3164 1108 3510 1178 imperatoris
3558 1109 3686 1162 olim

2118 1204 2289 1259 hostis
2318 1203 2423 1257 cibi
2450 1203 2613 1266 cocti,
2646 1211 2791 1257 metu
2832 1201 3065 1272 inspersi
3096 1210 3190 1255 aut
3230 1201 3447 1256 admisti
3491 1203 3691 1255 veneni

2121 1306 2403 1364 concepto,
2451 1295 2520 1349 iis
2572 1294 2715 1349 vesci
2772 1304 3142 1350 cunctaretur.
3172 1293 3282 1349 Nec
3334 1294 3528 1348 fefellit
3565 1308 3689 1348 eum

2120 1401 2221 1440 sua
2250 1383 2595 1451 conjectura;
2647 1383 2987 1437 Baimundus
3026 1385 3171 1438 enim
3211 1398 3278 1438 ne
3312 1387 3538 1439 summis
3567 1385 3692 1454 qui-

2118 1479 2238 1531 dem
2273 1477 2450 1545 digitis
2476 1475 2822 1544 fcontingere,
2868 1474 3065 1529 nedum
3140 1484 3383 1545 gustare,
3425 1476 3688 1529 sustinuit

2119 1577 2336 1639 paratos
2368 1568 2556 1632 cibos;
2590 1566 2995 1621 obtexittamen
3019 1566 3385 1634 suspicionem
3412 1576 3689 1624 ostentata

2120 1660 2462 1714 liberalitatis
2517 1659 2733 1727 specie;
2782 1672 2906 1711 nam
2958 1657 3300 1713 simulatione
3345 1659 3691 1728 gratiﬁcandi

436 1755 787 1827 μεμνημένος
806 1754 914 1805 τῶν
944 1751 1063 1822 μετ’
1083 1750 1247 1803 αὑτοῦ
1267 1749 1523 1819 πολέμων
1576 1751 1672 1803 καλ⁵
1705 1748 1805 1818 τῆς
1831 1750 2008 1818 μάχης

2118 1756 2422 1811 astantibus
2474 1764 2666 1810 cuncta
2718 1756 2799 1809 eis
2871 1753 3075 1809 fercula
3145 1753 3448 1820 distribuit,
3500 1768 3692 1811 revera

433 1848 671 1915 ἐκείνης,
698 1846 919 1898 ἐδεδίειν
950 1845 1025 1915 μὴ
1053 1844 1142 1897 τὸν
1172 1844 1303 1913 ἐμὸν
1330 1842 1461 1905 ἴσως
1490 1841 1769 1912 ἐξαρτήσῃ
1788 1841 1834 1871 ⁷⁸
1854 1840 2018 1892 θάνα-

432 1956 551 2003 τον,
582 1938 883 2007 θανάσιμόν
932 1953 984 1987 τι
1013 1936 1306 2004 φάρμακον
1336 1937 1450 1995 τοῖς
1475 1931 1627 2001 ὄψοις
1660 1935 1756 1983 ἐπε
1768 1929 2012 1999 μὸαλών.

434 2031 679 2085 Τοιαῦτα
739 2032 835 2100 μὲν
886 2028 1047 2082 τοῦ⁷¹
1095 2025 1462 2095 Βαῖμούντου.
1553 2023 1696 2092 Ἐγὼ
1728 2024 1772 2076 δ’
1817 2022 2015 2077 οὔποτε

432 2122 676 2191 πονηρὸν
701 2118 1040 2188 ἐθεασάμην,
1084 2120 1159 2188 μὴ
1198 2115 1291 2169 τοῦ
1320 2114 1498 2184 ὀρθῶς
1534 2132 1588 2166 τι
1614 2115 1792 2166 ποιεῖν
1822 2114 2014 2183 πόρρω

433 2232 539 2267 που
593 2216 653 2265 ἐν
714 2214 848 2266 πᾶσι.
896 2212 1077 2279 λόγοις
1136 2210 1230 2263 καὶ
1288 2208 1591 2278 πρακτέοις
1625 2207 1839 2268 θέοντα,
1870 2208 2007 2272 ὁπη-

430 2306 560 2358 νίκα
619 2306 728 2373 γάρ
776 2320 859 2367 τις
915 2303 1016 2371 τῆς
1070 2300 1368 2372 μεσότητος
1404 2300 1636 2370 ἐκσταίη
1690 2299 1827 2365 πρὸς
1881 2299 2012 2351 ὁπό-

432 2413 593 2467 τερον
621 2396 686 2449 ἂν
716 2395 824 2448 τῶν
884 2393 1073 2465 ἄκρων
1117 2394 1331 2447 νεύσειε
1365 2392 1652 2464 πόρρωθεν
1683 2392 1782 2460 τῆς
1810 2391 2014 2461 αρετῆς

429 2484 680 2551 ῑστηκεν.

2114 1846 2350 1915 pessime
2376 1845 2442 1901 de
2474 1845 2541 1899 iis
2587 1859 2825 1911 merens,
2865 1844 3062 1915 quibus
3092 1845 3247 1901 cibos
3290 1845 3546 1916 opinione
3592 1863 3693 1903 sua

2118 1937 2353 1991 infectos
2388 1943 2443 1991 et
2472 1935 2786 1990 mortiferus
2817 1935 3176 1990 ministraret.
3204 1935 3316 1991 Nec
3343 1935 3693 1993 dissimulare

2112 2030 2307 2084 saltent
2342 2028 2528 2083 dolum
2559 2027 2767 2097 putavit
2796 2027 2953 2092 tanti,
2985 2027 3079 2082 sed
3110 2042 3215 2097 qua
3246 2038 3366 2083 erat
3412 2031 3693 2100 arroganti

2116 2122 2313 2175 ﬁducia
2378 2127 2800 2188 contemptuque
2846 2119 3105 2188 praeditus
3140 2135 3387 2183 suorum,
3422 2121 3539 2191 ipse
3566 2137 3691 2177 car-

2113 2214 2276 2268 nibus
2306 2214 2411 2268 sibi
2444 2213 2643 2267 oblatis
2677 2214 2858 2269 adhuc
2892 2214 3077 2269 crudis
3106 2229 3256 2269 more
3292 2216 3470 2283 patrio
3499 2232 3528 2269 a
3556 2230 3686 2285 pro-

2119 2307 2252 2374 priis
2279 2307 2473 2375 coquis
2502 2305 2819 2375 prteparatit
2846 2320 2911 2359 eo
2944 2307 3029 2359 die
3057 2321 3213 2370 usus,
3252 2308 3513 2377 postridie
3563 2324 3694 2363 suos

2122 2399 2335 2466 rogavit
2362 2397 2555 2466 ecquid
2602 2399 2879 2463 valerent,
2933 2396 3093 2468 303
3128 2407 3182 2453 et
3230 2408 3286 2452 ut
3331 2413 3424 2455 eos
3462 2398 3698 2469 juvisset

2127 2486 2373 2555 pridiana
2400 2502 2554 2543 omna
2583 2505 2598 2554 ;
2635 2487 2700 2542 iis
2728 2503 2859 2544 vero
2884 2490 3142 2558 praeclare
3176 2505 3233 2546 se
3266 2491 3469 2547 habere
3498 2493 3697 2547 aienti-

432 2580 560 2642 bus,
610 2595 711 2635 nec
752 2579 917 2634 ullum
967 2581 1052 2637 vel
1104 2581 1390 2637 minimum
1440 2581 1854 2638 incommodum
1899 2583 2162 2644 sensisse,
2231 2583 2393 2653 Atqui
2464 2599 2588 2652 ego,
2638 2584 2811 2653 inquit
2888 2599 3147 2641 arcanum
3229 2586 3511 2657 detegens,
3569 2604 3695 2644 cum

433 2675 702 2727 memoria
737 2685 1037 2744 repeterem
1070 2676 1208 2731 bella
1238 2678 1367 2733 olim
1394 2693 1425 2730 a
1452 2693 1537 2732 me
1564 2687 1713 2748 gesta
1749 2678 2014 2733 adversus
2038 2679 2419 2747 imperatorem
2471 2689 2527 2734 et
2596 2697 2831 2751 pugnam
2915 2681 3059 2735 illam
3104 2698 3210 2752 qua
3253 2684 3428 2750 ipsum
3488 2684 3694 2757 fugavi,

433 2767 512 2818 uti
548 2767 685 2821 cibis
716 2768 835 2838 ejus
884 2768 1039 2837 jussu
1077 2772 1279 2840 paratis
1315 2772 1487 2838 nolui,
1538 2772 1735 2826 merito
1766 2783 2013 2826 metuens
2043 2788 2109 2826 ne
2146 2788 2411 2827 venenum
2442 2773 2509 2828 iis
2546 2774 2851 2842 ittspcrsum
2884 2784 3052 2831 esset.
3102 2777 3180 2830 [ta
3243 2778 3331 2831 ille
3397 2793 3531 2832 sane
3601 2782 3696 2833 im.

436 2865 767 2932 prudenter;
799 2867 999 2936 quippe
1027 2867 1079 2920 id
1105 2868 1456 2922 committens
1498 2884 1562 2923 ac
1619 2884 1728 2938 prae
1797 2884 1855 2923 se
1912 2866 2092 2922 ferens
2116 2870 2469 2939 quamobrem
2520 2886 2549 2925 a
2582 2872 2696 2925 suis
2729 2870 3022 2938 superbum
3072 2870 3157 2924 sui
3206 2872 3519 2944 despectum
3562 2874 3697 2932 ulci-

446 2958 718 3011 scentibtts
749 2959 943 3012 merito
978 2960 1299 3027 proderetur
1328 2972 1423 3016 aut
1453 2960 2013 3027 descreretuncujus
2046 2964 2184 3015 tanti
2218 2962 2442 3030 perienli
2479 2963 2649 3017 aleam
2710 2974 2987 3031 utcunque
3047 2964 3252 3036 alioqui
3312 2969 3545 3024 callidus
3610 2972 3696 3025 itt-

440 3049 839 3104 cnnsnltissime
890 3059 999 3101 tum
1039 3050 1190 3116 jccit.
1242 3049 1386 3103 Raro
1421 3052 1563 3104 enim
1616 3052 1686 3117 (id
1721 3051 1864 3121 qunti
1898 3066 1997 3118 ego
2025 3049 2183 3119 longo
2217 3067 2319 3104 usu
2387 3052 2763 3121 animadverti)
2808 3053 3056 3109 homines
3110 3056 3339 3124 improbi
3398 3060 3691 3129 quidquam

441 3150 591 3193 recte
640 3140 928 3193 consulunt
970 3139 1286 3194 iaciuntve:
1325 3143 1463 3195 adeo
1505 3159 1692 3195 verum
1766 3152 1851 3195 est
1920 3141 2064 3210 quod
2101 3143 2376 3210 sapientes
2406 3143 2665 3207 sciscant,
2692 3143 2781 3198 ubi
2811 3143 2933 3211 quis
2963 3160 2993 3199 a
3043 3146 3422 3205 mediocritate
3471 3149 3695 3206 virtutis

437 3232 763 3295 excesserit,
800 3231 1070 3284 utrumvis
1106 3229 1159 3283 in
1186 3240 1490 3285 extremum
1541 3232 1772 3285 declinet
1822 3246 2008 3299 parum
2042 3231 2306 3285 interesse
2340 3248 2354 3296 ;
2389 3246 2600 3298 semper
2630 3233 2771 3285 ettittt
2803 3231 2960 3302 longo
3013 3232 3293 3290 intervallo
3344 3237 3412 3292 ab
3467 3240 3696 3295 honesto

429 3326 660 3381 dtstare.

504 3416 1017 3486 Μεταπεμψάμενος
1048 3416 1139 3471 οὖν
1173 3417 1263 3471 τὸν
1292 3416 1625 3489 Βαῖμοῦντον
1660 3418 1751 3469 τὸν
1781 3420 1989 3487 συνήθη

2171 3417 2434 3470 Ctelerttm
2477 3416 2771 3481 All'rIUsillS.
2808 3416 3069 3470 accersito
3116 3417 3310 3473 deinde
3364 3420 3689 3492 Baimttndn,

431 3510 549 3569 τοῖς
574 3506 827 3569 Λατίνοις
861 3508 957 3559 καὶ
991 3506 1051 3569 ἐξ
1084 3506 1251 3559 αὑτοῦ
1273 3508 1459 3577 ἐζήτει
1482 3509 1646 3576 ὅρκον
1678 3509 1812 3578 (69).
1844 3507 1905 3561 Ὀ
1930 3511 2008 3575 δὲ,

430 3604 502 3654 τὰ
541 3599 735 3652 ἑαυτοῦ
775 3600 1167 3667 ἐπιστάμενος,
1209 3600 1303 3652 καὶ
1333 3602 1415 3653 ὃτι
1443 3599 1566 3652 οὔτε
1610 3602 1674 3653 ἐκ
1731 3602 2016 3670 προγόνων

435 3692 758 3762 περιφανῶν
788 3692 1058 3759 ἐγεγόνει,
1085 3690 1210 3744 οὔτε
1233 3692 1539 3762 χρημάτων
1572 3693 1838 3762 εὐπορίαν
1878 3691 2013 3765 εἶχε,

433 3787 532 3841 καὶ⁸
569 3788 655 3839 διὰ
680 3787 837 3840 τοῦτο
859 3788 979 3840 οὐδὲ
1009 3788 1267 3855 δυνάμεις
1296 3787 1518 3852 πολλὰς,
1542 3789 1676 3843 ἀλλὰ
1706 3792 1943 3861 μετρίως
1968 3794 2013 3821 ⁷¹

436 3880 581 3930 πάνυ
615 3881 738 3940 τοὺς
767 3879 1166 3947 συνεπομένους
1220 3878 1368 3949 αύτῴ
1405 3880 1661 3945 Κελτοὺς,
1698 3882 1792 3934 καὶ
1840 3883 2015 3947 ἄλλως

433 3967 489 4018 δὲ
522 3967 680 4035 φύσει
712 3969 967 4038 ἐπίορκος
1006 3966 1100 4030 ὢν,
1136 3971 1281 4036 μάλα
1310 3969 1608 4039 προθύμως
1638 3970 1714 4039 τῷ
1734 3970 1827 4025 τοῦ
1858 3972 2018 4026 αύτο-

433 4060 702 4129 κρέιτορος
729 4060 916 4124 ὑπεῖξε
970 4059 1257 4129 θελήματι.
1305 4056 1638 4131 Κᾷθόὖτως
1675 4063 2011 4133 δίβασιλεὺς,

432 4150 655 4217 περὶτὰ
692 4149 947 4219 βασίλεια
978 4150 1225 4202 οἰκίσκον
1264 4152 1388 4201 τινὰ
1418 4152 1710 4219 ἀφορίσας,
1767 4155 1848 4214 είς
1879 4153 2007 4205 τού-

432 4239 597 4308 δαφος
631 4242 985 4310 κατέστρωσε
1046 4241 1317 4293 παντοίων
1370 4236 1511 4304 εἶδος
1565 4244 1868 4312 χρημάτων
1914 4246 2006 4298 καὶ

432 4334 674 4399 ἀμφίων,
708 4335 1067 4402 χαράγματός
1092 4334 1202 4403 (70)
1231 4351 1289 4385 τε
1327 4336 1555 4403 χρυσίου
1596 4338 1690 4388 καὶ
1736 4338 2004 4405 ἀργύρου,

2120 3516 2438 3562 consuetum
2466 3506 2675 3561 Latinis
2724 3507 3108 3576 jusjurandum
3139 3524 3193 3563 et
3228 3512 3295 3563 ab
3345 3513 3462 3582 ipso
3488 3521 3688 3588 exegit.

2117 3599 2227 3655 Nec
2251 3600 2515 3654 dubitavit
2541 3600 2631 3654 ille
2666 3611 2757 3653 aut
2787 3610 3077 3655 cunctatus
3110 3609 3191 3655 est
3222 3604 3301 3655 vel
3333 3607 3475 3673 quod
3508 3611 3689 3665 minus

2118 3711 2176 3748 se
2208 3710 2237 3748 a
2269 3692 2486 3762 proavis
2520 3692 2783 3755 nobilem,
2823 3693 3118 3762 minusque
3167 3708 3196 3745 a
3228 3691 3450 3750 fortuna
3495 3700 3692 3768 Opibus

2118 3787 2491 3853 comitatuque
2546 3784 2874 3838 instructum
2923 3785 3125 3850 sciens,
3180 3800 3398 3840 causam
3436 3802 3539 3841 non
3568 3806 3692 3844 csse

2119 3876 2275 3938 vidit,
2311 3890 2408 3927 cur
2436 3874 2579 3944 quod
2607 3872 2697 3927 alii
2737 3872 2872 3927 Galli
2912 3873 3187 3943 principes
3226 3875 3388 3930 rebus
3434 3880 3690 3933 omnibus

2121 3964 2531 4034 przestantiores
2566 3978 2673 4018 non
2721 3973 3129 4027 recusaverant,
3160 3964 3275 4035 ipse
3314 3967 3640 4024 detrectaret
3673 3988 3689 4026 :

2118 4055 2199 4110 vel
2223 4056 2366 4123 quod
2399 4057 2562 4110 homo
2597 4056 2666 4109 ad
2703 4056 2985 4126 religionis
3007 4067 3378 4124 contemptum
3403 4059 3689 4127 educatus,

2113 4156 2169 4202 et
2207 4148 2365 4216 longo
2398 4163 2499 4202 usu
2524 4147 2677 4216 quasi
2705 4148 2940 4216 quadam
2994 4154 3193 4201 natura
3229 4148 3500 4217 perjurus,
3554 4153 3691 4207 ridi-

2116 4239 2293 4291 culum
2349 4246 2569 4306 putaret
2622 4237 2676 4290 in
2729 4236 3040 4303 juramento
3095 4239 3470 4308 tergiversari.
3532 4245 3690 4311 cujus

2109 4332 2225 4399 ipse
2263 4344 2467 4398 susque
2498 4329 2673 4399 deque
2724 4329 2906 4384 habita
2985 4332 3284 4385 reverentia
3332 4333 3689 4390 nihilominus

433 4420 529 4472 καὶ
571 4424 668 4490 τῆς
702 4422 998 4492 κατωτέρω
1034 4422 1189 4491 ὕλης,
1217 4426 1473 4478 τοσοῦτον
1504 4427 1803 4495 πληρώσας
1834 4430 1893 4479 τὸ
1927 4428 2008 4479 οῖ-

2115 4437 2288 4479 rcrtus
2324 4434 2490 4489 esset,
2547 4440 2611 4479 eo
2655 4439 2762 4493 quo
2809 4438 2932 4493 spes
2986 4433 3041 4479 et
3086 4440 3217 4478 usus
3276 4437 3498 4482 voearet
3544 4442 3690 4486 recta

433 4526 610 4577 κημα,
648 4509 721 4571 ὡς
759 4510 893 4580 μηδὲ
951 4509 1192 4579 βαδίζειν
1229 4511 1494 4564 δύνασθαί
1547 4530 1669 4566 τινα
1704 4512 1780 4581 τῷ
1811 4512 2007 4580 πλήθει

2115 4519 2351 4572 tendere.
2386 4516 2455 4570 At
2487 4517 2533 4570 ei
2565 4525 2854 4587 postquam
2877 4519 2949 4569 ita
2981 4522 3230 4585 prompte
3260 4532 3325 4570 ac
3353 4519 3687 4586 perlibenter

428 4601 637 4653 τούτων
671 4603 1157 4672 συμποδιζόμενον.
1203 4604 1294 4672 Τῷ
1333 4603 1389 4655 δὲ
1430 4604 1681 4672 μέλλοντι
1731 4603 2008 4667 ύποδεῐξκι

2115 4611 2470 4680 ittratnentum
2501 4610 2772 4678 praestitit,
2808 4623 2945 4663 nova
2985 4608 3376 4663 benevolentite
3426 4626 3539 4665 sua:
3592 4614 3677 4681 pi-

428 4691 605 4744 ταῦτα
634 4693 709 4761 τῷ
737 4694 1057 4764 Βαῖμούντῳ
1097 4697 1396 4747 ἐπέταττεν
1437 4694 1636 4766 ἁθρόον
1694 4697 1793 4758 τὰς
1830 4696 2003 4759 πύλας

2115 4717 2278 4770 gnora
2311 4701 2501 4767 injecit
2536 4700 2853 4768 imperator.
2883 4697 3108 4753 Curavit
3138 4700 3396 4755 nimirum
3428 4703 3690 4759 conclave

427 4786 793 4841 ἀναπετάσαι.
847 4788 904 4839 '0
952 4786 1009 4839 ὁὶ
1034 4787 1129 4840 ἐπὶ
1168 4791 1230 4858 τῇ
1277 4788 1484 4840 τούτων
1557 4789 1655 4859 θέᾳ
1700 4789 2005 4856 ἐκπλαγείς

426 4891 596 4945 φησιν
616 4891 633 4906 ⁶
657 4877 719 4928 El
748 4878 985 4930 τοσαῦτά
1013 4896 1105 4947 μοι
1145 4880 1356 4947 προσῆν
1381 4881 1666 4951 χρήματα,
1694 4880 1906 4933 πολλῶν
1937 4881 2003 4933 ἂν

424 4964 625 5034 χωρῶν
684 4965 877 5038 κύριος
934 4968 1103 5021 πάλαι
1150 4971 1430 5039 ἐγεγόνειν
1496 4970 1682 5033 αὑτός.
1748 4972 1858 5025 Καὶ
1902 4973 2003 5034 ὅς’

2117 4793 2390 4864 quoddam
2416 4790 2645 4860 Augusti
2678 4788 2859 4859 palatii
2890 4788 3203 4844 divitiarum
3246 4791 3428 4847 omnis
3472 4794 3686 4862 generis

2114 4882 2463 4953 congestione
2516 4881 2588 4935 ita
2652 4879 2937 4950 compleri,
2983 4888 3038 4934 ut
3093 4880 3463 4951 pavimentum
3507 4884 3685 4954 ipsum

2116 4973 2356 5029 nummis
2387 4972 2587 5041 passim
2614 4971 3017 5041 monilibusque
3036 4985 3100 5027 ac
3123 4973 3357 5029 attalicis
3384 4977 3688 5033 conchilia-

1506 5084 1706 5145 Variae
1736 5084 2046 5148 lectiones
2076 5103 2151 5149 ex
2180 5084 2323 5147 cod.
2360 5081 2615 5144 Coislin.

498 5180 545 5211 ⁸⁷
566 5182 840 5252 ἐμφήνας.
934 5183 979 5215 ⁸⁸
1003 5185 1113 5239 ἐπ’.
1191 5186 1235 5218 ⁶⁹
1270 5185 1339 5239 τὰ
1361 5185 1490 5255 ὄψα.
1568 5186 1611 5217 ⁷*
1647 5185 1940 5257 ἐξιρτύσῃ.

2018 5187 2060 5219 τί
2099 5186 2169 5241 τὰ
2201 5186 2320 5242 τοῦ.
2392 5184 2437 5216 τ’
2474 5184 2752 5255 μετρίους.

1502 5307 1641 5369 Car.
1674 5304 2002 5369 Dufresnii
2037 5308 2136 5368 Du
2170 5303 2392 5384 Cangii
2434 5312 2621 5367 notae.

499 5432 610 5500 (68)
639 5431 702 5485 Ὀ
728 5430 841 5499 γὰρ
866 5428 1086 5495 δεινός.
1108 5428 1446 5483 Boemundus
1470 5429 1613 5483 nullo
1641 5432 1794 5483 modo
1816 5430 1998 5484 Alexio

426 5504 589 5571 ﬁdere
626 5513 869 5572 poterat,
910 5500 1086 5572 inquit
1131 5501 1339 5572 Athert.
1389 5500 1492 5572 Aq.
1529 5501 1618 5572 lib.
1654 5514 1713 5565 ιι,
1748 5516 1869 5569 cap.
1910 5501 1977 5555 18

500 5569 636 5641 (ενι
658 5570 877 5639 Ἐζήτει
907 5570 1114 5641 ὅρκον,
1137 5570 1388 5641 Allienus
1418 5570 1519 5641 Aq.
1553 5569 1645 5623 lib.
1669 5585 1730 5632 tt,
1765 5586 1886 5641 cap.
1908 5572 1993 5635 i8;

427 5638 681 5697 F-ulcltcr.
714 5638 803 5695 Ιώ.
849 5658 899 5702 ι,
934 5656 1053 5709 cap.
1088 5640 1154 5705 ις
1186 5638 1455 5696 [{obertus
1490 5640 1738 5696 Monach.
1792 5638 1886 5696 lib.
1932 5657 1992 5706 tt,

430 5731 550 5784 pag.
578 5713 647 5767 58
668 5754 683 5778 ,
716 5711 931 5781 Tyrius,
963 5724 1015 5765 et
1051 5711 1164 5764 alii.

751 5811 1028 5870 PATROL.
1071 5809 1189 5868 Gn.
1236 5810 1508 5873 CXXXI.

2174 5428 2751 5509 (703thlpdrjtaroq.
2985 5428 3243 5509 Albertus
3304 5429 3435 5509 Λα..
3468 5427 3589 5509 lib._
3617 5444 3680 5509 tt.

2101 5497 2225 5567 cap.
2266 5497 2371 5553 18:
2412 5498 2707 5566 Statimque
2764 5497 2938 5553 αῐιᾶιᾶ
2988 5508 3111 5552 sunt
3164 5497 3468 5551 Boemundo
3494 5536 3508 5561 ,
3543 5500 3681 5551 sicut

2104 5570 2411 5641 Godefritlo,
2450 5585 2667 5621 munera
2699 5568 2819 5622 miri
2854 5578 2903 5623 et
2933 5569 3165 5641 inauditi
3198 5568 3430 5626 thesauri
3459 5567 3680 5641 ἔπαυε-ο

2103 5650 2155 5694 et
2197 5638 2451 5708 argento;
2496 5654 2619 5693 tmsa
2667 5655 2869 5708 quoque
2916 5640 3144 5703 pretiosa
3191 5652 3341 5708 opere
3386 5643 3437 5689 et
3494 5638 3680 5690 decore

2104 5707 2273 5763 multa
2301 5711 2585 5773 ampliora,
2618 5707 2779 5779 quam
2805 5718 2861 5762 ut
2887 5708 2952 5761 ab
2983 5708 3161 5768 aliqua
3202 5707 3363 5776 possit
3402 5709 3676 5761 testimari.

3214 5799 3291 5863 25
