4088 6412
478 475 586 537 755

1710 480 2127 541 ALEXIADIS
2161 480 2308 541 LIB.
2353 482 2460 540 XI.

3609 482 3723 543 786

552 592 615 643 ’0
648 606 830 661 μεντοι
865 592 1223 665 αυτοκρέιτωρ
1266 593 1425 664 ἤθελε
1463 594 1563 664 μὲν
1595 598 1734 665 μετὰ
1765 595 1873 648 τῶν
1900 596 2040 650 Κελ-
2072 637 2080 652 κ

2218 595 2387 649 Porro
2419 596 2707 664 imperator
2746 595 3036 666 aliquando
3061 596 3304 652 voluerat
3333 597 3631 651 admiscere
3664 614 3729 651 se

464 684 575 738 τῶν
605 686 747 738 κατὰ
778 685 888 738 τῶν
918 687 1226 756 Βαρϐάρων
1254 689 1497 755 ἀπιέναι,
1524 689 1717 743 ἐδεδίει
1756 690 1812 742 δὲ
1849 690 1961 761 (75)
1981 691 2044 742 τὸ

467 775 650 829 αὐτῶν
682 776 1060 847 ἀναρίθμητον
1090 778 1295 847 πλῆθος
1321 795 1336 813 ο
1368 781 1477 833 δεῖν
1514 780 1607 833 οὖν
1648 780 1929 849 ἐλογίσατο
1955 781 2044 833 τὸν

467 869 777 922 Πελεκάνον
819 870 1175 935 καταλαϐεῖν,
1204 871 1272 923 ἵν’
1312 872 1544 940 ἐγγύθεν
1583 873 1818 935 Νικαίας
1867 872 2044 925 ἐνδια-

463 961 670 1030 τρίϐων
731 962 979 1033 μανθάνῃ
1009 965 1111 1034 μὲν
1128 965 1197 1018 τὰ
1231 969 1343 1029 τοῖς
1378 967 1610 1029 Κελτοῖς
1642 966 2042 1035 συμϐαίνοντα,

462 1052 582 1121 ἅμα
615 1052 670 1105 δὲ
698 1056 794 1105 καὶ
823 1055 925 1118 τὰς
969 1056 1081 1109 τῶν
1138 1056 1405 1128 Τούρκων
1451 1058 1656 1124 ἔξωθεν
1689 1059 1916 1127 ὶφόδους
1949 1060 2046 1112 καὶ

463 1144 567 1213 τὴν
593 1144 708 1197 τῶν
736 1148 884 1211 ἐντὸς
920 1149 1161 1214 Νικαίας
1209 1153 1568 1207 κατάστασιν.
1624 1154 1714 1205 Ἐν
1740 1153 1903 1223 δεινῷ
1935 1153 2046 1224 γὰρ

461 1236 705 1288 ἐποιεῖτο
730 1238 778 1289 εί
805 1237 879 1305 μή
909 1256 961 1293 τι
996 1243 1365 1309 στρατηγικὸν
1400 1244 1458 1295 ὲν
1479 1243 1558 1314 τῷ
1590 1241 1796 1312 μεταξὺ
1826 1242 1922 1294 καὶ
1949 1242 2050 1295 αὐ-

462 1326 553 1388 τὸς
586 1328 935 1402 κατορθώσῃ,
959 1332 1051 1384 καὶ
1075 1333 1417 1388 διεσκοπεῖτο
1432 1335 1480 1367 ⁷³
1510 1337 1620 1397 ἵνα,
1646 1335 1741 1389 ἐὰν
1762 1336 2047 1404 ἐπιτήδεια

460 1422 532 1473 τὶ
559 1422 862 1492 πράγματα
892 1426 1139 1495 εὑρήσει,
1172 1427 1332 1490 αὐτὸς
1364 1427 1462 1499 τὴν
1495 1427 1732 1481 Νίκαιαν
1764 1428 1928 1499 ἀνέλῃ
1953 1429 2046 1479 καὶ

464 1514 545 1582 μὴ
577 1514 864 1583 παρὰτῶν
896 1518 1123 1571 Κελτῶν
1154 1519 1328 1590 αὐτὴν
1381 1520 1537 1592 σχοίη
1590 1522 1731 1574 κατὰ
1786 1521 1853 1574 τὰ
1912 1519 2045 1589 παρ’

460 1605 690 1659 ἐκείνων
710 1607 1085 1679 ὀμωμοσμένα
1111 1612 1182 1665 ⁷⁸.
1218 1608 1345 1683 Εἶχε
1375 1612 1431 1665 δὲ
1457 1614 1556 1683 τὴν
1590 1613 1785 1683 βουλὴν
1830 1613 2042 1683 ταύτην

461 1695 824 1766 ὀτοόρὺχιον,
863 1702 957 1753 καὶ
985 1705 1096 1754 πᾶν
1123 1704 1262 1775 ὅπερ
1292 1704 1358 1757 ἂν
1389 1704 1663 1774 ᾠκονόμει
1698 1709 1791 1757 καὶ
1830 1705 1929 1776 τὴν
1961 1708 2047 1758 ai-

459 1786 588 1841 τίαν
630 1789 699 1842 δι’
747 1790 813 1860 ἢν
865 1793 1101 1859 γίνεται,
1153 1796 1320 1860 αὐτὸς
1378 1799 1471 1851 καὶ
1540 1800 1697 1868 μόνος
1752 1800 2045 1867 ἠπίστατο,

2147 688 2316 743 Gallis
2354 702 2567 757 unaque
2612 702 2735 743 cum
2784 689 2851 743 iis
2910 698 3097 743 contra
3169 689 3436 743 Barbaros
3502 690 3721 743 vadere.

2150 781 2351 837 Deinde
2389 783 2829 847 tamen,veritus
2861 780 3490 853 306innumerabilen'.
3538 782 3724 836 multi-

2152 874 2395 928 tudinem
2421 872 2750 928 Gallicorum
2783 875 3148 941 exercituum,
3182 874 3542 944 opportunius
3575 876 3721 929 factu

2142 964 2405 1034 judicavit
2438 964 2706 1035 proficisci
2756 964 3079 1020 Pclecanum
3132 967 3315 1035 ibique
3357 966 3584 1033 hmrere,
3632 966 3725 1021 ubi

2147 1060 2218 1112 ob
2246 1058 2499 1113 viciniam
2528 1057 2721 1113 Nicaea:
2767 1057 2926 1114 facile
2973 1059 3176 1113 rescire
3204 1076 3267 1113 ac
3300 1069 3514 1114 mature
3543 1069 3727 1128 posset

2147 1149 2277 1218 quid
2312 1149 2586 1204 accideret
2614 1149 2802 1214 Gallis,
2835 1149 2962 1219 quid
3003 1149 3163 1204 Turci
3202 1150 3295 1220 qui
3333 1161 3489 1205 extra
3524 1151 3725 1219 quique

2149 1242 2291 1296 intra
2322 1239 2557 1295 Nicaeam
2605 1249 2789 1295 essent
2835 1254 3015 1295 rerum
3057 1252 3308 1311 gererent
3370 1250 3719 1309 pararentve.

2148 1335 2266 1389 Non
2296 1334 2440 1389 enim
2476 1349 2574 1389 sua
2608 1334 2830 1403 dignum
2880 1333 3023 1388 fama
3062 1334 3196 1388 satis
3226 1344 3316 1387 aut
3350 1342 3525 1388 tutum
3568 1344 3726 1402 puta-

2148 1426 2261 1490 hat,
2303 1433 2452 1479 tanto
2502 1425 2991 1493 circumstrepente
3028 1424 3191 1487 bello,
3245 1424 3489 1478 desidere
3547 1423 3724 1491 ipsum

2147 1518 2292 1572 domi
2321 1532 2596 1582 securum,
2626 1532 2691 1571 ac
2726 1532 2831 1570 non
2865 1516 3083 1585 prodire
3115 1515 3168 1569 in
3201 1530 3448 1583 campum
3475 1514 3725 1567 immine-

2150 1624 2314 1678 reque
2346 1610 2398 1662 in
2427 1607 2744 1662 occasiones
2774 1621 2893 1675 qua:
2939 1620 2999 1661 se
3047 1607 3260 1667 darent,
3294 1607 3339 1660 si
3392 1605 3525 1658 nihil
3578 1603 3723 1658 aliud

2148 1700 2340 1755 Nicaeae
2372 1700 2472 1754 sibi
2503 1715 2533 1753 a
2566 1698 2820 1753 Barbarie
2852 1698 2984 1766 ipsis
3013 1697 3340 1760 obtinendae,
3370 1697 3435 1749 ab
3469 1696 3553 1750 his
3581 1696 3727 1750 enim

2151 1796 2382 1849 malebat
2434 1810 2553 1849 eam
2586 1796 2776 1849 urbem
2818 1793 2921 1848 sibi
2972 1793 3109 1847 tradi
3143 1807 3304 1861 quam
3336 1807 3363 1844 a
3407 1790 3601 1856 Gallis,
3634 1790 3725 1859 qui

464 1880 618 1951 μόνῳ
650 1883 728 1952 τῷ
764 1883 1107 1959 Βουτουμίτῃ
1138 1889 1184 1920 ⁸⁸
1211 1888 1371 1943 τοῦτο
1412 1891 1894 1959 ὲμπεπιστενκὼς.
1934 1894 2043 1945 Καὶ
2075 1932 2080 1942 .

2148 1886 2299 1954 juxta
2335 1894 2491 1954 pacta
2524 1894 2790 1939 conventa
2822 1884 3034 1937 firmata
3077 1881 3414 1951 juramento,
3466 1882 3726 1936 reddituri

461 1971 657 2024 τοῦτον
696 1974 1030 2037 ἀποστείλας
1070 1980 1157 2045 ἐφ’
1202 1974 1245 2046 ᾧ
1286 1982 1676 2036 ὑποποιεῖσθαι
1723 1985 1849 2046 τοὺς
1894 1985 2046 2048 ἐντὸς

458 2063 703 2128 Νικαίας
724 2065 1053 2136 Βαρϐάρους
1090 2070 1180 2124 διὰ
1226 2073 1503 2125 παντοίων
1557 2075 1909 2143 ὑποσχέσεων
1952 2077 2046 2129 καὶ

460 2154 733 2219 ἀπαθείας
765 2158 1003 2224 τελείου,
1059 2163 1117 2214 ἐν
1173 2163 1334 2234 μέρει
1393 2164 1448 2218 δὲ
1502 2167 1597 2219 καὶ
1643 2167 2043 2236 ἀπειλούμενος

458 2244 597 2297 τόσα
628 2248 722 2299 καὶ
768 2250 904 2302 τόσα
948 2253 1236 2307 πείσεσθαι
1281 2254 1375 2309 καὶ
1430 2256 1813 2326 παρανάλωμα
1850 2258 2040 2325 ξίφους

460 2337 742 2403 γενέσθαι,
769 2342 819 2393 εί
846 2343 1001 2413 παρὰ
1050 2345 1160 2397 τῶν
1208 2346 1431 2400 Κελτῶν
1476 2348 1651 2420 ἁλῷεν
1680 2366 1691 2378 ’
1742 2350 1838 2403 καὶ
1871 2350 2041 2403 πάλαι

456 2429 555 2481 τὸν
581 2431 948 2506 Βουτουμίτην
981 2435 1265 2504 γινώσκων
1288 2441 1643 2493 εὐνούστατον
1679 2444 1770 2495 καὶ
1809 2443 1941 2513 περὶ
1972 2444 2041 2497 τὰ

458 2520 688 2575 τοιαῦτα
710 2522 1060 2596 δραστήριον.
1096 2530 1282 2583 Ταῦτα
1319 2534 1419 2602 μὲν
1449 2526 1543 2586 οὖν
1576 2533 1820 2603 ὲξαρχῆς
1849 2534 2039 2587 τοῦτον

460 2615 949 2689 παρηκολουθήκει
976 2620 1067 2674 τὸν
1094 2640 1122 2674 τ
1132 2624 1323 2691 primu.-

2150 1994 2265 2033 eani
2300 1976 2615 2045 imperatori
2647 1982 2804 2030 erant
2835 1974 2921 2029 ubi
2949 1975 3312 2044 subegissem.
3342 1974 3544 2027 Verum
3580 1974 3723 2027 ist-id

2149 2070 2435 2127 consilium
2502 2070 2779 2138 Augustus
2836 2066 3070 2120 habebat
3125 2066 3177 2120 in
3223 2080 3446 2129 arcano,
3508 2064 3727 2118 nemine

2146 2163 2389 2219 omnium
2421 2173 2621 2231 praeter
2654 2176 2820 2215 unum
2872 2160 3183 2214 Butumiten
3238 2159 3321 2214 vel
3375 2174 3564 2213 eorum
3604 2174 3727 2227 quae

2150 2257 2329 2312 facere
2376 2258 2696 2310 decerneret
2750 2254 2833 2309 vel
2890 2269 3181 2309 causarum
3235 2255 3304 2307 ob
3350 2269 3485 2323 quas
3522 2252 3730 2307 faceret

2149 2348 2393 2406 conscio.
2445 2347 2598 2401 Hunc
2635 2346 2946 2400 Butumlte’n
2987 2360 3055 2398 ex
3116 2354 3356 2413 tempore
3414 2341 3728 2411 longissimo

2152 2442 2408 2513 praeclare
2448 2443 2743 2507 imperator
2772 2446 2995 2492 noverat
3028 2446 3140 2491 tum
3177 2436 3278 2491 sibi
3316 2436 3636 2491 fidissimum
3673 2447 3731 2491 ct

2152 2530 2721 2587 benemlcntissimum
2754 2529 3049 2592 hominem,
3099 2536 3212 2582 tum
3268 2544 3396 2583 vero
3437 2528 3489 2581 in
3532 2527 3726 2597 primis

2146 2638 2428 2681 strenuum
2471 2633 2633 2693 atque
2661 2622 2990 2677 industrium
3020 2622 3451 2693 negotiationum
3482 2623 3600 2690 ejus
3631 2636 3727 2688 ge—

460 2706 616 2758 neris
653 2708 983 2764 ministrum.
1021 2713 1080 2767 Ei
1104 2728 1234 2785 ergo
1262 2718 1610 2775 demandavit
1656 2736 1843 2776 curam
1904 2721 2335 2776 delinienilorum
2391 2717 2482 2787 qui
2550 2715 2784 2769 Nicaeam
2832 2715 3148 2770 oblinebant
3213 2714 3571 2768 Barbarorum
3618 2728 3726 2783 qua

459 2802 915 2869 promissionibus
948 2818 1059 2863 tum
1094 2825 1275 2866 rerum
1311 2814 1537 2868 aliarum
1590 2826 1699 2871 tum
1734 2830 1896 2873 certa!
1945 2817 2286 2887 impunitatis
2319 2830 2380 2869 ac
2416 2815 2729 2869 securitatis
2762 2820 2890 2866 tutae
2934 2826 3036 2880 qua
3098 2810 3261 2864 minis
3329 2818 3452 2877 apte
3484 2801 3727 2862 'intt-xtis

459 2891 852 2963 intentatisque
895 2912 959 2951 ac
983 2911 1104 2954 arte
1145 2904 1493 2974 exaggeratis
1527 2907 1789 2961 malorum
1846 2910 2164 2963 immanium
2197 2915 2251 2961 et
2322 2904 2796 2960 innumerabilium
2856 2918 2975 2971 qua:
3037 2902 3082 2957 si
3148 2911 3527 2972 exspectarent
3595 2900 3724 2954 dum

469 2981 594 3036 urbs
632 2998 660 3036 a
704 2985 869 3044 Gallis
909 3001 1215 3063 caperetur,
1284 2996 1517 3052 subituri
1581 3000 1787 3068 absque
1854 3002 2027 3065 tubio,
2066 2999 2277 3069 passuri
2320 2998 2447 3053 siue
2483 2997 2750 3065 remedio,
2789 2996 2909 3051 sine
2951 2994 3147 3052 solatio
3186 2994 3383 3050 forent.
3451 2990 3577 3048 llaec
3648 2993 3727 3046 uti

465 3084 629 3131 erant
656 3077 727 3133 ab
760 3080 914 3138 initio
939 3089 1173 3154 provisa,
1209 3090 1370 3144 tinem
1400 3106 1466 3144 ex
1509 3102 1636 3146 voto
1687 3092 2029 3161 imperatoris
2072 3093 2331 3149 habuere.

1535 3230 1735 3292 Varia;
1766 3232 2072 3296 lectiones
2103 3251 2180 3299 ex
2204 3252 2349 3297 coo.
2381 3234 2643 3297 Coislin.

532 3344 580 3375 "
611 3344 952 3402 διεσκοπεῖτο
980 3350 1134 3418 γοῦν.
1209 3354 1255 3387 ⁷⁹
1287 3354 1649 3425 ὀμωμομένα.
1728 3356 1778 3388 ⁸⁸
1810 3356 2145 3431 Βουτομίτῃ.

1530 3489 1672 3552 Car.
1712 3490 2039 3552 Dufresnii
2080 3492 2173 3552 Du
2209 3489 2434 3567 Cangii
2471 3496 2662 3551 notae.

538 3610 652 3682 (75)
698 3612 944 3669 Ἐδεδίει
966 3615 1053 3670 δέ.
1090 3614 1425 3671 Sollicitatus
1455 3630 1484 3669 a
1505 3614 1807 3672 Raimundo
1832 3627 1888 3673 et
1912 3618 2036 3675 aliis

459 3682 755 3753 comitibus
779 3684 1093 3753 imperator,
1122 3695 1179 3739 ut
1204 3700 1307 3739 una
1335 3700 1456 3739 cum
1489 3684 1713 3742 Francis
1743 3688 1794 3741 in
1825 3703 2031 3742 sacram

460 3752 865 3822 expeditionem
890 3755 1342 3820 proficisceretur,
1388 3755 1530 3810 sicut
1555 3768 1904 3822 convenerat,
1934 3759 2035 3811 hac

460 3836 528 3873 se
556 3821 693 3876 texit
716 3825 1062 3880 excusatione
1089 3841 1104 3878 :
1140 3823 1211 3881 Se
1252 3825 1502 3879 nimirum
1533 3821 2032 3896 prwmetuereAle-

2143 3632 2364 3670 mannos
2403 3623 2455 3669 et
2488 3615 2767 3685 Hungaros
2793 3657 2806 3681 ,
2857 3624 2905 3671 et
2945 3616 3241 3685 Comanos,
3288 3613 3527 3683 aliasque
3562 3611 3723 3685 fera!

2142 3698 2338 3756 gentes,
2367 3701 2483 3755 qua:
2515 3681 2789 3755 imperium
2828 3702 2979 3739 suum
3011 3681 3461 3756 depopularentur
3484 3722 3498 3747 ,
3529 3681 3573 3756 si
3601 3683 3731 3756 ipse.

2147 3752 2431 3825 iransitu’m
2471 3752 2595 3808 cuni
2626 3757 2911 3825 peregrinis
2946 3752 3163 3824 faceret.
3194 3757 3385 3825 Raym.
3422 3753 3489 3808 de
3521 3752 3720 3821 Agilcs.

2144 3824 2365 3880 llobert.
2396 3825 2560 3891 Mon.,
2592 3827 2686 3881 lib.
2719 3824 2811 3881 n.'

469 4054 3708 4101 Μ

1072 4225 1634 4361 ΑΝΝΗΣ
1712 4234 2055 4363 ΤΗΣ
2128 4229 3091 4362 ΚΟΜΝΗΝΗΣ

1419 4462 2050 4559 ΑΛΕΞΙΑΔΟΣ
2126 4467 2490 4555 ΛΟΓΟΣ
2567 4466 2718 4554 ΙΑ’.

1289 4833 1821 4959 ANN/E
1973 4833 2887 4960 ΕΟΜΝΕΝλίΕ

1361 5087 2065 5223 _ALEX1ADIS
2137 5086 2494 5174 LIBER
2547 5088 2724 5175 x1.

2059 5309 2123 5319 ...-

1695 5448 1858 5519 307
1887 5442 2473 5503 ARGUMENTUM.

542 5588 708 5648 Galli
739 5584 974 5672 multis
1006 5602 1070 5672 et
1116 5588 1487 5672 tngentibus
1526 5585 1766 5665 prailiis
1813 5586 2394 5672 T_urcos__vincu_nt,_
2447 5603 2519 5648 ac
2560 5602 2661 5648 res
2699 5603 2923 5672 eorum
2968 5587 3157 5672 plane
3197 5582 3560 5672 proﬂigant.
3602 5584 3710 5672 Pii:

459 5683 683 5737 omam,
720 5664 1150 5743 Antiochiam,
1194 5662 1731 5743 Hierosolymam,
1776 5666 1972 5727 urbes
2024 5665 2181 5727 alias
2230 5665 2562 5740 plurimas,
2608 5666 2838 5743 partim
2880 5662 3274 5741 imperatori,
3311 5662 3535 5739 partim
3585 5662 3741 5743 sibi-

462 5744 851 5823 subjiciunt.
884 5741 1344 5823 Gotthofredus
1391 5741 1651 5822 eligitur
1687 5746 1765 5807 ab
1800 5744 1879 5805 iis
1920 5743 2522 5823 Hierosolymorum
2571 5741 2715 5812 rex;
2752 5744 3042 5806 succedit
3091 5743 3210 5823 ipsi
3250 5747 3525 5823 mortuo,
3568 5742 3709 5823 ejus

455 5816 658 5903 frater
688 5822 1067 5903 Balduinus.
1103 5824 1453 5903 imperator
1482 5816 1589 5883 res
1614 5839 1933 5903 prospere
1962 5830 2127 5884 terra
2168 5816 2458 5903 marique
2505 5831 2720 5885 contra
2761 5826 3001 5884 'l‘urcos
3044 5816 3223 5898 gerit.
3251 5816 3461 5880 Gallos
3503 5816 3719 5881 cautis

469 5902 751 5980 primum
790 5900 1056 5974 artibus,
1094 5900 1325 5963 deinde
1362 5912 1580 5979 aperto
1610 5901 1776 5963 bello
1808 5902 2086 5964 infestat.

1124 6170 1155 6197 Ι
